3884 6214
1599 262 1930 274 -α-σ--σ-ο

584 464 707 552 ΙΝ
812 464 1269 555 LIBRUM
1372 465 1522 554 DE
1625 464 2431 558 VIBGINITATE
2541 460 3158 553 MONITUM.

287 868 440 922 llunc
469 864 725 920 eximium
767 861 832 915 de
866 861 1178 930 \‘irginitate
1217 862 1410 916 librum
1454 864 1804 920 Antiochiar'a

219 959 603 1028 Chrysostomo
630 952 832 1006 editum
878 950 1073 1016 fuisse,
1114 953 1227 1020 ipse
1271 953 1585 1007 testificatur
1617 954 1668 1007 in
1703 954 1807 1006 fine

219 1048 462 1102 Homilia:
488 1045 554 1100 19
578 1046 629 1097 in
662 1043 954 1112 Epistulam
985 1043 1008 1096 1
1045 1043 1111 1096 ad
1140 1041 1446 1097 Corinthios
1478 1044 1560 1098 his
1587 1045 1802 1098 verbis:

220 1139 281 1192 Si
299 1147 474 1190 autem
501 1133 835 1204 praeteriimus
866 1148 923 1186 ea
959 1148 1072 1201 qua:
1099 1133 1314 1186 dicenda
1349 1144 1511 1187 essent
1539 1135 1602 1188 de
1635 1133 1806 1204 Virgi-

221 1230 401 1293 nitate,
435 1242 578 1280 nemo
606 1241 697 1278 nos
722 1224 1038 1294 negligentiae
1063 1223 1300 1289 damnet,-
1328 1225 1516 1294 integer
1534 1225 1665 1279 enim
1683 1225 1808 1278 liber

222 1319 277 1372 in
317 1320 450 1371 hunc
479 1315 649 1370 locum
676 1332 708 1368 a
737 1314 881 1368 nobis
909 1325 980 1368 est
1009 1316 1170 1368 editus
1193 1331 1212 1370 :
1233 1326 1279 1369 et
1307 1332 1422 1368 cum
1459 1333 1608 1385 quam
1637 1317 1806 1386 potui-

218 1426 332 1461 mus
351 1405 728 1460 accuratissime
751 1413 795 1458 et
815 1405 1196 1475 diligentissime
1211 1406 1379 1459 omnia
1400 1405 1505 1459 illic
1526 1407 1808 1476 persequuti

222 1502 399 1566 simus,
427 1512 850 1566 supervacaneum
880 1512 985 1550 esse
1010 1496 1247 1550 duximus
1273 1513 1332 1550 ea
1354 1514 1528 1551 rursus
1549 1497 1628 1550 hic
1649 1514 1804 1562 expo-

221 1608 360 1646 nere.
391 1591 588 1645 Locum
621 1603 782 1659 porro
810 1589 978 1653 illum,
1009 1603 1166 1657 quem
1201 1588 1425 1641 "Oll‘lilia
1459 1588 1522 1644 19
1555 1590 1606 1641 in
1639 1589 1803 1657 Epist.

227 1685 250 1736 1
286 1682 351 1737 ad
373 1680 679 1736 Corinthios
698 1680 750 1733 in
774 1689 1142 1748 argumentum
1168 1680 1264 1732 sibi
1289 1681 1552 1748 proponit,
1572 1681 1804 1734 scilicet:

228 1774 428 1828 Bonum
457 1782 528 1826 est
557 1771 746 1824 homini
777 1770 1034 1822 mulierem
1061 1785 1161 1821 non
1193 1779 1428 1839 tangere,
1460 1779 1586 1831 etc.,
1627 1770 1678 1822 in
1711 1770 1810 1824 hoc

227 1867 296 1920 de
323 1864 638 1932 Virginitate
684 1861 819 1915 libro
857 1867 1110 1929 perpetuo
1142 1869 1318 1913 versat
1359 1870 1413 1913 et
1451 1860 1692 1924 discutit;
1739 1859 1809 1912 ita

229 1966 288 2009 ut
318 1952 539 2024 perinde
569 1960 774 2006 certum
812 1951 880 2003 sit
913 1953 1053 2002 hunc
1079 1948 1148 2002 de
1172 1948 1490 2017 Virginitate
1527 1949 1716 2000 librum
1751 1946 1809 2000 in

233 2045 463 2099 Horruilia
503 2043 590 2095 illa
637 2039 1079 2103 commemorari,
1111 2047 1167 2091 ut
1192 2050 1395 2093 certum
1425 2048 1506 2092 est
1535 2038 1648 2106 ipso
1678 2046 1811 2092 teste

227 2136 616 2205 Cbrysostomo
645 2132 897 2185 llomilias
931 2131 986 2184 in
1028 2130 1318 2199 Epistulam
1351 2130 1374 2183 1
1410 2129 1476 2183 ad
1503 2129 1809 2184 Corinthius

232 2226 530 2282 Antiochia:
555 2224 763 2278 habitas
789 2223 972 2277 fuisse.
992 2221 1290 2276 Antiochia:
1316 2222 1492 2290 igitur,
1519 2221 1602 2275 vel
1624 2221 1813 2274 fortas-

232 2318 308 2371 sis
335 2317 388 2369 in
413 2315 701 2370 solitudine
726 2313 810 2367 isti
840 2313 954 2367 urbi
982 2312 1152 2366 vicina
1185 2311 1378 2366 librum
1414 2311 1480 2366 de
1499 2310 1812 2381 Virginitate

233 2407 412 2460 emisit
435 2405 846 2475 Chrysostomus
873 2419 887 2456 :
912 2412 1087 2456 utrum
1116 2403 1256 2456 enim
1285 2417 1407 2455 cum
1433 2401 1709 2471 presbyter
1728 2415 1811 2454 es-

237 2507 348 2560 set,
378 2511 444 2548 an
475 2510 595 2547 cum
626 2493 882 2547 diaconus
906 2533 920 2558 ,
949 2506 1015 2545 an
1047 2506 1173 2545 vero
1201 2500 1355 2545 antea
1398 2506 1518 2544 cum
1547 2491 1598 2543 in
1627 2491 1814 2544 solitu-

236 2588 356 2641 dine
387 2587 644 2655 degeret,
677 2600 780 2638 non
812 2585 881 2637 ita
910 2583 1255 2652 conspicuum
1281 2623 1296 2650 ,
1327 2593 1385 2636 ut
1413 2583 1542 2636 infra
1585 2583 1809 2636 dicetur.

302 2689 498 2743 Verum
527 2686 899 2741 Tillemonlius
929 2693 1129 2740 tantam
1168 2685 1290 2740 huic
1327 2687 1645 2741 cnervanda:
1688 2701 1810 2741 sen-

230 2779 412 2834 tentia:
438 2777 801 2831 difficultatem
838 2770 1066 2846 quodam
1095 2775 1147 2829 in
1179 2777 1297 2831 loco
1333 2777 1552 2847 hujusce
1590 2778 1656 2832 de
1691 2778 1810 2832 Vir-

228 2873 451 2941 ginitate
484 2869 602 2922 libri
633 2883 694 2924 se
717 2870 980 2938 reperisse
1001 2879 1169 2938 putat,
1197 2878 1256 2922 ut
1279 2869 1369 2922 illa
1391 2869 1646 2924 adductus
1671 2869 1812 2924 hunc

231 2963 423 3014 librum
453 2959 507 3012 in
534 2959 892 3028 episcopatum
916 2959 1030 3027 ejus
1056 2959 1312 3019 conferat.
1337 2959 1641 3029 editumque
1668 2959 1810 3013 Con-

228 3050 576 3120 ειειιιιὶτιοῃθιί
604 3059 764 3119 putet.
789 3051 838 3104 Is
865 3051 1012 3105 locus
1033 3061 1112 3106 est
1130 3066 1279 3104 num.
1305 3051 1360 3116 9,
1381 3049 1468 3104 ubi
1487 3052 1562 3104 sic
1579 3052 1810 3120 loquitur

226 3141 649 3211 Chrysostomus
679 3157 692 3192 :
729 3139 991 3206 Quomodo
1032 3141 1186 3211 igitur
1227 3141 1517 3210 conjugium
1555 3150 1692 3206 veto,
1723 3143 1809 3212 qui

229 3235 472 3301 conjuges
500 3247 602 3285 non
627 3233 890 3285 accusem?
915 3231 1106 3299 Stupra
1147 3239 1252 3283 veto
1291 3240 1340 3284 et
1379 3231 1629 3288 adulteria
1648 3280 1663 3300 ,
1694 3254 1806 3289 ma-

227 3322 521 3373 trimonium
560 3338 659 3374 non
689 3322 805 3374 item
830 3329 913 3373 :et
941 3319 1033 3372 illa
1057 3317 1299 3371 audentes
1326 3317 1546 3384 castigo,
1576 3326 1725 3386 atque
1747 3317 1810 3370 ab

228 3409 477 3463 Ecclesia:
516 3419 645 3463 ctetu
686 3408 962 3479 proscribo.
1001 3407 1155 3471 llaac,
1198 3405 1369 3475 inquit
1404 3404 1807 3468 Tillemontius,

226 3499 441 3552 nonnisi
487 3499 770 3567 episcopus
801 3496 1046 3567 proferre
1075 3511 1235 3567 posse
1265 3494 1490 3559 videtur,
1518 3494 1640 3563 quia
1668 3495 1814 3548 solus

225 3589 508 3657 episcopus
535 3589 603 3642 ab
630 3588 883 3642 Ecclesia:
920 3595 1062 3641 coetu
1102 3585 1316 3639 arcendi
1362 3584 1670 3638 facultatem
1715 3584 1810 3637 lia-

226 3680 359 3734 bet:
391 3689 551 3749 atque
599 3681 683 3734 illa
735 3681 927 3734 ductus
970 3679 1179 3732 ratione
1221 3675 1659 3747 Chrysostomum
1704 3675 1810 3744 jam

226 3771 533 3840 episcopum
565 3771 706 3826 hunc
733 3772 975 3827 emisisse
1003 3771 1197 3825 librum
1244 3771 1510 3839 opinatur.
1537 3769 1624 3823 Sic
1651 3768 1812 3822 levis-

226 3861 359 3913 sima
380 3861 467 3914 ille
492 3861 794 3931 conjectura
821 3872 1024 3916 eertum
1055 3860 1517 3928 indubitatumqne
1546 3858 1811 3929 Chrysos-

227 3951 358 4003 tomi
400 3952 758 4006 testimonium
810 3951 1133 4006 labefactare
1176 3951 1378 4004 nititur.
1408 3949 1631 4002 Etiamsi
1671 3949 1812 4003 enim

227 4038 640 4108 Chrysostomus
652 4040 884 4094 hocloco
901 4056 964 4094 es
980 4055 1207 4110 persona
1225 4054 1317 4093 sua
1335 4040 1658 4108 loqueretur,
1673 4038 1813 4106 quod

227 4137 406 4182 tamen
437 4144 540 4182 non
580 4129 861 4194 existimo,
891 4145 995 4183 non
1041 4130 1233 4183 desunt
1270 4129 1511 4197 exempla
1541 4129 1628 4181 ubi
1661 4128 1811 4180 illum

227 4217 401 4270 adhuc
417 4218 783 4288 presbyterum
809 4219 1128 4288 imperiosius
1158 4219 1432 4287 loquelam
1457 4217 1814 4285 deprehendi-

228 4323 365 4362 mus.
392 4310 481 4363 Sic
511 4307 645 4362 infra
674 4308 900 4364 Homilia
929 4308 1000 4361 2‘2
1029 4309 1094 4362 ad
1135 4309 1386 4377 p0pu|um
1422 4308 1811 4361 Antiochenmn

227 4413 383 4466 quam
398 4397 668 4451 bomiliam
684 4398 801 4453 sine
811 4399 993 4463 dubio,
1011 4399 1232 4469 ipsoque
1245 4397 1440 4451 fatente
1452 4396 1810 4461 Tillemontio,

229 4489 524 4544 Antiochia:
550 4489 826 4559 presbyter
853 4488 1055 4553 habuit,
1081 4505 1146 4542 ex
1172 4502 1398 4556 persona
1421 4503 1513 4540 sua
1537 4487 1615 4542 sic
1638 4488 1810 4555 loqui-

234 4588 319 4630 tur
352 4596 364 4631 :
399 4578 750 4648 Quadraginta
794 4578 899 4630 dies
937 4579 1049 4648 jam
1089 4577 1432 4646 prwterierunt
1465 4595 1486 4627 :
1526 4577 1569 4628 si
1613 4575 1814 4636 Pascha

230 4685 425 4737 quoque
465 4685 666 4722 sacrum
715 4669 1039 4737 pra’terierit,
1091 4668 1215 4721 nulli
1250 4668 1364 4737 jam
1404 4666 1583 4719 deinde
1622 4668 1814 4719 ueniam

231 4759 379 4819 dabo,
405 4775 503 4811 non
543 4759 955 4824 admonitionem,
983 4759 1069 4812 sed
1096 4758 1192 4812 vim
1212 4758 1409 4826 imperii
1434 4767 1480 4810 et
1505 4768 1814 4809 severitatem

231 4866 332 4902 non
381 4850 795 4902 contemnendam
845 4849 1106 4902 adhibebo.
1138 4849 1258 4901 Jam
1298 4848 1450 4917 igitur
1491 4847 1728 4900 denuntio
1768 4856 1814 4900 et

229 4950 496 5007 protestor,
529 4942 573 4994 si
601 4941 892 4994 conveniam
927 4940 1182 5011 singulos,
1227 4948 1271 4993 et
1299 4939 1691 5006 experimentum
1713 4954 1805 4990 su-

570 5695 844 5760 ΡΑτιιοι..
878 5697 995 5761 Gn.
1029 5699 1284 5762 XLVlIl.

1920 877 2053 913 niam
2082 877 2100 913 :
2130 877 2245 914 nam
2277 863 2413 915 haud
2441 862 2588 916 dubie
2615 878 2847 928 sumam;
2872 864 3007 932 quod
3044 866 3088 917 si
3128 864 3498 932 deprehendant

1917 953 2112 1021 aliquos
2144 952 2248 1004 haec
2273 954 2392 1005 vitia
2424 971 2521 1006 non
2552 955 2847 1018 correxisse,
2873 971 3070 1022 poenam
3092 955 3358 1025 irrogabo,
3391 957 3498 1008 edi-

1918 1059 2029 1096 cam
2056 1052 2109 1094 ut
2138 1045 2261 1113 foris
2299 1054 2441 1098 extra
2476 1061 2620 1098 sacra
2649 1047 2885 1114 mysteria
2926 1047 3220 1098 consistant.
3269 1047 3397 1110 llic,
3439 1059 3499 1101 ut

1919 1141 2083 1202 patet,
2111 1149 2175 1187 ex
2206 1149 2430 1202 persona
2456 1150 2549 1189 sua
2579 1136 2809 1205 loquitur
2831 1137 3241 1208 Chrysostomus
3273 1139 3496 1208 presby-

1919 1233 2018 1288 ter,
2061 1225 2309 1293 episc0po
2343 1227 2388 1279 si
2423 1242 2528 1281 non
2571 1239 2869 1296 przesente,
2902 1229 3090 1284 saltem
3136 1230 3188 1282 in
3228 1230 3358 1284 urbe
3387 1242 3494 1283 tum

1915 1315 2158 1386 degente.
2192 1317 2546 1384 Quamobrem
2587 1319 2905 1374 Tillemontii
2953 1331 3262 1391 argumento
3308 1337 3375 1377 ne
3413 1323 3494 1378 vel

1917 1407 2192 1461 niinimum
2241 1408 2451 1477 quidem
2497 1411 2765 1478 impetitur
2803 1424 3004 1466 asserta
3051 1414 3215 1482 ipsius
3238 1413 3496 1484 Chrysos-

1919 1501 2047 1552 tomi
2076 1503 2381 1555 testimonio
2410 1507 2691 1557 sententia.

1979 1578 2115 1646 Quid
2147 1580 2286 1649 quod
2314 1581 2363 1633 in
2394 1591 2690 1635 memorato
2715 1580 2783 1635 de
2811 1580 3122 1650 Virginitate
3147 1581 3266 1635 loco
3295 1597 3399 1635 non
3428 1596 3494 1636 ex

1908 1683 2024 1732 sua,
2049 1670 2141 1723 sed
2167 1685 2231 1724 ex
2257 1671 2403 1724 Pauli
2428 1687 2654 1740 persona
2682 1672 2821 1741 loqui
2852 1687 3068 1741 prorsus
3095 1672 3302 1726 videtur
3322 1672 3496 1742 Chry-

1911 1759 2374 1815 sostomus?Nam
2407 1769 2517 1813 toto
2547 1761 2704 1829 hujus
2741 1761 2808 1816 de
2842 1761 3154 1830 Virginitatc
3182 1762 3302 1815 libri
3345 1762 3494 1830 prin-

1907 1849 2048 1920 cipio
2105 1859 2288 1903 contra
2344 1851 2628 1906 haereticos
2678 1850 3017 1906 Marcionitas
3067 1860 3121 1906 et
3175 1851 3496 1906 Manielneos

1907 1940 2036 2009 agit,
2067 1941 2157 2009 qui
2186 1941 2582 1995 matrimonium
2605 1941 2927 1995 damnabaut
2949 1961 2961 1995 :
2983 1942 3327 2012 adductisque
3343 1941 3496 1998 Pauli

1906 2027 2035 2084 locis
2056 2070 2070 2093 ,
2099 2030 2292 2099 quibus
2322 2030 2409 2084 ille
2436 2031 2499 2084 ad
2529 2030 2886 2101 virginitatem
2926 2031 3188 2094 hortatur,
3232 2041 3354 2102 post
3395 2033 3498 2085 ali-

1904 2131 2036 2191 quot
2059 2133 2369 2193 argumenta
2398 2123 2612 2178 dennun
2655 2140 2803 2179 num.
2841 2125 2875 2181 9
2902 2126 3183 2181 lizereticos
3211 2126 3326 2182 hwc
3353 2127 3496 2197 obji-

1906 2212 2110 2268 cientes
2159 2215 2409 2270 inducit:
2452 2215 2531 2270 Tu
2581 2231 2698 2269 vero
2743 2233 2845 2270 non
2902 2227 3044 2270 uetas
3093 2218 3493 2271 matrimonium.

1906 2304 2080 2375 Apage
2104 2305 2425 2375 (respondet
2450 2307 2680 2379 Paulus)
2705 2319 2759 2361 ut
2783 2319 2943 2364 tecum
2964 2326 3102 2381 teque
3125 2311 3400 2366 insaniam.
3427 2311 3497 2365 Et

1905 2413 1998 2450 cur
2024 2399 2214 2468 (inquit
2241 2398 2544 2471 haereticus)
2573 2401 2790 2457 hortaris
2833 2403 3208 2456 matrimonium
3243 2420 3344 2457 non
3373 2421 3497 2457 con-

1909 2489 2145 2543 trahere?
2165 2489 2312 2555 Quod
2335 2491 2671 2561 uirginitatem
2688 2493 2918 2562 (reponit
2947 2493 3159 2565 Paulus)
3174 2495 3495 2549 matrimonio

1908 2579 2055 2649 longe
2081 2582 2480 2651 prtestautiorem
2517 2583 2746 2636 sentiam.
2774 2582 2871 2638 Hic
2909 2593 3055 2638 certe
3082 2583 3304 2638 Paulum
3346 2585 3491 2654 loqui

1911 2669 2250 2726 manifestum
2288 2672 2532 2726 videtur:
2565 2688 2688 2730 nam
2738 2673 2830 2728 ille
2874 2683 2955 2728 est
2997 2675 3082 2743 qui
3131 2676 3377 2745 superius
3425 2675 3494 2728 ad

1906 2763 2260 2832 virginitatem
2303 2763 2591 2818 cohortans
2644 2765 2910 2820 inducitur
2954 2766 3038 2820 his
3088 2767 3315 2822 verbis:
3363 2767 3492 2821 Volo

1903 2869 2074 2908 omnes
2117 2853 2341 2909 homines
2369 2871 2474 2909 esse
2493 2895 2508 2919 ,
2539 2867 2594 2907 ut
2625 2871 2714 2926 ego
2742 2872 2857 2909 sum
2877 2896 2890 2921 ,
2923 2857 3228 2911 continentes
3250 2873 3271 2922 ;
3297 2867 3384 2922 et,
3414 2856 3496 2911 De

1905 2943 2177 3012 virginibus
2202 2955 2508 3015 prtcceptum
2539 2943 2745 2998 Domini
2775 2963 2885 3014 non.
2903 2948 3078 3012 habeo,
3107 2949 3375 3002 consilium
3397 2965 3496 3001 au-

1905 3045 2004 3089 tem
2042 3035 2127 3089 do.
2163 3036 2363 3092 Deinde
2406 3051 2535 3091 vero
2579 3045 2860 3106 postquam
2912 3038 3182 3093 litereticis
3229 3050 3285 3093 ut
3331 3053 3492 3107 supra

1905 3125 2283 3196 responderat,
2318 3127 2498 3196 paucis
2527 3128 2857 3197 interpositis
2899 3143 3001 3182 una
3039 3129 3179 3184 serie
3223 3129 3491 3184 resumit:

1905 3217 1986 3270 Ad
2028 3218 2134 3271 [nec
2171 3218 2257 3286 qui
2290 3221 2546 3281 cohortor,
2576 3217 2734 3288 remr(
2761 3218 2795 3271 i.
2829 3232 2880 3272 e.
2914 3220 3351 3289 matrimonium)
3387 3235 3491 3272 nou

1903 3301 2169 3371 improbo;
2195 3315 2284 3352 nec
2325 3298 2410 3370 qui
2449 3314 2502 3352 se
2525 3299 2696 3351 induci
2731 3315 2834 3351 non
2869 3298 3153 3367 patiantur,
3191 3313 3490 3354 accuso.....

1907 3391 2173 3457 Quomodo
2189 3391 2351 3461 igitur
2379 3389 2672 3458 conjugium
2694 3397 2820 3454 veto,
2847 3388 2933 3458 qui
2953 3389 3188 3459 conjugcs
3215 3405 3313 3441 non
3341 3403 3494 3440 accu-

1903 3483 2050 3538 sem.’
2071 3481 2266 3550 Stupra
2294 3490 2400 3534 veto
2429 3490 2476 3535 et
2500 3479 2771 3545 adulteria,
2795 3480 3175 3534 matrimonium
3197 3496 3297 3533 non
3327 3480 3446 3533 item
3477 3497 3496 3532 :

1902 3583 1950 3626 et
1978 3571 2069 3626 illa
2108 3573 2350 3626 audentes
2379 3573 2604 3641 castigo,
2637 3582 2786 3641 atque
2826 3571 2888 3625 ab
2927 3569 3172 3624 Ecclesia:
3208 3581 3333 3624 cortu
3374 3589 3498 3642 pro-

1903 3665 2084 3718 scribo.
2109 3663 2235 3718 Hznc
2260 3679 2389 3719 sane
2415 3662 2556 3717 dicta
2587 3663 2734 3716 Pauli
2762 3670 2906 3726 sunt,
2935 3677 3029 3716 seu
3061 3663 3234 3732 potius
3257 3661 3498 3733 Chryso-

1906 3755 2064 3810 stomi
2112 3755 2335 3809 Paulum
2378 3755 2682 3824 loquentem
2715 3753 3014 3808 inducentis
3041 3771 3052 3806 :
3082 3753 3171 3823 qui
3205 3762 3388 3822 tropus
3423 3751 3494 3805 ita

1904 3847 2287 3920 Chrysostomo
2319 3847 2592 3900 familiaris
2617 3856 2733 3911 est,
2759 3846 2898 3915 quod
2922 3845 3029 3915 jam
3060 3860 3202 3914 saepe
3227 3844 3491 3907 vidimus,

1905 3944 2075 4012 utqui
2125 3941 2250 3996 velit
2275 3941 2456 3995 omnia
2487 3955 2605 4008 qua:
2650 3955 2715 3994 ex
2763 3939 2987 3993 aliorum
3037 3953 3262 4006 persona
3293 3935 3498 4006 profert

1903 4033 2340 4104 Cbrysostumus,
2369 4030 2521 4099 quasi
2550 4030 2715 4098 ipsius
2739 4030 2876 4083 dicta
2905 4029 2968 4082 ad
2997 4029 3204 4082 literam
3225 4028 3493 4098 accipere,

1904 4138 2151 4193 magnam
2197 4123 2356 4176 rebus
2401 4120 2467 4174 ad
2511 4129 2752 4174 sanctum
2804 4119 3076 4174 doctorem
3126 4118 3495 4187 spectantibus

1904 4215 2182 4284 caliginem
2211 4213 2427 4266 inducat
2458 4227 2676 4268 necesse
2701 4213 2789 4267 sit.

1977 4306 2159 4375 Itaque
2192 4304 2334 4358 hunc
2361 4303 2429 4357 de
2458 4303 2773 4372 Virginitate
2801 4302 2996 4357 librum
3042 4301 3284 4357 emisisse
3313 4299 3492 4370 Chry-

1904 4404 2199 4450 sostomum
2227 4402 2352 4448 ante
2377 4407 2535 4462 quam
2560 4393 2842 4462 episcopus
2868 4400 3005 4446 esset
3035 4407 3100 4446 ex
3143 4391 3308 4461 ipsius
3334 4405 3497 4462 supra

1906 4486 2070 4540 allato
2098 4483 2404 4539 testimonio
2430 4483 2560 4537 satis
2591 4497 2858 4551 superque
2893 4481 3168 4551 probatur.
3191 4481 3328 4536 Num
3366 4497 3499 4536 vero

1907 4576 2182 4648 presbyter
2213 4586 2320 4629 tum
2349 4584 2528 4639 esset,
2569 4587 2636 4627 an
2679 4573 2951 4640 diaconus,
2996 4588 3062 4627 an
3112 4573 3163 4627 in
3212 4572 3500 4628 solitudine

1905 4667 2142 4737 degeret,
2168 4666 2368 4734 pariter
2390 4665 2648 4718 incertum
2675 4681 2686 4713 :
2712 4679 2776 4717 ex
2803 4663 3014 4733 scriptis
3039 4663 3185 4719 enim
3215 4664 3332 4734 ejus
3359 4663 3500 4719 nihil

1908 4757 2215 4826 hujusmodi
2247 4756 2509 4825 expiscari
2540 4769 2843 4824 possumus.
2878 4753 3099 4808 Joannis
3123 4753 3330 4810 Livinei
3353 4753 3498 4809 Gan—

1909 4848 2156 4904 davensis
2183 4845 2701 4916 interpretationem,
2717 4845 2898 4901 multis
2916 4845 2970 4900 in
2990 4845 3120 4900 locis
3136 4844 3496 4913 emendatam,

1908 4937 2244 4994 retinendam
2273 4936 2597 4992 censuimus.
