3886 6222
259 287 365 343 533

1602 277 1687 332 DE
1725 275 2196 334 VIRGINITATE.

322 491 3501 534 ww

1137 904 1554 997 SANCTI
1667 900 2093 992 PATRIS
2199 898 2638 992 NOSTRI

263 1357 387 1562 J
403 1347 938 1561 OAN
953 1353 1124 1556 N
1145 1345 1389 1554 IS
1581 1341 3517 1554 CHRYSOSTOMI

1061 1897 1664 1964 ARCHIEPISCOPI
1733 1896 2705 1970 CONSTANTINOPOLITANI,

1201 2361 1383 2474 DE
1485 2357 2435 2478 VIRGINITATE
2496 2346 2573 2470 ¹.

327 3419 366 3472 1.
403 3415 764 3472 Heredem-itm
787 3413 1123 3485 virginitate»:
1146 3412 1412 3482 prwmium
1438 3427 1538 3464 non
1561 3410 1838 3466 habere.—

253 3509 582 3581 \'irginttatis
612 3506 822 3562 laudem
845 3505 1014 3560 Judaei
1043 3514 1360 3560 aversantur
1384 3521 1398 3557 :
1421 3517 1594 3572 neque
1619 3503 1836 3566 mirum,

254 3604 343 3672 qui
369 3601 540 3671 ipsum
567 3613 779 3668 quoque
804 3607 989 3651 natum
1033 3610 1098 3650 ex
1138 3594 1347 3662 virgine
1388 3593 1658 3649 Christum
1688 3593 1841 3662 igno-

256 3692 434 3748 miniis
476 3689 750 3744 alfeeerint
781 3707 793 3742 :
825 3687 1156 3742 admirantur
1198 3700 1262 3740 ac
1300 3684 1598 3754 suspiciunt
1637 3683 1836 3749 exteri,

252 3785 367 3838 aula
394 3791 570 3838 autem
599 3781 726 3835 colit
754 3779 991 3834 Ecclesia
1023 3778 1138 3832 Dei.
1162 3777 1295 3832 Nam
1327 3777 1699 3832 luereticorum
1726 3776 1838 3829 vir-

251 3877 409 3946 εἰμες
451 3889 552 3944 ego
593 3873 823 3942 virgines
863 3886 984 3926 esse
1029 3871 1250 3924 minime
1295 3869 1523 3923 dixerim
1563 3885 1576 3916 τ
1612 3867 1839 3938 primum

251 3967 396 4039 quod
430 3979 592 4020 cane
617 3981 722 4018 non
750 3964 855 4018 sint
879 3981 891 4015 :
923 3978 1096 4032 neque
1121 3963 1268 4016 enim
1297 3961 1387 4014 uni
1424 3960 1538 4015 viro
1559 3959 1841 4030 desponsa:

249 4065 402 4120 sunt,
431 4064 489 4109 ut
517 4053 630 4108 vult
656 4054 844 4107 beatus
870 4053 960 4107 ille
989 4050 1186 4107 Christi
1219 4049 1528 4120 pronubus:
1559 4047 1840 4118 Despondi,

251 4147 446 4215 inquit,
476 4161 561 4198 vos
586 4145 674 4197 uni
705 4144 810 4196 viro
830 4142 1075 4212 virginem
1097 4150 1290 4194 castam
1317 4140 1516 4193 Christo
1540 4138 1841 4191 tradendum

253 4236 355 4309 (2.
387 4235 506 4290 Cor.
541 4235 626 4290 ll.
653 4233 746 4303 2).
793 4233 923 4288 Nam
961 4233 1013 4286 id
1041 4233 1140 4288 etsi
1168 4231 1234 4285 de
1276 4240 1387 4284 toto
1422 4229 1674 4284 Ecclesia:
1700 4240 1841 4283 ceam

249 4329 456 4384 dictum
501 4335 617 4392 est,
667 4336 844 4379 tamen
889 4324 1008 4380 illas
1049 4337 1262 4394 quoque
1313 4321 1427 4376 hazc
1474 4322 1845 4392 complectitur

251 4418 451 4474 oratio.
478 4417 759 4486 Quomodo
788 4417 946 4484 igitur
970 4431 1090 4486 qua:
1128 4415 1244 4468 viro
1274 4431 1380 4468 uno
1407 4431 1511 4468 nun
1541 4423 1840 4480 contente,

251 4511 484 4565 alterum
511 4509 598 4578 qui
628 4523 732 4562 non
759 4516 842 4562 est
866 4507 999 4561 deus
1037 4504 1489 4575 superinducunt,
1517 4515 1678 4559 casta:
1719 4519 1844 4560 esse

252 4597 526 4671 possunt?
575 4597 756 4668 Itaque
808 4598 1036 4667 primum
1084 4595 1394 4650 eamobrem
1451 4595 1685 4665 virgines
1738 4607 1847 4647 non

250 4698 418 4746 sunt:
447 4688 640 4743 deinde
665 4687 808 4758 quod
841 4687 1238 4741 matrimonium
1263 4685 1563 4740 damnando
1589 4685 1654 4740 ad
1675 4683 1848 4740 decli-

253 4782 461 4836 nandas
490 4781 701 4851 nuptias
722 4789 847 4835 sunt
865 4793 1159 4849 progressa:
1183 4795 1196 4831 :
1225 4793 1345 4831 nam
1367 4793 1488 4832 cum
1510 4792 1602 4832 eas
1625 4777 1845 4832 vitiosas

251 4889 378 4929 esse
401 4873 699 4938 sanxerint,
729 4873 942 4940 pnetnia
971 4871 1070 4926 sibi
1095 4871 1412 4940 virginitatis
1434 4871 1841 4941 prmripuerunt.

253 4962 372 5020 Non
398 4964 542 5018 enim
583 4963 673 5032 qui
715 4963 841 5016 vitia
883 4971 1075 5016 cavent
1113 4976 1311 5016 corona
1361 4961 1585 5023 donari,
1612 4961 1706 5016 sed
1739 4976 1844 5015 non

254 5055 420 5126 plecti
439 5053 715 5110 dumtaxat
741 5070 836 5123 par
861 5063 964 5108 est.
998 5056 1170 5123 Atque
1204 5052 1254 5107 id
1280 5052 1495 5123 quidem
1533 5051 1717 5108 videre
1762 5063 1846 5108 est

254 5162 366 5201 non
415 5146 587 5202 solum
636 5146 868 5207 nostris,
911 5144 1008 5200 sed
1056 5146 1294 5200 externis
1335 5145 1496 5200 etiam
1542 5143 1748 5214 legibus
1774 5143 1845 5198 ita

254 5238 607 5293 constitutum
635 5255 648 5290 :
678 5237 777 5306 Qui
808 5237 1008 5292 caedem
1044 5237 1252 5302 fecerit,
1285 5237 1474 5306 inquit,
1507 5247 1762 5302 necator;
1793 5248 1844 5292 at

256 5343 366 5385 non
412 5329 572 5384 etiam
617 5329 850 5394 additur,
890 5330 990 5398 Qui
1033 5329 1235 5384 caulem
1264 5345 1370 5383 non
1397 5327 1608 5394 fecerit,
1642 5327 1846 5384 honore

257 5420 654 5476 alticitorzFur
704 5422 980 5491 plectitor;
1028 5430 1084 5477 at
1133 5436 1241 5476 non
1288 5437 1410 5476 eum
1462 5436 1712 5490 quoque,
1755 5421 1846 5491 qui

258 5512 432 5566 aliena
460 5529 566 5567 non
598 5514 851 5582 rapuerit,
884 5512 1087 5568 donum
1112 5527 1305 5582 capere
1329 5512 1606 5583 jusserunt
1632 5529 1645 5566 :
1673 5525 1849 5581 neque

324 5645 341 5675 ⁸
376 5643 608 5695 Collatum
637 5658 747 5695 cum
770 5645 890 5696 l-‘dit.
916 5643 1210 5696 l‘lantiniana
1231 5657 1358 5694 anno
1393 5645 1534 5703 i575,
1566 5658 1675 5695 cum
1703 5643 1846 5694 Savil.

257 5717 313 5760 et
337 5719 448 5756 cum
477 5708 587 5757 (ω.
613 5715 729 5770 Reg.
757 5706 896 5770 1074,
930 5709 1014 5772 qui
1052 5707 1216 5759 multis
1237 5707 1428 5759 mendis
1457 5719 1715 5770 respersus
1751 5714 1846 5758 est.

1948 3408 2250 3462 adulterum
2281 3406 2619 3469 occidentes.
2651 3409 2701 3463 ei
2727 3409 2815 3479 qui
2858 3409 3078 3466 alterius
3107 3414 3284 3470 cubile
3321 3430 3426 3470 non
3457 3417 3530 3473 ef.

1945 3501 2172 3570 fringat,
2225 3499 2484 3553 honorem
2524 3500 2814 3556 sciverunt.
2859 3501 2927 3557 Et
2973 3505 3164 3560 merito
3210 3522 3382 3563 sane:
3413 3525 3535 3564 nam

1946 3591 2155 3644 laudem
2185 3599 2239 3644 et
2265 3590 2669 3646 admirationem
2700 3591 2896 3648 habere
2924 3608 3108 3648 eorum
3140 3606 3253 3662 est,
3287 3598 3376 3668 qui
3417 3599 3532 3652 vir-

1949 3691 2059 3736 tute
2104 3681 2504 3751 perfungantur,
2552 3698 2656 3736 non
2698 3684 2787 3754 qui
2831 3684 2956 3739 vitia
2997 3685 3308 3741 declinent:
3339 3704 3461 3744 nam
3492 3690 3540 3745 is

1946 3771 2027 3826 eis
2057 3771 2228 3826 honor
2254 3773 2384 3826 satis
2408 3784 2510 3838 est,
2540 3773 2584 3826 si
2615 3788 2823 3842 pmnam
2856 3775 3054 3829 nullam
3084 3777 3334 3832 sentiant.
3361 3777 3542 3849 Itaque

1949 3863 2204 3917 Dominus
2229 3874 2412 3918 noster
2439 3863 2657 3933 (Matth.
2686 3865 2739 3920 5.
2766 3863 2894 3932 22),
2924 3866 3017 3936 qui
3045 3875 3244 3922 temere
3273 3877 3327 3923 et
3348 3869 3541 3924 imme-

1947 3956 2050 4009 rito
2066 3953 2212 4009 fratri
2241 3970 2339 4008 suo
2367 3955 2625 4010 irascatur
2650 3973 2714 4010 ac
2739 3956 2938 4011 fatuum
2968 3969 3136 4024 vocet,
3163 3960 3210 4014 ei
3235 3960 3537 4030 gehennam

1947 4059 2029 4102 est
2057 4049 2413 4104 comminatus
2439 4066 2453 4102 :
2485 4064 2592 4102 non
2617 4049 2778 4104 etiam
2801 4051 2885 4117 iis,
2907 4051 2997 4121 qui
3022 4066 3120 4106 nec
3141 4054 3406 4109 immerito
3427 4054 3538 4110 ira-

1946 4147 2184 4203 scantur,
2223 4147 2278 4193 et
2315 4154 2344 4192 a
2384 4139 2640 4193 conviciis
2683 4139 3018 4203 abstineant,
3059 4141 3273 4196 cmlcste
3316 4158 3539 4215 regnum

1951 4228 2194 4299 promisit
2217 4245 2232 4282 :
2260 4228 2353 4284 sed
2388 4229 2505 4299 plus
2531 4245 2596 4284 eo
2623 4229 2874 4300 quiddam
2917 4231 3194 4302 majusque
3224 4234 3537 4303 requisivit,

1948 4320 2174 4392 Diligite,
2197 4322 2460 4392 inquiens,
2487 4323 2719 4377 inimicos
2734 4333 2920 4378 vestros
2941 4322 3155 4394 (Matth.
3175 4325 3226 4380 5.
3246 4327 3357 4396 44).
3381 4326 3543 4382 Cum-

1946 4428 2052 4482 que
2079 4413 2237 4467 vellet
2265 4412 2580 4478 ostendere,
2614 4413 2959 4484 percxiguum
2988 4424 3043 4469 et
3072 4415 3177 4469 vile
3201 4425 3363 4486 atque
3404 4419 3542 4472 indi-

1946 4519 2109 4575 gnum
2141 4506 2362 4574 praemio
2390 4519 2532 4569 esse,
2563 4504 2753 4560 fratres
2781 4521 2885 4559 non
2930 4505 3109 4561 odisse
3129 4549 3143 4572 ,
3177 4509 3447 4577 proposito
3474 4525 3540 4564 co

1947 4594 2089 4665 quod
2120 4595 2285 4649 multo
2313 4595 2486 4664 majus
2511 4605 2625 4658 est.
2655 4611 2776 4649 eum
2805 4596 3028 4667 diligere
3057 4606 3111 4652 et
3142 4613 3324 4655 amare
3346 4641 3361 4666 ,
3390 4616 3458 4656 ne
3487 4601 3540 4656 id

1949 4691 2166 4761 quidem
2194 4691 2346 4745 nobis
2373 4691 2618 4745 sufficere
2649 4691 2742 4758 ait,
2778 4701 2835 4746 ut
2861 4691 3119 4747 honorem
3152 4694 3316 4748 ullum
3345 4711 3540 4749 conse-

1948 4797 2176 4851 quamur
2200 4800 2213 4836 :
2236 4781 2360 4850 quid
2387 4782 2555 4847 enim,
2581 4782 2624 4835 si
2645 4797 2707 4836 ea
2732 4797 2790 4836 re
2819 4783 2945 4835 nihil
2968 4783 3164 4836 exteris
3189 4785 3542 4852 praestamus?

1950 4872 2130 4942 Itaque
2159 4873 2260 4926 alia
2295 4871 2448 4926 nobis
2475 4886 2609 4942 opus
2637 4881 2720 4927 est
2747 4873 2984 4928 accessio
3013 4873 3182 4928 multo
3220 4874 3321 4930 hac
3345 4875 3538 4946 major,

1949 4965 1992 5018 si
2025 4963 2238 5034 quidem
2267 4963 2569 5018 mercedem
2595 4963 2918 5032 flagitamus.
2941 4963 3122 5034 Neque
3148 4965 3290 5020 enim
3320 4968 3441 5037 quia
3465 4977 3538 5034 te,

1945 5056 2141 5126 inquit.
2169 5054 2430 5125 gehennae
2459 5070 2563 5109 non
2589 5055 2804 5118 damno,
2835 5056 2923 5125 qui
2951 5057 3250 5112 maledictis
3269 5067 3429 5128 atque
3459 5060 3540 5114 ira

1951 5148 2004 5202 in
2038 5149 2256 5202 fratrem
2285 5146 2590 5212 abstineas,
2631 5158 2910 5216 propterea
2948 5156 2999 5202 te
3027 5162 3224 5203 corona
3269 5150 3430 5204 etiam
3459 5149 3542 5204 di-

1950 5258 2110 5312 gnum
2140 5241 2407 5296 existima.
2434 5239 2548 5294 Non
2587 5239 2730 5299 enim
2775 5239 3040 5294 tantillum
3081 5239 3424 5296 humanitatis
3453 5256 3540 5295 so.

1951 5331 2058 5385 lum
2089 5331 2369 5394 desidero;
2407 5329 2502 5384 sed
2545 5329 2754 5385 etiamsi
2797 5343 2896 5384 nec
2937 5331 3238 5384 convicium
3266 5330 3462 5397 facias,
3485 5339 3543 5386 et

1952 5438 2076 5478 eum
2123 5439 2305 5478 amare
2349 5424 2510 5478 etiam
2559 5423 2741 5490 dicas,
2790 5422 2967 5479 adhuc
3011 5423 3148 5478 infra
3187 5422 3382 5490 haeres,
3409 5432 3543 5481 ette

1951 5515 2090 5585 apud
2121 5515 2430 5586 publicanos
2459 5517 2712 5571 collocas.
2743 5516 2894 5582 Quod
2937 5517 2981 5570 si
3026 5515 3293 5585 perfectus
3323 5531 3385 5572 ac
3408 5517 3541 5571 cmlo

1951 5604 2143 5678 dignus
2171 5622 2290 5663 esse
2315 5609 2428 5676 vis,
2457 5608 2577 5663 istic
2621 5608 2780 5662 modo
2823 5623 2892 5662 ne
2938 5608 3205 5672 consiste,
3246 5607 3341 5663 sed
3384 5607 3541 5663 altius

1951 5699 2271 5770 conscende,
2303 5709 2356 5756 et
2385 5711 2572 5756 natura
2602 5698 2714 5772 ipsa
2767 5698 3132 5756 sublimiorem
3162 5699 3539 5771 c0gitationcm
