3886 6222
338 233 444 290 553

345 367 556 424 suscipe
585 372 601 406 :
630 352 680 406 id
712 361 887 406 autem
917 357 999 405 est
1040 348 1285 403 inimicos
1332 347 1573 417 diligere.
1602 344 1734 399 Cum
1775 343 1933 413 igitur

348 445 580 516 undique
609 445 710 498 hoc
736 441 890 497 nobis
917 449 1159 506 constet,
1186 438 1447 495 desistant
1475 435 1706 491 haeretici
1741 435 1935 487 frustra

349 552 407 594 se
431 536 702 607 affligere;
731 533 927 589 nullam
967 546 1109 586 enim
1156 527 1461 584 mercedem
1500 527 1760 595 accipient
1789 541 1803 577 :
1828 536 1935 577 non

346 630 467 698 quia
497 629 561 681 sit
593 626 821 696 injustus
850 623 1124 681 Dominus.
1154 619 1428 690 apagesis;
1458 616 1552 672 sed
1581 614 1723 686 quod
1764 615 1936 681 impc-

342 722 429 776 riti
475 719 575 789 ipsi
611 726 664 772 ct
719 715 964 786 improbi.
1010 712 1147 781 Quid
1191 710 1338 766 ila‘?
1385 710 1815 764 Detnonstratum
1854 712 1937 758 est

345 813 483 882 fugze
529 820 731 866 tantum
775 825 805 863 a
850 808 993 862 vitiis
1034 807 1236 861 nullum
1282 804 1612 875 propositum
1650 815 1770 856 esse
1800 816 1935 871 prae-

342 907 508 960 mium
541 922 552 958 :
587 905 684 973 ipsi
712 912 888 957 autem
930 898 1073 970 quod
1116 897 1513 953 matrimonium
1554 886 1935 949 vitiosum'du-

342 1006 546 1062 cerent,
571 1012 635 1050 co
656 996 1051 1051 abstinuerunt.
1076 990 1193 1059 Quo
1217 998 1370 1059 pacto
1398 989 1556 1055 igitur
1583 987 1651 1042 ob
1682 986 1930 1040 vitiorum

341 1088 516 1158 fugam
549 1086 851 1142 mercedem
881 1082 1140 1154 poscent?
1169 1081 1304 1136 Nam
1331 1089 1389 1134 ut
1421 1094 1520 1133 nos
1539 1079 1629 1148 qui
1652 1092 1757 1131 non
1785 1076 1935 1131 adul-

343 1194 580 1237 teremus
610 1180 752 1250 digni
785 1195 890 1233 non
922 1177 1123 1232 erimus
1156 1175 1246 1245 qui
1277 1189 1619 1238 coronemur,
1652 1174 1729 1227 sic
1763 1186 1935 1241 neque

339 1274 418 1327 illi
444 1274 533 1342 qui
565 1286 783 1341 [morem
812 1284 922 1324 non
953 1269 1175 1324 ducant.
1210 1267 1286 1321 Ita
1326 1267 1469 1322 enim
1497 1281 1590 1321 eos
1618 1266 1703 1319 illa
1735 1264 1823 1319 die
1851 1264 1932 1317 al-

342 1369 608 1438 loquetur,
639 1366 726 1435 qui
758 1366 810 1418 in
853 1379 950 1418 nos
991 1361 1314 1418 sententiam
1358 1359 1600 1416 dicturus
1648 1366 1731 1413 est
1765 1374 1778 1410 :
1812 1356 1931 1411 Non

340 1458 588 1528 equidem
620 1457 683 1512 iis
715 1457 949 1511 honores
989 1453 1275 1517 constitui,
1315 1451 1404 1521 qui
1442 1466 1472 1505 a
1502 1450 1644 1505 vitiis
1672 1450 1843 1506 solum
1874 1462 1933 1503 se

338 1553 686 1607 contineant:
716 1564 833 1603 nam
880 1548 932 1603 id
976 1547 1116 1617 apud
1165 1561 1250 1601 me
1288 1545 1535 1616 exiguum
1567 1553 1680 1609 est;
1710 1541 1805 1597 sed
1842 1542 1932 1613 qui

338 1645 591 1697 virtutem
638 1656 851 1695 onmem
895 1639 1202 1711 persequuti
1246 1639 1386 1701 sint,
1428 1652 1522 1691 eos
1560 1652 1612 1690 tn
1645 1649 1931 1705 perennem

340 1734 594 1787 caelorum
622 1731 988 1786 haereditatetn
1021 1728 1322 1784 introduco.
1347 1726 1626 1795 Quomodo
1657 1726 1817 1796 igitur
1844 1724 1931 1793 qui

341 1822 739 1879 matrimonium
769 1821 970 1878 fcedum
1000 1834 1062 1875 ac
1090 1818 1407 1889 ﬂagitiosum
1430 1815 1664 1872 credatis
1683 1856 1698 1881 ,
1739 1814 1809 1869 ob
1840 1815 1934 1867 lla-

341 1918 594 1987 gitiorum
622 1916 819 1986 fugam,
848 1913 1065 1984 przemia
1094 1912 1157 1966 iis
1189 1910 1458 1981 proposita
1482 1950 1497 1975 ,
1527 1909 1618 1979 qui
1649 1906 1932 1978 praeclaras

341 2023 426 2062 res
454 2005 737 2075 gesserint,
762 2001 1077 2073 postulatis?
1099 2001 1179 2056 0b
1202 2000 1254 2054 id
1282 2000 1424 2055 enim
1451 2007 1507 2052 et
1531 2012 1696 2068 agnos
1715 1995 1934 2052 dextros

338 2097 568 2152 collocat
592 2095 611 2166 (
635 2094 821 2148 Matth.
844 2093 934 2149 25.
962 2093 1032 2148 53
1050 2090 1093 2162 ),
1137 2098 1192 2147 et
1219 2087 1523 2153 collaudat,
1552 2096 1608 2143 et
1633 2087 1684 2140 in
1713 2099 1931 2155 regnum

339 2189 605 2255 admittit,
637 2202 742 2242 non
789 2185 931 2257 quod
975 2184 1148 2239 aliena
1193 2198 1297 2236 non
1339 2180 1633 2251 rapuerint,
1666 2179 1760 2234 sed
1791 2176 1933 2248 quod

339 2281 499 2336 etiam
530 2293 625 2334 sua
664 2277 782 2332 aliis
824 2274 1076 2346 impertiti
1123 2275 1230 2329 sint
1263 2281 1359 2328 :et
1401 2286 1524 2326 eum
1565 2269 1651 2325 cui
1699 2269 1934 2339 quinque

340 2363 539 2429 talenta
568 2370 883 2427 credidisset
908 2367 1268 2433 commendat,
1299 2382 1406 2420 non
1436 2363 1579 2435 quod
1609 2378 1718 2417 non
1746 2362 1928 2416 immi-

343 2464 585 2530 nuisset,
617 2463 711 2517 sed
751 2460 891 2531 quod
920 2459 1181 2514 creditum
1212 2458 1484 2520 auxisset,
1515 2470 1577 2510 ac
1607 2453 1931 2523 duplicatum

338 2555 639 2625 depositum
679 2551 947 2608 redderet.
988 2550 1276 2619 Quousque
1306 2547 1466 2615 igitur
1512 2558 1617 2600 non
1663 2544 1934 2599 desistetis

339 2647 536 2704 frustra
564 2660 782 2701 currere
802 2686 817 2712 ,
848 2643 1201 2714 nequicquam
1231 2642 1474 2696 laborare
1494 2679 1511 2706 ,
1554 2648 1757 2694 temere
1783 2638 1933 2708 pugi-

340 2739 451 2793 latu
478 2745 706 2802 certare,
733 2749 912 2791 aerem
942 2734 1230 2789 verberare
1258 2731 1518 2802 (Philipp.
1540 2729 1595 2784 2.
1624 2729 1720 2791 i6;
1752 2730 1776 2783 1
1815 2728 1930 2783 Cor.

339 2829 393 2885 9.
417 2828 548 2899 26)?
569 2830 743 2899 Atque
769 2827 972 2881 utinam
1002 2823 1200 2879 frustra
1228 2823 1389 2878 modo
1412 2841 1425 2876 :
1449 2824 1549 2878 etsi
1579 2839 1684 2877 non
1718 2822 1921 2876 medio-

339 2920 446 2974 cris
487 2919 669 2988 utique
708 2932 865 2987 pmna
908 2925 1025 2982 est,
1071 2915 1161 2986 qui
1189 2915 1426 2987 graviter
1470 2914 1850 2977 laboraverint,
1879 2923 1933 2969 et

340 3009 619 3080 prannium
662 3016 879 3079 sperent
925 3006 1196 3061 laboribus
1240 3004 1442 3075 majus,
1481 3019 1638 3075 quem
1665 3004 1806 3059 diem
1835 3004 1933 3060 sibi

341 3101 630 3172 gloriosum
663 3100 778 3156 fore
801 3100 1017 3165 ducant,
1047 3114 1113 3153 eo
1144 3099 1282 3152 inter
1310 3099 1566 3168 inglorios
1596 3098 1800 3153 haberi.

417 3194 480 3249 Il.
533 3192 808 3248 [hereticos
851 3192 1149 3263 virginitatis
1192 3191 1341 3244 etiam
1377 3205 1550 3259 paena:
1596 3191 1829 3259 pendere.
1864 3220 1935 3229 —

344 3286 499 3343 Nunc
523 3300 628 3340 non
656 3284 704 3338 id
733 3284 904 3339 solum
932 3282 1125 3336 malum
1156 3290 1265 3343 est,
1296 3296 1465 3350 neque
1503 3282 1548 3334 is
1575 3281 1691 3349 ejus
1712 3281 1935 3349 jactura:

346 3377 577 3442 modus,
627 3385 685 3429 ttt
725 3372 954 3429 fructum
994 3372 1198 3426 nullum
1244 3370 1474 3434 faciant,
1520 3369 1615 3424 sed
1669 3369 1938 3439 excipient

344 3469 445 3524 alia
475 3467 641 3521 multo
665 3465 727 3519 iis
745 3464 1010 3534 graviora,
1043 3462 1178 3531 ignis
1208 3460 1576 3523 inexstinetus,
1604 3460 1801 3513 vermis
1832 3460 1933 3513 im-

346 3558 609 3621 mortalis,
665 3554 900 3610 tenebra:
949 3553 1282 3617 exteriores,
1322 3567 1593 3616 aerumna),
1641 3551 1932 3607 afflictatio.

347 3651 528 3719 Itaque
576 3656 789 3703 centum
836 3644 991 3698 nobis
1039 3643 1228 3716 linguis
1271 3651 1325 3698 et
1366 3643 1601 3712 angelica
1628 3642 1853 3712 quadam
1884 3643 1935 3697 vi

345 3718 484 3811 opus
507 3739 613 3803 sit,
648 3747 706 3792 ut
748 3736 860 3790 Deo
889 3750 984 3807 pro
1028 3734 1142 3803 ejus
1181 3735 1232 3787 in
1274 3748 1370 3788 nos
1399 3748 1526 3787 cura
1560 3732 1747 3803 dignas
1777 3748 1936 3802 agere

344 3833 542 3902 gratias
571 3831 861 3900 possimus;
904 3842 967 3882 ac
996 3842 1065 3881 ne
1108 3827 1186 3881 sic
1229 3840 1440 3896 quoque
1484 3828 1750 3894 possimus
1784 3842 1797 3879 :
1829 3841 1935 3895 quo

346 3933 502 3995 pacto
530 3920 713 3977 enim?
754 3919 1084 3989 Virginitatis
1119 3917 1270 3972 labor
1309 3928 1361 3972 et
1393 3918 1546 3973 nobis
1575 3925 1632 3972 et
1670 3917 1935 3973 haereticis

346 4032 443 4087 par
469 4024 582 4079 est;
610 4024 768 4084 atque
794 4011 897 4067 illis
927 4012 1149 4065 fortasse
1174 4009 1339 4063 multo
1361 4010 1523 4065 etiam
1546 4008 1718 4078 major
1747 4027 1759 4062 :
1787 4009 1935 4063 labo-

345 4123 464 4163 rum
494 4107 694 4162 fructus
720 4106 891 4175 impar
918 4103 1011 4158 sed
1036 4102 1159 4157 illos
1188 4111 1243 4156 et
1269 4102 1497 4169 vincula,
1531 4111 1585 4156 et
1615 4102 1861 4173 lacrymze
1883 4110 1938 4156 et

347 4198 585 4268 ploratus
616 4205 673 4251 et
701 4194 1027 4249 immortales
1057 4201 1272 4247 manent
1301 4193 1603 4257 cruciatus;
1646 4207 1743 4246 nos
1771 4207 1935 4262 ange-

347 4300 521 4346 lorum
553 4299 746 4350 sortes,
784 4283 1076 4353 Splendida:
1108 4283 1370 4345 lucernm,
1405 4291 1461 4336 et
1501 4282 1642 4352 quod
1674 4282 1935 4338 bonorum

345 4381 584 4437 omnium
622 4386 783 4446 caput
812 4383 927 4440 est,
967 4374 1149 4444 sponsi
1175 4372 1523 4427 consuetudo.
1552 4372 1656 4429 Sed
1677 4374 1934 4443 quamobo

348 4487 462 4527 rem
508 4468 818 4525 earumdem
868 4466 1109 4522 laborant
1176 4466 1439 4529 contraria
1493 4467 1712 4536 praemia
1779 4466 1938 4522 sunt?

348 4562 500 4630 Quod
532 4562 604 4615 illi
631 4558 921 4615 sanciendo
958 4557 1126 4627 legem
1155 4556 1347 4610 divina:
1380 4556 1739 4612 adversariam
1771 4558 1934 4628 virgi-

350 4656 571 4710 nitatem
596 4664 720 4708 sunt
747 4650 976 4721 amplexi
1012 4667 1025 4703 :
1068 4664 1167 4703 nos
1204 4657 1260 4703 ut
1288 4648 1405 4718 ejus
1431 4648 1753 4704 voluntatem
1784 4664 1939 4704 exsc-

348 4762 595 4818 quamur,
625 4744 678 4799 id
709 4744 951 4799 facimus.
982 4742 1146 4797 Deum
1183 4756 1409 4810 namque
1448 4739 1583 4795 velle
1622 4755 1809 4797 onmes
1837 4740 1937 4796 ho-

349 4840 522 4894 mines
541 4852 570 4891 a
593 4834 841 4906 conjugio
864 4833 1154 4897 abstinere,
1177 4833 1220 4886 is
1245 4831 1394 4886 testis
1420 4840 1522 4896 est,
1549 4832 1637 4902 qui
1666 4832 1934 4887 Christum

352 4932 407 4986 in
437 4945 496 4986 se
524 4929 828 4999 loquentem
858 4926 1017 4981 habet
1044 4941 1059 4977 :
1097 4923 1224 4979 Volo
1242 4924 1406 4988 enim,
1438 4924 1626 4994 inquit,
1649 4941 1820 4980 omnes
1840 4926 1935 4979 ho-

351 5023 509 5077 mines
532 5020 604 5076 sic
629 5035 736 5075 esse
753 5059 771 5086 ,
801 5027 856 5072 ut
883 5033 974 5089 ego
998 5033 1109 5070 sum
1126 5057 1142 5082 ,
1162 5015 1496 5071 continentes
1524 5016 1602 5083 (Ι.
1629 5015 1747 5071 Cor.
1772 5016 1827 5071 7.
1856 5016 1935 5088 7).

352 5112 460 5166 Sed
490 5110 735 5165 Salvator
763 5111 922 5167 nobis
950 5126 1199 5181 parcens,
1233 5119 1287 5166 et
1320 5111 1569 5181 spiritum
1597 5121 1933 5182 promptum,

351 5217 571 5262 carnem
602 5200 872 5257 infirmam
908 5217 1031 5258 esse
1059 5202 1238 5257 sciens
1259 5201 1588 5285 Ι(Μαραιὲϐ.
1612 5202 1725 5274 ll),
1756 5201 1811 5257 id
1835 5203 1939 5257 sub

350 5286 603 5357 prmeepti
642 5285 1011 5340 necessitatem
1037 5298 1140 5338 non
1173 5282 1464 5351 conclusit,
1492 5286 1586 5341 sed
1611 5286 1728 5356 ejus
1758 5289 1933 5358 optio-

349 5393 472 5432 nem
495 5375 687 5430 animis
715 5374 912 5429 nostris
936 5374 1195 5444 permisit.
1216 5373 1349 5429 Nam
1377 5376 1420 5429 si
1454 5378 1818 5448 praescriptum
1846 5394 1938 5436 cs-

349 5477 432 5524 set
457 5476 616 5537 atque
639 5467 721 5522 lex
741 5508 757 5533 ,
782 5466 870 5536 qui
903 5465 955 5520 id
987 5464 1354 5535 perfecissent,
1386 5467 1640 5524 honorem
1668 5486 1773 5525 non
1804 5486 1937 5527 con-

348 5567 720 5629 sequerentur,
747 5558 841 5615 sed
883 5558 1013 5613 illud
1042 5557 1317 5626 audirent,
1346 5560 1568 5618 Feci~tis
1594 5565 1734 5635 quod
1763 5564 1937 5622 facere

410 5676 438 5710 ⁸
468 5679 640 5735 Voces,
662 5671 786 5738 Quid
809 5672 876 5724 ita
896 5671 921 5724 .9
943 5675 991 5724 in
1015 5682 1126 5739 tteg.
1148 5674 1345 5727 desunt.

1050 228 1107 287 S.
1149 225 1429 285 J0.\NNIS
1455 223 1932 283 CHRYSOSTOMI
1975 222 2302 285 ARCIIIEP.
2345 227 2887 289 CONSTANTINOP.

3531 243 3632 300 556

2051 345 2308 404 debuistis
2349 349 2515 415 (Luc.
2550 352 2636 418 17,
2687 350 2794 425 10)
2836 367 2850 403 :
2904 368 3078 423 neque
3109 353 3175 409 iis
3198 356 3286 426 qui
3326 370 3431 411 non
3458 370 3639 415 essent

2046 443 2314 510 asscquuti
2354 442 2740 512 ignosceretur,
2772 443 2866 499 sed
2906 446 3154 516 exlcgum
3193 461 3381 518 ptenas
3409 449 3635 504 luerent.

2045 533 2196 589 Nunc
2244 551 2364 590 cum
2395 536 2606 601 dixerit,
2641 538 2741 605 Qui
2789 549 2949 610 potest
2977 557 3172 611 capere,
3206 545 3375 612 capiat
3423 544 3636 615 (Matth.

2048 627 2134 681 19.
2168 628 2269 698 12)
2290 670 2305 694 ,
2345 628 2434 698 qui
2492 644 2597 683 non
2627 639 2845 699 possent
2873 631 3011 686 haud
3047 631 3317 689 danmavit
3349 653 3359 686 :
3394 641 3483 705 qui
3514 651 3634 707 pos-

2045 728 2185 782 sent,
2212 720 2274 773 iis
2299 735 2459 789 grave
2488 730 2648 790 atque
2677 722 2862 792 ingens
2879 731 3162 778 certamen
3209 728 3501 794 proposuit.
3532 726 3623 780 fta-

2042 827 2146 878 que
2168 822 2220 865 et
2242 812 2457 877 Paulus,
2498 812 2732 883 Magistri
2755 813 2991 883 vestigiis
3023 814 3294 881 insistens,
3325 816 3402 873 De
3424 819 3637 888 virgini-

2045 901 2134 955 bus
2160 903 2175 932 ¹
2202 942 2217 966 ,
2254 901 2453 972 inquit,
2494 913 2796 972 prazceptum
2815 903 3020 959 Domini
3039 924 3139 961 non
3168 908 3347 976 habeo,
3370 911 3639 965 consilium

2045 1004 2213 1047 autem
2233 994 2299 1048 do
2330 993 2404 1065 (1.
2430 994 2545 1049 Cor.
2579 996 2631 1050 7.
2659 996 2774 1068 25).

2113 1083 2199 1138 Ill.
2243 1084 2557 1139 Matrimonii
2596 1086 2974 1142 detestationem
3015 1091 3257 1145 satanica:
3309 1091 3639 1147 immanitatis

2041 1192 2168 1231 esse.
2200 1207 2270 1218 ——
2299 1180 2368 1231 At
2394 1194 2440 1232 v.
2462 1193 2523 1232 ro
2555 1194 2725 1248 neque
2764 1179 3036 1246 Marcion,
3068 1197 3239 1252 neque
3287 1183 3632 1251 Valentinus,

2045 1283 2216 1338 neque
2254 1269 2432 1323 Manes
2461 1284 2579 1324 eam
2629 1270 3047 1327 moderationem
3092 1282 3375 1329 tenuerunt
3416 1293 3428 1329 :
3463 1291 3634 1346 neque

2041 1360 2184 1415 enim
2228 1360 2500 1416 Christum
2533 1362 2584 1416 in
2627 1377 2687 1417 se
2719 1361 3028 1433 loquentem
3071 1363 3370 1429 habebant,
3407 1367 3495 1436 qui
3521 1367 3609 1421 ovi

2040 1452 2142 1509 bus
2174 1454 2286 1508 suis
2326 1454 2528 1524 parcit,
2568 1463 2622 1509 et
2651 1470 2747 1524 pro
2774 1455 2838 1510 iis
2877 1455 3037 1509 vitam
3071 1456 3362 1525 impendit,
3395 1456 3488 1512 sed
3530 1456 3635 1511 ho-

2046 1539 2302 1594 micidam
2333 1538 2791 1605 illum,meudacii
2815 1549 3096 1610 parentem
3123 1538 3306 1611 (Joan.
3340 1539 3427 1595 10.
3460 1542 3548 1609 ll;
3571 1544 3629 1597 8.

2046 1630 2160 1701 44).
2180 1633 2363 1702 Itaque
2389 1633 2482 1702 qui
2513 1648 2572 1688 se
2603 1633 2875 1699 audirent,
2910 1647 3101 1688 omnes
3130 1632 3503 1701 perdiderunt,
3530 1648 3628 1687 eos

2048 1725 2137 1780 hic
2166 1725 2450 1781 inutilibus
2476 1735 2639 1795 atque
2666 1726 3025 1782 intolerandis
3060 1725 3344 1782 laboribus
3374 1741 3631 1795 premen-

2048 1823 2148 1878 tes,
2178 1815 2291 1870 illic
2312 1815 2365 1869 in
2383 1823 2632 1885 paratum
2653 1815 2956 1886 sibiignem
2987 1832 3093 1870 una
3115 1832 3299 1872 secum
3327 1816 3624 1870 trahentes.

2110 1907 2199 1963 IV.
2257 1907 2534 1962 Ilwreticos
2584 1909 2802 1979 virgines
2861 1909 3010 1962 etiam
3057 1908 3282 1979 gentibus
3349 1909 3632 1963 miseriores

2039 2017 2163 2054 esse.
2190 2029 2262 2040 —
2280 1998 2325 2054 Ο
2355 2015 2450 2054 vos
2478 2000 2636 2053 etiam
2666 1999 2913 2070 gentibus
2937 2000 3271 2055 miseriores!
3298 2018 3416 2053 nam
3441 2010 3632 2069 gentes

2038 2089 2251 2159 quidem
2283 2088 2381 2144 etsi
2404 2090 2662 2159 gt-lteunte
2688 2091 2942 2160 supplicia
2971 2099 3305 2159 exspectant,
3333 2099 3389 2145 at
3410 2092 3494 2145 hic
3516 2091 3629 2144 sal-

2040 2188 2146 2235 tem
2176 2181 2494 2251 voluptatem
2524 2182 2719 2248 nuptiis
2748 2180 3145 2251 frcqueutandis
3167 2223 3181 2245 ,
3216 2183 3434 2250 pecunia
3462 2192 3628 2237 caete.

2039 2271 2218 2340 risque
2241 2271 2360 2326 vita:
2390 2273 2737 2328 suavitatibus
2763 2273 3072 2339 tractandis,
3100 2275 3314 2343 capiunt
3346 2292 3359 2328 :
3393 2290 3487 2329 vos
3515 2285 3630 2329 tor-

2038 2373 2218 2418 menta
2261 2372 2316 2418 et
2358 2379 2626 2419 terumnas
2670 2365 2968 2434 utrobique,
3000 2375 3053 2419 et
3085 2365 3170 2420 hic
3197 2374 3405 2435 sponte,
3438 2375 3489 2420 et
3523 2366 3631 2419 illic

2038 2456 2188 2511 inviti
2235 2455 2526 2511 sustinetis.
2559 2455 2666 2511 Illis
2718 2472 2815 2527 pro
2837 2456 3042 2528 jejunio
3089 2465 3144 2511 et
3186 2458 3485 2527 virginitate
3530 2472 3631 2512 nec

2039 2546 2342 2601 mercedem
2366 2547 2558 2603 tribuat
2579 2548 2882 2618 quisquam,
2913 2563 3014 2603 nee
3040 2548 3359 2618 supplicium
3388 2549 3623 2618 irroget:

2041 2654 2135 2694 vos
2156 2654 2381 2709 quorum
2420 2640 2636 2696 nomine
2664 2642 2952 2696 immensas
2977 2640 3159 2695 laudes
3192 2642 3438 2711 speratis,
3467 2642 3535 2696 ob
3563 2656 3626 2695 ea

2038 2741 2306 2786 extremas
2338 2746 2521 2800 poenas
2550 2732 2731 2794 luetis,
2776 2741 2833 2786 et
2859 2746 2980 2786 cum
3008 2732 3127 2787 aliis
3156 2731 3415 2800 audietis,
3451 2732 3597 2785 Disce
3626 2762 3629 2765 λ

2039 2822 2144 2874 dite
2170 2838 2201 2873 a
2226 2838 2304 2875 me
2322 2822 2375 2875 in
2393 2821 2560 2892 ignem
2587 2831 2843 2885 (sternunt,
2880 2832 3115 2891 paratum
3135 2823 3337 2876 diabolo
3358 2833 3404 2876 et
3433 2824 3629 2892 angelis

2040 2913 2149 2983 ejus
2179 2911 2388 2982 (Matth.
2414 2912 2507 2969 25.
2538 2912 2651 2984 41),
2683 2928 2803 2968 cum
2832 2913 2933 2968 hoc
2960 2924 3139 2969 vestro
3162 2914 3366 2984 jejunio
3395 2923 3448 2969 et
3467 2914 3629 2982 virgi~

2040 3004 2225 3058 nitate.
2247 3003 2379 3058 Nam
2409 3019 2508 3059 nec
2525 3005 2783 3075 jejunium
2805 3046 2820 3072 ,
2859 3021 2957 3061 nec
2982 3006 3256 3076 virginitas
3287 3021 3382 3076 per
3409 3022 3468 3061 se
3488 3006 3626 3061 bona

2038 3099 2123 3152 vel
2155 3098 2291 3152 mala
2324 3107 2468 3161 sunt,
2498 3098 2592 3153 sed
2618 3114 2684 3153 ex
2711 3113 2895 3152 eorum
2925 3099 3010 3165 qui
3046 3114 3107 3154 ea
3138 3108 3391 3154 exercent
3431 3114 3631 3168 propo-

2040 3192 2144 3247 sito
2173 3190 2489 3246 alterutrum
2522 3190 2678 3246 fiunt.
2705 3191 2772 3245 Et
2797 3192 3044 3261 gentibus
3078 3192 3398 3246 infructuosa
3429 3208 3489 3246 ca
3516 3193 3628 3245 vir-

2040 3294 2123 3339 tus
2152 3293 2270 3340 est:
2304 3300 2412 3339 non
2442 3283 2644 3340 habent
2671 3285 2811 3340 enim
2835 3300 2983 3339 suam
3007 3285 3329 3350 mercedem,
3353 3285 3491 3355 quod
3521 3300 3627 3337 non

2043 3376 2135 3431 Dei
2177 3384 2320 3431 metu
2359 3390 2476 3431 eam
2508 3375 2737 3431 obierint
2768 3394 2779 3429 :
2822 3390 2917 3430 vos
2944 3376 3031 3445 qui
3070 3374 3208 3430 bello
3248 3390 3368 3428 cum
3404 3375 3511 3429 Deo
3537 3390 3633 3444 ge-

2040 3468 2227 3535 rendo,
2258 3478 2416 3538 atque
2435 3470 2551 3539 ejus
2579 3468 2830 3538 operibus
2855 3468 3199 3523 criminandis
3224 3484 3341 3523 eam
3367 3468 3628 3533 obieritis,

2041 3575 2146 3615 non
2177 3558 2338 3614 modo
2381 3558 2683 3614 mercedem
2723 3567 2953 3614 vestram
3002 3574 3107 3611 non
3159 3557 3400 3623 habetis,
3449 3557 3541 3611 sed
3574 3567 3634 3612 ct

2042 3651 2343 3719 plectemini
2379 3667 2392 3703 :
2425 3665 2488 3705 ac
2527 3650 2668 3721 quod
2713 3651 2904 3705 attinet
2944 3649 3009 3704 ad
3053 3650 3336 3719 dogmata,
3366 3664 3485 3703 cum
3526 3649 3634 3703 illis

2041 3742 2412 3808 censebimini,
2438 3742 2527 3810 qui
2559 3741 2781 3811 perinde
2805 3751 2962 3811 atque
2987 3740 3231 3810 gentiles,
3254 3755 3382 3796 vero
3410 3740 3516 3794 Deo
3540 3754 3630 3794 re-

2036 3835 2199 3904 jccto,
2230 3836 2449 3890 deorum
2482 3834 2869 3888 multitudinem
2902 3833 3208 3888 invexeritis
3239 3850 3252 3886 :
3287 3833 3428 3903 quod
3452 3833 3518 3888 ad
3547 3834 3631 3886 vi-

2043 3933 2150 3980 tam
2176 3935 2378 3991 autem,
2410 3925 2600 3980 melius
2620 3941 2741 3980 cum
2770 3925 2877 3980 illis
2906 3939 3065 3994 quam
3094 3923 3368 3979 vobiscum
3393 3932 3581 3994 agetur
3610 3942 3627 3978 :

2042 4024 2165 4069 nam
2194 4016 2296 4070 illis
2325 4015 2427 4070 hoc
2455 4016 2626 4071 solum
2652 4016 2833 4070 damni
2860 4026 2973 4083 ρει,
3014 4015 3144 4071 nihil
3177 4016 3302 4071 boni
3340 4017 3630 4085 consequi,

2041 4105 2193 4160 vobis
2218 4107 2378 4160 etiam
2401 4106 2655 4175 supplicia
2689 4111 2795 4175 pati
2819 4123 2833 4159 :
2862 4115 3021 4177 atque
3048 4107 3151 4162 illis
3177 4107 3229 4162 in
3259 4107 3357 4162 hac
3382 4107 3484 4161 vita
3514 4122 3634 4161 om-

2045 4197 2199 4251 nibus
2227 4197 2325 4251 frui
2367 4197 2534 4261 licuit,
2564 4212 2661 4252 vos
2687 4197 2924 4266 utrisque
2961 4198 3177 4253 caretis.
3213 4198 3293 4252 An
3340 4214 3496 4267 pmna
3524 4199 3635 4254 ulla

2042 4289 2254 4358 gravior
2282 4303 2398 4344 esse
2428 4298 2618 4357 polCSl,
2643 4303 2800 4358 quam
2830 4288 3082 4357 Supplicia
3108 4288 3349 4343 laborum
3379 4303 3442 4343 ac
3464 4288 3633 4343 sudo-

2042 4397 2160 4434 rum
2190 4380 2462 4448 prmmium
2490 4379 2716 4448 capere?
2742 4379 2983 4443 Aduler,
3007 4379 3371 4445 defraudator,
3392 4383 3480 4451 qui
3502 4381 3637 4434 alie-

2044 4489 2109 4529 na
2151 4474 2385 4529 suaviter
2406 4472 2719 4542 abliguriat,
2755 4481 2808 4525 et
2852 4470 3078 4540 proximi
3105 4471 3241 4526 bona
3269 4473 3456 4541 rapiat,
3486 4472 3634 4527 sola-

2045 4564 2174 4618 tium
2198 4562 2413 4633 aliquod
2441 4562 2656 4629 habent,
2687 4562 2845 4617 breve
2877 4561 2926 4615 id
2952 4561 3187 4630 quidem,
3212 4561 3305 4616 sed
3334 4562 3527 4617 habent
3551 4572 3633 4615 ta-

2045 4674 2208 4725 men,
2255 4657 2396 4728 quod
2423 4672 2608 4712 eorum
2640 4656 2853 4710 nomine
2902 4656 3222 4726 plectantur,
3271 4670 3496 4725 quormn
3547 4655 3636 4709 hic

2045 4751 2272 4806 fructum
2317 4749 2634 4804 habuerunt.
2665 4749 2850 4818 Atqui
2882 4756 3242 4817 paupertatem
3286 4757 3477 4817 sponte
3512 4748 3628 4812 init,

2044 4853 2105 4899 ut
2135 4843 2239 4898 illic
2262 4842 2650 4911 'locupletetur,
2687 4842 2776 4911 qui
2820 4840 3138 4911 virginitatis
3165 4839 3375 4895 labores
3394 4880 3409 4907 ,
3439 4848 3497 4894 ut
3525 4840 3637 4895 illic

2046 4950 2166 4991 cum
2197 4935 2399 5005 angelis
2440 4935 2666 4990 choreas
2693 4934 2886 4988 ducat:
2926 4933 2971 4987 is
3008 4932 3051 4986 si
3096 4941 3316 5002 repente
3341 4946 3402 4987 ac
3444 4941 3640 5001 pra'tcr

2046 5040 2260 5082 omnem
2289 5026 2742 5096 exspectationem
2764 5025 2833 5079 ob
2859 5040 2919 5077 ea
2953 5038 3137 5092 ptenas
3162 5023 3273 5089 det,
3306 5022 3375 5077 ob
3396 5037 3515 5093 qua:
3548 5022 3635 5076 in-

2045 5133 2175 5189 gens
2201 5119 2476 5188 praemium
2508 5126 2846 5185 speraverat,
2877 5115 3145 5170 infandum
3178 5124 3432 5185 quantum
3460 5131 3523 5170 ex
3556 5115 3640 5168 in-

2047 5220 2260 5283 sperato
2291 5220 2481 5266 eventu
2521 5209 2763 5265 dolorem
2793 5210 2987 5279 capiat.
3034 5210 3143 5278 Ego
3170 5208 3312 5264 enim
3349 5223 3472 5264 eum
3499 5223 3638 5262 con-

2045 5302 2266 5359 scientia
2293 5316 2445 5371 :eque
2477 5312 2637 5370 atque
2676 5301 2886 5354 flamma
2916 5301 3205 5355 cruciatum
3248 5300 3312 5355 iri
3347 5299 3596 5355 existimo
3618 5340 3636 5366 ,

2046 5412 2166 5452 cum
2200 5396 2251 5450 in
2280 5404 2512 5449 mentem
2535 5393 2730 5462 veniet,
2753 5392 2842 5463 qui
2871 5406 3049 5462 parem
3072 5406 3252 5447 secum
3282 5390 3518 5446 laborem
3549 5405 3643 5445 ce-

2047 5488 2243 5558 perint,
2271 5502 2391 5542 cum
2433 5485 2648 5542 Christo
2688 5485 2881 5556 degere
2912 5502 2925 5538 :
2958 5498 3017 5539 se
3062 5493 3241 5539 autem
3265 5525 3280 5549 ,
3308 5481 3378 5538 ob
3405 5498 3524 5552 quze
3565 5483 3638 5536 illi

2112 5624 2127 5654 ι
2166 5628 2292 5673 "me.
2320 5602 2380 5668 de
2406 5596 2697 5676 rirqinibns,
2723 5616 2904 5667 desunt
2948 5618 2995 5665 in
3019 5614 3182 5665 Morel.
3219 5622 3271 5666 ct
3301 5613 3522 5674 Plautia,
3548 5616 3639 5663 sed

2050 5685 2291 5734 habentur
2315 5683 2361 5729 itt
2385 5682 2522 5730 savil.
2552 5687 2603 5730 et
2626 5681 2671 5728 "ut
2697 5687 2812 5741 tteg.
