3884 6214
217 243 323 298 53':

213 357 434 413 arcanis
471 357 625 411 bonis
655 356 913 422 fruantur,
943 354 1013 409 ob
1040 369 1103 410 ea
1131 362 1397 409 extremas
1428 366 1613 422 pinnas
1644 353 1810 418 luere,

214 451 395 519 etqui
429 451 590 504 vitam
625 446 793 519 egerit
825 462 1067 502 severam
1087 487 1102 511 ,
1125 446 1341 518 gravius
1367 442 1612 500 mulctari
1657 459 1816 513 quam

212 542 512 596 dissolutos
540 555 604 594 ac
632 540 755 593 luxu
785 539 1046 610 perditos.

292 632 361 686 Ἴ.
399 632 769 688 Raeticarum
798 631 1139 703 uirginitatem
1164 627 1240 682 uel
1275 626 1525 682 adulterio
1558 626 1818 697 foediorem

218 743 349 780 esse.
378 757 446 765 ——
462 726 673 780 Etenim
696 724 1067 779 hazreticorum
1089 723 1414 777 continentia
1431 722 1578 776 omni
1597 729 1683 775 est
1698 720 1817 775 libi-

218 819 348 874 dine
378 818 548 887 pejor.
595 816 722 871 Hrec
763 830 993 886 namque
1034 814 1280 885 injuriam
1310 813 1615 868 hominibus
1641 812 1815 867 solum

221 911 403 973 infert,
430 910 519 965 illa
539 924 662 964 eum
696 909 804 963 Deo
828 916 1047 977 pugnat,
1075 914 1236 976 atque
1270 906 1528 960 infinitam
1558 905 1702 960 illam
1724 918 1816 959 sa-

223 1004 483 1072 pientiam
513 1001 694 1055 laedit:
722 999 984 1070 ejusmodi
1011 1000 1228 1070 laqueos
1254 999 1366 1053 suis
1383 998 1677 1053 cultoribus
1701 996 1818 1052 dia-

222 1096 382 1150 bolus
414 1095 601 1149 tendit.
644 1093 776 1148 Nam
802 1092 1175 1147 hmrelicorum
1204 1090 1558 1161 virginitatem
1587 1088 1813 1143 vafritiei

222 1187 341 1254 ejus
375 1185 564 1256 procul
585 1184 746 1239 dubio
768 1183 1041 1239 inventum
1071 1196 1211 1249 esse,
1245 1198 1350 1237 non
1375 1196 1495 1252 ego,
1527 1180 1620 1235 sed
1644 1181 1687 1234 is
1713 1195 1811 1233 au-

223 1286 342 1331 ctor
366 1285 471 1342 est,
500 1276 591 1346 qui
611 1275 727 1345 ejus
761 1274 981 1330 consilia
1012 1288 1117 1329 non
1148 1274 1372 1343 ignorat.
1397 1272 1535 1339 Quid
1580 1272 1738 1343 igitur
1768 1272 1813 1325 is

224 1370 338 1424 ait?
360 1370 590 1439 Spiritus
614 1369 878 1439 manifeste
911 1367 1053 1433 dicit,
1082 1367 1200 1437 quia
1225 1367 1278 1418 in
1305 1365 1590 1420 novissimis
1616 1374 1811 1434 tempo-

225 1459 362 1514 ribus
387 1460 642 1513 discedent
670 1458 877 1529 quidam
905 1475 937 1510 a
959 1457 1080 1526 ﬁde,
1107 1456 1415 1510 attendentes
1439 1454 1698 1524 spiritibus
1728 1470 1810 1507 er-

226 1554 377 1618 roris,
403 1562 449 1606 et
478 1551 718 1605 doctrinis
738 1550 1123 1615 daemoniorum,
1146 1549 1198 1601 in
1217 1548 1472 1619 hypocrisi
1506 1548 1813 1617 loquentium

227 1644 546 1697 mendacium
570 1685 585 1707 ,
616 1652 664 1696 et
703 1642 1030 1697 eauteriatam
1070 1639 1359 1693 habentium
1384 1655 1527 1693 suam
1553 1638 1815 1692 conscien-

225 1737 369 1800 tiam,
400 1734 766 1803 prohibentium
794 1732 998 1799 nubere,
1030 1731 1277 1785 abstinere
1302 1748 1333 1784 a
1356 1731 1480 1785 cibis
1520 1746 1644 1800 quos
1676 1728 1812 1783 Deus

225 1826 411 1878 creauit
439 1826 518 1893 (l.
550 1824 679 1878 Tim.
710 1825 764 1878 4.
795 1824 934 1893 1-5).
966 1822 1066 1889 Qui
1094 1822 1251 1892 igitur
1276 1821 1425 1892 virgo
1449 1819 1610 1876 fuerit
1636 1836 1753 1889 qua:
1779 1834 1809 1874 a

226 1914 331 1969 fide
351 1914 550 1981 deﬁcit,
572 1930 688 1985 qua:
711 1914 895 1983 planos
916 1913 1083 1979 audit,
1114 1928 1231 1983 quae
1251 1912 1582 1967 dmmonibus
1606 1912 1812 1967 obtem-

228 2017 400 2075 perat,
430 2022 549 2076 qua:
584 2005 918 2061 mendacium
941 2005 1111 2059 colit?
1144 2004 1355 2074 ecquid,
1396 2005 1631 2074 inquam,
1662 2004 1812 2073 virgo

228 2108 331 2166 at,
354 2115 472 2169 qua:
501 2099 734 2153 cauterio
773 2098 1004 2151 inustam
1032 2096 1190 2151 habet
1225 2096 1643 2151 conscientiam?
1676 2095 1809 2151 Nam

227 2192 377 2260 virgo
422 2206 527 2243 non
559 2190 729 2244 solum
760 2203 1019 2258 corpore,
1049 2187 1142 2242 sed
1168 2188 1328 2242 etiam
1358 2188 1538 2241 animo
1574 2201 1704 2256 pura
1743 2186 1813 2241 sit

227 2294 459 2353 oportet,
490 2300 609 2353 qua:
638 2291 881 2337 sanctum
920 2282 1068 2336 illum
1095 2296 1349 2351 sponsum
1380 2289 1663 2350 exceptura
1685 2288 1766 2334 cst
1794 2296 1807 2333 :

228 2376 344 2430 haec
365 2385 442 2431 tot
467 2376 657 2430 inustis
684 2376 827 2429 notis
853 2374 941 2445 qui
961 2373 1176 2428 tandem
1196 2388 1326 2443 pura
1350 2372 1457 2426 sit?
1476 2371 1604 2425 Nam
1632 2370 1678 2424 si
1706 2379 1813 2425 ter-

227 2483 385 2523 renas
410 2469 569 2523 etiam
593 2482 751 2522 curas
775 2467 842 2522 ab
866 2466 967 2521 hoc
993 2466 1227 2520 thalamo
1252 2473 1430 2520 arceat
1458 2477 1682 2519 necesse
1705 2469 1808 2525 est,

227 2570 284 2614 ut
307 2576 427 2630 qua:
446 2575 567 2614 cum
597 2560 665 2614 iis
695 2568 881 2613 ornata
909 2572 1028 2614 esse
1056 2565 1303 2627 nequeat,
1326 2554 1593 2627 quomodo
1612 2553 1813 2623 cogita-

228 2655 372 2708 tione
402 2654 663 2722 sacrilega
694 2653 837 2707 intus
860 2652 1179 2706 observante
1219 2646 1535 2718 virginitatis
1563 2643 1815 2714 splendo-

226 2760 339 2799 rem
363 2744 611 2798 tueatur?

301 2836 389 2889 Vl.
428 2834 705 2889 llwreticos
730 2834 948 2904 virgines
976 2848 1078 2886 non
1105 2831 1302 2885 animas
1328 2829 1520 2893 solum,
1553 2827 1640 2881 sed
1661 2827 1815 2881 etiam

226 2946 447 3000 corpora
476 2928 720 2999 polluere.
751 2956 823 2968 —
858 2926 992 2981 Nam
1018 2926 1117 2980 etsi
1142 2925 1191 2979 ei
1229 2937 1426 2992 corpus
1462 2922 1664 2975 salvum
1693 2928 1812 2985 est,

226 3022 391 3076 animi
420 3030 617 3082 tamen,
647 3034 767 3088 qua:
795 3034 917 3086 pars
942 3026 1026 3072 est
1048 3018 1244 3087 potior,
1273 3022 1396 3070 sunt
1416 3020 1661 3082 corrupta
1687 3025 1815 3065 con-

226 3114 366 3169 silia.
391 3112 527 3180 Quid
555 3119 732 3165 autem
760 3109 918 3165 refert
940 3108 1165 3177 disjecto
1186 3104 1384 3175 templo
1411 3111 1558 3173 septa
1586 3101 1815 3158 restare?

228 3213 321 3257 aut
346 3202 532 3272 quanti
562 3204 785 3255 interest
811 3214 1000 3269 purum
1025 3212 1145 3252 esse
1166 3196 1284 3250 solii
1309 3196 1505 3261 locum,
1537 3193 1671 3247 solio
1700 3207 1818 3247 sor-

227 3296 387 3349 dibus
433 3290 750 3363 inquinato?
798 3290 1129 3358 Quamquam
1171 3301 1269 3341 nec
1314 3288 1465 3340 abest
1493 3298 1520 3336 a
1560 3283 1813 3353 piaculo:

227 3386 557 3455 blasphemia
603 3384 745 3437 enim
775 3391 933 3451 atque
979 3380 1155 3449 impiae
1184 3393 1343 3433 voces
1378 3392 1500 3431 cum
1531 3380 1672 3429 intus
1702 3375 1786 3428 for

230 3487 477 3542 mentur,
521 3476 665 3529 intus
692 3474 744 3529 in
773 3473 954 3527 animo
980 3486 1093 3526 non.
1116 3478 1353 3532 manent,
1385 3466 1479 3522 sed
1505 3475 1560 3523 et
1582 3466 1815 3535 linguam

230 3586 327 3624 ore
354 3569 578 3637 prolatae
605 3573 661 3621 et
688 3580 846 3619 aures
865 3578 983 3633 qua:
1003 3561 1294 3630 suscipiant
1317 3558 1576 3629 polluunt,
1603 3564 1657 3611 et
1675 3556 1820 3609 velut

231 3659 506 3713 mortifera
535 3672 738 3711 venena
773 3655 827 3709 in
856 3653 1090 3708 animum
1131 3652 1339 3721 illapsa,
1366 3649 1598 3703 radicem
1628 3658 1817 3700 corro-

232 3754 366 3806 dunt
392 3752 578 3821 quavis
607 3750 747 3803 tinea
776 3747 1008 3816 gravius,
1032 3758 1151 3798 cum
1178 3756 1346 3811 eaque
1370 3740 1629 3808 reliquum
1660 3750 1819 3789 omne

232 3857 430 3915 corpus
465 3839 710 3909 perdunt.
742 3838 919 3905 Quare
958 3835 1002 3889 si
1030 3833 1344 3903 virginitatis
1368 3827 1605 3884 deﬁnitio
1633 3834 1737 3892 est,
1767 3833 1823 3880 et

234 3935 415 3988 animo
440 3941 493 3986 et
527 3945 753 3998 corpore
798 3934 1033 3981 sanctam
1064 3938 1221 3978 esse:
1254 3923 1368 3975 haec
1393 3934 1511 3989 qum
1541 3928 1822 3984 utramque

236 4025 289 4077 in
324 4032 529 4092 partem
560 4019 778 4090 profana
808 4026 861 4071 et
894 4015 1152 4071 scelerata
1175 4013 1272 4073 sit,
1300 4000 1390 4081 qui
1430 4009 1642 4063 tandem
1675 4007 1822 4076 virgo

236 4113 430 4169 fuerit?
468 4115 532 4164 At
560 4112 704 4164 enim
735 4108 862 4162 mihi
893 4114 947 4160 et
974 4120 1036 4159 os
1071 4102 1355 4173 pallidum,
1393 4107 1448 4153 et
1478 4098 1705 4168 graciles
1731 4111 1820 4151 ar-

236 4215 344 4269 tus,
369 4214 423 4257 et
465 4203 623 4255 vilem
654 4200 906 4254 amictum
938 4204 994 4250 et
1023 4203 1292 4263 aspectum
1324 4190 1541 4259 prmiert
1569 4202 1821 4243 mansue-

238 4307 374 4350 tum.
400 4293 466 4347 Et
484 4292 608 4362 quid
631 4300 741 4343 tum
765 4298 967 4358 postea,
991 4286 1036 4340 si
1059 4283 1337 4354 impudens
1358 4290 1440 4335 est
1461 4280 1681 4334 interior
1698 4294 1827 4333 ocu-

238 4388 355 4443 lus?
384 4385 521 4453 Quid
552 4384 695 4438 enim
724 4396 790 4436 eo
819 4386 1038 4447 aspectu
1079 4373 1439 4444 impudentius
1481 4378 1583 4436 est,
1613 4370 1703 4439 qui
1731 4384 1826 4423 ex—

238 4479 467 4533 teriores
514 4474 699 4529 oculos
751 4470 998 4534 inducat,
1052 4481 1138 4520 res
1190 4479 1218 4517 a
1276 4463 1385 4517 Deo
1434 4470 1641 4515 creatas
1682 4459 1826 4515 velut

238 4572 458 4625 vitiosas
486 4565 782 4636 usurpare?
815 4564 992 4617 Omnis
1019 4560 1181 4632 gloria
1206 4558 1328 4627 ﬁlia:
1352 4556 1483 4626 regis
1509 4565 1581 4609 est
1620 4555 1827 4609 interior

242 4664 365 4731 (Ps.
394 4664 483 4717 M.
512 4661 617 4731 li)
646 4676 659 4713 :
694 4659 808 4711 haec
835 4656 1090 4710 orationis
1123 4651 1315 4706 seriem
1357 4649 1591 4711 invertit,
1620 4656 1672 4701 et
1698 4646 1828 4699 foris

241 4754 411 4824 gloria
436 4755 629 4803 amicta
654 4748 798 4801 omni
827 4745 969 4800 intus
995 4743 1230 4798 foeditate
1260 4740 1486 4795 laborat.
1513 4737 1644 4792 Illud
1672 4751 1829 4790 nam-.

243 4861 347 4916 que
375 4844 646 4912 indignum
670 4840 874 4894 facinus
898 4845 1001 4899 est,
1023 4849 1143 4905 quae
1168 4832 1480 4887 modestiam
1502 4843 1627 4898 erga
1650 4827 1827 4882 homi—

244 4953 342 4992 nes
371 4948 635 4989 summam
660 4938 898 5002 przestet,
930 4942 1048 4982 eam
1080 4925 1130 4978 in
1163 4925 1326 4978 Deum
1354 4929 1648 4976 creatorem
1674 4933 1827 4972 suum

246 5041 486 5084 extrema
504 5024 706 5079 insania
729 5023 804 5075 uti
827 5039 841 5087 ;
863 5028 918 5074 et
936 5033 1054 5089 quae
1070 5017 1240 5070 virum
1262 5015 1343 5069 vel
1368 5013 1561 5067 intueri
1584 5027 1687 5065 non
1710 5026 1828 5064 sus-

248 5120 435 5181 tineat,
468 5117 512 5168 si
534 5129 652 5184 quae
676 5124 852 5167 tamen
877 5112 929 5164 in
958 5111 1021 5163 iis
1056 5108 1189 5163 tales
1218 5113 1369 5170 sunt,
1386 5102 1687 5158 mortalium
1721 5102 1829 5154 llo-

249 5210 450 5263 minuni
480 5202 873 5272 impudentibus
900 5199 1067 5255 oculis
1094 5206 1334 5267 spectare
1353 5236 1368 5262 ,
1408 5202 1699 5262 contraque
1734 5206 1831 5244 ex-

247 5303 452 5356 celsum
490 5295 689 5351 nefaria
714 5294 860 5364 loqui
895 5310 907 5347 :
936 5292 1105 5346 buxea
1128 5290 1193 5344 iis
1217 5288 1379 5342 facies
1408 5294 1510 5351 est,
1535 5284 1834 5353 mortuique

250 5391 461 5445 similis.
484 5387 565 5442 0b
586 5387 641 5443 id
663 5386 809 5441 enim
828 5384 1007 5439 multis
1035 5379 1285 5452 lacrymis
1304 5393 1367 5432 ac
1393 5376 1639 5432 lamentis
1660 5376 1835 5446 digna:

252 5492 395 5546 sunt,
428 5479 572 5551 quod
602 5494 708 5533 non
736 5478 908 5533 solum
936 5474 1152 5539 frustra,
1184 5470 1277 5526 sed
1303 5469 1463 5524 etiam
1495 5469 1548 5521 in
1577 5466 1658 5522 sui
1691 5467 1837 5536 capi-

255 5576 321 5628 tis
343 5573 631 5643 perniciem
657 5577 861 5623 tantum
883 5579 1239 5622 terumnarum
1269 5560 1621 5630 susceperint.

329 5663 436 5718 Vll.
487 5661 745 5733 Virginem
788 5675 889 5713 non
928 5656 1138 5722 vestitu,
1165 5652 1252 5707 sed
1298 5653 1468 5706 animo
1510 5646 1845 5720 spectandam

1580 238 1667 293 DE
1704 235 2162 293 VIRGINITA'I'E.

3401 237 3505 292 533

1931 368 2054 405 esse.
2084 383 2155 393 —
2183 349 2315 405 Vilis
2341 357 2424 407 est
2442 350 2667 406 amictus
2700 368 2712 403 :
2745 358 2799 406 at
2828 365 2933 407 non
2964 352 3017 407 in
3044 353 3273 408 vestibus
3302 366 3391 409 aut
3412 371 3507 411 co-

1926 442 2060 508 lore,
2086 443 2179 497 sed
2211 442 2263 496 in
2288 443 2468 498 animo
2502 452 2663 513 atque
2685 457 2909 514 corpore
2938 444 3210 513 virginitas
3240 454 3338 500 est.
3371 445 3504 502 Nam

1924 547 2044 587 cum
2075 548 2174 589 nec
2199 533 2570 604 philosophum
2596 547 2750 588 conta
2769 575 2784 600 ,
2811 542 2904 589 aut
2926 533 3115 589 baculo
3133 574 3147 598 ,
3164 544 3269 593 aut
3300 535 3501 602 abolla,

1924 625 2017 678 sed
2044 625 2282 680 moribus
2301 633 2355 679 et
2377 624 2559 679 animo
2579 624 2860 679 metiantur
2874 639 2903 691 ;.
2921 641 3018 681 nec
3038 626 3265 680 militem
3290 627 3509 695 paluda-

1923 727 2128 783 mento,
2155 727 2249 773 aut
2275 719 2475 785 balteo,
2505 717 2600 772 sed
2626 717 2819 773 robore
2841 728 2894 773 et
2929 718 3362 790 magnanimitate
3393 735 3406 771 :
3437 734 3505 772 an

1924 826 2027 866 non
2053 811 2339 865 absurdum
2366 810 2437 866 sit
2472 811 2697 881 virgini,
2724 809 2804 865 rei
2828 820 2933 865 tam
2972 812 3241 881 praeclarae
3259 852 3274 876 ,
3306 821 3365 866 et»
3388 828 3507 881 quae

1924 903 2157 955 humana
2184 902 2364 955 omnia
2390 909 2631 970 superet,
2657 901 2836 972 capilli
2856 902 3178 972 squalorem,
3210 902 3388 957 vultus
3412 903 3509 957 dc—

1920 994 2250 1061 missioncm,
2278 1009 2342 1049 ac
2365 994 2561 1063 pullam
2586 1003 2813 1059 vestem,
2843 1003 3045 1048 temere
3072 1008 3201 1048 sane
3223 1009 3284 1049 ac
3313 995 3505 1064 supine

1920 1086 2099 1140 virtuti
2125 1085 2343 1153 ducere,
2372 1101 2472 1141 nec
2496 1086 2615 1155 ejus
2643 1085 2823 1140 animo
2849 1084 3117 1140 denudato
3135 1127 3149 1151 ,
3180 1084 3305 1141 inde
3330 1084 3505 1140 studia

1919 1178 2035 1247 ejus
2058 1188 2306 1233 accurate
2343 1178 2663 1250 explorare?
2693 1179 2761 1232 At
2786 1193 2891 1233 non
2924 1178 2973 1232 id
3002 1179 3280 1249 permittit,
3304 1180 3394 1248 qui
3417 1179 3504 1233 lu-

1917 1277 2019 1324 ctte
2047 1269 2205 1339 hujus
2224 1269 2367 1340 leges
2408 1270 2583 1324 sanxit
2614 1287 2629 1321 :
2664 1284 2835 1340 neque
2872 1271 3013 1325 enim
3044 1286 3159 1336 eos,
3198 1270 3291 1341 qui
3319 1271 3506 1325 inhoc

1919 1368 2190 1416 certamen
2233 1374 2293 1416 se
2334 1361 2648 1431 conjiciunt,
2695 1362 2911 1429 vestitu,
2962 1361 3057 1416 sed
3096 1362 3428 1432 dogmatibus
3450 1371 3506 1416 et

1917 1451 2098 1505 animo
2125 1452 2353 1521 spectari
2373 1452 2542 1519 jubet.
2580 1452 2681 1519 Qui
2704 1454 2837 1505 enim
2862 1463 3053 1517 certat,
3087 1454 3276 1523 inquit,
3307 1454 3369 1507 ab
3393 1470 3506 1508 om-

1915 1542 2063 1596 nibus
2078 1558 2132 1596 se
2167 1544 2383 1597 continet
2407 1543 2483 1614 (l.
2504 1541 2622 1598 Cor.
2644 1543 2699 1600 9.
2721 1544 2838 1615 25),
2873 1545 3076 1599 scilicet
3101 1561 3219 1615 quae
3242 1544 3403 1600 animi
3421 1560 3506 1599 sa-

1917 1633 2135 1687 nitatem
2180 1633 2465 1689 infestent:
2494 1644 2569 1698 et,
2620 1633 2785 1688 Nemo
2808 1644 3097 1700 coronatur,
3147 1634 3246 1688 nisi
3288 1634 3507 1704 legitime

1912 1723 2175 1776 certaverit
2202 1721 2280 1794 (2.
2308 1721 2443 1776 Tim.
2467 1722 2522 1775 2.
2551 1722 2626 1793 5).
2673 1723 2803 1789 Qum
2828 1734 2953 1777 sunt
2978 1722 3137 1793 igitur
3166 1723 3318 1777 luctas
3348 1722 3506 1792 hujus

1915 1813 2098 1882 leges?
2119 1812 2255 1867 Audi
2280 1812 2534 1867 eumdem
2557 1812 2842 1877 dicentem,
2870 1814 2951 1866 vel
2978 1814 3156 1883 potius
3182 1814 3233 1867 in
3261 1827 3327 1868 eo
3344 1814 3503 1869 Chri-

1917 1913 2057 1958 stum
2102 1904 2413 1958 certaminis
2455 1912 2727 1958 auctorem
2761 1920 2775 1957 :
2807 1902 3118 1957 Honorabile
3145 1912 3221 1957 est
3245 1905 3522 1959 matrime-u

1916 1996 2058 2047 nium
2086 2004 2131 2047 et
2157 2002 2295 2047 torus
2322 1993 2674 2047 immaculatus
2705 1992 2862 2066 (Heb.
2895 1994 2981 2048 13.
3010 1992 3087 2063 4).

1994 2085 2123 2140 Vill.
2169 2085 2359 2157 Virgini
2395 2102 2513 2156 erga
2557 2087 2795 2156 conjuges
2827 2091 3014 2155 fastum
3052 2086 3351 2140 detrimento
3376 2103 3500 2143 esse.

1916 2207 1987 2218 —
2014 2178 2149 2244 Quid
2180 2194 2309 2234 vero
2350 2178 2453 2233 hoc
2479 2177 2692 2243 adrme,
2726 2179 2928 2248 inquit,
2976 2195 3095 2249 quas
3124 2181 3366 2234 nuntium
3391 2195 3504 2237 ma-

1919 2270 2177 2325 trimonio
2194 2270 2413 2324 remisi?
2436 2270 2490 2324 Id
2516 2270 2680 2333 enim,
2706 2270 2919 2335 misera,
2945 2271 2995 2324 id
3024 2280 3073 2324 te
3093 2269 3337 2340 perdidit,
3362 2271 3503 2341 quod

1917 2362 2047 2417 nihil
2072 2361 2168 2417 tibi
2187 2376 2306 2416 cum
2334 2376 2401 2417 eo
2426 2360 2676 2432 dogmate
2700 2376 2984 2416 commune
3006 2360 3300 2417 existimas.
3324 2361 3504 2431 itaque

1919 2473 2031 2513 rem
2046 2472 2163 2513 eam
2177 2465 2418 2512 extremo
2435 2463 2744 2524 contemptu
2762 2462 3104 2525 prosequuta,
3118 2464 3174 2508 et
3186 2453 3278 2508 Dei
3295 2467 3349 2508 sa
3357 2454 3506 2524 pien~

1918 2549 2004 2603 tite
2046 2547 2421 2603 contumeliam
2469 2545 2660 2612 fecisti,
2689 2555 2746 2601 et
2790 2555 3031 2600 naturam
3058 2561 3237 2601 rerum
3283 2559 3499 2602 omnem

1916 2638 2195 2693 criminata
2214 2653 2294 2693 es.
2316 2636 2449 2692 Nam
2471 2637 2516 2691 si
2544 2637 2809 2707 impurum
2833 2636 3233 2691 matrimonium
3260 2644 3363 2702 est,
3384 2636 3501 2689 ani-

1918 2738 2128 2785 mantes
2164 2730 2324 2785 etiam
2363 2744 2433 2783 ex
2464 2742 2529 2783 eo
2569 2736 2829 2797 suscepta:
2870 2727 3092 2796 impura:
3119 2741 3309 2781 omnes
3337 2736 3501 2793 sunt,

1917 2831 2078 2891 atque
2105 2819 2240 2874 adeo
2261 2827 2315 2874 et
2340 2833 2438 2873 vos
2463 2832 2672 2888 :neqne
2696 2818 2839 2873 enim
2861 2816 3086 2872 dixerim
3113 2816 3386 2872 hominum
3409 2831 3505 2870 na-

1919 2921 2114 2966 turam.
2141 2909 2421 2977 Quomodo
2451 2909 2609 2980 igitur
2628 2909 2779 2979 virgo
2804 2917 2918 2973 est;
2950 2924 3069 2979 qua;
3098 2908 3346 2978 impura?
3369 2907 3502 2962 Nam

1919 3005 2084 3058 altera
2117 3003 2230 3057 haec
2251 3043 2267 3068 ,
2306 3001 2417 3057 imo
2442 3010 2496 3056 et
2524 3001 2679 3055 tertia
2708 3002 3003 3070 excogitata
3036 3001 3188 3055 vobis
3211 3001 3422 3057 foeditas
3449 3009 3505 3056 et

1921 3093 2197 3163 impuritas
2222 3101 2335 3156 est;
2358 3106 2420 3146 ac
2448 3107 2567 3161 qua:
2593 3090 2987 3144 matrimonium
3020 3090 3164 3144 velut
3183 3091 3503 3161 flagitiosum

1921 3184 2213 3255 refugistis,
2244 3199 2309 3238 eo
2337 3184 2454 3252 ipso
2481 3182 2621 3251 quod
2652 3182 2942 3252 refugistis,
2985 3183 3225 3236 omnium
3245 3184 3375 3238 estis
3404 3185 3503 3239 lla-

1919 3275 2304 3345 gitiosissimzr,
2329 3273 2631 3344 virginitate
2649 3281 2834 3342 stupro
2853 3272 3076 3327 ftediore
3100 3273 3331 3328 inventa.
3355 3275 3505 3343 Quo-

1923 3381 2043 3420 nam
2076 3365 2236 3435 igitur
2264 3364 2382 3418 loco
2410 3379 2509 3418 vos
2546 3362 2848 3433 ponemus?
2873 3378 2993 3416 cum
3022 3362 3257 3418 iudicis?
3289 3366 3358 3418 At
3397 3381 3505 3421 non

1921 3455 2258 3511 sustinebunt
2292 3471 2305 3507 :
2347 3468 2468 3509 nam
2517 3462 2571 3507 et
2615 3453 3012 3507 matrimonium
3052 3452 3271 3520 colunt,
3323 3462 3378 3510 et
3409 3456 3506 3510 Dei

1922 3548 2246 3603 creationem
2277 3546 2594 3615 suspiciunt.
2643 3548 2723 3598 An
2756 3543 3069 3599 nobiscum?
3117 3546 3187 3598 At
3231 3545 3503 3601 Christum

1924 3655 2021 3709 per
2045 3639 2263 3693 Paulum
2293 3636 2559 3692 dicentem
2585 3636 2770 3692 audire
2798 3637 3061 3703 noluistis,
3088 3635 3403 3693 Honorabile
3431 3648 3507 3693 est

1924 3729 2297 3783 matrimonium
2321 3736 2370 3782 et
2408 3738 2546 3782 torus
2582 3728 2932 3782 immaculatus
2953 3727 3106 3797 (Heb.
3141 3729 3227 3784 13.
3258 3728 3335 3799 4).
3363 3729 3510 3784 Reli-

1924 3838 2085 3892 quum
2116 3828 2200 3876 est
2220 3819 2377 3890 igitur
2399 3829 2455 3875 ut
2486 3834 2605 3875 cum
2639 3820 2884 3889 gentibus
2904 3835 3063 3889 porro
3092 3822 3416 3876 consistatis.
3438 3823 3509 3877 At

1928 3912 2030 3966 illa:
2051 3912 2209 3966 etiam
2237 3925 2335 3964 vos
2361 3918 2416 3963 ut
2441 3924 2500 3965 se
2526 3910 2694 3977 magis
2718 3909 2909 3977 impios
2937 3910 3213 3978 repellent.
3235 3910 3367 3965 Nam
3386 3912 3510 3967 Pla-

1926 4001 2065 4056 tonis
2095 3999 2356 4055 sententia
2383 4006 2466 4053 est
2494 3997 2583 4065 (In
2606 3997 2841 4068 Timaeo),
2871 3998 3073 4052 Bonum
3105 4000 3264 4055 fuisse
3281 4004 3370 4071 qui
3401 4002 3503 4058 hoc

1928 4107 2086 4147 omne
2115 4090 2330 4145 molitus
2358 4097 2459 4153 est,
2497 4095 2584 4152 et,
2612 4088 2818 4143 Bonum
2845 4089 3041 4143 nullius
3072 4090 3146 4145 rei
3174 4107 3297 4162 erga
3326 4109 3511 4163 quem-

1927 4198 2085 4252 quam
2112 4181 2304 4237 invidia
2332 4179 2493 4249 tangi.
2514 4179 2595 4234 Tu
2618 4179 2817 4233 malum
2844 4180 3016 4250 ipsum
3042 4181 3297 4250 appellas,
3320 4193 3373 4236 et
3397 4199 3512 4237 ina-

1930 4275 2099 4328 larum
2131 4288 2309 4327 rerum
2327 4280 2647 4325 creatorem.
2674 4269 2872 4324 Verum
2898 4285 2964 4323 ne
2989 4273 3277 4327 extimesco
3303 4290 3316 4325 :
3346 4271 3512 4328 habes

1929 4364 2185 4419 doctrina:
2226 4371 2504 4417 consortes
2546 4358 2816 4413 diabolum
2844 4360 3064 4429 ejusque
3104 4362 3358 4431 angelos;
3404 4363 3513 4417 imo

1930 4473 2030 4513 nec
2056 4473 2149 4512 eos
2173 4455 2387 4526 quidem
2419 4471 2432 4507 :
2464 4467 2637 4523 neque
2669 4453 2811 4508 enim
2840 4453 2929 4522 qui
2960 4462 3012 4507 te
3042 4453 3094 4507 in
3128 4468 3251 4508 eum
3280 4453 3512 4509 furorem

1933 4548 2258 4611 induxeriut,
2282 4545 2422 4599 idem
2447 4545 2606 4599 etiam
2627 4543 2825 4597 sentire
2852 4544 3186 4597 exiSIimandi
3214 4552 3356 4599 sunt.
3380 4544 3510 4599 Nam

1931 4640 2071 4693 scire
2096 4652 2190 4691 eos
2216 4636 2382 4693 Deum
2408 4634 2608 4688 bonum
2651 4646 2791 4698 esse,
2841 4632 2963 4687 audi
3006 4633 3317 4701 clamantes,
3348 4650 3510 4701 nunc,

1936 4728 2140 4783 Scimus
2175 4736 2221 4779 te
2248 4726 2333 4794 qui
2366 4725 2434 4777 sis
2454 4766 2468 4787 ,
2508 4722 2724 4778 Sanctus
2752 4721 2849 4777 Dei
2873 4721 3066 4792 (Marc.
3096 4724 3147 4778 1.
3178 4724 3304 4795 24);
3337 4739 3513 4792 nunc,

1939 4818 2006 4873 Hi
2032 4818 2256 4872 homines
2280 4814 2408 4868 servi
2430 4813 2524 4866 Dei
2549 4812 2730 4866 excelsi
2748 4822 2884 4877 sunt,
2912 4814 2996 4882 qui
3025 4813 3158 4867 vobis
3180 4816 3312 4867 viam
3335 4814 3516 4869 salutis

1936 4910 2170 4963 nuntiant
2204 4906 2337 4978 (Act.
2368 4904 2453 4959 16.
2492 4904 2599 4973 17).
2631 4903 2698 4958 Ει
2719 4904 2893 4959 adhuc
2916 4905 3267 4975 virginitatem
3292 4906 3511 4976 jactabi-

1908 5002 2025 5065 tis,
2056 5000 2123 5054 de
2153 5012 2320 5068 eaque
2348 4995 2721 5067 gloriabimini,
2772 5011 2837 5049 ac
2874 5012 2979 5050 non
3034 4998 3212 5067 potius
3258 4998 3512 5055 abeuntes

1937 5101 2168 5147 vestram
2209 5087 2556 5158 deplorabitis
2580 5101 2642 5140 ac
2671 5085 2917 5156 lugebitis
2957 5088 3264 5153 amentiam,
3290 5104 3392 5158 qua
3422 5102 3514 5145 vos

1938 5184 2182 5241 diabolus
2231 5181 2379 5236 velut
2420 5194 2580 5233 manu
2625 5186 2812 5248 captos
2864 5178 3138 5249 colligatos
3167 5181 3217 5234 in
3257 5181 3515 5250 gehennat

1940 5279 2116 5347 ignem
2160 5271 2360 5326 trahit?
2402 5268 2796 5324 Matrimonium
2848 5283 2951 5322 non
3000 5269 3202 5325 iniisti?
3231 5280 3286 5324 at
3333 5285 3440 5325 nou
3466 5271 3516 5326 id

1942 5367 2217 5437 virginitas
2249 5371 2332 5418 est
2360 5378 2374 5415 :
2404 5375 2525 5415 nam
2555 5375 2675 5429 qute
2699 5374 2819 5415 cum
2850 5360 3110 5431 integrum
3151 5370 3292 5417 esset
3318 5362 3514 5418 nubere

1940 5456 2334 5520 detrectaverit,
2362 5468 2479 5508 eam
2518 5467 2618 5524 ego
2640 5452 2897 5523 virginem
2931 5453 3155 5508 dixerim
3184 5470 3198 5507 :
3225 5461 3278 5507 at
3304 5467 3425 5509 cum
3456 5472 3521 5510 eo

1944 5550 2281 5606 interdictum
2312 5545 2479 5610 dicas,
2503 5560 2606 5599 non
2634 5545 2743 5613 jam
2780 5544 2829 5597 id
2857 5551 3004 5599 recte
3032 5542 3227 5598 factum
3261 5546 3365 5603 tuis
3389 5561 3523 5605 con-

1943 5643 2097 5711 siliis,
2144 5638 2238 5699 sed
2287 5636 2419 5708 legis
2470 5635 2770 5693 necessitati
2816 5633 3155 5693 tribuendum
3199 5646 3299 5693 est.
3348 5638 3525 5707 Quare
