3886 6222
416 223 521 280 559

415 337 604 391 Persas
645 336 736 405 qui
783 341 982 390 matres
1030 350 1227 390 uxores
1270 352 1374 390 non
1405 336 1608 391 ducunt
1649 337 1992 402 admiramur,

413 427 685 483 Romanos
711 442 816 482 non
852 429 976 482 item
1008 445 1021 481 :
1057 427 1141 481 hic
1168 443 1397 498 namque
1433 428 1499 482 ad
1536 445 1701 483 unum
1746 429 1995 483 omnibus

415 517 464 573 id
494 518 880 573 exsecrandum
911 519 1137 583 videtur,
1171 519 1276 573 illic
1305 520 1592 589 impunitas
1621 535 1682 574 ea
1713 520 1998 589 designan-

373 648 384 656 ο
415 609 466 664 ili
491 607 692 669 effecit.
723 619 780 664 ut
807 610 897 679 qui
933 610 1000 664 ab
1037 624 1104 663 eo
1126 611 1410 664 concubitu
1455 611 1786 665 abstinerent
1814 611 1995 664 lauda-

415 713 616 756 rentur.
651 701 734 755 Ad
779 701 1026 756 eumdem
1069 701 1284 756 modum
1325 711 1379 756 et
1418 702 1484 756 de
1525 702 1862 758 matrimonio
1903 701 1996 755 ha-

413 792 582 847 benda
614 793 842 862 quaestio
865 801 966 846 est.
1005 791 1120 846 Nos
1149 793 1316 857 enim,
1343 793 1481 861 apud
1511 807 1645 861 quos
1675 791 1727 846 id
1748 791 1994 846 omnibus

373 924 380 928 -
414 883 730 952 permissum
756 882 847 948 sit,
874 883 1065 936 merito
1093 897 1187 936 eos
1206 883 1294 950 qui
1319 883 1715 936 matrimonium
1743 897 1848 936 non
1869 897 1996 936 con-

414 978 626 1028 trahant
655 972 911 1026 miramur
967 991 980 1026 :
1033 987 1129 1026 vos
1157 974 1246 1042 qui
1282 972 1334 1026 id
1385 973 1438 1026 in
1467 973 1731 1027 malorum
1770 973 1992 1028 classem

412 1062 728 1133 rejeceritis,
755 1062 887 1116 nihil
914 1071 996 1116 est
1029 1063 1172 1130 quod
1203 1061 1412 1116 laudem
1445 1079 1510 1116 ex
1537 1063 1636 1117 hac
1669 1079 1727 1117 re
1748 1063 1992 1132 capietis.

413 1154 544 1208 Nam
574 1154 758 1209 vetitis
795 1153 1068 1208 abstinere
1089 1195 1104 1219 ,
1142 1154 1191 1208 id
1222 1168 1348 1208 vero
1373 1170 1476 1208 non
1505 1163 1587 1207 est
1607 1154 1767 1208 animi
1797 1155 1994 1209 excelsi

411 1255 569 1316 atque
590 1246 832 1300 strenui:
867 1243 1116 1314 perfecta:
1140 1245 1279 1299 enim
1302 1246 1510 1300 virtutis
1537 1256 1642 1312 est,
1671 1261 1774 1300 non
1804 1261 1864 1300 ea
1889 1262 1994 1301 non

411 1340 766 1401 committere,
797 1351 915 1405 quae
933 1336 976 1388 si
1008 1335 1402 1390 committamus
1423 1336 1561 1405 apud
1588 1351 1774 1390 omnes
1800 1338 1998 1406 impro-

375 1477 380 1482 .
413 1427 464 1481 bi
497 1427 808 1492 habeamur,
863 1425 958 1480 sed
991 1427 1055 1479 iis
1094 1426 1377 1492 excellere,
1421 1442 1538 1496 quae
1569 1442 1741 1496 neque
1770 1442 1864 1481 eos
1905 1427 1994 1497 qui

411 1518 730 1584 detrectent,
756 1534 825 1573 co
855 1519 1072 1572 nomine
1097 1519 1296 1587 culpari
1328 1519 1616 1586 patiantur,
1640 1527 1693 1572 et
1721 1519 1807 1587 qui
1830 1519 1996 1572 susci-

412 1615 558 1677 piant
583 1627 647 1667 ac
673 1612 1074 1682 perfungantur,
1107 1627 1210 1664 non
1242 1611 1494 1679 opinione
1525 1611 1880 1679 improbitatis
1908 1625 1996 1664 so-

379 1743 386 1754 ,
412 1705 520 1759 tum
549 1703 800 1767 liberent,
827 1701 922 1757 sed
949 1702 1108 1756 etiam
1132 1701 1286 1756 bonis
1311 1711 1643 1756 accenseant.
1669 1702 1799 1756 Nam
1823 1712 1878 1756 ut
1903 1718 1998 1756 eu-

411 1795 614 1851 nuchos
640 1794 708 1849 de
744 1793 1045 1863 virginitate
1074 1792 1255 1846 laudet
1275 1807 1453 1857 nemo,
1478 1793 1568 1863 qui
1592 1794 1990 1846 matrimonium

412 1904 516 1943 non
557 1887 896 1952 contrahant,
940 1886 1018 1940 sic
1044 1899 1141 1938 nec
1167 1899 1265 1939 vos
1292 1902 1304 1937 :
1343 1900 1464 1939 cum
1492 1884 1633 1954 quod
1663 1885 1768 1938 illis
1793 1894 1996 1939 natura:

410 1977 729 2039 necessitas,
760 1975 818 2029 id.
841 1975 989 2029 vobis
1015 1975 1084 2028 sit
1119 1982 1385 2042 corruptae
1424 1973 1771 2029 conscientia:
1811 1975 1998 2029 antici-

411 2067 554 2136 patio
591 2084 603 2118 :
647 2081 710 2120 ac
754 2063 1202 2133 quemadmodum
1231 2063 1508 2118 eunuchos
1537 2064 1783 2133 corporis
1811 2065 1994 2118 vitium

409 2160 588 2227 ejusce
615 2160 691 2212 rei
721 2156 887 2227 gloria
913 2155 1141 2224 dejecit.
1168 2156 1238 2209 ita
1260 2171 1354 2210 vos
1377 2156 1621 2209 diabolus
1643 2197 1658 2221 ,
1687 2166 1873 2209 natura
1901 2171 1996 2210 vo-

411 2252 493 2306 bis
515 2251 658 2303 salva
707 2256 1072 2317 permanente,
1098 2248 1242 2302 sanis
1268 2248 1508 2302 consiliis
1548 2249 1774 2302 resectis
1795 2291 1809 2313 ,
1837 2259 1998 2317 atque

410 2343 464 2394 in
495 2339 866 2393 necessitatem
915 2337 1186 2406 coniectos
1233 2338 1524 2401 e:elihatus,
1558 2353 1677 2392 cum
1724 2339 1997 2393 laboribus

412 2439 584 2500 urget,
637 2439 746 2482 tum
798 2428 998 2482 laudari
1043 2444 1147 2482 non
1196 2429 1340 2482 sinit.
1375 2429 1769 2484 Matrimonium
1813 2432 1998 2486 vetas?

407 2520 712 2574 eatnobrem
741 2527 796 2574 et
819 2519 1093 2573 czelibatus
1119 2519 1418 2573 mercedem
1452 2536 1554 2572 non
1586 2521 1836 2590 accipies,
1873 2523 1980 2576 imo

412 2625 595 2680 poenas
620 2611 780 2663 etiam
808 2625 869 2663 ac
899 2611 1218 2678 supplicium
1248 2611 1380 2664 lues.

385 2761 392 2768 ,
483 2701 571 2754 IX.
595 2700 673 2752 Ad
704 2700 1032 2769 virginitate»:
1058 2701 1271 2767 hortari,
1296 2717 1611 2771 nequaquam
1639 2703 1748 2773 ejus
1779 2719 1885 2756 esse
1910 2705 1998 2774 qui

381 2791 782 2844 .mtrimonimn
823 2800 968 2843 vetet.
1004 2818 1074 2828 —-
1114 2791 1192 2844 Tu
1223 2806 1384 2858 vero,
1419 2791 1620 2861 inquit,
1665 2809 1769 2846 non
1801 2796 1996 2848 vetas?

383 2883 590 2951 .Apage
615 2890 671 2934 ut
699 2890 874 2935 tecum
899 2896 1048 2950 teque
1073 2881 1354 2936 insaniam.
1389 2883 1457 2936 Et
1486 2885 1575 2954 qui
1601 2924 1618 2950 ,
1646 2885 1842 2955 inquit,
1873 2886 1997 2941 hor-

413 2974 538 3028 taris
571 2973 962 3026 matrimonium
995 2987 1101 3025 non
1137 2974 1493 3038 contrahere?
1535 2975 1683 3040 Quod
1715 2975 1995 3046 virginita-

413 3077 517 3119 tem
560 3065 900 3118 matrimonio
940 3064 1096 3134 longe
1130 3066 1553 3134 praestantiorem
1586 3069 1812 3123 sentiam
1847 3089 1859 3125 :
1891 3087 1991 3126 nec

411 3172 536 3210 vero
567 3163 845 3224 propterea
871 3155 1266 3210 matrimonium
1297 3156 1351 3210 in
1378 3157 1532 3212 malis
1561 3173 1725 3227 pono,
1748 3162 1874 3230 quin
1902 3177 1993 3216 ve-

409 3247 684 3301 hementer
713 3246 872 3300 etiam
903 3245 1090 3311 laudo;
1135 3257 1218 3301 est
1245 3249 1386 3302 enim
1420 3251 1482 3303 iis
1509 3251 1597 3317 qui
1641 3260 1784 3306 recte
1811 3267 1878 3307 eo
1917 3253 1992 3306 uti

410 3337 573 3391 velint
599 3335 940 3390 continentiae
971 3345 1188 3404 portus,
1219 3345 1460 3390 naturam
1492 3339 1701 3393 efferari
1729 3356 1832 3395 non
1860 3358 1982 3410 per-

409 3427 647 3481 mittens.
691 3425 821 3478 Nam
849 3424 1086 3494 legitimo
1113 3425 1285 3491 coitu,
1317 3427 1466 3494 quasi
1503 3429 1736 3498 scopulis
1763 3431 1990 3499 quihus-

387 3515 530 3574 .dam
557 3513 779 3581 objectis
819 3512 884 3566 ad
912 3512 1252 3582 excipiendos
1281 3514 1512 3568 libidinis
1541 3517 1763 3582 tinctus,
1812 3534 1910 3573 nos
1937 3521 1988 3574 in

407 3620 612 3660 summa
653 3602 1036 3672 tranquillitate
1067 3603 1292 3657 collocat
1318 3619 1380 3658 ac
1413 3614 1608 3659 tuetur.
1640 3605 1835 3662 Verum
1867 3619 1991 3662 sunt

379 3695 602 3765 quibus
631 3693 759 3748 nihil
790 3707 924 3761 opus
953 3692 1022 3746 sit
1051 3707 1115 3748 eo
1145 3694 1414 3762 przcsidio,
1443 3694 1537 3748 sed
1567 3695 1683 3765 ejus
1709 3696 1827 3752 loco
1848 3699 1988 3768 jeju-

413 3783 536 3847 niis,
560 3781 770 3851 vigiliis,
795 3780 1141 3844 chameuniis,
1169 3790 1224 3835 et
1249 3782 1446 3850 reliqua
1471 3782 1522 3837 id
1546 3799 1714 3854 genus
1735 3784 1984 3853 duritate,

409 3883 610 3928 natura!
637 3871 866 3926 furorem
895 3871 1132 3925 cicurent
1161 3889 1174 3923 :
1200 3871 1296 3927 hos
1317 3873 1570 3928 cohortor
1590 3876 1985 3932 matrimonium

408 3978 514 4018 non
540 3961 858 4017 contrahere
875 4000 894 4027 ,
919 3975 1018 4014 nec
1042 3962 1434 4016 matrimonium
1467 3973 1604 4018 veto.
1638 3965 1861 4021 Interest
1886 3983 1980 4022 au-

377 4068 512 4119 .tem
544 4057 683 4110 inter
713 4056 814 4108 hoc
855 4061 909 4108 et
949 4051 1077 4107 illud
1125 4053 1442 4126 plurimum,
1487 4066 1742 4124 quantum
1781 4059 1986 4114 scilicet

406 4147 690 4201 discrimen:
735 4151 818 4198 est
859 4143 997 4197 inter
1039 4144 1410 4198 necessitatem
1455 4154 1507 4199 et
1550 4147 1841 4214 optionem.
1883 4149 1983 4218 Qui

408 4238 548 4292 enim
580 4235 831 4299 consulit,
857 4234 1084 4288 liberum
1117 4235 1367 4304 relinquit
1393 4235 1617 4290 auditori
1643 4253 1760 4306 quae
1789 4254 1983 4294 consu-

377 4327 479 4386 lat
505 4325 656 4395 sequi
684 4341 698 4377 :
726 4323 814 4392 qui
856 4331 1018 4388 vetat,
1051 4323 1095 4377 is
1134 4324 1182 4378 ei
1223 4322 1525 4380 facultatem
1565 4342 1682 4380 eam
1723 4330 1978 4398 prteripit.

399 4413 484 4470 Ad
516 4414 629 4468 haec
657 4412 744 4482 qui
775 4411 1056 4476 cohortor,
1085 4426 1195 4465 rem
1224 4426 1331 4466 non
1368 4413 1648 4482 improbo;
1678 4432 1779 4471 nec
1805 4419 1893 4486 qui
1920 4434 1980 4475 se

401 4503 576 4558 induci
605 4517 710 4556 non
748 4501 975 4570 patiatur
1003 4515 1196 4555 accuso
1222 4517 1235 4553 :
1272 4511 1325 4556 tu
1356 4504 1444 4571 qui
1475 4503 1526 4556 id
1556 4505 1776 4560 damnes
1809 4522 1871 4562 ac
1895 4510 1976 4563 vi-

398 4596 591 4648 tiosum
614 4592 796 4656 ducas,
820 4601 873 4646 et
895 4591 1228 4660 legislatoris,
1251 4607 1356 4646 non
1381 4593 1664 4648 consiliarii
1692 4610 1974 4664 personam

378 4676 652 4752 arripias,
679 4682 872 4736 merito
906 4696 1003 4734 eos
1023 4682 1114 4750 qui
1141 4697 1244 4736 non
1275 4683 1525 4738 obediant
1552 4686 1710 4740 odisti
1743 4705 1756 4752 ;
1787 4698 1843 4743 at
1867 4707 1971 4744 non

396 4788 523 4841 ego,
551 4772 642 4826 sed
669 4787 788 4826 cum
818 4785 912 4824 eos
939 4771 1174 4824 admiror
1213 4774 1298 4840 qui
1327 4773 1391 4825 ad
1423 4773 1524 4828 hoc
1553 4787 1820 4832 certamen
1872 4796 1969 4833 no-

397 4863 538 4917 mina
566 4860 831 4928 dederint,
864 4871 973 4914 tum
1001 4861 1088 4930 qui
1129 4871 1278 4915 extra
1305 4872 1589 4927 maneant,
1621 4881 1725 4920 non
1755 4883 1968 4923 accuso.

393 4952 526 5007 Nam
554 4952 822 5004 accusatio
859 4950 1071 5004 demum
1097 4951 1239 5020 justa
1279 4952 1382 5018 sit,
1429 4955 1474 5007 si
1517 4956 1636 5024 quis
1663 4957 1802 5025 quod
1832 4958 1970 5012 haud

391 5043 551 5098 dubie
575 5041 821 5094 vitiosum
849 5041 938 5104 sit,
965 5049 1317 5110 prosequatur
1344 5060 1356 5095 :
1389 5051 1444 5097 at
1466 5045 1554 5113 qui
1583 5045 1844 5100 minorem
1864 5051 1969 5101 vir-

389 5143 556 5188 tutem
589 5140 802 5196 nactus,
840 5133 1096 5202 majorem
1142 5149 1248 5188 non
1294 5135 1488 5198 adeat,
1532 5137 1578 5190 is
1605 5139 1818 5207 quidem
1861 5155 1965 5192 non

388 5238 511 5278 cum
543 5221 747 5276 fortiori
770 5222 1064 5276 laudandus
1093 5233 1145 5278 et
1169 5223 1508 5281 admirandus
1531 5237 1632 5293 est,
1666 5243 1764 5282 nec
1789 5238 1963 5284 tamen

389 5312 508 5366 ideo
551 5312 866 5382 culpandus.
908 5312 1108 5382 Ecquid
1149 5313 1307 5382 igitur
1343 5315 1642 5386 conjugium
1672 5326 1830 5385 veto,
1875 5319 1964 5387 qui

388 5405 644 5474 conjuges
691 5420 796 5459 non
838 5405 1128 5460 accusem?
1174 5405 1366 5476 Stupra
1411 5417 1533 5463 veto
1578 5418 1632 5464 et
1679 5409 1959 5476 adulteria,

386 5494 780 5548 matrimonium
825 5509 930 5548 non
975 5493 1102 5548 item
1148 5514 1162 5548 :
1203 5505 1257 5550 et
1303 5496 1393 5550 illa
1439 5499 1696 5554 audentes
1733 5500 1956 5569 castigo,

385 5588 544 5650 atque
588 5583 654 5637 ab
700 5583 951 5639 Ecclesia:
1001 5593 1144 5639 cmtu
1192 5585 1505 5656 proscribo;
1550 5587 1650 5642 hoc
1697 5603 1819 5642 vero
1865 5575 1954 5658 qui

1113 226 1168 281 ὃ.
1208 225 1487 282 JOANNIS
1524 225 1998 282 CHRYSOSTOMI
2039 224 2357 282 ARCHfEP.
2399 217 2940 288 CONSTANTINOP.

3572 232 3675 288 διο

2103 342 2318 409 faciant,
2343 343 2469 400 dum
2493 345 2748 412 modeste,
2773 346 2985 402 assidue
3004 346 3164 402 etiam
3183 346 3356 402 laudo.
3383 347 3458 402 ita
3481 348 3674 420 duplex

2103 433 2305 486 lucrum
2338 433 2397 488 tit
2429 451 2442 488 :
2473 450 2633 490 unum
2656 476 2672 502 ,
2711 436 2849 506 quod
2882 436 2974 490 Dei
3004 437 3271 505 opiﬁcium
3310 454 3416 492 non
3456 438 3678 496 damne-

2104 539 2254 586 mus;
2282 524 2544 592 alterum,
2571 527 2711 595 quod
2763 543 2868 580 non
2909 527 3082 582 solum
3121 529 3393 598 virginitas
3421 528 3678 600 dignitate

2101 629 2197 668 sua
2223 630 2326 669 non
2353 613 2689 686 dispolietur,
2721 617 2816 673 sed
2843 618 3010 672 multo
3033 620 3190 673 etiam
3219 619 3477 674 illustrior
3500 620 3648 675 deela

2103 713 2266 758 retur.
2733 720 2735 723 '

2172 794 2240 849 Χ.
2268 795 2365 862 Qui
2394 797 2768 852 matrimonium
2791 799 3014 866 damnet,
3039 817 3150 854 eum
3171 803 3499 871 virginitatem
3524 804 3679 857 etiam

2101 885 2301 940 ledere.
2332 916 2405 929 —--
2439 887 2645 943 Etenim
2671 891 2762 960 qui
2793 892 3185 946 matrimonium
3223 894 3468 960 damnat,
3501 894 3545 948 is
3570 895 3678 948 vir-

2099 978 2340 1046 ginitatis
2373 981 2533 1034 etiam
2565 982 2784 1050 gloriam
2805 983 3014 1053 carpit;
3045 985 3133 1054 qui
3160 985 3357 1050 laudat,
3388 986 3432 1040 is
3459 986 3676 1055 virgini-

2103 1079 2262 1124 tatem
2303 1071 2754 1126 admirabiliorem
2797 1075 3263 1145 augustioremque
3306 1075 3499 1130 reddit.
3546 1076 3678 1130 Nam

2100 1161 2237 1230 quod
2262 1161 2542 1217 deterioris
2570 1165 2965 1232 comparatione
2990 1165 3185 1220 bonum
3207 1165 3434 1232 videtur,
3462 1166 3512 1220 id
3537 1166 3678 1220 haud

2102 1267 2230 1306 sane
2256 1253 2540 1307 admodum
2571 1255 2766 1309 bonum
2790 1266 2905 1321 est;
2937 1257 3073 1326 quod
3097 1266 3272 1312 autem
3295 1259 3528 1314 omnium
3554 1274 3681 1314 sen-

2104 1345 2264 1398 tentia
2292 1344 2445 1399 bonis
2474 1347 2696 1411 melius,
2737 1348 2786 1402 id
2817 1349 3084 1403 excellens
3124 1349 3318 1404 bonum
3353 1359 3436 1405 est
3461 1369 3474 1406 :
3500 1351 3681 1421 cujus-

2103 1435 2244 1488 modi
2288 1450 2384 1490 nos
2409 1438 2765 1507 virginitatem
2807 1453 2926 1494 esse
2966 1439 3240 1494 docemus.
3277 1441 3452 1506 Quare
3485 1452 3541 1497 ut
3585 1444 3679 1512 qui

2103 1525 2496 1580 matrimonium
2553 1527 2836 1594 damnant,
2891 1529 3048 1597 hujus
3098 1532 3355 1586 cncomiis
3403 1533 3678 1588 fraudandi

2100 1625 2244 1682 sunt,
2275 1617 2345 1670 ita
2374 1617 2461 1686 qui
2492 1617 2544 1672 id
2570 1613 2600 1672 ει
2628 1621 2853 1675 crimine
2892 1621 3100 1686 liberat,
3133 1639 3234 1676 non
3265 1631 3369 1677 tam
3403 1624 3452 1684 id
3473 1667 3488 1692 ,
3518 1640 3678 1696 quam

2104 1707 2459 1776 virginitatem
2490 1710 2685 1764 laudat.
2720 1711 2849 1766 Nam
2878 1721 2930 1767 et
2955 1729 3208 1783 corpora,
3241 1732 3345 1770 non
3374 1733 3493 1786 qua:
3518 1721 3680 1772 muti~

2104 1798 2169 1852 lis
2191 1840 2205 1862 ,
2238 1799 2331 1852 sed
2360 1816 2477 1868 qua:
2507 1802 2723 1870 integris
2750 1812 2805 1859 et
2830 1805 2956 1858 vitio
2987 1805 3134 1859 nullo
3175 1808 3476 1876 prmpeditis
3501 1810 3654 1863 excel

2102 1889 2244 1954 lant,
2276 1906 2336 1945 ea
2379 1893 2598 1961 pulchra
2626 1895 2872 1951 dicimus.
2905 1897 3108 1951 Bonum
3135 1908 3214 1952 est
3245 1900 3677 1965 matrimonium;

2103 1989 2380 2051 propterea
2410 1984 2716 2040 admiranda
2745 1988 3018 2058 virginitas
3045 1998 3147 2057 est,
3179 2007 3298 2060 qute
3322 1992 3462 2047 bono
3489 1993 3680 2048 melior

2101 2073 2195 2136 sit,
2221 2087 2391 2142 eoque
2416 2075 2623 2140 melior,
2654 2093 2759 2143 quo
2785 2081 2957 2132 nautis
2975 2081 3318 2148 gubernator,
3341 2092 3393 2136 et
3422 2083 3680 2138 militibus

2101 2161 2230 2215 dux.
2257 2163 2360 2217 Sed
2388 2166 2834 2232 quemadmodum
2864 2170 3136 2224 subductis
3165 2187 3194 2226 e
3233 2174 3350 2226 navi
3393 2174 3679 2244 remigibus

2104 2254 2278 2308 navim
2309 2255 2616 2327 demergas,
2650 2269 2703 2314 et
2728 2261 2978 2315 militibus
3005 2279 3066 2316 ex
3094 2264 3207 2318 acie
3234 2267 3456 2320 semotis
3486 2267 3676 2322 ducem

2103 2343 2346 2400 hostibus
2373 2347 2604 2402 vinetum
2639 2350 2814 2405 tradas
2848 2369 2864 2406 :
2891 2353 2960 2406 ita
2988 2363 3039 2407 et
3067 2353 3182 2418 hic,
3210 2356 3253 2409 si
3283 2357 3674 2413 matrimonium

2101 2434 2403 2496 desummo
2426 2439 2595 2507 gradu
2621 2439 2858 2510 dejicias,
2884 2444 3196 2514 virginitatis
3215 2447 3420 2503 laudem
3457 2450 3674 2518 prodas,

2101 2535 2258 2597 atque
2286 2527 2351 2582 ad
2379 2518 2674 2586 eitremum
2698 2533 2893 2588 malum
2919 2536 3150 2606 redigas.
3181 2538 3381 2593 Bonum
3411 2550 3494 2596 est
3517 2543 3677 2612 virgi.

2103 2621 2272 2685 nitas;
2302 2630 2356 2675 et
2375 2637 2474 2690 ego
2495 2626 2772 2678 consentio
2794 2642 2808 2690 ;
2839 2643 2902 2681 ac
2926 2629 3267 2684 matrimonio
3285 2632 3443 2686 etiam
3466 2635 3670 2699 melior,

2101 2719 2154 2764 et
2184 2711 2281 2765 hoc
2311 2713 2587 2767 confiteor.
2632 2714 2700 2768 Et
2733 2717 2774 2769 si
2815 2717 3022 2785 placet,
3064 2729 3260 2789 quanto
3289 2723 3446 2776 etiam
3483 2724 3673 2779 melior

2100 2801 2167 2854 sit
2206 2802 2396 2855 addam
2424 2820 2436 2855 :
2466 2815 2666 2873 quanto
2704 2807 2896 2860 caelum
2941 2816 3078 2862 terra
3101 2851 3116 2876 ,
3148 2822 3346 2880 quanto
3376 2813 3674 2870 hominibus

2099 2895 2290 2963 angeli.
2327 2895 2435 2948 lmo
2463 2906 2517 2950 ut
2560 2896 2747 2952 fortius
2773 2899 2970 2969 aliquid
2999 2901 3170 2956 dicam
3193 2943 3212 2970 ,
3240 2904 3398 2958 etiam
3425 2907 3671 2973 amplius.

2100 2982 2231 3036 Nam
2261 2985 2432 3053 angeli
2473 2986 2570 3040 etsi
2605 3002 2702 3041 nec
2743 2988 2942 3042 ducunt
2981 3006 3208 3058 uxores,
3251 3008 3348 3047 nec
3387 2993 3671 3061 ducuntur,

2099 3083 2153 3126 at
2182 3072 2286 3127 non
2326 3087 2450 3130 sunt
2489 3090 2653 3131 carne
2689 3086 2744 3132 et
2781 3081 3035 3150 sanguine
3069 3084 3457 3153 coagmentati,
3488 3102 3592 3140 non
3624 3087 3673 3145 in

2101 3167 2254 3220 terris
2293 3179 2729 3234 commorantur,
2772 3187 2875 3225 non
2907 3172 3183 3228 libidinum
3212 3185 3372 3230 testas
3413 3179 3671 3244 sentiunt,

2099 3273 2202 3311 non
2227 3259 2329 3312 cibi
2359 3269 2446 3313 aut
2477 3270 2630 3327 potus
2660 3261 2915 3332 indigent,
2946 3279 3049 3318 non
3079 3267 3225 3320 suavi
3253 3279 3408 3321 cantu
3437 3267 3670 3334 deliniri,

2098 3364 2202 3402 non
2243 3349 2445 3404 liberali
2476 3353 2678 3419 l'orma,
2708 3362 2800 3407 aut
2843 3356 2948 3409 alio
2989 3356 3104 3425 ejus
3133 3361 3344 3427 generis
3384 3361 3493 3415 ullo
3533 3361 3673 3421 ﬂecti

2097 3449 2352 3507 possunt;
2401 3441 2494 3496 sed
2535 3444 2673 3498 sicut
2723 3459 2934 3500 summo
2978 3449 3199 3503 meridie
3243 3451 3432 3506 cadum
3458 3494 3473 3518 ,
3526 3455 3672 3510 nulla

2095 3531 2340 3585 atl'ectum
2370 3534 2510 3588 nube
2537 3549 2725 3604 pttrmn
2771 3547 3060 3607 Spectatur,
3094 3541 3162 3594 ita
3193 3551 3248 3596 et
3273 3543 3484 3598 illorum
3513 3557 3671 3600 natu-

2095 3636 2187 3685 rte,
2217 3637 2246 3676 a
2271 3623 2487 3680 libidine
2513 3627 2726 3694 quietm,
2761 3628 2996 3684 illustres
3023 3647 3086 3685 ae
3116 3634 3400 3702 perlucidae
3424 3646 3670 3692 maneant

2092 3723 2320 3781 oportet.

2161 3803 2253 3857 XI.
2290 3803 2635 3874 Virginitatem
2681 3824 2765 3862 eos
2791 3850 2808 3873 ,
2834 3810 2921 3879 qui
2947 3810 3091 3865 illam
3120 3829 3230 3867 vere
3257 3827 3621 3884 persequuntur
3649 3862 3665 3886 ,

2089 3894 2297 3964 angelos
2345 3912 2409 3949 ea:
2467 3897 2750 3952 hominibus
2796 3901 3002 3969 efﬁcere.
3034 3933 3107 3943 ——
3147 3905 3445 3961 Humanum
3487 3920 3666 3966 autem

2087 4001 2256 4055 genus
2299 3995 2485 4041 natura
2539 3989 2706 4043 beatis
2755 3992 2772 4021 ¹
2818 3993 2922 4046 illis
2960 3995 3294 4062 concedens,
3347 4000 3490 4054 vires
3542 4015 3667 4056 suas

2091 4083 2274 4143 urget,
2317 4090 2436 4130 cum
2468 4077 2638 4146 iisque
2670 4094 2766 4146 pro
2791 4081 2928 4136 virili
2959 4085 3154 4151 aequari
3178 4099 3382 4140 summa
3410 4103 3511 4156 ope
3536 4091 3665 4144 ltiti-

2090 4172 2191 4217 tnr.
2215 4164 2330 4230 Quo
2361 4168 2546 4234 pacto?
2572 4167 2680 4222 Nec
2716 4169 2918 4224 ducunt
2960 4187 3150 4227 uxores
3184 4177 3355 4245 angeli
3387 4218 3402 4242 ,
3433 4193 3530 4232 nec
3557 4179 3661 4233 du-

2086 4265 2295 4309 cuntur.
2321 4256 2389 4309 At
2412 4271 2510 4311 nec
2536 4259 2706 4327 virgo.
2724 4261 2988 4316 Assistunt
3007 4276 3258 4332 perpetuo
3275 4281 3336 4320 ac
3361 4269 3662 4324 ministrant

2088 4345 2217 4400 Deo.
2245 4346 2430 4400 Itidem
2458 4357 2511 4401 et
2536 4348 2703 4417 virgo.
2729 4351 2900 4416 Quare
2915 4352 3072 4407 etiam
3091 4353 3284 4410 Paulus
3311 4371 3402 4411 eas
3420 4357 3489 4412 ab
3514 4361 3658 4412 onmi

2094 4439 2464 4498 sollicitudine
2493 4455 2663 4509 arcet,
2697 4458 2756 4502 ut
2791 4451 3025 4506 assidua:
3043 4454 3154 4509 sint
3181 4463 3235 4509 et
3265 4456 3548 4513 indivulsze
3569 4461 3647 4531 (Ι.

2083 4526 2210 4581 Cor.
2229 4529 2281 4582 7.
2311 4531 2422 4600 54).
2454 4532 2611 4598 Quod
2638 4537 2684 4590 si
2710 4547 2769 4591 ut
2790 4539 2869 4592 illi
2896 4541 2951 4594 in
2977 4544 3177 4598 caalum
3205 4545 3331 4601 hinc
3347 4526 3651 4607 ascendere

2094 4634 2203 4673 non
2243 4633 2495 4690 possunt,
2518 4641 2682 4683 carne
2705 4645 2798 4684 eas
2829 4631 3190 4703 deprimente,
3235 4646 3288 4691 at
3314 4639 3401 4694 hic
3431 4653 3650 4711 quoque

2083 4709 2353 4780 insignem
2391 4715 3055 4792 habentconsolationem,
3075 4743 3195 4796 quae
3213 4729 3388 4797 ipsum
3407 4709 3528 4786 cudi
3549 4709 3651 4788 Do-

2082 4799 2290 4851 minum
2313 4803 2611 4872 excipiant,
2636 4806 2682 4860 si
2709 4808 2930 4875 quidem
2950 4813 3065 4865 sint
3089 4828 3323 4884 corpore
3347 4827 3510 4888 atque
3533 4822 3649 4890 spi-

2079 4889 2189 4942 ritu
2222 4901 2444 4950 sanctaa.
2465 4895 2656 4952 Viden'
2677 4901 3006 4971 virginitatis
3038 4906 3246 4963 decus?
3269 4889 3647 4983 eorumquiin

2083 4980 2248 5035 terris
2266 4981 2470 5046 degunt
2487 5001 2610 5041 cum
2628 4992 2904 5048 caelitibus
2919 4996 3043 5050 vita:
3057 4998 3470 5056 similitudinem
3489 4980 3648 5059 moli-

2084 5076 2196 5132 tur,
2223 5086 2454 5141 corpore
2472 5079 2701 5136 vestitos
2727 5083 2869 5138 vinci
2886 5085 2955 5140 ab
2972 5087 3312 5158 incorporeis
3336 5091 3646 5152 Virtutilms

2079 5173 2186 5213 non
2217 5164 2498 5231 permittit,
2525 5173 2784 5228 mortales
2817 5178 3134 5246 angelormn
3179 5183 3410 5239 aemulos
3443 5187 3643 5243 reddit.

2081 5248 2190 5304 Sed
2209 5254 2346 5307 nihil
2367 5255 2469 5310 hoc
2485 5258 2551 5312 ad
2571 5275 2687 5322 vos,
2703 5264 2796 5332 qui
2814 5272 2869 5318 et
2890 5280 3004 5321 rem
3025 5277 3234 5324 tantam
3254 5279 3639 5345 corrumpatis,

2075 5349 2128 5396 et
2155 5342 2444 5399 Dominum
2464 5349 2720 5418 culpetis,
2754 5356 3064 5428 malumque
3082 5363 3379 5419 nominetis
3401 5382 3414 5418 :
3435 5342 3638 5423 etenim

2076 5446 2174 5486 vos
2199 5433 2431 5503 improbi
2465 5441 2606 5494 servi
2638 5445 2966 5514 supplicium
2989 5451 3461 5511 manet.Ecclesite
3478 5458 3640 5528 virgi-

2129 5597 2145 5631 ί
2184 5604 2319 5658 Reg,
2347 5598 2490 5649 beatis
2511 5597 2707 5664 angelis.
