3884 6214
225 221 328 276 δεῖ)

220 329 362 386 εῖναι
406 333 513 402 φῂς
562 329 737 403 [27η.
781 329 963 384 οὐκέτι
1007 331 1108 401 τῆς
1170 330 1272 400 σῆς
1321 329 1694 402 προαιρέσεως
1745 332 1807 384 τὺ

210 415 556 487 κατόρθωμα
581 415 813 484 γίνεται,
830 413 965 469 ἀλλά
995 413 1095 479 τῆς
1116 413 1362 483 ἀνάγκης
1387 412 1481 466 τοῦ
1501 414 1689 482 νόμου.
1710 415 1810 468 Διά

218 498 379 552 τοῦτο
417 499 631 567 Πέρσας
663 497 762 568 μὲν
802 499 875 570 μὴ
910 495 1398 568 μητρογαμοῦντας
1434 495 1805 568 θαυμάζομεν,

232 582 542 650 Ῥωμαίους
601 580 657 632 δὲ
717 579 930 633 οὐκέτι·
987 578 1222 632 ἐνταῦθα
1281 579 1379 650 μὲν
1437 578 1546 650 γάρ
1605 579 1808 632 ἅπασιν

221 665 424 734 ἐφεξῆς
450 664 512 717 τδ
553 665 786 734 πρᾶγμα
836 662 1089 733 βδελυρὸν
1135 657 1273 728 εἶναι
1313 662 1478 727 δοκεῖ,
1522 663 1638 714 ἐκεῖ
1676 661 1730 715 δὲ
1773 665 1806 732 ή

216 748 328 802 τῶν
357 747 533 801 ταῦτα
560 746 882 818 τολμώντων
913 746 1064 800 ἄδεια
1097 746 1226 809 τοὺς
1262 744 1371 798 τῶν
1413 745 1670 799 τοιούτων
1701 746 1808 798 ἀπ-

219 831 512 901 εχομένους
541 831 742 901 μίξεων
759 829 1095 883 ἐπαινεῖσθαι
1122 828 1414 900 πεποίηκε.
1431 829 1589 882 Κατά
1611 827 1700 881 τὸν
1721 829 1810 881 αὐ-

217 913 309 966 τὸν
337 914 403 984 δὴ
437 913 596 981 λόγον
639 913 734 965 καὶ
768 913 861 965 ἐπὶ
900 911 994 965 τοῦ
1025 911 1208 982 γάμου
1237 913 1338 982 τὴν
1377 911 1622 976 ἐξέτασιν
1652 913 1809 982 ποιή-

220 997 419 1050 σασθαι
454 998 586 1068 χρή.
628 997 820 1066 Ἡμεῖς
851 997 948 1066 μὲν
985 996 1094 1064 γὰρ
1120 995 1308 1066 ἐπειδὴ
1346 995 1406 1047 τὸ
1437 997 1669 1064 πρᾶγμα
1700 996 1808 1047 πᾶ-

219 1097 302 1132 σιν
341 1081 556 1147 ἐφεῖται
595 1081 725 1149 παρ’
755 1080 909 1149 ήμῖν,
955 1078 1182 1140 εἰκότως
1221 1079 1348 1140 τοὺς
1389 1077 1464 1148 μὴ
1495 1077 1807 1148 γαμοῦντας

217 1162 594 1234 θαυμάζομεν⁸
621 1164 776 1233 ὑμεῖς
794 1163 850 1216 δὲ
869 1164 946 1225 είς
971 1162 1070 1233 τὴν
1091 1161 1200 1214 τῶν
1225 1162 1486 1232 χειρόνων
1510 1163 1640 1215 αὐτὸ
1654 1161 1809 1226 τάξιν

216 1249 477 1312 ὤσαντες,
512 1249 689 1302 οὐκέτ’
717 1247 784 1301 ἂν
811 1247 1065 1301 δύναισθε
1090 1246 1200 1299 τῶν
1226 1247 1335 1299 ἀπὸ
1363 1245 1458 1298 τοῦ
1482 1246 1806 1316 πράγματος

214 1333 617 1386 ἀντιποιεῖσθαι
647 1331 907 1384 ἐπαίνων.
947 1329 1020 1382 Τὸ
1053 1329 1164 1400 γὰρ
1197 1328 1305 1382 τῶν
1341 1330 1807 1400 ἀπηγορευμένων

213 1415 542 1485 ἀπέχεσθαι,
575 1415 726 1467 οὐπω
757 1413 1012 1480 γενναίας
1046 1412 1141 1465 καὶ
1180 1413 1434 1482 νεανικῆς
1465 1413 1666 1483 ψυχῆς.
1709 1413 1809 1465 Τε-

212 1499 364 1562 λείας
403 1499 513 1568 γάρ
552 1499 752 1569 ἀρετῆς
789 1497 850 1549 οὐ
880 1497 941 1548 τὸ
969 1496 1144 1549 ταῦτα
1179 1495 1252 1566 μὴ
1290 1495 1553 1565 πράττειν
1592 1497 1627 1549 ἀ
1667 1495 1809 1566 πρά-

213 1581 410 1647 ξαντες
443 1581 596 1652 παρά
637 1583 804 1634 πᾶσιν
837 1575 978 1632 εἶναι
1019 1578 1244 1648 δόξομεν
1275 1581 1456 1642 κακοὶ,
1489 1577 1624 1631 ἀλλά
1656 1577 1718 1630 τὸ
1750 1579 1810 1632 ἐν

211 1664 428 1728 τούτοις
457 1661 596 1718 εἶναι
631 1665 949 1736 λαμπροὺς,
982 1663 1017 1716 ἃ
1050 1664 1190 1734 μήτε
1218 1663 1345 1725 τοὺς
1389 1663 1464 1732 μὴ
1520 1663 1809 1733 ἑλομένους

211 1748 410 1818 ἀφίησι
439 1761 464 1789 α
489 1748 579 1801 διὰ
607 1749 764 1802 τοῦτο
781 1747 1127 1811 κακίζεσθαι,
1160 1747 1287 1810 τούς
1310 1764 1370 1798 τε
1403 1747 1692 1817 ἑλομένους
1715 1749 1809 1800 καὶ

215 1831 672 1903 κατορθώσαντας
694 1833 754 1884 οὐ
783 1832 942 1902 μόνον
967 1831 1072 1900 τῆς
1099 1830 1208 1884 τῶν
1229 1829 1450 1898 φαύλων
1478 1831 1807 1886 ἀπαλλάττει

212 1914 374 1984 δόξης
392 1956 407 1978 ,
443 1914 582 1969 ἀλλά
610 1915 707 1970 καὶ
736 1917 816 1977 εἰς
843 1913 942 1986 τὴν
973 1913 1084 1967 τῶν
1113 1912 1337 1982 ἀγαθῶν
1363 1914 1604 1982 ἐγκρίνει
1631 1913 1804 1979 τάξιν.

215 1999 431 2069 Ὠσπερ
463 1999 573 2070 γὰρ
601 1999 726 2062 τοὺς
755 1998 1044 2070 εὐνούχους
1073 1997 1246 2060 οὐδεὶς
1275 1997 1342 2050 ἂν
1365 1999 1704 2051 ἐπαινέσειεν
1727 2000 1807 2062 είς

213 2081 514 2152 παρθενίας
536 2082 714 2151 λόγον,
743 2083 826 2136 ὅτι
862 2083 934 2153 μὴ
965 2081 1256 2151 γαμοῦσιν.
1289 2080 1468 2144 οὕτως
1497 2082 1618 2134 οὐδὲ
1639 2083 1804 2151 ὑμᾶς.

220 2167 284 2238 "Q
311 2165 422 2236 γάρ
443 2167 672 2230 ἐκείνοις
698 2169 732 2238 ἡ
767 2167 866 2236 τῆς
900 2165 1116 2235 φύσεως
1151 2165 1388 2235 ἀνάγκη,
1419 2164 1586 2219 τοῦτο
1610 2165 1740 2235 ὑμῖν
1768 2166 1803 2235 ἡ

211 2248 311 2318 τῆς
331 2251 582 2320 πονηρᾶς
601 2250 957 2321 συνειδήσεως
975 2249 1248 2320 πρόληψις
1272 2250 1464 2318 γέγονε
1484 2266 1496 2280 ·
1522 2249 1617 2303 καὶ
1639 2249 1806 2303 καθά-

214 2349 320 2400 περ
360 2334 492 2394 τοὺς
518 2333 810 2403 εὐνούχους
838 2335 871 2403 ή
900 2331 995 2385 τοῦ
1027 2332 1280 2403 σώματος
1307 2333 1556 2405 πήρωσις
1579 2332 1680 2402 τῆς
1713 2332 1808 2386 ἐπὶ

212 2415 289 2484 τῷ
319 2418 609 2488 πράγματι
637 2415 952 2487 φιλοτιμίας
973 2416 1249 2482 ἐξέϐαλεν,
1273 2415 1449 2480 οὓτως
1479 2418 1624 2486 ὑμᾶς
1645 2418 1672 2468 6
1691 2415 1808 2469 διά-ι

212 2499 387 2563 ϐόλος,
409 2501 508 2570 τῆς
539 2498 754 2568 φύσεως
788 2501 917 2570 ὑμῖν
945 2499 1204 2566 ἀκεραίου
1247 2497 1536 2569 μενούσης,
1571 2499 1696 2561 τούς
1715 2497 1809 2568 όρ-

213 2583 340 2647 θούς
365 2584 670 2655 περικόψας
689 2585 1002 2654 λογισμοὺς,
1029 2584 1124 2635 καὶ
1145 2581 1318 2646 οὕτως
1341 2584 1422 2646 είς
1438 2582 1807 2652 τὴναάνάγκην

210 2666 306 2722 τοῦ
340 2669 418 2738 μὴ
453 2672 654 2737 γαμεῖν
690 2667 1039 2738 καταστήσας
1059 2707 1075 2730 ,
1102 2666 1411 2718 κατατείνει
1442 2666 1540 2737 μὲν
1566 2668 1678 2728 τοῖς
1709 2664 1808 2716 πό-

210 2767 360 2814 νοις,
393 2750 660 2820 τιμᾶσθαι
692 2751 747 2804 δὲ
783 2751 881 2804 οὐκ
919 2749 1132 2818 ἀφίησι.
1168 2747 1416 2813 Κωλύεις
1455 2751 1684 2820 γαμεῖν;
1718 2747 1807 2802 διά

208 2833 372 2888 τοῦτο
397 2833 494 2886 τοῦ
520 2834 593 2905 μὴ
612 2837 813 2904 γαμεῖν
839 2833 900 2887 οὐ
924 2832 1168 2886 κείσεταί
1193 2849 1272 2885 σοι
1306 2832 1522 2903 μισθὸς,
1551 2831 1688 2886 ἀλλά
1712 2832 1806 2884 καὶ

209 2917 456 2987 τιμωρία
486 2919 581 2969 καὶ
603 2917 849 2981 κόλασις.

279 2999 359 3054 Θ’.
391 3001 463 3053 Σύ
486 2999 561 3064 δὲ,
589 3000 774 3070 φησὶν,
801 3001 861 3052 οὐ
893 2998 1158 3065 κωλύεις;
1195 3001 1432 3067 Ἀπαγε,
1468 2997 1541 3068 μή
1572 3014 1702 3051 ποτε
1739 2998 1808 3051 τά

211 3085 355 3138 αὐτά
387 3102 468 3137 σοι
519 3085 770 3155 μανείην.
810 3083 936 3147 Πῶς
968 3079 1083 3146 οὖν,
1127 3084 1296 3154 φησὶ,
1341 3081 1682 3152 παρακαλεῖς
1731 3083 1805 3153 μὴ

211 3170 449 3237 γαμεῖν;
486 3167 608 3220 Ὅτι
647 3166 908 3236 πείθομαι
943 3165 1123 3236 πολλῷ
1161 3163 1494 3236 τιμιωτέραν
1541 3159 1682 3216 εἶναι
1712 3163 1804 3216 τοῦ

213 3252 396 3321 γάμου
417 3250 516 3320 τὴν
537 3249 837 3320 παρθενίαν
855 3265 868 3278 ’
897 3250 958 3302 οὐ
989 3249 1096 3319 μὴν
1122 3247 1209 3301 διά
1235 3247 1394 3300 τοῦτο
1418 3249 1476 3299 ἐν
1503 3250 1616 3310 τοῖς
1639 3263 1808 3317 πονη-

219 3337 331 3405 ροῖς
357 3336 451 3388 τὸν
472 3335 649 3406 γάμον
675 3333 916 3404 τίθεμαι,
950 3332 1087 3386 ἀλλά
1109 3332 1202 3385 καὶ
1235 3330 1355 3384 λίαν
1378 3331 1540 3383 αὐτὸν
1571 3330 1802 3386 ἐπαινῶ.

218 3419 401 3488 Λιμὴν
431 3418 541 3488 γάρ
579 3418 696 3469 ἐστι
737 3415 1095 3486 σωφροσύνης
1128 3416 1242 3476 τοῖς
1279 3413 1624 3484 βουλομένοις
1657 3413 1806 3484 αὐτῷ

215 3500 453 3572 χρῆσθαι
506 3499 723 3562 καλῶς,
765 3499 866 3551 οὐκ
909 3498 1090 3567 ἀφιεὶς
1138 3495 1442 3566 ἀγριαίνειν
1480 3495 1580 3565 τὴν
1617 3494 1801 3564 φύσιν.

228 3583 374 3636 Ἀντὶ
390 3583 500 3654 γὰρ
522 3581 802 3653 προϐόλων
824 3581 1138 3651 προστήσας
1151 3578 1252 3649 τὴν
1275 3577 1500 3649 ἔννομον
1523 3577 1688 3648 μίξιν,
1709 3579 1806 3634 καὶ

211 3665 387 3735 ταύτῃ
418 3665 488 3718 τά
503 3666 602 3735 τῆς
621 3663 914 3734 ἐπιθυμίας
936 3663 1228 3734 δεχόμενος
1249 3660 1316 3715 κύ
1326 3678 1493 3732 ματα,
1521 3662 1579 3713 ἐν
1596 3661 1804 3733 γαλήνῃ

214 3751 386 3821 πολλῇ
416 3749 740 3820 καθίστησιν
762 3749 910 3818 ἡμᾶς
934 3747 1029 3800 καὶ
1057 3744 1324 3818 διατηρεῖ,
1365 3743 1503 3797 Ἀλλ’
1529 3743 1636 3797 είσί
1661 3761 1806 3807 τινες

213 3835 265 3886 οί
299 3835 374 3904 μὴ
399 3833 644 3901 δεόμενοι
672 3829 878 3901 ταύτης
907 3829 1006 3897 τῆς
1035 3826 1358 3897 ἀσφαλείας,
1382 3825 1498 3880 ἀλλ’
1523 3826 1646 3879 ἀντὶ
1675 3827 1807 3881 ταύ-

214 3933 316 3985 της
367 3918 644 3984 νηστείαις
670 3956 684 3979 ,
733 3911 1096 3984 ἀγρυπνίαις,
1147 3909 1511 3981 χαμευνίαις,
1540 3912 1608 3980 τῇ
1643 3909 1804 3979 λοιπῇ

219 3999 612 4070 σκληραγωγία
639 3996 1024 4052 τιθασσεύουσι
1049 3993 1150 4064 τὴν
1193 3995 1292 4062 τῆς
1325 3992 1538 4062 φύσεως
1571 3992 1768 4062 μανίαν
1788 4009 1802 4022 ·

215 4083 428 4146 τούτοις
453 4082 704 4153 παραινῶ
723 4081 798 4153 μὴ
814 4081 1034 4148 γαμεῖν,
1061 4077 1122 4130 οὐ
1155 4076 1380 4130 κωλύων
1409 4079 1630 4146 γαμεῖν.
1664 4075 1805 4130 Πολὺ

215 4164 274 4217 δέ
295 4165 486 4218 τούτου
514 4164 766 4219 κάκείνου
789 4162 850 4214 τὸ
874 4161 1059 4231 μέσον,
1081 4160 1174 4212 καὶ
1195 4158 1472 4222 τοσοῦτον,
1491 4159 1615 4210 ὅσον
1637 4158 1808 4226 ἀνάγ-

215 4265 321 4319 κης
354 4249 450 4302 καὶ
499 4247 869 4319 προαιρέσεως
894 4245 954 4297 τὸ
987 4243 1262 4313 διάφορον.
1305 4243 1362 4294 '0
1406 4241 1503 4311 μὲν
1531 4241 1639 4313 γὰρ
1669 4258 1807 4312 συμ-

216 4331 498 4386 ϐουλεύων
519 4330 710 4400 ἀφίησι
737 4328 828 4382 τὸν
858 4325 1123 4381 ἀκούοντα
1163 4324 1351 4394 κύριον
1389 4319 1529 4377 εἶναι
1558 4324 1658 4394 τῆς
1696 4323 1805 4377 τῶν

216 4417 564 4487 πραγμάτων
593 4412 856 4484 αἱρέσεως
888 4410 1031 4480 ὑπὲρ
1061 4401 1136 4462 ὧν
1172 4409 1408 4460 ποιεῖται
1437 4407 1536 4477 τὴν
1565 4406 1806 4477 συμϐου-

215 4497 315 4568 λήν
339 4515 352 4528 ·
402 4499 431 4550 6
463 4497 519 4550 δὲ
549 4495 774 4550 κωλύων
806 4495 1157 4565 παραιρεῖται
1196 4491 1290 4543 καὶ
1316 4489 1487 4558 αὐτὴν
1519 4489 1618 4560 τὴν
1652 4488 1806 4553 ἐξου-

218 4583 341 4634 σίαν
381 4579 547 4635 αὐτοῦ
583 4581 632 4633 δ.
685 4579 829 4648 Πρὸς
868 4575 1082 4636 τούτοις
1113 4573 1225 4642 ἐγὼ
1272 4573 1371 4644 μὲν
1417 4571 1701 4643 παραινῶν
1743 4573 1804 4624 οὐ

216 4665 434 4728 κακίζω
451 4664 512 4716 τὸ
527 4664 780 4732 πρᾶγμα,
798 4661 919 4714 οὐδὲ
940 4657 1034 4713 τοῦ
1057 4659 1132 4730 μὴ
1157 4657 1472 4718 πεισθέντος
1488 4655 1803 4726 κατηγορῶ·

219 4750 283 4801 σὺ
313 4748 374 4800 δέ
399 4747 700 4800 διαϐάλλων
735 4745 888 4807 αὐτὸ,
928 4743 1023 4797 καὶ
1061 4741 1266 4812 φαῦλον
1301 4737 1439 4794 εἶναι
1480 4739 1676 4808 λέγων,
1709 4739 1805 4792 καὶ

215 4832 314 4902 τὴν
336 4831 432 4884 τοῦ
463 4829 898 4901 νομοθετοῦντος,
923 4827 1040 4881 ἀλλ’
1063 4827 1123 4879 οὐ
1151 4825 1250 4896 τὴν
1276 4823 1371 4878 τοῦ
1405 4821 1806 4894 συμϐουλεύον-

217 4933 306 4980 τος
331 4915 488 4981 τάξιν
515 4914 794 4984 ἁρπάζων,
829 4913 1052 4974 είκότως
1081 4911 1207 4973 τοὺς
1229 4908 1303 4981 μὴ
1335 4907 1689 4978 πειθομένους
1719 4926 1808 4978 μι-

220 5002 334 5062 σεῖς
356 5016 369 5029 ·
393 4997 509 5051 ἀλλ’
531 4999 633 5050 οὐκ
658 4994 789 5064 ἐγὼ,
814 4994 950 5048 ἀλλά
973 4993 1074 5046 θαυ
1085 4993 1239 5063 μάξω
1263 4993 1360 5063 μὲν
1379 4992 1505 5054 τοὺς
1526 4992 1606 5052 είς
1619 4990 1808 5043 τοῦτον

217 5081 717 5153 ἀπογραψαμένους
755 5080 848 5132 τὸν
891 5076 1098 5146 ἀγῶνα,
1141 5077 1202 5129 οὐ
1233 5075 1531 5145 κατηγορῶ·
1563 5074 1618 5127 δὲ
1650 5073 1803 5146 [275]

218 5168 322 5220 τῶν
347 5166 456 5231 ἔξω
479 5165 577 5235 τῆς
592 5163 872 5230 ἀθλήσεως
899 5161 1187 5232 μενόντων.
1215 5158 1531 5228 Κατηγορία
1555 5156 1664 5229 γὰρ
1683 5157 1806 5210 τότε

218 5253 282 5304 ἂν
316 5250 532 5319 γένοιτο
575 5247 822 5308 δικαίως,
862 5246 988 5298 ὅταν
1023 5260 1106 5306 τις
1133 5243 1268 5312 πρὸς
1292 5242 1353 5294 τὸ
1382 5241 1808 5312 ὡμολογημένον

221 5335 361 5404 ῥέψει
382 5332 555 5386 κακόν
575 5348 590 5362 ο
613 5333 640 5382 6
657 5330 715 5382 δὲ
728 5330 790 5381 τὸ
812 5328 1030 5382 ἔλαττον
1055 5328 1151 5398 μὲν
1176 5326 1315 5396 ἔχων
1329 5325 1552 5392 ἀγαθὸν,
1571 5324 1666 5379 τοῦ
1687 5325 1803 5396 μεί-

220 5418 371 5480 ζονος
399 5417 459 5469 δέ
483 5417 583 5468 οὐκ
613 5411 1023 5483 ἐφικνούμενος,
1053 5410 1146 5463 τοῦ
1178 5411 1277 5480 μὲν
1306 5411 1650 5464 ἐπαινεῖσθαι
1686 5409 1802 5481 μετ’

221 5500 428 5554 ἐκείνου
452 5497 547 5550 καὶ
569 5494 944 5566 θαυμάζεσθαι
968 5492 1362 5563 ἀπεστέρηται,
1381 5491 1805 5563 κατηγορεῖσθαι

223 5585 275 5637 δὲ
300 5585 404 5636 οὐκ
442 5582 508 5636 ἂν
534 5582 620 5651 εἴη
659 5580 888 5642 δίκαιος.
932 5577 1058 5640 Πῶς
1094 5571 1190 5630 οῦν
1221 5575 1418 5629 κωλύω
1449 5578 1672 5646 γαμεῖν,
1699 5574 1806 5627 τῶν

225 5665 544 5737 γαμούντων
566 5665 641 5734 μὴ
666 5659 1011 5732 κατηγορῶν;
1037 5657 1329 5729 Πορνεύειν
1351 5657 1544 5711 κωλύω
1567 5658 1662 5712 καὶ
1691 5674 1806 5728 μοις

289 5793 313 5821 ⁸
339 5793 462 5853 Reg.
491 5790 523 5838 ἃ
541 5789 622 5837 καὶ
643 5787 751 5853 τούς
773 5788 836 5848 μή
858 5783 1212 5853 ἑλομένους-οὐκ
1236 5783 1420 5853 ἀφίησι.

290 5854 314 5892 ὶ³
338 5845 460 5914 Reg.
486 5845 784 5917 παραῳεῐταί
807 5845 980 5905 ταύτης
1001 5853 1084 5905 τῆς
1107 5846 1314 5902 ἐξουσίας
1339 5845 1499 5894 αὐτόν.

1565 213 1654 273 DE
1691 216 2162 275 VIRGINITATE.

3381 219 3490 277 546

1909 333 2111 403 χεύειν,
2143 335 2340 403 γαμεῖν
2368 335 2428 388 δὲ
2447 335 2724 390 οὐδέποτε.
2749 335 2860 389 Καὶ
2878 334 3006 398 τούς
3035 335 3134 404 μέν
3158 335 3341 390 ἐκεῖνα
3368 340 3492 390 τολ-

1911 412 2128 481 μῶντας
2153 412 2384 477 κολάζω,
2423 415 2518 468 καὶ
2545 413 2638 466 τοῦ
2671 413 3038 485 πληρώματος
3066 415 3356 469 ἀπελαύνω
3388 417 3490 486 τῆς

1921 495 2264 566 Ἐκκλησίας,
2292 498 2418 560 τοὺς
2445 498 2502 550 δὲ
2533 497 2694 551 τοῦτο
2719 498 3099 561 ποιοῦντας,.εί
3127 500 3488 570 σωφρονοῦσι,

1908 579 2000 631 καὶ
2023 579 2262 633 ἐπαινῶν
2284 579 2532 634 διατελῶ.
2559 581 2714 634 Οὕτω
2737 581 2846 652 γὰρ
2868 580 2961 634 δύο
2979 581 3186 650 γίνεται
3208 582 3275 636 τὰ
3299 583 3490 654 κέρδη,

1906 662 1966 715 ἓν
2001 663 2100 734 μὲν
2140 664 2200 717 τὺ
2231 664 2306 736 μὴ
2334 664 2636 718 διαϐάλλειν
2671 664 2769 736 τὴν
2805 665 2912 718 τοῦ⁹
2935 664 3068 717 Θεοῦ
3101 665 3490 735 δημιουργίαν,

1904 745 2157 817 δεύτερον
2173 747 2229 800 δὲ
2248 748 2309 800 τὸ
2337 749 2410 820 μὴ
2429 748 2712 818 καθαιρεῖν
2735 747 2795 800 τὸ
2815 748 2911 818 τῆς
2929 748 3228 818 παρθενίας
3247 749 3489 820 ἀξίωμα,

1905 827 2042 881 ἀλλά
2069 828 2248 900 πολρλῷ
2279 831 2610 903 σεμνοτέραν
2640 831 2964 900 ἀποφαίνειν
2998 831 3192 900 αὐτήν.

1977 911 2029 964 l'.
2051 912 2107 964 Ὀ
2126 913 2224 979 μὲν
2241 913 2349 984 γάρ
2365 914 2454 966 τὸν
2467 915 2644 984 γάμον
2663 914 2904 977 κακίζων
2929 914 3023 966 καὶ
3046 914 3144 985 τὴν
3167 915 3266 984 τῆς
3285 914 3491 986 παρθε-

1906 995 2024 1057 νίας
2053 995 2416 1066 ὑποτέμνεται
2447 998 2606 1064 δόξαν
2623 1014 2636 1027 ο
2673 1000 2701 1050 6
2728 997 2784 1050 δέ
2812 997 3000 1050 τοῦτον
3024 999 3263 1051 ἐπαινῶν
3291 999 3493 1069 μᾶλλον

1907 1077 2124 1148 ἐκείνης
2157 1079 2376 1151 ἐπαίρει
2405 1080 2465 1132 τὸ
2490 1080 2677 1150 θαῦμα
2707 1081 2802 1134 καὶ
2823 1081 3201 1152 λαμπρότερον
3232 1085 3391 1136 ποιεῖ.
3417 1083 3489 1136 Τὸ

1910 1162 2008 1231 μὲν
2034 1163 2142 1234 γὰρ
2169 1166 2235 1234 τῇ
2264 1164 2398 1234 πρὸς
2421 1165 2479 1216 τὸ
2507 1167 2688 1234 χεῖρον
2720 1163 3021 1235 παραθέσει
3041 1165 3363 1235 φαινόμενον
3392 1184 3494 1221 xa-

1907 1244 1996 1298 λδν
2025 1247 2123 1299 οὐκ
2151 1245 2217 1300 ἀν
2241 1247 2326 1318 εἴη
2359 1248 2563 1318 σφόδρα
2590 1248 2776 1310 καλὸν,
2811 1249 2870 1301 τὸ
2897 1249 2952 1301 δὲ
2978 1248 3088 1300 τῶν
3119 1249 3490 1319 ὁμολογουμέ-

1900 1347 2014 1390 ,νων
2048 1329 2268 1398 ἀγαθῶν
2307 1331 2552 1401 ἄμεινον,
2587 1331 2748 1384 τοῦτό
2785 1334 2902 1384 ἐστι
2936 1331 2995 1384 τὸ
3029 1331 3149 1401 μεθ’
3183 1332 3493 1403 ὑπερϐολῆς

1906 1415 2070 1469 καλόν
2087 1433 2099 1447 ο
2128 1416 2266 1486 ὅπερ
2281 1416 2376 1486 τὴν
2399 1415 2696 1487 παρθενίαν
2719 1416 3007 1468 ἀποδείκνυ
3016 1434 3112 1486 μεν
3131 1413 3293 1469 οὖσαν
3307 1418 3491 1486 ἡμεῖς.

1909 1499 2118 1569 Ὥσπερ
2151 1495 2243 1553 οὖν
2271 1501 2317 1552 οί
2351 1499 2442 1552 τὸν
2480 1500 2656 1570 γάμον
2686 1499 3003 1562 κακίζοντες
3031 1502 3141 1562 τοῖς
3166 1499 3369 1570 ταύτης
3394 1503 3491 1568 ἐγ-

1907 1582 2137 1651 κωμίοις
2164 1583 2538 1653 λυμαίνονται,
2561 1582 2706 1636 οὕτω
2733 1582 2990 1651 διαϐολῆς
3013 1582 3371 1637 ἀπαλλάττων
3395 1585 3494 1637 αὐ-

1905 1666 1997 1718 τὸν
2019 1668 2077 1718 οὐ
2102 1665 2289 1718 τοῦτον
2321 1665 2520 1736 μᾶλλον
2555 1665 2588 1735 ἦ
2625 1665 2722 1733 τὴν
2753 1664 3055 1736 παρθενίαν
3089 1667 3342 1736 ἐπῄνεσε.
3381 1666 3494 1720 Καὶ

1905 1749 2013 1820 γὰρ
2058 1750 2152 1801 ἐπὶ
2177 1749 2288 1803 τῶν
2337 1749 2608 1820 σωμάτων
2637 1749 2733 1818 οὐχ
2771 1749 2871 1801 ὅσα
2907 1748 3016 1800 τῶν
3045 1749 3490 1820 πεπηρωμένων,

1904 1833 2017 1886 ἀλλ’
2052 1834 2152 1886 ὅσα
2184 1833 2290 1886 τῶν
2340 1832 2540 1903 ἀρτίων
2572 1832 2666 1884 καὶ
2690 1830 2961 1902 μηδεμίαν
2989 1830 3169 1903 λώϐην
3200 1842 3222 1870 α
3259 1832 3493 1901 ἐχόντων

1903 1919 2049 1972 ἐστὶν
2087 1917 2329 1988 ἀμείνω,
2381 1914 2556 1968 ταῦτα
2592 1915 2772 1986 ώραῖα
2803 1910 2943 1968 εἷναί
2989 1931 3192 1984 φαμεν.
3240 1915 3423 1969 Καλὸν
3464 1918 3494 1968 ὁ

1903 2002 2099 2073 γάμος·
2126 2001 2220 2054 καὶ
2235 1999 2322 2053 διά
2343 1997 2544 2070 τοῦτοή
2567 1997 2834 2070 παρθενία
2861 1997 3195 2068 θαυμαστὸν,
3219 1999 3301 2052 ὅτι
3323 1997 3492 2051 καλοῦ

1903 2084 2150 2156 κρεῖττόν
2177 2087 2316 2148 ἐστι,
2340 2083 2434 2137 καὶ
2458 2082 2700 2154 τοσούτῳ
2727 2084 2995 2154 κρεῖττον,
3018 2083 3129 2152 ὅσῳ
3150 2082 3261 2134 τῶν
3279 2081 3494 2135 ναυτῶν

1901 2172 1930 2223 6
1945 2169 2309 2240 κυϐερνήτης,
2338 2169 2431 2221 καὶ¹
2456 2168 2564 2221 τῶν
2583 2166 2934 2238 στρατιωτῶν
2953 2168 2981 2220 ὁ
3007 2165 3334 2236 στρατηγός.
3351 2163 3494 2217 Ἀλλ’

1902 2253 2092 2320 ῶσπερ
2117 2253 2210 2306 ἐπὶ
2240 2251 2336 2304 τοῦ
2371 2251 2555 2304 πλοίου
2583 2251 2708 2312 τοὺς
2734 2248 3052 2318 ἐρέττοντας
3083 2248 3150 2302 ἀν
3175 2249 3402 2320 ἀφέλῃς,
3429 2249 3494 2301 τδ

1903 2323 2112 2398 σκάφος
2142 2330 2464 2393 κατέδυσας,
2493 2329 2585 2382 καὶ
2615 2329 2707 2380 ἐπ)⁸
2729 2327 2968 2398 πολέμου
2991 2329 3117 2390 τοὺς
3151 2326 3495 2398 στρατιώτας

1904 2409 1970 2463 ἂν
2004 2410 2346 2481 ἀποστήσης,
2387 2409 2713 2480 παρέδωκας
2745 2407 3030 2475 δεδεμένον
3061 2408 3175 2469 τοῖς
3214 2407 3494 2477 πολεμίοις

1903 2488 1994 2542 τὸν
2033 2489 2368 2560 στρατηγόνο
2408 2488 2551 2542 οῦτω
2600 2488 2694 2541 καὶ
2733 2485 2971 2540 ἐνταῦθα
3005 2485 3071 2540 ἂν
3117 2486 3218 2555 τῆς
3261 2488 3494 2555 ἀρίστης

1901 2567 2108 2631 τάξεως
2133 2568 2404 2640 ὲκϐάλλῃς
2425 2567 2451 2606 ά
2482 2567 2572 2620 τὸν
2594 2567 2791 2636 γάμον,
2827 2565 2926 2634 τῆς
2959 2565 3258 2636 παρθενίας
3279 2565 3380 2635 τὴν
3407 2565 3494 2618 δό-

1905 2643 2000 2710 ξαν
2027 2645 2350 2717 προύδωκας
2371 2687 2384 2708 ,
2410 2645 2505 2699 καὶ
2527 2645 2607 2707 είς
2627 2644 2851 2713 έσχατον
2881 2644 3085 2714 ἦγαγες
3103 2648 3288 2697 κακόν.
3314 2642 3494 2698 Καλὸν

1903 2729 1936 2797 ή
1984 2725 2279 2795 παρθενία·
2337 2725 2596 2794 σύμφημι
2637 2723 2828 2791 κάγώ·
2867 2723 3001 2775 ἀλλά
3048 2724 3142 2776 καὶ
3181 2723 3276 2776 τοῦ
3311 2723 3494 2793 γάμου

1903 2806 2166 2876 κρείττων
2187 2820 2198 2832 ·
2233 2805 2328 2858 καὶ
2355 2803 2514 2857 τοῦτο
2549 2801 2918 2873 συνομολογῶ.
2953 2803 3063 2855 Καὶ
3090 2803 3138 2854 εἰ
3169 2801 3371 2871 βούλει,
3396 2801 3495 2856 καὶ

1900 2884 1963 2938 τὸ
1991 2886 2113 2938 ὅσον
2145 2884 2411 2955 κρείττων
2446 2882 2805 2953 προστίθημι,
2837 2883 2963 2934 ὅσον
2991 2884 3093 2951 τῆς
3125 2882 3230 2950 γῆς
3259 2883 3288 2934 ό
3323 2882 3494 2952 οὐρα-

1901 2963 2010 3026 νὸς,
2037 2962 2159 3014 ὅσον
2186 2962 2295 3014 τῶν
2327 2959 2632 3030 ἀνθρώπων
2658 2963 2706 3013 οἱ
2735 2959 2957 3029 ἄγγελοι
2977 2977 2989 2990 '
3019 2959 3146 3012 εἰδὲ
3177 2961 3282 3030 χρή
3314 2977 3367 3013 τι
3399 2962 3495 3014 καὶ

1903 3039 2228 3111 βιασάμενον
2269 3041 2464 3102 εἰπεῖν,
2498 3039 2592 3091 καὶ
2633 3037 2816 3092 πλέον.
2847 3039 3106 3106 Ἀγγελοι
3140 3039 3239 3107 μὲν
3273 3037 3401 3109 γὰρ,
3445 3041 3494 3091 εί

1901 3119 1996 3173 καὶ
2035 3120 2107 3188 μὴ
2142 3117 2380 3188 γαμοῦσι
2421 3117 2558 3188 μηδέ
2608 3116 3037 3186 ἐκγαμίζονται,
3088 3116 3203 3169 ἀλλ’
3243 3118 3343 3169 οὐκ
3386 3117 3496 3170 είσῖ⁵

1903 3194 2381 3267 συμπεπλεγμένοι
2436 3194 2600 3265 σαρκὶ
2628 3193 2724 3246 καὶ
2744 3194 2957 3262 αἵματι,
2989 3193 3110 3246 οὐδέ
3135 3194 3228 3246 ἐπὶ
3261 3195 3357 3265 τῆς
3389 3193 3494 3264 γῆς

1900 3278 2085 3348 ἔχουσι
2115 3276 2214 3340 τὰς
2239 3274 2546 3346 διατριϐὰς,
2588 3274 2710 3326 οὐδέ
2743 3273 2899 3344 ὄχλον
2929 3273 3238 3344 ἐπιθυμιῶν
3265 3273 3495 3342 ἀνέχον-

1899 3375 2012 3420 ται,
2043 3357 2163 3410 οὐδέ
2192 3356 2339 3408 σίτου
2370 3354 2581 3407 δέονται
2615 3353 2711 3406 καὶ⁹
2734 3352 2929 3414 ποτοῦ,
2959 3353 3079 3405 οὐδέ
3105 3353 3266 3423 μέλος
3293 3353 3494 3415 αὐτοὺς

1901 3437 1999 3508 ήδὺ
2037 3435 2272 3506 μαλάξαι
2304 3434 2511 3487 δύναιτ’
2543 3432 2631 3498 ἂν,
2673 3431 2795 3485 οὐδέ
2829 3431 2954 3501 ὄψις
2991 3432 3306 3502 ἐπικάμψαι
3347 3431 3493 3501 λαμ-

2104 3514 2191 3549 ιἰλὲ
2233 3512 2361 3549 ἥλλν.
2387 3512 2496 3549 an“.
2528 3510 2792 3549 mnvm'n'onu
2838 3509 3020 3549 m'nﬁéu'

1902 3530 2037 3586 πρα,
2071 3514 2193 3566 οὐδὲ
2233 3512 2361 3567 ἄλλο
2387 3512 2496 3566 τῶν
2528 3510 2792 3564 τοιούτων
2838 3509 3020 3563 οὐδέν’
3068 3509 3205 3563 ἀλλά
3238 3508 3494 3579 καθάπερ

1900 3593 1990 3646 τὸν
2017 3593 2243 3664 οὐρανὸν
2267 3595 2324 3645 ἐν
2345 3591 2663 3662 μεσημϐρίᾳ
2680 3589 2938 3660 σταθερᾷ,
2967 3589 3195 3658 μηδενὸς
3216 3587 3496 3658 ἐνοχλοῦν-

1900 3691 1990 3737 τος
2009 3673 2223 3743 νέφους,
2256 3672 2401 3724 ἐστιν
2428 3671 2554 3724 ίδεῖν
2582 3670 2843 3740 καθαρὸν,
2864 3669 3008 3722 οὕτω
3034 3671 3247 3732 καὶτὰς
3269 3668 3493 3722 ἐκείνων

1903 3753 2114 3822 φύσεις,
2133 3753 2390 3823 οὐδεμιᾶς
2402 3749 2725 3820 ἐνοχλούσης
2740 3749 3060 3828 ἐπιθυμίας,
3079 3750 3260 3828 μένειν
3277 3748 3492 3820 ἀνάγκη

1900 3821 2143 3898 διαυγεῖς
2173 3821 2271 3884 καῖ
2295 3829 2577 3898 λαμπράς.
2913 3821 2924 3828 ’
3237 3821 3248 3830 ’

1973 3910 2071 3962 IA'.
2089 3908 2162 3961 Τὸ
2174 3907 2230 3960 δὲ
2239 3907 2348 3960 τῶν
2362 3907 2459 3960 ἀνθ
2469 3907 2665 3976 ρώπων
2678 3906 2830 3974 γένος
2843 3903 2952 3958 τῶν
2969 3903 3256 3976 μακαρίων
3268 3905 3494 3959 ἐκείνων

1901 3991 1968 4058 τῇ
1997 3986 2157 4058 φύσει
2188 3999 2212 4026 θ
2233 3988 2556 4057 λειπόμενον
2589 3985 2838 4054 βιάζεται
2862 3983 2957 4053 τὴν
2979 3981 3158 4035 οίκίαν
3195 3985 3370 4053 ἰσχὺν,
3398 3985 3494 4039 καὶ

1903 4066 2200 4135 φιλονεικεῖ
2229 4064 2318 4118 διά
2342 4064 2442 4133 τῆς
2466 4061 2702 4132 σπουδῆς
2734 4059 2876 4114 κατὰ
2904 4059 3134 4130 δύναμιν
3163 4058 3494 4132 ἐξισωθῆναι

1903 4145 2152 4207 ἐκείνοις.
2206 4142 2330 4204 Πῶς
2377 4137 2508 4206 οῦν;
2551 4141 2624 4193 Οὐ
2670 4139 2962 4211 γαμοῦσιν,
3001 4138 3123 4192 οὐδέ
3169 4137 3496 4209 γαμίζονται

1901 4223 2152 4291 ἄγγελοι⁸
2178 4221 2292 4275 ἀλλ’
2322 4220 2444 4274 οὐδὲ
2474 4222 2506 4291 ή
2533 4218 2822 4290 παρθένος.
2847 4219 3234 4289 Παρεστήκασι
3265 4219 3497 4273 διαπαν-

1900 4304 1991 4368 τὸς
2016 4304 2110 4356 καὶ
2137 4300 2514 4373 λειτουργοῦσι
2535 4300 2612 4372 τῷ
2639 4298 2759 4370 Θεῷ
2782 4315 2796 4329 ·
2829 4298 2988 4352 τοῦτο
3010 4299 3104 4352 καὶ
3127 4301 3158 4369 ἡ
3199 4298 3492 4371 παρθένος.

1901 4383 1991 4435 Διδ
2026 4383 2121 4436 καὶ
2151 4381 2363 4444 Παῦλος
2392 4379 2561 4442 αὐτάς
2589 4378 2808 4432 πάντων
2832 4377 3110 4448 ἀπέστησε
3142 4376 3252 4429 τῶν
3273 4377 3495 4447 φροντίς

1900 4463 2028 4524 δων,
2062 4460 2151 4514 διά
2174 4462 2235 4514 τὸ
2264 4458 2630 4530 εὐπρόσεδρον
2666 4457 2761 4511 καὶ
2793 4457 3222 4527 ἀπερίσπαστον.
3252 4454 3404 4527 [276]
3429 4457 3491 4510 Εἰ

1901 4539 1956 4591 δὲ
1985 4538 2058 4610 μὴ
2085 4537 2331 4591 δύναιντο
2362 4539 2442 4600 είς
2462 4537 2553 4590 τὸν
2580 4534 2807 4606 οὐρανὸν
2830 4535 3097 4604 ἀναϐῆναι
3120 4533 3260 4597 τέως
3277 4574 3292 4595 ,
3323 4536 3494 4589 καθά-

1903 4635 2010 4689 περ
2040 4619 2260 4680 ἐκεῖνοι,
2286 4618 2385 4687 τῆς
2415 4616 2616 4687 σαρκὸς
2633 4614 3006 4685 καθελκούσης
3024 4613 3213 4678 αὐτὰς,
3245 4613 3380 4667 ἀλλά
3399 4616 3493 4668 καὶ

1902 4699 1960 4750 ἐν
1991 4696 2167 4766 τούτῳ
2200 4695 2402 4764 πολλὴν
2431 4695 2615 4766 ἔχουσι
2649 4695 2748 4766 τὴν
2793 4692 3168 4765 παραμυθίαν,
3203 4693 3367 4747 αὐτὸν
3400 4695 3494 4747 τὸν

1901 4774 2008 4828 τῶν
2040 4773 2283 4843 οὐρανῶν
2312 4773 2707 4843 ὑποδεχόμεναι
2736 4773 3035 4840 Δεσπότην,
3069 4771 3135 4825 ἂν
3173 4766 3306 4826 ὦσιν
3336 4772 3494 4841 ἅγιαι

1901 4853 1979 4923 τῷ
2021 4851 2235 4922 σώματι
2276 4851 2371 4904 καὶ
2407 4849 2487 4921 τῷ
2526 4851 2818 4920 πνεύματι.
2859 4847 3017 4913 Εἶδες
3047 4851 3145 4920 τῆς
3190 4852 3493 4920 παρθενίας

1900 4931 1962 4984 τὸ
1988 4930 2228 4999 ἀξίωμα,
2260 4929 2377 4991 πῶς
2405 4926 2424 4966 ί
2451 4929 2578 4993 τοὺς
2609 4930 2703 4981 ἐπὶ
2722 4929 2821 4998 τῆς
2849 4928 2954 4997 γῆς
2977 4927 3354 4997 διατρίϐοντας
3379 4932 3494 4992 τοῖς

1901 5012 1960 5063 ἐν
1985 5011 2234 5081 οὐρανοῖς
2259 5007 2638 5078 διαιτωμένοις
2664 5007 2868 5078 ὁμοίως
2900 5007 3280 5061 πολιτεύεσθαι
3315 5012 3493 5073 ποιεῖς

1901 5089 2026 5152 τοὺς
2049 5088 2278 5158 σώματα
2295 5088 2713 5158 περικειμένους
2728 5085 2838 5138 τῶν
2855 5084 3164 5154 ἀσωμάτων
3179 5086 3280 5139 οὐκ
3295 5086 3492 5155 ἀφίησι

1902 5167 2184 5221 λείπεσθαι
2218 5167 2522 5237 δυνάμεων,
2551 5163 2871 5235 ἀνθρώπους
2900 5164 3061 5228 ὄντας
3091 5164 3172 5228 είς
3203 5164 3296 5217 τὸν
3327 5163 3494 5218 αὐτὸν

1901 5249 2011 5302 τῶν
2052 5247 2302 5316 ἀγγέλων
2344 5246 2466 5315 ἄγει
2511 5243 2691 5316 ζῆλον.
2739 5243 2872 5296 Ἀλλ’
2917 5243 3070 5296 οὐδὲν
3103 5244 3309 5296 τούτων
3352 5242 3492 5313 πρὸς

1904 5328 2069 5398 ὑμᾶς,
2113 5328 2241 5390 τοὺς
2274 5325 2496 5379 τοσοῦτο
2523 5325 2759 5395 πρᾶγμα
2789 5322 3241 5396 λυμαινομένους,
3271 5323 3362 5376 καὶ
3395 5321 3490 5374 τὸν

1903 5407 2180 5475 Δεσπότην
2217 5406 2622 5468 διαϐάλλοντας,
2654 5405 2749 5458 καὶ
2784 5405 3017 5476 πονηρὸν
3047 5401 3486 5465 ἀποκαλοῦντας.

1916 5487 1979 5539 Ἡ
2010 5484 2118 5556 γάρ
2144 5485 2239 5538 τοῦ
2266 5483 2505 5555 πονηροῦ
2535 5483 2721 5538 δούλου
2755 5483 2974 5546 κόλασις
3003 5484 3145 5553 ὑμᾶς
3177 5481 3490 5548 ἐκδέξεται·

1941 5593 1990 5668 κθ
2013 5592 2137 5668 βςε.
2165 5589 2396 5668 μηδεμίαν
2439 5589 2636 5651 βλάϐην.
2667 5587 2792 5638 Infra
2837 5588 2968 5636 idem
3009 5586 3290 5650 στρατηγὸς,
3325 5588 3490 5651 ὥσπερ

1905 5655 1993 5717 γὰρ
2013 5655 2087 5701 ἐπὶ
2109 5654 2194 5701 τοῦ
2214 5654 2398 5700 πλοίου.

1974 5715 2146 5784 :lBeg.
2173 5721 2226 5784 θ]
2245 5712 2395 5762 Savil.
2422 5715 2470 5784 i0
2497 5708 3026 5784 ma‘rg.néx6&)\_-gc.'Alii
3051 5711 3297 5773 ἐκϐάλλῃς.

1973 5779 1991 5800 ⁸
2015 5774 2137 5837 Reg.
2160 5777 2255 5823 τῶν
2295 5775 2538 5837 μακαρίων
2560 5774 2768 5837 ἀγγέλων
2787 5777 2849 5837 τῇ
2870 5774 3025 5837 φύσει.

1983 5821 2210 5888 ίᾏλὶἷτέιι
2231 5821 2349 5896 πῶς,
2373 5821 2496 5884 hinc
2524 5821 2743 5883 ιὀἑύιειω
2767 5846 2794 5882 e
2819 5821 3005 5884 Sa’vuio
3033 5836 3327 5896 recepimus.
3351 5831 3481 5883 Enn.
