3886 6222
458 217 559 273 εει

440 332 565 394 ταῖς
590 328 653 383 δι
694 328 796 399 τῆς
840 326 1169 400 Ἐκκλησίας
1201 327 1495 399 παρθένοις
1537 326 1910 398 ἀπαντήσεται
1946 324 2016 379 τά

445 412 617 466 πολλὰ
654 410 750 464 καὶ
789 410 1002 482 μεγάλα
1046 411 1248 480 ἀγαθά,
1288 411 1382 464 καὶ
1409 408 1687 479 ὀφθαλμὸν
1725 408 1818 462 καὶ
1850 407 2018 478 ἀκοὴν

445 496 542 550 καὶ
572 494 809 549 διάνοιαν
852 493 1247 566 ὑπερϐαίνοντα
1278 495 1377 565 τὴν
1409 492 1778 563 ἀνθρωπίνην.
1816 492 2019 562 Διόπερ

444 577 686 642 ἐκείνους
715 578 946 648 ἀφέντες
984 577 1100 649 (καὶ
1128 578 1236 650 γὰρ
1261 578 1371 631 τῶν
1405 576 1542 648 πρὸς
1571 578 1768 641 αὐτοὺς
1795 576 2021 648 εἰρημέ-

442 678 549 715 νων
584 657 702 724 ἀλις
720 660 759 731 ),
784 664 897 725 τοῖς
920 660 1129 725 τέκνοις
1160 661 1260 732 τῆς
1294 659 1618 732 Ἐκκλησίας
1648 658 2019 731 διαλεξώμεθα

441 742 647 797 λοιπόν.

510 826 610 882 ΙΒί.
630 825 800 880 Πόθεν
814 820 908 880 οῦν
921 824 1183 898 ἄρξασθαι
1200 825 1297 880 τοῦ
1312 826 1469 896 λόγου
1485 825 1670 892 καλὸν;
1700 826 1819 879 Ἀπ’
1839 823 2017 878 αὐτῶν

438 910 548 965 τῶν
574 909 664 963 τοῦ
687 909 891 981 Κυρίου
918 910 1199 981 ῥημάτων,
1224 902 1300 964 ὧν
1319 909 1410 963 διά
1426 908 1519 963 τοῦ
1552 908 1822 980 μακαρίου
1848 906 2015 977 φθέγ-

438 1010 592 1062 γεται
616 993 829 1047 Παύλου
847 1010 861 1024 ⁸
889 994 987 1066 τὴν
1016 994 1124 1065 γὰρ
1142 993 1333 1048 τούτου
1361 994 1683 1066 παραίνεσιν
1703 990 1797 1045 τοῦ
1814 989 2013 1062 Κυρίου

437 1078 760 1149 παραίνεσιν
781 1074 921 1130 εἷναι
955 1075 1230 1131 πιστεύειν
1257 1078 1387 1149 χρή.
1425 1077 1536 1130 Καὶ
1563 1076 1675 1148 γὰρ
1700 1077 1828 1130 ὅταν
1856 1074 2011 1146 λέγῃ,

442 1159 573 1226 Τοῖς
601 1159 669 1213 δὲ
708 1160 1073 1230 γεγαμηκόσι
1116 1160 1529 1230 παραγγέλλω,
1568 1164 1681 1215 οὐκ
1707 1159 1840 1229 ἐγὼ,
1875 1156 2013 1212 ἀλλ’

437 1246 472 1296 ὁ
505 1243 718 1311 Κύριος
740 1260 755 1274 ·
797 1245 892 1296 καὶ
932 1242 1113 1309 πάλιν,
1155 1242 1283 1310 Τοῖς
1319 1243 1389 1297 δὲ
1423 1242 1660 1310 λοιποῖς
1694 1242 1810 1313 ἐγὼ
1833 1242 2010 1311 λέγω,

435 1328 550 1394 οὐχ
579 1330 612 1381 ό
647 1328 882 1397 Κύριος,
913 1327 1010 1397 οὐχ
1035 1326 1113 1391 ὼς
1140 1326 1341 1397 ἐτέρων
1371 1328 1468 1397 μὲν
1489 1326 1656 1381 ὄντων
1681 1325 1790 1380 τῶν
1821 1324 2008 1390 αὐτοῦ,

434 1409 639 1480 ἐτέρων
661 1410 718 1463 δὲ
740 1410 848 1463 τῶν
876 1409 968 1463 τοῦ
995 1410 1221 1481 Κυρίου,
1255 1409 1429 1465 ταῦτά
1456 1427 1641 1481 φησιν.
1678 1411 1738 1463 ⁸0
1770 1409 1879 1481 γὰρ
1915 1409 2009 1463 τὸν

432 1491 667 1562 Χριστὸν
693 1492 832 1563 ἔχων
859 1493 918 1545 ἐν
935 1490 1111 1562 ἑαυτῷ
1134 1491 1419 1557 λαλοῦντα,
1449 1495 1477 1545 6
1502 1491 1635 1564 μηδὲ
1664 1491 1763 1563 ζῇν
1784 1490 2010 1545 σπουδά-

433 1572 561 1637 ζων.
589 1575 727 1629 ὥστε
748 1577 839 1628 τὸν
859 1576 1092 1646 Χριστὸν
1112 1577 1169 1631 ἐν
1190 1575 1366 1647 ἐαυτῷ
1393 1578 1513 1647 ζῇν,
1537 1578 1567 1630 6
1590 1577 1681 1630 καὶ
1709 1574 2004 1647 βασιλείαν,

431 1658 527 1711 καὶ
564 1659 731 1730 ζωὴν,
768 1663 863 1716 καὶ
901 1658 1194 1729 ἀγγέλους,
1240 1661 1336 1714 καὶ
1367 1660 1643 1731 δυνάμεις,
1691 1660 1784 1714 καὶ
1828 1659 2005 1712 κτίσιν

429 1742 641 1812 ἑτέραν,
670 1743 764 1796 καὶ
792 1749 969 1797 πάντα
999 1744 1186 1807 ἁπλῶς
1209 1743 1438 1815 δεύτερα
1456 1745 1557 1814 τῆς
1586 1744 1807 1814 ἀγάπης
1833 1742 2002 1796 αὐτοῦ

426 1825 724 1897 τιθέμενος,
749 1826 866 1890 πῶς
882 1826 1002 1897 ἀνῆ
1027 1826 1360 1896 φθέγξασθαι
1387 1828 1420 1899 ἢ
1447 1827 1806 1898 καὶὲννοῆσαί
1826 1826 2002 1880 τιτῶν

424 1909 489 1961 οὐ
528 1909 828 1963 δοκούντων
855 1909 1114 1979 ἠνέσχετο
1146 1910 1224 1980 τῷ
1247 1910 1489 1981 Χριστῷ,
1518 1909 1812 1964 καὶταῦτα
1843 1926 2002 1981 νομο-

426 1990 629 2052 θετῶν;
657 1991 722 2043 Τί
758 1993 875 2044 ποτ’
910 1988 1004 2046 οῦν
1037 1994 1183 2046 ἐστιν
1211 1994 1240 2046 6
1281 1992 1464 2061 λέγει,
1507 1991 1687 2062 Ἐγὼ,
1719 1993 1842 2057 καὶ,
1876 1993 1999 2045 Οὐκ

422 2074 578 2142 ἐγώ;
614 2074 737 2127 Τῶν
776 2075 958 2145 νόμων
1002 2077 1095 2129 καὶ
1127 2076 1235 2129 τῶν
1279 2077 1564 2147 δογμάτων
1602 2077 1728 2140 τοὺς
1782 2076 1879 2145 μὲν
1929 2075 1998 2129 δι’

424 2154 642 2220 ἐαυτοῦ,
676 2157 801 2220 τοὺς
840 2158 898 2210 δέ
930 2157 1018 2211 διὰ
1058 2158 1168 2211 τῶν
1214 2159 1526 2212 ἀποστόλων
1559 2157 1759 2212 ἔδωκεν
1799 2160 1932 2228 ἡμῖν
1969 2158 1998 2211 6

421 2238 678 2309 Χριστός.
697 2241 817 2294 Ὅτι
837 2241 945 2311 γάρ
958 2243 1019 2294 οὐ
1037 2242 1242 2306 πάντας
1258 2241 1420 2306 αὐτὸς
1432 2242 1501 2295 δι’
1515 2241 1707 2295 ἑαυτοῦ
1720 2241 1930 2311 τίθησιν
1945 2255 1994 2304 ι,

419 2321 654 2376 ἄκουσον
673 2324 726 2376 τί
756 2341 922 2395 φησι·
957 2325 1164 2380 Πολλὰ
1194 2325 1313 2393 ἔχω
1339 2324 1543 2394 λέγειν
1565 2325 1727 2395 ὑμῖν,
1758 2326 1896 2380 ἀλλ’
1922 2329 1996 2381 οὐ

417 2405 685 2460 δύνασθε
699 2407 1032 2472 βαστάζειν
1051 2408 1204 2477 ἄρτι.
1235 2409 1309 2461 Πε
1319 2408 1373 2479 ρὶ
1393 2409 1489 2479 μὲν
1504 2406 1598 2463 οὖν
1624 2407 1740 2469 τοῦ.
1762 2413 1996 2477 γυναῖκα

418 2487 527 2540 ἀπὸ
557 2488 746 2558 ἀνδρὸς
788 2489 861 2560 μὴ
911 2490 1258 2561 χωρίζεσθαι,
1300 2492 1585 2562 προλαϐὼν
1609 2493 1772 2557 αὐτὸς
1801 2495 1995 2562 ἐνομοο

419 2569 646 2640 θέτησεν
667 2571 830 2642 ἡνίκα
857 2574 916 2626 ἐν
942 2574 1106 2645 σαρκὶ
1131 2575 1223 2632 ἐπὶ
1246 2574 1344 2646 τῆς
1366 2575 1469 2645 γῆς
1492 2571 1560 2646 ἦν
1575 2592 1590 2607 ο
1613 2576 1706 2629 καὶ
1730 2576 1817 2630 διά
1836 2575 1994 2630 τοῦτό

418 2668 550 2721 φησι
569 2670 585 2686 ο
620 2654 748 2721 Τοῖς
769 2654 838 2708 δὲ
863 2659 1232 2726 γεγαμηκόσι
1262 2657 1677 2729 παραγγέλλω,
1711 2661 1824 2713 οὐκ
1854 2660 1991 2731 ἐγὼ,

415 2737 555 2791 ἀλλ’
597 2741 631 2801 d
664 2740 901 2806 Κύριος.
937 2739 1059 2792 Τῶν
1095 2740 1150 2793 δὲ
1188 2740 1429 2794 ἀπίστων
1466 2743 1652 2796 ἕνεκεν
1690 2744 1853 2807 αὐτὸς
1893 2743 2021 2814 μέν¹

414 2820 548 2889 ἡμῖν
576 2820 724 2875 οὐδὲν
758 2817 876 2874 είπε
909 2821 975 2875 δι’
1015 2820 1234 2886 ἑαυτοῦ,
1269 2824 1367 2893 τὴν
1395 2824 1452 2877 δὲ
1481 2824 1574 2878 τοῦ
1607 2825 1820 2879 Παύλου
1854 2827 1991 2899 πρὸς

400 2901 575 2981 τοῦτο
604 2904 832 2974 κινήσας
856 2903 1033 2975 ψυχὴν
1062 2906 1390 2975 ἐνομοθέτει.
1424 2908 1536 2960 Καὶ
1566 2907 1654 2962 διά
1690 2909 1846 2964 τοῦτο
1872 2910 1989 2964 ἔλε-

414 3001 543 3053 γεν·
592 2988 717 3054 Οὐχ
763 2990 796 3041 ὀ
834 2988 1066 3056 Κύριος,
1096 2990 1234 3044 ἀλλ’
1274 2990 1418 3059 ἐγών
1459 2993 1519 3045 οὐ
1570 2992 1599 3032 δ
1626 2991 1784 3047 τοῦτο
1820 2994 1988 3061 δεῖξαι

413 3075 752 3147 βουλόμενος,
793 3080 876 3134 ὃτι
922 3079 1261 3152 ἀνθρώπινον
1292 3078 1362 3153 ἦν
1410 3084 1471 3137 τὸ
1506 3083 1797 3154 λεγόμενον
1849 3086 1985 3155 (πῶς

396 3160 586 3240 Ιγάρς),
605 3160 719 3214 ἀλλ’
730 3163 810 3215 ὅτι
827 3162 925 3234 τὴν
942 3164 1163 3233 ἐντολὴν
1177 3164 1380 3237 ταύτην
1394 3166 1490 3237 οὐχ
1509 3167 1672 3238 ἡνίκα
1686 3168 1865 3238 παρῆν
1875 3172 1988 3233 τοῖς

396 3242 682 3327 μμθηταῐς
709 3245 877 3316 αὐτὴν
907 3245 1161 3308 δέδωκεν,
1189 3248 1324 3302 ἀλλά
1346 3247 1440 3303 νῦν
1467 3250 1534 3303 δι’
1560 3250 1745 3304 αὐτοῦ.
1777 3253 1987 3327 Ὠσπερ

406 3322 503 3379 οὖν
529 3326 609 3391 τὸ,
648 3328 713 3381 Ὅ
738 3330 972 3398 Κύριος,
989 3332 1100 3384 οὐκ
1125 3330 1259 3400 ἐγὼ,
1276 3332 1376 3387 οὐκ
1397 3332 1543 3387 ἐστιν
1570 3322 1984 3405 ἐναντιουμένου

393 3408 487 3481 ¹τῷ
516 3412 892 3482 προστάγματι
924 3412 1020 3466 τοῦ
1055 3414 1316 3484 Χριστοῦ,
1351 3414 1525 3480 οὕτως
1555 3419 1636 3481 τὸ,
1682 3418 1847 3487 Ἐγὼ,
1871 3422 1984 3489 οὐχ

392 3495 444 3563 ,ό
468 3494 701 3562 Κύριος,
730 3495 830 3548 οὐκ
854 3496 986 3549 ῖδιόν
1011 3515 1064 3550 τι
1087 3497 1237 3568 παρὰ
1261 3499 1323 3551 τὸ
1345 3499 1423 3570 τῷ
1446 3499 1565 3570 Θεῷ
1588 3501 1779 3555 δοκοῦν
1799 3502 1857 3555 λέ
1867 3520 1983 3571 γον-

390 3592 520 3657 ίτος,
552 3575 689 3629 ἀλλά
712 3577 869 3632 τοῦτο
901 3578 1058 3648 μόνον
1086 3579 1413 3646 δεικνύντος.
1444 3582 1510 3636 δι’
1536 3583 1703 3637 αὐτοῦ
1730 3585 1823 3639 νῦν
1842 3585 1981 3641 διδο-

410 3657 580 3729 μένην
617 3658 716 3730 τὴν
747 3661 986 3728 ἐντολήν.
1023 3663 1131 3715 Καὶ
1162 3662 1272 3735 γάρ
1308 3665 1435 3735 περὶ
1464 3666 1562 3735 τῆς
1596 3667 1775 3739 χήρας
1805 3669 1982 3722 διαλε-

389 3740 636 3826 1γόμενος
665 3752 712 3805 ο,
753 3744 1170 3826 ῌακηριωτέρα
1195 3745 1264 3801 δέ
1298 3747 1449 3812 ἐστι,
1479 3750 1664 3819 φησὶν,
1698 3752 1808 3805 ἐὰν
1827 3752 1982 3806 οὕτω

398 3823 601 3894 μείνῃ,
632 3824 783 3878 κατὰ
813 3826 926 3890 τὴν
956 3826 1111 3896 ἐμὴν
1148 3828 1406 3899 γνώμην.
1441 3827 1575 3885 Εἶτα
1610 3832 1696 3887 ἵνα
1733 3836 1829 3904 μὴ,
1862 3835 1981 3903 Τὴν

402 3905 558 3975 ἐμὴν
581 3907 825 3977 γνώμην
870 3910 1130 3976 ἀκούσας,
1170 3912 1508 3985 ἀνθρώπινον
1554 3911 1695 3970 εἶναι
1749 3917 1979 3990 νομίσῃς

398 3990 491 4043 τὸν
517 3991 790 4062 λογισμὸν,
816 3995 880 4066 τῇ
908 3994 1193 4069 προσθήκῃ
1216 3997 1314 4067 τὴν
1343 3996 1574 4067 ὑποψίαν
1598 3998 1870 4070 ἐξέκοψεν,
1901 4004 1977 4056 είο

399 4072 551 4126 πών·
601 4073 749 4143 (277)
800 4076 962 4131 Δοκῶ
1002 4076 1071 4130 δὲ
1111 4078 1271 4147 κάγὼ
1313 4081 1546 4150 πνεῦμα
1595 4082 1744 4136 Θεοῦ
1789 4083 1974 4153 ἔχειν.

400 4156 613 4227 Ὥσπερ
646 4153 740 4210 οὖν
781 4158 849 4212 τὰ
892 4158 986 4211 τοῦ
1036 4160 1345 4230 πνεύματος
1373 4161 1765 4234 φθεγγόμενος,
1807 4167 1973 4221 αὐτοῦ

397 4236 549 4306 λέγει
568 4237 795 4319 γνώμην
817 4238 977 4298 εἶναι.
1000 4242 1095 4294 καὶ
1123 4243 1185 4295 οὐ
1210 4243 1299 4296 διὰ
1320 4243 1477 4297 τοῦτο
1502 4247 1744 4317 φήσομεν
1765 4248 1974 4319 ἀνθρω-

398 4322 562 4392 πίνην
590 4317 728 4375 εἶναι
749 4324 847 4396 τὴν
867 4324 1140 4393 ἀπόφασιν
1165 4343 1178 4357 ·
1205 4326 1347 4378 οὕτω
1376 4329 1469 4381 καὶ
1501 4327 1616 4391 νῦν,
1644 4329 1770 4382 ὅταν
1802 4317 1929 4402 εἴπῃ
1953 4370 1971 4396 ,

410 4404 558 4473 Ἐγὼ
592 4405 783 4474 λέγω.
823 4408 935 4475 οὐχ
974 4410 1007 4473 ῥ
1046 4408 1293 4475 Κύριος,
1329 4409 1403 4479 μὴ
1440 4408 1528 4462 διὰ
1560 4410 1719 4465 τοῦτο
1756 4413 1971 4468 Παύλου

396 4488 627 4558 νομίσῃς
672 4481 812 4542 εῖναι
854 4488 945 4543 τὸν
972 4488 1147 4560 λόγον.
1193 4491 1297 4544 Τὸν
1337 4494 1445 4562 γάρ
1476 4493 1711 4564 Χριστὸν
1742 4490 1887 4566 εἶχεν
1913 4497 1972 4552 ἐν

397 4569 575 4639 ἑαυτῷ
608 4570 891 4635 λαλοῦντα,
921 4574 1017 4627 καὶ
1043 4574 1143 4627 οὐκ
1176 4573 1243 4627 ἂν
1286 4573 1583 4644 ἐτόλμησεν
1613 4578 1671 4630 ἐν
1696 4577 1970 4648 ἀποφάσει

395 4654 574 4725 δόγμα
610 4655 780 4709 θεῖναι
807 4657 1078 4721 τοσοῦτον,
1113 4658 1161 4711 εί
1185 4658 1259 4729 μὴ
1288 4658 1380 4711 τὸν
1410 4659 1573 4729 νόμον
1603 4660 1734 4732 ἡμῖν
1758 4661 1969 4719 ἐκεῖθεν

395 4735 589 4808 ἔφερεν
651 4733 784 4791 Εἷπε
812 4738 921 4812 γὰρ
950 4740 1018 4793 ἀν
1046 4757 1129 4802 τις
1156 4740 1293 4811 πρὸς
1322 4741 1515 4794 αὐτόν·
1554 4742 1670 4797 Οὐκ
1701 4743 1969 4815 ἀνέχομαι

394 4815 534 4875 εἶναι
569 4821 706 4891 μετά
736 4822 836 4892 τῆς
876 4823 1107 4878 ἀπίστου
1142 4823 1332 4889 πιστὸς
1361 4824 1437 4878 ὢν
1476 4827 1659 4893 αὐτὸς,
1688 4828 1829 4898 μετὰ
1869 4832 1968 4901 τῆς

394 4902 630 4971 ἐναγοῦς
663 4903 693 4956 6
723 4905 987 4976 καθαρός·
1034 4906 1198 4972 αὐτὸς
1244 4907 1530 4978 προλαϐὼν
1572 4906 1725 4975 εἶπες
1771 4913 1853 4967 ὅτι
1900 4915 1965 4969 σὺ

393 4985 566 5040 ταῦτα
584 4986 783 5055 λέγεις,
805 4989 901 5058 οὐχ
923 4990 951 5040 ὀ
969 4988 1189 5059 Κύριος.
1213 4991 1385 5044 Πόθεν
1411 4987 1505 5046 οῦν
1531 5011 1620 5064 μοι
1641 4995 1702 5048 τὸ
1725 4995 1967 5066 ἀσφαλὲς

392 5069 488 5121 καὶ⁵
509 5068 571 5121 τδ
601 5068 834 5138 βέϐαιονς
876 5071 1016 5123 Ἀλλ’
1051 5068 1205 5125 εἶπεν
1221 5071 1289 5126 ἂν
1317 5074 1453 5146 πρὸς
1482 5076 1645 5130 αὐτὸν
1668 5080 1697 5131 6
1721 5077 1962 5143 Παῦλος·

390 5150 483 5223 Μὴ
509 5150 694 5225 δείσῃς
728 5151 781 5221 ἀ,
824 5152 910 5206 διὰ
946 5152 1055 5224 γὰρ
1085 5154 1245 5210 τοῦτο
1280 5154 1456 5220 εἷπον,
1493 5160 1576 5213 ὅτι
1605 5160 1697 5214 τὸν
1729 5162 1962 5233 Χριστὸν

352 5334 356 5338 ι
448 5364 479 5426 _‘
504 5363 630 5426 Reg.
653 5368 705 5413 et
731 5362 881 5414 SaVil.
903 5364 1121 5415 τέθεικεν.

446 5423 479 5465 ιι
502 5423 627 5487 Reg.
655 5430 708 5501 es
730 5426 879 5501 ngi‘l.
906 5427 1167 5501 ἐνομοθέτει
1196 5427 1365 5501 λέγων,
1411 5447 1434 5471 α
1449 5429 1520 5501 ,Εἴ
1535 5430 1740 5501 τιςρχει.
1763 5432 1962 5501 γγναξίκα

1152 215 1211 271 S.
1248 214 1539 272 ιοΑΝαιε
1570 209 2068 271 οηιιῖεοδτοιιι
2098 208 2422 268 ARCBIEP.
2455 207 3011 267 CONS'I‘ANTINOP.

3588 202 3694 262 διε

2130 324 2239 395 ἔχω
2253 324 2518 379 λαλοῦντα
2541 326 2599 378 ἐν
2621 321 2863 395 ὲμαυτιῖν
2884 323 2981 375 κα)⁸
3001 320 3254 376 ὅτιΔοκῶ
3274 319 3512 391 ,πνεῦμα
3531 318 3697 391 ἔχειν

2127 410 2299 475 Θεοῦ,
2328 410 2416 464 ἵνα
2462 409 2630 479 μηδὲν
2658 406 2997 480 ἀνθρώπινον
3033 405 3380 478 ὑποπτεύσῃς
3422 401 3560 462 εἷναι
3584 405 3695 461 τῶν

2124 492 2448 564 λεγομένων.
2467 495 2526 546 Et
2538 493 2647 564 γάρ
2665 493 2740 564 μὴ
2759 491 2916 545 τοῦτο
2929 486 3014 562 ἦν,
3035 492 3135 545 οὐκ
3153 488 3218 544 ἂν
3234 488 3504 561 τοσαύτην
3523 487 3696 544 ἔδωκα

2123 579 2237 642 τοῖς
2275 578 2429 647 ἐμοῖς
2458 576 2740 646 λογισμοῖς
2770 574 2870 646 τὴν
2892 574 3159 640 ἐξουσίαν,
3182 574 3447 644 Λογισμοὶ
3471 573 3581 645 γὰρ
3600 575 3698 627 ἀνο

2124 658 2358 731 θρώπων
2400 659 2583 723 δειλοὶ,
2627 660 2721 713 καὶ
2758 658 3075 727 ἐπισφαλεῖς
3121 658 3179 712 αί
3217 657 3452 710 ἐπίνοιαι
3490 656 3694 712 αὐτῶν.

2123 742 2371 797 Δείκνυσι
2394 743 2450 796 δὲ
2491 744 2585 796 καὶ
2617 744 2651 813 ἡ
2679 740 2954 812 πανταχοῦ
2988 741 3087 811 τῆς
3106 740 3431 811 οἰκουμένης
3467 738 3697 810 Ἐκκλη-

2123 825 2214 878 σία
2241 826 2337 878 τοῦ
2368 827 2534 896 νόμου
2568 825 2669 895 τὴν
2712 826 2866 895 ἰσχὺν
2890 825 3030 896 μετά
3067 823 3355 896 ἀκριϐείας
3395 823 3558 877 αὐτὸν
3594 840 3697 892 φυ-

2121 908 2406 970 λάττουσα,
2448 909 2548 962 οὐκ
2584 908 2652 962 ἀν
2693 907 2999 976 φυλάξασα.
3044 909 3092 961 εί
3134 906 3209 978 μὴ
3240 907 3500 960 πέπειστο
3542 908 3700 977 ἀκρι-

2118 991 2230 1056 ϐῶς
2264 988 2401 1045 εἶναι
2435 990 2671 1061 Χριστοῦ
2716 991 3047 1062 πρόσταγμα
3095 988 3157 1043 τὺ
3194 989 3404 1060 λεχθέν.
3439 989 3506 1043 Τί
3536 985 3631 1043 οὖν
3662 991 3697 1042 6

2119 1075 2330 1139 Παῦλος
2361 1074 2723 1145 ἐνηχούμενος
2747 1074 2852 1127 ὐπὸ
2876 1074 2970 1127 τοῦ
3006 1072 3213 1144 Κυρίου
3247 1072 3420 1143 φησίς
3454 1073 3595 1140 Περὶ
3623 1072 3699 1126 δὲ

2115 1151 2205 1210 ὧν
2237 1156 2536 1227 ἐγράψατέ
2577 1174 2701 1227 μοι,
2742 1156 2933 1209 καλὸν
2974 1155 3264 1224 ἀνθρώπῳ
3300 1155 3585 1225 γυναικὸς
3601 1154 3695 1224 μὴ

2117 1240 2431 1295 ἅπτεσθαι.
2488 1240 2832 1307 Ἀποδέξαιτο
2873 1240 2938 1294 ἀν
2963 1256 3049 1303 τις
3078 1238 3313 1293 ἐνταῦθα
3344 1239 3468 1302 τοὺς
3495 1240 3698 1308 Κοριν-

2116 1325 2285 1389 θίους,
2315 1326 2397 1378 ὅτι
2428 1323 2699 1396 μηδεμίαν
2723 1323 2853 1378 ποτέ
2884 1323 3034 1395 παρά
3052 1322 3148 1376 τοῦ
3180 1321 3502 1376 διδασκάλου
3533 1321 3692 1389 δεξάο

2118 1424 2268 1478 μενοι
2313 1408 2622 1479 συμϐουλὴν
2662 1406 2793 1478 περὶ
2838 1406 3157 1478 παρθενίας,
3189 1404 3344 1459 αὐτοὶ
3385 1404 3695 1475 φθάσαντες

2114 1491 2393 1561 ἐρωτῶσιν
2432 1492 2615 1545 αὐτόν.
2652 1490 2934 1544 Ἐντεῦθεν
2965 1490 3065 1561 ἥδη
3109 1490 3350 1543 δείκνυσι
3386 1500 3411 1528 ο
3447 1490 3546 1559 τὴν
3576 1488 3695 1544 ἀπὸ

2111 1573 2213 1643 τῆς
2240 1575 2458 1645 χάριτος
2484 1573 2724 1627 ἐπίδοσιν
2744 1573 3043 1644 γενομένην
3073 1573 3259 1636 αὐτοῖς
3278 1589 3292 1603 ’
3320 1571 3430 1626 ἀπὺ
3455 1572 3566 1643 γάρ
3583 1572 3696 1642 τῆς

2111 1655 2357 1719 Παλαιάς
2378 1658 2652 1726 Δισθήκης
2673 1657 2773 1710 οὐκ
2800 1652 2869 1726 ἦν
2900 1656 2962 1709 τὸ
2992 1657 3225 1727 πρᾶγμα
3255 1655 3587 1726 ἀμφίϐολον⁹
3621 1656 3693 1708 οὐ

2107 1739 2218 1811 γὰρ
2250 1739 2409 1810 μόνον
2443 1741 2493 1792 οί
2535 1739 2715 1793 λοιποὶ
2756 1740 2977 1802 πάντες,
3018 1739 3152 1794 ἀλλά
3183 1739 3278 1793 καὶ
3324 1737 3545 1793 Λευῖται
3592 1739 3694 1792 καὶ

2106 1821 2384 1893 ἀρχιερεῖς
2427 1823 2522 1877 καὶ
2562 1822 2725 1886 αὐτὸς
2755 1825 2785 1876 6
2835 1823 3007 1892 μέγας
3036 1821 3327 1895 ἀρχιερεὺς
3380 1821 3583 1894 πολλὴν
3630 1824 3694 1876 ἐ·

2108 1908 2310 1960 ποιεῖτο
2334 1905 2428 1958 τοῦ
2448 1905 2626 1975 γάμου
2661 1905 2920 1976 σπουδήν.

2180 1987 2273 2041 ll".
2311 1987 2489 2042 Πόθεν
2500 1986 2593 2042 οὖν
2609 1984 2772 2059 ἦλθον
2791 1989 2886 2041 ἐπὶ
2908 1989 3007 2058 τὴν
3029 1986 3326 2060 έρώτησινς
3348 1982 3504 2042 Εἶδον
3520 1988 3691 2041 τοῦτο

2104 2069 2271 2137 ὀξέως
2311 2074 2508 2125 ἐκεῖνοι
2557 2074 2653 2124 καὶ
2698 2071 2911 2137 καλῶς,
2948 2073 3029 2125 ὅτι
3079 2072 3329 2143 μείζονος
3365 2073 3545 2136 αὐτοῖς
3573 2072 3690 2127 ἔδει

2103 2152 2205 2223 τῆς
2235 2154 2459 2227 ἀρετῆς,
2485 2156 2673 2224 ἐπειδὴ
2707 2156 2803 2209 καὶ
2836 2154 3078 2226 μείζονος
3111 2155 3422 2228 ἠξιώθησαν
3459 2154 3689 2225 τῆςδω-

2104 2239 2255 2308 ρεᾶς.
2295 2239 2479 2305 Ἄξιον
2514 2240 2568 2293 δὲ
2617 2240 2872 2306 ἐξετάσαι
2915 2241 3155 2305 κάκεῖνο,
3184 2238 3274 2293 διά
3306 2240 3360 2293 τί
3406 2239 3684 2310 μηδέποτε

2101 2321 2285 2384 αὐτοῖς
2307 2322 2511 2392 ταύτην
2539 2324 2866 2395 εἰσηγήσατο
2885 2324 2983 2395 τὴν
3005 2322 3337 2395 συμϐουλήν.
3360 2326 3437 2378 Οὐ
3453 2322 3560 2395 γὰρ
3587 2322 3681 2387 ἂν,

2100 2404 2155 2457 εῐ
2183 2420 2248 2473 γε
2278 2407 2517 2477 ήκουσάν
2555 2424 2608 2459 τι
2636 2406 2899 2473 τοιοῦτον,
2938 2407 3097 2461 πάλιν
3133 2406 3198 2461 ἂν
3236 2407 3500 2479 ἔγραψαν,
3533 2408 3682 2478 ὑπὲρ

2100 2487 2208 2540 τῶν
2243 2488 2500 2543 τοιούτων
2522 2488 2678 2555 αὖθις
2709 2492 3042 2562 ἐρωτῶντες.
3068 2491 3178 2545 Καὶ
3199 2490 3309 2562 γὰρ
3327 2491 3421 2544 καὶ
3441 2489 3684 2544 ἐνταῦθα

2097 2569 2161 2622 τὸ
2186 2569 2347 2640 βάθος
2372 2573 2470 2643 τῆς
2506 2574 2697 2642 σοφίας
2717 2573 2830 2627 ἔστι
2862 2573 2956 2627 τοῦ
2982 2573 3195 2628 Παύλου
3226 2574 3576 2644 κατανοῆσαι.
3597 2574 3683 2627 οὐ

2098 2653 2207 2725 γάρ
2254 2654 2442 2719 ἁπλῶς
2479 2656 2599 2711 οὐδέ
2620 2658 2751 2728 εῖίῆ
2792 2660 3006 2730 παρῆκε
3049 2660 3374 2729 πράγματος
3417 2657 3681 2711 τοσούτου

2098 2737 2443 2806 παραίνεσιν,
2471 2740 2586 2793 ἀλλ’
2629 2742 2856 2811 ἀνέμενε
2897 2741 3148 2812 πρώτους
3191 2742 3390 2804 αὐτοὺς
3431 2741 3510 2804 εἰς
3548 2742 3681 2794 ἐπι-

2097 2818 2299 2891 θυμίαν
2327 2821 2524 2887 ἐλθεῖν,
2554 2824 2879 2901 καὶυέννοιάν
2906 2842 3027 2877 τινα
3061 2824 3189 2895 περὶ
3219 2824 3315 2877 τοῦ
3346 2824 3681 2895 πράγματος

2095 2902 2283 2957 τούτου
2316 2904 2520 2969 λαϐεῖν,
2552 2906 2618 2959 ἵν’
2650 2907 3001 2978 ᾠκειωμένας
3028 2908 3208 2961 αὐτῶν
3239 2908 3340 2979 ήδη
3367 2910 3433 2978 τῇ
3467 2907 3682 2979 παρθε-

2093 2986 2184 3058 νίᾳ
2210 2987 2389 3041 λαϐὼν
2417 2988 2516 3052 τὰς
2561 2989 2760 3060 ψυχὰς,
2801 2991 3087 3062 χρησίμως
3134 2992 3260 3056 τοὺς
3305 2992 3435 3059 περὶ
3464 2991 3680 3046 τούτων

2095 3071 2438 3143 κατασπείρῃ
2474 3072 2685 3141 λόγους,
2711 3074 2810 3143 τῆς
2842 3074 2950 3129 τῶν
2971 3075 3274 3129 ἀκουόντων
3297 3076 3425 3146 περὶ
3449 3075 3510 3127 τὸ
3530 3077 3680 3145 πρᾶ-

2092 3171 2210 3224 γμα
2245 3156 2483 3226 σχέσεως
2517 3157 2717 3228 πολλὴν
2759 3158 3006 3213 εὐκολίαν
3048 3158 3185 3229 πρὸς
3211 3160 3306 3231 τὴν
3337 3160 3439 3229 τῆς
3469 3177 3678 3232 παραι-

2092 3237 2292 3300 νέσεως
2321 3239 2588 3310 ὑποδοχὴν
2633 3240 3006 3312 παρεχούσης·
3043 3243 3138 3295 καὶ
3176 3241 3351 3305 ἄλλως
3392 3243 3450 3295 δέ
3478 3242 3540 3296 τὸ
3571 3244 3676 3297 τοῦ

2093 3321 2415 3394 πράγματος
2449 3323 2689 3377 δείκνυσι
2743 3325 2971 3396 μέγεθος
3008 3327 3105 3379 καὶ
3141 3325 3233 3380 τὸν
3263 3326 3427 3395 ὄγκον
3474 3326 3675 3382 πολύν.

2092 3403 2228 3457 Οὐδὲ
2261 3405 2368 3476 γὰρ
2400 3405 2489 3466 ἂν,
2528 3407 2579 3459 εἰ
2606 3406 2681 3478 μὴ
2710 3404 2982 3481 τοῦτοῆν,
3012 3409 3111 3479 τὴν
3160 3409 3386 3463 ἐκείνων
3415 3409 3482 3463 ἂν
3505 3427 3677 3481 περι-

2090 3486 2250 3558 έμενε
2273 3488 2601 3560 προθυμίαν,
2636 3490 2772 3546 ἀλλά
2798 3490 3082 3562 προλαϐὼν
3124 3491 3288 3556 αὐτὸς
3340 3492 3406 3545 ἀν
3437 3494 3677 3564 εἰσηγή-

2091 3587 2222 3625 σατο
2255 3570 2300 3637 ἲ,
2343 3574 2392 3626 εί
2438 3573 2532 3627 καὶ
2579 3572 2655 3645 μὴ
2687 3575 2764 3639 ώς
2809 3575 3112 3644 ἐπίταγμα,
3153 3575 3289 3646 μηδὲ
3317 3575 3394 3639 ὡς
3420 3576 3674 3647 ἐντολὴν,

2087 3656 2203 3709 ἀλλ’
2236 3656 2316 3720 ὡς
2350 3658 2667 3728 παραίνεσιν
2689 3659 2784 3712 καὶ
2804 3659 3132 3730 συμϐουλήν.
3167 3661 3226 3712 Ὁ
3254 3660 3312 3713 δὲ
3343 3660 3478 3731 μηδέ
3503 3660 3677 3715 τοῦτο

2086 3739 2456 3812 ἀνασχόμενος
2485 3742 2708 3811 ποιῆσαι
2742 3743 2957 3813 πρῶτος
2977 3742 3210 3815 φανερὸν
3234 3746 3367 3815 ἡμῖν
3387 3745 3672 3815 κατέστη-

2087 3839 2200 3889 σεν,
2242 3824 2322 3877 ὅτι
2375 3824 2586 3879 πολλῶν
2615 3826 2851 3897 ἱδρώτων
2900 3828 2995 3881 καὶ
3028 3828 3269 3899 μεγάλης
3308 3830 3342 3900 ἠ
3392 3829 3674 3900 παρθενία

2083 3903 2250 3958 δεῖται
2280 3906 2379 3976 τῆς
2407 3907 2643 3974 ἀγωνίας
2664 3925 2680 3940 ·
2711 3911 2805 3962 καὶ
2821 3909 3052 3964 ἐνταῦθα
3076 3911 3134 3964 δὲ
3170 3911 3261 3964 τὸν
3303 3911 3480 3964 κοινὸν
3500 3910 3671 3983 ἡμῶν

2082 3988 2362 4059 Δεσπότην
2397 3990 2736 4061 μιμούμενος
2752 3991 2927 4057 οὕτως
2961 3995 3201 4063 ἐποίησε.
3240 3995 3351 4048 Καὶ
3381 3996 3491 4064 γὰρ
3521 3997 3671 4049 ἐκεῖ⁸

2081 4086 2172 4134 νος
2195 4072 2317 4125 τότε
2349 4072 2595 4145 διελέχθη
2638 4075 2769 4146 περὶ
2799 4077 2900 4147 τῆς
2937 4077 3255 4148 παρθενίας,
3293 4078 3380 4131 ὅτε
3407 4079 3569 4133 αὑτὸν
3604 4084 3667 4133 οἱ

2084 4153 2323 4225 μαθηταὶ
2371 4157 2584 4227 ἤροντο.
2635 4158 2913 4214 Εἱπόντων
2944 4161 3073 4231 γάρ,
3095 4162 3165 4214 El
3197 4160 3386 4227 οὕτως
3411 4162 3582 4216 ἐστὶν
3615 4166 3665 4232 ἡ

2078 4239 2238 4291 atria
2259 4237 2364 4291 τοῦ
2387 4239 2703 4307 ἀνθρώπου
2724 4242 2876 4310 μετὰ
2899 4241 3012 4311 τῆς
3039 4243 3343 4313 γυναικὸς,
3362 4245 3665 4314 συμφέρει

2073 4319 2161 4389 μὴ
2192 4320 2494 4389 γαμῆσαι·
2545 4322 2667 4377 τότε
2697 4323 2849 4397 [278]
2896 4325 3126 4398 ἔφησεν*
3162 4328 3337 4380 Εἰσὶν
3370 4328 3663 4399 εὐνοῦχοι

2077 4403 2294 4468 οἵτινες
2344 4406 2713 4475 εὐνούχισαν
2745 4408 2997 4475 ἑαυτοὺς
3043 4409 3142 4463 διὰ
3176 4409 3292 4478 τὴν
3328 4411 3666 4475 βιωιλείαν

2076 4484 2196 4539 τῶν
2222 4487 2518 4555 οὐρανῶν.
2550 4490 2721 4544 Ὅταν
2744 4491 2853 4562 γὰρ
2880 4490 3075 4567 μέγαῇ
3102 4494 3163 4546 τὸ
3193 4493 3657 4564 κατορθούμενον,

2076 4569 2171 4623 καὶ
2194 4569 2283 4623 διὰ
2305 4569 2465 4624 τοῦτο
2502 4573 2639 4644 μηδὲ
2669 4577 2752 4638 εἰς
2789 4576 3012 4647 ἐντολῆς
3052 4577 3302 4650 ἀνάγκην
3326 4580 3661 4651 κατακλείη-

2073 4666 2185 4716 ται,
2214 4653 2336 4736 τότε
2384 4653 2492 4708 τῶν
2532 4656 2835 4725 μελλόντων
2885 4660 3181 4733 κατορθοῦν
3211 4663 3311 4734 τὴν
3340 4664 3664 4736 προθυμίαν

2075 4735 2366 4804 ἀναμένειν
2393 4738 2520 4809 χρὴ,
2557 4739 2729 4811 ἑτέρῳ
2762 4742 2871 4795 τινὶ
2892 4745 3078 4816 τρόπῳ
3107 4746 3202 4799 καὶ
3232 4747 3558 4813 ἀνυπόπτως
3586 4749 3662 4805 τὸ

2073 4817 2299 4887 θελῆσαι
2335 4820 2431 4874 καὶ
2461 4820 3328 4894 βουληθῆναι.κατασκευάζοντας
3350 4831 3410 4883 ἐν
3433 4832 3620 4895 αὐτοῖς
3635 4850 3655 4864 ο

2071 4899 2261 4973 ὥσπερ
2295 4896 2390 4956 οὖν
2416 4905 2510 4957 καὶ
2539 4906 2568 4958 6
2588 4906 2820 4976 Χριστὸς
2847 4908 3121 4980 ἐποίησεν.
3156 4912 3232 4965 Οὐ
3261 4912 3372 4982 γὰρ
3399 4914 3509 4968 ἀπὺ
3537 4914 3659 4971 τῶν

2070 4984 2201 5056 περὶ
2231 4986 2531 5056 παρθενίας
2551 4988 2723 5056 λόγων
2750 4991 2830 5054 είς
2858 4990 2957 5062 τὴν
2990 4995 3090 5063 τῆς
3121 4982 3420 5065 παρθενίας
3445 4995 3659 5062 αὐτοὺς

2069 5068 2363 5139 ἐπιθυμίαν
2396 5070 2670 5135 ἐνέϐαλεν,
2696 5072 2833 5128 ἀλλά
2861 5076 2990 5146 περὶ
3017 5077 3112 5130 τοῦ
3133 5078 3315 5149 γάμου
3348 5080 3507 5149 μόνον
3528 5081 3658 5137 δια-

2068 5149 2300 5220 λεχθεὶς,
2338 5151 2436 5207 καὶ
2479 5155 2540 5207 τὸ
2581 5153 2746 5225 βάρος
2787 5155 2883 5210 τοῦ
2934 5159 3258 5230 πράγματος
3301 5161 3503 5229 δείξας,
3550 5166 3654 5220 καὶ

2070 5233 2231 5306 μέχρι
2257 5233 2446 5288 τούτου
2488 5238 2690 5308 στήσας
2720 5237 2812 5293 τὸν
2852 5239 3028 5309 λόγον,
3063 5241 3209 5295 οὔτω
3236 5245 3414 5313 σοφῶς
3439 5245 3652 5316 ᾠκονό-

2069 5332 2262 5386 μησεν,
2291 5316 2367 5381 ὼς
2394 5319 2521 5382 τοὺς
2549 5319 2714 5390 μηδὲν
2740 5323 2868 5393 περὶ
2900 5322 2993 5376 τοῦ
3032 5324 3108 5395 μὴ
3144 5328 3343 5395 γαμεῖν
3370 5326 3652 5383 ἀκούσαν-

2063 5414 2164 5482 τας
2193 5399 2391 5463 αὐτοὺς
2413 5400 2507 5469 ἀφ’
2542 5402 2752 5482 ἑαυτῶν
2772 5407 2968 5471 εἰπεῖν,
2998 5406 3080 5460 ὃτι
3106 5408 3401 5477 Συμςρέρει
3415 5408 3504 5479 μὴ
3540 5428 3649 5482 γα-

387 5480 606 5563 ἄπιστον,
627 5488 709 5565 καὶ
878 5480 1148 5565 σνγευδεκεῖ
1179 5480 1325 5565 άμξῖν
1354 5480 1464 5552 ’μετ’
1495 5480 1748 5565 αρτὸῥβμή
1774 5480 1959 5565 ’ἀφιέέῷ
2058 5480 2215 5551 μεῖν.
2244 5483 2343 5536 Διά
2368 5483 2526 5538 τοῦτο
2554 5481 2648 5539 οῦν
2681 5486 2776 5540 καὶ
2809 5489 2837 5541 6
2862 5487 3073 5553 Παῦλος
3101 5490 3304 5560 ἔλεγεν,
3337 5494 3367 5546 6
3388 5491 3484 5546 τοῦ
3505 5480 3648 5565 Χρι-

386 5547 549 5618 οώτήψ
571 5549 652 5618 καὶ
673 5550 786 5610 γυνὴ
808 5549 911 5607 ἥτις
929 5549 1026 5613 ἔχει
1047 5549 1195 5626 ἄνδρα
1213 5547 1432 5610 ἄπιστον,
1455 5555 1537 5602 καὶ
1575 5547 1712 5624 οὕτως
1739 5547 1963 5602 συνευδο-

386 5622 459 5654 κει
483 5608 628 5656 οἶιειν
654 5610 753 5661 μετ’
782 5610 1021 5661 αὐτῆς.μή
1043 5612 1221 5661 ἀοιετω
1246 5612 1404 5661 αὐτόν.
1430 5633 1453 5656 υ
1478 5615 1569 5661 Διὰ
1589 5630 1732 5661 τουτο
1752 5614 1833 5661 οὖν
1857 5617 1959 5661 ἔλε-

385 5611 461 5654 κεῖ
483 5611 628 5656 οἰκεῖν
654 5611 753 5670 μετ’
782 5611 1021 5673 αὐτῆς,μή
1043 5611 1221 5674 ἀφιέτω
1246 5612 1404 5661 αὐτόν.
1430 5633 1453 5656 υ
1478 5615 1569 5664 Διά
1589 5612 1732 5663 τοῦτο
1752 5614 1833 5664 οὖν
1857 5617 1959 5665 ἔλε-

384 5682 481 5761 τεέν
502 5669 712 5761 ἓιὲἓκοὶδ
730 5670 1319 5761 ἕὲἒὲθεεηάληέζέἔὼὲέγὲῗς
1331 5676 1497 5761 .193;

447 5732 473 5761 ε
502 5729 708 5791 Regia
730 5729 878 5780 δεύει.
904 5733 957 5781 in
981 5729 1118 5796 marg
1156 5729 1311 5793 τῆξὲν
1331 5737 1465 5799 χηρεὶ
1519 5736 1641 5786 διαλ.

444 5788 472 5865 τι
501 5790 582 5839 Sic
602 5790 750 5842 Savil.
779 5797 830 5842 et
862 5793 984 5857 Reg.
1009 5794 1181 5848 Morel.
1216 5803 1382 5848 autem
1406 5755 1693 5865 etai‘lanlin.
1740 5798 1862 5848 ἀλλὰ
1888 5800 1951 5863 μή

382 5850 558 5914 δείσῃς.

2064 5565 2191 5621 στοῦ
2217 5568 2460 5638 μιμητής
2477 5584 2493 5599 ·
2514 5570 2656 5639 Περὶ
2680 5570 2749 5623 δὲ
2773 5565 2863 5624 ὧν
2879 5572 3179 5642 ἐγράψατέ
3198 5592 3299 5644 μοι
3317 5592 3331 5606 ·
3361 5576 3522 5647 μόνον
3537 5580 3646 5633 οὐκ

2063 5650 2498 5722 ἀπολογούμενος
2547 5654 2732 5718 αὐτοῖς
2761 5655 2850 5709 διά
2896 5656 3135 5719 τούτων,
3179 5658 3274 5712 καὶ
3317 5658 3523 5729 λέγων.
3551 5664 3645 5719 ὃτι

2125 5744 2148 5771 ο
2170 5741 2298 5820 ‘Reg.
2329 5747 2382 5819 9t
2417 5743 2827 5820 Sa.vil.'i‘n‘marg.
2860 5749 3130 5807 δεικνύντες.
3162 5750 3318 5801 Paulo
3352 5758 3467 5815 post
3510 5756 3639 5820 Heg.

2060 5805 2147 5869 0"»;
2166 5804 2223 5869 ἦν
2242 5804 2268 5849 6
2288 5804 2437 5869 γάμος
2467 5806 2742 5869 ἀμφίϐολος.

2125 5855 2147 5900 Ι
2176 5855 2310 5925 Βίης(
2323 5855 2376 5915 εἰ
2390 5855 2554 5918 δἐινὶἶῖ
2571 5855 2877 5930 εἰοὴγῆσατο.
2893 5869 3106 5923 Plautio.
3130 5876 3181 5923 et
3204 5871 3631 5938 Ποτειήγήσατο.
