3886 6222
222 221 311 275 541
1545 220 1631 277 DE
1672 216 2132 277 VIRGINITATE.

217 337 374 390 uibus
399 339 566 390 multa
590 353 653 392 ac
678 353 872 410 magna
896 340 1191 396 obvenient
1220 340 1385 401 bona,
1412 356 1533 410 qua:
1572 348 1626 393 et
1652 355 1784 393 ocu-

216 435 312 489 los,
348 437 403 484 et
437 443 620 494 aures,
656 440 709 485 et
742 432 1038 487 humanam
1076 432 1463 503 cogitationem
1502 439 1785 500 superent.

217 519 401 589 Itaque
426 521 493 576 iis
515 521 761 579 dimissis
792 522 953 595 (satis
982 532 1066 579 est
1085 524 1229 579 enim
1251 522 1364 593 jam
1402 538 1526 575 cum
1560 523 1628 575 iis
1664 538 1787 576 ver-

215 609 436 681 borum)
471 618 538 668 ad
568 612 829 672 Ecclesia:
863 616 1005 672 filios
1030 630 1342 671 sermonem
1372 614 1745 669 conferamus.

279 706 397 762 XII.
430 706 649 762 Paulum
673 708 761 777 qui
786 706 922 760 dicat
940 748 953 768 ,
983 706 1220 776 Reliquis
1247 722 1346 777 ego
1368 707 1517 773 dico,
1549 722 1654 761 non
1682 706 1792 759 Do-

212 801 408 866 minus,
451 800 728 852 humanum
755 798 811 850 id
838 799 1104 852 consilium
1135 815 1242 851 esse
1267 814 1366 851 non
1395 798 1697 867 signiﬁcare.
1721 826 1794 836 —

212 891 363 949 Unde
427 892 585 961 igitur
646 901 860 959 pra-stat
903 893 1198 944 orationem
1251 889 1527 944 exordiri?
1591 888 1674 943 Ab
1728 888 1793 941 iis

214 983 417 1037 Domini
448 984 623 1038 verbis
655 1024 671 1049 ,
702 1000 823 1053 qua:
864 999 957 1053 per
1000 983 1211 1036 beatum
1251 982 1470 1037 Paulum
1508 980 1785 1051 profatur:

210 1090 331 1127 nam
357 1074 515 1143 hujus
539 1075 960 1130 cohortationem
988 1074 1198 1129 Domini
1231 1074 1649 1129 cohortationem
1672 1089 1790 1129 esse

208 1167 530 1220 credendum
576 1176 677 1222 est.
706 1167 839 1222 Cum
880 1169 1023 1222 enim
1060 1169 1233 1231 dicit,
1276 1169 1584 1239 Conjngibns
1624 1178 1791 1222 autem

208 1259 478 1327 prtecipio,
523 1276 621 1312 non
644 1275 735 1327 ego
758 1300 772 1325 ,
802 1259 891 1313 sed
912 1258 1164 1312 Dominus
1190 1276 1208 1312 :
1226 1269 1277 1313 ct
1319 1274 1552 1326 rursum,
1584 1258 1790 1312 Ctt'teris

213 1362 305 1409 ego
334 1353 475 1410 dico,
508 1361 610 1398 non
646 1345 906 1400 Dominus
930 1349 1005 1416 (1.
1030 1348 1150 1403 Cor.
1173 1350 1222 1403 7.
1248 1351 1314 1404 I0
1350 1362 1398 1406 et
1428 1354 1544 1419 I2);
1575 1370 1683 1409 non
1732 1356 1784 1412 id

214 1434 370 1496 dicit,
396 1433 501 1486 alia
531 1449 629 1487 sua
646 1451 791 1499 esse,
810 1438 919 1491 alia
939 1439 1175 1493 Domini.
1199 1440 1333 1496 Nam
1354 1444 1445 1513 qui
1472 1445 1783 1515 loquentem

214 1526 267 1577 in
300 1540 360 1579 se
387 1524 666 1579 Christum
691 1525 932 1593 haberet,
953 1530 1044 1599 qui
1082 1547 1183 1586 nec
1206 1533 1387 1588 vivere
1413 1542 1707 1604 satageret,
1726 1544 1785 1588 ut

215 1614 268 1668 in
303 1630 363 1670 se
386 1614 644 1671 Christus
676 1618 1012 1691 viveret,qui
1036 1637 1288 1691 regnum,
1315 1625 1504 1692 vitam,
1538 1628 1782 1697 angelos,

214 1707 551 1771 Potestates,
580 1723 910 1779 omnemque
926 1720 1237 1768 creaturam
1259 1716 1445 1782 aliam,
1480 1729 1647 1788 atque
1669 1736 1787 1774 oni-

212 1796 348 1849 nino
391 1799 576 1851 omnia
607 1799 725 1865 ejus
749 1802 921 1855 amori
956 1812 1330 1873 postponeret,
1364 1823 1474 1877 quo
1499 1820 1657 1879 pacto
1690 1819 1784 1865 aut

212 1887 396 1955 eloqui
429 1896 522 1941 aut
556 1890 799 1958 cogitare
822 1892 1027 1962 aliquid
1060 1896 1114 1948 in
1160 1898 1403 1953 animum
1450 1900 1782 1967 induxisset,

210 1978 355 2046 quod
391 1976 616 2035 Christo
648 1998 757 2037 non
787 1984 1046 2054 placeret,
1065 1991 1365 2057 praesertim
1390 2008 1511 2047 cum
1537 1993 1676 2050 hanc
1706 1997 1783 2051 le-

208 2078 330 2132 gem
362 2068 664 2124 conderet?
698 2069 837 2136 Quid
866 2083 951 2128 est
980 2090 1112 2145 ergo
1138 2079 1283 2146 quod
1320 2079 1475 2143 dicit,
1513 2080 1644 2151 Ego,
1679 2101 1781 2138 non

207 2152 331 2220 ego."
348 2151 518 2222 Leges
537 2156 699 2211 nobis
720 2172 785 2211 ac
814 2158 1066 2229 dogmata
1085 2165 1283 2232 partim
1309 2181 1404 2235 per
1426 2183 1482 2220 se
1503 2169 1779 2236 Christus,

207 2239 408 2305 partim
436 2256 533 2309 per
554 2245 833 2310 apostolos
863 2246 1123 2315 prodidit.
1145 2248 1279 2303 Nam
1306 2268 1414 2306 non
1443 2255 1624 2309 omnia
1655 2270 1778 2310 eum

203 2336 304 2389 per
322 2337 382 2376 se
400 2326 685 2389 statuisse,
719 2327 847 2382 audi
866 2330 997 2399 quid
1023 2333 1205 2388 dicat:
1243 2334 1420 2389 Multa
1446 2337 1611 2392 habeo
1638 2340 1779 2395 vobis

205 2410 406 2498 dicere,
438 2413 529 2464 sed
556 2429 659 2467 non
677 2417 896 2482 potestis
924 2431 1137 2485 portare
1158 2422 1311 2476 modo
1336 2420 1516 2491 (Joan.
1554 2427 1641 2480 16.
1670 2428 1775 2498 η).

202 2495 400 2585 Itaque
437 2498 569 2553 illud
594 2518 606 2552 :
631 2500 775 2555 Uxor
806 2522 836 2556 a
860 2506 971 2559 viro
994 2522 1056 2559 ne
1079 2507 1317 2563 discedat
1340 2511 1415 2579 (1.
1442 2513 1563 2566 Cor.
1594 2495 1777 2585 7.10),

195 2582 315 2653 jam
349 2593 476 2639 ante
502 2597 780 2655 sanxerat,
817 2606 941 2644 cum
974 2593 1027 2645 in
1062 2596 1224 2650 terris
1249 2611 1415 2653 carne
1436 2600 1659 2654 indutus
1683 2582 1778 2656 de-

196 2680 357 2740 geret
394 2691 407 2726 :
446 2674 677 2745 ideoque
723 2677 877 2741 dicit,
924 2679 1247 2751 Conjugibus
1289 2696 1464 2739 autem
1503 2690 1773 2757 prtrcipio,

194 2775 307 2812 non
333 2776 448 2829 ego,
474 2762 565 2814 sed
604 2762 884 2819 Dominus.
923 2768 1077 2832 Quod
1113 2770 1179 2823 ad
1212 2771 1456 2828 infideles
1497 2777 1772 2841 attineret,

194 2861 448 2916 praesens
480 2849 614 2903 nihil
639 2850 907 2912 edixerat.
934 2856 1027 2910 sed
1053 2857 1119 2909 ad
1153 2857 1203 2911 id
1240 2857 1392 2913 Pauli
1423 2870 1657 2917 mentem
1687 2865 1776 2918 ἰη-

192 2934 383 2989 citans
416 2936 583 3006 legem
624 2936 831 2995 ferebat
871 2940 886 2971 ¹
921 2960 932 2996 :
968 2942 1173 3012 itaque,
1216 2943 1339 2999 Non
1376 2947 1656 3013 Dominus,
1689 2951 1774 3004 in-

190 3023 338 3092 quit,
384 3026 475 3078 sed
512 3042 602 3091 ego
635 3043 653 3080 :
694 3045 799 3082 non
841 3031 932 3099 qui
971 3032 1338 3101 significatum
1370 3037 1548 3101 vellet,
1588 3038 1774 3091 huma-

190 3128 326 3165 num
353 3128 479 3167 esse
510 3115 653 3182 quod
682 3116 959 3171 diceretur
986 3138 998 3173 :
1037 3120 1172 3173 nihil
1204 3121 1385 3177 minus
1410 3140 1424 3188 ;
1454 3123 1547 3177 sed
1572 3140 1771 3193 przeec-

193 3206 353 3266 ptum
394 3199 446 3252 id
482 3201 550 3253 ab
582 3216 647 3255 eo
696 3212 967 3271 prmsente
1003 3205 1293 3276 discipulis
1342 3211 1619 3278 proditum
1662 3227 1769 3265 non

190 3302 344 3346 esse,
381 3288 474 3341 sed
506 3304 653 3342 nunc
679 3291 897 3345 demum
935 3308 1030 3360 per
1061 3310 1138 3349 se.
1174 3294 1355 3359 Quare
1385 3305 1442 3350 ut
1475 3298 1627 3361 illud,
1660 3298 1772 3353 Do-

187 3373 391 3435 minus,
423 3391 524 3427 non
549 3393 662 3444 ego,
699 3377 842 3431 haud
875 3379 995 3446 ejus
1028 3391 1110 3435 est
1134 3383 1226 3451 qui
1259 3382 1460 3438 Christi
1483 3384 1641 3453 jusso
1672 3388 1769 3441 ad-

186 3469 445 3513 versetur
470 3478 484 3514 :
510 3461 583 3515 ita
610 3462 733 3527 hoc,
767 3462 899 3533 Ego,
924 3482 1026 3519 non
1048 3466 1331 3534 Dominus,
1366 3486 1473 3524 non
1493 3472 1763 3541 privatum

184 3546 478 3615 quiddam,
509 3559 564 3603 et
592 3560 790 3619 praeter
822 3550 915 3605 Dei
954 3563 1189 3608 mentem
1226 3556 1495 3611 edirentls
1525 3569 1627 3625 est,
1670 3563 1762 3614 sed

184 3634 294 3689 hoc
330 3636 508 3697 solum
550 3637 871 3703 indicantis,
910 3656 1008 3709 per
1040 3658 1098 3697 se
1150 3656 1477 3714 pra'ceplum
1520 3648 1569 3700 id
1620 3665 1765 3702 nunc

183 3721 368 3788 prodi.
399 3721 534 3776 Nam
569 3724 637 3779 de
668 3725 833 3780 vidua
877 3726 1128 3797 loquens,
1168 3729 1387 3785 Beatior
1421 3745 1522 3796 est,
1559 3734 1758 3803 inquit,

177 3809 311 3862 sisic
342 3813 705 3878 permanserit,
734 3816 1008 3869 secundum
1035 3833 1197 3871 meum
1222 3821 1488 3874 consilium
1523 3820 1614 3893 (1.
1643 3821 1762 3876 Cor.

175 3898 228 3951 7.
259 3899 391 3968 £0);
419 3914 482 3953 ac
512 3916 578 3956 ne
606 3902 830 3957 audiens
854 3945 870 3970 ,
927 3906 1220 3960 Secundum
1260 3926 1423 3963 meum
1463 3913 1727 3965 consilium
1748 3954 1763 3977 ,

175 3985 472 4042 humanum
502 4002 862 4047 commentum
890 3995 1135 4051 crederes
1158 4037 1172 4063 ,
1211 3999 1568 4068 suspicionem
1598 4003 1749 4056 addi-

174 4086 417 4133 tamrnto
439 4096 504 4135 eo
534 4083 779 4151 sustulit,
812 4085 944 4140 Puto
971 4099 1137 4141 autem
1173 4091 1309 4160 quod
1337 4102 1383 4145 et
1412 4109 1501 4163 ego
1532 4095 1765 4164 spiritum

170 4168 274 4225 Dei
304 4172 536 4227 habeam.
570 4174 750 4245 Itaque
780 4187 835 4232 ut
861 4195 979 4249 quae
1009 4181 1229 4249 spiritus
1259 4192 1442 4238 essent
1466 4186 1721 4255 eloquens
1744 4227 1760 4256 ,

168 4276 327 4315 suam
374 4266 691 4320 sententiam
740 4279 934 4336 vocat,
991 4286 1092 4327 nec
1138 4284 1418 4342 prepterea
1470 4275 1760 4333 humanum

168 4352 367 4406 scitum
397 4353 668 4411 dicemus:
698 4357 767 4412 ita
795 4367 850 4412 et
886 4376 1025 4415 nunc
1050 4376 1171 4416 cum
1203 4363 1409 4434 inquit,
1450 4365 1564 4438 Ego
1604 4370 1717 4423 dico
1744 4412 1759 4435 ,

167 4459 273 4498 non
301 4444 555 4501 Dominus
581 4490 597 4514 ,
626 4465 693 4503 ne
720 4450 849 4505 mihi
884 4452 1081 4507 ideirco
1118 4454 1263 4509 Pauli
1305 4472 1606 4513 sermonem
1642 4476 1761 4516 esse

166 4538 481 4594 existimes:
510 4540 947 4615 habebatqnippe
975 4548 1277 4616 loquentem
1303 4551 1353 4604 in
1375 4567 1434 4606 se
1464 4552 1755 4620 Christum;

172 4638 358 4698 l‘eque
398 4646 561 4686 ausus
617 4633 803 4688 fuisset
829 4646 1031 4691 tantum
1069 4640 1257 4709 dogma
1302 4645 1581 4696 sententiae
1610 4661 1761 4700 more

163 4738 407 4792 ponere,
438 4726 537 4779 nisi
566 4726 733 4796 legem
779 4730 902 4785 inde
950 4731 1207 4799 petiisset.
1252 4732 1325 4788 Ita
1361 4737 1500 4789 enim
1546 4752 1665 4791 cum
1694 4753 1759 4792 eo

162 4815 435 4883 quispiam
483 4817 735 4886 loquutus
778 4819 999 4876 fuisset:
1040 4822 1155 4876 Non
1194 4824 1433 4880 sustineo
1459 4827 1550 4896 qui
1588 4827 1757 4882 ﬁdelis

161 4906 272 4958 sim
306 4921 427 4958 eum
460 4907 681 4970 inﬁdeli.
706 4912 794 4979 qui
824 4927 988 4982 purus
1010 4930 1131 4969 cum
1159 4916 1362 4986 impura
1385 4918 1579 4989 degere
1603 4936 1618 4983 ;
1649 4930 1757 4976 tute

161 4994 275 5047 iam
309 4996 525 5052 dicebas
557 5040 571 5064 ,
611 5000 726 5055 hare
752 5012 803 5056 te
848 5003 1031 5059 dicere
1063 5046 1077 5066 .
1120 5022 1225 5061 non
1271 5009 1572 5063 Dominum.
1603 5011 1755 5067 Unde

159 5084 332 5153 igitur
356 5086 487 5140 mihi
516 5089 707 5159 pignus
722 5103 880 5162 atque
899 5094 1102 5150 fidem?
1129 5096 1429 5153 Atdixisset
1457 5101 1503 5153 ei
1535 5102 1749 5157 Paulus:

157 5176 243 5232 Ne
273 5181 513 5237 verearis
539 5200 554 5247 ;
584 5183 704 5239 ideo
728 5186 869 5240 enim
897 5186 1012 5241 dixi
1038 5228 1053 5255 ,
1099 5187 1297 5247 habere
1326 5206 1413 5247 me
1442 5192 1751 5264 loquentem

231 5386 642 5469 11218λὲὶέεῂ
650 5388 896 5469 ,ιξθέξςηίίε
914 5401 1096 5469 ,ιεεσενη
1117 5394 1299 5469 [πείθεις
1335 5393 1499 5469 diem
1527 5397 1618 5449 πεί
1646 5399 1753 5469 τηρεε

156 5447 368 5520 uxorem
392 5447 818 5520 habet__in/ideleitt_,
843 5461 890 5504 et
906 5447 1013 5505 11ωέ
1031 5447 1259 5520 consentit
1278 5447 1497 5520 habitare
1518 5447 1629 5509 cunt

154 5520 255 5585 '9?!
274 5508 489 5585 μίἠξςιαι
504 5508 677 5585 rei»;
696 5520 740 5585 et
762 5508 813 5564 εί
826 5529 921 5578 qua
942 5516 1114 5585 "either
1138 5516 1275 5585 habet
1294 5518 1450 5585 virum
1482 5508 1745 5585 ξάΐιᾱὲιὲἰήὶ

154 5576 206 5637 et
228 5570 575 5637 hic_(onsentit
596 5574 812 5625 habitare
839 5570 953 5627 'cum
973 5576 1077 5637 itte,
1102 5591 1195 5628 non
1218 5579 1427 5631 dimi'tat
1451 5570 1751 5636 inania;

155 5632 296 5685 circa
316 5632 463 5697 igitur
486 5632 613 5686 dixit
642 5648 660 5689 :
685 5646 783 5688 Non
806 5632 1162 5703 Domimwﬁed
1183 5654 1270 5703 ego
1290 5642 1415 5692 dico.

3381 216 3489 269 ιω

1904 337 2065 393 inme
2092 338 2362 394 Christum
2390 357 2403 394 :
2432 348 2485 395 et
2507 381 2523 406 ,
2561 339 2725 394 videri
2753 356 2839 396 me
2872 356 3083 412 quoque
3110 340 3348 395 divinum
3373 338 3473 394 ha-

1902 426 2031 482 bere
2056 430 2298 498 spiritum
2332 471 2347 495 ,
2390 446 2456 484 ue
2477 430 2602 499 quid
2636 446 2821 485 eormn
2862 448 2978 501 qua:
3003 431 3256 487 dixissem
3285 430 3477 485 huma-

1903 533 2028 573 num
2057 521 2408 590 suspicarere.
2441 521 2549 575 Nisi
2572 523 2714 576 enim
2749 523 2817 577 ita
2842 533 3017 587 esset,
3047 538 3333 593 numquam
3360 537 3480 575 eam

1900 611 2267 666 auctoritatem
2320 612 2456 666 meis
2505 613 2912 683 cogitationibus
2959 614 3283 669 tribuissem.
3342 612 3480 667 Sunt

1898 700 2029 754 enim
2080 702 2365 756 mortalium
2411 704 2735 774 cogitationes
2788 705 2997 770 timidae,
3033 722 3297 774 eorumque
3341 721 3483 758 com—

1898 803 2063 846 menta
2091 794 2371 861 periculosa
2412 795 2566 864 (Sap.
2596 795 2649 850 9.
2683 796 2793 865 14).
2823 796 2939 850 Jam
2988 812 3116 851 vero
3158 797 3287 867 legis
3315 796 3476 850 etiam

1896 886 2000 938 vim
2025 886 2170 940 orbis
2202 896 2462 941 terrarum
2490 888 2730 943 Ecclesia
2771 888 3140 955 demonstrat,
3180 904 3297 943 eam
3320 903 3476 942 aecu-

1898 986 2014 1031 rate
2042 992 2281 1044 servans,
2321 977 2727 1048 haudquaquam
2750 989 3049 1043 servatura,
3076 980 3174 1033 nisi
3203 981 3479 1048 explorate

1896 1076 2260 1136 cognosceret,
2285 1067 2334 1122 id
2364 1067 2564 1122 dictum
2601 1068 2794 1123 Christi
2832 1084 2951 1124 esse
2977 1069 3305 1123 mandatum.
3334 1068 3476 1135 Quid

1896 1157 2055 1227 igitur
2096 1158 2289 1213 Paulus
2348 1160 2553 1212 Domini
2595 1160 2847 1215 instinctu
2894 1161 3140 1214 incitatus
3186 1161 3357 1215 dicit?
3397 1159 3479 1213 De

1892 1249 2071 1317 quibus
2096 1260 2263 1304 autem
2292 1252 2698 1321 mihiscripsistis
2729 1294 2744 1318 ,
2777 1252 2961 1305 bonum
2991 1264 3114 1306 esset
3138 1253 3327 1305 homini
3357 1269 3473 1304 mu-

1892 1339 2061 1392 lierem
2089 1357 2189 1394 non
2210 1349 2411 1412 tangere
2433 1343 2481 1410 (I
2499 1382 2510 1393 .
2538 1341 2656 1396 Cor.
2689 1345 2741 1397 7.
2770 1342 2844 1415 1).
2877 1343 2971 1398 IIie
2999 1343 3323 1413 approbandi
3352 1352 3475 1396 sunt

1890 1430 2170 1497 Corinthii,
2195 1435 2282 1502 qui
2315 1435 2459 1488 nullo
2486 1446 2704 1504 accepto
2726 1452 2755 1488 a
2787 1447 3114 1505 praeceptore
3144 1436 3371 1489 consilio
3398 1435 3468 1490 de

1890 1523 2211 1591 virginitate,
2242 1524 2337 1593 ipsi
2368 1540 2610 1594 quaerere
2631 1535 2982 1580 anu-vertant.
3008 1528 3183 1596 Atque
3215 1527 3337 1579 hinc
3359 1526 3468 1594 jam

1889 1616 1967 1667 eis
1991 1615 2174 1682 gratia:
2202 1632 2361 1684 Opera
2394 1618 2585 1671 factam
2615 1619 2979 1673 accessionem
3028 1619 3277 1673 ostendit.
3330 1619 3462 1672 Nam

1888 1723 1953 1759 ex
1984 1707 2147 1761 veteri
2176 1707 2517 1762 Testamento
2546 1725 2632 1762 res
2657 1709 2815 1762 dubia
2843 1725 2947 1762 non
2987 1719 3122 1774 erat,
3155 1724 3258 1762 non
3286 1710 3460 1762 solum

1888 1797 2105 1865 reliquis
2133 1798 2382 1852 omnibus
2412 1839 2427 1861 ,
2459 1799 2551 1853 sed
2585 1799 2780 1853 Levitis
2806 1800 2965 1853 etiam
2996 1808 3050 1852 et
3074 1799 3415 1867 pontiﬁcibus
3444 1839 3460 1864 ,

1886 1897 2044 1955 atque
2081 1887 2197 1955 ipso
2236 1888 2487 1955 pontifice
2528 1889 2758 1942 maximo
2779 1929 2793 1952 ,
2824 1888 3164 1943 matrimonio
3192 1889 3245 1942 in
3272 1888 3461 1958 primis

1886 1992 2103 2045 operam
2130 1976 2400 2032 dantibus.

1956 2067 2093 2123 XIII.
2134 2069 2235 2123 Cur
2254 2071 2321 2123 ad
2346 2087 2457 2123 eum
2486 2070 2548 2123 de
2576 2071 2859 2141 virginitate
2875 2070 3121 2125 Corinthii
3146 2072 3457 2138 scripserint,

1884 2176 1974 2213 nec
2019 2160 2127 2230 ipse
2171 2177 2256 2216 eos
2302 2162 2443 2231 prior
2487 2164 2778 2217 cohortatus
2828 2164 3171 2219 sit.—Unde
3215 2165 3372 2235 igitur
3412 2166 3467 2219 in

1882 2252 2231 2319 quaastionem
2256 2255 2555 2307 venerunt?
2578 2256 2744 2308 Acute
2768 2254 2817 2308 id
2839 2270 2901 2307 ac
2924 2256 3178 2324 pra-clare
3198 2256 3464 2322 viderunt,

1883 2344 2071 2413 majori
2102 2343 2205 2397 sibi
2233 2346 2427 2399 virtute
2452 2361 2585 2415 opus
2614 2362 2755 2412 esse,
2786 2347 2874 2416 qui
2902 2347 3070 2415 majus
3094 2347 3293 2402 donum
3315 2363 3468 2403 acce-

1882 2436 2105 2504 pissent.
2148 2438 2279 2491 Illud
2309 2439 2466 2492 etiam
2497 2439 2958 2493 animadversione
2986 2440 3201 2509 dignum
3227 2450 3334 2505 est,
3369 2456 3467 2494 cur

1884 2527 1933 2581 id
1959 2529 2037 2582 eis
2063 2530 2340 2583 consilium
2372 2547 2474 2583 non
2505 2532 2845 2599 exposuerit;
2879 2548 3050 2603 neque
3076 2534 3216 2586 enim
3247 2535 3290 2587 si
3336 2535 3460 2603 quid

1880 2620 2142 2688 ejusmodi
2183 2621 2489 2688 audissent,
2541 2624 2730 2676 iterum
2781 2640 2844 2676 ex
2887 2640 2951 2677 eo
2994 2626 3292 2693 perliteras
3322 2625 3461 2680 idem

1879 2711 2264 2780 qumsivissent.
2294 2712 2426 2766 Nam
2468 2722 2521 2768 et
2549 2713 2636 2767 hic
2677 2713 3042 2768 admirabilem
3075 2715 3221 2768 I‘auli
3248 2715 3463 2784 sapien-

1878 2803 2004 2856 tiam
2048 2818 2371 2873 coguoscere
2417 2815 2518 2858 est.
2568 2804 2751 2874 Neque
2796 2805 2938 2859 enim
2987 2815 3186 2860 temere
3238 2820 3303 2860 ac
3348 2807 3462 2863 sine

1877 2909 2035 2948 causa
2062 2910 2174 2950 rem
2206 2905 2403 2950 tantam
2434 2912 2653 2951 monere
2682 2897 2861 2951 omisit
2880 2939 2894 2961 ,
2938 2898 3029 2951 sed
3060 2900 3307 2952 susrinuit
3335 2899 3461 2954 dum

1878 2986 1975 3056 ipsi
2002 2988 2149 3056 prius
2176 2988 2403 3057 aliquam
2443 2989 2559 3057 ejus
2595 2990 2834 3043 notitiam
2875 2991 3187 3059 consequuti
3229 2992 3280 3044 in
3307 2992 3462 3059 curii-

1876 3078 2093 3133 ditatem
2123 3081 2387 3146 venirent,
2420 3091 2474 3134 ut
2504 3097 2687 3135 eorum
2716 3081 2920 3135 animos
2950 3094 3135 3136 nactus
3156 3083 3265 3151 jam
3297 3084 3459 3153 virgi-

1878 3170 2025 3223 nitati
2055 3169 2284 3232 deditos,
2318 3171 2520 3225 utiliter
2548 3170 2697 3225 hisee
2724 3171 2791 3226 de
2822 3171 2982 3233 rebus
3006 3186 3283 3227 sermones
3308 3188 3459 3229 sere-

1876 3274 1976 3324 ret,
2004 3262 2302 3316 auditorum
2334 3264 2384 3315 in
2418 3278 2527 3317 rem
2558 3263 2733 3316 studio
2764 3263 2948 3331 ingens
3000 3262 3361 3331 adjumentum
3390 3265 3458 3318 ad

1873 3353 2256 3407 cohortationis
2298 3354 2681 3407 admissiouem
2730 3363 3129 3423 pra'stantezet
3153 3355 3350 3426 alioqui
3380 3357 3459 3412 rei

1874 3445 2292 3514 magnitudinem
2345 3455 2503 3517 atque
2550 3448 2813 3516 insignem
2859 3448 3172 3517 gravitatem
3204 3449 3458 3507 ostendit.

1874 3534 2004 3589 Nam
2054 3537 2108 3590 ni
2153 3539 2223 3590 ita
2252 3547 2416 3602 esset,
2450 3554 2554 3592 non
2583 3548 2893 3608 exspectato
2922 3556 3106 3595 eorum
3140 3541 3315 3595 studio
3346 3542 3459 3610 ipse

1876 3630 1925 3682 id
1956 3630 2120 3698 prior,
2147 3632 2190 3684 si
2224 3648 2328 3685 non
2361 3641 2417 3685 ut
2441 3631 2649 3702 jnssum
2673 3648 2735 3687 ac
2761 3642 3107 3703 praeceptum,
3141 3644 3194 3687 at
3233 3644 3378 3689 certe
3403 3643 3461 3693 ul

1873 3719 2296 3776 cohortationem
2325 3732 2485 3792 atque
2513 3724 2793 3777 consilium
2823 3724 3159 3793 prodidisset.
3192 3725 3341 3781 Nunc
3366 3728 3463 3795 qui

1874 3825 2047 3879 neque
2089 3810 2142 3864 id
2189 3812 2333 3880 prior
2379 3812 2554 3867 facere
2594 3814 2828 3866 animum
2883 3813 3188 3881 induxerit,
3238 3816 3461 3871 evidens

1873 3902 2027 3956 nobis
2058 3902 2181 3956 fecit
2202 3943 2219 3967 ,
2255 3918 2413 3972 cgere
2438 3904 2789 3972 virginitatem
2818 3904 2968 3958 multi
2993 3904 3205 3959 sudoris
3234 3917 3461 3961 conten.

1875 3992 2139 4061 tionisque
2158 4007 2480 4061 permagnre.
2496 3995 2668 4062 Atque
2685 3994 2735 4047 id
2756 3993 2841 4048 hic
2856 4010 3193 4051 communem
3215 4007 3466 4053 nostrum

1875 4081 2156 4135 Dominum
2204 4082 2441 4136 imitatus
2476 4082 2619 4147 fecit,
2660 4085 2749 4154 qui
2787 4084 2853 4139 de
2882 4086 3181 4154 virginitate
3210 4098 3318 4145 tum
3348 4088 3457 4141 dis-

1871 4174 2059 4237 seruit,
2087 4188 2207 4228 cum
2237 4190 2357 4228 eum
2386 4175 2631 4244 discipuli
2677 4186 2953 4247 rogarunt.
2984 4178 3114 4232 Nam
3142 4186 3262 4232 cuin
3288 4178 3457 4235 dixis-

1869 4274 2011 4327 sent,
2041 4265 2102 4319 Si
2127 4283 2186 4318 ea
2213 4276 2283 4321 est
2321 4268 2416 4320 viri
2438 4284 2554 4320 cum
2594 4284 2751 4323 uxore
2777 4269 3019 4335 conditio,
3052 4270 3253 4339 expedit
3282 4272 3458 4323 matri-

1869 4356 2094 4408 monium
2134 4372 2236 4409 non
2263 4358 2579 4421 contrahere,
2612 4358 2909 4427 respondit,
2939 4359 3073 4413 Sunt
3100 4361 3340 4424 eunuchi,
3368 4362 3469 4430 qui.

1867 4450 1937 4502 sei
1941 4465 2056 4518 psos
2068 4458 2276 4519 prepter
2289 4450 2485 4503 cwleste
2499 4464 2710 4520 regnum
2728 4461 3011 4504 castrarunt
3028 4450 3241 4519 (Matth.
3258 4453 3343 4507 19.
3364 4454 3452 4511 10.

1868 4536 1978 4608 12).
2006 4537 2104 4592 Ubi
2130 4539 2270 4593 enim
2298 4540 2483 4609 ingens
2506 4549 2586 4594 est
2616 4549 2758 4594 recte
2779 4540 2993 4605 factum,
3018 4550 3178 4611 atque
3206 4542 3326 4598 ideo
3355 4560 3455 4599 nec

1866 4628 1967 4682 sub
1995 4629 2248 4697 praecepti
2298 4631 2617 4684 necessitate
2646 4631 3001 4698 concluditur,
3036 4633 3451 4701 exspectandum

1867 4728 1951 4775 est
1973 4720 2300 4775 desiderium
2330 4737 2515 4775 eorum
2542 4722 2630 4791 qui
2660 4737 2725 4776 eo
2755 4722 3079 4791 perfuncturi
3105 4734 3246 4788 sunt,
3276 4735 3333 4780 et
3352 4727 3453 4779 alia

1866 4810 2092 4880 quadam
2138 4813 2345 4866 ratione
2376 4826 2477 4866 nec
2511 4822 2757 4881 suspecta
2792 4815 3001 4868 animus
3045 4815 3109 4867 iis
3152 4824 3311 4886 atque
3341 4826 3453 4871 stn-

1864 4903 2010 4955 dium
2039 4910 2122 4957 est
2148 4904 2441 4972 parandum
2471 4922 2483 4957 :
2514 4902 2654 4973 quod
2695 4904 2911 4974 quidem
2947 4913 3002 4960 et
3039 4905 3280 4963 Christus
3306 4907 3451 4963 fecit.

1860 4992 2044 5063 Neque
2082 4995 2223 5047 enim
2269 5010 2361 5049 eos
2394 4995 2495 5048 ulla
2546 4995 2614 5050 de
2654 4997 2951 5066 virginitate
2994 4997 3355 5068 disputatione
3387 5002 3437 5054 in

1862 5085 2181 5154 virginitatis
2228 5086 2459 5141 studium
2516 5088 2782 5158 conjeeit,
2837 5089 2931 5143 sed
2987 5090 3053 5145 de
3102 5092 3442 5145 matrimonio

1863 5181 2039 5235 solum
2067 5180 2337 5251 loquutus,
2363 5182 2413 5234 in
2438 5181 2658 5251 ejusque
2683 5180 2997 5237 difficultate
3019 5193 3448 5237 commonstrano

1860 5272 1926 5328 da
1968 5272 2175 5327 hrerens
2219 5282 2378 5343 atque
2402 5276 2804 5343 conquiescens,
2833 5290 2945 5330 rem
2990 5275 3125 5330 adeo
3162 5276 3447 5346 prudenter

1860 5368 2169 5423 moderatus
2191 5378 2292 5433 est,
2318 5369 2482 5438 utqui
2506 5368 2573 5424 de
2597 5384 2700 5422 non
2723 5366 3088 5423 contrahendo
3109 5368 3446 5423 matrimonio

1860 5460 1989 5515 nihil
2015 5460 2324 5527 audissent,
2359 5476 2453 5515 sua
2483 5470 2673 5530 sponte
2699 5461 2969 5524 dicerent,
3022 5461 3239 5529 Expedit
3264 5470 3440 5514 matrs-

1858 5552 2083 5606 monium
2126 5568 2227 5604 non
2275 5551 2571 5605 contrahere
2609 5548 2782 5619 (Ibid.
2829 5567 2877 5605 ν.
2922 5550 3045 5618 10).
3097 5551 3269 5620 Atque
3325 5550 3445 5606 ideo

1864 5642 2023 5701 etiam
2058 5640 2273 5711 Paulus,
2302 5640 2498 5698 Christi
2533 5642 2785 5707 imitator,
2818 5641 2892 5696 De
2916 5640 3096 5715 quibus
3116 5652 3318 5711 autem,
3360 5642 3435 5697 in-
