  <div class='ocr_page' id='page_1' title='image "/cluster/home/n/w/nwhite01/storage/ocr_20150623/48/nnc1.0046978267/023.png"; bbox 0 0 3886 6222; ppageno 0'>
   <div class='ocr_carea' id='block_1_1' title="bbox 455 236 560 292">
    <p class='ocr_par' dir='ltr' id='par_1_1' title="bbox 455 236 560 292">
     <span class='ocr_line' id='line_1_1' title="bbox 455 236 560 292; baseline -0.019 0"><span class='ocrx_word' id='word_1_1' title='bbox 455 236 560 292; x_wconf 70' lang='grc'><strong>863</strong></span> 
     </span>
    </p>
   </div>
   <div class='ocr_carea' id='block_1_2' title="bbox 451 337 2031 420">
    <p class='ocr_par' dir='ltr' id='par_1_2' title="bbox 451 337 2031 420">
     <span class='ocr_line' id='line_1_2' title="bbox 451 337 2031 420; baseline -0.011 -17"><span class='ocrx_word' id='word_1_2' title='bbox 451 351 586 420; x_wconf 87' lang='lat' dir='ltr'><strong>quit,</strong></span> <span class='ocrx_word' id='word_1_3' title='bbox 618 347 741 402; x_wconf 85' lang='lat' dir='ltr'><strong>mihi</strong></span> <span class='ocrx_word' id='word_1_4' title='bbox 764 345 1037 417; x_wconf 69' lang='lat' dir='ltr'><strong>scripsistis</strong></span> <span class='ocrx_word' id='word_1_5' title='bbox 1059 362 1076 399; x_wconf 91' lang='lat'><strong><em>:</em></strong></span> <span class='ocrx_word' id='word_1_6' title='bbox 1100 344 1242 400; x_wconf 71' lang='lat' dir='ltr'><strong>velut</strong></span> <span class='ocrx_word' id='word_1_7' title='bbox 1281 359 1338 399; x_wconf 92' lang='lat' dir='ltr'><strong>se</strong></span> <span class='ocrx_word' id='word_1_8' title='bbox 1368 342 1432 396; x_wconf 92' lang='lat' dir='ltr'><strong>iis</strong></span> <span class='ocrx_word' id='word_1_9' title='bbox 1459 339 1633 395; x_wconf 88' lang='lat' dir='ltr'><strong>verbis</strong></span> <span class='ocrx_word' id='word_1_10' title='bbox 1660 339 1711 391; x_wconf 93' lang='lat' dir='ltr'><strong>in</strong></span> <span class='ocrx_word' id='word_1_11' title='bbox 1740 337 1876 390; x_wconf 89' lang='lat' dir='ltr'><strong>hanc</strong></span> <span class='ocrx_word' id='word_1_12' title='bbox 1906 350 2031 389; x_wconf 83' lang='lat' dir='ltr'><strong>scn-</strong></span> 
     </span>
    </p>
   </div>
   <div class='ocr_carea' id='block_1_3' title="bbox 454 425 2031 510">
    <p class='ocr_par' dir='ltr' id='par_1_3' title="bbox 454 425 2031 510">
     <span class='ocr_line' id='line_1_3' title="bbox 454 425 2031 510; baseline -0.012 -16"><span class='ocrx_word' id='word_1_13' title='bbox 454 443 674 495; x_wconf 84' lang='lat' dir='ltr'><strong>tcntiam</strong></span> <span class='ocrx_word' id='word_1_14' title='bbox 704 454 937 510; x_wconf 88' lang='lat' dir='ltr'><strong>purgans</strong></span> <span class='ocrx_word' id='word_1_15' title='bbox 962 455 974 490; x_wconf 90' lang='lat'>:</span> <span class='ocrx_word' id='word_1_16' title='bbox 1005 436 1261 506; x_wconf 81' lang='lat' dir='ltr'><strong>Equidem</strong></span> <span class='ocrx_word' id='word_1_17' title='bbox 1296 447 1392 487; x_wconf 92' lang='lat' dir='ltr'><strong>vos</strong></span> <span class='ocrx_word' id='word_1_18' title='bbox 1418 431 1482 485; x_wconf 90' lang='lat' dir='ltr'><strong>ad</strong></span> <span class='ocrx_word' id='word_1_19' title='bbox 1511 428 1734 483; x_wconf 87' lang='lat' dir='ltr'><strong>sublime</strong></span> <span class='ocrx_word' id='word_1_20' title='bbox 1759 428 1857 480; x_wconf 88' lang='lat' dir='ltr'><strong>hoc</strong></span> <span class='ocrx_word' id='word_1_21' title='bbox 1885 425 2031 479; x_wconf 84' lang='lat' dir='ltr'><strong>lasti-</strong></span> 
     </span>
    </p>
   </div>
   <div class='ocr_carea' id='block_1_4' title="bbox 452 515 2030 601">
    <p class='ocr_par' dir='ltr' id='par_1_4' title="bbox 452 515 2030 601">
     <span class='ocr_line' id='line_1_4' title="bbox 452 515 2030 601; baseline -0.013 -17"><span class='ocrx_word' id='word_1_22' title='bbox 452 532 594 601; x_wconf 81' lang='lat' dir='ltr'><strong>gium</strong></span> <span class='ocrx_word' id='word_1_23' title='bbox 619 538 834 601; x_wconf 81' lang='lat' dir='ltr'><strong>propter</strong></span> <span class='ocrx_word' id='word_1_24' title='bbox 858 529 933 583; x_wconf 86' lang='lat' dir='ltr'><strong>rei</strong></span> <span class='ocrx_word' id='word_1_25' title='bbox 955 525 1319 581; x_wconf 87' lang='lat' dir='ltr'><strong>difttcultatem</strong></span> <span class='ocrx_word' id='word_1_26' title='bbox 1339 520 1605 576; x_wconf 95' lang='lat' dir='ltr'><strong>adducere</strong></span> <span class='ocrx_word' id='word_1_27' title='bbox 1624 532 1727 572; x_wconf 91' lang='lat' dir='ltr'><strong>non</strong></span> <span class='ocrx_word' id='word_1_28' title='bbox 1749 515 2030 569; x_wconf 88' lang='lat' dir='ltr'><strong>audebam.</strong></span> 
     </span>
    </p>
   </div>
   <div class='ocr_carea' id='block_1_5' title="bbox 453 607 2037 688">
    <p class='ocr_par' dir='ltr' id='par_1_5' title="bbox 453 607 2037 688">
     <span class='ocr_line' id='line_1_5' title="bbox 453 607 2037 688; baseline -0.01 -14"><span class='ocrx_word' id='word_1_29' title='bbox 453 621 604 676; x_wconf 75' lang='lat' dir='ltr'><strong>Nunc</strong></span> <span class='ocrx_word' id='word_1_30' title='bbox 640 635 769 675; x_wconf 81' lang='lat' dir='ltr'><strong>vero</strong></span> <span class='ocrx_word' id='word_1_31' title='bbox 819 635 940 673; x_wconf 89' lang='lat' dir='ltr'><strong>cum</strong></span> <span class='ocrx_word' id='word_1_32' title='bbox 995 618 1200 688; x_wconf 86' lang='lat' dir='ltr'><strong>priores</strong></span> <span class='ocrx_word' id='word_1_33' title='bbox 1253 614 1352 684; x_wconf 87' lang='lat' dir='ltr'><strong><em>ipsi</em></strong></span> <span class='ocrx_word' id='word_1_34' title='bbox 1415 612 1481 667; x_wconf 87' lang='lat' dir='ltr'><strong>ad</strong></span> <span class='ocrx_word' id='word_1_35' title='bbox 1528 625 1615 665; x_wconf 90' lang='lat' dir='ltr'><strong>me</strong></span> <span class='ocrx_word' id='word_1_36' title='bbox 1669 607 2037 677; x_wconf 70' lang='lat' dir='ltr'><strong>scripseritis,</strong></span> 
     </span>
    </p>
   </div>
   <div class='ocr_carea' id='block_1_6' title="bbox 452 697 2035 767">
    <p class='ocr_par' dir='ltr' id='par_1_6' title="bbox 452 697 2035 767">
     <span class='ocr_line' id='line_1_6' title="bbox 452 697 2035 767; baseline -0.011 -1"><span class='ocrx_word' id='word_1_37' title='bbox 452 712 623 767; x_wconf 79' lang='lat' dir='ltr'><strong>fidens</strong></span> <span class='ocrx_word' id='word_1_38' title='bbox 649 712 863 765; x_wconf 91' lang='lat' dir='ltr'><strong>demum</strong></span> <span class='ocrx_word' id='word_1_39' title='bbox 892 707 1135 763; x_wconf 88' lang='lat' dir='ltr'><strong>consulo.</strong></span> <span class='ocrx_word' id='word_1_40' title='bbox 1173 705 1279 761; x_wconf 89' lang='lat' dir='ltr'><strong>Cur</strong></span> <span class='ocrx_word' id='word_1_41' title='bbox 1310 705 1452 759; x_wconf 90' lang='lat' dir='ltr'><strong>enim</strong></span> <span class='ocrx_word' id='word_1_42' title='bbox 1493 717 1614 758; x_wconf 92' lang='lat' dir='ltr'><strong>eum</strong></span> <span class='ocrx_word' id='word_1_43' title='bbox 1644 700 1823 754; x_wconf 91' lang='lat' dir='ltr'><strong>multis</strong></span> <span class='ocrx_word' id='word_1_44' title='bbox 1848 697 1916 752; x_wconf 91' lang='lat' dir='ltr'><strong>de</strong></span> <span class='ocrx_word' id='word_1_45' title='bbox 1946 712 2035 750; x_wconf 89' lang='lat' dir='ltr'><strong>rc-</strong></span> 
     </span>
    </p>
   </div>
   <div class='ocr_carea' id='block_1_7' title="bbox 454 786 2034 869">
    <p class='ocr_par' dir='ltr' id='par_1_7' title="bbox 454 786 2034 869">
     <span class='ocr_line' id='line_1_7' title="bbox 454 786 2034 869; baseline -0.011 -12"><span class='ocrx_word' id='word_1_46' title='bbox 454 801 553 857; x_wconf 87' lang='lat' dir='ltr'><strong>bus</strong></span> <span class='ocrx_word' id='word_1_47' title='bbox 579 801 925 869; x_wconf 89' lang='lat' dir='ltr'><strong>scripscrint,</strong></span> <span class='ocrx_word' id='word_1_48' title='bbox 972 812 1232 867; x_wconf 82' lang='lat' dir='ltr'><strong>nusquam</strong></span> <span class='ocrx_word' id='word_1_49' title='bbox 1274 795 1325 849; x_wconf 92' lang='lat' dir='ltr'><strong>id</strong></span> <span class='ocrx_word' id='word_1_50' title='bbox 1371 793 1608 864; x_wconf 84' lang='lat' dir='ltr'><strong>adjecit?</strong></span> <span class='ocrx_word' id='word_1_51' title='bbox 1650 790 1802 846; x_wconf 87' lang='lat' dir='ltr'><strong>Nulla</strong></span> <span class='ocrx_word' id='word_1_52' title='bbox 1833 789 1936 843; x_wconf 88' lang='lat' dir='ltr'><strong>alia</strong></span> <span class='ocrx_word' id='word_1_53' title='bbox 1967 786 2034 841; x_wconf 88' lang='lat' dir='ltr'><strong>de</strong></span> 
     </span>
    </p>
   </div>
   <div class='ocr_carea' id='block_1_8' title="bbox 451 878 2033 961">
    <p class='ocr_par' dir='ltr' id='par_1_8' title="bbox 451 878 2033 961">
     <span class='ocr_line' id='line_1_8' title="bbox 451 878 2033 961; baseline -0.012 -14"><span class='ocrx_word' id='word_1_54' title='bbox 451 908 631 955; x_wconf 82' lang='lat' dir='ltr'><strong>Causa,</strong></span> <span class='ocrx_word' id='word_1_55' title='bbox 663 906 819 961; x_wconf 90' lang='lat' dir='ltr'><strong>quam</strong></span> <span class='ocrx_word' id='word_1_56' title='bbox 846 905 906 944; x_wconf 90' lang='lat' dir='ltr'><strong>ea</strong></span> <span class='ocrx_word' id='word_1_57' title='bbox 928 930 943 954; x_wconf 92' lang='lat'><strong>,</strong></span> <span class='ocrx_word' id='word_1_58' title='bbox 988 903 1146 959; x_wconf 88' lang='lat' dir='ltr'><strong>quam</strong></span> <span class='ocrx_word' id='word_1_59' title='bbox 1189 901 1331 941; x_wconf 89' lang='lat' dir='ltr'><strong>nunc</strong></span> <span class='ocrx_word' id='word_1_60' title='bbox 1357 885 1500 948; x_wconf 77' lang='lat' dir='ltr'><strong>dixi;</strong></span> <span class='ocrx_word' id='word_1_61' title='bbox 1531 899 1598 936; x_wconf 90' lang='lat' dir='ltr'><strong>ne</strong></span> <span class='ocrx_word' id='word_1_62' title='bbox 1626 882 1743 950; x_wconf 83' lang='lat' dir='ltr'><strong>quis</strong></span> <span class='ocrx_word' id='word_1_63' title='bbox 1769 878 1909 934; x_wconf 86' lang='lat' dir='ltr'><strong>enim</strong></span> <span class='ocrx_word' id='word_1_64' title='bbox 1938 891 2033 931; x_wconf 89' lang='lat' dir='ltr'><strong>co-</strong></span> 
     </span>
    </p>
   </div>
   <div class='ocr_carea' id='block_1_9' title="bbox 453 967 2036 1052">
    <p class='ocr_par' dir='ltr' id='par_1_9' title="bbox 453 967 2036 1052">
     <span class='ocr_line' id='line_1_9' title="bbox 453 967 2036 1052; baseline -0.012 -14"><span class='ocrx_word' id='word_1_65' title='bbox 453 983 810 1039; x_wconf 89' lang='lat' dir='ltr'><strong>bortationem</strong></span> <span class='ocrx_word' id='word_1_66' title='bbox 838 981 1016 1052; x_wconf 90' lang='lat' dir='ltr'><strong>inique</strong></span> <span class='ocrx_word' id='word_1_67' title='bbox 1042 979 1340 1047; x_wconf 90' lang='lat' dir='ltr'><strong>acciperet,</strong></span> <span class='ocrx_word' id='word_1_68' title='bbox 1368 975 1552 1029; x_wconf 91' lang='lat' dir='ltr'><strong>literas</strong></span> <span class='ocrx_word' id='word_1_69' title='bbox 1575 973 1673 1037; x_wconf 89' lang='lat' dir='ltr'><strong>eis,</strong></span> <span class='ocrx_word' id='word_1_70' title='bbox 1705 983 1836 1040; x_wconf 88' lang='lat' dir='ltr'><strong>quas</strong></span> <span class='ocrx_word' id='word_1_71' title='bbox 1862 967 2036 1021; x_wconf 88' lang='lat' dir='ltr'><strong>misis-</strong></span> 
     </span>
    </p>
   </div>
   <div class='ocr_carea' id='block_1_10' title="bbox 461 1062 2029 1133">
    <p class='ocr_par' dir='ltr' id='par_1_10' title="bbox 461 1062 2029 1133">
     <span class='ocr_line' id='line_1_10' title="bbox 461 1062 2029 1133; baseline -0.003 -16"><span class='ocrx_word' id='word_1_72' title='bbox 461 1076 603 1129; x_wconf 78' lang='lat' dir='ltr'><strong>sent,</strong></span> <span class='ocrx_word' id='word_1_73' title='bbox 628 1068 692 1116; x_wconf 86' lang='lat' dir='ltr'><strong>ad</strong></span> <span class='ocrx_word' id='word_1_74' title='bbox 724 1065 1040 1116; x_wconf 73' lang='lat' dir='ltr'><strong>memoriam</strong></span> <span class='ocrx_word' id='word_1_75' title='bbox 1066 1072 1308 1116; x_wconf 85' lang='lat' dir='ltr'><strong>revocat.</strong></span> <span class='ocrx_word' id='word_1_76' title='bbox 1337 1062 1413 1117; x_wconf 82' lang='lat' dir='ltr'><strong>Ac</strong></span> <span class='ocrx_word' id='word_1_77' title='bbox 1436 1080 1503 1119; x_wconf 90' lang='lat' dir='ltr'><strong>ne</strong></span> <span class='ocrx_word' id='word_1_78' title='bbox 1521 1065 1599 1118; x_wconf 90' lang='lat' dir='ltr'><strong>sic</strong></span> <span class='ocrx_word' id='word_1_79' title='bbox 1628 1062 1848 1133; x_wconf 83' lang='lat' dir='ltr'><strong>quidem</strong></span> <span class='ocrx_word' id='word_1_80' title='bbox 1866 1074 2029 1114; x_wconf 85' lang='lat' dir='ltr'><strong>occa—</strong></span> 
     </span>
    </p>
   </div>
   <div class='ocr_carea' id='block_1_11' title="bbox 462 1151 2032 1211">
    <p class='ocr_par' dir='ltr' id='par_1_11' title="bbox 462 1151 2032 1211">
     <span class='ocr_line' id='line_1_11' title="bbox 462 1151 2032 1211; baseline -0.004 0"><span class='ocrx_word' id='word_1_81' title='bbox 462 1158 670 1211; x_wconf 88' lang='lat' dir='ltr'><strong>sionem</strong></span> <span class='ocrx_word' id='word_1_82' title='bbox 692 1171 811 1209; x_wconf 83' lang='lat' dir='ltr'><strong>eam</strong></span> <span class='ocrx_word' id='word_1_83' title='bbox 834 1165 1031 1209; x_wconf 87' lang='lat' dir='ltr'><strong>nactus</strong></span> <span class='ocrx_word' id='word_1_84' title='bbox 1049 1156 1508 1211; x_wconf 84' lang='lat' dir='ltr'><strong>vehementiorem</strong></span> <span class='ocrx_word' id='word_1_85' title='bbox 1536 1156 1759 1209; x_wconf 81' lang='lat' dir='ltr'><strong>adhibet</strong></span> <span class='ocrx_word' id='word_1_86' title='bbox 1783 1151 2032 1206; x_wconf 89' lang='lat' dir='ltr'><strong>admoni-</strong></span> 
     </span>
    </p>
   </div>
   <div class='ocr_carea' id='block_1_12' title="bbox 464 1244 2034 1317">
    <p class='ocr_par' dir='ltr' id='par_1_12' title="bbox 464 1244 2034 1317">
     <span class='ocr_line' id='line_1_12' title="bbox 464 1244 2034 1317; baseline -0.004 -15"><span class='ocrx_word' id='word_1_87' title='bbox 464 1251 692 1312; x_wconf 88' lang='lat' dir='ltr'><strong>tionem,</strong></span> <span class='ocrx_word' id='word_1_88' title='bbox 724 1247 821 1304; x_wconf 88' lang='lat' dir='ltr'><strong>sed</strong></span> <span class='ocrx_word' id='word_1_89' title='bbox 850 1246 1142 1301; x_wconf 85' lang='lat' dir='ltr'><strong>admodum</strong></span> <span class='ocrx_word' id='word_1_90' title='bbox 1174 1247 1486 1317; x_wconf 77' lang='lat' dir='ltr'><strong>benignam,</strong></span> <span class='ocrx_word' id='word_1_91' title='bbox 1510 1248 1565 1301; x_wconf 92' lang='lat' dir='ltr'><strong>in</strong></span> <span class='ocrx_word' id='word_1_92' title='bbox 1594 1262 1660 1301; x_wconf 83' lang='lat' dir='ltr'><strong>eo</strong></span> <span class='ocrx_word' id='word_1_93' title='bbox 1686 1246 1848 1300; x_wconf 89' lang='lat' dir='ltr'><strong>etiam</strong></span> <span class='ocrx_word' id='word_1_94' title='bbox 1874 1244 2034 1298; x_wconf 79' lang='lat' dir='ltr'><strong>Chri-</strong></span> 
     </span>
    </p>
   </div>
   <div class='ocr_carea' id='block_1_13' title="bbox 463 1336 2033 1395">
    <p class='ocr_par' dir='ltr' id='par_1_13' title="bbox 463 1336 2033 1395">
     <span class='ocr_line' id='line_1_13' title="bbox 463 1336 2033 1395; baseline -0.003 -1"><span class='ocrx_word' id='word_1_95' title='bbox 463 1349 608 1394; x_wconf 89' lang='lat' dir='ltr'><strong>stum</strong></span> <span class='ocrx_word' id='word_1_96' title='bbox 636 1339 880 1394; x_wconf 86' lang='lat' dir='ltr'><strong>imitatus</strong></span> <span class='ocrx_word' id='word_1_97' title='bbox 915 1355 1079 1394; x_wconf 86' lang='lat' dir='ltr'><strong>:nam</strong></span> <span class='ocrx_word' id='word_1_98' title='bbox 1110 1338 1370 1394; x_wconf 91' lang='lat' dir='ltr'><strong>Servator</strong></span> <span class='ocrx_word' id='word_1_99' title='bbox 1402 1340 1654 1395; x_wconf 89' lang='lat' dir='ltr'><strong>absoluto</strong></span> <span class='ocrx_word' id='word_1_100' title='bbox 1686 1352 1938 1394; x_wconf 82' lang='lat' dir='ltr'><strong>sermone</strong></span> <span class='ocrx_word' id='word_1_101' title='bbox 1964 1336 2033 1390; x_wconf 87' lang='lat' dir='ltr'><strong>de</strong></span> 
     </span>
    </p>
   </div>
   <div class='ocr_carea' id='block_1_14' title="bbox 461 1426 2030 1501">
    <p class='ocr_par' dir='ltr' id='par_1_14' title="bbox 461 1426 2030 1501">
     <span class='ocr_line' id='line_1_14' title="bbox 461 1426 2030 1501; baseline -0.003 -17"><span class='ocrx_word' id='word_1_102' title='bbox 461 1431 775 1501; x_wconf 75' lang='lat' dir='ltr'><strong>virginitate</strong></span> <span class='ocrx_word' id='word_1_103' title='bbox 788 1428 1132 1495; x_wconf 80' lang='lat' dir='ltr'><strong>addidit,Qui</strong></span> <span class='ocrx_word' id='word_1_104' title='bbox 1146 1439 1314 1499; x_wconf 87' lang='lat' dir='ltr'><strong>potest</strong></span> <span class='ocrx_word' id='word_1_105' title='bbox 1327 1446 1512 1499; x_wconf 83' lang='lat' dir='ltr'><strong>capere</strong></span> <span class='ocrx_word' id='word_1_106' title='bbox 1524 1431 1697 1498; x_wconf 78' lang='lat' dir='ltr'><strong>capiat</strong></span> <span class='ocrx_word' id='word_1_107' title='bbox 1719 1427 1930 1499; x_wconf 75' lang='lat' dir='ltr'><strong>(Matth.</strong></span> <span class='ocrx_word' id='word_1_108' title='bbox 1942 1428 1963 1478; x_wconf 84' lang='lat' dir='ltr'><strong>l</strong></span> <span class='ocrx_word' id='word_1_109' title='bbox 1976 1426 2030 1481; x_wconf 88' lang='lat'><strong>9.</strong></span> 
     </span>
    </p>
   </div>
   <div class='ocr_carea' id='block_1_15' title="bbox 462 1520 2021 1594">
    <p class='ocr_par' dir='ltr' id='par_1_15' title="bbox 462 1520 2021 1594">
     <span class='ocr_line' id='line_1_15' title="bbox 462 1520 2021 1594; baseline -0.003 -16"><span class='ocrx_word' id='word_1_110' title='bbox 462 1523 571 1591; x_wconf 67' lang='grc' dir='ltr'><strong>η).</strong></span> <span class='ocrx_word' id='word_1_111' title='bbox 602 1523 743 1589; x_wconf 87' lang='lat' dir='ltr'><strong>Quid</strong></span> <span class='ocrx_word' id='word_1_112' title='bbox 765 1524 930 1592; x_wconf 82' lang='lat' dir='ltr'><strong>igitur</strong></span> <span class='ocrx_word' id='word_1_113' title='bbox 946 1524 1054 1577; x_wconf 87' lang='lat' dir='ltr'><strong>ait?</strong></span> <span class='ocrx_word' id='word_1_114' title='bbox 1075 1523 1148 1577; x_wconf 88' lang='lat' dir='ltr'><strong>De</strong></span> <span class='ocrx_word' id='word_1_115' title='bbox 1164 1524 1352 1594; x_wconf 81' lang='lat' dir='ltr'><strong>quibus</strong></span> <span class='ocrx_word' id='word_1_116' title='bbox 1372 1533 1550 1576; x_wconf 86' lang='lat' dir='ltr'><strong>autem</strong></span> <span class='ocrx_word' id='word_1_117' title='bbox 1567 1521 1695 1575; x_wconf 86' lang='lat' dir='ltr'><strong>mihi</strong></span> <span class='ocrx_word' id='word_1_118' title='bbox 1708 1520 2021 1590; x_wconf 81' lang='lat' dir='ltr'><strong>scripsistis,</strong></span> 
     </span>
    </p>
   </div>
   <div class='ocr_carea' id='block_1_16' title="bbox 460 1610 2031 1684">
    <p class='ocr_par' dir='ltr' id='par_1_16' title="bbox 460 1610 2031 1684">
     <span class='ocr_line' id='line_1_16' title="bbox 460 1610 2031 1684; baseline -0.001 -19"><span class='ocrx_word' id='word_1_119' title='bbox 460 1613 651 1667; x_wconf 85' lang='lat' dir='ltr'><strong>bonum</strong></span> <span class='ocrx_word' id='word_1_120' title='bbox 674 1613 964 1668; x_wconf 84' lang='lat' dir='ltr'><strong>esthomini</strong></span> <span class='ocrx_word' id='word_1_121' title='bbox 981 1614 1250 1667; x_wconf 74' lang='lat' dir='ltr'><strong>mulierem</strong></span> <span class='ocrx_word' id='word_1_122' title='bbox 1274 1630 1378 1667; x_wconf 90' lang='lat' dir='ltr'><strong>non</strong></span> <span class='ocrx_word' id='word_1_123' title='bbox 1395 1623 1604 1682; x_wconf 77' lang='lat' dir='ltr'><strong>tangere</strong></span> <span class='ocrx_word' id='word_1_124' title='bbox 1634 1612 1677 1684; x_wconf 87' lang='lat' dir='ltr'><strong>(l</strong></span> <span class='ocrx_word' id='word_1_125' title='bbox 1695 1651 1706 1663; x_wconf 92' lang='lat'><strong>.</strong></span> <span class='ocrx_word' id='word_1_126' title='bbox 1733 1610 1860 1667; x_wconf 86' lang='lat' dir='ltr'><strong>Cor.</strong></span> <span class='ocrx_word' id='word_1_127' title='bbox 1882 1610 1933 1664; x_wconf 89' lang='lat'><strong>7.</strong></span> <span class='ocrx_word' id='word_1_128' title='bbox 1955 1610 2031 1681; x_wconf 78' lang='grc'><strong>1).</strong></span> 
     </span>
    </p>
   </div>
   <div class='ocr_carea' id='block_1_17' title="bbox 524 1692 2035 1765">
    <p class='ocr_par' dir='ltr' id='par_1_17' title="bbox 524 1692 2035 1765">
     <span class='ocr_line' id='line_1_17' title="bbox 524 1692 2035 1765; baseline -0.007 -13"><span class='ocrx_word' id='word_1_129' title='bbox 524 1698 659 1754; x_wconf 74' lang='lat' dir='ltr'><strong>XIV.</strong></span> <span class='ocrx_word' id='word_1_130' title='bbox 707 1697 932 1765; x_wconf 86' lang='lat' dir='ltr'><strong>Objectio</strong></span> <span class='ocrx_word' id='word_1_131' title='bbox 978 1713 1148 1750; x_wconf 86' lang='lat' dir='ltr'><strong>eorum</strong></span> <span class='ocrx_word' id='word_1_132' title='bbox 1197 1697 1283 1764; x_wconf 85' lang='lat' dir='ltr'><strong>qui</strong></span> <span class='ocrx_word' id='word_1_133' title='bbox 1326 1695 1659 1764; x_wconf 81' lang='lat' dir='ltr'><strong>virginitatem</strong></span> <span class='ocrx_word' id='word_1_134' title='bbox 1707 1692 1946 1762; x_wconf 85' lang='lat' dir='ltr'><strong>ejiciunt,</strong></span> <span class='ocrx_word' id='word_1_135' title='bbox 1989 1698 2035 1742; x_wconf 83' lang='lat' dir='ltr'><strong>et</strong></span> 
     </span>
    </p>
   </div>
   <div class='ocr_carea' id='block_1_18' title="bbox 450 1781 2034 1853">
    <p class='ocr_par' dir='ltr' id='par_1_18' title="bbox 450 1781 2034 1853">
     <span class='ocr_line' id='line_1_18' title="bbox 450 1781 2034 1853; baseline -0.008 -10"><span class='ocrx_word' id='word_1_136' title='bbox 450 1788 866 1843; x_wconf 83' lang='lat' dir='ltr'><strong>solutio.—Sed</strong></span> <span class='ocrx_word' id='word_1_137' title='bbox 916 1786 1145 1843; x_wconf 82' lang='lat' dir='ltr'><strong>fortasse</strong></span> <span class='ocrx_word' id='word_1_138' title='bbox 1187 1785 1329 1840; x_wconf 90' lang='lat' dir='ltr'><strong>dicat</strong></span> <span class='ocrx_word' id='word_1_139' title='bbox 1369 1784 1559 1853; x_wconf 86' lang='lat' dir='ltr'><strong>aliquis</strong></span> <span class='ocrx_word' id='word_1_140' title='bbox 1585 1800 1596 1835; x_wconf 90' lang='lat'><strong>:</strong></span> <span class='ocrx_word' id='word_1_141' title='bbox 1622 1784 1691 1837; x_wconf 86' lang='lat' dir='ltr'><strong>At</strong></span> <span class='ocrx_word' id='word_1_142' title='bbox 1732 1781 1778 1835; x_wconf 89' lang='lat' dir='ltr'><strong>si</strong></span> <span class='ocrx_word' id='word_1_143' title='bbox 1818 1786 2034 1849; x_wconf 82' lang='lat' dir='ltr'><strong>praestet</strong></span> 
     </span>
    </p>
   </div>
   <div class='ocr_carea' id='block_1_19' title="bbox 449 1870 2035 1948">
    <p class='ocr_par' dir='ltr' id='par_1_19' title="bbox 449 1870 2035 1948">
     <span class='ocr_line' id='line_1_19' title="bbox 449 1870 2035 1948; baseline -0.007 -15"><span class='ocrx_word' id='word_1_144' title='bbox 449 1879 729 1934; x_wconf 88' lang='lat' dir='ltr'><strong>mulierem</strong></span> <span class='ocrx_word' id='word_1_145' title='bbox 770 1894 876 1934; x_wconf 89' lang='lat' dir='ltr'><strong>non</strong></span> <span class='ocrx_word' id='word_1_146' title='bbox 906 1887 1143 1948; x_wconf 80' lang='lat' dir='ltr'><strong>tangere,</strong></span> <span class='ocrx_word' id='word_1_147' title='bbox 1170 1891 1271 1945; x_wconf 89' lang='lat' dir='ltr'><strong>qua</strong></span> <span class='ocrx_word' id='word_1_148' title='bbox 1296 1874 1363 1930; x_wconf 90' lang='lat' dir='ltr'><strong>de</strong></span> <span class='ocrx_word' id='word_1_149' title='bbox 1391 1889 1548 1929; x_wconf 88' lang='lat' dir='ltr'><strong>causa</strong></span> <span class='ocrx_word' id='word_1_150' title='bbox 1576 1874 1627 1927; x_wconf 93' lang='lat' dir='ltr'><strong>in</strong></span> <span class='ocrx_word' id='word_1_151' title='bbox 1652 1873 1813 1927; x_wconf 88' lang='lat' dir='ltr'><strong>vitam</strong></span> <span class='ocrx_word' id='word_1_152' title='bbox 1843 1870 2035 1924; x_wconf 88' lang='lat' dir='ltr'><strong>invasit</strong></span> 
     </span>
    </p>
   </div>
   <div class='ocr_carea' id='block_1_20' title="bbox 450 1968 2032 2038">
    <p class='ocr_par' dir='ltr' id='par_1_20' title="bbox 450 1968 2032 2038">
     <span class='ocr_line' id='line_1_20' title="bbox 450 1968 2032 2038; baseline -0.005 -14"><span class='ocrx_word' id='word_1_153' title='bbox 450 1971 879 2026; x_wconf 84' lang='lat' dir='ltr'><strong>matrimonium?</strong></span> <span class='ocrx_word' id='word_1_154' title='bbox 904 1971 1168 2038; x_wconf 85' lang='lat' dir='ltr'><strong>Quorsum</strong></span> <span class='ocrx_word' id='word_1_155' title='bbox 1193 1978 1367 2023; x_wconf 92' lang='lat' dir='ltr'><strong>autem</strong></span> <span class='ocrx_word' id='word_1_156' title='bbox 1396 1968 1617 2021; x_wconf 89' lang='lat' dir='ltr'><strong>muliere</strong></span> <span class='ocrx_word' id='word_1_157' title='bbox 1648 1975 1880 2031; x_wconf 84' lang='lat' dir='ltr'><strong>utemur,</strong></span> <span class='ocrx_word' id='word_1_158' title='bbox 1912 1979 2032 2034; x_wconf 71' lang='lat' dir='ltr'><strong>qua:</strong></span> 
     </span>
    </p>
   </div>
   <div class='ocr_carea' id='block_1_21' title="bbox 452 2050 2030 2131">
    <p class='ocr_par' dir='ltr' id='par_1_21' title="bbox 452 2050 2030 2131">
     <span class='ocr_line' id='line_1_21' title="bbox 452 2050 2030 2131; baseline -0.004 -15"><span class='ocrx_word' id='word_1_159' title='bbox 452 2077 621 2131; x_wconf 76' lang='lat' dir='ltr'><strong>neque</strong></span> <span class='ocrx_word' id='word_1_160' title='bbox 667 2062 734 2116; x_wconf 90' lang='lat' dir='ltr'><strong>ad</strong></span> <span class='ocrx_word' id='word_1_161' title='bbox 774 2061 1204 2126; x_wconf 89' lang='lat' dir='ltr'><strong>matrimonium,</strong></span> <span class='ocrx_word' id='word_1_162' title='bbox 1251 2071 1425 2129; x_wconf 88' lang='lat' dir='ltr'><strong>neque</strong></span> <span class='ocrx_word' id='word_1_163' title='bbox 1465 2057 1531 2112; x_wconf 92' lang='lat' dir='ltr'><strong>ad</strong></span> <span class='ocrx_word' id='word_1_164' title='bbox 1570 2058 1859 2111; x_wconf 92' lang='lat' dir='ltr'><strong>liberorum</strong></span> <span class='ocrx_word' id='word_1_165' title='bbox 1902 2050 2030 2127; x_wconf 82' lang='lat' dir='ltr'><strong>pro-</strong></span> 
     </span>
    </p>
   </div>
   <div class='ocr_carea' id='block_1_22' title="bbox 452 2149 2034 2223">
    <p class='ocr_par' dir='ltr' id='par_1_22' title="bbox 452 2149 2034 2223">
     <span class='ocr_line' id='line_1_22' title="bbox 452 2149 2034 2223; baseline -0.003 -15"><span class='ocrx_word' id='word_1_166' title='bbox 452 2152 777 2208; x_wconf 79' lang='lat' dir='ltr'><strong>creation‘em</strong></span> <span class='ocrx_word' id='word_1_167' title='bbox 823 2153 1056 2209; x_wconf 80' lang='lat' dir='ltr'><strong>serviat?</strong></span> <span class='ocrx_word' id='word_1_168' title='bbox 1109 2152 1311 2223; x_wconf 89' lang='lat' dir='ltr'><strong>Ecquid</strong></span> <span class='ocrx_word' id='word_1_169' title='bbox 1356 2166 1483 2205; x_wconf 89' lang='lat' dir='ltr'><strong>vero</strong></span> <span class='ocrx_word' id='word_1_170' title='bbox 1528 2149 1829 2220; x_wconf 88' lang='lat' dir='ltr'><strong>prohibebit</strong></span> <span class='ocrx_word' id='word_1_171' title='bbox 1874 2164 2034 2204; x_wconf 90' lang='lat' dir='ltr'><strong>omne</strong></span> 
     </span>
    </p>
   </div>
   <div class='ocr_carea' id='block_1_23' title="bbox 451 2241 2033 2317">
    <p class='ocr_par' dir='ltr' id='par_1_23' title="bbox 451 2241 2033 2317">
     <span class='ocr_line' id='line_1_23' title="bbox 451 2241 2033 2317; baseline -0.005 -16"><span class='ocrx_word' id='word_1_172' title='bbox 451 2247 728 2301; x_wconf 88' lang='lat' dir='ltr'><strong>hominum</strong></span> <span class='ocrx_word' id='word_1_173' title='bbox 754 2262 920 2317; x_wconf 85' lang='lat' dir='ltr'><strong>genus</strong></span> <span class='ocrx_word' id='word_1_174' title='bbox 959 2245 1162 2311; x_wconf 91' lang='lat' dir='ltr'><strong>deleri,</strong></span> <span class='ocrx_word' id='word_1_175' title='bbox 1195 2254 1316 2299; x_wconf 90' lang='lat' dir='ltr'><strong>cum</strong></span> <span class='ocrx_word' id='word_1_176' title='bbox 1345 2253 1399 2298; x_wconf 87' lang='lat' dir='ltr'><strong>et</strong></span> <span class='ocrx_word' id='word_1_177' title='bbox 1427 2257 1571 2297; x_wconf 88' lang='lat' dir='ltr'><strong>mors</strong></span> <span class='ocrx_word' id='word_1_178' title='bbox 1600 2242 1651 2297; x_wconf 91' lang='lat' dir='ltr'><strong>id</strong></span> <span class='ocrx_word' id='word_1_179' title='bbox 1676 2241 1911 2312; x_wconf 89' lang='lat' dir='ltr'><strong>quotidie</strong></span> <span class='ocrx_word' id='word_1_180' title='bbox 1936 2241 2033 2293; x_wconf 87' lang='lat' dir='ltr'><strong>dc-</strong></span> 
     </span>
    </p>
   </div>
   <div class='ocr_carea' id='block_1_24' title="bbox 450 2332 2032 2406">
    <p class='ocr_par' dir='ltr' id='par_1_24' title="bbox 450 2332 2032 2406">
     <span class='ocr_line' id='line_1_24' title="bbox 450 2332 2032 2406; baseline -0.002 -17"><span class='ocrx_word' id='word_1_181' title='bbox 450 2346 634 2406; x_wconf 89' lang='lat' dir='ltr'><strong>pascat</strong></span> <span class='ocrx_word' id='word_1_182' title='bbox 662 2352 725 2392; x_wconf 84' lang='lat' dir='ltr'><strong>ac</strong></span> <span class='ocrx_word' id='word_1_183' title='bbox 752 2336 1017 2403; x_wconf 87' lang='lat' dir='ltr'><strong>concidat,</strong></span> <span class='ocrx_word' id='word_1_184' title='bbox 1047 2345 1100 2390; x_wconf 93' lang='lat' dir='ltr'><strong>et</strong></span> <span class='ocrx_word' id='word_1_185' title='bbox 1127 2351 1186 2390; x_wconf 89' lang='lat' dir='ltr'><strong>ea</strong></span> <span class='ocrx_word' id='word_1_186' title='bbox 1214 2334 1474 2390; x_wconf 90' lang='lat' dir='ltr'><strong>sententia</strong></span> <span class='ocrx_word' id='word_1_187' title='bbox 1506 2333 1636 2388; x_wconf 92' lang='lat' dir='ltr'><strong>alios</strong></span> <span class='ocrx_word' id='word_1_188' title='bbox 1665 2333 1717 2387; x_wconf 91' lang='lat' dir='ltr'><strong>in</strong></span> <span class='ocrx_word' id='word_1_189' title='bbox 1752 2332 2032 2388; x_wconf 87' lang='lat' dir='ltr'><strong>defuncto-</strong></span> 
     </span>
    </p>
   </div>
   <div class='ocr_carea' id='block_1_25' title="bbox 451 2426 2031 2496">
    <p class='ocr_par' dir='ltr' id='par_1_25' title="bbox 451 2426 2031 2496">
     <span class='ocr_line' id='line_1_25' title="bbox 451 2426 2031 2496; baseline -0.002 -14"><span class='ocrx_word' id='word_1_190' title='bbox 451 2443 569 2482; x_wconf 88' lang='lat' dir='ltr'><strong>rum</strong></span> <span class='ocrx_word' id='word_1_191' title='bbox 600 2430 771 2483; x_wconf 91' lang='lat' dir='ltr'><strong>locum</strong></span> <span class='ocrx_word' id='word_1_192' title='bbox 798 2429 1077 2482; x_wconf 80' lang='lat' dir='ltr'><strong>restituere</strong></span> <span class='ocrx_word' id='word_1_193' title='bbox 1105 2443 1209 2481; x_wconf 88' lang='lat' dir='ltr'><strong>non</strong></span> <span class='ocrx_word' id='word_1_194' title='bbox 1238 2426 1541 2496; x_wconf 74' lang='lat' dir='ltr'><strong>permittat?</strong></span> <span class='ocrx_word' id='word_1_195' title='bbox 1576 2426 1709 2480; x_wconf 87' lang='lat' dir='ltr'><strong>Nam</strong></span> <span class='ocrx_word' id='word_1_196' title='bbox 1750 2426 1791 2480; x_wconf 91' lang='lat' dir='ltr'><strong>si</strong></span> <span class='ocrx_word' id='word_1_197' title='bbox 1834 2426 2031 2480; x_wconf 87' lang='lat' dir='ltr'><strong>bonmn</strong></span> 
     </span>
    </p>
   </div>
   <div class='ocr_carea' id='block_1_26' title="bbox 448 2519 2027 2588">
    <p class='ocr_par' dir='ltr' id='par_1_26' title="bbox 448 2519 2027 2588">
     <span class='ocr_line' id='line_1_26' title="bbox 448 2519 2027 2588; baseline -0.005 -10"><span class='ocrx_word' id='word_1_198' title='bbox 448 2525 502 2578; x_wconf 90' lang='lat' dir='ltr'><strong>id</strong></span> <span class='ocrx_word' id='word_1_199' title='bbox 536 2524 764 2577; x_wconf 86' lang='lat' dir='ltr'><strong>universi</strong></span> <span class='ocrx_word' id='word_1_200' title='bbox 791 2530 1162 2577; x_wconf 89' lang='lat' dir='ltr'><strong>consectemur</strong></span> <span class='ocrx_word' id='word_1_201' title='bbox 1185 2560 1199 2583; x_wconf 91' lang='lat'><strong>,</strong></span> <span class='ocrx_word' id='word_1_202' title='bbox 1248 2535 1346 2574; x_wconf 91' lang='lat' dir='ltr'><strong>nec</strong></span> <span class='ocrx_word' id='word_1_203' title='bbox 1394 2520 1643 2573; x_wconf 78' lang='lat' dir='ltr'><strong>mulieres</strong></span> <span class='ocrx_word' id='word_1_204' title='bbox 1671 2519 1990 2588; x_wconf 79' lang='lat' dir='ltr'><strong>attingamus</strong></span> <span class='ocrx_word' id='word_1_205' title='bbox 2013 2559 2027 2582; x_wconf 95' lang='lat'><strong>,</strong></span> 
     </span>
    </p>
   </div>
   <div class='ocr_carea' id='block_1_27' title="bbox 449 2611 2022 2679">
    <p class='ocr_par' dir='ltr' id='par_1_27' title="bbox 449 2611 2022 2679">
     <span class='ocr_line' id='line_1_27' title="bbox 449 2611 2022 2679; baseline -0.003 -13"><span class='ocrx_word' id='word_1_206' title='bbox 449 2615 629 2668; x_wconf 88' lang='lat' dir='ltr'><strong>omnia</strong></span> <span class='ocrx_word' id='word_1_207' title='bbox 674 2613 1004 2676; x_wconf 85' lang='lat' dir='ltr'><strong>dilabentur,</strong></span> <span class='ocrx_word' id='word_1_208' title='bbox 1042 2622 1097 2666; x_wconf 88' lang='lat' dir='ltr'><strong>et</strong></span> <span class='ocrx_word' id='word_1_209' title='bbox 1149 2612 1341 2676; x_wconf 88' lang='lat' dir='ltr'><strong>urbes,</strong></span> <span class='ocrx_word' id='word_1_210' title='bbox 1397 2620 1451 2665; x_wconf 91' lang='lat' dir='ltr'><strong>et</strong></span> <span class='ocrx_word' id='word_1_211' title='bbox 1503 2611 1722 2675; x_wconf 83' lang='lat' dir='ltr'><strong>domus,</strong></span> <span class='ocrx_word' id='word_1_212' title='bbox 1776 2621 1828 2664; x_wconf 90' lang='lat' dir='ltr'><strong>et</strong></span> <span class='ocrx_word' id='word_1_213' title='bbox 1875 2611 2022 2679; x_wconf 83' lang='lat' dir='ltr'><strong>agri,</strong></span> 
     </span>
    </p>
   </div>
   <div class='ocr_carea' id='block_1_28' title="bbox 445 2703 2029 2773">
    <p class='ocr_par' dir='ltr' id='par_1_28' title="bbox 445 2703 2029 2773">
     <span class='ocr_line' id='line_1_28' title="bbox 445 2703 2029 2773; baseline -0.004 -12"><span class='ocrx_word' id='word_1_214' title='bbox 445 2716 501 2761; x_wconf 87' lang='lat' dir='ltr'><strong>et</strong></span> <span class='ocrx_word' id='word_1_215' title='bbox 535 2714 697 2770; x_wconf 87' lang='lat' dir='ltr'><strong>artes,</strong></span> <span class='ocrx_word' id='word_1_216' title='bbox 755 2713 810 2759; x_wconf 91' lang='lat' dir='ltr'><strong>et</strong></span> <span class='ocrx_word' id='word_1_217' title='bbox 859 2705 1189 2768; x_wconf 89' lang='lat' dir='ltr'><strong>animantes,</strong></span> <span class='ocrx_word' id='word_1_218' title='bbox 1244 2712 1298 2758; x_wconf 91' lang='lat' dir='ltr'><strong>et</strong></span> <span class='ocrx_word' id='word_1_219' title='bbox 1345 2705 1559 2773; x_wconf 87' lang='lat' dir='ltr'><strong>stirpes.</strong></span> <span class='ocrx_word' id='word_1_220' title='bbox 1604 2703 1672 2759; x_wconf 88' lang='lat' dir='ltr'><strong>Ut</strong></span> <span class='ocrx_word' id='word_1_221' title='bbox 1716 2704 1857 2757; x_wconf 80' lang='lat' dir='ltr'><strong>enim</strong></span> <span class='ocrx_word' id='word_1_222' title='bbox 1901 2717 2029 2771; x_wconf 85' lang='lat' dir='ltr'><strong>pro-</strong></span> 
     </span>
    </p>
   </div>
   <div class='ocr_carea' id='block_1_29' title="bbox 445 2795 2030 2865">
    <p class='ocr_par' dir='ltr' id='par_1_29' title="bbox 445 2795 2030 2865">
     <span class='ocr_line' id='line_1_29' title="bbox 445 2795 2030 2865; baseline 0 -16"><span class='ocrx_word' id='word_1_223' title='bbox 445 2804 614 2850; x_wconf 89' lang='lat' dir='ltr'><strong>strato</strong></span> <span class='ocrx_word' id='word_1_224' title='bbox 652 2796 971 2864; x_wconf 87' lang='lat' dir='ltr'><strong>imperatore</strong></span> <span class='ocrx_word' id='word_1_225' title='bbox 1017 2796 1155 2865; x_wconf 83' lang='lat' dir='ltr'><strong>cogit</strong></span> <span class='ocrx_word' id='word_1_226' title='bbox 1195 2795 1483 2849; x_wconf 84' lang='lat' dir='ltr'><strong>necessitas</strong></span> <span class='ocrx_word' id='word_1_227' title='bbox 1511 2809 1723 2848; x_wconf 91' lang='lat' dir='ltr'><strong>omnem</strong></span> <span class='ocrx_word' id='word_1_228' title='bbox 1767 2795 2030 2849; x_wconf 79' lang='lat' dir='ltr'><strong>exercitus</strong></span> 
     </span>
    </p>
   </div>
   <div class='ocr_carea' id='block_1_30' title="bbox 445 2886 2028 2956">
    <p class='ocr_par' dir='ltr' id='par_1_30' title="bbox 445 2886 2028 2956">
     <span class='ocr_line' id='line_1_30' title="bbox 445 2886 2028 2956; baseline 0.001 -17"><span class='ocrx_word' id='word_1_229' title='bbox 445 2886 688 2942; x_wconf 87' lang='lat' dir='ltr'><strong>ordinem</strong></span> <span class='ocrx_word' id='word_1_230' title='bbox 718 2886 962 2956; x_wconf 90' lang='lat' dir='ltr'><strong>dissipari</strong></span> <span class='ocrx_word' id='word_1_231' title='bbox 990 2887 1104 2941; x_wconf 89' lang='lat' dir='ltr'><strong>:sic</strong></span> <span class='ocrx_word' id='word_1_232' title='bbox 1135 2887 1377 2948; x_wconf 85' lang='lat' dir='ltr'><strong>homine.</strong></span> <span class='ocrx_word' id='word_1_233' title='bbox 1425 2886 1753 2941; x_wconf 66' lang='lat' dir='ltr'><strong>terrestrium</strong></span> <span class='ocrx_word' id='word_1_234' title='bbox 1790 2888 2028 2940; x_wconf 90' lang='lat' dir='ltr'><strong>omnium</strong></span> 
     </span>
    </p>
   </div>
   <div class='ocr_carea' id='block_1_31' title="bbox 444 2970 2028 3047">
    <p class='ocr_par' dir='ltr' id='par_1_31' title="bbox 444 2970 2028 3047">
     <span class='ocr_line' id='line_1_31' title="bbox 444 2970 2028 3047; baseline 0.001 -16"><span class='ocrx_word' id='word_1_235' title='bbox 444 2991 592 3047; x_wconf 87' lang='lat' dir='ltr'><strong>rege,</strong></span> <span class='ocrx_word' id='word_1_236' title='bbox 623 2976 942 3030; x_wconf 89' lang='lat' dir='ltr'><strong>matrimonii</strong></span> <span class='ocrx_word' id='word_1_237' title='bbox 974 2970 1204 3043; x_wconf 88' lang='lat' dir='ltr'><strong>defectu,</strong></span> <span class='ocrx_word' id='word_1_238' title='bbox 1237 2976 1518 3043; x_wconf 84' lang='lat' dir='ltr'><strong>exstincto,</strong></span> <span class='ocrx_word' id='word_1_239' title='bbox 1563 2988 1876 3031; x_wconf 68' lang='lat' dir='ltr'><strong>Ctltht&#39;ttl&#39;llm</strong></span> <span class='ocrx_word' id='word_1_240' title='bbox 1899 2977 2028 3031; x_wconf 85' lang='lat' dir='ltr'><strong>nihil</strong></span> 
     </span>
    </p>
   </div>
   <div class='ocr_carea' id='block_1_32' title="bbox 444 3068 2027 3138">
    <p class='ocr_par' dir='ltr' id='par_1_32' title="bbox 444 3068 2027 3138">
     <span class='ocr_line' id='line_1_32' title="bbox 444 3068 2027 3138; baseline 0 -17"><span class='ocrx_word' id='word_1_241' title='bbox 444 3069 862 3124; x_wconf 87' lang='lat' dir='ltr'><strong>incolumitatem</strong></span> <span class='ocrx_word' id='word_1_242' title='bbox 890 3083 1038 3123; x_wconf 86' lang='lat' dir='ltr'><strong>suam</strong></span> <span class='ocrx_word' id='word_1_243' title='bbox 1069 3068 1419 3138; x_wconf 84' lang='lat' dir='ltr'><strong>ordinemque</strong></span> <span class='ocrx_word' id='word_1_244' title='bbox 1441 3069 1697 3133; x_wconf 89' lang='lat' dir='ltr'><strong>tuebitur;</strong></span> <span class='ocrx_word' id='word_1_245' title='bbox 1732 3071 1803 3124; x_wconf 87' lang='lat' dir='ltr'><strong>ita</strong></span> <span class='ocrx_word' id='word_1_246' title='bbox 1830 3068 2027 3123; x_wconf 90' lang='lat' dir='ltr'><strong>bellum</strong></span> 
     </span>
    </p>
   </div>
   <div class='ocr_carea' id='block_1_33' title="bbox 445 3159 2024 3227">
    <p class='ocr_par' dir='ltr' id='par_1_33' title="bbox 445 3159 2024 3227">
     <span class='ocr_line' id='line_1_33' title="bbox 445 3159 2024 3227; baseline 0.001 -17"><span class='ocrx_word' id='word_1_247' title='bbox 445 3160 549 3213; x_wconf 88' lang='lat' dir='ltr'><strong>hoc</strong></span> <span class='ocrx_word' id='word_1_248' title='bbox 603 3159 884 3214; x_wconf 90' lang='lat' dir='ltr'><strong>consilium</strong></span> <span class='ocrx_word' id='word_1_249' title='bbox 938 3159 1231 3213; x_wconf 89' lang='lat' dir='ltr'><strong>innumeris</strong></span> <span class='ocrx_word' id='word_1_250' title='bbox 1281 3159 1464 3213; x_wconf 92' lang='lat' dir='ltr'><strong>orbem</strong></span> <span class='ocrx_word' id='word_1_251' title='bbox 1518 3159 1672 3213; x_wconf 91' lang='lat' dir='ltr'><strong>malis</strong></span> <span class='ocrx_word' id='word_1_252' title='bbox 1721 3159 2024 3227; x_wconf 84' lang='lat' dir='ltr'><strong>complebit.</strong></span> 
     </span>
    </p>
   </div>
   <div class='ocr_carea' id='block_1_34' title="bbox 443 3249 2026 3319">
    <p class='ocr_par' dir='ltr' id='par_1_34' title="bbox 443 3249 2026 3319">
     <span class='ocr_line' id='line_1_34' title="bbox 443 3249 2026 3319; baseline 0 -16"><span class='ocrx_word' id='word_1_253' title='bbox 443 3250 732 3305; x_wconf 87' lang='lat' dir='ltr'><strong>Enimvero</strong></span> <span class='ocrx_word' id='word_1_254' title='bbox 754 3251 796 3304; x_wconf 89' lang='lat' dir='ltr'><strong>si</strong></span> <span class='ocrx_word' id='word_1_255' title='bbox 817 3250 932 3303; x_wconf 75' lang='lat' dir='ltr'><strong>lucc</strong></span> <span class='ocrx_word' id='word_1_256' title='bbox 955 3251 1183 3302; x_wconf 84' lang='lat' dir='ltr'><strong>hostium</strong></span> <span class='ocrx_word' id='word_1_257' title='bbox 1207 3249 1377 3304; x_wconf 91' lang='lat' dir='ltr'><strong>solum</strong></span> <span class='ocrx_word' id='word_1_258' title='bbox 1398 3260 1556 3319; x_wconf 89' lang='lat' dir='ltr'><strong>atque</strong></span> <span class='ocrx_word' id='word_1_259' title='bbox 1577 3249 1865 3303; x_wconf 72' lang='lat' dir='ltr'><strong>infidelium</strong></span> <span class='ocrx_word' id='word_1_260' title='bbox 1887 3249 2026 3304; x_wconf 89' lang='lat' dir='ltr'><strong>dicta</strong></span> 
     </span>
    </p>
   </div>
   <div class='ocr_carea' id='block_1_35' title="bbox 443 3339 2027 3411">
    <p class='ocr_par' dir='ltr' id='par_1_35' title="bbox 443 3339 2027 3411">
     <span class='ocr_line' id='line_1_35' title="bbox 443 3339 2027 3411; baseline 0.001 -16"><span class='ocrx_word' id='word_1_261' title='bbox 443 3350 651 3405; x_wconf 91' lang='lat' dir='ltr'><strong>essent,</strong></span> <span class='ocrx_word' id='word_1_262' title='bbox 683 3356 745 3395; x_wconf 89' lang='lat' dir='ltr'><strong>ea</strong></span> <span class='ocrx_word' id='word_1_263' title='bbox 776 3341 925 3411; x_wconf 82' lang='lat' dir='ltr'><strong>parvi</strong></span> <span class='ocrx_word' id='word_1_264' title='bbox 965 3340 1269 3398; x_wconf 80' lang='lat' dir='ltr'><strong>duxissem:</strong></span> <span class='ocrx_word' id='word_1_265' title='bbox 1300 3339 1392 3394; x_wconf 87' lang='lat' dir='ltr'><strong>sed</strong></span> <span class='ocrx_word' id='word_1_266' title='bbox 1422 3354 1541 3395; x_wconf 91' lang='lat' dir='ltr'><strong>cum</strong></span> <span class='ocrx_word' id='word_1_267' title='bbox 1575 3354 1637 3397; x_wconf 87' lang='lat' dir='ltr'><strong>ea</strong></span> <span class='ocrx_word' id='word_1_268' title='bbox 1665 3339 1820 3394; x_wconf 90' lang='lat' dir='ltr'><strong>multi</strong></span> <span class='ocrx_word' id='word_1_269' title='bbox 1844 3343 2027 3409; x_wconf 79' lang='lat' dir='ltr'><strong>ctimn,</strong></span> 
     </span>
    </p>
   </div>
   <div class='ocr_carea' id='block_1_36' title="bbox 441 3430 2029 3509">
    <p class='ocr_par' dir='ltr' id='par_1_36' title="bbox 441 3430 2029 3509">
     <span class='ocr_line' id='line_1_36' title="bbox 441 3430 2029 3509; baseline 0.004 -26"><span class='ocrx_word' id='word_1_270' title='bbox 441 3431 532 3500; x_wconf 89' lang='lat' dir='ltr'><strong>qui</strong></span> <span class='ocrx_word' id='word_1_271' title='bbox 559 3430 626 3485; x_wconf 90' lang='lat' dir='ltr'><strong>ad</strong></span> <span class='ocrx_word' id='word_1_272' title='bbox 654 3431 943 3485; x_wconf 73' lang='lat' dir='ltr'><strong>Ecclesium</strong></span> <span class='ocrx_word' id='word_1_273' title='bbox 976 3439 1219 3509; x_wconf 78' lang='lat' dir='ltr'><strong>spectare</strong></span> <span class='ocrx_word' id='word_1_274' title='bbox 1238 3433 1548 3501; x_wconf 87' lang='lat' dir='ltr'><strong>videantur,</strong></span> <span class='ocrx_word' id='word_1_275' title='bbox 1569 3436 1768 3505; x_wconf 91' lang='lat' dir='ltr'><strong>jactent</strong></span> <span class='ocrx_word' id='word_1_276' title='bbox 1787 3477 1802 3501; x_wconf 94' lang='lat'><strong>,</strong></span> <span class='ocrx_word' id='word_1_277' title='bbox 1836 3436 2029 3505; x_wconf 79' lang='lat' dir='ltr'><strong>ingenii</strong></span> 
     </span>
    </p>
   </div>
   <div class='ocr_carea' id='block_1_37' title="bbox 442 3522 2028 3600">
    <p class='ocr_par' dir='ltr' id='par_1_37' title="bbox 442 3522 2028 3600">
     <span class='ocr_line' id='line_1_37' title="bbox 442 3522 2028 3600; baseline -0.001 -15"><span class='ocrx_word' id='word_1_278' title='bbox 442 3522 650 3600; x_wconf 78' lang='lat' dir='ltr'><strong>ignavia</strong></span> <span class='ocrx_word' id='word_1_279' title='bbox 704 3523 1019 3599; x_wconf 81' lang='lat' dir='ltr'><strong>virginitatis</strong></span> <span class='ocrx_word' id='word_1_280' title='bbox 1074 3528 1298 3584; x_wconf 84' lang='lat' dir='ltr'><strong>sudores</strong></span> <span class='ocrx_word' id='word_1_281' title='bbox 1350 3528 1738 3583; x_wconf 80' lang='lat' dir='ltr'><strong>detrectantes?</strong></span> <span class='ocrx_word' id='word_1_282' title='bbox 1779 3530 2028 3598; x_wconf 86' lang='lat' dir='ltr'><strong>illamque</strong></span> 
     </span>
    </p>
   </div>
   <div class='ocr_carea' id='block_1_38' title="bbox 442 3617 2029 3688">
    <p class='ocr_par' dir='ltr' id='par_1_38' title="bbox 442 3617 2029 3688">
     <span class='ocr_line' id='line_1_38' title="bbox 442 3617 2029 3688; baseline 0 -14"><span class='ocrx_word' id='word_1_283' title='bbox 442 3619 745 3674; x_wconf 90' lang='lat' dir='ltr'><strong>damnando</strong></span> <span class='ocrx_word' id='word_1_284' title='bbox 770 3629 825 3674; x_wconf 92' lang='lat' dir='ltr'><strong>et</strong></span> <span class='ocrx_word' id='word_1_285' title='bbox 852 3619 1004 3673; x_wconf 91' lang='lat' dir='ltr'><strong>nauci</strong></span> <span class='ocrx_word' id='word_1_286' title='bbox 1046 3617 1291 3673; x_wconf 88' lang='lat' dir='ltr'><strong>faciendo</strong></span> <span class='ocrx_word' id='word_1_287' title='bbox 1332 3618 1630 3673; x_wconf 89' lang='lat' dir='ltr'><strong>socordiam</strong></span> <span class='ocrx_word' id='word_1_288' title='bbox 1671 3633 1818 3673; x_wconf 87' lang='lat' dir='ltr'><strong>suam</strong></span> <span class='ocrx_word' id='word_1_289' title='bbox 1849 3630 2029 3688; x_wconf 85' lang='lat' dir='ltr'><strong>tegere</strong></span> 
     </span>
    </p>
   </div>
   <div class='ocr_carea' id='block_1_39' title="bbox 440 3708 2025 3780">
    <p class='ocr_par' dir='ltr' id='par_1_39' title="bbox 440 3708 2025 3780">
     <span class='ocr_line' id='line_1_39' title="bbox 440 3708 2025 3780; baseline -0.002 -16"><span class='ocrx_word' id='word_1_290' title='bbox 440 3710 720 3778; x_wconf 84' lang='lat' dir='ltr'><strong>volentes,</strong></span> <span class='ocrx_word' id='word_1_291' title='bbox 752 3718 812 3765; x_wconf 92' lang='lat' dir='ltr'><strong>ut</strong></span> <span class='ocrx_word' id='word_1_292' title='bbox 838 3725 944 3764; x_wconf 91' lang='lat' dir='ltr'><strong>non</strong></span> <span class='ocrx_word' id='word_1_293' title='bbox 976 3710 1296 3780; x_wconf 86' lang='lat' dir='ltr'><strong>negligentia</strong></span> <span class='ocrx_word' id='word_1_294' title='bbox 1324 3709 1550 3778; x_wconf 89' lang='lat' dir='ltr'><strong>quadam</strong></span> <span class='ocrx_word' id='word_1_295' title='bbox 1577 3748 1593 3774; x_wconf 93' lang='lat'><strong>,</strong></span> <span class='ocrx_word' id='word_1_296' title='bbox 1633 3708 1724 3763; x_wconf 89' lang='lat' dir='ltr'><strong>sed</strong></span> <span class='ocrx_word' id='word_1_297' title='bbox 1763 3721 1909 3763; x_wconf 86' lang='lat' dir='ltr'><strong>recto</strong></span> <span class='ocrx_word' id='word_1_298' title='bbox 1943 3726 2025 3762; x_wconf 73' lang='lat' dir='ltr'><strong>ra-</strong></span> 
     </span>
    </p>
   </div>
   <div class='ocr_carea' id='block_1_40' title="bbox 441 3799 2025 3872">
    <p class='ocr_par' dir='ltr' id='par_1_40' title="bbox 441 3799 2025 3872">
     <span class='ocr_line' id='line_1_40' title="bbox 441 3799 2025 3872; baseline -0.002 -15"><span class='ocrx_word' id='word_1_299' title='bbox 441 3803 603 3858; x_wconf 88' lang='lat' dir='ltr'><strong>tionis</strong></span> <span class='ocrx_word' id='word_1_300' title='bbox 637 3802 836 3872; x_wconf 90' lang='lat' dir='ltr'><strong>judicio</strong></span> <span class='ocrx_word' id='word_1_301' title='bbox 863 3802 932 3857; x_wconf 90' lang='lat' dir='ltr'><strong>ab</strong></span> <span class='ocrx_word' id='word_1_302' title='bbox 959 3816 1025 3856; x_wconf 85' lang='lat' dir='ltr'><strong>eo</strong></span> <span class='ocrx_word' id='word_1_303' title='bbox 1070 3800 1358 3856; x_wconf 87' lang='lat' dir='ltr'><strong>certamine</strong></span> <span class='ocrx_word' id='word_1_304' title='bbox 1411 3799 1667 3869; x_wconf 82' lang='lat' dir='ltr'><strong>refugisse</strong></span> <span class='ocrx_word' id='word_1_305' title='bbox 1716 3800 2025 3854; x_wconf 85' lang='lat' dir='ltr'><strong>vidcantur:</strong></span> 
     </span>
    </p>
   </div>
   <div class='ocr_carea' id='block_1_41' title="bbox 440 3892 2025 3965">
    <p class='ocr_par' dir='ltr' id='par_1_41' title="bbox 440 3892 2025 3965">
     <span class='ocr_line' id='line_1_41' title="bbox 440 3892 2025 3965; baseline -0.001 -17"><span class='ocrx_word' id='word_1_306' title='bbox 440 3910 558 3965; x_wconf 88' lang='lat' dir='ltr'><strong>age.</strong></span> <span class='ocrx_word' id='word_1_307' title='bbox 588 3893 829 3949; x_wconf 88' lang='lat' dir='ltr'><strong>hostibus</strong></span> <span class='ocrx_word' id='word_1_308' title='bbox 853 3893 1120 3958; x_wconf 90' lang='lat' dir='ltr'><strong>dimissis;</strong></span> <span class='ocrx_word' id='word_1_309' title='bbox 1150 3892 1396 3946; x_wconf 86' lang='lat' dir='ltr'><strong>Animalis</strong></span> <span class='ocrx_word' id='word_1_310' title='bbox 1418 3893 1549 3945; x_wconf 84' lang='lat' dir='ltr'><strong>enim</strong></span> <span class='ocrx_word' id='word_1_311' title='bbox 1571 3893 1720 3946; x_wconf 79' lang='lat' dir='ltr'><strong>homo</strong></span> <span class='ocrx_word' id='word_1_312' title='bbox 1765 3910 1867 3946; x_wconf 83' lang='lat' dir='ltr'><strong>non</strong></span> <span class='ocrx_word' id='word_1_313' title='bbox 1889 3895 2025 3962; x_wconf 85' lang='lat' dir='ltr'><strong>capit</strong></span> 
     </span>
    </p>
   </div>
   <div class='ocr_carea' id='block_1_42' title="bbox 438 3982 2020 4054">
    <p class='ocr_par' dir='ltr' id='par_1_42' title="bbox 438 3982 2020 4054">
     <span class='ocr_line' id='line_1_42' title="bbox 438 3982 2020 4054; baseline -0.001 -16"><span class='ocrx_word' id='word_1_314' title='bbox 438 4000 552 4054; x_wconf 64' lang='lat' dir='ltr'><strong>quae</strong></span> <span class='ocrx_word' id='word_1_315' title='bbox 567 3984 792 4052; x_wconf 76' lang='lat' dir='ltr'><strong>Spiritus</strong></span> <span class='ocrx_word' id='word_1_316' title='bbox 806 3992 943 4050; x_wconf 87' lang='lat' dir='ltr'><strong>sunt,</strong></span> <span class='ocrx_word' id='word_1_317' title='bbox 962 3983 1150 4053; x_wconf 83' lang='lat' dir='ltr'><strong>quippe</strong></span> <span class='ocrx_word' id='word_1_318' title='bbox 1171 3997 1285 4054; x_wconf 66' lang='lat' dir='ltr'><strong>qua:</strong></span> <span class='ocrx_word' id='word_1_319' title='bbox 1308 3985 1407 4037; x_wconf 85' lang='lat' dir='ltr'><strong>sint</strong></span> <span class='ocrx_word' id='word_1_320' title='bbox 1424 3983 1468 4036; x_wconf 87' lang='lat' dir='ltr'><strong>ci</strong></span> <span class='ocrx_word' id='word_1_321' title='bbox 1490 3983 1705 4037; x_wconf 77' lang='lat' dir='ltr'><strong>stultitia</strong></span> <span class='ocrx_word' id='word_1_322' title='bbox 1729 3984 1803 4054; x_wconf 84' lang='lat' dir='ltr'><strong>(l.</strong></span> <span class='ocrx_word' id='word_1_323' title='bbox 1825 3982 1943 4037; x_wconf 81' lang='lat' dir='ltr'><strong>Cor.</strong></span> <span class='ocrx_word' id='word_1_324' title='bbox 1965 3984 2020 4036; x_wconf 69' lang='lat'><strong>2.</strong></span> 
     </span>
    </p>
   </div>
   <div class='ocr_carea' id='block_1_43' title="bbox 440 4073 2024 4145">
    <p class='ocr_par' dir='ltr' id='par_1_43' title="bbox 440 4073 2024 4145">
     <span class='ocr_line' id='line_1_43' title="bbox 440 4073 2024 4145; baseline -0.002 -15"><span class='ocrx_word' id='word_1_325' title='bbox 440 4075 553 4145; x_wconf 71' lang='grc'><strong>14),</strong></span> <span class='ocrx_word' id='word_1_326' title='bbox 586 4075 675 4144; x_wconf 90' lang='lat' dir='ltr'><strong>qui</strong></span> <span class='ocrx_word' id='word_1_327' title='bbox 703 4078 761 4129; x_wconf 77' lang='lat' dir='ltr'><strong>Se</strong></span> <span class='ocrx_word' id='word_1_328' title='bbox 792 4084 1004 4129; x_wconf 87' lang='lat' dir='ltr'><strong>nostros</strong></span> <span class='ocrx_word' id='word_1_329' title='bbox 1033 4073 1237 4143; x_wconf 83' lang='lat' dir='ltr'><strong>ﬁngunt</strong></span> <span class='ocrx_word' id='word_1_330' title='bbox 1257 4115 1272 4140; x_wconf 99' lang='lat'><strong>,</strong></span> <span class='ocrx_word' id='word_1_331' title='bbox 1306 4083 1597 4143; x_wconf 88' lang='lat' dir='ltr'><strong>utrumque</strong></span> <span class='ocrx_word' id='word_1_332' title='bbox 1631 4073 1938 4138; x_wconf 88' lang='lat' dir='ltr'><strong>doceamus,</strong></span> <span class='ocrx_word' id='word_1_333' title='bbox 1970 4084 2024 4127; x_wconf 90' lang='lat' dir='ltr'><strong>et</strong></span> 
     </span>
    </p>
   </div>
   <div class='ocr_carea' id='block_1_44' title="bbox 443 4164 2023 4231">
    <p class='ocr_par' dir='ltr' id='par_1_44' title="bbox 443 4164 2023 4231">
     <span class='ocr_line' id='line_1_44' title="bbox 443 4164 2023 4231; baseline 0 -11"><span class='ocrx_word' id='word_1_334' title='bbox 443 4175 649 4220; x_wconf 87' lang='lat' dir='ltr'><strong>tantum</strong></span> <span class='ocrx_word' id='word_1_335' title='bbox 678 4165 867 4220; x_wconf 88' lang='lat' dir='ltr'><strong>abesse</strong></span> <span class='ocrx_word' id='word_1_336' title='bbox 897 4174 953 4218; x_wconf 93' lang='lat' dir='ltr'><strong>ut</strong></span> <span class='ocrx_word' id='word_1_337' title='bbox 982 4178 1070 4219; x_wconf 90' lang='lat' dir='ltr'><strong>res</strong></span> <span class='ocrx_word' id='word_1_338' title='bbox 1096 4165 1249 4218; x_wconf 91' lang='lat' dir='ltr'><strong>nauci</strong></span> <span class='ocrx_word' id='word_1_339' title='bbox 1280 4165 1386 4231; x_wconf 87' lang='lat' dir='ltr'><strong>sit,</strong></span> <span class='ocrx_word' id='word_1_340' title='bbox 1431 4173 1487 4217; x_wconf 95' lang='lat' dir='ltr'><strong>ut</strong></span> <span class='ocrx_word' id='word_1_341' title='bbox 1515 4164 1667 4219; x_wconf 84' lang='lat' dir='ltr'><strong>valde</strong></span> <span class='ocrx_word' id='word_1_342' title='bbox 1693 4166 1853 4218; x_wconf 88' lang='lat' dir='ltr'><strong>etiam</strong></span> <span class='ocrx_word' id='word_1_343' title='bbox 1882 4166 2023 4221; x_wconf 87' lang='lat' dir='ltr'><strong>utilis</strong></span> 
     </span>
    </p>
   </div>
   <div class='ocr_carea' id='block_1_45' title="bbox 437 4253 2025 4323">
    <p class='ocr_par' dir='ltr' id='par_1_45' title="bbox 437 4253 2025 4323">
     <span class='ocr_line' id='line_1_45' title="bbox 437 4253 2025 4323; baseline -0.001 -12"><span class='ocrx_word' id='word_1_344' title='bbox 437 4257 508 4311; x_wconf 88' lang='lat' dir='ltr'><strong>sit</strong></span> <span class='ocrx_word' id='word_1_345' title='bbox 554 4269 618 4309; x_wconf 91' lang='lat' dir='ltr'><strong>ac</strong></span> <span class='ocrx_word' id='word_1_346' title='bbox 664 4253 963 4310; x_wconf 90' lang='lat' dir='ltr'><strong>necessaria</strong></span> <span class='ocrx_word' id='word_1_347' title='bbox 991 4294 1005 4317; x_wconf 85' lang='lat'><strong>,</strong></span> <span class='ocrx_word' id='word_1_348' title='bbox 1057 4268 1228 4323; x_wconf 89' lang='lat' dir='ltr'><strong>neque</strong></span> <span class='ocrx_word' id='word_1_349' title='bbox 1272 4256 1666 4308; x_wconf 80' lang='lat' dir='ltr'><strong>accusationem</strong></span> <span class='ocrx_word' id='word_1_350' title='bbox 1713 4270 1831 4308; x_wconf 89' lang='lat' dir='ltr'><strong>eam</strong></span> <span class='ocrx_word' id='word_1_351' title='bbox 1880 4256 2025 4323; x_wconf 90' lang='lat' dir='ltr'><strong>ipsos</strong></span> 
     </span>
    </p>
   </div>
   <div class='ocr_carea' id='block_1_46' title="bbox 438 4344 2018 4417">
    <p class='ocr_par' dir='ltr' id='par_1_46' title="bbox 438 4344 2018 4417">
     <span class='ocr_line' id='line_1_46' title="bbox 438 4344 2018 4417; baseline -0.001 -16"><span class='ocrx_word' id='word_1_352' title='bbox 438 4346 654 4417; x_wconf 87' lang='lat' dir='ltr'><strong>impune</strong></span> <span class='ocrx_word' id='word_1_353' title='bbox 693 4346 928 4407; x_wconf 84' lang='lat' dir='ltr'><strong>laturos,</strong></span> <span class='ocrx_word' id='word_1_354' title='bbox 973 4344 1066 4401; x_wconf 89' lang='lat' dir='ltr'><strong>sed</strong></span> <span class='ocrx_word' id='word_1_355' title='bbox 1116 4355 1318 4399; x_wconf 91' lang='lat' dir='ltr'><strong>tantum</strong></span> <span class='ocrx_word' id='word_1_356' title='bbox 1349 4345 1415 4400; x_wconf 90' lang='lat' dir='ltr'><strong>iis</strong></span> <span class='ocrx_word' id='word_1_357' title='bbox 1444 4346 1662 4415; x_wconf 86' lang='lat' dir='ltr'><strong>periculi</strong></span> <span class='ocrx_word' id='word_1_358' title='bbox 1705 4347 2018 4413; x_wconf 89' lang='lat' dir='ltr'><strong>allaturam,</strong></span> 
     </span>
    </p>
   </div>
   <div class='ocr_carea' id='block_1_47' title="bbox 436 4436 2019 4507">
    <p class='ocr_par' dir='ltr' id='par_1_47' title="bbox 436 4436 2019 4507">
     <span class='ocr_line' id='line_1_47' title="bbox 436 4436 2019 4507; baseline 0.001 -19"><span class='ocrx_word' id='word_1_359' title='bbox 436 4449 692 4507; x_wconf 89' lang='lat' dir='ltr'><strong>quantum</strong></span> <span class='ocrx_word' id='word_1_360' title='bbox 715 4437 1055 4506; x_wconf 76' lang='lat' dir='ltr'><strong>pra-lniorqu</strong></span> <span class='ocrx_word' id='word_1_361' title='bbox 1079 4444 1240 4506; x_wconf 89' lang='lat' dir='ltr'><strong>atque</strong></span> <span class='ocrx_word' id='word_1_362' title='bbox 1262 4436 1431 4491; x_wconf 88' lang='lat' dir='ltr'><strong>laudis</strong></span> <span class='ocrx_word' id='word_1_363' title='bbox 1452 4437 1537 4502; x_wconf 90' lang='lat' dir='ltr'><strong>iis,</strong></span> <span class='ocrx_word' id='word_1_364' title='bbox 1556 4437 1645 4506; x_wconf 92' lang='lat' dir='ltr'><strong>qui</strong></span> <span class='ocrx_word' id='word_1_365' title='bbox 1666 4437 2019 4507; x_wconf 88' lang='lat' dir='ltr'><strong>virginitatem</strong></span> 
     </span>
    </p>
   </div>
   <div class='ocr_carea' id='block_1_48' title="bbox 436 4528 2018 4598">
    <p class='ocr_par' dir='ltr' id='par_1_48' title="bbox 436 4528 2018 4598">
     <span class='ocr_line' id='line_1_48' title="bbox 436 4528 2018 4598; baseline -0.001 -14"><span class='ocrx_word' id='word_1_366' title='bbox 436 4529 715 4584; x_wconf 86' lang='lat' dir='ltr'><strong>coluerint.</strong></span> <span class='ocrx_word' id='word_1_367' title='bbox 747 4528 879 4583; x_wconf 90' lang='lat' dir='ltr'><strong>Nam</strong></span> <span class='ocrx_word' id='word_1_368' title='bbox 913 4529 1015 4582; x_wconf 86' lang='lat' dir='ltr'><strong>hoc</strong></span> <span class='ocrx_word' id='word_1_369' title='bbox 1041 4536 1348 4583; x_wconf 90' lang='lat' dir='ltr'><strong>constructo</strong></span> <span class='ocrx_word' id='word_1_370' title='bbox 1377 4528 1596 4594; x_wconf 92' lang='lat' dir='ltr'><strong>mundo,</strong></span> <span class='ocrx_word' id='word_1_371' title='bbox 1628 4537 1683 4583; x_wconf 90' lang='lat' dir='ltr'><strong>et</strong></span> <span class='ocrx_word' id='word_1_372' title='bbox 1708 4528 1771 4582; x_wconf 89' lang='lat' dir='ltr'><strong>iis</strong></span> <span class='ocrx_word' id='word_1_373' title='bbox 1800 4529 2018 4598; x_wconf 86' lang='lat' dir='ltr'><strong>paratis,</strong></span> 
     </span>
    </p>
   </div>
   <div class='ocr_carea' id='block_1_49' title="bbox 437 4620 2021 4691">
    <p class='ocr_par' dir='ltr' id='par_1_49' title="bbox 437 4620 2021 4691">
     <span class='ocr_line' id='line_1_49' title="bbox 437 4620 2021 4691; baseline 0.002 -18"><span class='ocrx_word' id='word_1_374' title='bbox 437 4636 556 4691; x_wconf 86' lang='lat' dir='ltr'><strong>quae</strong></span> <span class='ocrx_word' id='word_1_375' title='bbox 586 4620 652 4674; x_wconf 90' lang='lat' dir='ltr'><strong>ad</strong></span> <span class='ocrx_word' id='word_1_376' title='bbox 682 4621 911 4690; x_wconf 89' lang='lat' dir='ltr'><strong>quietem</strong></span> <span class='ocrx_word' id='word_1_377' title='bbox 942 4630 996 4675; x_wconf 92' lang='lat' dir='ltr'><strong>et</strong></span> <span class='ocrx_word' id='word_1_378' title='bbox 1022 4635 1172 4674; x_wconf 90' lang='lat' dir='ltr'><strong>usum</strong></span> <span class='ocrx_word' id='word_1_379' title='bbox 1203 4629 1442 4675; x_wconf 90' lang='lat' dir='ltr'><strong>nostrum</strong></span> <span class='ocrx_word' id='word_1_380' title='bbox 1469 4620 1855 4682; x_wconf 85' lang='lat' dir='ltr'><strong>conducebant.</strong></span> <span class='ocrx_word' id='word_1_381' title='bbox 1882 4622 2021 4677; x_wconf 88' lang='lat' dir='ltr'><strong>Deus</strong></span> 
     </span>
    </p>
   </div>
   <div class='ocr_carea' id='block_1_50' title="bbox 439 4711 2022 4779">
    <p class='ocr_par' dir='ltr' id='par_1_50' title="bbox 439 4711 2022 4779">
     <span class='ocr_line' id='line_1_50' title="bbox 439 4711 2022 4779; baseline 0.003 -14"><span class='ocrx_word' id='word_1_382' title='bbox 439 4711 707 4765; x_wconf 83' lang='lat' dir='ltr'><strong>hominem</strong></span> <span class='ocrx_word' id='word_1_383' title='bbox 732 4711 901 4774; x_wconf 82' lang='lat' dir='ltr'><strong>ﬁnxit,</strong></span> <span class='ocrx_word' id='word_1_384' title='bbox 925 4712 1076 4779; x_wconf 85' lang='lat' dir='ltr'><strong>cujus</strong></span> <span class='ocrx_word' id='word_1_385' title='bbox 1096 4712 1253 4765; x_wconf 88' lang='lat' dir='ltr'><strong>etiam</strong></span> <span class='ocrx_word' id='word_1_386' title='bbox 1275 4726 1437 4766; x_wconf 85' lang='lat' dir='ltr'><strong>causa</strong></span> <span class='ocrx_word' id='word_1_387' title='bbox 1458 4712 1710 4765; x_wconf 90' lang='lat' dir='ltr'><strong>mundum</strong></span> <span class='ocrx_word' id='word_1_388' title='bbox 1736 4713 2022 4769; x_wconf 80' lang='lat' dir='ltr'><strong>fabricatus</strong></span> 
     </span>
    </p>
   </div>
   <div class='ocr_carea' id='block_1_51' title="bbox 437 4800 2019 4872">
    <p class='ocr_par' dir='ltr' id='par_1_51' title="bbox 437 4800 2019 4872">
     <span class='ocr_line' id='line_1_51' title="bbox 437 4800 2019 4872; baseline 0.001 -16"><span class='ocrx_word' id='word_1_389' title='bbox 437 4810 537 4856; x_wconf 82' lang='lat' dir='ltr'><strong>est.</strong></span> <span class='ocrx_word' id='word_1_390' title='bbox 573 4801 622 4854; x_wconf 91' lang='lat' dir='ltr'><strong>ls</strong></span> <span class='ocrx_word' id='word_1_391' title='bbox 653 4816 780 4855; x_wconf 90' lang='lat' dir='ltr'><strong>vero</strong></span> <span class='ocrx_word' id='word_1_392' title='bbox 808 4800 1065 4856; x_wconf 85' lang='lat' dir='ltr'><strong>formatus</strong></span> <span class='ocrx_word' id='word_1_393' title='bbox 1093 4802 1146 4856; x_wconf 94' lang='lat' dir='ltr'><strong>in</strong></span> <span class='ocrx_word' id='word_1_394' title='bbox 1174 4802 1419 4872; x_wconf 89' lang='lat' dir='ltr'><strong>paradiso</strong></span> <span class='ocrx_word' id='word_1_395' title='bbox 1441 4802 1688 4872; x_wconf 87' lang='lat' dir='ltr'><strong>degebat,</strong></span> <span class='ocrx_word' id='word_1_396' title='bbox 1714 4819 1812 4858; x_wconf 91' lang='lat' dir='ltr'><strong>nec</strong></span> <span class='ocrx_word' id='word_1_397' title='bbox 1835 4805 2019 4858; x_wconf 80' lang='lat' dir='ltr'><strong>nunri-</strong></span> 
     </span>
    </p>
   </div>
   <div class='ocr_carea' id='block_1_52' title="bbox 438 4892 2021 4964">
    <p class='ocr_par' dir='ltr' id='par_1_52' title="bbox 438 4892 2021 4964">
     <span class='ocr_line' id='line_1_52' title="bbox 438 4892 2021 4964; baseline 0.003 -20"><span class='ocrx_word' id='word_1_398' title='bbox 438 4892 600 4945; x_wconf 79' lang='lat' dir='ltr'><strong>monii</strong></span> <span class='ocrx_word' id='word_1_399' title='bbox 633 4893 736 4946; x_wconf 89' lang='lat' dir='ltr'><strong>ulla</strong></span> <span class='ocrx_word' id='word_1_400' title='bbox 766 4895 999 4958; x_wconf 89' lang='lat' dir='ltr'><strong>mentio;</strong></span> <span class='ocrx_word' id='word_1_401' title='bbox 1028 4908 1164 4963; x_wconf 91' lang='lat' dir='ltr'><strong>opus</strong></span> <span class='ocrx_word' id='word_1_402' title='bbox 1196 4902 1312 4948; x_wconf 89' lang='lat' dir='ltr'><strong>erat</strong></span> <span class='ocrx_word' id='word_1_403' title='bbox 1339 4893 1389 4949; x_wconf 88' lang='lat' dir='ltr'><strong>ei</strong></span> <span class='ocrx_word' id='word_1_404' title='bbox 1413 4894 1576 4949; x_wconf 87' lang='lat' dir='ltr'><strong>etiam</strong></span> <span class='ocrx_word' id='word_1_405' title='bbox 1605 4895 1896 4964; x_wconf 90' lang='lat' dir='ltr'><strong>adjutrice;</strong></span> <span class='ocrx_word' id='word_1_406' title='bbox 1926 4897 2021 4949; x_wconf 86' lang='lat' dir='ltr'><strong>ad-</strong></span> 
     </span>
    </p>
   </div>
   <div class='ocr_carea' id='block_1_53' title="bbox 435 4985 2023 5055">
    <p class='ocr_par' dir='ltr' id='par_1_53' title="bbox 435 4985 2023 5055">
     <span class='ocr_line' id='line_1_53' title="bbox 435 4985 2023 5055; baseline 0.002 -17"><span class='ocrx_word' id='word_1_407' title='bbox 435 4985 600 5040; x_wconf 89' lang='lat' dir='ltr'><strong>hibita</strong></span> <span class='ocrx_word' id='word_1_408' title='bbox 628 4995 744 5040; x_wconf 88' lang='lat' dir='ltr'><strong>est:</strong></span> <span class='ocrx_word' id='word_1_409' title='bbox 769 5000 837 5039; x_wconf 89' lang='lat' dir='ltr'><strong>ne</strong></span> <span class='ocrx_word' id='word_1_410' title='bbox 872 4985 950 5039; x_wconf 89' lang='lat' dir='ltr'><strong>sic</strong></span> <span class='ocrx_word' id='word_1_411' title='bbox 977 4985 1189 5055; x_wconf 90' lang='lat' dir='ltr'><strong>quidem</strong></span> <span class='ocrx_word' id='word_1_412' title='bbox 1217 4987 1609 5042; x_wconf 89' lang='lat' dir='ltr'><strong>matrimonium</strong></span> <span class='ocrx_word' id='word_1_413' title='bbox 1640 4988 1807 5042; x_wconf 85' lang='lat' dir='ltr'><strong>visunt</strong></span> <span class='ocrx_word' id='word_1_414' title='bbox 1837 5003 2023 5043; x_wconf 82' lang='lat' dir='ltr'><strong>ncces-</strong></span> 
     </span>
    </p>
   </div>
   <div class='ocr_carea' id='block_1_54' title="bbox 434 5074 2019 5147">
    <p class='ocr_par' dir='ltr' id='par_1_54' title="bbox 434 5074 2019 5147">
     <span class='ocr_line' id='line_1_54' title="bbox 434 5074 2019 5147; baseline 0.003 -19"><span class='ocrx_word' id='word_1_415' title='bbox 434 5076 632 5128; x_wconf 90' lang='lat' dir='ltr'><strong>sarium</strong></span> <span class='ocrx_word' id='word_1_416' title='bbox 659 5084 756 5128; x_wconf 83' lang='lat' dir='ltr'><strong>est.</strong></span> <span class='ocrx_word' id='word_1_417' title='bbox 786 5075 865 5129; x_wconf 85' lang='lat' dir='ltr'><strong>Ac</strong></span> <span class='ocrx_word' id='word_1_418' title='bbox 909 5089 1082 5145; x_wconf 88' lang='lat' dir='ltr'><strong>neque</strong></span> <span class='ocrx_word' id='word_1_419' title='bbox 1114 5074 1240 5128; x_wconf 92' lang='lat' dir='ltr'><strong>dum</strong></span> <span class='ocrx_word' id='word_1_420' title='bbox 1270 5077 1541 5141; x_wconf 81' lang='lat' dir='ltr'><strong>exstabat,</strong></span> <span class='ocrx_word' id='word_1_421' title='bbox 1574 5085 1628 5131; x_wconf 91' lang='lat' dir='ltr'><strong>et</strong></span> <span class='ocrx_word' id='word_1_422' title='bbox 1676 5079 1726 5131; x_wconf 90' lang='lat' dir='ltr'><strong>in</strong></span> <span class='ocrx_word' id='word_1_423' title='bbox 1772 5078 2019 5147; x_wconf 89' lang='lat' dir='ltr'><strong>paradiso</strong></span> 
     </span>
    </p>
   </div>
   <div class='ocr_carea' id='block_1_55' title="bbox 434 5165 2017 5239">
    <p class='ocr_par' dir='ltr' id='par_1_55' title="bbox 434 5165 2017 5239">
     <span class='ocr_line' id='line_1_55' title="bbox 434 5165 2017 5239; baseline 0.003 -20"><span class='ocrx_word' id='word_1_424' title='bbox 434 5167 579 5219; x_wconf 80' lang='lat' dir='ltr'><strong>velut</strong></span> <span class='ocrx_word' id='word_1_425' title='bbox 602 5166 734 5218; x_wconf 67' lang='lat' dir='ltr'><strong>caelo</strong></span> <span class='ocrx_word' id='word_1_426' title='bbox 759 5166 987 5235; x_wconf 87' lang='lat' dir='ltr'><strong>quodam</strong></span> <span class='ocrx_word' id='word_1_427' title='bbox 1018 5165 1134 5235; x_wconf 89' lang='lat' dir='ltr'><strong>ejus</strong></span> <span class='ocrx_word' id='word_1_428' title='bbox 1175 5176 1424 5236; x_wconf 80' lang='lat' dir='ltr'><strong>expertes</strong></span> <span class='ocrx_word' id='word_1_429' title='bbox 1447 5167 1740 5237; x_wconf 87' lang='lat' dir='ltr'><strong>degebant,</strong></span> <span class='ocrx_word' id='word_1_430' title='bbox 1772 5181 1930 5239; x_wconf 85' lang='lat' dir='ltr'><strong>atque</strong></span> <span class='ocrx_word' id='word_1_431' title='bbox 1964 5170 2017 5224; x_wconf 88' lang='lat' dir='ltr'><strong>in</strong></span> 
     </span>
    </p>
   </div>
   <div class='ocr_carea' id='block_1_56' title="bbox 438 5257 2016 5328">
    <p class='ocr_par' dir='ltr' id='par_1_56' title="bbox 438 5257 2016 5328">
     <span class='ocr_line' id='line_1_56' title="bbox 438 5257 2016 5328; baseline -0.001 -13"><span class='ocrx_word' id='word_1_432' title='bbox 438 5260 529 5315; x_wconf 87' lang='lat' dir='ltr'><strong>Dei</strong></span> <span class='ocrx_word' id='word_1_433' title='bbox 566 5257 953 5313; x_wconf 88' lang='lat' dir='ltr'><strong>consuetudine</strong></span> <span class='ocrx_word' id='word_1_434' title='bbox 995 5257 1311 5313; x_wconf 89' lang='lat' dir='ltr'><strong>suavissime</strong></span> <span class='ocrx_word' id='word_1_435' title='bbox 1354 5258 1716 5328; x_wconf 88' lang='lat' dir='ltr'><strong>quiescebant.</strong></span> <span class='ocrx_word' id='word_1_436' title='bbox 1764 5258 2016 5315; x_wconf 81' lang='lat' dir='ltr'><strong>Miscendi</strong></span> 
     </span>
    </p>
   </div>
   <div class='ocr_carea' id='block_1_57' title="bbox 435 5346 2011 5419">
    <p class='ocr_par' dir='ltr' id='par_1_57' title="bbox 435 5346 2011 5419">
     <span class='ocr_line' id='line_1_57' title="bbox 435 5346 2011 5419; baseline 0.003 -19"><span class='ocrx_word' id='word_1_437' title='bbox 435 5358 610 5404; x_wconf 88' lang='lat' dir='ltr'><strong>autem</strong></span> <span class='ocrx_word' id='word_1_438' title='bbox 654 5348 895 5419; x_wconf 90' lang='lat' dir='ltr'><strong>corporis</strong></span> <span class='ocrx_word' id='word_1_439' title='bbox 944 5346 1133 5414; x_wconf 87' lang='lat' dir='ltr'><strong>ardor,</strong></span> <span class='ocrx_word' id='word_1_440' title='bbox 1179 5348 1479 5417; x_wconf 87' lang='lat' dir='ltr'><strong>conceptio,</strong></span> <span class='ocrx_word' id='word_1_441' title='bbox 1528 5346 1762 5414; x_wconf 89' lang='lat' dir='ltr'><strong>dolores,</strong></span> <span class='ocrx_word' id='word_1_442' title='bbox 1796 5359 2011 5417; x_wconf 89' lang='lat' dir='ltr'><strong>partus,</strong></span> 
     </span>
    </p>
   </div>
   <div class='ocr_carea' id='block_1_58' title="bbox 435 5442 2013 5514">
    <p class='ocr_par' dir='ltr' id='par_1_58' title="bbox 435 5442 2013 5514">
     <span class='ocr_line' id='line_1_58' title="bbox 435 5442 2013 5514; baseline 0.003 -21"><span class='ocrx_word' id='word_1_443' title='bbox 435 5442 592 5514; x_wconf 84' lang='lat' dir='ltr'><strong>atque</strong></span> <span class='ocrx_word' id='word_1_444' title='bbox 618 5458 777 5499; x_wconf 89' lang='lat' dir='ltr'><strong>omne</strong></span> <span class='ocrx_word' id='word_1_445' title='bbox 805 5456 971 5514; x_wconf 89' lang='lat' dir='ltr'><strong>genus</strong></span> <span class='ocrx_word' id='word_1_446' title='bbox 999 5442 1316 5513; x_wconf 73' lang='lat' dir='ltr'><strong>corruptela:</strong></span> <span class='ocrx_word' id='word_1_447' title='bbox 1342 5457 1408 5498; x_wconf 80' lang='lat' dir='ltr'><strong>ex</strong></span> <span class='ocrx_word' id='word_1_448' title='bbox 1434 5456 1620 5497; x_wconf 89' lang='lat' dir='ltr'><strong>eorum</strong></span> <span class='ocrx_word' id='word_1_449' title='bbox 1640 5444 1832 5497; x_wconf 90' lang='lat' dir='ltr'><strong>animis</strong></span> <span class='ocrx_word' id='word_1_450' title='bbox 1857 5460 2013 5498; x_wconf 84' lang='lat' dir='ltr'><strong>exsu-</strong></span> 
     </span>
    </p>
   </div>
   <div class='ocr_carea' id='block_1_59' title="bbox 431 5531 2013 5604">
    <p class='ocr_par' dir='ltr' id='par_1_59' title="bbox 431 5531 2013 5604">
     <span class='ocr_line' id='line_1_59' title="bbox 431 5531 2013 5604; baseline -0.001 -14"><span class='ocrx_word' id='word_1_451' title='bbox 431 5531 577 5590; x_wconf 73' lang='lat' dir='ltr'><strong>labat</strong></span> <span class='ocrx_word' id='word_1_452' title='bbox 594 5575 609 5601; x_wconf 95' lang='lat'><strong>,</strong></span> <span class='ocrx_word' id='word_1_453' title='bbox 656 5544 711 5590; x_wconf 91' lang='lat' dir='ltr'><strong>et</strong></span> <span class='ocrx_word' id='word_1_454' title='bbox 745 5536 888 5590; x_wconf 91' lang='lat' dir='ltr'><strong>velut</strong></span> <span class='ocrx_word' id='word_1_455' title='bbox 915 5534 1088 5590; x_wconf 90' lang='lat' dir='ltr'><strong>anmis</strong></span> <span class='ocrx_word' id='word_1_456' title='bbox 1111 5534 1420 5604; x_wconf 88' lang='lat' dir='ltr'><strong>perspicuus</strong></span> <span class='ocrx_word' id='word_1_457' title='bbox 1442 5548 1474 5588; x_wconf 85' lang='lat' dir='ltr'><strong>e</strong></span> <span class='ocrx_word' id='word_1_458' title='bbox 1500 5533 1701 5602; x_wconf 87' lang='lat' dir='ltr'><strong>liquido</strong></span> <span class='ocrx_word' id='word_1_459' title='bbox 1728 5532 1874 5589; x_wconf 84' lang='lat' dir='ltr'><strong>foote</strong></span> <span class='ocrx_word' id='word_1_460' title='bbox 1900 5549 2013 5588; x_wconf 86' lang='lat' dir='ltr'><strong>ma-</strong></span> 
     </span>
    </p>
   </div>
   <div class='ocr_carea' id='block_1_60' title="bbox 432 5625 2009 5699">
    <p class='ocr_par' dir='ltr' id='par_1_60' title="bbox 432 5625 2009 5699">
     <span class='ocr_line' id='line_1_60' title="bbox 432 5625 2009 5699; baseline 0.004 -24"><span class='ocrx_word' id='word_1_461' title='bbox 432 5637 587 5696; x_wconf 89' lang='lat' dir='ltr'><strong>nans,</strong></span> <span class='ocrx_word' id='word_1_462' title='bbox 615 5627 693 5683; x_wconf 87' lang='lat' dir='ltr'><strong>sic</strong></span> <span class='ocrx_word' id='word_1_463' title='bbox 721 5626 850 5682; x_wconf 87' lang='lat' dir='ltr'><strong>inibi</strong></span> <span class='ocrx_word' id='word_1_464' title='bbox 869 5627 1097 5699; x_wconf 86' lang='lat' dir='ltr'><strong>agebant</strong></span> <span class='ocrx_word' id='word_1_465' title='bbox 1122 5625 1420 5698; x_wconf 83' lang='lat' dir='ltr'><strong>virginitate</strong></span> <span class='ocrx_word' id='word_1_466' title='bbox 1444 5625 1640 5682; x_wconf 84' lang='lat' dir='ltr'><strong>ornati.</strong></span> <span class='ocrx_word' id='word_1_467' title='bbox 1665 5626 1741 5680; x_wconf 87' lang='lat' dir='ltr'><strong>Ac</strong></span> <span class='ocrx_word' id='word_1_468' title='bbox 1765 5634 1871 5681; x_wconf 90' lang='lat' dir='ltr'><strong>tum</strong></span> <span class='ocrx_word' id='word_1_469' title='bbox 1894 5635 2009 5681; x_wconf 74' lang='lat' dir='ltr'><strong>erat</strong></span> 
     </span>
    </p>
   </div>
   <div class='ocr_carea' id='block_1_61' title="bbox 1163 200 2985 285">
    <p class='ocr_par' dir='ltr' id='par_1_61' title="bbox 1163 200 2985 285">
     <span class='ocr_line' id='line_1_61' title="bbox 1163 200 2985 285; baseline -0.011 0"><span class='ocrx_word' id='word_1_470' title='bbox 1163 227 1220 285; x_wconf 84' lang='lat' dir='ltr'><strong>S.</strong></span> <span class='ocrx_word' id='word_1_471' title='bbox 1260 225 1534 283; x_wconf 67' lang='lat' dir='ltr'><strong>JOANNIS</strong></span> <span class='ocrx_word' id='word_1_472' title='bbox 1570 200 2049 279; x_wconf 76' lang='lat' dir='ltr'><strong>CllRYSOSTOMI</strong></span> <span class='ocrx_word' id='word_1_473' title='bbox 2085 214 2406 272; x_wconf 70' lang='grc' dir='ltr'><strong>’ΛΜΗ-ΠΕΙὶ</strong></span> <span class='ocrx_word' id='word_1_474' title='bbox 2448 209 2985 269; x_wconf 76' lang='lat' dir='ltr'><strong>L‘UNSTANTINOP.</strong></span> 
     </span>
    </p>
   </div>
   <div class='ocr_carea' id='block_1_62' title="bbox 3626 209 3728 266">
    <p class='ocr_par' dir='ltr' id='par_1_62' title="bbox 3626 209 3728 266">
     <span class='ocr_line' id='line_1_62' title="bbox 3626 209 3728 266; baseline -0.01 0"><span class='ocrx_word' id='word_1_475' title='bbox 3626 209 3728 266; x_wconf 65' lang='grc' dir='ltr'><strong>ΞΗ</strong></span> 
     </span>
    </p>
   </div>
   <div class='ocr_carea' id='block_1_63' title="bbox 2145 324 3727 397">
    <p class='ocr_par' dir='ltr' id='par_1_63' title="bbox 2145 324 3727 397">
     <span class='ocr_line' id='line_1_63' title="bbox 2145 324 3727 397; baseline -0.003 -12"><span class='ocrx_word' id='word_1_476' title='bbox 2145 341 2284 386; x_wconf 81' lang='lat' dir='ltr'><strong>terra</strong></span> <span class='ocrx_word' id='word_1_477' title='bbox 2312 331 2379 385; x_wconf 87' lang='lat' dir='ltr'><strong>ab</strong></span> <span class='ocrx_word' id='word_1_478' title='bbox 2404 330 2706 384; x_wconf 89' lang='lat' dir='ltr'><strong>hominibus</strong></span> <span class='ocrx_word' id='word_1_479' title='bbox 2732 343 2929 392; x_wconf 86' lang='lat' dir='ltr'><strong>vacua;</strong></span> <span class='ocrx_word' id='word_1_480' title='bbox 2971 326 3021 382; x_wconf 92' lang='lat' dir='ltr'><strong>id</strong></span> <span class='ocrx_word' id='word_1_481' title='bbox 3052 324 3198 397; x_wconf 84' lang='lat' dir='ltr'><strong>quod</strong></span> <span class='ocrx_word' id='word_1_482' title='bbox 3226 341 3366 381; x_wconf 84' lang='lat' dir='ltr'><strong>nunc</strong></span> <span class='ocrx_word' id='word_1_483' title='bbox 3394 336 3646 379; x_wconf 83' lang='lat' dir='ltr'><strong>verentur</strong></span> <span class='ocrx_word' id='word_1_484' title='bbox 3674 328 3727 380; x_wconf 88' lang='lat' dir='ltr'><strong>hi</strong></span> 
     </span>
    </p>
   </div>
   <div class='ocr_carea' id='block_1_64' title="bbox 2141 418 3727 491">
    <p class='ocr_par' dir='ltr' id='par_1_64' title="bbox 2141 418 3727 491">
     <span class='ocr_line' id='line_1_64' title="bbox 2141 418 3727 491; baseline -0.005 -16"><span class='ocrx_word' id='word_1_485' title='bbox 2141 422 2286 477; x_wconf 91' lang='lat' dir='ltr'><strong>orbis</strong></span> <span class='ocrx_word' id='word_1_486' title='bbox 2305 431 2602 487; x_wconf 86' lang='lat' dir='ltr'><strong>curatores,</strong></span> <span class='ocrx_word' id='word_1_487' title='bbox 2622 421 2711 491; x_wconf 89' lang='lat' dir='ltr'><strong>qui</strong></span> <span class='ocrx_word' id='word_1_488' title='bbox 2734 436 2855 475; x_wconf 87' lang='lat' dir='ltr'><strong>cum</strong></span> <span class='ocrx_word' id='word_1_489' title='bbox 2879 419 2947 474; x_wconf 86' lang='lat' dir='ltr'><strong>de</strong></span> <span class='ocrx_word' id='word_1_490' title='bbox 2968 419 3158 472; x_wconf 87' lang='lat' dir='ltr'><strong>alienis</strong></span> <span class='ocrx_word' id='word_1_491' title='bbox 3182 418 3327 473; x_wconf 91' lang='lat' dir='ltr'><strong>serio</strong></span> <span class='ocrx_word' id='word_1_492' title='bbox 3351 418 3727 479; x_wconf 84' lang='lat' dir='ltr'><strong>sollicitentur,</strong></span> 
     </span>
    </p>
   </div>
   <div class='ocr_carea' id='block_1_65' title="bbox 2141 506 3728 583">
    <p class='ocr_par' dir='ltr' id='par_1_65' title="bbox 2141 506 3728 583">
     <span class='ocr_line' id='line_1_65' title="bbox 2141 506 3728 583; baseline -0.007 -15"><span class='ocrx_word' id='word_1_493' title='bbox 2141 516 2209 568; x_wconf 90' lang='lat' dir='ltr'><strong>de</strong></span> <span class='ocrx_word' id='word_1_494' title='bbox 2234 514 2344 567; x_wconf 88' lang='lat' dir='ltr'><strong>suis</strong></span> <span class='ocrx_word' id='word_1_495' title='bbox 2373 528 2441 567; x_wconf 91' lang='lat' dir='ltr'><strong>ne</strong></span> <span class='ocrx_word' id='word_1_496' title='bbox 2483 514 2718 583; x_wconf 88' lang='lat' dir='ltr'><strong>cogitare</strong></span> <span class='ocrx_word' id='word_1_497' title='bbox 2744 510 2955 580; x_wconf 88' lang='lat' dir='ltr'><strong>quidem</strong></span> <span class='ocrx_word' id='word_1_498' title='bbox 2988 509 3286 572; x_wconf 89' lang='lat' dir='ltr'><strong>sustinent;</strong></span> <span class='ocrx_word' id='word_1_499' title='bbox 3335 508 3507 576; x_wconf 89' lang='lat' dir='ltr'><strong>deque</strong></span> <span class='ocrx_word' id='word_1_500' title='bbox 3551 506 3728 559; x_wconf 81' lang='lat' dir='ltr'><strong>homi-</strong></span> 
     </span>
    </p>
   </div>
   <div class='ocr_carea' id='block_1_66' title="bbox 2142 597 3727 664">
    <p class='ocr_par' dir='ltr' id='par_1_66' title="bbox 2142 597 3727 664">
     <span class='ocr_line' id='line_1_66' title="bbox 2142 597 3727 664; baseline -0.006 -5"><span class='ocrx_word' id='word_1_501' title='bbox 2142 619 2268 659; x_wconf 89' lang='lat' dir='ltr'><strong>num</strong></span> <span class='ocrx_word' id='word_1_502' title='bbox 2294 604 2676 657; x_wconf 89' lang='lat' dir='ltr'><strong>communitate</strong></span> <span class='ocrx_word' id='word_1_503' title='bbox 2706 616 2774 656; x_wconf 92' lang='lat' dir='ltr'><strong>ne</strong></span> <span class='ocrx_word' id='word_1_504' title='bbox 2800 601 3028 655; x_wconf 87' lang='lat' dir='ltr'><strong>intereat</strong></span> <span class='ocrx_word' id='word_1_505' title='bbox 3064 598 3244 664; x_wconf 79' lang='lat' dir='ltr'><strong>anxii,</strong></span> <span class='ocrx_word' id='word_1_506' title='bbox 3290 597 3526 652; x_wconf 91' lang='lat' dir='ltr'><strong>animum</strong></span> <span class='ocrx_word' id='word_1_507' title='bbox 3572 612 3727 650; x_wconf 76' lang='lat' dir='ltr'><strong>suum</strong></span> 
     </span>
    </p>
   </div>
   <div class='ocr_carea' id='block_1_67' title="bbox 2143 688 3728 764">
    <p class='ocr_par' dir='ltr' id='par_1_67' title="bbox 2143 688 3728 764">
     <span class='ocr_line' id='line_1_67' title="bbox 2143 688 3728 764; baseline -0.006 -15"><span class='ocrx_word' id='word_1_508' title='bbox 2143 703 2413 764; x_wconf 86' lang='lat' dir='ltr'><strong>tamquam</strong></span> <span class='ocrx_word' id='word_1_509' title='bbox 2458 694 2686 748; x_wconf 87' lang='lat' dir='ltr'><strong>alienum</strong></span> <span class='ocrx_word' id='word_1_510' title='bbox 2735 692 2927 762; x_wconf 88' lang='lat' dir='ltr'><strong>singuli</strong></span> <span class='ocrx_word' id='word_1_511' title='bbox 2974 691 3265 760; x_wconf 73' lang='lat' dir='ltr'><strong>negligant,</strong></span> <span class='ocrx_word' id='word_1_512' title='bbox 3314 704 3435 743; x_wconf 88' lang='lat' dir='ltr'><strong>cum</strong></span> <span class='ocrx_word' id='word_1_513' title='bbox 3485 688 3550 743; x_wconf 86' lang='lat' dir='ltr'><strong>ad</strong></span> <span class='ocrx_word' id='word_1_514' title='bbox 3608 704 3728 743; x_wconf 76' lang='lat' dir='ltr'><strong>eunt</strong></span> 
     </span>
    </p>
   </div>
   <div class='ocr_carea' id='block_1_68' title="bbox 2142 781 3729 858">
    <p class='ocr_par' dir='ltr' id='par_1_68' title="bbox 2142 781 3729 858">
     <span class='ocr_line' id='line_1_68' title="bbox 2142 781 3729 858; baseline -0.006 -15"><span class='ocrx_word' id='word_1_515' title='bbox 2142 788 2282 858; x_wconf 91' lang='lat' dir='ltr'><strong>quod</strong></span> <span class='ocrx_word' id='word_1_516' title='bbox 2310 789 2521 850; x_wconf 86' lang='lat' dir='ltr'><strong>attinet.</strong></span> <span class='ocrx_word' id='word_1_517' title='bbox 2551 787 2636 841; x_wconf 86' lang='lat' dir='ltr'><strong>vel</strong></span> <span class='ocrx_word' id='word_1_518' title='bbox 2663 785 2729 840; x_wconf 89' lang='lat' dir='ltr'><strong>de</strong></span> <span class='ocrx_word' id='word_1_519' title='bbox 2757 784 2990 838; x_wconf 90' lang='lat' dir='ltr'><strong>minimis</strong></span> <span class='ocrx_word' id='word_1_520' title='bbox 3018 782 3178 837; x_wconf 87' lang='lat' dir='ltr'><strong>rebus</strong></span> <span class='ocrx_word' id='word_1_521' title='bbox 3205 796 3394 836; x_wconf 87' lang='lat' dir='ltr'><strong>severe</strong></span> <span class='ocrx_word' id='word_1_522' title='bbox 3417 781 3481 833; x_wconf 85' lang='lat' dir='ltr'><strong>ad</strong></span> <span class='ocrx_word' id='word_1_523' title='bbox 3513 795 3729 850; x_wconf 68' lang='lat' dir='ltr'><strong>pinnam</strong></span> 
     </span>
    </p>
   </div>
   <div class='ocr_carea' id='block_1_69' title="bbox 2141 874 3729 948">
    <p class='ocr_par' dir='ltr' id='par_1_69' title="bbox 2141 874 3729 948">
     <span class='ocr_line' id='line_1_69' title="bbox 2141 874 3729 948; baseline -0.006 -19"><span class='ocrx_word' id='word_1_524' title='bbox 2141 879 2365 934; x_wconf 83' lang='lat' dir='ltr'><strong>vocandi</strong></span> <span class='ocrx_word' id='word_1_525' title='bbox 2397 880 2523 943; x_wconf 91' lang='lat' dir='ltr'><strong>sint,</strong></span> <span class='ocrx_word' id='word_1_526' title='bbox 2549 886 2603 933; x_wconf 89' lang='lat' dir='ltr'><strong>et</strong></span> <span class='ocrx_word' id='word_1_527' title='bbox 2627 877 2767 948; x_wconf 93' lang='lat' dir='ltr'><strong>quod</strong></span> <span class='ocrx_word' id='word_1_528' title='bbox 2790 876 2856 931; x_wconf 91' lang='lat' dir='ltr'><strong>ad</strong></span> <span class='ocrx_word' id='word_1_529' title='bbox 2881 875 3152 929; x_wconf 90' lang='lat' dir='ltr'><strong>hominum</strong></span> <span class='ocrx_word' id='word_1_530' title='bbox 3174 874 3363 927; x_wconf 89' lang='lat' dir='ltr'><strong>attinet</strong></span> <span class='ocrx_word' id='word_1_531' title='bbox 3386 874 3729 941; x_wconf 76' lang='lat' dir='ltr'><strong>paucitatem,</strong></span> 
     </span>
    </p>
   </div>
   <div class='ocr_carea' id='block_1_70' title="bbox 2142 969 3731 1028">
    <p class='ocr_par' dir='ltr' id='par_1_70' title="bbox 2142 969 3731 1028">
     <span class='ocr_line' id='line_1_70' title="bbox 2142 969 3731 1028; baseline -0.004 0"><span class='ocrx_word' id='word_1_532' title='bbox 2142 990 2243 1028; x_wconf 92' lang='lat' dir='ltr'><strong>nec</strong></span> <span class='ocrx_word' id='word_1_533' title='bbox 2288 974 2555 1028; x_wconf 80' lang='lat' dir='ltr'><strong>levissime</strong></span> <span class='ocrx_word' id='word_1_534' title='bbox 2608 976 2866 1028; x_wconf 87' lang='lat' dir='ltr'><strong>rationem</strong></span> <span class='ocrx_word' id='word_1_535' title='bbox 2916 971 3197 1026; x_wconf 83' lang='lat' dir='ltr'><strong>reddituri.</strong></span> <span class='ocrx_word' id='word_1_536' title='bbox 3247 969 3363 1025; x_wconf 84' lang='lat' dir='ltr'><strong>Non</strong></span> <span class='ocrx_word' id='word_1_537' title='bbox 3414 981 3567 1024; x_wconf 89' lang='lat' dir='ltr'><strong>erant</strong></span> <span class='ocrx_word' id='word_1_538' title='bbox 3619 980 3731 1022; x_wconf 89' lang='lat' dir='ltr'><strong>tum</strong></span> 
     </span>
    </p>
   </div>
   <div class='ocr_carea' id='block_1_71' title="bbox 2141 1059 3732 1134">
    <p class='ocr_par' dir='ltr' id='par_1_71' title="bbox 2141 1059 3732 1134">
     <span class='ocr_line' id='line_1_71' title="bbox 2141 1059 3732 1134; baseline -0.004 -17"><span class='ocrx_word' id='word_1_539' title='bbox 2141 1065 2363 1134; x_wconf 89' lang='lat' dir='ltr'><strong>oppida,</strong></span> <span class='ocrx_word' id='word_1_540' title='bbox 2397 1080 2503 1118; x_wconf 89' lang='lat' dir='ltr'><strong>non</strong></span> <span class='ocrx_word' id='word_1_541' title='bbox 2530 1073 2704 1129; x_wconf 88' lang='lat' dir='ltr'><strong>artes,</strong></span> <span class='ocrx_word' id='word_1_542' title='bbox 2736 1078 2842 1117; x_wconf 91' lang='lat' dir='ltr'><strong>non</strong></span> <span class='ocrx_word' id='word_1_543' title='bbox 2867 1061 3092 1126; x_wconf 91' lang='lat' dir='ltr'><strong>domus;</strong></span> <span class='ocrx_word' id='word_1_544' title='bbox 3129 1061 3325 1115; x_wconf 89' lang='lat' dir='ltr'><strong>etenim</strong></span> <span class='ocrx_word' id='word_1_545' title='bbox 3369 1059 3483 1114; x_wconf 64' lang='lat' dir='ltr'><strong>hare</strong></span> <span class='ocrx_word' id='word_1_546' title='bbox 3517 1073 3732 1128; x_wconf 83' lang='lat' dir='ltr'><strong>quoque</strong></span> 
     </span>
    </p>
   </div>
   <div class='ocr_carea' id='block_1_72' title="bbox 2143 1148 3732 1217">
    <p class='ocr_par' dir='ltr' id='par_1_72' title="bbox 2143 1148 3732 1217">
     <span class='ocr_line' id='line_1_72' title="bbox 2143 1148 3732 1217; baseline -0.004 -10"><span class='ocrx_word' id='word_1_547' title='bbox 2143 1170 2248 1208; x_wconf 88' lang='lat' dir='ltr'><strong>non</strong></span> <span class='ocrx_word' id='word_1_548' title='bbox 2292 1155 2569 1208; x_wconf 90' lang='lat' dir='ltr'><strong>minimum</strong></span> <span class='ocrx_word' id='word_1_549' title='bbox 2597 1153 2829 1217; x_wconf 85' lang='lat' dir='ltr'><strong>curatis;</strong></span> <span class='ocrx_word' id='word_1_550' title='bbox 2874 1152 2966 1206; x_wconf 91' lang='lat' dir='ltr'><strong>sed</strong></span> <span class='ocrx_word' id='word_1_551' title='bbox 3008 1151 3123 1204; x_wconf 73' lang='lat' dir='ltr'><strong>lucc</strong></span> <span class='ocrx_word' id='word_1_552' title='bbox 3151 1166 3256 1205; x_wconf 90' lang='lat' dir='ltr'><strong>non</strong></span> <span class='ocrx_word' id='word_1_553' title='bbox 3288 1158 3474 1215; x_wconf 88' lang='lat' dir='ltr'><strong>erant,</strong></span> <span class='ocrx_word' id='word_1_554' title='bbox 3517 1158 3571 1202; x_wconf 87' lang='lat' dir='ltr'><strong>et</strong></span> <span class='ocrx_word' id='word_1_555' title='bbox 3600 1148 3732 1201; x_wconf 86' lang='lat' dir='ltr'><strong>nihil</strong></span> 
     </span>
    </p>
   </div>
   <div class='ocr_carea' id='block_1_73' title="bbox 2143 1243 3729 1318">
    <p class='ocr_par' dir='ltr' id='par_1_73' title="bbox 2143 1243 3729 1318">
     <span class='ocr_line' id='line_1_73' title="bbox 2143 1243 3729 1318; baseline -0.004 -18"><span class='ocrx_word' id='word_1_556' title='bbox 2143 1255 2317 1318; x_wconf 81' lang='lat' dir='ltr'><strong>tamen</strong></span> <span class='ocrx_word' id='word_1_557' title='bbox 2347 1247 2552 1299; x_wconf 90' lang='lat' dir='ltr'><strong>beatam</strong></span> <span class='ocrx_word' id='word_1_558' title='bbox 2586 1247 2725 1300; x_wconf 88' lang='lat' dir='ltr'><strong>illam</strong></span> <span class='ocrx_word' id='word_1_559' title='bbox 2749 1245 2911 1298; x_wconf 93' lang='lat' dir='ltr'><strong>vitam</strong></span> <span class='ocrx_word' id='word_1_560' title='bbox 2950 1254 3110 1311; x_wconf 88' lang='lat' dir='ltr'><strong>atque</strong></span> <span class='ocrx_word' id='word_1_561' title='bbox 3141 1246 3239 1298; x_wconf 86' lang='lat' dir='ltr'><strong>hac</strong></span> <span class='ocrx_word' id='word_1_562' title='bbox 3273 1244 3426 1312; x_wconf 86' lang='lat' dir='ltr'><strong>longe</strong></span> <span class='ocrx_word' id='word_1_563' title='bbox 3453 1243 3729 1296; x_wconf 82' lang='lat' dir='ltr'><strong>meliorem</strong></span> 
     </span>
    </p>
   </div>
   <div class='ocr_carea' id='block_1_74' title="bbox 2142 1336 3729 1408">
    <p class='ocr_par' dir='ltr' id='par_1_74' title="bbox 2142 1336 3729 1408">
     <span class='ocr_line' id='line_1_74' title="bbox 2142 1336 3729 1408; baseline -0.004 -15"><span class='ocrx_word' id='word_1_564' title='bbox 2142 1339 2461 1408; x_wconf 89' lang='lat' dir='ltr'><strong>impediebat</strong></span> <span class='ocrx_word' id='word_1_565' title='bbox 2477 1349 2571 1393; x_wconf 89' lang='lat' dir='ltr'><strong>aut</strong></span> <span class='ocrx_word' id='word_1_566' title='bbox 2589 1338 2852 1393; x_wconf 89' lang='lat' dir='ltr'><strong>turbabat.</strong></span> <span class='ocrx_word' id='word_1_567' title='bbox 2872 1341 2937 1391; x_wconf 84' lang='lat' dir='ltr'><strong>At</strong></span> <span class='ocrx_word' id='word_1_568' title='bbox 2956 1346 3233 1407; x_wconf 84' lang='lat' dir='ltr'><strong>postquam</strong></span> <span class='ocrx_word' id='word_1_569' title='bbox 3259 1337 3367 1390; x_wconf 89' lang='lat' dir='ltr'><strong>Deo</strong></span> <span class='ocrx_word' id='word_1_570' title='bbox 3388 1352 3491 1389; x_wconf 90' lang='lat' dir='ltr'><strong>non</strong></span> <span class='ocrx_word' id='word_1_571' title='bbox 3514 1336 3699 1388; x_wconf 82' lang='lat' dir='ltr'><strong>obtem</strong></span> <span class='ocrx_word' id='word_1_572' title='bbox 3720 1369 3729 1375; x_wconf 87' lang='lat'><em>-</em></span> 
     </span>
    </p>
   </div>
   <div class='ocr_carea' id='block_1_75' title="bbox 2141 1427 3732 1500">
    <p class='ocr_par' dir='ltr' id='par_1_75' title="bbox 2141 1427 3732 1500">
     <span class='ocr_line' id='line_1_75' title="bbox 2141 1427 3732 1500; baseline -0.004 -15"><span class='ocrx_word' id='word_1_573' title='bbox 2141 1441 2418 1500; x_wconf 87' lang='lat' dir='ltr'><strong>perarunt,</strong></span> <span class='ocrx_word' id='word_1_574' title='bbox 2448 1441 2502 1484; x_wconf 90' lang='lat' dir='ltr'><strong>ct</strong></span> <span class='ocrx_word' id='word_1_575' title='bbox 2530 1442 2669 1485; x_wconf 85' lang='lat' dir='ltr'><strong>terra</strong></span> <span class='ocrx_word' id='word_1_576' title='bbox 2698 1438 2857 1499; x_wconf 86' lang='lat' dir='ltr'><strong>atque</strong></span> <span class='ocrx_word' id='word_1_577' title='bbox 2883 1429 3019 1483; x_wconf 90' lang='lat' dir='ltr'><strong>ciuis</strong></span> <span class='ocrx_word' id='word_1_578' title='bbox 3049 1427 3218 1481; x_wconf 72' lang='lat' dir='ltr'><strong>cll&#39;«.-cti</strong></span> <span class='ocrx_word' id='word_1_579' title='bbox 3251 1436 3393 1491; x_wconf 91' lang='lat' dir='ltr'><strong>sunt,</strong></span> <span class='ocrx_word' id='word_1_580' title='bbox 3423 1442 3542 1480; x_wconf 89' lang='lat' dir='ltr'><strong>cum</strong></span> <span class='ocrx_word' id='word_1_581' title='bbox 3573 1427 3732 1481; x_wconf 89' lang='lat' dir='ltr'><strong>beata</strong></span> 
     </span>
    </p>
   </div>
   <div class='ocr_carea' id='block_1_76' title="bbox 2140 1521 3734 1593">
    <p class='ocr_par' dir='ltr' id='par_1_76' title="bbox 2140 1521 3734 1593">
     <span class='ocr_line' id='line_1_76' title="bbox 2140 1521 3734 1593; baseline 0 -16"><span class='ocrx_word' id='word_1_582' title='bbox 2140 1538 2200 1577; x_wconf 88' lang='lat' dir='ltr'><strong>ea</strong></span> <span class='ocrx_word' id='word_1_583' title='bbox 2249 1523 2353 1577; x_wconf 86' lang='lat' dir='ltr'><strong>vita</strong></span> <span class='ocrx_word' id='word_1_584' title='bbox 2398 1522 2714 1593; x_wconf 85' lang='lat' dir='ltr'><strong>virginitatis</strong></span> <span class='ocrx_word' id='word_1_585' title='bbox 2755 1523 2916 1577; x_wconf 89' lang='lat' dir='ltr'><strong>etiam</strong></span> <span class='ocrx_word' id='word_1_586' title='bbox 2965 1522 3130 1576; x_wconf 83' lang='lat' dir='ltr'><strong>decus</strong></span> <span class='ocrx_word' id='word_1_587' title='bbox 3176 1521 3734 1590; x_wconf 75' lang='lat' dir='ltr'><strong>pertliderunt,atque</strong></span> 
     </span>
    </p>
   </div>
   <div class='ocr_carea' id='block_1_77' title="bbox 2141 1612 3726 1670">
    <p class='ocr_par' dir='ltr' id='par_1_77' title="bbox 2141 1612 3726 1670">
     <span class='ocr_line' id='line_1_77' title="bbox 2141 1612 3726 1670; baseline -0.001 -2"><span class='ocrx_word' id='word_1_588' title='bbox 2141 1631 2243 1669; x_wconf 88' lang='lat' dir='ltr'><strong>una</strong></span> <span class='ocrx_word' id='word_1_589' title='bbox 2269 1631 2393 1669; x_wconf 90' lang='lat' dir='ltr'><strong>eum</strong></span> <span class='ocrx_word' id='word_1_590' title='bbox 2424 1616 2535 1669; x_wconf 92' lang='lat' dir='ltr'><strong>Deo</strong></span> <span class='ocrx_word' id='word_1_591' title='bbox 2561 1616 2718 1670; x_wconf 89' lang='lat' dir='ltr'><strong>etiam</strong></span> <span class='ocrx_word' id='word_1_592' title='bbox 2747 1615 2835 1669; x_wconf 90' lang='lat' dir='ltr'><strong>illa</strong></span> <span class='ocrx_word' id='word_1_593' title='bbox 2873 1630 2968 1669; x_wconf 91' lang='lat' dir='ltr'><strong>eos</strong></span> <span class='ocrx_word' id='word_1_594' title='bbox 3001 1615 3256 1669; x_wconf 83' lang='lat' dir='ltr'><strong>deserens</strong></span> <span class='ocrx_word' id='word_1_595' title='bbox 3283 1614 3556 1668; x_wconf 79' lang='lat' dir='ltr'><strong>abscessit.</strong></span> <span class='ocrx_word' id='word_1_596' title='bbox 3585 1612 3726 1669; x_wconf 72' lang='lat' dir='ltr'><strong>Nam</strong></span> 
     </span>
    </p>
   </div>
   <div class='ocr_carea' id='block_1_78' title="bbox 2139 1702 3732 1774">
    <p class='ocr_par' dir='ltr' id='par_1_78' title="bbox 2139 1702 3732 1774">
     <span class='ocr_line' id='line_1_78' title="bbox 2139 1702 3732 1774; baseline -0.003 -15"><span class='ocrx_word' id='word_1_597' title='bbox 2139 1706 2390 1774; x_wconf 87' lang='lat' dir='ltr'><strong>quamdiu</strong></span> <span class='ocrx_word' id='word_1_598' title='bbox 2420 1721 2451 1760; x_wconf 91' lang='lat' dir='ltr'><strong>a</strong></span> <span class='ocrx_word' id='word_1_599' title='bbox 2479 1705 2691 1760; x_wconf 86' lang='lat' dir='ltr'><strong>diabolo</strong></span> <span class='ocrx_word' id='word_1_600' title='bbox 2712 1705 2891 1760; x_wconf 88' lang='lat' dir='ltr'><strong>invicti</strong></span> <span class='ocrx_word' id='word_1_601' title='bbox 2917 1704 3197 1759; x_wconf 86' lang='lat' dir='ltr'><strong>Dominum</strong></span> <span class='ocrx_word' id='word_1_602' title='bbox 3223 1719 3378 1759; x_wconf 89' lang='lat' dir='ltr'><strong>sumu</strong></span> <span class='ocrx_word' id='word_1_603' title='bbox 3406 1702 3732 1758; x_wconf 55' lang='lat' dir='ltr'><strong>reverebano</strong></span> 
     </span>
    </p>
   </div>
   <div class='ocr_carea' id='block_1_79' title="bbox 2138 1797 3732 1868">
    <p class='ocr_par' dir='ltr' id='par_1_79' title="bbox 2138 1797 3732 1868">
     <span class='ocr_line' id='line_1_79' title="bbox 2138 1797 3732 1868; baseline -0.001 -16"><span class='ocrx_word' id='word_1_604' title='bbox 2138 1807 2247 1864; x_wconf 87' lang='lat' dir='ltr'><strong>tur,</strong></span> <span class='ocrx_word' id='word_1_605' title='bbox 2288 1798 2541 1854; x_wconf 90' lang='lat' dir='ltr'><strong>manebat</strong></span> <span class='ocrx_word' id='word_1_606' title='bbox 2582 1798 2878 1868; x_wconf 85' lang='lat' dir='ltr'><strong>virginitas,</strong></span> <span class='ocrx_word' id='word_1_607' title='bbox 2927 1812 3021 1851; x_wconf 91' lang='lat' dir='ltr'><strong>eos</strong></span> <span class='ocrx_word' id='word_1_608' title='bbox 3049 1812 3313 1853; x_wconf 78' lang='lat' dir='ltr'><strong>exornans</strong></span> <span class='ocrx_word' id='word_1_609' title='bbox 3357 1797 3524 1866; x_wconf 88' lang='lat' dir='ltr'><strong>magis</strong></span> <span class='ocrx_word' id='word_1_610' title='bbox 3562 1811 3732 1866; x_wconf 83' lang='lat' dir='ltr'><strong>quam</strong></span> 
     </span>
    </p>
   </div>
   <div class='ocr_carea' id='block_1_80' title="bbox 2139 1885 3718 1959">
    <p class='ocr_par' dir='ltr' id='par_1_80' title="bbox 2139 1885 3718 1959">
     <span class='ocr_line' id='line_1_80' title="bbox 2139 1885 3718 1959; baseline -0.004 -16"><span class='ocrx_word' id='word_1_611' title='bbox 2139 1903 2294 1959; x_wconf 85' lang='lat' dir='ltr'><strong>reges</strong></span> <span class='ocrx_word' id='word_1_612' title='bbox 2318 1888 2565 1945; x_wconf 86' lang='lat' dir='ltr'><strong>diadema</strong></span> <span class='ocrx_word' id='word_1_613' title='bbox 2610 1898 2664 1944; x_wconf 90' lang='lat' dir='ltr'><strong>et</strong></span> <span class='ocrx_word' id='word_1_614' title='bbox 2705 1903 2865 1942; x_wconf 87' lang='lat' dir='ltr'><strong>aurea</strong></span> <span class='ocrx_word' id='word_1_615' title='bbox 2912 1888 3246 1942; x_wconf 87' lang='lat' dir='ltr'><strong>vestimenta.</strong></span> <span class='ocrx_word' id='word_1_616' title='bbox 3278 1889 3348 1940; x_wconf 86' lang='lat' dir='ltr'><strong>At</strong></span> <span class='ocrx_word' id='word_1_617' title='bbox 3375 1887 3462 1940; x_wconf 91' lang='lat' dir='ltr'><strong>ubi</strong></span> <span class='ocrx_word' id='word_1_618' title='bbox 3487 1885 3718 1954; x_wconf 82' lang='lat' dir='ltr'><strong>captivi,</strong></span> 
     </span>
    </p>
   </div>
   <div class='ocr_carea' id='block_1_81' title="bbox 2139 1978 3727 2048">
    <p class='ocr_par' dir='ltr' id='par_1_81' title="bbox 2139 1978 3727 2048">
     <span class='ocr_line' id='line_1_81' title="bbox 2139 1978 3727 2048; baseline -0.003 -16"><span class='ocrx_word' id='word_1_619' title='bbox 2139 1978 2288 2047; x_wconf 89' lang='lat' dir='ltr'><strong>regio</strong></span> <span class='ocrx_word' id='word_1_620' title='bbox 2319 1979 2419 2031; x_wconf 91' lang='lat' dir='ltr'><strong>hoc</strong></span> <span class='ocrx_word' id='word_1_621' title='bbox 2447 1979 2644 2033; x_wconf 89' lang='lat' dir='ltr'><strong>amictu</strong></span> <span class='ocrx_word' id='word_1_622' title='bbox 2673 1988 2860 2048; x_wconf 89' lang='lat' dir='ltr'><strong>erepto</strong></span> <span class='ocrx_word' id='word_1_623' title='bbox 2878 2020 2892 2045; x_wconf 92' lang='lat'><strong>,</strong></span> <span class='ocrx_word' id='word_1_624' title='bbox 2920 1979 3235 2047; x_wconf 70' lang='lat' dir='ltr'><strong>abjt-ctoque</strong></span> <span class='ocrx_word' id='word_1_625' title='bbox 3259 1978 3454 2031; x_wconf 59' lang='lat' dir='ltr'><strong>ca‘lcsti</strong></span> <span class='ocrx_word' id='word_1_626' title='bbox 3485 1986 3681 2030; x_wconf 88' lang='lat' dir='ltr'><strong>ornatu</strong></span> <span class='ocrx_word' id='word_1_627' title='bbox 3709 2018 3727 2043; x_wconf 57' lang='grc' dir='ltr'><em>δ</em></span> 
     </span>
    </p>
   </div>
   <div class='ocr_carea' id='block_1_82' title="bbox 2139 2068 3722 2136">
    <p class='ocr_par' dir='ltr' id='par_1_82' title="bbox 2139 2068 3722 2136">
     <span class='ocr_line' id='line_1_82' title="bbox 2139 2068 3722 2136; baseline -0.003 -13"><span class='ocrx_word' id='word_1_628' title='bbox 2139 2069 2325 2123; x_wconf 90' lang='lat' dir='ltr'><strong>mortis</strong></span> <span class='ocrx_word' id='word_1_629' title='bbox 2350 2068 2702 2136; x_wconf 81' lang='lat' dir='ltr'><strong>corruptelam</strong></span> <span class='ocrx_word' id='word_1_630' title='bbox 2719 2110 2732 2132; x_wconf 91' lang='lat'><strong>,</strong></span> <span class='ocrx_word' id='word_1_631' title='bbox 2763 2069 2899 2133; x_wconf 87' lang='lat' dir='ltr'><strong>iras,</strong></span> <span class='ocrx_word' id='word_1_632' title='bbox 2923 2069 3207 2129; x_wconf 81' lang='lat' dir='ltr'><strong>cruciatus.</strong></span> <span class='ocrx_word' id='word_1_633' title='bbox 3240 2082 3302 2120; x_wconf 88' lang='lat' dir='ltr'><strong>ac</strong></span> <span class='ocrx_word' id='word_1_634' title='bbox 3331 2081 3596 2120; x_wconf 84' lang='lat' dir='ltr'><strong>a-rumnas</strong></span> <span class='ocrx_word' id='word_1_635' title='bbox 3622 2082 3722 2118; x_wconf 81' lang='lat' dir='ltr'><strong>ac—</strong></span> 
     </span>
    </p>
   </div>
   <div class='ocr_carea' id='block_1_83' title="bbox 2138 2158 3717 2228">
    <p class='ocr_par' dir='ltr' id='par_1_83' title="bbox 2138 2158 3717 2228">
     <span class='ocr_line' id='line_1_83' title="bbox 2138 2158 3717 2228; baseline -0.001 -15"><span class='ocrx_word' id='word_1_636' title='bbox 2138 2169 2416 2228; x_wconf 89' lang='lat' dir='ltr'><strong>ceperunt,</strong></span> <span class='ocrx_word' id='word_1_637' title='bbox 2478 2168 2587 2213; x_wconf 91' lang='lat' dir='ltr'><strong>tum</strong></span> <span class='ocrx_word' id='word_1_638' title='bbox 2637 2174 2764 2212; x_wconf 87' lang='lat' dir='ltr'><strong>vero</strong></span> <span class='ocrx_word' id='word_1_639' title='bbox 2809 2174 2930 2213; x_wconf 89' lang='lat' dir='ltr'><strong>cum</strong></span> <span class='ocrx_word' id='word_1_640' title='bbox 2980 2159 3043 2212; x_wconf 91' lang='lat' dir='ltr'><strong>iis</strong></span> <span class='ocrx_word' id='word_1_641' title='bbox 3087 2158 3481 2212; x_wconf 87' lang='lat' dir='ltr'><strong>matrimonuun</strong></span> <span class='ocrx_word' id='word_1_642' title='bbox 3525 2160 3717 2220; x_wconf 69' lang='lat' dir='ltr'><strong>subiit.</strong></span> 
     </span>
    </p>
   </div>
   <div class='ocr_carea' id='block_1_84' title="bbox 2138 2247 3731 2312">
    <p class='ocr_par' dir='ltr' id='par_1_84' title="bbox 2138 2247 3731 2312">
     <span class='ocr_line' id='line_1_84' title="bbox 2138 2247 3731 2312; baseline -0.003 -10"><span class='ocrx_word' id='word_1_643' title='bbox 2138 2249 2365 2303; x_wconf 89' lang='lat' dir='ltr'><strong>mortale</strong></span> <span class='ocrx_word' id='word_1_644' title='bbox 2410 2248 2510 2303; x_wconf 88' lang='lat' dir='ltr'><strong>hoc</strong></span> <span class='ocrx_word' id='word_1_645' title='bbox 2549 2257 2602 2303; x_wconf 88' lang='lat' dir='ltr'><strong>et</strong></span> <span class='ocrx_word' id='word_1_646' title='bbox 2647 2249 2838 2304; x_wconf 87' lang='lat' dir='ltr'><strong>servile</strong></span> <span class='ocrx_word' id='word_1_647' title='bbox 2881 2249 3285 2311; x_wconf 89' lang='lat' dir='ltr'><strong>vestimentum;</strong></span> <span class='ocrx_word' id='word_1_648' title='bbox 3334 2263 3452 2302; x_wconf 89' lang='lat' dir='ltr'><strong>nam</strong></span> <span class='ocrx_word' id='word_1_649' title='bbox 3483 2247 3580 2312; x_wconf 85' lang='lat' dir='ltr'><strong>Qui</strong></span> <span class='ocrx_word' id='word_1_650' title='bbox 3607 2263 3731 2300; x_wconf 80' lang='lat' dir='ltr'><strong>cum</strong></span> 
     </span>
    </p>
   </div>
   <div class='ocr_carea' id='block_1_85' title="bbox 2137 2340 3732 2410">
    <p class='ocr_par' dir='ltr' id='par_1_85' title="bbox 2137 2340 3732 2410">
     <span class='ocr_line' id='line_1_85' title="bbox 2137 2340 3732 2410; baseline 0.001 -17"><span class='ocrx_word' id='word_1_651' title='bbox 2137 2355 2294 2393; x_wconf 71' lang='lat' dir='ltr'><strong>uxore</strong></span> <span class='ocrx_word' id='word_1_652' title='bbox 2321 2349 2414 2403; x_wconf 87' lang='lat' dir='ltr'><strong>est,</strong></span> <span class='ocrx_word' id='word_1_653' title='bbox 2449 2341 2635 2410; x_wconf 89' lang='lat' dir='ltr'><strong>inquit,</strong></span> <span class='ocrx_word' id='word_1_654' title='bbox 2668 2356 2840 2393; x_wconf 87' lang='lat' dir='ltr'><strong>eorum</strong></span> <span class='ocrx_word' id='word_1_655' title='bbox 2871 2340 3119 2393; x_wconf 88' lang='lat' dir='ltr'><strong>sollicitus</strong></span> <span class='ocrx_word' id='word_1_656' title='bbox 3144 2348 3237 2405; x_wconf 81' lang='lat' dir='ltr'><strong>est,</strong></span> <span class='ocrx_word' id='word_1_657' title='bbox 3266 2352 3378 2408; x_wconf 78' lang='lat' dir='ltr'><strong>qute</strong></span> <span class='ocrx_word' id='word_1_658' title='bbox 3400 2348 3518 2392; x_wconf 84' lang='lat' dir='ltr'><strong>sunt</strong></span> <span class='ocrx_word' id='word_1_659' title='bbox 3546 2344 3732 2395; x_wconf 85' lang='lat' dir='ltr'><strong>mundi</strong></span> 
     </span>
    </p>
   </div>
   <div class='ocr_carea' id='block_1_86' title="bbox 2139 2430 3728 2504">
    <p class='ocr_par' dir='ltr' id='par_1_86' title="bbox 2139 2430 3728 2504">
     <span class='ocr_line' id='line_1_86' title="bbox 2139 2430 3728 2504; baseline -0.002 -19"><span class='ocrx_word' id='word_1_660' title='bbox 2139 2432 2217 2500; x_wconf 93' lang='lat' dir='ltr'><strong>(l.</strong></span> <span class='ocrx_word' id='word_1_661' title='bbox 2248 2430 2367 2485; x_wconf 85' lang='lat' dir='ltr'><strong>Cor.</strong></span> <span class='ocrx_word' id='word_1_662' title='bbox 2402 2434 2454 2484; x_wconf 84' lang='grc'><strong>7.</strong></span> <span class='ocrx_word' id='word_1_663' title='bbox 2487 2432 2601 2504; x_wconf 80' lang='grc'><strong>55).</strong></span> <span class='ocrx_word' id='word_1_664' title='bbox 2643 2431 2825 2486; x_wconf 78' lang='lat' dir='ltr'><strong>Viden’</strong></span> <span class='ocrx_word' id='word_1_665' title='bbox 2854 2433 2993 2485; x_wconf 90' lang='lat' dir='ltr'><strong>unde</strong></span> <span class='ocrx_word' id='word_1_666' title='bbox 3022 2431 3231 2484; x_wconf 90' lang='lat' dir='ltr'><strong>initium</strong></span> <span class='ocrx_word' id='word_1_667' title='bbox 3263 2430 3505 2484; x_wconf 87' lang='lat' dir='ltr'><strong>habuerit</strong></span> <span class='ocrx_word' id='word_1_668' title='bbox 3533 2431 3728 2483; x_wconf 82' lang='lat' dir='ltr'><strong>matri-</strong></span> 
     </span>
    </p>
   </div>
   <div class='ocr_carea' id='block_1_87' title="bbox 2139 2520 3728 2587">
    <p class='ocr_par' dir='ltr' id='par_1_87' title="bbox 2139 2520 3728 2587">
     <span class='ocr_line' id='line_1_87' title="bbox 2139 2520 3728 2587; baseline -0.001 -11"><span class='ocrx_word' id='word_1_669' title='bbox 2139 2524 2395 2587; x_wconf 88' lang='lat' dir='ltr'><strong>tnouinm,</strong></span> <span class='ocrx_word' id='word_1_670' title='bbox 2425 2524 2565 2577; x_wconf 90' lang='lat' dir='ltr'><strong>unde</strong></span> <span class='ocrx_word' id='word_1_671' title='bbox 2592 2524 2951 2577; x_wconf 82' lang='lat' dir='ltr'><strong>necessarium</strong></span> <span class='ocrx_word' id='word_1_672' title='bbox 2977 2522 3148 2576; x_wconf 87' lang='lat' dir='ltr'><strong>visum</strong></span> <span class='ocrx_word' id='word_1_673' title='bbox 3170 2521 3273 2575; x_wconf 85' lang='lat' dir='ltr'><strong>sit?</strong></span> <span class='ocrx_word' id='word_1_674' title='bbox 3301 2520 3383 2575; x_wconf 88' lang='lat' dir='ltr'><strong>Ab</strong></span> <span class='ocrx_word' id='word_1_675' title='bbox 3409 2521 3728 2575; x_wconf 87' lang='lat' dir='ltr'><strong>inobedien-</strong></span> 
     </span>
    </p>
   </div>
   <div class='ocr_carea' id='block_1_88' title="bbox 2141 2611 3729 2683">
    <p class='ocr_par' dir='ltr' id='par_1_88' title="bbox 2141 2611 3729 2683">
     <span class='ocr_line' id='line_1_88' title="bbox 2141 2611 3729 2683; baseline -0.001 -18"><span class='ocrx_word' id='word_1_676' title='bbox 2141 2613 2230 2673; x_wconf 82' lang='lat' dir='ltr'><strong>tia,</strong></span> <span class='ocrx_word' id='word_1_677' title='bbox 2263 2613 2395 2666; x_wconf 90' lang='lat' dir='ltr'><strong>diris</strong></span> <span class='ocrx_word' id='word_1_678' title='bbox 2423 2623 2581 2683; x_wconf 89' lang='lat' dir='ltr'><strong>atque</strong></span> <span class='ocrx_word' id='word_1_679' title='bbox 2618 2624 2808 2667; x_wconf 79' lang='lat' dir='ltr'><strong>morte.</strong></span> <span class='ocrx_word' id='word_1_680' title='bbox 2845 2612 2976 2666; x_wconf 89' lang='lat' dir='ltr'><strong>Nam</strong></span> <span class='ocrx_word' id='word_1_681' title='bbox 3010 2612 3096 2665; x_wconf 90' lang='lat' dir='ltr'><strong>ubi</strong></span> <span class='ocrx_word' id='word_1_682' title='bbox 3127 2626 3269 2665; x_wconf 92' lang='lat' dir='ltr'><strong>mors</strong></span> <span class='ocrx_word' id='word_1_683' title='bbox 3293 2620 3409 2675; x_wconf 91' lang='lat' dir='ltr'><strong>est,</strong></span> <span class='ocrx_word' id='word_1_684' title='bbox 3440 2611 3508 2664; x_wconf 90' lang='lat' dir='ltr'><strong>ibi</strong></span> <span class='ocrx_word' id='word_1_685' title='bbox 3538 2612 3729 2664; x_wconf 68' lang='lat' dir='ltr'><strong>matri~</strong></span> 
     </span>
    </p>
   </div>
   <div class='ocr_carea' id='block_1_89' title="bbox 2137 2703 3727 2774">
    <p class='ocr_par' dir='ltr' id='par_1_89' title="bbox 2137 2703 3727 2774">
     <span class='ocr_line' id='line_1_89' title="bbox 2137 2703 3727 2774; baseline 0.001 -18"><span class='ocrx_word' id='word_1_686' title='bbox 2137 2705 2369 2757; x_wconf 89' lang='lat' dir='ltr'><strong>monium</strong></span> <span class='ocrx_word' id='word_1_687' title='bbox 2396 2744 2411 2769; x_wconf 94' lang='lat'><strong>,</strong></span> <span class='ocrx_word' id='word_1_688' title='bbox 2440 2719 2547 2774; x_wconf 89' lang='lat' dir='ltr'><strong>qtto</strong></span> <span class='ocrx_word' id='word_1_689' title='bbox 2573 2704 2784 2757; x_wconf 85' lang='lat' dir='ltr'><strong>sublato</strong></span> <span class='ocrx_word' id='word_1_690' title='bbox 2823 2719 2996 2773; x_wconf 87' lang='lat' dir='ltr'><strong>neque</strong></span> <span class='ocrx_word' id='word_1_691' title='bbox 3023 2703 3111 2757; x_wconf 91' lang='lat' dir='ltr'><strong>illa</strong></span> <span class='ocrx_word' id='word_1_692' title='bbox 3136 2703 3495 2773; x_wconf 85' lang='lat' dir='ltr'><strong>consequitur.</strong></span> <span class='ocrx_word' id='word_1_693' title='bbox 3521 2705 3590 2756; x_wconf 86' lang='lat' dir='ltr'><strong>At</strong></span> <span class='ocrx_word' id='word_1_694' title='bbox 3615 2720 3727 2757; x_wconf 85' lang='lat' dir='ltr'><strong>non</strong></span> 
     </span>
    </p>
   </div>
   <div class='ocr_carea' id='block_1_90' title="bbox 2136 2793 3728 2864">
    <p class='ocr_par' dir='ltr' id='par_1_90' title="bbox 2136 2793 3728 2864">
     <span class='ocr_line' id='line_1_90' title="bbox 2136 2793 3728 2864; baseline 0.001 -17"><span class='ocrx_word' id='word_1_695' title='bbox 2136 2794 2491 2864; x_wconf 83' lang='lat' dir='ltr'><strong>virginitatem</strong></span> <span class='ocrx_word' id='word_1_696' title='bbox 2521 2793 2633 2848; x_wconf 81' lang='lat' dir='ltr'><strong>haec</strong></span> <span class='ocrx_word' id='word_1_697' title='bbox 2662 2805 2982 2864; x_wconf 83' lang='lat' dir='ltr'><strong>sequuntur,</strong></span> <span class='ocrx_word' id='word_1_698' title='bbox 3012 2794 3106 2849; x_wconf 90' lang='lat' dir='ltr'><strong>sed</strong></span> <span class='ocrx_word' id='word_1_699' title='bbox 3131 2809 3344 2863; x_wconf 88' lang='lat' dir='ltr'><strong>semper</strong></span> <span class='ocrx_word' id='word_1_700' title='bbox 3371 2794 3542 2859; x_wconf 85' lang='lat' dir='ltr'><strong>utilis,</strong></span> <span class='ocrx_word' id='word_1_701' title='bbox 3579 2809 3728 2849; x_wconf 58' lang='lat' dir='ltr'><strong>sem-</strong></span> 
     </span>
    </p>
   </div>
   <div class='ocr_carea' id='block_1_91' title="bbox 2139 2885 3723 2956">
    <p class='ocr_par' dir='ltr' id='par_1_91' title="bbox 2139 2885 3723 2956">
     <span class='ocr_line' id='line_1_91' title="bbox 2139 2885 3723 2956; baseline -0.002 -16"><span class='ocrx_word' id='word_1_702' title='bbox 2139 2903 2231 2956; x_wconf 82' lang='lat' dir='ltr'><strong>per</strong></span> <span class='ocrx_word' id='word_1_703' title='bbox 2257 2887 2422 2941; x_wconf 86' lang='lat' dir='ltr'><strong>fausta</strong></span> <span class='ocrx_word' id='word_1_704' title='bbox 2446 2898 2604 2955; x_wconf 83' lang='lat' dir='ltr'><strong>atque</strong></span> <span class='ocrx_word' id='word_1_705' title='bbox 2627 2885 2771 2952; x_wconf 73' lang='lat' dir='ltr'><strong>felix,</strong></span> <span class='ocrx_word' id='word_1_706' title='bbox 2794 2896 2846 2940; x_wconf 89' lang='lat' dir='ltr'><strong>cl</strong></span> <span class='ocrx_word' id='word_1_707' title='bbox 2868 2895 2989 2940; x_wconf 90' lang='lat' dir='ltr'><strong>ante</strong></span> <span class='ocrx_word' id='word_1_708' title='bbox 3006 2894 3233 2939; x_wconf 91' lang='lat' dir='ltr'><strong>mortem</strong></span> <span class='ocrx_word' id='word_1_709' title='bbox 3256 2895 3310 2940; x_wconf 88' lang='lat' dir='ltr'><strong>et</strong></span> <span class='ocrx_word' id='word_1_710' title='bbox 3331 2894 3575 2954; x_wconf 77' lang='lat' dir='ltr'><strong>postmor</strong></span> <span class='ocrx_word' id='word_1_711' title='bbox 3591 2894 3723 2951; x_wconf 76' lang='lat' dir='ltr'><strong>tum,</strong></span> 
     </span>
    </p>
   </div>
   <div class='ocr_carea' id='block_1_92' title="bbox 2134 2976 3726 3045">
    <p class='ocr_par' dir='ltr' id='par_1_92' title="bbox 2134 2976 3726 3045">
     <span class='ocr_line' id='line_1_92' title="bbox 2134 2976 3726 3045; baseline -0.001 -13"><span class='ocrx_word' id='word_1_712' title='bbox 2134 2988 2186 3032; x_wconf 91' lang='lat' dir='ltr'><strong>et</strong></span> <span class='ocrx_word' id='word_1_713' title='bbox 2231 2987 2354 3032; x_wconf 88' lang='lat' dir='ltr'><strong>ante</strong></span> <span class='ocrx_word' id='word_1_714' title='bbox 2395 2978 2792 3031; x_wconf 88' lang='lat' dir='ltr'><strong>matrimonium</strong></span> <span class='ocrx_word' id='word_1_715' title='bbox 2845 2987 2899 3031; x_wconf 92' lang='lat' dir='ltr'><strong>et</strong></span> <span class='ocrx_word' id='word_1_716' title='bbox 2949 2985 3067 3045; x_wconf 89' lang='lat' dir='ltr'><strong>post</strong></span> <span class='ocrx_word' id='word_1_717' title='bbox 3113 2976 3526 3030; x_wconf 86' lang='lat' dir='ltr'><strong>matrimonium.</strong></span> <span class='ocrx_word' id='word_1_718' title='bbox 3577 2976 3726 3031; x_wconf 84' lang='lat' dir='ltr'><strong>Cedo</strong></span> 
     </span>
    </p>
   </div>
   <div class='ocr_carea' id='block_1_93' title="bbox 2135 3065 3724 3137">
    <p class='ocr_par' dir='ltr' id='par_1_93' title="bbox 2135 3065 3724 3137">
     <span class='ocr_line' id='line_1_93' title="bbox 2135 3065 3724 3137; baseline -0.001 -17"><span class='ocrx_word' id='word_1_719' title='bbox 2135 3069 2315 3132; x_wconf 84' lang='lat' dir='ltr'><strong>cnim,</strong></span> <span class='ocrx_word' id='word_1_720' title='bbox 2365 3066 2506 3137; x_wconf 89' lang='lat' dir='ltr'><strong>quod</strong></span> <span class='ocrx_word' id='word_1_721' title='bbox 2540 3065 2934 3120; x_wconf 89' lang='lat' dir='ltr'><strong>matrimonium</strong></span> <span class='ocrx_word' id='word_1_722' title='bbox 2977 3066 3237 3119; x_wconf 87' lang='lat' dir='ltr'><strong>Adamum</strong></span> <span class='ocrx_word' id='word_1_723' title='bbox 3281 3066 3602 3134; x_wconf 78' lang='lat' dir='ltr'><strong>procreat-it,</strong></span> <span class='ocrx_word' id='word_1_724' title='bbox 3632 3067 3724 3135; x_wconf 89' lang='lat' dir='ltr'><strong>qui</strong></span> 
     </span>
    </p>
   </div>
   <div class='ocr_carea' id='block_1_94' title="bbox 2138 3155 3727 3229">
    <p class='ocr_par' dir='ltr' id='par_1_94' title="bbox 2138 3155 3727 3229">
     <span class='ocr_line' id='line_1_94' title="bbox 2138 3155 3727 3229; baseline -0.002 -15"><span class='ocrx_word' id='word_1_725' title='bbox 2138 3159 2299 3214; x_wconf 87' lang='lat' dir='ltr'><strong>Evam</strong></span> <span class='ocrx_word' id='word_1_726' title='bbox 2332 3170 2513 3229; x_wconf 91' lang='lat' dir='ltr'><strong>partus</strong></span> <span class='ocrx_word' id='word_1_727' title='bbox 2533 3158 2780 3214; x_wconf 88' lang='lat' dir='ltr'><strong>dolores?</strong></span> <span class='ocrx_word' id='word_1_728' title='bbox 2811 3157 3151 3228; x_wconf 81' lang='lat' dir='ltr'><strong>Nequaquam</strong></span> <span class='ocrx_word' id='word_1_729' title='bbox 3172 3158 3388 3212; x_wconf 77' lang='lat' dir='ltr'><strong>dixeris.</strong></span> <span class='ocrx_word' id='word_1_730' title='bbox 3407 3155 3542 3223; x_wconf 88' lang='lat' dir='ltr'><strong>Quid</strong></span> <span class='ocrx_word' id='word_1_731' title='bbox 3562 3158 3727 3228; x_wconf 89' lang='lat' dir='ltr'><strong>igitur</strong></span> 
     </span>
    </p>
   </div>
   <div class='ocr_carea' id='block_1_95' title="bbox 2134 3248 3725 3314">
    <p class='ocr_par' dir='ltr' id='par_1_95' title="bbox 2134 3248 3725 3314">
     <span class='ocr_line' id='line_1_95' title="bbox 2134 3248 3725 3314; baseline -0.001 -10"><span class='ocrx_word' id='word_1_732' title='bbox 2134 3265 2270 3305; x_wconf 88' lang='lat' dir='ltr'><strong>vane</strong></span> <span class='ocrx_word' id='word_1_733' title='bbox 2313 3249 2499 3305; x_wconf 86' lang='lat' dir='ltr'><strong>tremis</strong></span> <span class='ocrx_word' id='word_1_734' title='bbox 2528 3264 2591 3305; x_wconf 90' lang='lat' dir='ltr'><strong>ac</strong></span> <span class='ocrx_word' id='word_1_735' title='bbox 2619 3248 2909 3314; x_wconf 78' lang='lat' dir='ltr'><strong>formidas,</strong></span> <span class='ocrx_word' id='word_1_736' title='bbox 2951 3266 3019 3304; x_wconf 93' lang='lat' dir='ltr'><strong>ne</strong></span> <span class='ocrx_word' id='word_1_737' title='bbox 3059 3249 3395 3303; x_wconf 85' lang='lat' dir='ltr'><strong>matrimonio</strong></span> <span class='ocrx_word' id='word_1_738' title='bbox 3440 3249 3725 3303; x_wconf 87' lang='lat' dir='ltr'><strong>desinente</strong></span> 
     </span>
    </p>
   </div>
   <div class='ocr_carea' id='block_1_96' title="bbox 2143 3339 3725 3415">
    <p class='ocr_par' dir='ltr' id='par_1_96' title="bbox 2143 3339 3725 3415">
     <span class='ocr_line' id='line_1_96' title="bbox 2143 3339 3725 3415; baseline -0.003 -12"><span class='ocrx_word' id='word_1_739' title='bbox 2143 3349 2442 3403; x_wconf 88' lang='lat' dir='ltr'><strong>lmmanum</strong></span> <span class='ocrx_word' id='word_1_740' title='bbox 2467 3346 2628 3400; x_wconf 87' lang='lat' dir='ltr'><strong>etiam</strong></span> <span class='ocrx_word' id='word_1_741' title='bbox 2662 3356 2831 3413; x_wconf 90' lang='lat' dir='ltr'><strong>genus</strong></span> <span class='ocrx_word' id='word_1_742' title='bbox 2860 3339 3160 3398; x_wconf 87' lang='lat' dir='ltr'><strong>desiturum</strong></span> <span class='ocrx_word' id='word_1_743' title='bbox 3186 3343 3258 3398; x_wconf 89' lang='lat' dir='ltr'><strong>sit</strong></span> <span class='ocrx_word' id='word_1_744' title='bbox 3312 3339 3472 3415; x_wconf 85' lang='lat' dir='ltr'><strong>(Dan.</strong></span> <span class='ocrx_word' id='word_1_745' title='bbox 3502 3340 3557 3397; x_wconf 89' lang='grc'><strong>’1.</strong></span> <span class='ocrx_word' id='word_1_746' title='bbox 3588 3340 3725 3414; x_wconf 69' lang='lat'><strong>10)?</strong></span> 
     </span>
    </p>
   </div>
   <div class='ocr_carea' id='block_1_97' title="bbox 2138 3434 3722 3506">
    <p class='ocr_par' dir='ltr' id='par_1_97' title="bbox 2138 3434 3722 3506">
     <span class='ocr_line' id='line_1_97' title="bbox 2138 3434 3722 3506; baseline -0.002 -16"><span class='ocrx_word' id='word_1_747' title='bbox 2138 3437 2324 3491; x_wconf 89' lang='lat' dir='ltr'><strong>Decies</strong></span> <span class='ocrx_word' id='word_1_748' title='bbox 2353 3436 2550 3490; x_wconf 89' lang='lat' dir='ltr'><strong>millies</strong></span> <span class='ocrx_word' id='word_1_749' title='bbox 2574 3436 2708 3491; x_wconf 89' lang='lat' dir='ltr'><strong>dena</strong></span> <span class='ocrx_word' id='word_1_750' title='bbox 2738 3435 2902 3489; x_wconf 88' lang='lat' dir='ltr'><strong>millia</strong></span> <span class='ocrx_word' id='word_1_751' title='bbox 2924 3436 3233 3506; x_wconf 87' lang='lat' dir='ltr'><strong>angelorum</strong></span> <span class='ocrx_word' id='word_1_752' title='bbox 3257 3435 3365 3490; x_wconf 90' lang='lat' dir='ltr'><strong>Deo</strong></span> <span class='ocrx_word' id='word_1_753' title='bbox 3388 3434 3722 3501; x_wconf 86' lang='lat' dir='ltr'><strong>ministrant,</strong></span> 
     </span>
    </p>
   </div>
   <div class='ocr_carea' id='block_1_98' title="bbox 2136 3524 3726 3595">
    <p class='ocr_par' dir='ltr' id='par_1_98' title="bbox 2136 3524 3726 3595">
     <span class='ocr_line' id='line_1_98' title="bbox 2136 3524 3726 3595; baseline 0.001 -17"><span class='ocrx_word' id='word_1_754' title='bbox 2136 3527 2282 3579; x_wconf 92' lang='lat' dir='ltr'><strong>mille</strong></span> <span class='ocrx_word' id='word_1_755' title='bbox 2310 3526 2470 3579; x_wconf 90' lang='lat' dir='ltr'><strong>millia</strong></span> <span class='ocrx_word' id='word_1_756' title='bbox 2496 3525 2940 3595; x_wconf 80' lang='lat' dir='ltr'><strong>archangelorum</strong></span> <span class='ocrx_word' id='word_1_757' title='bbox 2967 3524 3103 3594; x_wconf 90' lang='lat' dir='ltr'><strong>apud</strong></span> <span class='ocrx_word' id='word_1_758' title='bbox 3125 3540 3245 3579; x_wconf 90' lang='lat' dir='ltr'><strong>eum</strong></span> <span class='ocrx_word' id='word_1_759' title='bbox 3267 3525 3516 3589; x_wconf 86' lang='lat' dir='ltr'><strong>adstant;</strong></span> <span class='ocrx_word' id='word_1_760' title='bbox 3546 3542 3726 3591; x_wconf 88' lang='lat' dir='ltr'><strong>neque</strong></span> 
     </span>
    </p>
   </div>
   <div class='ocr_carea' id='block_1_99' title="bbox 2133 3617 3726 3689">
    <p class='ocr_par' dir='ltr' id='par_1_99' title="bbox 2133 3617 3726 3689">
     <span class='ocr_line' id='line_1_99' title="bbox 2133 3617 3726 3689; baseline 0.001 -20"><span class='ocrx_word' id='word_1_761' title='bbox 2133 3633 2315 3671; x_wconf 82' lang='lat' dir='ltr'><strong>eorum</strong></span> <span class='ocrx_word' id='word_1_762' title='bbox 2347 3617 2623 3686; x_wconf 68' lang='grc' dir='ltr'><strong>ᾳιιίειιυειιιι</strong></span> <span class='ocrx_word' id='word_1_763' title='bbox 2657 3618 3054 3689; x_wconf 84' lang='lat' dir='ltr'><strong>propagatione,</strong></span> <span class='ocrx_word' id='word_1_764' title='bbox 3083 3626 3177 3671; x_wconf 83' lang='lat' dir='ltr'><strong>aut</strong></span> <span class='ocrx_word' id='word_1_765' title='bbox 3205 3629 3376 3686; x_wconf 88' lang='lat' dir='ltr'><strong>partu,</strong></span> <span class='ocrx_word' id='word_1_766' title='bbox 3421 3632 3485 3672; x_wconf 92' lang='lat' dir='ltr'><strong>ac</strong></span> <span class='ocrx_word' id='word_1_767' title='bbox 3520 3618 3726 3671; x_wconf 82' lang='lat' dir='ltr'><strong>dolori-</strong></span> 
     </span>
    </p>
   </div>
   <div class='ocr_carea' id='block_1_100' title="bbox 2135 3710 3725 3781">
    <p class='ocr_par' dir='ltr' id='par_1_100' title="bbox 2135 3710 3725 3781">
     <span class='ocr_line' id='line_1_100' title="bbox 2135 3710 3725 3781; baseline 0 -17"><span class='ocrx_word' id='word_1_768' title='bbox 2135 3712 2272 3774; x_wconf 91' lang='lat' dir='ltr'><strong>bus,</strong></span> <span class='ocrx_word' id='word_1_769' title='bbox 2321 3719 2375 3764; x_wconf 90' lang='lat' dir='ltr'><strong>et</strong></span> <span class='ocrx_word' id='word_1_770' title='bbox 2420 3713 2771 3780; x_wconf 75' lang='lat' dir='ltr'><strong>cenecptione</strong></span> <span class='ocrx_word' id='word_1_771' title='bbox 2820 3721 3130 3781; x_wconf 83' lang='lat' dir='ltr'><strong>procreatus</strong></span> <span class='ocrx_word' id='word_1_772' title='bbox 3174 3718 3275 3764; x_wconf 89' lang='lat' dir='ltr'><strong>est.</strong></span> <span class='ocrx_word' id='word_1_773' title='bbox 3327 3710 3507 3778; x_wconf 85' lang='lat' dir='ltr'><strong>Itaque</strong></span> <span class='ocrx_word' id='word_1_774' title='bbox 3550 3711 3725 3765; x_wconf 86' lang='lat' dir='ltr'><strong>multo</strong></span> 
     </span>
    </p>
   </div>
   <div class='ocr_carea' id='block_1_101' title="bbox 2134 3801 3725 3873">
    <p class='ocr_par' dir='ltr' id='par_1_101' title="bbox 2134 3801 3725 3873">
     <span class='ocr_line' id='line_1_101' title="bbox 2134 3801 3725 3873; baseline -0.001 -17"><span class='ocrx_word' id='word_1_775' title='bbox 2134 3804 2301 3873; x_wconf 90' lang='lat' dir='ltr'><strong>magis</strong></span> <span class='ocrx_word' id='word_1_776' title='bbox 2326 3803 2569 3857; x_wconf 85' lang='lat' dir='ltr'><strong>homines</strong></span> <span class='ocrx_word' id='word_1_777' title='bbox 2590 3803 2724 3857; x_wconf 88' lang='lat' dir='ltr'><strong>citra</strong></span> <span class='ocrx_word' id='word_1_778' title='bbox 2746 3803 3139 3857; x_wconf 88' lang='lat' dir='ltr'><strong>matrimonium</strong></span> <span class='ocrx_word' id='word_1_779' title='bbox 3160 3801 3430 3866; x_wconf 74' lang='lat' dir='ltr'><strong>finxisset;</strong></span> <span class='ocrx_word' id='word_1_780' title='bbox 3461 3802 3725 3870; x_wconf 82' lang='lat' dir='ltr'><strong>quemad-</strong></span> 
     </span>
    </p>
   </div>
   <div class='ocr_carea' id='block_1_102' title="bbox 2138 3894 3719 3964">
    <p class='ocr_par' dir='ltr' id='par_1_102' title="bbox 2138 3894 3719 3964">
     <span class='ocr_line' id='line_1_102' title="bbox 2138 3894 3719 3964; baseline -0.003 -15"><span class='ocrx_word' id='word_1_781' title='bbox 2138 3896 2352 3949; x_wconf 86' lang='lat' dir='ltr'><strong>modum</strong></span> <span class='ocrx_word' id='word_1_782' title='bbox 2384 3904 2439 3949; x_wconf 90' lang='lat' dir='ltr'><strong>et</strong></span> <span class='ocrx_word' id='word_1_783' title='bbox 2475 3895 2674 3964; x_wconf 90' lang='lat' dir='ltr'><strong>primos</strong></span> <span class='ocrx_word' id='word_1_784' title='bbox 2702 3895 2881 3960; x_wconf 73' lang='lat' dir='ltr'><strong>tinxit,</strong></span> <span class='ocrx_word' id='word_1_785' title='bbox 2927 3896 3069 3948; x_wconf 92' lang='lat' dir='ltr'><strong>unde</strong></span> <span class='ocrx_word' id='word_1_786' title='bbox 3107 3894 3352 3948; x_wconf 88' lang='lat' dir='ltr'><strong>homines</strong></span> <span class='ocrx_word' id='word_1_787' title='bbox 3375 3908 3563 3946; x_wconf 90' lang='lat' dir='ltr'><strong>omnes</strong></span> <span class='ocrx_word' id='word_1_788' title='bbox 3590 3894 3719 3946; x_wconf 90' lang='lat' dir='ltr'><strong>orti.</strong></span> 
     </span>
    </p>
   </div>
   <div class='ocr_carea' id='block_1_103' title="bbox 2201 3984 3723 4056">
    <p class='ocr_par' dir='ltr' id='par_1_103' title="bbox 2201 3984 3723 4056">
     <span class='ocr_line' id='line_1_103' title="bbox 2201 3984 3723 4056; baseline -0.002 -16"><span class='ocrx_word' id='word_1_789' title='bbox 2201 3985 2319 4040; x_wconf 76' lang='lat' dir='ltr'><strong>XV.</strong></span> <span class='ocrx_word' id='word_1_790' title='bbox 2365 3985 2741 4040; x_wconf 79' lang='lat' dir='ltr'><strong>Matrimonium</strong></span> <span class='ocrx_word' id='word_1_791' title='bbox 2768 4002 2922 4056; x_wconf 85' lang='lat' dir='ltr'><strong>genus</strong></span> <span class='ocrx_word' id='word_1_792' title='bbox 2944 3994 3168 4038; x_wconf 87' lang='lat' dir='ltr'><strong>nostrum</strong></span> <span class='ocrx_word' id='word_1_793' title='bbox 3194 4001 3295 4037; x_wconf 86' lang='lat' dir='ltr'><strong>non</strong></span> <span class='ocrx_word' id='word_1_794' title='bbox 3322 4000 3527 4052; x_wconf 84' lang='lat' dir='ltr'><strong>augere.</strong></span> <span class='ocrx_word' id='word_1_795' title='bbox 3554 3984 3723 4037; x_wconf 80' lang='lat' dir='ltr'><strong>—Ac</strong></span> 
     </span>
    </p>
   </div>
   <div class='ocr_carea' id='block_1_104' title="bbox 2132 4074 3721 4149">
    <p class='ocr_par' dir='ltr' id='par_1_104' title="bbox 2132 4074 3721 4149">
     <span class='ocr_line' id='line_1_104' title="bbox 2132 4074 3721 4149; baseline -0.003 -17"><span class='ocrx_word' id='word_1_796' title='bbox 2132 4095 2274 4133; x_wconf 89' lang='lat' dir='ltr'><strong>nunc</strong></span> <span class='ocrx_word' id='word_1_797' title='bbox 2293 4094 2462 4149; x_wconf 87' lang='lat' dir='ltr'><strong>genus</strong></span> <span class='ocrx_word' id='word_1_798' title='bbox 2501 4089 2742 4132; x_wconf 91' lang='lat' dir='ltr'><strong>nostrum</strong></span> <span class='ocrx_word' id='word_1_799' title='bbox 2776 4077 3074 4146; x_wconf 80' lang='lat' dir='ltr'><strong>frequentat</strong></span> <span class='ocrx_word' id='word_1_800' title='bbox 3102 4091 3206 4130; x_wconf 89' lang='lat' dir='ltr'><strong>non</strong></span> <span class='ocrx_word' id='word_1_801' title='bbox 3254 4075 3582 4128; x_wconf 87' lang='lat' dir='ltr'><strong>matrimonii</strong></span> <span class='ocrx_word' id='word_1_802' title='bbox 3612 4074 3721 4137; x_wconf 86' lang='lat' dir='ltr'><strong>vis,</strong></span> 
     </span>
    </p>
   </div>
   <div class='ocr_carea' id='block_1_105' title="bbox 2130 4165 3722 4237">
    <p class='ocr_par' dir='ltr' id='par_1_105' title="bbox 2130 4165 3722 4237">
     <span class='ocr_line' id='line_1_105' title="bbox 2130 4165 3722 4237; baseline -0.005 -11"><span class='ocrx_word' id='word_1_803' title='bbox 2130 4171 2224 4226; x_wconf 87' lang='lat' dir='ltr'><strong>sed</strong></span> <span class='ocrx_word' id='word_1_804' title='bbox 2256 4170 2463 4224; x_wconf 87' lang='lat' dir='ltr'><strong>Domini</strong></span> <span class='ocrx_word' id='word_1_805' title='bbox 2493 4170 2602 4237; x_wconf 89' lang='lat' dir='ltr'><strong>jam</strong></span> <span class='ocrx_word' id='word_1_806' title='bbox 2632 4169 2787 4223; x_wconf 88' lang='lat' dir='ltr'><strong>initio</strong></span> <span class='ocrx_word' id='word_1_807' title='bbox 2811 4168 3032 4231; x_wconf 86' lang='lat' dir='ltr'><strong>dictum,</strong></span> <span class='ocrx_word' id='word_1_808' title='bbox 3064 4167 3282 4221; x_wconf 79' lang='lat' dir='ltr'><strong>Crescite</strong></span> <span class='ocrx_word' id='word_1_809' title='bbox 3318 4174 3363 4219; x_wconf 80' lang='lat' dir='ltr'><strong>et</strong></span> <span class='ocrx_word' id='word_1_810' title='bbox 3402 4165 3722 4235; x_wconf 84' lang='lat' dir='ltr'><strong>multiplica-</strong></span> 
     </span>
    </p>
   </div>
   <div class='ocr_carea' id='block_1_106' title="bbox 2131 4257 3719 4330">
    <p class='ocr_par' dir='ltr' id='par_1_106' title="bbox 2131 4257 3719 4330">
     <span class='ocr_line' id='line_1_106' title="bbox 2131 4257 3719 4330; baseline -0.003 -17"><span class='ocrx_word' id='word_1_811' title='bbox 2131 4278 2163 4313; x_wconf 72' lang='grc' dir='ltr'><strong><em>υ</em></strong></span> <span class='ocrx_word' id='word_1_812' title='bbox 2183 4263 2275 4325; x_wconf 90' lang='lat' dir='ltr'><strong>ini,</strong></span> <span class='ocrx_word' id='word_1_813' title='bbox 2305 4272 2351 4316; x_wconf 91' lang='lat' dir='ltr'><strong>et</strong></span> <span class='ocrx_word' id='word_1_814' title='bbox 2376 4262 2562 4330; x_wconf 86' lang='lat' dir='ltr'><strong>replete</strong></span> <span class='ocrx_word' id='word_1_815' title='bbox 2587 4270 2776 4314; x_wconf 84' lang='lat' dir='ltr'><strong>terram</strong></span> <span class='ocrx_word' id='word_1_816' title='bbox 2806 4259 2955 4330; x_wconf 84' lang='lat' dir='ltr'><strong>(Gen.</strong></span> <span class='ocrx_word' id='word_1_817' title='bbox 2980 4261 3030 4313; x_wconf 82' lang='lat' dir='ltr'><strong>l.</strong></span> <span class='ocrx_word' id='word_1_818' title='bbox 3057 4257 3171 4329; x_wconf 67' lang='lat'><strong>28).</strong></span> <span class='ocrx_word' id='word_1_819' title='bbox 3203 4258 3339 4326; x_wconf 85' lang='lat' dir='ltr'><strong>Quid</strong></span> <span class='ocrx_word' id='word_1_820' title='bbox 3368 4257 3513 4312; x_wconf 90' lang='lat' dir='ltr'><strong>enim</strong></span> <span class='ocrx_word' id='word_1_821' title='bbox 3547 4257 3719 4310; x_wconf 89' lang='lat' dir='ltr'><strong>Abra-</strong></span> 
     </span>
    </p>
   </div>
   <div class='ocr_carea' id='block_1_107' title="bbox 2133 4348 3719 4423">
    <p class='ocr_par' dir='ltr' id='par_1_107' title="bbox 2133 4348 3719 4423">
     <span class='ocr_line' id='line_1_107' title="bbox 2133 4348 3719 4423; baseline -0.004 -14"><span class='ocrx_word' id='word_1_822' title='bbox 2133 4354 2292 4409; x_wconf 87' lang='lat' dir='ltr'><strong>hamo</strong></span> <span class='ocrx_word' id='word_1_823' title='bbox 2316 4353 2382 4408; x_wconf 89' lang='lat' dir='ltr'><strong>ad</strong></span> <span class='ocrx_word' id='word_1_824' title='bbox 2423 4352 2624 4407; x_wconf 90' lang='lat' dir='ltr'><strong>liberos</strong></span> <span class='ocrx_word' id='word_1_825' title='bbox 2652 4351 2945 4423; x_wconf 88' lang='lat' dir='ltr'><strong>gignendos</strong></span> <span class='ocrx_word' id='word_1_826' title='bbox 2973 4366 3058 4405; x_wconf 86' lang='lat' dir='ltr'><strong>res</strong></span> <span class='ocrx_word' id='word_1_827' title='bbox 3088 4350 3187 4402; x_wconf 89' lang='lat' dir='ltr'><strong>ista</strong></span> <span class='ocrx_word' id='word_1_828' title='bbox 3232 4348 3468 4419; x_wconf 86' lang='lat' dir='ltr'><strong>profuit?</strong></span> <span class='ocrx_word' id='word_1_829' title='bbox 3497 4363 3565 4401; x_wconf 90' lang='lat' dir='ltr'><strong>an</strong></span> <span class='ocrx_word' id='word_1_830' title='bbox 3606 4363 3719 4402; x_wconf 90' lang='lat' dir='ltr'><strong>non</strong></span> 
     </span>
    </p>
   </div>
   <div class='ocr_carea' id='block_1_108' title="bbox 2130 4439 3721 4509">
    <p class='ocr_par' dir='ltr' id='par_1_108' title="bbox 2130 4439 3721 4509">
     <span class='ocr_line' id='line_1_108' title="bbox 2130 4439 3721 4509; baseline -0.006 -8"><span class='ocrx_word' id='word_1_831' title='bbox 2130 4462 2192 4500; x_wconf 89' lang='lat' dir='ltr'><strong>ea</strong></span> <span class='ocrx_word' id='word_1_832' title='bbox 2221 4454 2299 4501; x_wconf 92' lang='lat' dir='ltr'><strong>tot</strong></span> <span class='ocrx_word' id='word_1_833' title='bbox 2322 4459 2494 4500; x_wconf 88' lang='lat' dir='ltr'><strong>annos</strong></span> <span class='ocrx_word' id='word_1_834' title='bbox 2534 4460 2681 4509; x_wconf 90' lang='lat' dir='ltr'><strong>usus,</strong></span> <span class='ocrx_word' id='word_1_835' title='bbox 2718 4444 2930 4497; x_wconf 88' lang='lat' dir='ltr'><strong>tandem</strong></span> <span class='ocrx_word' id='word_1_836' title='bbox 2977 4441 3114 4496; x_wconf 91' lang='lat' dir='ltr'><strong>hanc</strong></span> <span class='ocrx_word' id='word_1_837' title='bbox 3137 4455 3323 4495; x_wconf 84' lang='lat' dir='ltr'><strong>vocem</strong></span> <span class='ocrx_word' id='word_1_838' title='bbox 3352 4439 3571 4495; x_wconf 86' lang='lat' dir='ltr'><strong>emisit:</strong></span> <span class='ocrx_word' id='word_1_839' title='bbox 3605 4439 3721 4492; x_wconf 86' lang='lat' dir='ltr'><strong>Do-</strong></span> 
     </span>
    </p>
   </div>
   <div class='ocr_carea' id='block_1_109' title="bbox 2129 4532 3721 4611">
    <p class='ocr_par' dir='ltr' id='par_1_109' title="bbox 2129 4532 3721 4611">
     <span class='ocr_line' id='line_1_109' title="bbox 2129 4532 3721 4611; baseline -0.006 -17"><span class='ocrx_word' id='word_1_840' title='bbox 2129 4541 2282 4607; x_wconf 84' lang='lat' dir='ltr'><strong>mine,</strong></span> <span class='ocrx_word' id='word_1_841' title='bbox 2310 4538 2551 4611; x_wconf 84' lang='lat' dir='ltr'><strong>quidnam</strong></span> <span class='ocrx_word' id='word_1_842' title='bbox 2580 4538 2704 4591; x_wconf 80' lang='lat' dir='ltr'><strong>milti</strong></span> <span class='ocrx_word' id='word_1_843' title='bbox 2732 4538 2942 4590; x_wconf 86' lang='lat' dir='ltr'><strong>daturus</strong></span> <span class='ocrx_word' id='word_1_844' title='bbox 2970 4552 3042 4600; x_wconf 86' lang='lat' dir='ltr'><strong>es,</strong></span> <span class='ocrx_word' id='word_1_845' title='bbox 3070 4551 3185 4587; x_wconf 89' lang='lat' dir='ltr'><strong>cum</strong></span> <span class='ocrx_word' id='word_1_846' title='bbox 3219 4533 3327 4587; x_wconf 89' lang='lat' dir='ltr'><strong>sine</strong></span> <span class='ocrx_word' id='word_1_847' title='bbox 3355 4532 3522 4587; x_wconf 82' lang='lat' dir='ltr'><strong>liberis</strong></span> <span class='ocrx_word' id='word_1_848' title='bbox 3567 4536 3721 4585; x_wconf 84' lang='lat' dir='ltr'><strong>dece-</strong></span> 
     </span>
    </p>
   </div>
   <div class='ocr_carea' id='block_1_110' title="bbox 2129 4621 3721 4701">
    <p class='ocr_par' dir='ltr' id='par_1_110' title="bbox 2129 4621 3721 4701">
     <span class='ocr_line' id='line_1_110' title="bbox 2129 4621 3721 4701; baseline -0.005 -17"><span class='ocrx_word' id='word_1_849' title='bbox 2129 4632 2246 4684; x_wconf 86' lang='lat' dir='ltr'><strong>dam</strong></span> <span class='ocrx_word' id='word_1_850' title='bbox 2280 4629 2430 4701; x_wconf 79' lang='lat' dir='ltr'><strong>(Gen.</strong></span> <span class='ocrx_word' id='word_1_851' title='bbox 2455 4629 2541 4683; x_wconf 79' lang='grc'><strong>15.</strong></span> <span class='ocrx_word' id='word_1_852' title='bbox 2563 4626 2621 4699; x_wconf 77' lang='lat'><strong>2)</strong></span> <span class='ocrx_word' id='word_1_853' title='bbox 2638 4627 2661 4680; x_wconf 77' lang='lat' dir='ltr'><strong>‘i</strong></span> <span class='ocrx_word' id='word_1_854' title='bbox 2688 4627 2868 4696; x_wconf 88' lang='lat' dir='ltr'><strong>Itaque</strong></span> <span class='ocrx_word' id='word_1_855' title='bbox 2889 4634 2946 4678; x_wconf 93' lang='lat' dir='ltr'><strong>ut</strong></span> <span class='ocrx_word' id='word_1_856' title='bbox 2973 4634 3084 4678; x_wconf 93' lang='lat' dir='ltr'><strong>tum</strong></span> <span class='ocrx_word' id='word_1_857' title='bbox 3112 4639 3179 4679; x_wconf 84' lang='lat' dir='ltr'><strong>ex</strong></span> <span class='ocrx_word' id='word_1_858' title='bbox 3204 4622 3378 4678; x_wconf 78' lang='lat' dir='ltr'><strong>effetis</strong></span> <span class='ocrx_word' id='word_1_859' title='bbox 3396 4621 3721 4690; x_wconf 87' lang='lat' dir='ltr'><strong>corporibus</strong></span> 
     </span>
    </p>
   </div>
   <div class='ocr_carea' id='block_1_111' title="bbox 2132 4712 3721 4787">
    <p class='ocr_par' dir='ltr' id='par_1_111' title="bbox 2132 4712 3721 4787">
     <span class='ocr_line' id='line_1_111' title="bbox 2132 4712 3721 4787; baseline -0.005 -11"><span class='ocrx_word' id='word_1_860' title='bbox 2132 4723 2270 4776; x_wconf 83' lang='lat' dir='ltr'><strong>Deus</strong></span> <span class='ocrx_word' id='word_1_861' title='bbox 2312 4729 2394 4775; x_wconf 92' lang='lat' dir='ltr'><strong>tot</strong></span> <span class='ocrx_word' id='word_1_862' title='bbox 2420 4719 2656 4774; x_wconf 89' lang='lat' dir='ltr'><strong>millibus</strong></span> <span class='ocrx_word' id='word_1_863' title='bbox 2695 4717 2956 4787; x_wconf 88' lang='lat' dir='ltr'><strong>originem</strong></span> <span class='ocrx_word' id='word_1_864' title='bbox 2984 4723 3142 4784; x_wconf 91' lang='lat' dir='ltr'><strong>atque</strong></span> <span class='ocrx_word' id='word_1_865' title='bbox 3172 4714 3380 4767; x_wconf 89' lang='lat' dir='ltr'><strong>initimn</strong></span> <span class='ocrx_word' id='word_1_866' title='bbox 3425 4712 3593 4778; x_wconf 87' lang='lat' dir='ltr'><strong>dedit,</strong></span> <span class='ocrx_word' id='word_1_867' title='bbox 3636 4714 3721 4768; x_wconf 85' lang='lat' dir='ltr'><strong>sic</strong></span> 
     </span>
    </p>
   </div>
   <div class='ocr_carea' id='block_1_112' title="bbox 2129 4801 3722 4881">
    <p class='ocr_par' dir='ltr' id='par_1_112' title="bbox 2129 4801 3722 4881">
     <span class='ocr_line' id='line_1_112' title="bbox 2129 4801 3722 4881; baseline -0.008 -16"><span class='ocrx_word' id='word_1_868' title='bbox 2129 4811 2409 4881; x_wconf 88' lang='lat' dir='ltr'><strong>principio,</strong></span> <span class='ocrx_word' id='word_1_869' title='bbox 2438 4810 2484 4863; x_wconf 82' lang='lat' dir='ltr'><strong>si</strong></span> <span class='ocrx_word' id='word_1_870' title='bbox 2510 4808 2629 4877; x_wconf 88' lang='lat' dir='ltr'><strong>ejus</strong></span> <span class='ocrx_word' id='word_1_871' title='bbox 2654 4807 2817 4878; x_wconf 88' lang='lat' dir='ltr'><strong>jussis</strong></span> <span class='ocrx_word' id='word_1_872' title='bbox 2846 4805 3105 4859; x_wconf 87' lang='lat' dir='ltr'><strong>obedieus</strong></span> <span class='ocrx_word' id='word_1_873' title='bbox 3133 4803 3370 4857; x_wconf 83' lang='lat' dir='ltr'><strong>Adamus</strong></span> <span class='ocrx_word' id='word_1_874' title='bbox 3391 4801 3600 4857; x_wconf 89' lang='lat' dir='ltr'><strong>arboris</strong></span> <span class='ocrx_word' id='word_1_875' title='bbox 3623 4818 3722 4853; x_wconf 87' lang='lat' dir='ltr'><strong>vo-</strong></span> 
     </span>
    </p>
   </div>
   <div class='ocr_carea' id='block_1_113' title="bbox 2129 4893 3718 4972">
    <p class='ocr_par' dir='ltr' id='par_1_113' title="bbox 2129 4893 3718 4972">
     <span class='ocr_line' id='line_1_113' title="bbox 2129 4893 3718 4972; baseline -0.009 -15"><span class='ocrx_word' id='word_1_876' title='bbox 2129 4904 2382 4972; x_wconf 90' lang='lat' dir='ltr'><strong>luptatem</strong></span> <span class='ocrx_word' id='word_1_877' title='bbox 2410 4899 2675 4969; x_wconf 88' lang='lat' dir='ltr'><strong>fregisset,</strong></span> <span class='ocrx_word' id='word_1_878' title='bbox 2708 4896 2847 4951; x_wconf 90' lang='lat' dir='ltr'><strong>haud</strong></span> <span class='ocrx_word' id='word_1_879' title='bbox 2873 4910 3003 4951; x_wconf 89' lang='lat' dir='ltr'><strong>sane</strong></span> <span class='ocrx_word' id='word_1_880' title='bbox 3029 4894 3097 4949; x_wconf 88' lang='lat' dir='ltr'><strong>de</strong></span> <span class='ocrx_word' id='word_1_881' title='bbox 3121 4894 3205 4947; x_wconf 86' lang='lat' dir='ltr'><strong>via</strong></span> <span class='ocrx_word' id='word_1_882' title='bbox 3253 4893 3568 4955; x_wconf 87' lang='lat' dir='ltr'><strong>laborasset,</strong></span> <span class='ocrx_word' id='word_1_883' title='bbox 3608 4908 3718 4960; x_wconf 84' lang='lat' dir='ltr'><strong>qua</strong></span> 
     </span>
    </p>
   </div>
   <div class='ocr_carea' id='block_1_114' title="bbox 2128 4982 3721 5061">
    <p class='ocr_par' dir='ltr' id='par_1_114' title="bbox 2128 4982 3721 5061">
     <span class='ocr_line' id='line_1_114' title="bbox 2128 4982 3721 5061; baseline -0.008 -15"><span class='ocrx_word' id='word_1_884' title='bbox 2128 4993 2420 5046; x_wconf 89' lang='lat' dir='ltr'><strong>humanum</strong></span> <span class='ocrx_word' id='word_1_885' title='bbox 2451 5005 2621 5061; x_wconf 92' lang='lat' dir='ltr'><strong>genus</strong></span> <span class='ocrx_word' id='word_1_886' title='bbox 2652 4996 2891 5058; x_wconf 90' lang='lat' dir='ltr'><strong>augeret.</strong></span> <span class='ocrx_word' id='word_1_887' title='bbox 2920 4985 3107 5054; x_wconf 84' lang='lat' dir='ltr'><strong>Neque</strong></span> <span class='ocrx_word' id='word_1_888' title='bbox 3133 4984 3276 5038; x_wconf 90' lang='lat' dir='ltr'><strong>enim</strong></span> <span class='ocrx_word' id='word_1_889' title='bbox 3310 4992 3401 5036; x_wconf 89' lang='lat' dir='ltr'><strong>aut</strong></span> <span class='ocrx_word' id='word_1_890' title='bbox 3432 4982 3721 5035; x_wconf 79' lang='lat' dir='ltr'><strong>matrimo-</strong></span> 
     </span>
    </p>
   </div>
   <div class='ocr_carea' id='block_1_115' title="bbox 2126 5074 3717 5145">
    <p class='ocr_par' dir='ltr' id='par_1_115' title="bbox 2126 5074 3717 5145">
     <span class='ocr_line' id='line_1_115' title="bbox 2126 5074 3717 5145; baseline -0.009 -6"><span class='ocrx_word' id='word_1_891' title='bbox 2126 5086 2294 5145; x_wconf 89' lang='lat' dir='ltr'><strong>nium,</strong></span> <span class='ocrx_word' id='word_1_892' title='bbox 2314 5083 2528 5143; x_wconf 85' lang='lat' dir='ltr'><strong>nolente</strong></span> <span class='ocrx_word' id='word_1_893' title='bbox 2546 5081 2672 5143; x_wconf 89' lang='lat' dir='ltr'><strong>Deo,</strong></span> <span class='ocrx_word' id='word_1_894' title='bbox 2694 5078 2941 5132; x_wconf 88' lang='lat' dir='ltr'><strong>homines</strong></span> <span class='ocrx_word' id='word_1_895' title='bbox 2962 5075 3268 5145; x_wconf 88' lang='lat' dir='ltr'><strong>frequentes</strong></span> <span class='ocrx_word' id='word_1_896' title='bbox 3290 5074 3505 5129; x_wconf 80' lang='lat' dir='ltr'><strong>efﬁcere</strong></span> <span class='ocrx_word' id='word_1_897' title='bbox 3525 5086 3717 5143; x_wconf 86' lang='lat' dir='ltr'><strong>queat,</strong></span> 
     </span>
    </p>
   </div>
   <div class='ocr_carea' id='block_1_116' title="bbox 2127 5165 3719 5243">
    <p class='ocr_par' dir='ltr' id='par_1_116' title="bbox 2127 5165 3719 5243">
     <span class='ocr_line' id='line_1_116' title="bbox 2127 5165 3719 5243; baseline -0.006 -17"><span class='ocrx_word' id='word_1_898' title='bbox 2127 5187 2217 5229; x_wconf 84' lang='lat' dir='ltr'><strong>aut</strong></span> <span class='ocrx_word' id='word_1_899' title='bbox 2245 5174 2539 5243; x_wconf 87' lang='lat' dir='ltr'><strong>virginitas,</strong></span> <span class='ocrx_word' id='word_1_900' title='bbox 2567 5171 2779 5226; x_wconf 90' lang='lat' dir='ltr'><strong>volente</strong></span> <span class='ocrx_word' id='word_1_901' title='bbox 2805 5185 2870 5224; x_wconf 90' lang='lat' dir='ltr'><strong>eo</strong></span> <span class='ocrx_word' id='word_1_902' title='bbox 2899 5168 3201 5238; x_wconf 85' lang='lat' dir='ltr'><strong>frequentes</strong></span> <span class='ocrx_word' id='word_1_903' title='bbox 3237 5181 3381 5229; x_wconf 87' lang='lat' dir='ltr'><strong>esse,</strong></span> <span class='ocrx_word' id='word_1_904' title='bbox 3416 5182 3465 5218; x_wconf 93' lang='lat' dir='ltr'><strong>m</strong></span> <span class='ocrx_word' id='word_1_905' title='bbox 3485 5165 3719 5219; x_wconf 83' lang='lat' dir='ltr'><strong>.ltitndi-</strong></span> 
     </span>
    </p>
   </div>
   <div class='ocr_carea' id='block_1_117' title="bbox 2126 5258 3717 5329">
    <p class='ocr_par' dir='ltr' id='par_1_117' title="bbox 2126 5258 3717 5329">
     <span class='ocr_line' id='line_1_117' title="bbox 2126 5258 3717 5329; baseline -0.007 -9"><span class='ocrx_word' id='word_1_906' title='bbox 2126 5281 2247 5321; x_wconf 77' lang='lat' dir='ltr'><strong>nem</strong></span> <span class='ocrx_word' id='word_1_907' title='bbox 2289 5264 2514 5318; x_wconf 91' lang='lat' dir='ltr'><strong>minuet.</strong></span> <span class='ocrx_word' id='word_1_908' title='bbox 2558 5264 2628 5317; x_wconf 83' lang='lat' dir='ltr'><strong>At</strong></span> <span class='ocrx_word' id='word_1_909' title='bbox 2670 5263 2738 5316; x_wconf 89' lang='lat' dir='ltr'><strong>ita</strong></span> <span class='ocrx_word' id='word_1_910' title='bbox 2786 5260 2973 5326; x_wconf 90' lang='lat' dir='ltr'><strong>voluit,</strong></span> <span class='ocrx_word' id='word_1_911' title='bbox 3018 5258 3209 5329; x_wconf 90' lang='lat' dir='ltr'><strong>inquit,</strong></span> <span class='ocrx_word' id='word_1_912' title='bbox 3260 5268 3476 5326; x_wconf 89' lang='lat' dir='ltr'><strong>pr0pter</strong></span> <span class='ocrx_word' id='word_1_913' title='bbox 3504 5270 3605 5309; x_wconf 84' lang='lat' dir='ltr'><strong>nos</strong></span> <span class='ocrx_word' id='word_1_914' title='bbox 3651 5270 3717 5310; x_wconf 82' lang='lat' dir='ltr'><strong>ac</strong></span> 
     </span>
    </p>
   </div>
   <div class='ocr_carea' id='block_1_118' title="bbox 2124 5349 3717 5427">
    <p class='ocr_par' dir='ltr' id='par_1_118' title="bbox 2124 5349 3717 5427">
     <span class='ocr_line' id='line_1_118' title="bbox 2124 5349 3717 5427; baseline -0.009 -12"><span class='ocrx_word' id='word_1_915' title='bbox 2124 5370 2364 5415; x_wconf 87' lang='lat' dir='ltr'><strong>nostram</strong></span> <span class='ocrx_word' id='word_1_916' title='bbox 2413 5356 2787 5427; x_wconf 88' lang='lat' dir='ltr'><strong>pervicaciam.</strong></span> <span class='ocrx_word' id='word_1_917' title='bbox 2819 5353 2950 5408; x_wconf 82' lang='lat' dir='ltr'><strong>Nam</strong></span> <span class='ocrx_word' id='word_1_918' title='bbox 2992 5368 3089 5407; x_wconf 91' lang='lat' dir='ltr'><strong>cur</strong></span> <span class='ocrx_word' id='word_1_919' title='bbox 3139 5366 3243 5405; x_wconf 92' lang='lat' dir='ltr'><strong>non</strong></span> <span class='ocrx_word' id='word_1_920' title='bbox 3273 5360 3398 5404; x_wconf 88' lang='lat' dir='ltr'><strong>ante</strong></span> <span class='ocrx_word' id='word_1_921' title='bbox 3441 5349 3717 5418; x_wconf 82' lang='lat' dir='ltr'><strong>deceptio—</strong></span> 
     </span>
    </p>
   </div>
   <div class='ocr_carea' id='block_1_119' title="bbox 2125 5439 3717 5515">
    <p class='ocr_par' dir='ltr' id='par_1_119' title="bbox 2125 5439 3717 5515">
     <span class='ocr_line' id='line_1_119' title="bbox 2125 5439 3717 5515; baseline -0.009 -10"><span class='ocrx_word' id='word_1_922' title='bbox 2125 5467 2244 5506; x_wconf 90' lang='lat' dir='ltr'><strong>nem</strong></span> <span class='ocrx_word' id='word_1_923' title='bbox 2288 5448 2682 5503; x_wconf 87' lang='lat' dir='ltr'><strong>matrimonium</strong></span> <span class='ocrx_word' id='word_1_924' title='bbox 2718 5443 2953 5515; x_wconf 79' lang='lat' dir='ltr'><strong>prodiit?</strong></span> <span class='ocrx_word' id='word_1_925' title='bbox 2981 5458 3076 5497; x_wconf 89' lang='lat' dir='ltr'><strong>cur</strong></span> <span class='ocrx_word' id='word_1_926' title='bbox 3105 5456 3209 5495; x_wconf 90' lang='lat' dir='ltr'><strong>non</strong></span> <span class='ocrx_word' id='word_1_927' title='bbox 3238 5441 3290 5493; x_wconf 90' lang='lat' dir='ltr'><strong>in</strong></span> <span class='ocrx_word' id='word_1_928' title='bbox 3323 5439 3569 5508; x_wconf 88' lang='lat' dir='ltr'><strong>paradiso</strong></span> <span class='ocrx_word' id='word_1_929' title='bbox 3600 5439 3717 5493; x_wconf 82' lang='lat' dir='ltr'><strong>coi-</strong></span> 
     </span>
    </p>
   </div>
   <div class='ocr_carea' id='block_1_120' title="bbox 2124 5529 3715 5600">
    <p class='ocr_par' dir='ltr' id='par_1_120' title="bbox 2124 5529 3715 5600">
     <span class='ocr_line' id='line_1_120' title="bbox 2124 5529 3715 5600; baseline -0.012 -1"><span class='ocrx_word' id='word_1_930' title='bbox 2124 5543 2246 5599; x_wconf 91' lang='lat' dir='ltr'><strong>tus?</strong></span> <span class='ocrx_word' id='word_1_931' title='bbox 2287 5557 2388 5596; x_wconf 89' lang='lat' dir='ltr'><strong>eur</strong></span> <span class='ocrx_word' id='word_1_932' title='bbox 2435 5554 2540 5593; x_wconf 93' lang='lat' dir='ltr'><strong>non</strong></span> <span class='ocrx_word' id='word_1_933' title='bbox 2591 5546 2715 5593; x_wconf 90' lang='lat' dir='ltr'><strong>ante</strong></span> <span class='ocrx_word' id='word_1_934' title='bbox 2744 5534 3170 5590; x_wconf 90' lang='lat' dir='ltr'><strong>maledictioncm</strong></span> <span class='ocrx_word' id='word_1_935' title='bbox 3223 5541 3404 5600; x_wconf 86' lang='lat' dir='ltr'><strong>partus</strong></span> <span class='ocrx_word' id='word_1_936' title='bbox 3456 5529 3715 5583; x_wconf 77' lang='lat' dir='ltr'><strong>dolores?</strong></span> 
     </span>
    </p>
   </div>
   <div class='ocr_carea' id='block_1_121' title="bbox 2126 5622 3711 5700">
    <p class='ocr_par' dir='ltr' id='par_1_121' title="bbox 2126 5622 3711 5700">
     <span class='ocr_line' id='line_1_121' title="bbox 2126 5622 3711 5700; baseline -0.008 -13"><span class='ocrx_word' id='word_1_937' title='bbox 2126 5633 2286 5688; x_wconf 85' lang='lat' dir='ltr'><strong>Erant</strong></span> <span class='ocrx_word' id='word_1_938' title='bbox 2316 5644 2505 5700; x_wconf 86' lang='lat' dir='ltr'><strong>nempe</strong></span> <span class='ocrx_word' id='word_1_939' title='bbox 2534 5628 2649 5684; x_wconf 63' lang='lat' dir='ltr'><strong>haec</strong></span> <span class='ocrx_word' id='word_1_940' title='bbox 2687 5638 3113 5698; x_wconf 64' lang='lat' dir='ltr'><strong>supervacanea;</strong></span> <span class='ocrx_word' id='word_1_941' title='bbox 3158 5622 3208 5678; x_wconf 90' lang='lat' dir='ltr'><strong>in</strong></span> <span class='ocrx_word' id='word_1_942' title='bbox 3259 5630 3530 5693; x_wconf 84' lang='lat' dir='ltr'><strong>posterum</strong></span> <span class='ocrx_word' id='word_1_943' title='bbox 3583 5635 3711 5674; x_wconf 72' lang='lat' dir='ltr'><strong>vero</strong></span> 
     </span>
    </p>
   </div>
  </div>
