3884 6214
179 254 281 309 565

181 365 322 433 Ἐγὼ
350 365 453 436 μὲν
489 365 583 419 ἐπὶ
610 365 706 435 τὴν
734 366 943 439 ὑψηλὴν
975 369 1182 440 ταύτην
1221 369 1465 441 κορυφὴν
1491 370 1593 423 οὐκ
1616 370 1762 423 ἐτόλ-

170 461 326 518 μωνι
356 450 508 519 ὑμᾶς
535 453 764 519 ἀγαγεῖν
778 451 865 505 διὰ
887 453 951 505 τὸ
981 452 1079 507 τοῦ
1108 453 1431 525 πράγματος
1462 452 1763 524 δυσκατόρ-

168 531 340 585 θωτον
366 550 380 564 ο
430 534 617 604 ἐπειδὴ
669 534 728 588 δὲ
771 537 926 589 αὐτοὶ
970 536 1277 606 φθάσαντες
1323 538 1600 608 ἐγράψατέ
1651 556 1764 608 μοι,

170 616 310 686 μετά
347 616 444 669 τοῦ
475 617 698 688 θαρρεῖν
740 618 998 690 ποιοῦμαι
1045 620 1142 691 τὴν
1192 620 1525 690 συμϐουλήν.
1572 619 1672 672 Διά
1713 620 1766 672 τί

166 703 277 773 γὰρ
310 702 455 773 ὑπὲρ
480 701 693 755 πολλῶν
718 703 1048 774 γραψάντων
1076 704 1303 758 ἐκείνων
1335 703 1574 773 οὐδαμοῦ
1608 702 1768 756 τοῦτο

168 783 515 854 προσέθηκε;
545 787 623 837 Δι’
662 786 813 839 οὐδὲν
848 787 1034 857 ἕτερον
1071 787 1105 857 ἢ
1142 786 1231 840 διά
1260 787 1417 840 τοῦτο
1449 787 1586 857 ὅπερ
1613 782 1766 838 εἷπον

167 868 262 920 νῦν
282 884 298 897 ·
323 868 413 920 ἵνα
437 867 549 938 γάρ
578 870 652 938 μή
695 886 780 933 τις
817 869 1125 942 δυσχεράνῃ
1157 870 1256 940 τὴν
1282 869 1626 939 παραίνεσιν,
1655 867 1765 920 τῶν

170 950 520 1020 γραμμάτων
556 951 782 1015 αὐτοὺς,
837 946 912 1004 ὧν
947 952 1198 1022 ἔπεμψαν
1223 953 1273 1016 1‘,
1316 952 1758 1022 ὑπομιμνήσκει·

172 1034 265 1086 καὶ
287 1034 413 1087 οὐδὲ
446 1034 591 1086 οὕτω
625 1035 765 1104 μετά
783 1036 1144 1106 σφοδρότητος
1171 1036 1436 1107 κέχρηται
1465 1038 1531 1106 τῇ
1563 1053 1765 1105 παραι-

170 1117 337 1181 νέσει,
372 1119 468 1170 καί
500 1116 670 1171 ταῦτα
700 1118 969 1191 τοσαύτην
985 1119 1165 1174 λαϐὼν
1195 1119 1469 1191 ἀφορμὴν,
1501 1119 1640 1173 ἀλλά
1671 1120 1765 1172 καὶ

170 1204 309 1269 ἄγαν
342 1202 674 1272 ὑφειμένως,
711 1204 813 1256 κάν
841 1203 1015 1274 τούτῳ
1045 1205 1381 1275 μιμούμενος
1398 1204 1489 1257 τὸν
1509 1203 1763 1274 Χριστόν.

171 1288 281 1339 Καὶ
328 1286 442 1357 γάρ
497 1288 526 1338 6
560 1287 751 1357 Σωτὴρ
787 1287 926 1359 μετά
955 1288 1016 1340 τὸ
1042 1288 1331 1360 πληρῶσαι
1379 1289 1470 1342 τὸν
1510 1286 1766 1357 περὶτῆς

171 1368 474 1438 παρθενίας
504 1368 657 1435 λόγον
685 1370 1053 1442 προσέθηκεν·
1103 1372 1156 1423 '0
1193 1370 1530 1441 δυνάμενος
1553 1369 1765 1439 χωρεῖν

171 1453 450 1519 χωρείτω.
490 1453 554 1505 Τί
586 1449 679 1506 οὖν
714 1471 881 1524 φησι;
925 1455 1063 1524 Περὶ
1093 1455 1162 1508 δὲ
1192 1449 1280 1509 ὧν
1318 1454 1619 1525 ἐγράψατέ
1638 1471 1761 1522 μοι,

169 1531 366 1588 an'ur
398 1535 689 1603 ἀνθρώπῳ
708 1541 995 1605 γυναικὸς
1015 1539 1102 1609 μὴ
1131 1539 1442 1593 ἅπτεσθαι.

238 1620 337 1672 LV.
368 1620 511 1672 Ἀλλ’
531 1621 659 1684 ἴσως
672 1620 816 1675 εἴποι
832 1639 915 1685 τις
930 1623 1015 1676 ἄν·
1036 1624 1146 1677 Καὶ
1161 1625 1210 1676 εί
1226 1621 1389 1676 καλὸν
1411 1621 1667 1694 γυναικὸς
1685 1621 1761 1691 μὴ

171 1703 464 1768 ἅπτεσθαι,
496 1704 637 1767 τίνος
660 1704 850 1758 ἐνεκεν
877 1707 1053 1776 γάμος
1075 1706 1368 1776 ἐπεισῆλθε
1397 1706 1476 1777 τῷ
1499 1706 1628 1775 βίῳ;
1651 1704 1760 1757 Ποῦ

167 1786 222 1837 δὲ
266 1786 459 1842 λοιπὸν
497 1787 816 1858 χρησόμεθα
846 1792 908 1859 τῇ
959 1788 1216 1857 γυναικὶ,
1266 1790 1402 1859 μήτε
1451 1790 1531 1852 εἰς
1557 1787 1760 1858 γάμον,

171 1869 309 1947 μήτε
334 1870 418 1930 εἰς
449 1868 793 1922 παιδοποιίαν
821 1873 953 1942 ἡμῖν
986 1871 1429 1943 χρησιμευούσῃ;
1463 1872 1527 1924 Τί
1549 1872 1606 1924 δὲ
1654 1887 1764 1923 κω-

167 1951 322 2004 λύσει
352 1951 413 2005 τὸ
441 1952 552 2006 τῶν
573 1952 879 2024 ἀνθρώπων
916 1955 1060 2008 ἀπαν
1092 1954 1455 2024 ἀφανισθῆναι
1471 1954 1648 2023 γένος,
1667 1952 1762 2009 τοῦ

169 2036 268 2104 μὲν
294 2034 534 2088 θανάτου
569 2036 692 2090 καθ’
713 2036 954 2108 ἑκάστην
976 2037 1110 2090 αὐτὸ
1143 2039 1243 2108 τὴν
1266 2037 1480 2108 ἡμέραν
1510 2040 1764 2109 ἐπινεμο-

169 2118 332 2188 μένου
366 2119 463 2172 καὶ
489 2121 802 2184 κόπτοντος,
832 2121 928 2174 τοῦ
958 2121 1014 2174 δὲ
1033 2120 1194 2190 λόγου
1224 2121 1415 2174 τούτου
1443 2122 1543 2174 οὐκ
1565 2121 1764 2187 ἐῶντος

166 2203 287 2255 ἀντὶ
312 2202 426 2255 τῶν
459 2203 770 2256 πιπτόντων
804 2204 1025 2274 ἐτέρους
1072 2203 1432 2269 ἀνίστασθαι;
1469 2206 1533 2257 Εἰ
1561 2205 1668 2276 γὰρ
1704 2205 1765 2258 τὸ

168 2285 331 2338 καλὸν
360 2285 525 2338 τοῦτο
547 2284 895 2358 ζηλώσαιμεν
934 2287 1188 2352 ἅπαντες,
1230 2290 1324 2342 καὶ
1373 2289 1448 2361 μὴ
1485 2288 1765 2360 ἀψαίμεθα

170 2368 474 2434 γυναικῶν,
504 2368 682 2423 πάντα
708 2372 1011 2440 οἰχήσεται,
1047 2372 1140 2424 καὶ
1176 2371 1392 2436 πόλεις,
1439 2373 1533 2426 καὶ⁵
1572 2373 1763 2436 οἰκίαι,

170 2455 257 2505 καὶ
281 2453 471 2521 ἀγροὶ,
497 2454 592 2506 καὶ
620 2454 829 2524 τέχναι,
860 2455 955 2508 καὶ
983 2454 1120 2517 ζῶα,
1164 2456 1259 2509 καὶ
1290 2456 1451 2523 φυτά.
1496 2455 1765 2527 Καθάπερ

168 2537 275 2606 γάρ
304 2536 407 2589 τοῦ
432 2536 744 2606 στρατηγοῦ
778 2539 1037 2603 πεσόντος
1068 2541 1219 2593 πᾶσα
1238 2539 1453 2610 ἀνάγκη
1481 2539 1575 2593 τοῦ
1603 2557 1767 2610 στρα-

166 2619 443 2689 τεύματος
473 2619 876 2691 διασπασθῆναι
909 2622 1006 2693 τὴν
1036 2622 1308 2689 εὐταξίαν,
1333 2623 1477 2679 οὕτω
1507 2624 1601 2677 τοῦ
1628 2624 1765 2678 πάν-

167 2720 274 2755 των
306 2703 420 2755 τῶν
443 2702 540 2755 ἐπὶ
570 2702 675 2772 γῆς
708 2703 1086 2774 βασιλεύοντος
1113 2706 1403 2778 ἀνθρώπου
1436 2706 1526 2759 διὰ
1561 2706 1656 2760 τοῦ
1690 2706 1766 2778 μὴ

166 2788 369 2857 γαμεῖν
402 2787 796 2855 ἀφανισθέντος
817 2827 832 2850 ,
874 2790 1028 2842 οὐδὲν
1056 2789 1166 2844 τῶν
1189 2790 1392 2844 λοιπῶν
1426 2778 1519 2844 ἐπὶ
1544 2792 1641 2862 τῆς
1670 2794 1766 2844 a6-

165 2871 265 2942 τῆς
293 2871 605 2939 ἀσφαλείας
636 2872 732 2925 καὶ
783 2871 1036 2937 εὐταξίας
1065 2873 1330 2944 διαμενεῖ,
1361 2876 1453 2927 καὶ
1504 2875 1564 2927 τὸ
1603 2874 1765 2928 καλὸν

167 2955 326 3008 τοῦτο
362 2955 739 3027 παράγγελμα
778 2956 989 3026 μυρίων
1010 2956 1279 3028 ἐμπλήσει
1321 2957 1417 3029 τὴν
1439 2959 1766 3030 οἰκουμένην

168 3038 383 3093 κακῶν.
435 3039 579 3108 Ἐγὼ
607 3040 685 3104 δὲ,
719 3040 768 3093 εί
800 3040 900 3111 μὲν
928 3040 1038 3093 τῶν
1066 3041 1279 3112 ἐχθρῶν
1308 3045 1401 3095 καὶ
1423 3043 1671 3096 ἀπίστων
1697 3038 1765 3114 ἦν

169 3123 328 3177 ταυτὶ
356 3122 520 3193 μόνον
546 3122 616 3176 τὰ
644 3125 887 3195 ῥήματα,
927 3123 1132 3195 βραχὺν
1169 3125 1235 3179 ἂν
1281 3125 1460 3179 αὐτῶν
1500 3128 1766 3198 ἐποιηιτά⁹

176 3224 281 3279 μην
301 3206 492 3274 λόγον·
527 3206 715 3279 ἐπειδὴ
745 3206 803 3259 δέ
839 3207 929 3260 καὶ
953 3206 1061 3259 τῶν
1089 3209 1169 3271 είς
1195 3208 1294 3279 τὴν
1324 3202 1656 3281 Ἐκκλησίαν
1680 3211 1766 3264 δο-

170 3288 416 3343 κούντων
445 3288 718 3342 συντελεῖν
739 3290 925 3344 πολλοὶ
945 3291 1119 3344 ταῦτα
1139 3291 1501 3361 φθέγγονται,
1521 3292 1587 3346 δι’
1611 3294 1711 3348 ἀσθ
1720 3295 1768 3347 έ-

171 3390 320 3426 νειαν
352 3373 457 3443 μὲν
493 3373 871 3444 προαιρέσεως
901 3374 1329 3444 ἀπολειφθέντες
1361 3376 1467 3430 τῶν
1497 3378 1638 3448 ὑπὲρ
1667 3379 1764 3449 τῆς

172 3455 478 3527 παρθενίας
515 3456 754 3528 ἱδρώτων
777 3497 790 3516 ,
820 3457 898 3527 τῷ
928 3457 984 3510 δὲ
1023 3458 1085 3511 τὸ
1115 3461 1348 3530 πρᾶγμα
1386 3460 1633 3525 κακίζειν
1670 3461 1765 3515 καὶ

171 3538 428 3609 περιττὸν
454 3539 783 3608 ἀποφαίνειν
827 3539 1144 3611 βουλόμενοι
1167 3542 1483 3607 συσκιάζειν
1513 3543 1609 3614 τὴν
1634 3545 1763 3598 ἐαυ-

170 3622 281 3678 τῶν
305 3622 605 3694 ρᾳθυμίαν,
629 3623 718 3676 ἵνα
755 3624 829 3694 μὴ
849 3623 1046 3677 δοκῶσι
1068 3623 1133 3677 δι’
1159 3625 1469 3697 ὀλιγωρίαν,
1498 3626 1633 3679 ἀλλά
1676 3627 1765 3682 διά

171 3707 357 3778 κρίσιν
385 3706 553 3778 ὀρθὴν
578 3707 855 3777 λογισμῶν
875 3707 982 3762 τῶν
1006 3708 1234 3777 ἀγώνων
1258 3710 1622 3781 ὑστερηκέναι
1641 3712 1765 3766 τού-

170 3807 317 3854 των,
354 3790 491 3862 φέρε
515 3830 530 3854 ,
568 3789 720 3863 [279]
753 3791 880 3853 τοὺς
926 3791 1155 3862 ἐχθροὺς
1206 3791 1434 3861 ἀφέντες
1461 3793 1765 3864 (Ψυχικός

172 3873 283 3943 γάρ
304 3874 618 3941 ἄνθρωπος
652 3875 723 3927 οὐ
752 3872 987 3942 δέχεται
1013 3875 1087 3928 τὰ
1112 3873 1221 3928 τοῦ
1244 3876 1590 3944 Πνεύματος
1609 3894 1622 3907 ·
1642 3896 1764 3946 μω·-

162 3964 269 4033 pla
298 3964 413 4034 γὰρ
450 3965 612 4030 αὐτῷ
655 3965 884 4036 ἐστιν),
917 3967 1042 4028 τοὺς
1072 3968 1572 4037 προσποιουμένους
1625 3967 1764 4023 εἶναι

175 4047 295 4116 μεθ’
323 4047 511 4117 ἡμῶν,
540 4048 843 4118 διδάξωμεν
862 4049 1170 4120 ἀμφότερα,
1196 4047 1270 4113 ὡς
1295 4048 1418 4103 οὐτε
1446 4051 1508 4104 τὸ
1533 4055 1766 4124 πρᾶγμα

172 4129 457 4200 περιττὸν,
490 4129 627 4183 ἀλλά
658 4131 754 4184 καὶ
779 4130 982 4200 σφόδρα
1024 4133 1292 4204 χρήσιμον
1335 4134 1431 4186 καὶ
1470 4134 1766 4203 ἀναγκαῖόν

171 4215 346 4278 ἐστιν,
382 4213 512 4267 οὔτε
562 4215 746 4279 αὐτοῖς
801 4217 1035 4286 ἀζήμιος
1085 4217 1118 4286 ἡ
1164 4216 1390 4287 τοιαύτη
1437 4220 1762 4290 κατηγορία,

171 4297 310 4351 ἀλλά
338 4295 600 4351 τοσοῦτον
644 4298 827 4358 αὐτοῖς
866 4300 1000 4352 οἴσει
1056 4299 1145 4351 τὸν
1193 4298 1455 4360 κίνδυνον,
1493 4302 1616 4354 ὅσον
1653 4305 1766 4366 τοῖς

173 4378 511 4450 κατορθοῦσι
542 4380 633 4432 τὸν
665 4380 855 4451 μισθὸν
887 4382 980 4435 καὶ
1009 4381 1099 4434 τὸν
1137 4381 1378 4436 ἔπαινον.
1410 4383 1628 4454 Ἐπειδὴ
1656 4384 1764 4455 γάρ

171 4464 202 4515 6
232 4463 464 4533 σύμπας
490 4457 642 4526 οὗτος
662 4462 866 4533 κόσμος
888 4463 1001 4534 ἀπή
1012 4480 1215 4534 ρτιστο,
1243 4467 1335 4518 καὶ
1366 4466 1540 4520 πάντα
1565 4467 1763 4538 ηὐτρέ-

175 4563 337 4600 πιστο
369 4545 441 4599 τά
474 4545 612 4616 πρὸς
650 4546 957 4600 ἀνάπαυσιν
996 4548 1089 4600 καὶ
1117 4547 1314 4619 χρῆσιν
1338 4549 1438 4620 τὴν
1467 4549 1762 4621 ἡμετέραν,

173 4628 381 4682 ἔπλασε
414 4628 509 4681 τὸν
544 4628 832 4701 ἄνθρωπον
866 4630 894 4682 ὀ
925 4628 1058 4694 Θεὸς
1084 4670 1098 4693 ,
1127 4630 1193 4683 δι’
1226 4631 1284 4684 ὃν
1313 4631 1409 4684 καὶ
1436 4633 1528 4686 τὸν
1560 4633 1764 4704 κόσμον

171 4712 426 4783 ἐποίησε.
460 4710 730 4775 Πλασθεὶς
758 4712 816 4766 δὲ
849 4712 1055 4776 ἐκεῖνος
1093 4712 1306 4784 ἔμεινεν
1340 4715 1398 4768 ἐν
1427 4715 1761 4786 παραδείσῳ,

171 4797 265 4849 καὶ
290 4797 482 4865 γάμου
499 4795 657 4863 λόγος
678 4795 853 4859 οὐδεὶς
867 4790 936 4866 ἦν
957 4812 970 4827 ’
998 4795 1217 4867 ἐδέησεν
1232 4797 1379 4868 αὐτῷ
1392 4798 1644 4867 γενέσθαι
1671 4802 1765 4854 καὶ

172 4879 394 4952 βοηθὸν,
437 4878 535 4931 καὶ
581 4878 798 4947 ἐγένετο
815 4897 830 4913 ’
862 4880 957 4933 καὶ
980 4879 1101 4933 οὐδὲ
1121 4879 1297 4946 οὕτως
1324 4884 1352 4936 ὀ
1383 4882 1562 4953 γάμος
1590 4886 1762 4954 ἀναγ..

172 4969 328 5030 καίος
369 4960 517 5019 εἶναι
552 4964 748 5018 ἐδόκει.
799 4963 937 5017 Ἀλλ’
971 4965 1092 5019 οὐδὲ
1122 4966 1375 5036 ἐφαίνετό
1421 4985 1509 5021 πω
1552 4979 1609 5032 ο,
1646 4968 1762 5022 ἀλλ’

174 5048 367 5119 έμενον
395 5050 598 5102 ἐκεῖνοι
640 5047 831 5103 τούτου
862 5049 1032 5122 χωρὶς
1061 5049 1313 5123 καθάπερ
1343 5052 1402 5105 ἐν
1439 5052 1655 5124 οὐρανῷ
1686 5054 1764 5125 τῷ

175 5132 496 5204 παραδείσῳ
537 5130 901 5202 διαιτώμενοι.
939 5132 1033 5186 καὶ
1088 5134 1460 5205 ἐντρυφῶντες
1508 5139 1576 5208 τῇ
1627 5137 1763 5207 πρὸς

176 5215 305 5269 Θεὸν
334 5213 532 5286 ὁμιλίᾳ
556 5233 570 5246 ·
609 5213 808 5284 μίξεως
845 5215 902 5269 δέ
930 5215 1195 5286 ἐπιθυμία
1229 5218 1322 5270 καὶ
1373 5217 1634 5287 σύλληψις
1668 5219 1764 5272 καὶ

175 5297 360 5361 ὠδῖνες
393 5297 490 5351 καὶ
510 5297 659 5351 τόκοι
700 5297 795 5351 καὶ
827 5299 935 5352 πᾶν
969 5294 1110 5362 εἶδος
1154 5299 1358 5369 φθορᾶς
1382 5300 1643 5372 ἐξώριστο
1668 5302 1764 5373 τῆς

177 5383 403 5436 ἐκείνων
432 5381 614 5452 ψυχῆς
636 5398 647 5410 ·
678 5381 867 5454 ὥσπερ
890 5383 947 5437 δὲ
972 5382 1187 5454 ῥεῖθρον
1210 5382 1402 5447 διειδὲς
1430 5386 1495 5439 ἐκ
1515 5386 1766 5457 καθαρᾶς

178 5465 364 5536 πηγῆς
395 5464 608 5536 προϊὸν,
652 5463 825 5529 οὕτως
873 5461 1015 5535 ἦσαν
1042 5466 1101 5519 ἐν
1146 5466 1342 5537 ἐκείνῳ
1373 5466 1451 5538 τῷ
1478 5470 1664 5540 χωρίῳ
1695 5472 1762 5540 τῇ

236 5576 418 5653 5.99.8-
444 5576 706 5653 έτξλμηξξοε·
718 5575 858 5653 Infra
876 5582 988 5653 993‘
1007 5577 1122 5653 δεδι
1140 5578 1231 5653 ετήγ
1254 5580 1524 5653 ξυμβουλήν
1543 5579 1667 5653 πρε·
1715 5584 1770 5653 ει

179 5638 329 5688 Suil.
352 5637 404 5687 ii)
424 5637 578 5700 marg.
591 5640 662 5688 sic
674 5637 1017 5699 habent,i"0‘n
1038 5638 1185 5687 καλὸν
1204 5637 1436 5704 ἀνθρώπῳ
1459 5637 1677 5702 γυναικὸς
1700 5644 1763 5704 μὴ

178 5701 425 5749 ἅπτεσθαι.
453 5700 543 5748 Διά
561 5699 608 5747 τί
626 5700 735 5749 γάρ.

234 5705 425 5749 τίεσθαι.
453 5705 543 5748 Διά
561 5705 608 5747 τί
626 5705 735 5765 γάρ.
1370 5756 1375 5759 _

234 5759 265 5829 ξ
438 5761 535 5829 τῶν
552 5760 931 5829 προσταγμάτων
953 5763 1017 5819 ὡς
1036 5759 1391 5829 αὐτοῦκάφζῶν
1416 5765 1643 5829 ἔπεμψαν.

239 5825 267 5855 ⁸
289 5820 445 5872 Saiil.
469 5820 522 5870 in
532 5820 909 5885 ,πονο-οἴκεε.
928 5838 1040 5871 που.
1067 5820 1274 5879 MOI-0].,"
1290 5820 1585 5877 PlantinIe'L
1605 5827 1755 5877 Savil.

170 5882 217 5934 in
245 5899 506 5948 mal-guno.
530 5884 658 5935 Infra
679 5883 806 5945 Reg.
852 5882 1064 5950 καθάπερ
1086 5885 1290 5951 οὐρανῷ.

1528 252 1616 314 DE
1660 258 2114 319 VIBGINITATE.

3348 265 3457 321 εει

1873 374 2139 453 παρθενίᾳ
2176 372 2560 446 κοσμούμενοι.
2610 375 2721 429 Καὶ
2749 376 2900 433 πᾶσα
2932 376 3111 450 τότεὴ
3144 379 3216 451 γῆ
3250 380 3456 453 ἔρημος

1865 451 1933 526 ἦν
1969 456 2298 527 ἀνθρώπων’
2350 457 2508 510 τοῦτο
2550 458 2578 510 ὃ
2606 457 2701 511 νῦν
2740 459 3045 514 δεδοίκασιν
3088 457 3236 517 οὗτοι
3268 451 3454 536 οίττῆς

1864 541 2191 611 οἰκουμένης
2223 541 2575 612 μεριμνηταὶ,
2599 543 2649 595 οί
2680 543 2749 597 τὰ
2772 543 2870 614 μὲν
2902 544 3107 615 ἐτέρων
3147 548 3458 614 σπουδαίως

1869 623 2263 694 μεριμνῶντες,
2290 625 2357 677 τά
2385 620 2441 677 δὲ
2469 623 2679 678 ἑαυτῶν
2704 625 2825 679 οὐδὲ
2866 628 3067 681 ἐννοεῖν
3110 630 3453 700 ἀνεχόμενοι.

1866 707 1961 761 καὶ
1988 707 2128 779 ὑπὲρ
2171 707 2269 779 μὲν
2301 707 2395 761 τοῦ
2441 708 2620 761 κοινοῦ
2656 708 2767 762 τῶν
2813 709 3119 781 ἀνθρώπων
3155 712 3456 778 δεδοικότες

1865 790 2056 859 γένους
2106 793 2178 862 μή
2226 809 2356 846 ποτε
2389 786 2642 864 ἐπιλείπῃ
2667 809 2679 822 ’
2714 793 2814 863 τῆς
2860 795 2918 848 δὲ
2948 795 3084 858 ίδίας
3122 796 3351 861 ἕκαστος
3378 798 3457 861 ὡς

1865 873 2155 946 ἀλλοτρίας
2182 874 2354 938 οὕτως
2383 874 2709 944 ἀμελοῦντες
2741 876 2942 947 ψυχῆς,
2997 879 3091 931 καὶ
3115 878 3289 933 ταῦτα
3320 880 3454 950 μέλ-

1865 957 2048 1022 λοντες
2076 957 2216 1028 ὑπὲρ
2246 958 2344 1028 μὲν
2370 959 2574 1029 ταύτης
2601 958 2695 1011 καὶ
2724 960 2832 1014 τῶν
2882 963 3223 1033 μικροτάτων
3267 964 3455 1017 ἕνεκεν

1866 1043 2112 1113 ἀκριϐεῖς
2141 1043 2487 1097 ἀπαιτεῖσθαι
2517 1045 2617 1106 τὰς
2648 1038 2879 1107 εὐθύνας
2900 1084 2915 1108 ,
2945 1044 3086 1115 ὑπὲρ
3124 1045 3181 1099 δὲ
3215 1046 3317 1115 τῆς
3345 1047 3453 1101 τῶν

1865 1121 2168 1196 ἀνθρώπων
2211 1123 2525 1195 ὀλιγότητος
2563 1124 2684 1179 οὐδὲ
2735 1127 2827 1178 τὸν
2873 1127 3105 1196 τυχόντα
3132 1127 3290 1196 λόγον
3352 1130 3455 1198 ὑφ-

1867 1207 2031 1271 έξειν.
2066 1208 2181 1260 υύκ
2199 1202 2338 1277 ἦσαν
2354 1206 2476 1260 τότε
2505 1206 2711 1271 πόλεις,
2731 1204 2851 1260 οὐδὲ
2873 1208 3076 1277 τέχναι,
3100 1210 3221 1263 οὐδὲ
3246 1211 3416 1264 οίκίαι
3433 1224 3453 1244 ⁸

1864 1290 1960 1345 καὶ
1993 1290 2104 1361 γάρ
2140 1291 2236 1345 καὶ
2275 1289 2484 1345 τούτων
2520 1291 2650 1362 ὑμῖν
2677 1287 2777 1362 οὐχ
2811 1291 2886 1355 ὡς
2922 1292 3079 1363 ἔτυχε
3118 1293 3302 1363 μέλει·
3335 1294 3452 1346 ἀλλ’

1863 1374 1963 1426 οὐκ
1991 1369 2059 1444 ἦν
2092 1373 2211 1427 τότε
2233 1371 2433 1438 ταῦτα,
2461 1370 2556 1427 καὶ
2593 1370 2743 1444 ὅμως
2777 1371 2875 1445 τὴν
2915 1376 3192 1446 μακαρίαν
3233 1378 3453 1447 ἐκείνην

1865 1455 2012 1528 ζωὴν
2041 1457 2136 1510 καὶ
2178 1455 2359 1526 πολλῷ
2390 1456 2596 1528 ταύτης
2621 1455 2829 1527 ἀμείνω
2862 1456 3015 1510 οὐδὲν
3047 1456 3171 1510 οὐτε
3205 1460 3453 1512 ἐνεπόδι-

1864 1538 1975 1604 ζεν,
2006 1537 2131 1592 οὔτε
2160 1540 2468 1593 ἐνέκοπτεν.
2488 1539 2784 1610 Ἐπειδὴδέ
2810 1542 3165 1610 παρήκουσαν
3184 1540 3277 1595 τοῦ
3294 1542 3455 1611 Θεοῦ,

1863 1622 1957 1675 καὶ
1981 1623 2197 1690 ἐγένετο
2235 1622 2308 1692 γῆ
2337 1622 2431 1675 καὶ
2457 1623 2671 1686 σποδὸς,
2714 1622 3004 1675 ἀπώλεσαν
3052 1624 3192 1694 μετά
3218 1626 3317 1695 τῆς
3350 1643 3455 1695 μα-

1863 1705 2059 1776 καρίας
2096 1705 2310 1775 ἐκείνης
2342 1705 2622 1775 διαγωγῆς
2669 1706 2765 1758 καὶ
2797 1706 2860 1759 τὸ
2892 1710 2992 1776 τῆς
3019 1707 3318 1775 παρθενίας
3350 1725 3452 1762 κα-

1861 1788 1951 1842 λὸν
1973 1788 2021 1853 ἀ,
2059 1788 2153 1841 καὶ¹
2188 1788 2325 1859 μετά
2356 1789 2449 1841 τοῦ
2476 1789 2611 1842 Θεοῦ
2644 1789 2739 1842 καὶ
2772 1789 2910 1860 αὐτὴ
2945 1789 3326 1845 καταλιποῦσα
3351 1793 3447 1845 αὐ-

1862 1873 1989 1936 τοὺς
2025 1870 2393 1942 ἀνεχώρησεν.
2428 1872 2574 1935 Ἕως
2615 1871 2714 1941 μὲν
2753 1871 2860 1943 γάρ
2892 1867 3035 1942 ἦσαν
3071 1872 3336 1926 ἀνάλωτοι
3373 1873 3454 1943 τῷ

1864 1950 2117 2023 διαϐόλῳ,
2142 1955 2237 2007 καὶ
2269 1954 2359 2007 τὸν
2386 1954 2663 2023 Δεσπότην
2691 1952 2918 2024 ¹ᾐδοῦντο
2960 1956 3052 2010 τὸν
3080 1955 3259 2008 αὐτῶν
3277 1996 3291 2020 ,
3321 1974 3456 2028 παρ-

1866 2037 2026 2108 έμενε
2054 2039 2147 2090 καὶ
2178 2038 2211 2107 ἡ
2238 2036 2515 2107 παρθενία
2529 2036 2809 2109 κοσμοῦσα
2836 2038 3032 2101 αὐτοὺς
3055 2037 3300 2108 μᾶλλονῆ
3324 2039 3454 2103 τοὺς

1865 2118 2103 2188 βασιλεῖς
2127 2118 2187 2172 τὸ
2214 2118 2448 2190 διάδημα
2497 2120 2591 2171 καὶ¹
2616 2119 2684 2172 τὰ
2714 2119 2905 2188 ίμάτια
2929 2120 2997 2172 τὰ
3022 2123 3200 2191 χρυσᾶ
3225 2138 3237 2150 °
3264 2121 3452 2192 ἐπειδὴ

1862 2203 1917 2256 δὲ
1932 2203 2266 2274 αἰχμάλωτοι
2295 2205 2580 2272 γενόμενοι
2604 2201 2702 2274 τὴν
2722 2202 3008 2275 βασιλικὴν
3030 2203 3234 2276 ταύτην
3259 2205 3461 2258 ἀπεδύ-

1864 2302 2028 2340 σαντο
2053 2285 2266 2357 στολὴν,
2295 2285 2494 2339 καὶτὸν
2525 2286 2776 2357 οὐράνιον
2796 2285 3062 2339 ἀπέθεντο
3094 2286 3319 2358 κόσμον,
3337 2288 3454 2340 ἐδέ-

1864 2367 2024 2435 ξαντο
2044 2368 2101 2422 δὲ
2124 2368 2224 2441 τὴν
2256 2368 2363 2421 ἀπὸ
2385 2367 2478 2421 τοῦ
2511 2367 2743 2422 θανάτου
2766 2367 2997 2441 φθοράν,
3035 2369 3126 2422 καὶ
3154 2368 3252 2440 τὴν
3286 2369 3452 2442 ἀρὰν,

1863 2453 1958 2506 καὶ
1985 2453 2084 2524 τὴν
2121 2452 2332 2523 ὀδύνην,
2370 2451 2574 2505 καὶτὸν
2608 2452 2864 2506 ἐπίπονον
2900 2452 3037 2523 βίον,
3068 2452 3190 2505 τότε
3213 2454 3241 2506 ό
3274 2454 3453 2525 γάμος

1863 2537 2244 2609 ἐπεισέρχεται
2284 2536 2424 2608 μετά
2451 2536 2678 2601 τούτων,
2713 2536 2774 2589 τὸ
2807 2536 2998 2604 θνητὸν
3023 2536 3183 2591 τοῦτο
3204 2538 3297 2590 καὶ
3327 2537 3451 2591 δου-

1862 2620 2014 2675 λικὸν
2045 2621 2282 2693 ἱμάτιον.
2336 2621 2389 2673 Ὁ
2420 2619 2530 2691 γὰρ
2557 2620 2857 2690 γαμήσας,
2886 2621 3039 2691 φησὶ,
3073 2619 3333 2691 μεριμνᾷ
3380 2622 3453 2676 τὰ

1862 2705 1968 2759 τοῦ
2001 2705 2253 2774 κόσμου.
2299 2704 2462 2775 Ὁρᾷς
2497 2703 2660 2756 πόθεν
2686 2703 2816 2773 ἔσχε
2845 2703 2944 2774 τὴν
2978 2705 3152 2775 ἀρχὴν
3185 2705 3213 2756 ὀ
3251 2704 3451 2775 γάμος,

1864 2787 2028 2841 πόθεν
2055 2789 2356 2856 ἀναγκαῖος
2384 2784 2561 2852 ἔδοξεν
2601 2785 2776 2852 εἶναι;
2835 2786 2971 2840 Ἀπὸ
3008 2788 3107 2859 τῆς
3141 2787 3449 2865 παρακοῆς,

1864 2871 1972 2925 ἀπὸ
2000 2873 2098 2943 τῆς
2132 2872 2292 2945 ἀρᾶς,
2328 2871 2436 2924 ἀπὸ
2465 2869 2560 2924 τοῦ
2584 2871 2833 2925 θανάτου.
2871 2871 3045 2925 Ὅπου
3074 2871 3184 2951 γὰρ
3201 2871 3452 2951 θάνατοςρ

1863 2958 1982 3009 ἐκεῖ
2004 2956 2182 3026 γάμος
2202 2974 2214 2987 ο
2255 2955 2446 3009 τούτου
2482 2955 2540 3008 δὲ
2568 2957 2668 3008 οὐκ
2712 2954 2866 3018 ὄντος
2895 2954 3015 3007 οὐδέ
3050 2948 3203 3019 οὗτος
3236 2948 3449 3008 ἕπεται.

1876 3039 2015 3091 Ἀλλ’
2047 3039 2143 3108 οὐχ
2176 3041 2210 3109 ἡ
2256 3037 2522 3109 παρθενία
2574 3036 2780 3107 ταύτην
2812 3036 2926 3107 ἔχει
2970 3035 3071 3108 τὴν
3105 3036 3450 3101 ἀκολουθίαν,

1862 3122 1977 3175 ἀλλ’
2010 3122 2098 3175 ἀεὶ
2130 3120 2528 3192 χρήσιμον,ἀεὶ
2558 3119 2722 3173 καλὸν
2762 3120 2853 3172 καὶ
2891 3120 3179 3190 μακάριον,
3217 3119 3311 3172 καὶ
3346 3120 3454 3189 πρὸ

1863 3204 1956 3258 τοῦ
1989 3204 2218 3258 θανάτου
2252 3205 2344 3257 καλ¹
2378 3202 2515 3274 μετὰ
2549 3203 2642 3256 τὸν
2669 3202 2918 3268 θάνατον,
2963 3201 3058 3256 καὶ
3088 3201 3194 3274 πρὸ
3219 3200 3312 3257 τοῦ
3348 3201 3454 3271 γάρ

1868 3305 1968 3358 μου
2000 3287 2093 3340 καὶ
2125 3288 2261 3356 μετὰ
2296 3286 2388 3339 τὸν
2417 3286 2617 3357 γάμον.
2647 3288 2806 3349 Ποῖος
2831 3285 2961 3356 γάρ,
2990 3285 3113 3339 εἰπέ
3144 3302 3252 3356 μοι,
3277 3286 3455 3363 γάμος

1864 3371 2099 3424 ἀπέτεκε
2132 3369 2224 3424 τὸν
2254 3368 2448 3440 Ἀδάμ,
2476 3371 2628 3422 ποῖαι
2667 3368 2764 3438 τὴν
2799 3367 2942 3422 Εὕαν
2988 3368 3207 3434 ώδῖνες;
3245 3367 3362 3422 Οὐκ
3386 3368 3453 3422 ἂν

1864 3455 2008 3525 ἔχοις
2035 3457 2231 3508 εἰπεῖν.
2277 3454 2342 3506 Τί
2393 3448 2487 3507 οῦν
2522 3453 2768 3517 δέδοικας
2805 3452 2929 3522 εἰκῆ
2965 3453 3062 3505 καὶ
3089 3453 3335 3523 τρέμεις,
3377 3452 3453 3522 μὴ

1864 3537 2215 3606 παυσαμένου
2250 3535 2345 3588 τοῦ
2384 3536 2562 3606 γάμου
2613 3533 2765 3608 [280]
2799 3536 2893 3588 καὶ
2924 3535 2985 3588 τὸ
3016 3534 3124 3587 τῶν
3149 3533 3453 3605 ἀνθρώπων

1864 3619 2143 3691 παύσηται
2180 3619 2371 3688 γένος;
2410 3619 2618 3689 Μύριαι
2652 3618 2912 3689 μυριάδες
2929 3617 3177 3686 ἀγγέλων
3206 3616 3453 3689 λειτουρ-

1862 3702 2019 3771 γοῦσι
2047 3702 2124 3773 τῷ
2152 3702 2292 3771 Θεῷ,
2330 3701 2497 3773 χίλιαι
2530 3702 2765 3773 χιλιάδες
2787 3701 3143 3773 ἀρχαγγέλων
3173 3702 3451 3773 παρεστᾶ-

1865 3803 1949 3838 σιν
1993 3785 2161 3855 αὐτῷ,
2191 3786 2287 3839 καὶ
2322 3784 2501 3848 οὐδεὶς
2552 3784 2757 3839 τούτων
2809 3785 3035 3853 γέγονεν
3081 3785 3145 3836 ἐκ
3177 3783 3453 3855 διαδοχῆς,

1862 3869 1982 3922 οὐδέ
2015 3870 2079 3922 ἐκ
2134 3868 2309 3922 τόκων
2340 3870 2435 3922 καὶ
2490 3868 2693 3922 ὠδίνων
2728 3868 2823 3922 καὶ
2873 3867 3205 3938 συλλήψεως.
3244 3868 3456 3923 Οὐκοῦν

1866 3950 2043 4022 πολλῷ
2075 3950 2275 4021 μᾶλλον
2294 3950 2616 4020 ἀνθρώπους
2644 3950 2900 4020 ἐποίησεν
2939 3948 3004 4002 ἂν
3047 3950 3228 4020 γάμου
3261 3951 3451 4020 χωρὶς,

1864 4033 2054 4105 ὥσπερ
2093 4027 2186 4087 οὖν
2209 4033 2304 4086 καὶ
2330 4030 2554 4103 ἐποίησε
2589 4034 2715 4095 τοὺς
2759 4032 3028 4104 πρώτους,
3060 4033 3182 4088 ὅθεν
3215 4033 3453 4098 ἅπαντες

1864 4118 2159 4189 ἄνθρωποι.
3416 4110 3421 4113 ’

1934 4203 2034 4258 ΙΕ¹.
2052 4201 2155 4256 Καὶ
2171 4201 2264 4255 νῦν
2277 4201 2331 4255 δὲ
2354 4201 2452 4272 οὐχ
2468 4202 2500 4272 ἡ
2516 4199 2610 4254 τοῦ
2626 4201 2805 4271 γάμου
2824 4201 3053 4273 δύναμις
3069 4202 3130 4255 τὸ
3145 4202 3301 4270 γένος
3318 4219 3452 4272 συγ-

1864 4287 2050 4356 κροτεῖ
2079 4284 2138 4337 τὸ
2168 4285 2456 4356 ἡμέτερον,
2483 4284 2597 4337 ἀλλ’
2620 4287 2649 4337 6
2678 4284 2771 4337 τοῦ
2804 4284 3014 4356 Κυρίου
3056 4285 3214 4354 λόγος
3241 4288 3269 4340 6
3303 4288 3453 4358 παρὰ

1862 4368 1961 4438 τὴν
1989 4366 2164 4438 ἀρχὴν
2201 4369 2392 4432 είπὼν,
2426 4365 2777 4431 Αὐξάνεσθε
2801 4367 2899 4420 καί
2929 4370 3336 4435 πληθύνεσθε,
3354 4369 3450 4423 καί

1865 4451 2227 4519 πληρώσατε
2247 4451 2362 4519 τὴν
2382 4451 2518 4521 γῆν.
2546 4449 2610 4502 Τί
2650 4453 2775 4521 γὰρ,
2803 4452 2923 4504 είπέ
2949 4453 3169 4522 μοι,τὸν
3201 4453 3453 4525 Ἀϐραάμ

1865 4540 1944 4600 είς
1966 4535 2309 4589 παιδοποιίαν
2329 4535 2390 4588 τὸ
2412 4537 2644 4606 πρᾶγμα
2667 4533 2908 4606 ῶνησεν;
2927 4537 3028 4590 οὐκ
3051 4536 3144 4589 ἐπὶ
3175 4538 3451 4603 τοσούτοις

1865 4619 2014 4691 αὐτῷ
2043 4619 2386 4691 χρησάμενος
2415 4618 2581 4684 ἔτεσι,
2610 4618 2816 4689 ταύτην
2864 4619 3088 4692 ὕστερον
3130 4621 3309 4692 ἀφῆκε
3352 4623 3452 4694 τὴν

1867 4705 2077 4775 φωνήν·
2110 4703 2405 4764 Δέσποτα,
2435 4701 2490 4755 τί
2513 4718 2615 4770 μοι
2639 4700 2893 4768 δώσεις;
2933 4702 3048 4770 ἐγὼ
3080 4702 3148 4756 δὲ
3184 4705 3449 4761 ἀπολύο-

1858 4807 1966 4858 μαι
1993 4789 2264 4850 ἄτεκνος.
2297 4786 2509 4856 ’Ὠσπερ
2534 4780 2628 4838 οῦν
2658 4784 2782 4838 τότε
2804 4786 2912 4838 ἀπὸ
2941 4786 3151 4856 νεκρῶν
3180 4789 3451 4859 σωμάτων

1861 4870 2152 4933 τοσαύταις
2198 4868 2426 4941 μυριάσι
2482 4867 2713 4922 δέδωκεν
2767 4867 3024 4921 ὑπόθεσιν
3076 4871 3170 4923 καὶ
3227 4870 3384 4941 ῥίζαν
3422 4874 3451 4926 6

1862 4955 2016 5019 Θεὸς,
2053 4954 2195 5007 οὕτω
2228 4940 2323 5007 καὶ
2352 4940 2503 5023 παρά
2528 4951 2627 5023 τὴν
2658 4950 2851 5023 ἀρχὴν,
2880 4953 2928 5005 εἰ
2953 4954 3064 5016 τοῖς
3095 4940 3452 5025 προστάγμα-

1865 5056 1948 5092 σιν
1983 5037 2148 5092 αὐτοῦ
2200 5036 2513 5099 πεισθέντες
2562 5036 2612 5088 οἱ
2647 5034 2776 5107 περὶ
2804 5035 2894 5089 τὸν
2936 5034 3106 5107 Ἀδάμ
3134 5036 3233 5106 τῆς
3255 5037 3450 5109 ἡδονῆς

1862 5123 2176 5195 ἐκράτησαν
2202 5119 2294 5175 τοῦ
2324 5120 2507 5187 ξύλου,
2532 5119 2632 5173 οὐκ
2660 5119 2726 5173 ἂν
2754 5119 3034 5192 ἠπόρησεν
3063 5119 3184 5173 ὀδοῦ
3200 5120 3267 5173 δι’
3300 5115 3367 5187 ἦς
3388 5121 3450 5174 τὸ

1863 5206 1969 5259 τῶν
1997 5204 2299 5277 ἀνθρώπων
2326 5204 2481 5273 γένος
2516 5202 2762 5273 αὐξήσει.
2797 5200 2939 5255 Οὐτε
2972 5201 3082 5272 γὰρ
3106 5205 3133 5255 ὀ
3160 5203 3336 5273 γάμος
3372 5203 3447 5273 μὴ

1865 5288 2188 5359 βουλομένου
2222 5287 2356 5340 Θεοῦ
2379 5286 2662 5356 δυνήσεται
2690 5283 2917 5353 ποιῆσαι
2952 5284 3179 5348 πολλοὺς
3205 5285 3331 5347 τοὺς
3357 5282 3447 5336 ὅν-

1862 5390 1963 5436 τας
1983 5370 2323 5442 ἀνθρώπους,
2352 5368 2472 5422 οὐδέ
2499 5370 2532 5439 ἡ
2556 5367 2841 5438 παρθενία,
2879 5366 3198 5437 βουλομένου
3221 5366 3448 5431 πολλοὺς

1864 5453 2364 5525 εἶναι,’λυμανεῖται
2395 5451 2458 5504 τὸ
2490 5449 2710 5518 πλῆθος.
2768 5450 2908 5502 Ἀλλ’
2942 5450 3115 5511 οὕτως
3154 5448 3442 5521 ἐϐουλήθη,

1865 5542 2021 5611 φησὶ,
2053 5538 2122 5591 δι’
2148 5539 2297 5608 ἡμᾶς
2324 5536 2417 5590 καὶ
2444 5534 2531 5588 διὰ
2564 5534 2662 5605 τὴν
2699 5533 2981 5588 ἀπείθειαν
3020 5535 3117 5604 τὴν
3146 5534 3444 5606 ἡμετέραν.

1865 5623 1963 5676 Διά
1988 5624 2040 5674 τί
2072 5621 2181 5692 γὰρ
2214 5619 2289 5691 μὴ
2325 5619 2431 5689 πρὸ
2468 5618 2566 5687 τῆς
2594 5616 2810 5687 ἀπάτης
2841 5619 2870 5669 ὀ
2905 5616 3081 5686 γάμος
3115 5617 3322 5690 ἐφάνη;
3360 5617 3449 5674 διὰ

1871 5709 1922 5761 τί
1956 5706 2029 5777 μὴ
2064 5708 2121 5759 ἐν
2150 5703 2458 5774 παραδείσῳ
2486 5705 2518 5772 ἡ
2562 5700 2735 5787 μίξιςνς
2762 5700 2849 5753 διὰ
2870 5700 2921 5752 τί
2953 5699 3162 5787 μὴᾴπρὸ
3186 5702 3449 5787 τῆς,ἀρδς

1866 5793 2083 5856 ώδίνες;
2137 5790 2258 5843 Ὀτι
2290 5787 2464 5844 ταῦτα
2496 5787 2618 5840 τότε
2670 5786 2770 5858 μὲν
2824 5785 3079 5858 περιττὰ,
3120 5785 3347 5862 ὕστερον
3391 5789 3447 5843 δε

1928 5888 1955 5929 ἀ
1978 5889 2103 5952 Reg.
2133 5888 2324 5946 κάλλος.
3330 5886 3333 5889 ’
