3886 6222
457 268 562 324 5-ἱῦ

454 386 680 453 γέγονεν
715 384 989 453 ἀναγκαῖα
1026 386 1113 440 διά
1155 388 1255 458 τὴν
1305 392 1581 462 ἡμετέραν
1619 390 1902 444 ἀσθένειαν
1935 390 2031 443 καὶ

450 470 626 524 ταῦτα
653 467 748 521 καὶ
783 469 852 521 τά
887 468 1020 523 ἄλλα
1053 469 1287 537 ἅπαντα,
1313 474 1369 526 αἱ
1406 474 1609 537 πόλεις,
1653 475 1710 526 αἰ
1750 473 1957 544 τέχναι,
2000 473 2034 542 ἡ

451 550 562 604 τῶν
594 551 825 622 ἰματίων
877 553 1136 626 περιϐολὴ
1155 596 1170 618 ,
1198 557 1226 609 6
1255 556 1440 622 λοιπὸς
1473 558 1580 612 τῶν
1613 557 1812 629 χρειῶν
1854 557 2030 627 ὄχλος.

449 637 636 690 Ταῦτα
667 637 775 709 γὰρ
804 637 1020 692 ἅπαντα
1049 640 1445 712 ἐπισυρόμενος
1484 643 1774 711 εἰσήλασεν
1813 641 1842 693 6
1873 640 2034 694 θάνα-

443 738 539 781 τος
563 721 681 792 μεθ’
715 722 930 777 ἐαυτοῦ.
967 723 1052 796 Μὴ
1089 724 1268 778 τοίνυν
1299 725 1327 778 6
1355 726 1444 780 διὰ
1471 725 1572 798 τὴν
1602 726 1885 779 ἀσθένειαν
1909 741 2032 776 συν-

444 803 698 874 εχωρήθη
754 805 854 876 τὴν
911 806 1030 878 σὴν,
1094 807 1253 862 τοῦτο
1294 809 1394 880 τῆς
1433 809 1733 882 παρθενίας
1766 808 2030 880 προτίμα,

448 886 649 956 μᾶλλον
697 887 754 940 δὲ
805 890 938 959 μηδὲ
980 892 1038 943 ἐν
1080 890 1180 962 ἴσῳ
1225 891 1440 946 τίθεσο·
1487 895 1611 946 ἐπεὶ
1657 892 1798 947 κατά
1844 891 2034 945 τοῦτον

446 968 653 1040 προῖὼν
697 970 787 1024 τὸν
824 972 982 1042 λόγον
1013 975 1106 1028 καὶ
1132 976 1194 1029 τὸ
1219 976 1314 1029 δύο
1344 980 1608 1046 γυναῖκας
1638 977 1783 1047 ἔχειν
1813 974 1908 1028 τοῦ
1935 976 2034 1046 μιᾷ

445 1051 738 1122 ἀρκεῖσθαι
791 1056 952 1125 μόνον
997 1057 1220 1128 ἄμεινον
1245 1055 1385 1112 εῖναι
1440 1061 1653 1130 φήσεις,
1705 1058 1893 1129 ἐπειδὴ
1939 1059 2034 1112 καὶ

445 1134 604 1188 τοῦτο
626 1138 1013 1211 συγκεχώρητο
1055 1140 1112 1194 ἐν
1141 1141 1220 1212 τῷ
1251 1141 1401 1212 νόμῳ
1450 1143 1762 1207 Μωῦσέωςο
1800 1143 1896 1197 καὶ
1942 1141 2034 1195 τὸν

445 1217 680 1273 πλοῦτον
705 1220 760 1274 δὲ
780 1220 953 1287 οὕτως
975 1223 1076 1294 τῆς
1111 1225 1360 1280 ἑκουσίου
1406 1227 1768 1296 προτιμήσεις
1819 1225 2029 1288 πενίας.

447 1303 544 1356 καὶ
567 1303 664 1373 τὴν
692 1306 904 1377 τρυφὴν
932 1307 1037 1378 τῆς
1069 1307 1342 1380 σώφρονος
1363 1309 1596 1382 διαίτης,
1628 1311 1722 1364 καὶ
1751 1309 1810 1364 τὸ
1839 1308 2036 1380 ἀμύνε-

447 1385 570 1440 σθαι
596 1388 690 1439 τοῦ
719 1388 905 1460 φέρειν
926 1389 1015 1444 τὸν
1039 1391 1330 1446 ἀδικοῦντα
1357 1393 1639 1460 γενναίως.

515 1471 633 1538 ις’.
648 1472 721 1526 Σὺ
736 1472 792 1526 δέ
807 1473 947 1527 αύτά
965 1476 1230 1541 κακίζεις,
1247 1477 1380 1548 φησί
1387 1477 1634 1541 ,Κακίζω
1647 1477 1746 1548 μὲν
1760 1475 2028 1548 οὐδαμῶς.

443 1553 577 1618 Θεὸς
625 1555 735 1628 γὰρ
772 1558 913 1611 αύτά
965 1559 1335 1632 συνεχώρησε,
1368 1562 1463 1615 καὶ
1498 1561 1722 1632 γέγονεν
1751 1561 1810 1614 ἐν
1855 1561 2033 1633 καιρῷ

444 1639 722 1709 χρήσιμα·
772 1640 945 1712 μικρά
986 1642 1044 1695 δὲ
1090 1643 1230 1696 αῦτά
1277 1640 1416 1697 εἷναί
1449 1662 1622 1716 φημι.
1676 1646 1770 1698 καὶ
1823 1644 2032 1698 παίδων

443 1721 846 1793 κατορθώματα
877 1724 1076 1795 μᾶλλον
1106 1726 1140 1796 ή
1174 1727 1402 1803 ἀνδρῶν.
1431 1728 1540 1780 Καὶ
1572 1727 1659 1780 διὰ
1691 1726 1850 1781 τοῦτο
1884 1729 2031 1798 ἡμᾶς

441 1803 681 1868 τελείους
709 1806 736 1858 6
762 1806 995 1878 Χριστὸς
1030 1807 1434 1881 δημιουργήσαι
1469 1810 1812 1882 βουλόμενος,
1845 1812 2032 1864 ἐκεῖνα

442 1890 546 1958 μὲν
573 1890 866 1946 ἀποθέσθαι
901 1891 1206 1958 ἐκέλευσεν,
1238 1893 1426 1964 ὥσπερ
1461 1894 1652 1966 ἱμάτια
1682 1895 1907 1948 παιδικά
1936 1895 2032 1949 καὶ

441 1973 504 2026 οὐ
534 1973 806 2044 δυνάμενα
841 1975 1154 2046 περιϐαλεῖν
1187 1976 1276 2030 τὸν
1319 1977 1488 2049 ἄνδρα
1527 1979 1620 2031 τὸν
1653 1979 1880 2043 τέλειον,
1911 1978 2031 2032 ούδέ

442 2055 506 2108 τὸ
535 2056 732 2126 μέτρον
777 2057 1052 2127 κοσμῆσαι
1105 2059 1204 2130 τῆς
1248 2059 1466 2132 ήλικίας
1516 2059 1611 2114 τοῦ
1661 2061 2031 2132 πληρώματος

441 2137 538 2192 τοῦ
585 2139 850 2210 Χριστοῦ’
895 2139 965 2192 τὰ
1011 2140 1070 2193 δὲ
1116 2142 1339 2196 ἐκείνων
1369 2144 1784 2216 εὐπρεπέστερα
1814 2144 1906 2198 καὶ
1944 2161 2031 2198 τε-

441 2219 690 2303 λειότερα
735 2223 1054 2296 περιθέσθαι
1098 2225 1406 2290 ἐκέλευσεν,
1450 2230 1551 2282 οὐκ
1598 2229 2030 2300 ἀντινομοθετῶν

444 2307 643 2378 ἐαυτῷ,
672 2307 807 2362 ἀλλά
854 2309 948 2361 καὶ
982 2308 1187 2381 σφόδρα
1219 2310 1549 2366 ἀκολουθῶν.
1590 2313 1654 2367 Εἰ
1690 2313 1796 2384 γάρ
1837 2315 1932 2367 καὶ
1961 2315 2030 2367 τά

445 2392 847 2461 προστάγματα
892 2389 1067 2444 ταῦτα
1114 2393 1338 2446 ἐκείνων
1389 2395 1582 2464 μείζω,
1631 2395 1767 2450 ἀλλά
1803 2397 1895 2450 τοῦ
1939 2415 2028 2450 νο-

445 2473 674 2544 μοθέτου
718 2476 918 2539 σκοπὸς
941 2475 969 2528 6
998 2475 1180 2540 αὑτός.
1214 2475 1312 2538 Τίς
1337 2472 1431 2531 οῦν
1469 2481 1616 2532 ἐστιν
1647 2474 1833 2545 οῦτοςς
1865 2481 2030 2552 Περι-

442 2555 608 2626 κόψαι
647 2557 744 2628 τὴν
796 2557 992 2612 κακίαν
1039 2558 1142 2628 τῆς
1187 2559 1465 2630 ἡμετέρας
1504 2561 1712 2634 ψυχῆς,
1759 2563 1853 2616 καὶ
1893 2563 2028 2634 πρὸς

439 2639 538 2712 τὴν
567 2639 775 2694 τελείαν
810 2641 980 2713 αὐτὴν
1016 2642 1244 2711 ἀγαγεῖν
1286 2645 1506 2716 ἀρετήν.
1539 2646 1601 2700 Εἰ
1642 2647 1822 2700 τοίνυν
1870 2647 2028 2702 τοῦτο

441 2723 789 2787 ἐσπουδάκει,
821 2724 882 2778 ού
916 2725 978 2778 τὸ
1016 2727 1238 2796 μείζονα
1269 2729 1521 2793 ἐπιτάξαι
1568 2729 1677 2784 τῶν
1723 2729 2024 2804 προτέρων,

439 2804 578 2859 ἀλλά
609 2805 671 2859 τὸ
711 2808 767 2862 ἐν
799 2810 911 2872 τοῖς
939 2809 1123 2874 αὐτοῖς
1169 2811 1388 2880 ἀφεῖναι
1425 2813 1740 2878 διαπαντὸς,
1787 2817 1882 2868 καὶ
1918 2834 2025 2888 μηο

437 2888 631 2942 δέποτε
665 2890 766 2961 τῆς
793 2891 1066 2955 εὐτελείας
1091 2893 1398 2959 ἀπαλλάξαι
1424 2896 1662 2968 ἐκείνης,
1689 2897 1848 2952 τοῦτο
1877 2901 2028 2952 ἐναν-

437 2972 721 3054 τιουμένου
786 2975 990 3046 σφόδρα
1032 2970 1100 3047 ἦν
1149 2977 1347 3046 ἐαυτῷ.
1379 2978 1590 3051 Ὠσπερ
1639 2981 1746 3052 γάρ
1778 2985 1826 3034 εί
1876 2983 2028 3054 παρὰ

436 3053 537 3126 τὴν
584 3055 780 3128 ἀρχὴν.
849 3057 938 3111 ὅτε
989 3059 1421 3132 νηπιωδέστερον
1496 3063 1558 3115 τὸ
1629 3063 1738 3117 τῶν
1817 3065 2029 3136 ἀνθρὼ-

437 3156 557 3192 πων
607 3139 837 3193 διέκειτο
906 3141 1096 3210 γένος,
1173 3142 1275 3213 τὴν
1352 3145 1756 3217 ἐπιτεταμένην
1821 3147 2026 3220 ταύτην

437 3219 796 3293 ἐνομοθέτησε
847 3223 1147 3292 πολιτείαν,
1175 3225 1282 3279 οὐδ’
1315 3225 1382 3280 ἂν
1419 3227 1518 3299 τὴν
1552 3228 1868 3302 σύμμετρον
1908 3219 2024 3286 ἐδεη

439 3303 652 3374 ξάμεθά
696 3323 848 3368 ποτε,
898 3307 1034 3360 ἀλλά
1083 3307 1234 3381 [281]
1287 3310 1465 3364 πάντα
1508 3311 1578 3364 τὰ
1611 3314 1708 3383 τῆς
1752 3316 2026 3387 σωτηρίας

436 3391 570 3458 ἡμῖν
609 3387 714 3440 ὑπὸ
742 3388 946 3460 ταύτης
979 3390 1046 3444 ἂν
1073 3393 1173 3462 τῆς
1203 3393 1472 3464 ἀμετρίας
1500 3393 1821 3466 διέφθαρτο·
1855 3398 2027 3463 οὕτως

436 3473 488 3523 εί
530 3470 668 3541 μετά
695 3470 785 3524 τὸν
825 3471 993 3525 πολὺν
1036 3474 1227 3545 χρόνον
1267 3477 1474 3529 ἐκεῖνον
1513 3480 1609 3532 καὶ
1646 3480 1744 3549 τὴν
1780 3481 1887 3534 ἀπὸ
1930 3484 2025 3537 τοῦ

437 3554 607 3624 νόμου
656 3555 1056 3625 παιδαγωγίαν,
1098 3557 1192 3610 τοῦ
1248 3558 1443 3630 καιροῦ
1494 3561 1586 3613 ἐπὶ
1635 3563 1732 3634 τὴν
1774 3565 2025 3638 οὐράνιον

437 3639 643 3712 ⁴ταύτην
675 3639 968 3706 καλοῦντος
1015 3641 1353 3712 φιλοσοφίαν,
1387 3643 1535 3698 εἴασε
1581 3645 1762 3715 μένειν
1800 3649 1892 3701 ἐπὶ
1929 3651 2026 3720 τῆς

438 3724 565 3794 γῆς,
591 3724 744 3778 οὐδὲν
774 3725 839 3779 ἂν
882 3725 1026 3796 μέγα
1053 3726 1120 3779 ἐκ
1159 3726 1258 3798 τῆς
1286 3728 1746 3796 συγκαταὸάσεως
1778 3731 2026 3803 ἐκαρπωο

441 3807 657 3878 σάμεθα
693 3807 926 3880 ἐκείνης,
955 3810 1056 3880 τῆς
1093 3808 1448 3880 τελειότητος,
1478 3810 1546 3864 δι’
1581 3814 1646 3883 ἢν
1676 3814 1710 3884 ή
1753 3818 2025 3885 συγκατά-

438 3890 600 3952 6ασις
624 3891 837 3960 γέγονε,
876 3891 950 3962 μὴ
987 3894 1440 3963 παραγενομένης
1477 3895 1630 3966 ἡμῖν.

511 3976 610 4028 ΙΖ’.
642 3974 756 4028 Νῦν
776 3975 832 4028 δὲ
850 3977 1148 4048 παρόμοιον
1162 3977 1385 4045 γέγονεν
1400 3973 1510 4031 οἷον
1530 3980 1623 4033 ἐπὶ
1638 3981 1750 4034 τῶν
1769 3983 2022 4042 νεοττῶν.

440 4057 552 4110 Καὶ
597 4057 706 4127 γὰρ
735 4059 976 4121 ἐκείνους
1013 4059 1142 4112 ὅταν
1191 4059 1436 4133 ἐκθρέψῃ
1471 4064 1504 4133 ή
1544 4063 1747 4134 μήτηρ,
1787 4069 2022 4136 προάγει

441 4143 544 4211 μὲν
580 4141 679 4211 τῆς
728 4141 950 4204 καλιᾶςο
985 4141 1049 4194 ἂν
1093 4142 1152 4195 δέ
1184 4143 1544 4208 ἀσθενοῦντας
1579 4146 1681 4219 ῖδῃ,
1708 4152 1803 4202 καὶ
1849 4167 2016 4205 κατα-

441 4224 737 4288 πίπτοντας
763 4227 855 4276 καὶ
877 4223 1160 4293 δεομένους
1185 4224 1264 4277 ἔτι
1287 4227 1386 4294 τῆς
1412 4225 1559 4279 ἔνδον
1585 4231 1774 4300 μονῆς,
1799 4233 2023 4304 ἀφίησιν

438 4305 520 4360 ἔτι
564 4306 778 4370 πλείους
825 4307 1067 4378 ἡμέρας,
1115 4308 1212 4378 οὐχ
1262 4309 1348 4362 ἴνα
1399 4308 1690 4376 διαπαντὸς
1738 4313 1886 4368 ἔνδον
1926 4317 2024 4386 μέ-

437 4407 624 4450 νωσιν,
651 4390 767 4443 ἀλλ’
794 4389 880 4442 ῖνα
911 4391 1196 4462 παγέντων
1225 4392 1407 4456 αὐτοῖς
1438 4393 1619 4457 καλῶς
1647 4398 1754 4451 τῶν
1780 4399 2018 4468 πτερῶν,

437 4475 534 4528 καὶ
566 4474 665 4544 τῆς
703 4473 885 4544 ἰσχύος
923 4474 1366 4544 προσγενομένης
1405 4477 1644 4546 ἀπάσης,
1680 4480 1818 4548 μετὰ
1846 4483 2023 4550 ἀσφα.

437 4557 586 4620 λείας
617 4557 801 4610 λοιπὸν
833 4556 934 4627 τῆς
967 4559 1218 4628 πτήσεως
1259 4557 1508 4628 ἔχωνται.
1541 4560 1697 4615 Οὕτω
1726 4565 1818 4616 καὶ
1849 4567 1877 4618 6
1911 4566 2024 4620 Κύ-

440 4659 556 4715 ριος
582 4641 740 4711 ήμῶν
769 4638 829 4704 ἐξ
855 4641 1030 4712 ἀρχῆς
1061 4641 1159 4712 μὲν
1193 4636 1372 4694 εἷλκεν
1401 4645 1494 4696 ἐπὶ
1519 4644 1611 4698 τὸν
1644 4647 1893 4716 οὐρανὸν,
1925 4653 2022 4704 καὶ

436 4725 536 4798 τὴν
583 4727 700 4777 ἐκεῖ
732 4725 1001 4795 φέρουσαν
1045 4725 1163 4778 ὁδὸν
1210 4725 1442 4791 ἐδείκνυ,
1491 4727 1591 4782 οὐκ
1636 4730 1846 4798 ἀγνοῶν
1899 4735 2020 4803 μέν,

440 4809 577 4865 ἀλλά
607 4810 699 4863 καὶ
730 4809 934 4881 σφόδρα
964 4809 1140 4874 εἰδὼς,
1168 4811 1250 4865 ὅτι
1280 4811 1379 4863 οὐκ
1409 4811 1715 4882 άρκέσομεν
1749 4816 1882 4887 πρὸς
1922 4820 2021 4889 τὴν

440 4893 640 4962 πτῆσιν
692 4891 929 4964 ἐκείνην,
971 4893 1140 4957 δεῖξαι
1175 4892 1232 4945 δὲ
1281 4896 1412 4964 ἡμῖν
1445 4893 1788 4966 βουλόμενος,
1829 4901 1913 4952 ὅτι
1959 4901 2018 4954 οὐ

440 4975 590 5046 παρά
623 4973 722 5044 τὴν
751 4974 914 5028 αὑτοῦ
949 4974 1222 5046 βούλησιν,
1261 4976 1396 5028 ἀλλά
1441 4978 1590 5050 παρά
1617 4978 1715 5051 τὴν
1745 4982 2020 5054 ἡμετέραν

437 5059 723 5112 ἀσθένειαν
772 5058 833 5112 τὸ
883 5057 1085 5128 πτῶμα
1141 5059 1370 5126 γίνεται.
1423 5061 1640 5132 Ἐπειδὴ
1692 5063 1750 5116 δὲ
1797 5064 2016 5132 ἔδειξεν,

436 5140 580 5195 οῦτω
632 5141 816 5196 λοιπὺν
871 5141 1096 5212 ἀφίησιν
1140 5141 1328 5213 ῶσπερ
1378 5144 1436 5196 ἐν
1487 5143 1650 5216 καλιᾷ
1702 5145 1778 5216 τῷ
1830 5149 2020 5220 κόσμῳ

435 5226 612 5297 τούτῳ
642 5227 736 5280 καὶ
762 5224 841 5294 τῷ
868 5225 1032 5296 γάμῳ
1074 5225 1370 5296 τρέφεσθαι
1406 5227 1596 5298 χρόνον
1625 5227 1812 5284 πολύν.
1852 5231 1938 5295 Ὠς
1963 5232 2019 5287 δὲ

442 5311 570 5380 ἡμῖν
597 5309 654 5362 ἐν
693 5308 770 5380 τῷ
797 5307 978 5378 πολλῷ
1011 5309 1187 5382 χρόνῳ
1218 5310 1287 5362 τὰ
1320 5311 1418 5381 τῆς
1453 5312 1652 5383 ἀρετῆς
1678 5312 1780 5382 ἔφυ
1820 5317 2010 5388 πτερὰ,

434 5391 557 5444 τότε
601 5391 784 5463 ἡρέμα
811 5391 908 5443 καὶ⁸
937 5392 1079 5444 κατά
1111 5394 1305 5463 μικρὸν
1343 5392 1511 5446 ἐλθὼν
1540 5394 1775 5466 ἐξήγαγε
1805 5397 1904 5468 τῆς
1931 5401 2018 5453 ἐν-

433 5473 610 5526 ταῦθα
646 5473 837 5544 μονῆς,
868 5472 1132 5529 διδάσκων
1171 5476 1477 5548 ὑψηλότερα
1507 5478 1794 5535 πέτασθαι.
1826 5483 1887 5533 Οἰ
1918 5482 2018 5552 μὲν

435 5552 530 5611 οῦν
558 5555 639 5609 ἔτι
667 5555 1002 5630 νωθρότερον
1031 5559 1383 5630 διακείμενοι,
1415 5562 1509 5615 καὶ
1537 5561 1627 5614 τὸν
1656 5562 1822 5632 βαθὺν
1851 5563 2016 5619 ὕπνον

434 5641 805 5706 καθεύδοντες,
836 5643 1302 5716 ἐμφιλοχωροῦσιν
1343 5644 1424 5698 ἔτι
1462 5648 1526 5715 τῇ
1559 5645 1744 5717 καλιᾷ,
1775 5650 1886 5711 τοῖς
1921 5649 2014 5703 τοῦ

437 5726 641 5796 κόσμου
679 5725 1094 5798 προσηλωμένοι
1125 5727 1472 5798 πράγμασινο
1504 5729 1552 5780 οἱ
1580 5729 1636 5782 δέ
1684 5728 1853 5792 ὅντως
1893 5748 2010 5798 γεν.

436 5813 592 5874 ναῖοι,
633 5809 726 5862 καὶ
767 5808 861 5862 τοῦ
904 5809 1081 5879 φωτὸς
1112 5811 1373 5880 ἐρασταὶ,
1419 5811 1558 5882 μετά
1606 5811 1807 5881 πολλῆς
1853 5814 2010 5868 66x0-

432 5891 551 5959 λίας
574 5891 800 5964 ἀφέντες
829 5891 1018 5964 αὐτὴν,
1044 5893 1180 5965 πρὸς
1209 5892 1277 5946 τὰ
1316 5894 1564 5968 μετέωρα
1599 5895 1880 5962 πέτανται,
1913 5901 2007 5952 καὶ

1167 271 1222 329 8.
1264 272 1550 329 JOANNIS
1588 268 2082 330 CIIRYSOSTOMI
2131 268 2452 327 ARCHIEP.
2495 264 3050 326 CONSTANTINOP.

3622 265 3728 320 546

2140 390 2248 443 τῶν
2279 385 2524 459 οὐρανῶν
2553 385 2788 456 ἔχονται,
2824 383 3004 436 πάντα
3038 381 3130 433 ἐπὶ
3179 379 3276 450 τῆς
3321 379 3423 450 γῆς
3475 381 3730 434 καταλεί-

2135 472 2398 539 ψαντεςο,
2426 469 2518 522 τὸν
2551 470 2749 539 γάμον,
2784 467 2854 520 τά
2893 467 3174 538 χρήματα,
3200 465 3296 527 τὰς
3321 464 3628 534 φροντίδας,
3657 467 3730 520 τὰ

2137 555 2270 608 ἀλλα
2297 553 2476 606 πάντα
2497 553 2597 606 ὅσα
2627 551 2765 623 πρὸς
2794 551 2893 621 τὴν
2924 549 3028 618 γῆν
3059 549 3206 619 ἡμᾶς
3234 547 3522 600 καθέλκειν
3546 548 3726 604 εἴωθε.

2134 637 2227 710 Μή
2257 637 2437 690 τοίνυν
2469 635 2567 708 τὴν
2611 635 2671 702 ἐξ
2713 633 2890 705 ἀρχῆς
2937 630 3584 710 γενομένηνέπιτροπὴν
3631 632 3728 685 τοῦ

2135 709 2338 792 γάμου,
2363 719 2568 791 ταύτην
2596 718 2844 788 ἀνάγκην
2874 717 2955 780 εἰς
2980 715 3042 768 τὸ
3073 713 3200 784 ἐξῆς
3226 709 3367 768 εἶναι
3392 715 3727 784 νομίζωμεν.

2135 802 2453 857 κωλύουσαν
2504 803 2810 872 ἀναχωρεῖν
2868 798 2964 852 τοῦ
3017 798 3230 869 γάμου’
3283 798 3365 850 ὃτι
3420 798 3531 870 γάρ
3580 799 3730 867 ἡμᾶς

2135 887 2298 939 αὑτὸν
2333 887 2553 956 ἀφεῖναι
2596 884 2876 955 βούλεται,
2919 882 3154 938 άκουσον
3198 881 3249 934 τί
3294 898 3484 951 φησιν’
3532 881 3587 934 Ὀ
3625 881 3734 935 δυ-

2134 970 2394 1039 νάμενος
2425 968 2640 1039 χωρεῖν
2673 967 2950 1038 χωρείτω.
2982 966 3046 1019 Εἰ
3085 965 3140 1018 δὲ
3182 965 3256 1036 μὴ
3305 965 3458 1036 παρά
3487 963 3585 1036 τὴν
3629 966 3735 1036 ἀρ-

2133 1053 2234 1124 χὴν
2272 1053 2430 1106 τοῦτο
2463 1050 2714 1118 ἐπέταξε,
2755 1051 2830 1122 μὴ
2859 1049 3169 1120 θαυμάσῃς.
3218 1049 3353 1102 υύδέ
3401 1047 3509 1118 γὰρ
3547 1049 3735 1120 ἰατρὸς

2135 1136 2313 1187 πάντα
2366 1136 2456 1204 ὑφ’
2498 1134 2557 1187 ἐν
2608 1136 2721 1198 τοῖς
2775 1133 3046 1202 κάμνουσι
3087 1133 3182 1184 καὶ
3227 1131 3371 1184 κατά
3419 1131 3512 1184 τὸν
3561 1131 3733 1184 αὑτὸν

2135 1219 2329 1289 καιρὸν
2363 1219 2714 1290 προστάττει,
2747 1216 2862 1269 ἀλλ’
2897 1217 3026 1270 ὃταν
3073 1216 3170 1286 μὲν
3202 1215 3306 1268 ὑπὸ
3345 1213 3440 1268 τοῦ
3487 1215 3731 1287 πυρετοῦ

2135 1302 2496 1372 κατέχωνται,
2541 1302 2641 1372 τῆς
2677 1301 2901 1374 στερεᾶς
2941 1300 3141 1362 αὐτοὺς
3195 1299 3452 1368 ἀπείργει
3479 1299 3688 1368 τροφῆς
3713 1316 3726 1328 ·

2134 1386 2262 1440 ὅταν
2288 1386 2344 1439 δέ
2378 1385 2690 1438 ἀποθῶνται
2719 1386 2895 1437 ἐκεῖνο
2927 1382 2990 1435 τὸ
3029 1382 3141 1452 πῦρ
3176 1382 3272 1434 καὶ
3307 1382 3404 1453 τὴν
3437 1383 3531 1435 ἀπ’
3558 1381 3730 1434 αὑτοῦ

2133 1468 2212 1540 τῷ
2262 1469 2474 1538 σώματι
2529 1467 2974 1540 προσγενομένην
3013 1465 3319 1530 ἀσθένειαν,
3370 1465 3490 1519 τότε
3538 1465 3734 1517 λοιπὸν

2134 1551 2450 1618 ἀπαλλάξας
2489 1553 2687 1615 αὐτοὺς
2731 1550 2840 1604 τῶν
2879 1547 3230 1619 δυσαρέστων
3270 1548 3456 1602 σιτίων
3505 1547 3598 1601 ἐπὶ
3627 1547 3734 1618 τὴν

2135 1635 2338 1707 συνήθη
2381 1635 2538 1707 φέρει
2571 1635 2800 1689 δίαιταν.
2833 1635 3047 1703 Ὥσπερ
3075 1633 3132 1684 δὲ
3171 1633 3230 1686 ἐν
3262 1636 3374 1696 τοῖς
3405 1631 3623 1704 σώμασι
3656 1630 3735 1685 τὰ

2136 1722 2376 1790 στοιχεῖα
2426 1719 2564 1791 πρὸς
2611 1717 2818 1790 ἀλληλα
2873 1715 3235 1780 στασιάζοντα
3271 1716 3414 1771 κατὰ
3449 1717 3511 1770 τὸ
3561 1716 3734 1770 πλέον

2133 1801 2421 1872 ἢέλαττον
2453 1803 2553 1872 τὴν
2588 1802 2743 1855 νόσον
2795 1801 3112 1873 ἐργάζεται,
3143 1799 3288 1853 οῦτω
3335 1801 3430 1855 καὶ
3479 1801 3574 1854 ἐπὶ
3625 1800 3734 1865 τῆς

2131 1885 2312 1956 ψυχῆς
2361 1886 2418 1940 αἰ
2474 1885 2581 1938 τῶν
2639 1884 2827 1938 παθῶν
2883 1885 3145 1955 ἀμετρίαι
3200 1884 3574 1956 διαφθείρουσι
3627 1883 3732 1955 τὴν

2134 1969 2346 2038 ὑγίειαν
2384 1969 2586 2040 αὐτῆςο
2623 1971 2715 2022 καὶ
2761 1969 2844 2022 δεῖ
2878 1969 3115 2040 μάλιστα
3160 1966 3354 2039 καιροῦ
3401 1967 3495 2020 τοῦ
3529 1967 3735 2020 καταλ-

2132 2053 2307 2124 λήλως
2329 2055 2442 2116 τοῖς
2459 2053 2844 2122 ὑποκειμένοις
2869 2051 3097 2105 πάθεσιν
3117 2050 3260 2121 ἔχειν
3284 2051 3345 2103 τὸ
3370 2050 3729 2122 πρόσταγμα,

2131 2135 2208 2198 ὼς
2239 2134 2444 2188 τούτων
2477 2135 2607 2188 ἄνευ
2653 2133 2981 2205 ἀμφοτέρων
3018 2135 3119 2187 οὐκ
3160 2133 3225 2186 ἂν
3265 2133 3518 2204 ἀρκέσειε
3558 2135 3730 2203 νόμος

2132 2216 2254 2270 καθ’
2296 2217 2490 2270 ἐαυτὸν
2533 2216 2824 2288 διορθῶσαι
2877 2217 2976 2287 τὴν
3019 2219 3077 2270 ἐν
3108 2219 3177 2288 τῇ
3227 2217 3373 2286 ψυχῇ
3423 2215 3732 2285 γενομένην

2128 2301 2483 2373 διαστροφὴν,
2512 2300 2702 2372 ὥσπερ
2733 2298 2825 2356 οῦν
2864 2301 2987 2355 οὐδὲ
3016 2302 3049 2372 ἠ
3074 2300 3184 2353 τῶν
3213 2300 3521 2371 φαρμάκων
3559 2297 3731 2368 φύσις

2130 2385 2268 2457 αὑτὴ
2315 2384 2436 2439 καθ’
2481 2386 2681 2455 ἑαυτὴν
2717 2385 2920 2439 δύναιτ’
2962 2385 3028 2439 ἂν
3069 2385 3226 2448 ἕλκος
3263 2384 3522 2454 ἀφανίσαι
3555 2383 3724 2437 ποτέ·

2129 2469 2267 2539 ὅπερ
2315 2469 2425 2539 γάρ
2473 2470 2566 2523 ἐπὶ
2615 2469 2724 2524 τῶν
2761 2470 3090 2542 τραυμάτων
3119 2469 3190 2522 τὰ
3236 2470 3523 2540 φάρμακα,
3563 2467 3730 2522 τοῦτο

2130 2554 2224 2606 ἐπὶ
2266 2555 2376 2607 τῶν
2411 2555 2828 2625 ἁμαρτημάτων
2867 2555 2916 2607 οἱ
2954 2553 3130 2623 νόμοι.
3170 2554 3243 2606 Σὺ
3289 2553 3344 2606 δέ
3387 2552 3569 2620 ἰατρὸν
3625 2551 3728 2606 νῦν

2133 2640 2232 2710 μὲν
2282 2638 2586 2709 τέμνοντα,
2633 2637 2728 2691 νῦν
2787 2637 2844 2690 δέ
2893 2638 3136 2702 καίοντα,
3189 2635 3284 2690 νῦν
3335 2636 3393 2688 δέ
3439 2634 3728 2705 οὐδέτερον

2128 2723 2335 2776 τούτων
2383 2721 2641 2776 ποιοῦντα
2679 2723 2772 2776 ἐπὶ
2812 2720 2920 2776 τῶν
2954 2719 3134 2787 αὐτῶν
3175 2719 3432 2780 πολλάκις
3462 2719 3725 2788 τραυμάο

2127 2824 2256 2871 των,
2284 2805 2344 2860 ού
2384 2805 2882 2878 πολυπραγμονεῖς,
2919 2806 3012 2859 καὶ
3059 2804 3229 2859 ταῦτα
3275 2803 3536 2866 πολλάκις
3564 2800 3725 2875 [2821

2129 2891 2510 2959 ἀποσφαλέντα
2538 2892 2631 2945 τοῦ
2676 2891 2860 2955 τέλους
2879 2908 2892 2921 °
2928 2891 3020 2944 τὸν
3049 2889 3105 2944 δὲ
3133 2889 3266 2942 Θεὸν
3305 2887 3592 2958 ἄνθρωπος
3621 2888 3723 2948 ὢν,

2128 2974 2216 3027 τὸν
2241 2975 2477 3048 οὐδαμοῦ
2511 2977 2609 3047 μὲν
2636 2976 3074 3048 διαμαρτάνοντα
3093 3014 3107 3038 ,
3141 2975 3317 3028 πάντα
3342 2973 3398 3025 δὲ
3430 2971 3596 3038 ἀξίως
3623 2971 3727 3039 τῆς

2127 3057 2332 3122 οἰκείας
2377 3059 2763 3130 οἰκονομοῦντα
2814 3059 3036 3128 σοφίας,
3087 3058 3448 3129 περιεργάσῃ,
3482 3055 3576 3108 καὶ
3615 3054 3726 3106 τῶν

2128 3143 2571 3214 προσταγμάτων
2599 3143 2829 3206 εὐθύνας
2865 3143 3208 3213 ἀπαιτήσεις,
3246 3140 3339 3192 καὶ
3365 3139 3427 3190 ού
3460 3154 3725 3208 παραχω-

2131 3229 2318 3297 ρήσεις
2348 3225 2426 3297 τῷ
2447 3227 2546 3297 τῆς
2581 3227 2770 3297 σοφίας
2800 3227 3043 3296 ἀπείρῳ;
3079 3224 3190 3277 Καὶ
3221 3221 3339 3285 πῶς
3360 3222 3458 3274 οὐκ
3484 3222 3727 3292 ἐσχάτης

2126 3311 2302 3365 ταῦτα
2337 3311 2760 3382 παραπληξίας;
2811 3306 2999 3370 Εἶπεν,
3036 3306 3385 3372 Αὺξάνεσθε
3419 3305 3515 3358 καί
3563 3309 3726 3372 πλη-

2127 3397 2404 3450 θύνεσθε.
2441 3395 2612 3449 Τοῦτο
2657 3395 2766 3466 γάρ
2811 3396 2839 3447 6
2870 3393 3060 3464 καιρὸς
3110 3390 3329 3462 ἀπῄτει,
3363 3392 3463 3460 τῆς
3506 3388 3727 3456 φύσεως

2131 3480 2486 3550 μαινομένης,
2517 3480 2612 3532 καὶ
2638 3479 2730 3532 τὸν
2770 3477 2879 3530 τῶν
2909 3476 3098 3531 παθῶν
3127 3471 3341 3546 οἶστρον
3377 3473 3452 3545 μὴ
3487 3473 3725 3544 δυναμέ-

2127 3579 2224 3632 νης
2258 3562 2522 3630 ἐνεγκεῖν,
2570 3562 2693 3615 οὐδὲ
2737 3559 2970 3631 ἐχούσης
3005 3560 3082 3622 εἰς
3129 3559 3316 3628 ἔτερόν
3362 3573 3481 3610 τινα
3525 3556 3726 3626 λιμένα

2127 3647 2464 3714 καταφυγεῖν
2520 3646 2586 3696 ἐν·
2629 3645 2816 3716 ἐκείνῃ
2869 3647 2935 3715 τῇ
2986 3643 3143 3716 ζάλῃ.
3185 3642 3344 3695 Ἀλλά
3381 3642 3434 3693 τί
3476 3641 3725 3694 κελεύειν

2126 3729 2328 3800 ἐχρῆν;
2372 3730 2432 3781 ἐν
2476 3727 2772 3798 ἐγκρατείᾳ
2821 3730 2912 3780 καὶ
2949 3727 3218 3797 παρθενίᾳ
3267 3725 3507 3793 διάγειν;
3561 3724 3726 3777 Ἀλλά
3781 3722 3784 3723 ⁷

2124 3812 2283 3865 τοῦτο
2317 3811 2500 3883 μεῖζον
2527 3811 2591 3866 ἂν
2617 3811 2676 3864 τὸ
2705 3811 2904 3882 πτῶμα
2931 3811 3249 3881 εἰργάσατο,
3282 3810 3378 3862 καὶ
3406 3809 3504 3880 τὴν
3543 3809 3726 3880 φλόγα

2126 3894 2487 3967 σφοδροτέραν
2525 3894 2769 3964 ἐποίησε.
2802 3895 2910 3946 Καὶ
2947 3895 3056 3965 γάρ
3083 3895 3208 3955 τοὺς
3242 3891 3513 3960 γάλακτος
3555 3893 3723 3962 μόνου

2123 3978 2410 4048 δεομένους
2441 3978 2633 4042 παῖδας
2661 3981 2711 4032 εἰ
2747 3995 2828 4041 τις
2865 3979 3081 4050 ἐκείνης
3131 3978 3433 4044 ἀπαγαγὼν
3465 3975 3565 4044 τῆς
3594 3992 3725 4046 τρο-

2124 4062 2251 4132 φῆς,
2281 4061 2380 4132 τῆς
2415 4061 2642 4131 ἀνδράσι
2672 4061 3056 4132 προσηκούσης
3095 4060 3397 4128 ἀναγκάζοι
3435 4057 3724 4129 μεταλαμ-

2125 4145 2326 4203 ϐάνειν,
2358 4144 2510 4196 οὐδὲν
2549 4143 2609 4196 τὺ
2653 4144 2862 4196 κωλύον
2912 4145 3109 4208 αὐτοὺς
3159 4143 3456 4198 ἀπολέσθαι
3488 4143 3718 4206 εὐθέως.

2124 4229 2387 4282 Τοσοῦτον
2422 4230 2456 4299 ή
2486 4227 2711 4298 ἀκαιρία
2739 4228 2928 4282 κακόν.
2960 4228 3057 4281 Διά
3105 4227 3280 4282 ταῦτα
3319 4226 3379 4291 ἐξ
3405 4226 3583 4298 ἀρχῆς
3614 4227 3720 4280 οὐκ

2125 4311 2279 4383 ἐδόθη
2315 4313 2348 4382 ή
2384 4311 2680 4382 παρθενίαο
2711 4311 2910 4382 μᾶλλον
2939 4311 2995 4364 δέ
3024 4313 3057 4381 ή
3093 4311 3361 4382 παρθενία
3393 4311 3492 4381 μὲν
3521 4311 3581 4374 ἐξ
3613 4311 3719 4381 ἀρ-

2124 4395 2227 4465 χῆς
2255 4397 2351 4449 καὶ
2387 4394 2482 4449 τοῦ
2517 4395 2698 4464 γάμου
2731 4394 2972 4466 προτέρα
3011 4397 3146 4465 ἡμῖν
3183 4395 3385 4467 ἐφάνη⁹
3415 4393 3505 4447 διὰ
3534 4395 3718 4448 ταῦτα

2121 4478 2177 4530 δὲ
2199 4477 2515 4548 ἐπεισῆλθεν
2533 4477 2660 4531 ῦστε
2669 4495 2760 4549 ρον
2777 4481 2804 4532 ὁ
2824 4479 3022 4548 γάμος,
3048 4478 3141 4530 καὶ
3164 4479 3394 4548 πρᾶγμα
3415 4478 3717 4544 ἀναγκαῖον

2123 4562 2402 4632 ἐνομίζετο
2430 4556 2590 4621 εἶναι,
2615 4561 2692 4623 ὡς
2718 4560 2771 4613 εί
2800 4577 2863 4629 γε
2893 4561 3106 4631 ἔμεινεν
3137 4560 3425 4613 ὑπακούων
3455 4562 3484 4612 6
3516 4559 3714 4630 Ἀδὰμ,

2082 4705 2090 4711 _
2121 4645 2222 4696 οὐκ
2245 4645 2310 4697 ἂν
2334 4644 2520 4712 ἐδέησε
2546 4643 2759 4697 τούτου.
2779 4643 2888 4696 Καὶ
2914 4641 3031 4706 πῶς
3055 4641 3141 4707 ἂν,
3166 4643 3353 4714 φησὶν,
3375 4644 3432 4694 αἱ
3452 4642 3716 4696 τοσαῦται

2126 4727 2383 4799 μυριάδες
2411 4729 2694 4796 ἐγένοντο;
2731 4725 2874 4794 Ἐγὼ
2913 4726 2970 4779 δέ
2998 4743 3057 4778 σε
3097 4727 3259 4780 πάλιν
3288 4725 3495 4797 ἐρωτῶ,
3520 4725 3714 4796 ἐπειδή

2125 4827 2183 4863 σε
2215 4811 2420 4881 σφόδρα
2454 4811 2755 4883 παρέμεινε
2792 4809 3097 4862 κατασείων
3133 4803 3286 4872 οὗτος
3310 4811 3340 4861 6
3377 4808 3562 4878 φόὸοςν
3595 4810 3717 4873 πῶς

2121 4897 2149 4946 6
2185 4893 2388 4964 Ἀδὰμ,
2433 4894 2551 4957 πῶς
2589 4893 2645 4946 δὲ
2690 4895 2724 4963 ή
2759 4892 2905 4955 Εὕα,
2953 4892 3030 4964 μὴ
3081 4891 3454 4963 μεσιτεύοντος
3491 4890 3713 4960 γάμου;

2123 4975 2188 5027 Τί
2219 4974 2348 5042 οῦν;
2400 4975 2593 5038 οὕτως,
2639 4977 2827 5046 φησὶν,
2875 4975 3101 5045 ἔμελλον
3150 4975 3390 5036 ἅπαντες
3432 4972 3715 5045 ἄνθρωποι

2122 5058 2396 5127 γίνεσθαι;
2445 5059 2568 5112 Εἴτε
2609 5060 2804 5124 οῦτως,
2833 5059 2942 5112 εῖτε
2975 5059 3196 5129 ἐτέρως,
3219 5057 3318 5110 οὐκ
3351 5056 3460 5126 ἔχω
3492 5056 3710 5124 λέγειν·

2120 5144 2181 5196 τὸ
2208 5145 2315 5215 γὰρ
2357 5143 2686 5214 ζητούμενον
2715 5143 2830 5208 νῦν,
2869 5143 2950 5195 ὅτι
2979 5144 3157 5213 γάμου
3191 5143 3292 5195 οὐκ
3324 5140 3431 5193 ἔδει
3468 5139 3547 5210 τῷ
3589 5139 3714 5212 Θεῷ

2121 5228 2254 5299 πρὸς
2279 5228 2339 5280 τὸ
2363 5227 2590 5290 πολλοὺς
2610 5228 2834 5297 ποιῆσαι
2857 5228 2981 5289 τοὺς
3000 5227 3092 5278 ἐπὶ
3113 5226 3214 5296 τῆς
3237 5225 3342 5295 γῆς
3361 5222 3708 5295 ἀνθρώπους.

2192 5311 2296 5366 lH'.
2337 5312 2454 5365 Ὀτι
2479 5311 2534 5364 δέ
2549 5311 2700 5381 οὺχή
2730 5309 3000 5382 παρθενία
3023 5315 3168 5363 ποιεῖ
3190 5309 3250 5362 τὸ
3273 5309 3380 5363 τῶν
3399 5308 3497 5363 ἀνθ
3506 5308 3710 5380 ρώπων

2119 5395 2275 5463 γένος
2323 5395 2616 5457 ἐπιλιπεῖν,
2650 5395 2764 5448 ἀλλ’
2793 5396 2827 5464 ή
2877 5394 3124 5466 ἁμαρτία
3156 5395 3250 5447 καὶ
3280 5393 3340 5448 αἱ
3368 5393 3559 5446 ἄτοποι
3611 5394 3711 5462 μί-

2120 5477 2250 5542 ξεις,
2299 5479 2494 5545 ἔδειξεν
2527 5479 2555 5531 6
2591 5479 2732 5532 κατά
2761 5479 2852 5532 τὸν
2891 5478 3015 5531 Νῶε
3062 5479 3354 5547 γενόμενος
3393 5478 3711 5548 άφανισμδς

2118 5561 2210 5615 καὶ
2245 5560 2546 5632 ἀνθρώπων
2582 5563 2677 5615 καὶ
2721 5561 2932 5632 κτηνῶν
2966 5561 3062 5614 καὶ
3105 5561 3323 5615 πάντων
3363 5559 3551 5623 ἁπλῶς
3594 5561 3708 5612 τῶν

2118 5645 2462 5714 ἐμπνεόντων
2502 5644 2594 5698 ἐπὶ
2625 5645 2724 5709 τῆς
2761 5645 2884 5714 γῆς.
2914 5645 2978 5696 Εἰ
3019 5645 3126 5716 γάρ
3156 5645 3391 5716 ἔστησαν
3435 5641 3576 5712 πρὸς
3603 5645 3708 5712 τὴν

2119 5729 2318 5782 ἄτοπον
2345 5728 2467 5780 τότε
2502 5728 2797 5798 ἐπιθυμίαν
2825 5729 3041 5800 ἐκείνην
3071 5730 3121 5782 οἱ
3153 5729 3257 5782 υἱοί
3285 5726 3380 5782 τοῦ
3411 5725 3569 5790 Θεοῦ,
3609 5728 3708 5780 καὶ

2119 5811 2216 5882 τὴν
2250 5811 2546 5882 παρθενίαν
2575 5813 2863 5883 ἐτίμησαν,
2889 5813 2938 5866 εἰ
2971 5812 3046 5883 μὴ
3084 5809 3222 5865 εἶδον
3252 5811 3455 5875 ἀδίκοις
3492 5809 3704 5881 ὄμμασι

2178 5910 2206 5942 ⁸
2225 5909 2347 5974 Reg.
2374 5907 2526 5956 πάντα
2545 5910 2604 5956 τὰ
2626 5913 2710 5969 τῆς
2731 5915 2816 5975 γῆς
2839 5909 3019 5973 ἐπίγῆς
3041 5911 3210 5963 καταλ.
