3886 6222
218 261 322 317 545

216 371 583 427 imbecillitate
628 379 807 425 nostra
854 369 986 425 facta
1015 368 1313 425 necessaria
1345 377 1470 421 sunt
1510 381 1630 422 cum
1660 365 1796 430 hmo,

218 471 331 518 tum
352 473 544 518 extera
573 464 771 526 omnia,
796 462 1011 531 oppida,
1034 460 1279 526 artificia,
1303 459 1526 514 vestium
1556 457 1801 523 amictus,

213 568 277 607 ac
324 553 530 622 reliqua
578 554 997 607 necessariorum
1046 552 1232 615 turba;
1279 550 1392 604 hanc
1436 551 1580 604 enim
1612 559 1803 604 cuncta

212 661 364 701 mors
389 660 569 701 secum
600 645 818 700 trahens
840 645 1059 700 invexit.
1083 644 1257 711 Quare
1284 658 1381 697 nec
1400 642 1540 713 quod
1568 642 1805 696 imbecil-

214 739 349 793 litati
378 748 478 793 tua:
506 739 863 793 condonatum
889 738 958 790 sit
979 737 1263 806 virginitati
1295 735 1485 805 prmfer
1511 752 1525 788 :
1554 734 1680 805 quin
1703 748 1802 788 nec

215 846 458 900 exaequa.
497 830 630 885 Nam
671 830 770 883 hac
795 829 1007 883 demum
1033 828 1241 882 ratione
1267 827 1399 882 duas
1425 826 1584 881 etiam
1613 825 1803 894 conju-

212 938 309 991 ges
332 922 551 986 habere,
587 937 745 991 quam
774 937 875 974 una
916 931 1227 975 contentum
1259 934 1399 981 esse,
1447 927 1701 988 przestare
1726 917 1806 970 di-

214 1029 328 1080 (es,
358 1014 607 1084 quoniam
638 1012 688 1066 id
714 1012 875 1067 Mosis
918 1011 1035 1080 lege
1080 1011 1397 1080 permissum
1427 1018 1574 1075 erat;
1621 1009 1803 1076 sieque

212 1104 432 1158 divitias
450 1119 606 1172 quam
628 1102 979 1157 voluntariam
1001 1110 1387 1172 paupertatem,
1406 1099 1625 1155 delicias
1643 1115 1802 1169 quam

212 1196 597 1265 frugalitatem,
622 1194 866 1265 injuriam
890 1193 1072 1249 ulcisci
1102 1209 1260 1263 quam
1287 1192 1496 1247 fortiter
1525 1192 1682 1259 ferre,
1710 1208 1804 1262 po-

215 1290 323 1343 tius
352 1288 537 1343 duces.

291 1378 430 1434 XVI.
472 1377 857 1432 Matrimonium
897 1377 1223 1448 indulgentia:
1262 1393 1391 1431 esse.
1431 1407 1502 1418 --
1539 1376 1618 1431 Tu
1649 1392 1800 1441 vero,

215 1470 417 1540 inquit,
459 1468 574 1523 haec
604 1467 892 1538 improbas.
922 1469 1179 1539 Equidem
1212 1482 1314 1521 non
1347 1467 1590 1539 improbo
1624 1485 1638 1521 :
1680 1484 1803 1522 nam

214 1577 282 1615 ea
310 1570 365 1615 et
396 1560 537 1614 Deus
557 1559 845 1625 concessit,
869 1568 924 1614 et
947 1568 1101 1614 erant
1125 1573 1222 1613 suo
1246 1566 1486 1627 tempore
1509 1558 1655 1612 utilia
1676 1576 1689 1611 :
1710 1558 1805 1613 sed

214 1651 356 1706 levia
385 1666 602 1717 censeo,
625 1660 679 1705 et
706 1665 990 1719 puerorum
1021 1651 1189 1721 magis
1209 1666 1365 1720 quam
1395 1650 1630 1705 virorum
1662 1659 1809 1705 recte

214 1740 377 1795 facta.
410 1740 643 1812 Ideoque
662 1740 906 1797 Christus
932 1741 1118 1796 volens
1144 1756 1242 1797 nos
1283 1741 1550 1811 perfectos
1579 1741 1808 1797 reddere

215 1841 383 1910 jussit
396 1840 500 1904 his,
520 1850 791 1910 tamquam
808 1839 1110 1911 puerilibus
1120 1839 1381 1904 vestibus,
1394 1837 1674 1901 detractis,
1687 1852 1809 1906 quae

172 1956 177 1959 -
220 1941 280 1985 et
308 1932 485 1986 virum
507 1933 750 1988 adultum
771 1932 1014 1997 amicire,
1035 1942 1091 1988 et
1106 1946 1416 1987 mensuram
1434 1928 1610 1984 aetatis
1629 1928 1805 1998 pleni-

223 2024 430 2079 tudinis
444 2024 646 2081 Christi
666 2025 878 2096 (Ephes.
896 2025 947 2079 4.
971 2026 1080 2095 15),
1099 2039 1297 2078 ornare
1318 2022 1540 2077 minime
1556 2027 1805 2091 possent,

212 2120 615 2188 splendidiores
659 2110 917 2177 quasdant
948 2126 1012 2165 ae
1053 2111 1398 2180 perfectiores
1427 2111 1669 2177 induere,
1698 2126 1805 2166 non

212 2212 308 2266 ine
330 2210 540 2281 quidem
570 2217 756 2265 secum
784 2215 1043 2272 pugnans,
1068 2201 1161 2255 sed
1188 2202 1420 2256 maxime
1442 2201 1803 2256 consentiens.

212 2302 350 2358 Nam
378 2303 480 2359 etsi
505 2302 620 2358 hrec
644 2296 751 2360 illis
771 2295 972 2365 majora
1001 2303 1126 2348 sunt
1148 2304 1430 2365 praecepta,
1455 2294 1594 2348 idem
1626 2302 1805 2347 tamen

212 2396 496 2452 consilium
510 2406 593 2451 est
606 2387 1232 2465 legislatoris.Quodnam
1250 2387 1300 2442 id
1313 2387 1420 2443 est?
1439 2387 1624 2441 Reeisa
1642 2387 1805 2442 animi

214 2492 383 2546 nostri
405 2491 687 2546 vitiositate
710 2501 835 2544 eum
851 2483 917 2537 ad
944 2482 1233 2553 perfectam
1251 2481 1501 2536 virtutem
1517 2479 1804 2535 deducere.

217 2583 403 2652 Itaque
431 2583 474 2637 si
501 2583 549 2638 ei
578 2594 795 2652 Operam
815 2575 1075 2641 dedisset,
1106 2589 1211 2629 non
1235 2581 1293 2628 ut
1317 2572 1582 2643 prioribus
1606 2573 1804 2641 majora

212 2676 537 2746 imponeret,
568 2675 662 2729 sed
701 2674 752 2728 in
779 2673 972 2728 iisdem
1001 2674 1259 2737 perpetuo
1285 2666 1508 2731 sineret,
1540 2680 1715 2735 neque
1739 2664 1807 2718 ab

211 2782 279 2821 ea
304 2767 503 2821 vilitate
524 2780 771 2835 umquam
799 2763 1127 2823 sublevaret,
1162 2757 1353 2812 fuisset
1376 2756 1427 2811 id
1460 2755 1808 2811 vehementer

211 2874 401 2914 secum
440 2858 747 2929 pugnantis.
770 2857 841 2913 Ut
859 2856 1004 2912 enim
1032 2852 1078 2907 si
1103 2850 1277 2917 initio,
1308 2865 1429 2906 cum
1452 2850 1708 2921 puerilius
1729 2847 1809 2902 af-

213 2953 416 3007 fectum
435 2959 576 3006 esset
598 2965 766 3020 genus
791 2949 1106 3008 humanum,
1135 2951 1443 2997 accuratum
1471 2940 1573 2994 hoc
1597 2940 1809 2994 institu-

216 3056 332 3099 tum
362 3043 629 3099 sanxisset
665 3055 953 3111 numquam
979 3053 1079 3093 nec
1122 3034 1458 3089 moderatum
1504 3032 1806 3101 accepisse-

215 3153 359 3200 mus,
391 3136 486 3191 sed
513 3133 953 3189 immoderatione
978 3145 1039 3185 ea
1069 3128 1212 3183 salus
1240 3126 1391 3180 nobis
1422 3126 1597 3179 omnis
1620 3124 1808 3193 periis-

218 3238 307 3285 set
338 3245 353 3281 :
398 3228 468 3282 ita
494 3226 540 3282 si
566 3235 687 3297 post
708 3226 922 3294 longum
950 3224 1057 3278 hoc
1089 3212 1340 3290 spatium,
1371 3232 1434 3271 ac
1457 3216 1557 3271 sub
1584 3217 1700 3285 lege
1727 3216 1809 3270 di-

214 3321 766 3389 sciplinam,tcmpore
788 3330 885 3370 nos
898 3313 963 3368 ad
978 3313 1245 3368 czrlestem
1265 3309 1402 3363 hanc
1420 3306 1807 3378 phiIOSOphiam

218 3420 467 3474 vocante,
512 3408 717 3462 merere
743 3406 795 3463 in
829 3414 969 3459 terra
997 3403 1232 3464 sivisset,
1256 3398 1399 3455 nihil
1451 3413 1699 3467 magnum
1740 3412 1807 3453 ex

218 3500 547 3570 indulgentia
589 3514 650 3553 ea
679 3496 1122 3568 percepissemus,
1151 3507 1272 3548 cum
1305 3489 1563 3561 perfectio
1593 3496 1809 3559 propter

219 3609 380 3665 quam
410 3592 546 3647 facta
577 3589 901 3661 indulgentia
928 3597 1011 3643 est
1031 3585 1185 3641 nobis
1216 3600 1323 3639 non
1344 3583 1643 3653 obtigisset.

294 3684 457 3739 XVII.
505 3681 576 3736 De
597 3681 690 3736 Dei
718 3681 1053 3752 indulgentia.
1074 3708 1150 3719 â€”
1174 3676 1329 3733 Nunc
1355 3674 1530 3731 simile
1556 3672 1805 3744 quiddam

222 3775 379 3828 nobis
403 3790 467 3828 ac
494 3774 647 3841 pullis
671 3772 912 3840 contigit.
943 3770 1078 3825 Nam
1108 3768 1200 3824 ubi
1229 3782 1321 3822 eos
1341 3766 1588 3823 educavit
1612 3775 1803 3830 mater,

231 3865 435 3935 profert
477 3864 596 3919 illos
621 3861 836 3932 quidem
863 3876 895 3915 e
941 3860 1095 3924 nido;
1141 3858 1235 3914 sed
1267 3859 1311 3912 si
1344 3856 1640 3913 imbecilles
1667 3856 1808 3909 videt

221 3972 289 4012 ac
338 3956 597 4021 labentes,
625 3964 681 4009 et
707 3953 797 4023 qui
821 3952 996 4007 adhuc
1022 3967 1158 4021 opus
1195 3950 1425 4006 habeant
1454 3950 1597 4004 intus
1632 3948 1807 4003 conti-

222 4048 362 4111 neri,
392 4046 516 4101 sinit
544 4047 760 4115 insuper
788 4043 967 4114 plures
986 4043 1120 4104 dies,
1151 4058 1257 4096 non
1286 4052 1342 4095 ut
1369 4050 1624 4111 perpetuo
1663 4038 1809 4094 intus

223 4138 486 4203 haereant,
529 4135 625 4191 sed
655 4147 712 4189 ut
750 4135 849 4189 alis
888 4133 1054 4205 probe
1075 4132 1425 4197 confirmatis,
1470 4140 1629 4200 atque
1661 4128 1807 4184 omni

222 4236 499 4283 contracto
542 4226 755 4293 robore,
799 4226 920 4280 exin
963 4224 1135 4279 securi
1177 4223 1409 4277 volatum
1471 4223 1669 4276 ineant.
1719 4220 1809 4274 Sic

225 4334 329 4372 nos
373 4318 622 4372 Dominus
657 4325 837 4370 noster
879 4315 991 4385 jam
1021 4314 1146 4369 olim
1197 4313 1263 4368 ad
1309 4313 1498 4367 caelum
1541 4311 1805 4376 trahebat,

226 4409 475 4477 viamque
498 4421 699 4477 quaeeo
724 4406 887 4462 ferret
916 4405 1283 4470 monstrabat;
1316 4419 1421 4458 non
1463 4403 1554 4459 ille
1592 4403 1806 4473 quidem

228 4500 499 4570 ignorans,
526 4499 650 4567 quin
674 4498 819 4552 belle
848 4498 1006 4550 etiam
1027 4495 1297 4561 conscius,
1330 4495 1560 4564 impares
1588 4494 1654 4548 ad
1684 4508 1806 4548 eum

227 4590 461 4643 volatum
490 4589 714 4654 futuros,
737 4588 831 4643 sed
857 4588 1140 4643 ostendere
1167 4586 1321 4641 nobis
1344 4585 1551 4651 volens,
1584 4600 1688 4638 non
1712 4599 1806 4638 vo-

229 4682 436 4735 luutate
475 4696 591 4747 sua,
633 4680 726 4735 sed
775 4678 1140 4734 imbecillitate
1187 4688 1368 4733 nostra
1415 4678 1621 4747 lapsum
1671 4675 1805 4730 fieri.

227 4773 382 4843 Quod
411 4772 496 4827 ubi
526 4772 778 4836 ostendit,
805 4772 929 4827 sivit
955 4786 1115 4841 porro
1157 4772 1207 4824 in
1254 4772 1355 4825 hoc
1384 4769 1581 4824 mundo
1608 4777 1662 4823 et
1692 4784 1807 4822 ma-

228 4864 482 4919 trimonio
512 4874 777 4933 tamquam
808 4861 933 4918 nido
975 4861 1202 4931 quodam
1248 4860 1450 4915 diutius
1491 4860 1586 4923 ali,
1637 4859 1808 4913 donec

229 4956 444 5010 tandem
470 4958 678 5011 virtutis
704 4957 853 5026 quasi
877 4956 1189 5027 quibusdam
1218 4954 1405 5023 pennis
1446 4954 1603 5022 longo
1633 4953 1794 5007 inter-

225 5048 369 5103 vallo
420 5049 625 5113 enatis,
656 5049 854 5104 sensim
906 5060 1065 5119 atque
1114 5047 1435 5117 pedetentim
1490 5046 1802 5115 ingressus,

223 5141 501 5195 domicilio
540 5141 643 5195 hoc
681 5141 900 5196 eductos
948 5141 1106 5194 altius
1149 5139 1328 5194 docuit
1373 5138 1605 5193 evolare.
1660 5139 1806 5207 Ergo

224 5234 319 5288 alii
359 5234 533 5288 adhuc
582 5234 869 5288 oscitantes
899 5273 915 5296 ,
964 5242 1215 5300 arctoque
1261 5246 1450 5285 somno
1493 5229 1804 5298 consopiti,

226 5325 360 5379 nido
384 5326 671 5379 etiamnum
696 5333 1068 5386 consuescunt,
1112 5321 1394 5377 mundanis
1420 5321 1565 5375 afï¬xi
1595 5320 1754 5374 rebus
1789 5338 1801 5372 :

229 5418 320 5471 alii
372 5430 501 5471 vero
542 5416 807 5487 generosi,
859 5430 924 5470 ac
965 5414 1099 5469 lucis
1145 5424 1431 5476 amatores,
1465 5427 1531 5467 eo
1560 5411 1810 5466 facillime

228 5509 448 5563 deserto
490 5507 558 5562 ad
584 5506 829 5563 sublimia
857 5505 1056 5571 volant,
1088 5505 1439 5573 omnibusque
1478 5504 1528 5556 in
1556 5511 1695 5558 terra
1721 5517 1810 5556 re-

230 5599 394 5665 lictis,
440 5598 803 5662 matrimonio,
848 5596 1101 5657 nummis,
1132 5594 1296 5657 curis,
1339 5591 1651 5661 cunctisque
1680 5590 1810 5646 reli-

230 5690 352 5760 quis
376 5704 495 5759 qua:
531 5688 596 5747 ad
633 5699 829 5745 terram
860 5703 958 5745 nos
982 5685 1263 5744 detrahere
1299 5685 1511 5755 solent,
1546 5683 1681 5742 czelo
1720 5684 1807 5739 in-

1549 253 1638 310 DE
1678 249 2136 310 VIRGINITATE.

3391 273 3496 329 556

1920 368 2086 423 hiant.
2107 370 2281 438 Quare
2304 389 2369 427 ne
2392 384 2661 446 putemus,
2684 380 3005 437 matrimonii
3034 384 3160 439 olim
3192 390 3499 456 permissisÂ»

1915 478 2037 517 nem
2081 466 2447 523 necessitatem
2473 469 2726 542 deinceps
2765 489 2904 540 esse,
2937 476 3004 530 ab
3031 492 3096 532 eo
3122 478 3361 550 refugere
3396 498 3490 537 ve-

1917 564 2149 619 tantem;
2183 575 2303 614 nam
2350 564 2489 631 quod
2522 565 2649 619 velit
2685 574 2740 621 ut
2767 567 2817 621 id
2845 569 3192 640 dimittamus,
3224 575 3345 629 andi
3371 576 3498 646 quid

1916 648 2076 715 dicat,
2109 650 2209 718 Qui
2229 662 2387 722 potest
2413 673 2611 725 capere,
2637 661 2806 730 capiat
2836 662 3050 732 (Matth.
3086 666 3171 721 I9.
3206 668 3317 739 I2).
3346 670 3501 738 Quod

1915 740 1959 793 si
1990 740 2039 793 id
2068 742 2327 812 principio
2354 745 2527 801 minus
2548 748 2725 816 jussit,
2759 752 2889 807 nihil
2914 756 3140 811 mirum:
3164 774 3336 830 neque
3355 762 3501 816 enim

1916 833 2153 888 medicus
2172 836 2347 890 omnia
2373 838 2529 893 simul
2552 844 2764 911 aegrotis
2783 843 3079 917 eodemque
3107 858 3347 920 tempore
3366 868 3505 922 prte-

1915 924 2116 990 scribit,
2152 927 2244 981 sed
2271 943 2391 982 cum
2422 945 2451 984 a
2480 930 2612 986 febri
2641 942 2904 999 tenentur,
2937 952 2969 991 a
3002 938 3218 995 flrmiori
3262 942 3382 997 cibo
3405 958 3501 998 eos

1914 1027 2093 1082 arcet;
2121 1033 2241 1072 cum
2261 1036 2386 1075 vero
2406 1032 2593 1077 aestum
2614 1024 2760 1078 illum
2780 1037 2935 1096 atque
2957 1029 3024 1082 ab
3050 1045 3115 1085 eo
3139 1035 3347 1103 corpori
3367 1049 3501 1089 con-

1916 1115 2134 1162 tractam
2162 1110 2522 1167 infirmitatem
2547 1114 2885 1184 depulerunt,
2910 1129 3019 1174 tum
3045 1122 3261 1193 ingratis
3286 1125 3501 1181 demum

1914 1198 2047 1253 cibis
2086 1200 2340 1257 liberatos
2368 1216 2584 1260 assueto
2629 1210 2788 1263 victui
2821 1211 3013 1265 reddit.
3043 1212 3501 1280 Quemadmodum

1913 1306 2040 1345 vero
2065 1293 2116 1346 in
2134 1295 2448 1364 corporibus
2473 1299 2739 1355 elementa
2758 1302 2897 1357 inter
2912 1319 2972 1358 se
2987 1304 3250 1361 discordia
3277 1322 3501 1364 excessu

1913 1380 2189 1440 defectuve
2219 1386 2465 1443 morbum
2503 1388 2793 1461 concitant,
2828 1392 2899 1449 ila
2928 1403 2983 1450 et
3024 1396 3187 1452 animi
3218 1399 3499 1455 sanitatem

1913 1474 2196 1531 all'ectuum
2229 1478 2699 1539 immoderationes
2718 1496 3098 1555 corrumpunt;
3122 1488 3176 1541 in
3207 1489 3502 1560 primisque

1912 1590 2045 1644 opus
2057 1581 2139 1629 est
2153 1576 2582 1645 tempestivitate,
2598 1586 2755 1646 atque
2769 1579 2898 1634 utad
2911 1581 3177 1650 subjectas
3190 1582 3503 1640 affectiones

1912 1665 2369 1721 accommodatum
2388 1679 2708 1737 praeceptum
2726 1670 2813 1735 sit;
2830 1671 3023 1741 alioqui
3043 1672 3125 1727 lex
3142 1673 3257 1727 sine
3271 1674 3333 1727 iis
3350 1674 3504 1729 utris-

1911 1771 2013 1826 que
2028 1757 2094 1811 ad
2107 1758 2475 1827 corrigendam
2493 1759 2780 1814 excitatam
2803 1760 2854 1813 in
2872 1762 3051 1815 animo
3066 1763 3500 1831 depravationem

1912 1848 2130 1903 minime
2157 1849 2403 1914 sufficiet,
2432 1851 2571 1906 sicut
2591 1866 2690 1906 nec
2718 1852 3223 1909 medicamentorum
3250 1857 3329 1910 vis
3349 1857 3501 1914 ulcus

1912 1954 2101 1995 sanare
2126 1955 2218 2009 per
2241 1955 2301 1996 se
2329 1942 2523 2011 poterit
2546 1960 2560 1997 :
2592 1958 2713 1997 nam
2743 1944 2883 2013 quod
2912 1945 3144 1999 remedia
3171 1947 3498 2012 vulneribus,

1913 2030 1963 2085 id
1993 2032 2134 2086 vitiis
2159 2032 2304 2102 leges
2332 2042 2608 2102 praestant.
2641 2035 2719 2089 Tu
2750 2049 2877 2090 vero
2904 2037 3167 2091 medicum
3194 2052 3335 2107 saepe
3358 2039 3499 2094 idem

1911 2124 2104 2178 vulnus
2135 2139 2275 2178 nunc
2304 2136 2596 2192 secantem,
2639 2142 2781 2181 nunc
2806 2136 3086 2193 iurentcm,
3129 2144 3272 2183 nunc
3308 2129 3499 2185 horum

1912 2227 2159 2273 neutrum
2200 2218 2501 2284 facientem,
2547 2221 2843 2288 praisertim
2873 2220 2963 2293 qui
3005 2219 3311 2291 frequenter
3338 2238 3369 2278 a
3394 2224 3503 2280 line

1910 2309 2144 2375 aberret,
2170 2326 2276 2365 non
2307 2325 2500 2381 urges:
2531 2311 2699 2366 Deum
2724 2326 2874 2381 vero,
2900 2314 2989 2383 qui
3017 2313 3179 2368 homo
3215 2314 3310 2380 sis,
3340 2330 3500 2370 num-

1910 2417 2069 2472 quam
2094 2401 2454 2468 aberrantem,
2484 2402 2581 2458 sed
2606 2404 2784 2458 omnia
2810 2413 2866 2459 ut
2887 2406 3004 2473 ejus
3031 2404 3246 2475 dignum
3283 2406 3499 2476 sapien-

1913 2493 1983 2547 tia
2005 2501 2087 2547 est
2113 2492 2499 2559 moderantem,
2522 2493 2793 2559 Obtundis,
2823 2494 2891 2548 ab
2912 2509 3083 2565 eoque
3111 2504 3499 2566 praeceptorum

1911 2582 2172 2659 rationem
2198 2583 2392 2653 exigis,
2409 2599 2580 2654 neque
2602 2585 2820 2639 infinitae
2841 2584 3113 2654 sapientiae
3141 2594 3407 2656 tamquam
3430 2588 3500 2643 de

1912 2675 1993 2730 via
2023 2674 2210 2729 cedis?
2250 2676 2332 2728 An
2362 2690 2468 2729 non
2498 2690 2560 2729 ea
2587 2685 2824 2731 extrema
2848 2678 3079 2731 amentia
3117 2678 3238 2733 est?
3263 2676 3498 2745 Crescite,

1911 2769 2005 2834 ait,
2046 2779 2094 2823 et
2134 2771 2545 2840 multiplicamini
2574 2771 2723 2843 (Gen.
2773 2774 2825 2828 I.
2867 2773 2980 2844 28).
3034 2773 3088 2828 Id
3115 2775 3257 2830 enim
3289 2784 3502 2844 tempus

1912 2862 2235 2931 postulabat,
2266 2862 2478 2920 furente
2508 2874 2717 2931 natura,
2747 2881 2811 2921 ac
2840 2882 3011 2936 neque
3038 2867 3101 2922 ad
3131 2867 3365 2922 libidinis
3395 2869 3499 2923 im-

1912 2964 2090 3024 petum
2130 2956 2477 3019 consistente.
2511 2972 2685 3027 neque
2726 2959 2778 3012 in
2824 2973 2884 3013 ea
2931 2968 3246 3028 tempestate
3288 2970 3499 3026 portum

1911 3047 2074 3100 alium
2100 3061 2205 3116 quo
2236 3046 2547 3118 confugeret
2575 3048 2819 3104 habente.
2851 3048 2953 3105 Sed
2985 3050 3110 3119 quid
3133 3050 3499 3119 imperandum

1910 3128 2045 3184 fuit?
2076 3139 2134 3185 ut
2152 3131 2203 3186 in
2229 3133 2555 3186 continentia
2586 3148 2649 3186 ac
2672 3134 2973 3203 virginitate
2992 3134 3285 3203 degerent?
3306 3137 3374 3189 At
3400 3134 3501 3189 hoc

1910 3233 1966 3278 et
1994 3224 2199 3295 lapsum
2230 3225 2512 3295 majorem,
2540 3234 2595 3280 et
2622 3225 3074 3281 vehementiorem
3116 3226 3383 3281 flammam
3414 3226 3500 3282 ef-

1911 3314 2142 3371 fecisset.
2171 3315 2301 3371 Nam
2331 3317 2376 3372 si
2406 3317 2525 3388 quis
2553 3332 2770 3387 pueros,
2817 3318 2905 3388 qui
2938 3318 3073 3373 lacte
3115 3319 3287 3374 solum
3318 3326 3499 3389 egent,

1911 3412 1979 3466 ab
2010 3425 2074 3465 eo
2102 3410 2225 3465 cibo
2253 3418 2490 3465 remotos
2516 3411 2646 3464 viris
2689 3424 2927 3480 congruo
2964 3410 3108 3465 vesci
3152 3419 3333 3481 cogat,
3368 3410 3503 3465 nihil

1913 3503 2189 3573 impediet,
2210 3518 2321 3573 quo
2343 3504 2524 3559 miritis
2549 3518 2582 3558 e
2609 3502 2834 3573 vestigio
2860 3510 3101 3571 pereant.
3129 3501 3362 3556 Tantum
3385 3517 3500 3556 maâ€”

1911 3596 2020 3650 lum
2051 3604 2132 3652 est
2172 3596 2633 3665 intempestivitas.
2685 3596 2982 3666 Eapropter
3022 3585 3301 3665 virginitas
3346 3594 3503 3649 initio

1911 3689 2031 3744 data
2068 3703 2175 3744 non
2201 3700 2317 3754 est;
2347 3689 2454 3742 imo
2478 3703 2606 3743 vero
2633 3688 2910 3758 virginitas
2942 3696 2998 3743 et
3027 3688 3197 3751 initio,
3228 3697 3282 3742 et
3309 3688 3499 3741 matri-

1912 3781 2092 3836 monio
2121 3782 2268 3851 prior
2300 3780 2525 3845 exstitit,
2557 3780 2650 3835 sed
2682 3791 2969 3850 eapropter
2997 3780 3188 3835 invasit
3219 3781 3497 3834 matrimo-

1913 3873 2057 3927 nium
2082 3872 2360 3941 visumque
2385 3871 2745 3927 necessarium
2771 3881 2875 3937 est,
2894 3885 3039 3938 cum,
3059 3871 3100 3923 si
3120 3871 3334 3941 quidem
3358 3870 3500 3925 Ada-

1913 3979 2031 4017 mus
2060 3963 2319 4018 obcdiens
2345 3964 2650 4027 mansisset,
2675 3976 2740 4015 eo
2764 3977 2898 4028 Opus
2921 3977 3025 4016 non
3060 3961 3261 4016 fuisset.
3294 3962 3496 4031 Atqui,

1913 4056 2103 4125 inquit,
2138 4065 2214 4109 tot
2232 4056 2394 4109 millia
2434 4054 2917 4123 prodiissent?Ego
2942 4069 3090 4118 vero,
3141 4055 3354 4124 quando
3383 4053 3498 4110 hzec

1914 4158 1967 4203 te
1993 4147 2217 4202 formido
2244 4146 2529 4201 admodum
2552 4144 2843 4199 sollicitans
2870 4153 3068 4207 manet,
3099 4144 3289 4198 iterum
3317 4145 3411 4199 abs
3438 4154 3497 4199 te

1912 4256 2116 4311 quaero,
2146 4239 2287 4294 unde
2314 4238 2467 4293 nobis
2507 4237 2760 4299 Adamus,
2791 4235 2933 4291 unde
2957 4236 3090 4300 Eva,
3124 4250 3229 4289 non
3261 4237 3497 4290 interve-

1912 4336 2092 4389 niente
2107 4330 2445 4387 matrimonio
2460 4328 2483 4381 ?
2498 4329 2633 4397 Quid
2656 4328 2845 4398 igitur?
2866 4328 3027 4390 itane,
3048 4328 3238 4396 inquit,
3258 4326 3502 4381 homines

1913 4441 2098 4481 omnes
2133 4432 2284 4479 erant
2311 4420 2601 4476 nascitnri?
2630 4419 2742 4474 Hoc
2767 4434 2833 4473 an
2863 4418 2969 4473 alio
2990 4418 3167 4485 modo,
3200 4418 3336 4472 haud
3369 4433 3499 4473 sane

1914 4518 2085 4572 habeo
2104 4516 2312 4579 dicere;
2337 4513 2464 4567 illud
2487 4512 2629 4566 enim
2647 4525 2788 4565 nunc
2809 4510 3002 4580 agitur,
3029 4509 3138 4563 Deo
3153 4508 3218 4563 ad
3240 4508 3495 4578 frequen-

1917 4610 2106 4665 tandos
2135 4609 2189 4663 in
2219 4617 2360 4663 terra
2381 4604 2627 4659 homines
2652 4603 2993 4657 matrimonio
3014 4616 3145 4671 opus
3167 4615 3271 4655 non
3302 4600 3490 4656 fuisse.

1984 4722 2173 4778 XVIII.
2201 4720 2322 4775 Non
2361 4719 2694 4790 virginitatem
2724 4733 2879 4788 genus
2908 4725 3133 4770 nostrum
3160 4715 3457 4767 imminuere
3483 4754 3499 4778 ,

1914 4814 2001 4869 sed
2027 4823 2305 4883 peccatum.
2334 4842 2401 4851 â€”
2432 4810 2543 4865 Nec
2573 4825 2699 4863 vero
2729 4808 3029 4862 mortalium
3072 4807 3251 4875 generi
3284 4806 3503 4873 virgini-

1916 4916 2074 4960 tatem
2124 4905 2392 4959 interitum
2455 4916 2801 4971 comparare,
2848 4900 2941 4954 sed
2989 4898 3182 4968 flagitia
3231 4909 3283 4952 et
3332 4898 3501 4953 fmdus

1915 4997 2107 5063 eoitus,
2139 4995 2370 5050 ostendit
2395 4994 2480 5048 illa
2507 4992 2618 5047 Noe
2635 4999 2946 5060 tempestate
2975 4990 3270 5054 hominum,
3291 4989 3503 5057 jumen-

1917 5100 2111 5154 torum,
2151 5088 2383 5143 breviter
2410 5087 2646 5141 onmium
2678 5084 2730 5137 in
2773 5084 2928 5138 terris
2959 5082 3305 5137 animantium
3338 5081 3501 5135 inter-

1916 5182 2087 5235 necio.
2136 5180 2267 5235 Nam
2296 5180 2340 5234 si
2383 5189 2492 5233 tum
2538 5176 2806 5231 obscaena:
2835 5173 2883 5227 ei
2930 5172 3133 5227 libidini
3180 5172 3502 5226 restitissent

1919 5271 2011 5325 Dei
2039 5270 2152 5336 filii,
2205 5267 2356 5339 (Gen.
2380 5266 2501 5336 6.2)
2524 5260 2961 5333 acvirginitatem
2976 5262 3290 5326 coluissent,
3326 5276 3500 5330 neque

1917 5360 2191 5416 hominum
2219 5357 2353 5412 filias
2384 5356 2579 5424 iniquis
2621 5352 2789 5408 oculis
2815 5353 3166 5421 aspexissent,
3208 5367 3500 5422 numquam

1920 5451 2036 5506 haec
2062 5464 2157 5504 eos
2185 5446 2448 5518 pernicies
2476 5444 2848 5513 Oppressisset.
2889 5445 3062 5514 Atque
3089 5443 3202 5498 haec
3232 5443 3396 5497 nolim
3429 5445 3499 5498 ita

1916 5542 2103 5610 accipi,
2133 5539 2280 5609 quasi
2326 5552 2511 5593 eorum
2538 5535 2741 5591 cladem
2780 5535 2831 5590 in
2862 5536 3259 5589 matrimonium
3287 5534 3499 5589 confer-

1916 5649 2068 5701 rem;
2100 5649 2207 5689 non
2249 5631 2392 5687 enim
2435 5629 2486 5685 id
2532 5643 2672 5685 nunc
2717 5628 2859 5698 dico,
2905 5628 3001 5684 sed
3043 5643 3211 5701 genus
3254 5638 3495 5685 n0strutn
