3886 6222
427 270 529 326 547

427 402 695 457 pertmere
722 402 785 444 ac
807 389 1010 454 delere,
1039 389 1092 444 id
1120 404 1248 445 vero
1278 401 1382 442 non
1412 400 1531 441 esse
1559 380 1896 454 virginitatis,
1914 378 2008 434 sed

428 479 650 550 peccati.

501 569 643 624 XIX.
701 569 1026 624 Matrimonia
1082 570 1203 623 olim
1247 569 1373 620 duas
1422 567 1578 638 fuisse
1623 580 1823 628 causas,
1875 577 2010 614 nunc

429 677 582 715 unam
606 677 728 715 esse.
755 690 824 701 —
845 660 1023 731 Itaque
1043 676 1162 715 cum
1191 660 1413 713 liberum
1430 655 1834 727 quierendorum
1852 667 2010 707 causa

429 750 694 820 proditum
727 751 1120 806 matrimonium
1151 759 1251 815 est,
1287 759 1396 803 tum
1428 747 1594 802 multo
1636 745 1803 815 magis
1825 743 1889 797 ad
1918 758 2012 796 na-

431 852 564 896 tum
589 842 833 896 ardorem
861 842 1312 911 restinguendum.
1356 841 1530 907 Atque
1555 837 1608 892 id
1632 837 1824 891 Paulus
1852 843 2010 888 testa-

431 941 535 994 tur,
567 930 749 984 diccns
778 949 792 986 ε
822 931 927 986 Sed
958 941 1158 1004 prpter
1199 930 1578 999 fornicationem
1619 943 1764 981 suam
1805 926 2012 994 quisque

428 1035 633 1073 uxorem
656 1021 833 1075 habeat
849 1037 868 1074 :
886 1037 988 1074 nou
1013 1030 1226 1090 propter
1249 1021 1532 1074 liberorum
1557 1017 2006 1087 procreationem;

439 1127 757 1181 rursumque
777 1115 1059 1166 convenire
1079 1113 1247 1181 jubet,
1271 1126 1374 1165 non
1400 1120 1457 1164 ut
1473 1109 1756 1163 multorum
1779 1107 2007 1160 ﬁliorum

443 1211 694 1270 [urentes
735 1202 899 1266 ﬁant;
951 1204 1044 1257 sed
1073 1203 1204 1256 cur?
1255 1201 1335 1256 Ne
1364 1218 1448 1254 vos
1470 1210 1638 1262 tentet,
1669 1199 1855 1269 inquit,
1874 1207 2011 1251 sata-

432 1311 527 1346 nas
552 1311 571 1359 ;
597 1310 658 1348 ac
699 1310 1009 1365 progressus
1039 1312 1142 1349 non
1165 1295 1330 1360 dixit,
1375 1294 1428 1349 Si
1451 1300 1632 1362 optant
1662 1291 1888 1353 liberos,
1915 1287 2008 1342 sed

431 1386 598 1455 quid?
638 1387 737 1453 Qui
763 1404 814 1441 se
843 1405 942 1440 non
980 1389 1255 1452 continent,
1289 1387 1661 1440 matrimonium
1683 1385 2006 1438 contrahant.

430 1478 511 1546 (Ι.
556 1479 674 1532 Cor.
716 1479 767 1532 7.
802 1479 856 1533 2.
898 1481 950 1534 5.
981 1479 1056 1548 9).
1111 1480 1375 1548 Principio
1419 1478 1584 1542 enim,
1628 1485 1684 1530 ut
1731 1475 2005 1538 dicebam,

428 1569 695 1640 duplicem
727 1571 861 1626 hanc
889 1573 1221 1627 occasionem
1255 1571 1500 1632 habebat,
1531 1569 1624 1624 sed
1651 1567 1845 1622 deinde
1869 1576 2010 1620 terra

428 1677 492 1716 ac
519 1663 672 1728 mari,
721 1673 878 1734 atque
925 1666 1053 1720 orbe
1103 1665 1245 1718 omni
1294 1663 1519 1732 repleto,
1562 1675 1697 1715 unus
1737 1660 2010 1713 dumtaxat

430 1763 718 1821 praetextus
747 1764 830 1809 est
853 1756 1108 1826 reliquus,
1145 1757 1391 1824 nequitia:
1417 1764 1471 1808 et
1497 1752 1726 1807 libidinis
1767 1750 2005 1805 abolitio.

426 1841 557 1896 Nam
589 1859 682 1898 eos
719 1846 805 1914 qui
836 1847 1124 1900 etiamnum
1171 1860 1228 1900 se
1256 1847 1308 1899 in
1351 1845 1431 1898 his
1459 1844 1598 1898 vitiis
1628 1852 1778 1898 erant
1806 1843 2010 1896 voluta-

427 1934 552 1997 turi,
583 1945 636 1988 et
677 1950 958 2003 porcorum
990 1938 1148 1990 vitam
1194 1952 1351 2005 agere
1386 1946 1544 2004 atque
1575 1937 1625 1989 itt
1669 1935 2009 2005 lupanaribus

429 2027 604 2094 perire
631 2029 868 2096 cupiunt,
916 2043 1021 2082 non
1064 2030 1338 2082 tttiuimum
1379 2028 1528 2095 juvat
1573 2028 1965 2081 matrimonium
1991 2067 2006 2091 ,

428 2119 567 2188 quod
597 2121 914 2174 necessitate
942 2136 1003 2175 ea
1032 2133 1191 2190 atque
1234 2120 1469 2175 imditate
1499 2119 1751 2173 liberatos
1795 2131 2009 2174 sanetos

427 2219 710 2279 castosque
762 2220 990 2265 tueatur.
1041 2214 1110 2266 At
1156 2213 1296 2266 enim
1349 2211 1466 2280 quis
1515 2210 1806 2264 umbratilis
1853 2211 2010 2278 hujus

430 2317 620 2371 pugna:
651 2301 855 2357 futurus
892 2304 1079 2357 modus
1105 2304 1226 2356 est?
1255 2302 1322 2356 Et
1348 2316 1443 2355 vos
1472 2301 1612 2355 enim
1641 2301 1729 2370 qui
1755 2299 1870 2354 haec
1897 2299 2011 2354 dis-

428 2392 606 2445 seritis
633 2407 736 2445 non
764 2393 938 2446 minus
963 2409 1121 2462 quam
1152 2409 1249 2448 ttos
1290 2392 1602 2463 virginitatis
1641 2391 2010 2447 excellentiam

434 2479 647 2544 tenetis,
678 2481 982 2550 omniaque,
1015 2498 1132 2551 qua:
1161 2497 1189 2535 a
1221 2483 1370 2537 vobis
1408 2483 1672 2548 dicuntur,
1710 2491 2012 2536 commenta

430 2587 494 2625 ac
523 2581 809 2640 praetextus
838 2582 960 2627 sunt
981 2585 1039 2629 et
1069 2574 1303 2628 libidinis
1331 2585 1654 2645 tegumenta.

501 2663 622 2716 XX.
670 2663 884 2718 Etiamsi
912 2665 1109 2719 nullum
1130 2665 1411 2736 periculum
1437 2677 1564 2720 esset
1601 2667 1662 2722 iis
1698 2667 1782 2738 qui
1806 2667 2014 2737 virgini-

429 2761 581 2806 tatem
609 2754 906 2823 despiciant,
938 2765 1104 2809 tamen
1151 2773 1214 2810 ne
1258 2757 1332 2810 sic
1356 2758 1553 2826 quidem
1583 2767 1741 2811 tutum
1771 2774 1875 2812 esse
1899 2773 2013 2810 eam

429 2845 700 2915 despicere.
735 2877 806 2887 —
834 2847 1029 2902 Verum
1077 2857 1134 2902 ut
1175 2848 1292 2905 haec
1341 2851 1552 2920 impune
1597 2852 1772 2906 dicere
1818 2852 2012 2918 liceat,

430 2944 607 2990 tamen
635 2937 716 2992 vel
749 2937 846 2992 hac
885 2939 1088 2994 ratione
1112 2954 1142 2993 a
1166 2941 1430 2995 calumnia
1477 2951 1825 3012 temperatum
1857 2957 2016 3012 opor—

431 3027 550 3081 tuit.
597 3027 727 3081 Nam
777 3030 866 3099 qui
909 3029 977 3084 de
1031 3031 1193 3086 rebus
1252 3033 1518 3100 praeclaris
1566 3048 1718 3088 secus
1776 3035 2010 3100 sentiat,

430 3125 628 3186 praeter
663 3119 763 3173 alia
793 3119 984 3176 damna
1029 3137 1134 3176 non
1181 3123 1298 3178 leve
1325 3125 1482 3178 etiam
1514 3125 1650 3193 apud
1697 3141 1882 3180 omnes
1908 3126 2011 3180 im-

431 3208 710 3276 probitatis
737 3225 846 3265 sua?
876 3213 1256 3279 testimonium,
1289 3229 1480 3283 nempe
1505 3215 1638 3269 adeo
1667 3215 2010 3285 depravatum

428 3307 484 3350 et
512 3299 746 3368 iniquum
786 3299 1044 3370 judicium
1083 3302 1305 3372 profert.
1355 3303 1532 3373 Itaque
1558 3305 1602 3359 si
1648 3306 1792 3360 nulla
1819 3305 1919 3359 alia
1946 3307 2013 3362 de

431 3402 612 3455 causa,
643 3399 697 3443 at
717 3405 784 3444 ne
811 3399 914 3444 tam
941 3400 1132 3446 tetram
1158 3393 1461 3462 opinionem
1489 3395 1554 3449 de
1575 3409 1632 3450 se
1661 3397 2009 3466 concitarent,

429 3477 661 3548 linguam
707 3482 980 3538 continere
1025 3483 1265 3551 decebat,
1296 3486 1608 3554 cogitantes.
1654 3489 1743 3557 qui
1789 3490 2012 3545 summis

430 3570 810 3626 certaminibus
856 3573 1088 3628 illustres
1130 3575 1326 3639 laudet,
1358 3592 1478 3631 etttn
1525 3577 1647 3632 licet
1692 3579 1877 3634 eadem
1904 3595 2011 3636 non

431 3661 674 3732 attingat,
715 3661 872 3719 facile
913 3665 980 3720 ab
1008 3667 1257 3721 omnibus
1281 3670 1487 3723 veniam
1516 3673 1767 3741 consequi
1802 3691 1814 3727 :
1842 3683 1898 3727 at
1922 3675 2012 3743 qui

432 3767 531 3806 nec
571 3768 634 3808 ea
679 3765 944 3822 exerceat,
992 3765 1046 3811 et
1089 3759 1268 3812 multis
1307 3761 1518 3815 coronis
1546 3760 1700 3831 digna
1727 3764 1884 3818 etiam
1915 3765 2011 3819 da-

430 3855 598 3910 mttet,
647 3847 836 3900 merito
864 3863 984 3902 eum
1017 3865 1203 3905 omnes
1232 3851 1438 3906 oderint
1465 3869 1562 3908 ceu
1601 3854 1806 3910 hostem
1853 3865 2012 3926 atque

431 3937 700 3992 inimicum
731 3938 957 4006 virtutis,
986 3950 1039 3995 et
1078 3943 1274 3997 insanis
1313 3945 1662 4002 miseriorem.
1698 3946 1761 4000 lli
1787 3948 1929 4002 enim
1959 3956 2014 4003 et

432 4043 548 4098 quae
578 4030 911 4084 comntittunt
942 4033 1204 4094 nesciunt,
1255 4051 1352 4090 nec
1393 4052 1511 4106 quas
1561 4037 1829 4105 patiuntur
1873 4039 2012 4092 ultro

431 4121 734 4186 sustinent;
767 4122 993 4193 ideoque
1025 4125 1151 4180 lasso
1174 4127 1480 4197 magistratu
1507 4144 1611 4182 non
1641 4131 1800 4184 modo
1828 4145 2014 4200 pmuas

432 4211 655 4265 minime
700 4212 845 4278 dant,
891 4213 985 4268 sed
1033 4229 1126 4269 eos
1171 4217 1271 4286 ipsi
1317 4217 1475 4271 etiam
1519 4217 1629 4273 laesi
1673 4220 2010 4273 miserantur.

431 4299 582 4367 Quod
612 4302 657 4356 si
683 4303 801 4372 quis
827 4314 1003 4358 autem
1035 4305 1266 4374 prudens
1288 4321 1348 4360 ea
1370 4305 1627 4375 designet,
1657 4324 1776 4378 qua:
1807 4309 1881 4362 illi
1913 4310 2012 4363 im-

432 4391 724 4460 prudentes
752 4393 968 4459 faciuttt,
991 4396 1114 4466 jure
1141 4399 1376 4451 omnium
1421 4399 1697 4453 sententiis
1728 4408 1784 4453 ut
1812 4410 2014 4455 natura:

431 4493 628 4539 nostrae
669 4487 952 4555 perduellis
979 4488 1278 4543 damnetur.

504 4577 641 4632 XXI.
676 4577 866 4648 Ingens
891 4580 1168 4649 periculum
1191 4596 1298 4634 esse
1321 4581 1383 4635 iis
1405 4581 1490 4652 qui
1504 4583 1834 4652 virginitatem
1851 4584 2016 4652 despi-

431 4670 584 4719 ciant.
615 4697 683 4708 —-
707 4669 879 4733 Quare
906 4680 961 4723 ut
986 4669 1260 4738 dicebam,
1288 4673 1386 4726 etsi
1417 4674 1682 4727 accusatio
1711 4689 1776 4728 ea
1801 4675 2016 4745 impune

433 4768 597 4824 esset,
630 4768 805 4814 tamen
831 4760 900 4815 ob
928 4777 989 4816 ea
1015 4779 1132 4832 qua:
1149 4764 1258 4833 jam
1285 4764 1394 4818 dixi
1421 4766 1688 4821 abstinere
1715 4769 2012 4838 oportebat.

431 4849 583 4904 Nunc
613 4851 748 4906 inest
775 4853 827 4907 in
858 4868 924 4907 eo
969 4855 1157 4926 ingens
1187 4858 1476 4926 periculum
1507 4877 1520 4911 :
1552 4875 1724 4930 neque
1754 4862 1894 4916 enim
1923 4863 2012 4932 qui

432 4943 626 4998 sedens
670 4953 851 4999 contra
900 4962 1054 5002 suum
1103 4947 1316 5005 fratrem
1366 4951 1616 5020 loquitur,
1666 4962 1720 5008 et
1761 4954 2016 5009 adversus

433 5033 596 5088 lilium
642 5037 824 5092 matris
865 5053 975 5092 sua:
1017 5040 1322 5095 scandalum
1367 5043 1514 5112 ponit
1565 5044 1731 5116 (Psal.
1761 5047 1850 5102 49.
1881 5046 2011 5119 20),

430 5124 600 5178 Solum
633 5126 896 5193 punietur,
926 5128 1017 5184 sed
1054 5131 1211 5184 etiam
1255 5133 1342 5202 qui
1373 5148 1489 5204 quae
1523 5135 1631 5189 Deo
1655 5138 1907 5204 prtcclara
1939 5139 2015 5192 vi-

430 5214 656 5270 deautur
685 5220 900 5288 culpare
926 5222 1152 5276 insistat.
1183 5222 1299 5278 Jam
1340 5227 1519 5296 accipe
1549 5228 1672 5296 quid
1702 5228 1840 5282 aliud
1890 5246 2012 5296 Iro—

431 5305 591 5373 pIteta
637 5309 688 5362 itt
736 5312 976 5366 eamdem
1029 5317 1342 5369 sententiam
1387 5317 1659 5372 disserat:
1703 5317 1790 5374 Va:
1816 5321 1891 5374 illi
1929 5322 2015 5391 qui

430 5403 618 5456 malum
656 5401 861 5470 bonum,
893 5415 939 5459 et
980 5406 1163 5461 bonum
1205 5409 1396 5463 malum
1442 5412 1596 5470 dicit:
1626 5414 1711 5484 qui
1757 5416 1917 5468 lucem
1959 5418 2012 5470 in

431 5496 672 5562 tenebras,
703 5507 748 5551 et
776 5499 1000 5552 tenebras
1023 5499 1076 5552 in
1099 5500 1260 5554 lucem
1288 5504 1528 5556 convertit
1550 5519 1569 5567 ,'
1595 5507 1679 5573 qui
1705 5522 1931 5560 amarum
1959 5509 2012 5561 in

427 5585 594 5650 dulce,
617 5596 663 5641 et
691 5588 742 5642 in
763 5605 992 5643 amarum
1011 5590 1156 5645 dulce
1175 5602 1333 5646 mutat
1355 5594 1504 5664 (Isai.
1524 5597 1577 5651 5.
1595 5596 1708 5664 20).
1733 5597 1862 5652 Nam
1883 5600 2010 5668 quid

430 5677 727 5749 virginitate
769 5680 991 5751 dulcius,
1039 5683 1161 5752 quid
1192 5685 1379 5740 melius
1442 5687 1565 5756 quid
1595 5689 1865 5757 illustrius,
1891 5706 2010 5762 qua:

1101 270 1160 328 S.
1198 269 1474 328 JOANNIS
1511 259 1986 324 CIIRYSOS'I'OMI
2029 263 2344 320 ARCIIIEP.
2385 266 2916 328 CONSTANTINOP.

3597 291 3699 348 5-18

2116 377 2348 449 fulgores
2379 384 2506 454 ipsis
2535 388 2694 443 etiam
2723 391 2850 446 solis
2894 394 3054 450 radiis
3093 396 3466 456 luculentiores
3495 415 3700 460 em.ttat

2116 486 2318 543 nosque
2345 476 2413 530 ab
2441 480 2686 535 omnibus
2735 485 2914 538 saeculi
2951 486 3106 555 hujus
3150 493 3374 559 negotiis
3420 493 3701 564 abjunctos

2115 563 2166 616 in
2217 563 2436 633 justitiac
2480 569 2647 632 solem
2699 573 2844 641 puris
2889 577 3057 631 oculis
3113 582 3325 638 assidue
3379 563 3699 643 contuentes

2116 657 2371 747 prtestet?
2400 660 2570 729 Atque
2618 661 2730 718 haec
2772 666 2984 734 quidem
3033 667 3191 725 Isaias
3235 673 3303 728 de
3341 673 3406 730 iis
3442 678 3530 747 qui
3562 680 3701 734 inter

2114 759 2207 799 eos
2233 745 2429 814 judicia
2476 750 2733 809 haberent
2756 769 3004 828 corrupta
3033 763 3388 832 vociferatur;
3421 745 3542 824 audi
3571 787 3702 827 vero

2114 839 2240 907 quid
2283 840 2419 895 alius
2459 844 2616 898 etiam
2647 848 2900 917 propheta
2939 851 3005 906 de
3043 853 3108 907 iis
3151 855 3240 924 qui
3286 872 3378 912 eas
3421 861 3701 928 pestiferas

2113 942 2272 983 voces
2303 931 2353 983 itt
2400 933 2586 1003 vulgus
2632 947 2881 1006 spargant
2908 940 3069 1008 dicat,
3117 945 3184 999 ab
3227 946 3416 1002 eodem
3445 952 3702 1006 adverbio

2114 1018 2295 1073 itidem
2335 1036 2554 1077 exorsus
2587 1042 2600 1075 :
2641 1023 2729 1078 Va:
2766 1029 2830 1094 ei,
2858 1031 2944 1095 qui
2989 1034 3219 1098 proximo
3257 1053 3347 1090 suo
3395 1050 3566 1108 potum
3612 1043 3702 1096 dat

2112 1109 2480 1164 subversionem
2523 1113 2772 1169 turbidam
2817 1117 2982 1177 (Hab.
3027 1121 3081 1177 2.
3116 1125 3227 1198 I5).
3263 1127 3356 1182 Est
3398 1139 3576 1184 autem
3625 1148 3702 1187 ore

2112 1197 2333 1253 verbum
2381 1217 2485 1257 non
2514 1205 2757 1274 simplex,
2788 1210 2882 1264 sed
2926 1228 3033 1281 quo
3077 1197 3316 1286 ingentes
3359 1222 3702 1279 continentur

2114 1289 2289 1354 ῐηὶηω,
2323 1300 2379 1344 ut
2408 1292 2786 1354 immisericors
2813 1303 3128 1372 supplicium
3153 1311 3531 1380 promulgetur.
3563 1315 3698 1370 Nam

2113 1379 2164 1433 in
2195 1383 2360 1437 sacris
2390 1384 2557 1440 literis
2584 1389 2891 1446 adverbium
2922 1393 3022 1450 hoc
3064 1397 3114 1450 itt
3143 1412 3236 1454 eos
3263 1379 3563 1474 usurpatur,
3607 1409 3699 1477 qui

2111 1469 2453 1530 imminentes
2506 1492 2692 1545 [muas
2743 1483 2967 1552 amplius
3023 1486 3255 1557 eﬂ’ugere
3300 1469 3405 1546 non
3451 1469 3694 1563 possunt.

2112 1560 2341 1617 Rursum
2363 1566 2497 1621 alius
2519 1571 2773 1639 propheta
2799 1572 3012 1630 Iudaeos
3037 1589 3246 1645 notans,
3278 1560 3478 1652 Vinum,
3506 1587 3697 1658 inquit,

2111 1658 2438 1725 sanctiﬁcatis
2486 1663 2844 1732 proyinavistis
2890 1667 3068 1736 (Amos
3096 1671 3149 1725 2.
3184 1673 3291 1744 I2).
3323 1676 3470 1742 Quod
3515 1680 3558 1734 si
3607 1684 3699 1748 qui

2112 1745 2376 1804 Nazaraeis
2428 1752 2606 1807 vinum
2658 1758 2936 1826 propinet,
2995 1762 3128 1818 adeo
3179 1767 3557 1824 mulctahitur:
3591 1745 3700 1842 quo

2113 1851 2218 1892 non
2258 1841 2516 1910 supplicio
2557 1844 2748 1915 dignus
2773 1849 2891 1913 erit,
2920 1853 3008 1921 qui
3037 1854 3086 1907 in
3128 1855 3445 1925 simplicium
3490 1841 3702 1920 mentes

2111 1930 2514 1988 subversionem
2537 1938 2798 1995 turbidam
2820 1941 3055 1999 ell'undat
3071 1945 3094 1999 ?
3113 1947 3168 2002 Si
3189 1949 3276 2018 qui
3299 1951 3539 2022 exiguam
3554 1955 3698 2024 ejus,

2109 2037 2227 2092 qua:
2275 2028 2567 2084 secundum
2625 2032 2795 2103 legem
2847 2046 2990 2105 erat,
3041 2042 3435 2099 exercitationis
3489 2059 3698 2114 partem

2111 2115 2367 2183 succidat,
2426 2120 2780 2180 inexorabiles
2836 2143 3020 2196 poenas
3071 2133 3333 2198 sustinet;
3367 2138 3452 2204 qui
3498 2141 3701 2193 sancti-

2116 2207 2348 2262 moniam
2383 2208 2520 2266 hanc
2548 2225 2760 2268 omnem
2799 2219 3082 2285 convellat,
3128 2223 3317 2292 quibus
3346 2226 3516 2280 modis
3556 2231 3702 2284 acci-

2131 2291 2348 2359 pietur?
2379 2296 2564 2364 (Amos
2599 2304 2650 2355 2.
2674 2300 2787 2372 15.)
2827 2305 2888 2359 Si
2925 2311 3041 2376 quis
3087 2314 3552 2386 scandalizaverit,
3597 2323 3698 2384 ait,

2127 2397 2289 2436 unum
2311 2401 2376 2439 ea:
2401 2388 2482 2442 his
2512 2393 2748 2458 pusillis,
2777 2398 2983 2465 expedit
3010 2401 3058 2452 ei
3086 2412 3143 2454 ut
3167 2407 3522 2474 suspendatur
3551 2413 3700 2466 mola

2127 2475 2367 2528 asinaria
2396 2481 2540 2532 circa
2572 2481 2765 2535 collum
2813 2486 2948 2554 ejus,
2982 2498 3031 2540 et
3071 2490 3405 2563 demergatur
3447 2498 3503 2549 iu
3547 2516 3699 2553 mare

2127 2562 2343 2632 (Matth.
2369 2568 2456 2623 l8.
2489 2570 2566 2640 6).
2589 2570 2732 2637 Quid
2756 2576 2923 2644 igitur
2939 2578 3145 2644 dicent,
3169 2562 3260 2651 qui
3281 2584 3364 2638 his
3383 2588 3560 2642 verbis
3585 2605 3694 2643 non

2126 2672 2296 2712 unum
2327 2661 2563 2731 aliquem
2595 2665 2904 2732 minimum,
2927 2672 3020 2726 sed
3046 2673 3247 2728 multos
3274 2678 3698 2733 scandalizant?

2121 2749 2257 2804 Cum
2272 2751 2419 2805 enim
2445 2754 2489 2808 is
2515 2756 2606 2824 qui
2632 2755 2850 2814 fratrem
2867 2761 3076 2828 fatuum
3090 2775 3243 2819 vocet
3265 2765 3481 2836 (Matth.
3504 2768 3558 2822 5.
3573 2769 3692 2840 22),

2126 2850 2278 2895 recta
2295 2843 2359 2897 ad
2387 2845 2646 2914 gehennae
2669 2851 2847 2919 ignem
2867 2853 3225 2912 abducendus
3241 2857 3342 2913 sit:
3364 2858 3456 2926 qui
3476 2861 3691 2929 angelis

2120 2936 2332 3001 aequale
2358 2936 2462 2991 hoc
2490 2942 2800 3000 institutum
2837 2957 3077 3008 accuset,
3111 2957 3369 3016 quautam
3397 2966 3496 3004 suo
3517 2955 3688 3023 capiti

2121 3032 2260 3085 iram
2309 3033 2638 3087 contrahet?
2687 3034 2886 3090 Derisit
2923 3037 3220 3108 aliquando
3267 3039 3468 3096 Mosem
3520 3041 3696 3098 Maria

2120 3121 2313 3192 (Num.
2345 3125 2432 3178 l2.
2469 3126 2544 3194 1),
2563 3141 2672 3180 non
2706 3134 2765 3180 ut
2788 3143 2885 3182 vos
2911 3144 3060 3182 nunc
3088 3129 3477 3201 virginitatem,
3503 3134 3600 3188 sed
3620 3135 3699 3188 le.-

2117 3215 2239 3271 vius
2259 3216 2431 3269 multo
2451 3231 2514 3270 ac
2531 3216 2886 3284 moderatius;
2909 3222 3110 3290 quippe
3127 3237 3248 3289 qua:
3266 3236 3366 3276 nec
3382 3222 3698 3279 detraheret

2115 3305 2347 3371 homini,
2379 3314 2425 3361 c'
2456 3307 2602 3363 beati
2631 3309 2887 3364 virtutem
2907 3326 3016 3365 non
3039 3314 3214 3367 solum
3238 3329 3349 3368 non
3367 3314 3695 3384 exagitaret,

2114 3399 2209 3454 sed
2244 3400 2403 3454 valde
2438 3401 2601 3454 etiam
2633 3403 2968 3472 suspiceret;
3012 3405 3147 3459 illud
3185 3414 3396 3460 tantum
3447 3407 3692 3470 dicebat,

2113 3491 2309 3545 iisdem
2336 3506 2416 3554 se,
2457 3492 2658 3562 quibus
2692 3494 2868 3558 illum,
2897 3487 3222 3565 praeditam;
3251 3505 3306 3552 et
3337 3505 3518 3552 tamen
3552 3498 3696 3552 adeo

2111 3583 2206 3638 Dei
2237 3583 2375 3638 iram
2409 3584 2465 3638 in
2488 3600 2548 3640 se
2576 3585 2802 3650 excivit,
2837 3594 2896 3641 ut
2925 3603 3104 3657 neque
3124 3603 3211 3651 eo,
3240 3588 3334 3658 qui
3361 3589 3522 3644 laesus
3539 3589 3698 3643 video

2111 3684 2282 3740 retur,
2330 3677 2560 3730 multum
2593 3677 2928 3746 deprecante
2962 3680 3256 3750 quicquam
3300 3680 3690 3750 proﬁceretur,

2107 3769 2164 3816 et
2186 3763 2394 3818 diutius
2427 3779 2590 3834 quam
2615 3766 2776 3819 vellet
2801 3767 2850 3820 ei
2873 3781 3032 3835 paena
3059 3779 3469 3838 prorogaretur.

2185 3853 2353 3908 XXII.
2386 3853 2580 3910 Pueros
2599 3857 2714 3911 illos
2738 3858 2910 3914 Elisazi
2933 3871 3222 3931 tempestate
3244 3865 3433 3919 utiliter
3468 3869 3699 3935 periisse.

2113 3975 2184 3988 -—
2205 3946 2271 4000 Et
2290 3947 2416 4016 qttid
2443 3948 2660 4003 Mariam
2690 3951 2809 4006 dico
2828 3993 2842 4018 ,
2869 3969 2987 4009 cum
3017 3957 3163 4024 pueri
3192 3958 3262 4012 illi
3288 3958 3353 4013 ad
3380 3959 3697 4016 Bethlehem

2115 4038 2376 4106 ludentes,
2418 4042 2508 4110 qui
2547 4042 2598 4096 id
2642 4043 2835 4100 Eliszeo
2879 4055 3080 4101 tantum
3120 4048 3398 4116 dixissent,
3445 4052 3697 4118 Ascende,

2117 4127 2263 4181 calve
2285 4127 2360 4194 (4.
2389 4127 2513 4198 Reg.
2537 4129 2594 4194 2,
2612 4131 2725 4199 25);
2750 4131 2918 4187 Deum
2946 4142 3230 4204 tantopere.
3253 4137 3612 4202 irritaverint,
3630 4147 3696 4191 ut.

2119 4218 2307 4272 statim
2326 4233 2488 4276 ursos
2510 4221 2565 4275 in
2581 4235 2772 4276 eorum
2797 4224 3202 4279 multitudinem
3219 4232 3398 4300 (erant
3418 4227 3562 4280 enim
3579 4228 3696 4283 duo

2123 4315 2180 4362 et
2193 4309 2900 4381 quadraginta)immitteret
2913 4317 3028 4384 ,qui
3049 4317 3116 4370 ab
3138 4317 3206 4370 iis
3220 4317 3285 4370 ad
3301 4333 3466 4371 unum
3493 4333 3694 4375 omnes

2119 4417 2242 4460 sunt
2281 4407 2554 4478 discerpti,
2585 4423 2759 4478 neque
2802 4417 2892 4463 aut
2930 4421 3080 4476 tetas,
3125 4419 3217 4464 aut
3259 4412 3562 4478 multitudo,
3609 4425 3704 4469 aut

2114 4496 2237 4566 joco
2260 4496 2477 4564 dixisse,
2507 4499 2742 4568 puerulis
2770 4500 3003 4570 profuit?
3030 4503 3219 4572 etjure
3245 4504 3456 4573 quidem
3482 4508 3701 4561 merito.

2120 4587 2174 4642 Si
2216 4588 2358 4642 enim
2401 4590 2491 4658 qui
2529 4599 2703 4646 tantos
2750 4591 2960 4647 labores
2998 4595 3293 4663 suscipiunt
3333 4605 3387 4651 et
3433 4598 3610 4666 pueris
3647 4609 3706 4653 et

2118 4681 2246 4736 viris
2276 4681 2500 4738 ludibrio
2528 4684 2654 4747 sint,
2672 4685 2852 4754 ecquis
2875 4686 3274 4742 imbecilliorum
3298 4690 3506 4746 labores
3525 4693 3704 4746 susci-

2121 4783 2246 4838 pere
2271 4771 2322 4825 in
2349 4772 2581 4826 animum
2613 4774 2845 4841 inducet,
2871 4790 2993 4830 cum
3022 4779 3134 4832 risu
3163 4790 3322 4849 atque
3360 4781 3538 4835 sanuis
3574 4797 3709 4836 cou-

2114 4861 2368 4930 junctos?
2388 4865 2505 4933 quis
2543 4879 2574 4919 e
2601 4865 2756 4934 vulgo
2777 4866 3027 4922 virtutem
3055 4869 3214 4933 colet,
3247 4885 3364 4925 eam
3405 4871 3538 4926 adeo
3567 4873 3706 4928 ridi-

2119 4955 2293 5008 culam
2332 4956 2595 5012 cernens?
2623 4955 2754 5012 Nam
2785 4959 2830 5011 si
2860 4974 3021 5025 nunc,
3054 4960 3301 5015 omnibus
3347 4961 3540 5031 ubique
3582 4977 3706 5017 eam

2119 5046 2524 5115 admirantibus,
2549 5063 2654 5103 non
2688 5049 2859 5104 solum
2905 5051 3019 5119 ejus
3062 5052 3372 5118 cultoribus,
3403 5052 3497 5108 sed
3537 5054 3706 5108 etiam

2119 5139 2186 5194 iis
2209 5140 2298 5210 qui
2319 5155 2380 5193 ea
2407 5140 2739 5207 exciderunt,
2767 5142 3010 5198 homines
3039 5143 3196 5214 vulgo
3234 5144 3298 5199 ad
3345 5159 3438 5199 eos
3476 5145 3708 5201 sudores

2118 5240 2318 5300 pavent
2341 5247 2403 5287 ac
2428 5231 2714 5288 formidant
2743 5251 2755 5286 :
2786 5235 2967 5304 ecquis
2990 5234 3142 5290 facile
3185 5251 3300 5291 eam
3326 5237 3502 5302 adeat,
3531 5239 3574 5290 si
3604 5254 3708 5293 ne-

2117 5325 2244 5378 dum
2287 5325 2621 5380 admirationi
2669 5326 2944 5390 habeatur,
2990 5342 3108 5382 eam
3139 5329 3334 5397 passim
3360 5330 3427 5384 ab
3453 5329 3710 5382 omnibus

2117 5417 2317 5485 culpari
2336 5417 2549 5471 videat?
2575 5417 2785 5471 Etenim
2811 5417 3093 5484 firmiores,
3121 5426 3176 5473 et
3198 5420 3285 5488 qui
3302 5418 3410 5488 jam
3438 5419 3493 5472 itt
3513 5419 3706 5473 caelum

2117 5513 2550 5580 commigrarunt,
2574 5511 2716 5582 vulgi
2733 5513 2977 5568 solatium
2997 5528 3102 5568 non
3118 5514 3409 5583 requirunt,
3426 5513 3522 5567 sed
3541 5514 3619 5567 eis
3637 5514 3706 5567 ad

2117 5617 2378 5656 summam
2403 5602 2728 5658 alacritatem
2756 5604 2884 5660 satis
2909 5616 2992 5660 est
3015 5607 3132 5660 laus
3147 5621 3304 5676 quam
3322 5619 3351 5658 a
3374 5605 3484 5660 Deo
3509 5619 3706 5660 consc-

2117 5705 2378 5767 quttntur;
2408 5695 2841 5750 imbecillioribus
2866 5706 3063 5764 autem,
3099 5707 3150 5752 ct
3182 5696 3270 5767 qui
3297 5712 3467 5767 nuper
3487 5712 3554 5753 eo
3575 5704 3702 5752 sunt
