3884 6214
203 224 315 279 ΕΠ

200 339 302 402 τὰς
352 337 660 414 θυγατέρας
718 344 829 399 τῶν
884 348 1211 421 ἀνθρώπων,
1255 348 1357 402 ούκ
1395 347 1461 401 ἀν
1522 347 1720 408 αὐτοὺς
1766 346 1795 398 6

202 421 456 505 τοσοῦτος
492 426 787 482 κατέλαϐεν
827 431 1067 505 δλεθρος.
1114 433 1220 486 Καὶ
1256 433 1331 504 μή
1380 428 1449 501 μέ
1482 446 1567 493 τις
1596 427 1795 484 οίέσθω

200 504 304 575 τῆς
335 507 615 573 ἀπωλείας
650 512 830 565 αὐτῶν
870 504 1147 570 αἰτιᾶσθαι
1191 516 1287 571 τὸν
1332 515 1545 585 γάμον·
1581 515 1645 568 οὐ
1682 513 1794 584 γὰρ

200 588 364 643 τοῦτό
408 608 550 663 φημι
579 593 696 658 νῦν,
734 596 851 651 ἀλλ’
875 598 957 652 δτι
986 599 1050 653 τὸ
1084 599 1380 653 ἀπολλύναι
1414 599 1509 652 καὶ
1552 597 1795 667 διαφθεί-

200 690 321 742 ρειν
361 676 427 729 τὸ
460 676 616 745 γένος
646 679 707 731 τὸ
736 681 1021 751 ἡμέτερον,
1052 683 1115 737 ού
1154 684 1255 755 τῆς
1294 684 1614 756 παρθενίας,
1654 682 1794 737 άλλά

198 758 303 826 τῆς
328 758 612 829 ἁμαρτίας
634 763 805 817 ἐστίν.

268 839 375 894 18⁸.
419 843 603 915 Ἐδόθη
625 847 724 915 μὲν
744 846 837 903 οὖν
854 852 948 904 καὶ
967 850 1315 916 παιδοποιίας
1336 851 1523 906 ἐνεκεν
1542 852 1571 905 ὁ
1589 851 1785 922 γάμος·

199 924 383 996 πολλῷ
414 926 471 981 δὲ
506 929 667 985 πλέον
716 932 859 1004 ὑπὲρ
905 934 1002 988 τοῦ
1059 935 1250 990 σϐέσαι
1283 937 1382 1008 τὴν
1416 938 1517 1009 τῆς
1573 937 1791 1007 φύσεως

197 1008 467 1083 πύρωσιν.
501 1016 609 1069 Καὶ
647 1017 860 1087 μάρτυς
885 1022 914 1073 6
946 1019 1178 1084 Παῦλος,
1210 1021 1409 1090 λέγων·
1452 1008 1558 1076 Διὰ
1587 1021 1659 1076 δὲ
1682 1022 1790 1089 τὰς

194 1097 489 1163 πορνείας
534 1098 792 1168 ἕκαστος
843 1101 959 1171 τὴν
999 1104 1215 1158 ἑαυτοῦ
1263 1105 1520 1174 γυναῖκα
1567 1105 1783 1176 ἐχέτω·

196 1178 256 1229 ού
285 1178 377 1232 διὰ
420 1181 523 1245 τάς
552 1185 895 1250 παιδοποιίας
913 1203 927 1216 ⁸
960 1187 1053 1241 καὶ
1086 1186 1246 1241 πάλιν
1274 1189 1367 1241 ἐπὶ
1396 1188 1460 1244 τὸ
1489 1189 1621 1242 αὐτὸ
1667 1207 1789 1243 συν-

197 1259 460 1330 έρχεσθαι
493 1266 726 1332 κελεύει,
754 1269 850 1338 οὐχ
880 1269 967 1322 ἵνα
1001 1271 1240 1342 πατέρες
1281 1271 1546 1341 γένωνται
1585 1272 1787 1326 παίδων

192 1343 449 1398 πολλῶν·
490 1348 626 1403 ἀλλά
657 1350 744 1415 τί;
782 1353 907 1406 Ἵνα
942 1352 1027 1422 μὴ
1062 1354 1303 1423 πειράζῃ
1342 1353 1500 1425 ὑμᾶς
1532 1359 1565 1410 ό
1603 1359 1788 1410 Σατα-

194 1426 329 1494 νᾶς,
379 1429 533 1501 φησί.
572 1434 682 1486 Καὶ
715 1434 994 1505 προελθὼν
1026 1436 1085 1489 δὲ
1125 1437 1227 1491 οὐκ
1259 1433 1431 1503 εἶπεν,
1465 1439 1530 1493 EE
1571 1438 1629 1491 δέ
1667 1441 1788 1491 ἐπι-

190 1510 431 1582 θυμοῦσι
466 1515 700 1570 παίδων·
739 1518 878 1571 ἀλλὰ
922 1518 1010 1584 τί;
1051 1522 1121 1573 El
1161 1519 1231 1574 δὲ
1269 1519 1356 1589 μὴ
1393 1521 1786 1592 ἐγκρατεύον-

195 1612 311 1661 ται,
344 1600 811 1668 γαμησάτωσαν.
839 1603 997 1675 Παρὰ
1025 1604 1123 1674 μὲν
1159 1605 1269 1672 γάρ
1296 1607 1396 1677 τὴν
1429 1606 1624 1677 ἀρχὴν,
1650 1606 1787 1678 ὅπερ

194 1678 354 1752 ἔφην,
393 1682 489 1737 δύο
528 1684 732 1750 ταύτας
780 1684 894 1758 εἶχε
927 1687 1027 1752 τὰς
1068 1686 1388 1752 ὑποθέσεις*
1437 1688 1666 1759 ὕστερον
1707 1689 1784 1754 δέ,

195 1763 583 1838 πληρωθείσης
620 1769 837 1841 καὶτῆς
857 1770 962 1840 γῆς
1007 1771 1101 1823 καὶ
1135 1771 1234 1842 τῆς
1270 1770 1545 1843 θαλάττης
1577 1772 1787 1843 καὶτῆς

190 1850 529 1920 οἰκουμένης
572 1853 825 1923 ἁπάσης,
865 1853 963 1925 μία
1008 1852 1256 1908 λείπεται
1309 1856 1582 1926 πρόφασις
1620 1856 1785 1910 αὑτοῦ

196 1933 362 2005 μόνη,
397 1935 430 2004 ἡ
469 1936 570 2007 τῆς
601 1937 898 2002 ἀκολασίας
936 1939 1033 1992 καὶ
1075 1940 1109 2009 ή
1152 1940 1252 2010 τῆς
1296 1939 1588 2010 ἀσελγείας
1633 1941 1788 1995 ἀναί-

192 2034 370 2089 ρεσις.
405 2019 548 2083 Τοὺς
593 2020 702 2091 γὰρ
744 2021 827 2075 ἔτι
864 2022 959 2075 καὶ
1009 2020 1105 2075 νῦν
1150 2025 1209 2076 ἐν
1261 2022 1474 2089 τούτοις
1508 2024 1788 2079 καλινδου-

194 2100 397 2170 μένους
437 2105 551 2166 τοῖς
593 2104 811 2170 πάθεσι,
844 2106 941 2159 καὶ
981 2104 1182 2178 χοίρων
1232 2105 1345 2175 βίον
1385 2107 1787 2179 ἐπιθυμοῦντας

189 2183 315 2252 ζῇν,
362 2184 460 2237 καὶ⁸
509 2187 566 2239 ἐν
617 2190 1039 2257 χαμαιτυπείοις
1092 2188 1444 2261 φθείρεσθαι,
1474 2191 1537 2244 ού
1590 2191 1786 2262 μικρὸν

186 2266 431 2338 ὀνίνησι,
463 2268 567 2338 τῆς
598 2269 942 2342 ἀκαθαρσίας
979 2273 1074 2325 καὶ
1103 2273 1203 2344 τῆς
1235 2274 1482 2345 ἀνάγκης
1512 2274 1788 2329 ἀπαλλάτ-

186 2367 301 2403 των
351 2352 573 2422 ἐκείνης
616 2352 793 2425 [285],
826 2356 922 2409 καὶ
963 2357 1021 2409 ἐν
1069 2357 1328 2427 ἁγιασμῷ
1364 2358 1459 2411 καὶ
1494 2358 1787 2429 σεμνότητι

182 2432 489 2506 διατηρῶν.
523 2436 689 2490 Ἀλλὰ
713 2439 820 2509 γὰρ
854 2439 1016 2511 μέχρι
1048 2440 1195 2505 τίνος
1222 2442 1284 2495 οὐ
1314 2442 1597 2512 παύσομαι
1633 2459 1788 2496 σκια-

196 2518 427 2596 μαχῶνς
462 2519 571 2572 Καὶ
599 2518 708 2590 γὰρ
748 2521 907 2591 ὑμεῖς
947 2524 997 2576 οί
1022 2522 1196 2577 ταῦτα
1225 2523 1475 2592 λέγοντες
1504 2524 1664 2596 ἡμῶν
1688 2525 1788 2596 οὐχ

188 2593 357 2667 ἦττον
390 2602 506 2654 ἴστε
531 2602 631 2673 τὴν
662 2604 760 2673 τῆς
799 2604 1099 2677 παρθενίας
1133 2607 1428 2679 ὑπεροχὴν,
1462 2593 1558 2662 καί
1586 2593 1782 2673 πάντα,

192 2684 341 2755 άπερ
373 2685 505 2755 ὑμῖν
551 2687 788 2758 εἴρηται,
831 2688 1060 2760 σκήψεις
1092 2692 1187 2745 καὶ
1217 2693 1520 2764 προφάσεις
1547 2693 1655 2746 εἰσὶ
1694 2693 1787 2746 καὶ

188 2767 471 2839 ἀκρασίας
509 2770 973 2843 προκαλύμματα.

263 2854 354 2907 K'.
396 2852 540 2905 Ἀλλ’
562 2856 611 2907 εί
639 2854 736 2922 μὲν
760 2856 1057 2921 ἀκινδύνως
1084 2858 1211 2928 ἐνῆν
1236 2857 1411 2913 ταῦτα
1443 2859 1643 2928 λέγειν,
1678 2859 1786 2913 ἔδει

194 2934 297 3003 μὲν
336 2936 433 2989 καὶ
473 2936 618 2990 οὓτω
654 2937 921 2993 παύεσθαι
957 2940 1059 3009 τῆς
1097 2940 1372 3013 διαϐολῆς.
1413 2943 1473 2997 '0
1506 2944 1615 3013 γὰρ
1650 2944 1789 3016 πρὸς

190 3019 262 3071 τὰ
301 3019 450 3073 καλά
475 3021 584 3074 τῶν
625 3022 966 3094 πραγμάτων
1010 3022 1105 3078 ἀπ’
1149 3026 1399 3090 ἐναντίας
1445 3027 1789 3099 διακείμενος

189 3103 294 3174 τῆς
325 3103 557 3174 γνώμης
588 3105 727 3175 μετὰ
764 3107 865 3177 τῆς
894 3106 1063 3179 άλλης
1097 3108 1302 3180 βλάϐης
1341 3110 1437 3164 καὶ
1486 3112 1788 3184 μαρτύριον

192 3187 257 3238 o6
300 3187 500 3257 μικρὸν
532 3189 681 3261 παρὰ
727 3191 861 3243 πᾶσι
909 3190 1008 3261 τῆς
1053 3192 1259 3257 οἰκείας
1307 3194 1531 3266 ἐκφέρει
1581 3197 1793 3267 μοχθη-’

166 3270 322 3340 ·ρία;
359 3270 464 3342 τὴν
506 3270 651 3325 οὕτω
700 3272 1145 3345 διεστραμμένην
1200 3276 1297 3329 καὶ
1348 3277 1534 3331 ἄδικον
1572 3278 1784 3349 ψῆφον·

194 3354 341 3407 ὥστε
372 3358 422 3407 εί
449 3355 545 3409 καὶ
578 3355 805 3425 μηδενὸς
823 3356 1009 3425 ἕνεκεν
1028 3356 1317 3419 άλλου,τοῦ
1346 3360 1477 3429 γοῦν
1501 3361 1574 3433 μὴ
1629 3378 1792 3434 προσ-

194 3438 499 3508 τρίψασθαι
530 3439 690 3504 δόξαν
719 3439 863 3493 οὕτω
892 3442 1134 3513 πονηρὰν
1167 3441 1386 3512 ἐπέχειν
1410 3442 1509 3513 τὴν
1540 3444 1789 3513 γλῶτταν

195 3522 394 3593 ἐχρῆν,
437 3522 878 3594 ἐνθυμουμένους
914 3526 1001 3578 ὅτι
1033 3526 1062 3577 6
1098 3525 1195 3595 μὲν
1234 3525 1528 3597 θαυμάζων
1562 3527 1690 3591 τοὺς
1731 3529 1790 3581 ἐν

192 3608 311 3671 τοῖς
359 3605 640 3674 μεγίστοις
672 3606 1078 3677 διαλάμποντας
1122 3607 1336 3672 άθλοις,
1372 3608 1477 3662 κᾶν
1513 3610 1586 3681 μὴ
1626 3610 1790 3682 δύνη-

194 3705 290 3741 ται
330 3688 444 3740 τῶν
490 3688 668 3742 αὐτῶν
715 3690 1034 3758 ἐφικέσθαι,
1071 3691 1404 3763 συγγνώμης
1447 3692 1734 3764 δυνήσεται
1762 3707 1790 3736 ι

197 3774 354 3844 παρὰ
389 3775 607 3827 πάντων
644 3776 828 3842 τυχεῖν
848 3790 861 3802 ·
900 3776 928 3826 6
950 3774 1007 3827 δὲ
1030 3774 1171 3846 πρὸς
1204 3776 1282 3845 τῷ
1307 3774 1383 3847 μὴ
1426 3777 1670 3847 μετιέναι
1696 3777 1792 3832 καὶ

199 3855 448 3919 κακίζων
475 3855 545 3909 τὰ
583 3855 794 3909 πολλῶν
827 3855 952 3921 ἄξια
995 3857 1274 3926 στεφάνων
1301 3857 1524 3923 δικαίως
1546 3860 1614 3914 ἂν
1640 3862 1792 3933 παρὰ

197 3938 424 3991 πάντων
460 3941 670 4009 μισοῖτο
693 3938 769 4001 ὡς
806 3939 999 4010 ἐχθρὸς
1024 3941 1118 3993 καὶ
1147 3939 1406 4010 πολέμιος
1431 3942 1529 4012 τῆς
1564 3943 1789 4014 ἀρετῆς,

196 4022 295 4075 καὶ
322 4020 437 4074 τῶν
462 4021 805 4091 μαινομένων
841 4021 1171 4094 ἀθλιώτερον
1204 4022 1565 4095 διακείμενος.
1595 4027 1659 4079 OE
1692 4028 1792 4098 μὲν

197 4105 310 4176 γάρ
337 4104 440 4157 οὐκ
474 4104 654 4157 ἴσασιν
684 4103 719 4157 ἂ
751 4103 1017 4170 ποιοῦσιν,
1038 4105 1160 4158 οὐδὲ
1190 4107 1407 4170 ἑκόντες
1431 4106 1466 4160 ἃ
1489 4109 1790 4177 πάσχουσιν

195 4186 562 4258 ῦττομένουσι·
586 4187 668 4240 διὸ
705 4188 799 4240 καὶ
828 4188 954 4251 τοὺς
987 4189 1044 4239 ἐν
1068 4188 1414 4253 δυναστείαις
1440 4189 1601 4253 ὄντας
1636 4190 1791 4261 ὑϐρί-

196 4270 390 4336 ζοντες
433 4271 496 4324 ού
534 4271 696 4341 μόνον
725 4272 787 4324 ού
817 4271 1159 4337 κολάζονται,
1197 4271 1335 4325 ἀλλὰ
1375 4273 1471 4325 καὶ
1516 4273 1791 4327 ἐλεοῦνται

192 4355 357 4425 παρά
390 4354 500 4407 τῶν
524 4354 893 4425 ύϐρισθέντων
920 4355 1121 4408 αὐτῶν.
1154 4355 1217 4407 Εί
1243 4355 1302 4409 δέ
1331 4372 1416 4419 τις
1450 4354 1593 4408 ἐκὼν
1619 4355 1791 4410 ταῦτα

196 4438 550 4508 τολμήσειεν,
583 4438 729 4508 ειπερ
764 4437 989 4500 ἄκοντες
1039 4439 1239 4491 ἐκεῖνοι
1284 4436 1520 4505 ποιοῦσι,
1569 4438 1794 4503 δικαίως

201 4521 270 4575 ἃν
300 4524 426 4585 ταῖς
467 4522 721 4575 ἁπάντων
752 4520 1166 4584 καταδικάζοιτο
1196 4521 1420 4592 ψήφοις,
1451 4520 1528 4585 ὡς
1557 4521 1660 4591 τῆς
1690 4521 1794 4590 φύ-

200 4623 342 4669 σεως
377 4605 477 4675 τῆς
501 4605 779 4675 ἡμετέρας
812 4604 1026 4675 ἐχθρός.

272 4688 412 4743 KA'.
443 4688 643 4759 Ἐχρῆν
671 4688 769 4757 μὲν
797 4683 911 4749 οὖν,
944 4689 1078 4758 ὅπερ
1103 4686 1260 4758 ἔφην,
1301 4690 1350 4742 εί
1382 4688 1478 4742 καὶ
1511 4688 1795 4752 ἀκίνδυνος

196 4767 269 4843 ἦν
300 4773 336 4842 ἡ
367 4769 547 4823 τοιάδε
586 4770 914 4840 κατηγορία,
955 4771 1065 4824 τῶν
1101 4771 1235 4839 γοῦν
1272 4771 1579 4843 εἰρημένων
1607 4770 1795 4824 ἐνεκεν

199 4855 377 4924 αὐτῆς
421 4852 742 4922 ἀπέχεσθαι.
768 4852 882 4906 Νῦν
918 4852 975 4905 δὲ
1009 4854 1104 4907 καὶ
1128 4854 1372 4917 κίνδυνος
1402 4853 1480 4924 τῷ
1511 4853 1796 4925 πράγματι

198 4940 386 4990 κεῖται
437 4936 636 5007 μέγας·
684 4936 746 4989 ού
794 4935 904 5007 γὰρ
951 4938 980 4989 6
1012 4935 1322 5007 καθήμενος
1367 4937 1462 4989 καὶ
1523 4936 1661 4989 κατὰ
1700 4937 1794 4988 τοῦ

201 5019 439 5089 ἀδελφοῦ
489 5018 827 5084 καταλαλῶν,
858 5019 954 5072 καὶ
996 5019 1138 5073 κατὰ
1167 5018 1261 5073 τοῦ
1293 5018 1411 5073 υἱοῦ
1455 5020 1557 5089 τῆς
1592 5020 1796 5091 μητρὸς

200 5104 380 5165 τιθεὶς
413 5101 731 5159 σκάνδαλον.
776 5101 1175 5173 κολασθήσεται
1223 5103 1402 5174 μόνος,
1444 5102 1583 5155 ἀλλά
1631 5104 1726 5156 καὶ
1767 5103 1797 5155 ό

206 5186 517 5258 πράγματα
549 5183 857 5239 διαϐάλλειν
912 5186 1208 5257 ἐπιχειρῶν
1241 5186 1362 5257 Θεῷ
1411 5186 1673 5239 δοκοῦντα
1721 5183 1798 5240 εί-

204 5289 291 5324 ναι
327 5268 497 5322 καλά.
532 5269 799 5322 Ἄκουσον
828 5268 959 5337 γοῦν
999 5270 1052 5322 τί
1096 5287 1261 5340 φησιν
1293 5270 1479 5340 ἕτερος
1513 5272 1799 5342 προφήτης

207 5355 335 5427 περὶ
367 5351 537 5407 αὐτοῦ
566 5352 761 5405 τούτου
801 5350 1216 5421 διαλεγόμενος·
1245 5353 1391 5407 Οὐαὶ
1430 5356 1463 5407 ό
1491 5353 1686 5422 λέγων
1732 5352 1797 5406 τὸ

206 5437 480 5506 πονηρὸν
510 5436 722 5502 καλὸν,
757 5434 856 5488 καὶ
891 5434 957 5488 τὸ
990 5434 1182 5488 καλὸν
1223 5437 1522 5504 πονηρόν·
1555 5440 1587 5491 ό
1620 5436 1800 5503 τιθεὶς

204 5524 270 5578 1'6
300 5521 432 5592 φῶς
463 5521 705 5586 σκότος,
736 5518 836 5573 καὶ
879 5519 945 5573 τὸ
990 5520 1212 5586 σκότος
1254 5517 1414 5590 φῶς·
1455 5523 1487 5574 ό
1524 5520 1704 5587 τιθείς
1732 5520 1799 5574 τὸ

207 5605 406 5675 γλυκὺ
457 5604 695 5669 πικρὸν,
728 5602 829 5657 καὶ
857 5604 921 5657 τὸ
958 5604 1177 5673 πικρὸν
1211 5604 1430 5673 γλυκύ.
1464 5603 1528 5655 Τί
1563 5603 1672 5676 γὰρ
1700 5604 1799 5672 τῆς

206 5688 513 5762 παρθενίας
544 5687 718 5756 ἥδιον,
760 5685 813 5739 τί
854 5686 1092 5751 κάλλιον,
1133 5687 1185 5741 τί
1231 5687 1652 5759 φωτεινότερον;
1689 5688 1799 5740 Καὶ

209 5773 319 5844 γὰρ
347 5770 531 5825 αὐτῶν
551 5770 659 5823 τῶν
686 5768 928 5840 ἡλιακῶν
954 5770 1189 5824 ἀκτίνων
1215 5772 1465 5844 φαιδροτέ
1478 5788 1575 5841 ρας
1600 5772 1794 5843 ἀφίησι

269 5879 297 5908 ³
326 5876 459 5939 Reg.
485 5881 538 5925 et
560 5872 713 5924 Savil.
738 5875 1015 5937 συγγνώμης
1038 5875 1150 5936 γοῦν
1169 5878 1435 5931 δυνήσεται.

544 5960 816 6024 ΡΑΤΒΟΙ..
866 5963 981 6023 Gn.
1015 5961 1277 6025 XLVIII.

1591 230 1681 286 DE
1720 231 2184 290 VIRGINITATE.

3385 241 3487 296 5-58

1894 344 1995 409 τὰς
2026 346 2422 419 μαρμαρυγὰς,
2465 347 2683 401 πάντων
2713 348 2812 420 μὲν
2853 350 3002 420 ἡμᾶς
3028 349 3315 419 ἀφιστῶσα
3359 350 3490 422 βιω-

1891 428 2083 494 τικῶν,
2130 430 2393 502 καθαροῖς
2431 429 2490 482 δὲ
2536 429 2839 501 ὀφθαλμοῖς
2879 435 2963 495 είς
3009 433 3100 487 τὸν
3138 433 3238 505 τῆς
3280 433 3488 489 δικαιο-

1896 511 2064 584 σύνης
2112 514 2263 584 ἥλιον
2314 514 2504 578 άτενές
2559 515 3062 586 παρασκευάζουσα
3114 517 3329 588 ἐνορᾷν.
3374 517 3488 571 Καὶ

1891 595 2071 650 ταῦτα
2118 597 2217 667 μὲν
2244 598 2273 651 6
2316 597 2546 661 Ἡσαΐας
2590 599 2721 670 περὶ
2770 598 2880 652 τῶν
2919 601 2978 652 ἐν
3035 598 3220 663 αὐτοῖς
3255 598 3355 663 τὰς
3403 600 3486 653 δι-

1893 680 2280 751 εστραμμένας
2311 680 2525 751 κρίσεις
2553 680 2788 751 ἐχόντων
2831 681 2960 735 ἐϐόα
2980 698 2993 711 ·
3030 682 3262 736 ἄκουσον
3300 681 3357 737 δέ
3391 684 3485 738 καὶ

1892 763 2020 835 περὶ
2056 764 2167 817 τῶν
2198 767 2282 828 είς
2318 765 2539 838 ἐτέρους
2578 765 2923 837 ἐκφερόντων
2945 766 3017 819 τὰ
3047 765 3274 837 λοιμικὰ
3312 766 3485 821 ταῦτα

1893 846 2116 918 ῥήματα
2160 847 2215 900 τί
2248 865 2413 919 φησιν
2452 847 2612 912 ἄλλος
2666 850 2972 920 προφήτης,
3018 849 3127 902 άπὸ
3176 848 3272 902 τοῦ
3319 848 3484 903 αὐτοῦ

1893 929 2054 983 πάλιν
2086 930 2499 1001 ἐπιφθέγματος
2532 930 2855 1000 ποιούμενος
2898 930 2996 1002 τὴν
3033 932 3237 1003 ἀρχήν·
3266 931 3411 985 Οὐαὶ
3449 935 3483 986 ό

1890 1015 2140 1075 ποτίζων
2161 1016 2269 1069 τὸν
2296 1017 2570 1083 πλησίον
2603 1015 2792 1069 αὐτοῦ
2822 1014 3173 1084 ἀνατροπὴν
3205 1015 3480 1085 θολεράν.

1891 1099 1965 1152 1‘6
2003 1099 2081 1163 δὲ,
2129 1099 2293 1164 οὐαὶ,
2322 1101 2382 1154 οὐ
2425 1101 2577 1172 ῥῆμα
2610 1099 2770 1170 ψιλόν
2809 1101 2978 1162 ἐστιν,
3011 1099 3128 1153 ἀλλ’
3169 1099 3365 1171 ἀπειλή
3395 1116 3482 1164 τις

1889 1181 2093 1247 ἄφατον
2118 1184 2252 1253 ἡμῖν
2301 1184 2396 1236 καὶ
2437 1182 2824 1252 ἀσύγγνωστον
2863 1181 3333 1250 προαναφωνοῦσα
3375 1184 3476 1251 τὴν

1888 1266 2187 1337 τιμωρίαν·
2222 1267 2316 1319 ἐπὶ
2345 1266 2454 1338 γὰρ
2482 1266 2592 1319 τῶν
2626 1267 2812 1320 οὐκέτι
2844 1266 3163 1337 δυναμένων
3190 1267 3479 1335 διαφυγεῖν

1888 1350 1988 1419 τὴν
2024 1349 2321 1420 μέλλουσαν
2351 1349 2575 1405 κόλασιν
2604 1349 2765 1404 τοῦτο
2797 1350 2859 1403 τὸ
2883 1350 3171 1422 ἐπίρρημα
3202 1352 3381 1403 κεῖται
3420 1350 3480 1401 ἐν

1888 1436 2009 1499 ταῖς
2037 1434 2297 1505 Γραφαῖς.
2337 1435 2448 1488 Καὶ
2479 1435 2642 1489 πάλιν
2669 1435 2857 1507 ἐτερος
2889 1435 3194 1506 προφήτης,
3232 1433 3480 1502 ἐγκαλῶν

1887 1521 2000 1581 τοῖς
2034 1518 2338 1583 Ἰουδαίοις,
2378 1518 2585 1587 ἐλεγεν,
2631 1519 2983 1572 Ἐποτίσατε
3021 1517 3164 1581 τοὺς
3205 1518 3484 1588 ἠτιασμέι

1886 1620 2035 1669 νους
2056 1599 2243 1658 οἶνον.
2271 1603 2333 1656 EE
2361 1602 2417 1656 δέ
2438 1605 2466 1656 6
2484 1603 2612 1666 τοὺς
2628 1600 2988 1673 Ναζωραίους
3007 1602 3036 1642 ιδ
3057 1597 3198 1655 οἶνον
3224 1601 3479 1667 ποτίζων,

1886 1684 2158 1757 τοσαύτην
2215 1686 2581 1757 ύποστήσεται
2654 1684 2960 1755 τιμωρίαν,
3023 1687 3052 1737 6
3102 1684 3201 1756 τὴν
3252 1685 3482 1755 θολερὰν

1888 1769 2205 1841 ἀνατροπὴν
2236 1767 2445 1839 ἐκχέων
2488 1769 2569 1831 είς
2600 1766 2701 1829 τὰς
2744 1766 2856 1820 τῶν
2888 1767 3273 1840 άφελεστέρων
3302 1767 3484 1840 ψυχὰς

1887 1852 2031 1915 τίνος
2046 1851 2149 1905 οὐκ
2181 1850 2333 1905 ἔσται
2358 1850 2633 1915 κολάσεως
2659 1848 2810 1914 ἄξιος
2835 1868 2850 1916 ;
2877 1851 2939 1903 El
2968 1850 3134 1923 μέρος
3160 1850 3355 1922 μικρόν
3383 1851 3485 1923 τῆς

1889 1933 2043 2009 [284]
2063 1934 2206 1989 κατὰ
2236 1936 2401 2005 νόμον
2431 1935 2721 2003 ἀσκήσεως
2741 1933 3179 2005 ύποτεμνόμενός
3198 1952 3280 1999 τις
3299 1935 3482 2005 ἀπαρ-

1887 2018 2110 2090 αίτητον
2147 2017 2261 2090 ἔχει
2306 2017 2405 2090 τὴν
2452 2017 2694 2082 κόλασιν,
2748 2019 2777 2071 6
2818 2016 2918 2088 τὴν
2960 2018 3270 2085 ἁγιωσύνην
3311 2018 3483 2089 αὐτὴν

1887 2102 2184 2174 ὁλόκληρον
2222 2101 2517 2174 διασύρων,
2564 2101 2688 2155 τίνα
2734 2100 2923 2171 ὑφέξει
2966 2100 3157 2171 δίκην;
3207 2098 3350 2154 Ἐάν
3392 2117 3485 2166 τις

1887 2185 2298 2254 σκανδαλίσῃ,
2319 2186 2507 2256 φησὶν,
2534 2184 2646 2239 ἕνα
2664 2183 2785 2237 τῶν
2812 2181 3043 2254 μικρῶν
3063 2183 3313 2247 τούτων,
3334 2197 3487 2252 (my-

1887 2269 2052 2338 φέρει
2074 2266 2258 2333 αὐτῷ,
2284 2269 2385 2322 ἵνα
2407 2269 2605 2339 μύλος
2625 2267 2828 2333 ὀνικὸς
2852 2264 3160 2336 κρεμασθῇ
3179 2264 3311 2335 περὶ
3336 2266 3479 2319 τάγε

1888 2350 2199 2420 τράχηλον
2214 2351 2426 2415 αὑτοῦ,
2440 2352 2539 2405 καί
2556 2347 3010 2417 καταποντισθῇ
3022 2351 3109 2415 εἰς
3126 2349 3240 2417 τὴν
3253 2348 3483 2403 θάλασ-

1889 2452 2031 2489 σαν.
2063 2434 2129 2488 Τί
2147 2430 2240 2489 οῦν
2255 2434 2505 2502 λέξουσιν
2534 2436 2584 2488 οἱ
2605 2434 2696 2488 διὰ
2715 2432 2826 2487 τῶν
2851 2432 3115 2504 ῥημάτων
3147 2431 3353 2485 τούτων
3382 2430 3483 2503 οὐχ

1888 2518 1986 2573 ’ἐνα
2009 2519 2229 2590 μικρὸν,
2248 2518 2384 2573 ἀλλὰ
2408 2519 2638 2582 πολλοὺς
2656 2516 3102 2581 σκανδαλίζοντες
3125 2532 3140 2581 ;
3177 2515 3352 2569 Ὅπου
3370 2514 3482 2589 γάρ

1887 2604 1916 2656 6
1937 2602 2029 2656 τὸν
2056 2602 2284 2672 ἀδελφὸν
2309 2602 2493 2656 καλῶν
2523 2601 2728 2674 μωρὸν,
2744 2599 2912 2671 ὀρθὴν
2933 2598 3026 2651 ἐπὶ
3053 2598 3113 2651 τὸ
3130 2597 3231 2669 τῆς
3253 2597 3481 2669 γεέννης

1888 2687 2271 2757 ἁπαχθήσεται
2301 2685 2433 2758 πῦρ,
2462 2686 2490 2737 6
2518 2684 2617 2757 τὴν
2638 2681 2922 2753 ἰσάγγελον
2943 2681 3146 2752 ταύτην
3179 2679 3481 2734 διαϐάλλων

1891 2771 2192 2833 πολιτείαν,
2234 2770 2410 2842 πόσην
2437 2768 2609 2841 ὀργὴν
2645 2766 3011 2823 ἐπισπάσεται
3047 2765 3188 2821 κατὰ
3220 2764 3322 2835 τῆς
3355 2764 3485 2817 ἐαυ-

1887 2854 1982 2907 τοῦ
2035 2854 2317 2923 κεφαλῆς;
2372 2850 2726 2921 Κατεγέλασέ
2776 2864 2907 2902 ποτε
2959 2846 3053 2902 τοῦ
3106 2847 3388 2910 Μωῦσέως
3443 2847 3480 2919 ή

1889 2935 2155 3007 Μαριὰμ,
2198 2937 2300 3007 οὐχ
2333 2935 2508 2998 οὕτως
2558 2935 2635 2998 ὡς
2682 2934 2782 3004 τῆς
2814 2932 3115 3003 παρθενίας
3149 2929 3245 2983 νῦν
3285 2932 3479 3002 ἑμεῖς,

1890 3020 2035 3074 ἀλλὰ
2069 3019 2251 3088 πολλῷ
2286 3019 2507 3072 ἔλαττον
2546 3018 2640 3071 καὶ
2682 3016 3110 3086 ἐπιεικέστερον.
3143 3015 3218 3066 Οὐ
3248 3014 3358 3085 γὰρ
3397 3013 3482 3065 διο

1892 3105 2056 3177 έσυρε
2090 3105 2182 3158 τὸν
2213 3103 2401 3174 ἄνδρα.
2428 3101 2548 3155 οὐδὲ
2573 3099 2834 3171 ἐχλεύασε
2867 3100 2966 3169 τὴν
3003 3097 3206 3168 ἀρετὴν
3253 3097 3354 3167 τὴν
3385 3096 3480 3149 τοῦ

1893 3189 2165 3261 μακαρίου
2188 3187 2312 3241 τότε
2346 3185 2579 3247 ἐκείνου,
2612 3182 2749 3238 ἀλλὰ
2786 3183 2880 3234 καὶ
2914 3180 3117 3251 σφόδρα
3155 3179 3435 3249 ἐθαύμασε
3462 3196 3476 3210 ·

1888 3260 2142 3326 τοσοῦτον
2181 3271 2239 3324 δὲ
2289 3266 2410 3323 εἷπε
2459 3268 2641 3340 μόνον,
2665 3267 2750 3321 ὅτι
2798 3264 2895 3319 καὶ
2947 3264 3086 3334 αὑτὴ
3139 3261 3249 3315 τῶν
3297 3260 3481 3314 αὐτῶν

1889 3354 2204 3425 ἀπήλαυσεν
2246 3346 2433 3424 ὦνπερ
2471 3354 2715 3415 ἐκεῖνος·
2750 3348 2866 3402 ἀλλ’
2905 3349 3055 3417 ὅμως
3084 3345 3256 3408 οὓτως
3286 3345 3482 3409 ἐξεκα-

1889 3437 2086 3491 λέσατο
2106 3437 2200 3490 τοῦ
2230 3434 2365 3490 Θεοῦ
2401 3437 2498 3507 τὴν
2525 3435 2719 3507 ὀργὴν,
2754 3432 2833 3495 ὡς
2875 3430 2997 3484 ούδέ
3046 3428 3211 3482 αὑτοῦ
3269 3428 3482 3481 ἐκείνου

1889 3522 1984 3575 τοῦ
2012 3520 2300 3583 δοκοῦντος
2346 3518 2603 3590 ὑϐρίσθαι
2643 3515 2817 3570 πολλά
2844 3512 3293 3585 παρακαλοῦντος
3325 3512 3487 3578 γενέ-

1893 3605 2018 3659 σθαι
2046 3622 2101 3658 τι
2142 3604 2326 3667 πλέον,
2358 3601 2495 3657 ἀλλὰ
2518 3602 2613 3656 καὶ⁵
2639 3599 2951 3671 περαιτέρω
2980 3598 3079 3669 τῆς
3108 3597 3320 3650 ἐκείνου
3352 3595 3487 3666 γνώ-

1897 3707 2003 3761 μης
2037 3687 2361 3758 ἐπιταθῆναι
2387 3686 2488 3757 τὴν
2518 3683 2790 3756 τιμωρίαν
2819 3682 2981 3752 αὐτῇ.

1964 3772 2091 3827 KB’.
2128 3771 2240 3823 Καὶ
2268 3769 2320 3823 τί
2346 3769 2488 3839 λέγω
2512 3768 2779 3839 Μαριάμ;
2805 3767 2854 3819 οἱ
2881 3765 2991 3837 γὰρ
3013 3764 3202 3827 παῖδες
3223 3764 3485 3817 ἐκεῖνοιοί

1893 3857 2026 3927 περὶ
2048 3856 2145 3926 τὴν
2170 3852 2371 3924 Βηθλεέ
2382 3871 2422 3923 μ
2451 3851 2760 3917 παίζοντες,
2788 3851 2875 3902 ἵνα
2906 3849 3041 3920 πρὸς
3057 3847 3156 3903 τδν
3183 3848 3485 3903 Ἐλισσαῖον

1892 3939 2051 3993 τοῦτο
2097 3937 2257 4009 μόνον
2290 3935 2553 3998 εἴπωσιν,
2611 3932 2945 3996 Ἀνάϐαινε,
2997 3931 3290 4001 φαλακρὲ,
3340 3931 3485 3984 οὕτω

1896 4020 2221 4092 παρώξυναν
2237 4018 2326 4071 τὸν
2346 4016 2502 4077 Θεδν,
2520 4017 2597 4080 ώς
2614 4017 2730 4087 ἅμα
2749 4014 2828 4085 τῷ
2843 4014 2988 4085 λόγῳ
3006 4013 3181 4085 τούτῳ
3203 4012 3441 4083 ἄρκτους
3455 4010 3485 4051 ει

1892 4103 2075 4160 αὐτῶν
2119 4104 2411 4171 ἐπαφεῖναι
2442 4099 2521 4170 τῷ
2550 4098 2746 4170 πλήθει
2779 4097 2898 4169 (καὶ
2934 4097 3042 4168 γὰρ
3074 4096 3486 4168 τεσσαράκοντα

1892 4188 1987 4243 δύο
2001 4183 2187 4260 ἧσαν)·
2210 4186 2306 4238 καὶ
2323 4183 2524 4245 πάντες
2545 4181 2714 4253 ἄρδην
2737 4181 2842 4235 ὑπὸ
2864 4180 2973 4235 τῶν
2993 4180 3198 4252 θηρίων
3214 4180 3486 4252 ἐσπαράτ·

1892 4288 2048 4325 τοντο
2061 4271 2180 4324 τότε
2196 4269 2394 4322 ἐκεῖνοι
2414 4284 2426 4296 ·
2448 4265 2541 4319 καὶ
2555 4264 2679 4317 οὔτε
2696 4264 3027 4335 ήλικία,οῦτε
3045 4263 3103 4315 τὸ
3119 4261 3343 4331 πλῆθος,
3361 4260 3486 4315 οὔτε

1895 4355 1955 4409 τὸ
1981 4353 2253 4423 γελῶντας
2270 4354 2442 4405 εἰπεῖν
2468 4348 2706 4420 προέστη
2742 4347 2850 4400 τῶν
2884 4345 3204 4417 μειρακίων*
3226 4346 3321 4398 καὶ
3340 4344 3486 4415 μάλα

1894 4438 2139 4499 εἰκότως.
2174 4437 2235 4488 Et
2267 4434 2377 4506 γὰρ
2415 4432 2661 4505 μέλλοιεν
2685 4431 2734 4482 οί
2757 4429 2884 4492 τοὺς
2917 4427 3201 4491 τοσούτους
3231 4426 3488 4498 ἀναδεχό-

1899 4537 2050 4592 μενοι
2077 4519 2275 4581 πόνους
2297 4516 2390 4572 καὶ
2425 4513 2579 4585 παρὰ
2597 4513 2806 4569 παίδων
2839 4511 2934 4565 καὶ
2957 4512 3106 4583 παρά
3130 4510 3339 4583 ἀνδρῶν
3365 4510 3485 4565 δια-

1897 4602 2198 4676 σύρεσθαι,
2233 4601 2317 4665 τίς
2349 4599 2458 4653 τῶν
2488 4596 2893 4668 ἀσθενεστέρων
2945 4596 3234 4666 αἱρήσεται
3288 4593 3488 4656 πόνους

1895 4685 2257 4752 ἀναδέξασθαι
2283 4682 2529 4752 γέλωτας
2558 4680 2781 4751 ἔχοντας
2824 4679 2918 4732 καὶ
2946 4676 3239 4749 χλευασίαν
3265 4693 3279 4740 ;
3313 4677 3399 4741 τίς
3427 4676 3489 4730 δὲ

1895 4770 2004 4823 τῶν
2038 4767 2251 4823 πολλῶν
2281 4764 2512 4836 ζηλώσει
2540 4762 2640 4834 τὴν
2665 4762 2887 4832 ἀρετὴν,
2915 4760 3059 4813 οὕτω
3080 4760 3489 4828 καταγέλαστον

1897 4852 2065 4922 αὐτὴν
2102 4846 2268 4905 οὖσαν
2302 4848 2480 4919 όρῶν;
2518 4847 2583 4900 El
2627 4845 2740 4916 γὰρ
2772 4845 2868 4897 νῦν
2898 4844 3117 4898 πάντων
3147 4844 3316 4915 αὐτὴν
3349 4861 3486 4897 πανσ-
3556 4882 3571 4903 ,

1896 4934 2062 5005 ταχοῦ
2098 4932 2508 5002 θαυμαζόντων,
2562 4928 2625 4982 ού
2675 4928 2783 4982 τῶν
2819 4926 3117 4999 μετιόντων
3141 4925 3323 4994 μόνον,
3353 4925 3491 4979 ἀλλὰ

1898 5019 1993 5073 καὶ
2037 5016 2143 5071 τῶν
2198 5013 2636 5068 ἐκπεπτωκότων
2682 5011 2873 5081 αὐτῆς,
2925 5011 3077 5081 ὅμως
3115 5006 3333 5062 ὀκνοῦσι
3394 5011 3492 5062 καὶ

1898 5099 2220 5157 ἀναδύονται
2255 5096 2392 5168 πρὸς
2441 5097 2567 5160 τοὺς
2612 5094 2841 5167 ἱδρῶτας
2887 5093 3130 5156 ἐκείνους
3164 5091 3369 5152 πολλοὶ,
3403 5091 3491 5153 τίς

1897 5186 1963 5240 ἂν
1987 5183 2157 5254 αὐτῆς
2179 5179 2539 5234 ἐπιλαϐέσθαι
2569 5178 2780 5248 ταχέως
2813 5177 3101 5247 ἠθέλησεν,
3153 5176 3201 5227 εἰ
3238 5174 3377 5247 πρὸς
3410 5174 3490 5242 τῷ

1902 5271 1976 5341 μὴ
2029 5263 2409 5337 θαυμάζεσθαι
2470 5263 2565 5316 καὶ
2626 5259 3063 5331 διαϐαλλομένην
3127 5257 3275 5330 ἐώρα
3333 5255 3490 5327 παρά

1901 5352 2117 5406 πάντων
2173 5346 2511 5420 άνθρώπων;
2562 5346 2625 5398 Οἱ
2662 5344 2759 5416 μὲν
2813 5344 2922 5416 γάρ
2970 5343 3184 5415 ίσχυροί¹
3239 5341 3361 5395 λίαν
3394 5342 3490 5394 καὶ

1899 5434 2036 5506 πρὸς
2084 5432 2176 5485 τὸν
2217 5429 2445 5503 οὐρανὸν
2487 5428 2589 5500 ήδη
2651 5426 3018 5498 μεταστάντες
3076 5425 3230 5478 οὐδὲν
3276 5423 3491 5478 δέονται

1900 5518 1999 5589 τῆς
2030 5515 2136 5570 ἀπὸ
2161 5514 2270 5568 τῶν
2300 5512 2509 5566 πολλῶν
2539 5510 2894 5583 παραμυθίας
2913 5550 2929 5576 ,
2956 5509 3072 5563 ἀλλ’
3110 5519 3134 5548 ε
3165 5508 3329 5580 ἀρκεῖ
3353 5507 3493 5578 πρ“ι;

1966 5624 1993 5662 b
2014 5627 2138 5688 Reg.
2165 5624 2464 5689 Ναζιραίους-

1969 5691 1989 5718 ε’
2021 5688 2142 5736 Rea.
2167 5688 2409 5736 κρεμασθῇ
2434 5685 2464 5732 έτ

1969 5702 1987 5718 *⁷
2022 5702 2142 5749 Heg.
2167 5703 2251 5750 κρε
2323 5702 2409 5747 συῃ
2434 5702 2509 5732 επι
2528 5702 2625 5732 τον.
2648 5702 2797 5733 ramo

1900 5749 2027 5802 Infra
2052 5750 2116 5798 id.
2138 5704 2344 5810 κεφαλές
2366 5746 2661 5802 κατελάλησέ
2683 5761 2818 5794 ποτε.

1967 5812 1992 5850 d
2017 5812 2139 5871 Reg.
2162 5810 2350 5872 ἄρκους.

1964 5874 1983 5897 ⁶
2012 5868 2137 5933 Reg.
2166 5868 2355 5919 πολλῶν
2381 5868 2617 5931 βοηθείας,
2652 5869 2777 5917 ἀλλ’.

3153 5950 3192 6014 2

2323 5688 2409 5747 σθῇ
2434 5685 2509 5732 ἐπὶ
2528 5684 2625 5747 τόν.
2648 5684 2797 5733 Paulo
2820 5688 2929 5745 post
2954 5683 3084 5732 idem
3110 5682 3262 5746 ὄρθιος
3287 5680 3363 5730 ἐπὶ
3386 5684 3490 5737 τῆς.
3564 5720 3571 5726 .
