3886 6222
478 193 582 250 549

475 312 657 366 πᾶσαν
682 307 1038 379 παραμυθίαν
1054 309 1241 374 αὐτοῖς
1259 312 1288 364 ὁ
1328 313 1480 384 παρὰ
1502 311 1595 366 τοῦ
1634 310 1770 365 Θεοῦ
1800 311 2020 377 ἔπαινος
2038 331 2053 347 ι

473 396 525 449 οἱ
567 393 625 446 δὲ
669 392 1059 464 ἀσθενέστερον
1092 393 1461 464 διακείμενοι,
1505 396 1597 449 καὶ
1641 395 1768 466 άρτι
1813 394 1950 465 πρὸς
1994 396 2057 448 τὺ

473 478 706 548 πρᾶγμα
753 474 1274 547 χειραγωγούμενοι,
1321 478 1380 530 ού
1423 479 1626 549 μικράν
1663 478 1758 532 καὶ
1805 478 1912 531 ἀπὸ
1949 478 2049 548 τῆς

469 560 579 613 τῶν
607 558 815 612 πολλῶν
838 558 995 630 δόξης
1023 559 1305 629 δυνάμεως
1331 561 1648 633 προσθήκην
1662 561 2052 632 λαμϐάνουσιν,

470 642 577 706 ἐως
604 641 670 695 ἂν
693 641 1198 712 παιδαγωγηθέντες
1220 642 1485 698 πάντοθεν
1502 644 1645 698 κατά
1670 644 1865 716 μικρὸν
1895 644 1975 708 είς
1993 644 2055 698 τὸ

474 724 675 795 μηκέτι
700 723 906 778 δεῖσθαι
935 725 1141 796 ταύτης
1168 727 1267 796 τῆς
1294 728 1666 799 χειραγωγίας
1698 728 2054 798 καταστήσω-

472 824 557 860 σιν
583 806 831 871 ἑαυτούς.
859 806 973 859 Οὑκ
1006 808 1231 861 ἐκείνων
1256 810 1313 862 δὲ
1342 810 1517 880 μόνων
1553 809 1760 875 ἐνεκεν,
1789 809 1925 863 άλλά
1960 810 2055 863 καὶ

470 890 568 960 τῆς
596 889 701 942 τῶν
733 888 1098 959 χλευαζόντων
1132 890 1311 945 αὐτῶν
1344 894 1619 965 σωτηρίας
1646 892 1805 946 τοῦτο
1827 892 2050 961 γίνεται·

470 971 613 1025 ὥστε
670 972 744 1042 μὴ
777 972 1087 1044 περαιτέρω
1124 974 1405 1044 προελθεῖν
1450 975 1550 1045 τῆς
1601 976 1798 1040 κακίας
1857 976 2055 1039 αὐτοὺς

469 1054 548 1125 τῷ
578 1056 847 1126 μηδεμίαν
879 1056 1019 1126 ὑπὲρ
1040 1055 1146 1110 τῶν
1178 1058 1456 1130 προτέρων
1479 1058 1662 1112 δοῦναι
1684 1058 1860 1130 δίκην.
1891 1059 2052 1113 Ἀλλὰ

473 1130 674 1209 μεταξύ
708 1155 774 1208 με
803 1137 977 1192 ταῦτα
1004 1139 1232 1208 λέγοντα
1259 1142 1401 1212 καὶὴ
1424 1141 1533 1195 τῶν
1564 1142 1707 1197 κατά
1729 1142 1821 1195 τὸν
1864 1143 2053 1196 Ἠλίαν

468 1220 779 1291 γενομένων
810 1221 1025 1291 εἰσῆλθε
1052 1224 1262 1294 μνήμη.
1297 1224 1476 1296 Ὅπερ
1503 1225 1613 1297 γὰρ
1646 1227 1693 1279 οί
1732 1226 1919 1291 παῖδες
1949 1226 2053 1280 ὑπὸ

467 1302 577 1356 τῶν
604 1302 820 1375 ἀρκτων
861 1304 1098 1374 ἔπασχον
1138 1306 1228 1358 διά
1257 1307 1347 1360 τὸν
1387 1306 1723 1373 Ἐλισσαῖον,
1769 1308 1929 1362 τοῦτο
1963 1309 2053 1363 διὰ

466 1384 560 1439 τὸν
590 1386 781 1439 τούτου
817 1386 1131 1440 διδάσκαλον
1156 1388 1258 1441 ὑπὸ
1281 1393 1450 1461 πυρὸς
1466 1391 1673 1445 ἄνωθεν
1686 1391 1954 1461 ἁφθέντος
1968 1393 2051 1456 δὶς

468 1470 807 1538 πεντήκοντα
832 1468 1023 1541 ἄνδρες
1058 1469 1174 1541 ἁμα
1195 1474 1308 1536 τοῖς
1336 1474 1674 1544 προεστῶσιν
1706 1474 1885 1529 αὑτῶν
1897 1472 2050 1546 [2851

468 1551 760 1623 ὑπέμενον.
801 1553 1020 1622 Ἐπειδὴ
1053 1553 1161 1624 γὰρ
1196 1556 1435 1608 κάκεῖνοι
1469 1555 1609 1626 μετὰ
1646 1555 1847 1628 πολλῆς
1887 1558 2050 1626 εἰρω-

466 1634 615 1697 νείας
659 1633 1047 1706 προσελθόντες
1103 1635 1334 1690 ἐκάλουν
1358 1636 1448 1691 τὸν
1486 1637 1719 1704 δίκαιον,
1755 1639 1852 1692 καὶ
1883 1656 2052 1692 κατα-

465 1715 673 1770 ϐαίνειν
706 1716 953 1770 ἐκέλευον
975 1718 1112 1785 πρὸς
1139 1718 1357 1784 αὐτοὺς,
1388 1720 1505 1773 ἀντ’
1527 1721 1739 1774 ἐκείνου
1770 1720 1882 1791 πῦρ
1911 1737 2047 1773 κατ-

463 1797 618 1850 ελθδν
652 1796 902 1862 ἅπαντας
942 1799 1141 1863 αὑτοὺς
1167 1800 1444 1870 κατέφαγε
1470 1800 1579 1855 τῶν
1604 1801 1811 1873 θηρίων
1828 1804 2051 1858 ἐκείνων

463 1882 564 1952 οὑχ
595 1876 781 1965 ἧττον.
817 1882 983 1936 Ταῦτ’
1017 1878 1110 1936 οὖν
1146 1884 1496 1953 ἐννοήσαντες
1522 1884 1763 1949 ἅπαντες
1807 1886 1967 1955 ὑμεῖς
2000 1885 2050 1939 οἱ

463 1963 565 2032 τῆς
625 1963 920 2035 παρθενίας
972 1965 1178 2036 ἐχθροὶ,
1224 1966 1480 2021 ἐπίθεσθέ
1518 1985 1651 2020 ποτε
1710 1967 1788 2039 τῷ
1822 1968 2049 2037 στόματι

464 2043 629 2113 ὑμῶν
665 2044 836 2115 θύραν
870 2046 964 2098 καὶ
997 2047 1223 2116 μοχλὸν,
1258 2048 1345 2102 ἴνα
1378 2050 1453 2120 μὴ
1500 2051 1594 2104 καλ¹
1625 2051 1780 2120 ὑμεῖς
1812 2049 2049 2120 ἄρξησθε

465 2126 645 2195 λέγειν
671 2129 815 2182 κατά
844 2127 941 2199 τὴν
976 2130 1189 2200 ἡμέραν
1233 2131 1333 2201 τῆς
1369 2131 1605 2202 κρίσεως
1648 2132 1775 2195 τοὺς
1810 2131 1918 2184 ἀπὸ
1952 2132 2049 2201 τῆς

470 2209 769 2282 παρθενίας
797 2212 914 2264 ἐκεῖ
936 2211 1251 2283 λάμποντας
1270 2213 1533 2285 ὁρῶντες⁸
1553 2210 1732 2270 Οὗτοι
1757 2210 1919 2283 ἦσαν
1942 2214 2050 2280 οὓς

469 2292 718 2363 εἴχομέν
740 2310 885 2348 ποτε
908 2297 995 2361 είς
1024 2294 1247 2365 γέλωτα
1285 2296 1381 2350 καὶ
1410 2301 1497 2361 εἱς
1519 2296 1871 2365 παραϐολὴν
1893 2298 2047 2351 ὀνει-

462 2377 679 2446 δισμοῦ
698 2393 712 2407 ⁸
734 2378 903 2448 ἡμεῖς
917 2383 968 2433 οἱ
990 2379 1245 2448 ἄφρονες
1264 2381 1522 2444 τὸνβιόν
1536 2379 1736 2434 αὐτῶν
1763 2381 2046 2452 ἐλογισὰ-

456 2465 612 2529 μεθα
628 2462 873 2531 μανίαν,
888 2463 983 2516 καί
1007 2462 1116 2531 τὴν
1131 2463 1423 2531 τελευτὴν
1438 2463 1638 2517 αὐτῶν
1658 2464 1889 2533 ἄτιμον.
1912 2463 2045 2532 Πῶς

464 2545 983 2614 κατελογίσθησην
1006 2546 1076 2599 ἐν
1095 2546 1245 2614 υιοῖς
1263 2547 1432 2613 Θεοῦ,
1450 2548 1549 2601 καὶ
1572 2549 1640 2602 ἐν
1654 2548 1847 2617 ἁγίοις
1863 2551 1895 2602 ὀ
1908 2548 2051 2617 κλῆ-

455 2647 565 2695 ρος
585 2627 783 2683 αὐτῶν
806 2629 936 2683 ἐστι
955 2647 974 2692 ;
995 2630 1143 2697 Ἀρα
1167 2629 1593 2698 ἐπλανήθημεν
1604 2631 1726 2685 ἀπὸ
1739 2631 1881 2685 ὀδοῦ
1897 2632 2047 2699 ἀλη-

463 2711 644 2778 θείας,
664 2710 760 2763 καὶ
783 2710 848 2764 τὸ
872 2711 981 2780 τῆς
1007 2711 1398 2781 δικαιοσύνης
1418 2712 1544 2781 φῶς
1566 2714 1676 2767 οὐκ
1696 2714 2050 2783 ἐπέλαμψεν

463 2794 629 2863 ἡμῖν.
670 2793 827 2847 Ἀλλά
878 2794 931 2847 τί
960 2796 1020 2848 τὸ
1055 2795 1244 2866 κέρδος
1268 2796 1376 2848 τῶν
1408 2796 1667 2867 ῥημάτων
1699 2796 1921 2860 τούτων,
1951 2798 2050 2866 τῆς

460 2876 759 2947 μετανοίας
786 2878 1271 2948 ὲκνενευρισμένης
1296 2879 1400 2931 ὑπὸ
1428 2879 1520 2931 τοῦ
1550 2880 1741 2950 καιροῦ
1774 2879 1925 2942 τότε;

534 2960 657 3014 KI".
692 2959 832 3012 Ἀλλ’
858 2959 985 3023 ἴσως
1008 2962 1124 3031 ἐρεῖ
1142 2978 1225 3024 τις
1250 2960 1423 3031 ὑμῶν·
1449 2961 1636 3024 υύδεὶς
1652 2958 1748 3013 οὖν
1765 2962 1883 3031 μετ’
1906 2961 2049 3014 ἐκεί-

461 3060 585 3106 νους
611 3043 737 3106 τοὺς
771 3043 996 3114 καιροὺς
1022 3043 1434 3115 ἐκακηγόρησεν
1450 3045 1638 3112 ἁγίους
1658 3044 1888 3115 ἅνδρας;
1913 3045 2049 3098 Πολ-

460 3127 563 3191 λοὶ,
606 3127 699 3180 καὶ
732 3125 999 3195 πολλαχοῦ
1027 3127 1148 3195 γῆς.
1179 3126 1300 3189 Πῶς
1325 3122 1416 3180 οὖν
1437 3126 1535 3197 τὴν
1560 3127 1730 3197 αὐτὴν
1754 3127 1909 3197 δίκην
1946 3127 2048 3181 οὐκ

461 3208 671 3272 ἐδοσδιν,
697 3209 897 3278 φησίν,;
939 3208 1164 3261 Ἕδοσαν
1184 3209 1313 3277 μὲν,
1343 3208 1665 3262 καὶτούτων
1719 3209 1878 3278 ἴσμεν
1922 3209 2049 3261 πολ-

461 3291 579 3354 λούς
608 3308 621 3321 ⁸
653 3294 701 3343 εί
731 3292 789 3343 δὲ
816 3291 946 3343 ἔνιοι
995 3291 1089 3343 καὶ
1136 3291 1411 3359 διέφυγον,
1452 3291 1569 3345 ἀλλ’
1608 3292 1708 3345 οὑκ
1761 3293 1843 3355 εἰς
1892 3292 2047 3355 τέλος

459 3373 858 3440 διαφεύξονται.
881 3374 1033 3426 Κατὰ
1060 3374 1166 3446 γάρ
1191 3374 1282 3425 τὸν
1302 3374 1572 3443 μακάριον
1597 3373 1832 3438 Παῦλον,
1863 3373 2047 3428 Τινῶν

459 3461 519 3512 αἱ
552 3457 829 3525 ἁμαρτίαι
848 3456 1145 3524 πρόδηλοί
1166 3459 1284 3511 εἱσι
1313 3457 1683 3527 προάγουσαι
1703 3461 1789 3524 εἱς
1815 3460 2042 3527 κρίσιν,

460 3542 582 3593 τισὶ
601 3539 669 3592 δὲ
692 3540 789 3593 καὶ
817 3539 1302 3595 ἐπακολουθοῦσι
1322 3556 1336 3570 ⁸
1356 3541 1449 3593 καὶ
1479 3540 1731 3612 καθάπερ
1752 3542 1798 3593 οί
1821 3541 2045 3611 νομοθέ-

459 3638 551 3676 ται
576 3622 682 3675 τῶν
702 3621 1029 3675 ἀδικούντων
1057 3623 1153 3685 τάς
1174 3623 1444 3694 τιμωρίας
1470 3624 1526 3676 ἐν
1548 3625 1841 3694 γράμμασι
1858 3624 2042 3689 θέντες

458 3704 705 3774 ἀφῆκαν,
728 3703 869 3758 οὓτω
885 3704 979 3758 καὶ
1000 3706 1028 3757 ὁ
1050 3704 1253 3775 Κύριος
1277 3705 1436 3777 ήμῶν
1459 3705 1667 3776 Ἰησοῦς
1701 3706 1933 3777 Χριστὸς
1948 3706 2042 3760 ἐνα

461 3788 555 3841 καὶ
584 3787 834 3859 δεύτερον
858 3787 964 3841 τῶν
993 3789 1392 3859 ἡμαρτηκότων
1426 3788 1695 3853 κολάσας,
1732 3790 1826 3843 καὶ
1852 3789 2042 3861 ὥσπερ

460 3871 517 3922 ἐν
551 3869 720 3942 στήλῃ
750 3869 929 3941 χαλκῇ
962 3871 1058 3923 καὶ
1086 3870 1380 3941 γράμμασι
1425 3870 1524 3935 τὰς
1555 3871 1780 3925 ἐκείνων
1813 3872 2043 3925 καταθέ-

462 3970 624 4023 μενος
651 3954 941 4026 τ.μιι.ιρίας,
970 3953 1058 4006 διά
1109 3953 1217 4005 τῶν
1244 3953 1471 4016 ἐκείνοις
1501 3953 1824 4024 συμϐάντων
1868 3954 2041 4008 ἁπασι

459 4035 790 4104 διαλέγεται,
827 4036 1021 4105 λέγων,
1054 4037 1135 4092 ὅτι
1165 4037 1267 4089 κᾶν
1294 4039 1351 4089 ἐν
1379 4035 1456 4107 τῷ
1490 4038 1718 4108 παρόντι
1752 4036 1929 4108 καιρῷ
1956 4055 2040 4090 τι-

461 4119 672 4189 μωρίαν
697 4120 771 4190 μὴ
799 4119 930 4172 δῶσι
950 4118 1049 4191 τὴν
1067 4119 1239 4190 αὐτὴν
1257 4120 1304 4172 οἱ
1331 4118 1399 4171 τά
1430 4120 1570 4172 αὑτά
1593 4119 1901 4189 τολμῶντες
1929 4124 2041 4184 τοῖς

458 4201 733 4264 δεδωκόσι,
771 4201 914 4255 κατά
948 4202 1035 4254 τιν
1091 4202 1356 4271 μέλλοντα
1413 4203 1604 4275 καιρὸν
1653 4202 2040 4274 χαλεπωτέραν

460 4285 852 4352 ὑποστήσονται
882 4284 1123 4336 κίλατιν.

531 4369 654 4419 KA'.
676 4367 836 4418 Ὥστε
861 4368 987 4419 ὅταν
1014 4366 1227 4437 ἄμετρα
1254 4367 1659 4438 ἁμαρτάνοντες
1677 4379 1702 4407 ι
1736 4366 1903 4437 μηδὲν
1936 4369 2040 4422 πά-

459 4466 675 4518 σχωμεν
711 4449 902 4510 κακὸν,
939 4450 1013 4521 μὴ
1039 4449 1350 4522 θαρρῶμεν,
1379 4448 1515 4502 ἀλλά
1538 4449 1629 4502 διά
1651 4450 1806 4502 τοῦτο
1838 4450 2038 4521 μᾶλλον

458 4531 773 4602 φοϐώμεθα.
836 4532 951 4584 Κᾶν
985 4530 1095 4603 γάρ
1127 4531 1359 4585 ἐνταῦθα
1393 4531 1468 4602 μὴ
1504 4532 1778 4603 κριθῶμεν
1805 4533 1909 4586 ὑπὸ
1942 4534 2038 4588 τοῦ

456 4615 614 4679 Θεοῦ,
649 4617 765 4667 ἐκεῖ
794 4616 890 4667 σὺν
917 4613 993 4684 τῷ
1018 4614 1207 4685 κόσμῳ
1237 4614 1778 4687 κατακριθησόμεθα.
1807 4616 1913 4670 Kal
1942 4617 2039 4670 αῦ-

455 4716 524 4768 τη
559 4698 719 4751 πάλιν
751 4699 850 4750 οὐκ
898 4698 1005 4767 ἐμὴ
1037 4699 1069 4767 ή
1103 4698 1398 4765 ἀπόφασις,
1433 4699 1572 4751 ἀλλά
1614 4701 1709 4753 τοῦ
1747 4700 2038 4765 λαλοῦντος

457 4783 514 4833 ἐν
535 4779 612 4851 τῷ
640 4781 837 4852 Παύλῳ
864 4779 1120 4852 Χριστοῦ.
1159 4782 1283 4843 Τοῖς
1309 4781 1418 4853 γάρ
1443 4782 1550 4836 τῶν
1588 4783 1903 4855 μυστηρίων
1938 4786 2036 4838 άν-

456 4863 621 4929 αξίως
659 4864 1130 4934 μεταλαμϐάνουσι
1158 4863 1538 4935 διαλεγόμενός
1560 4882 1712 4936 φησιν
1734 4866 1836 4920 Διά
1858 4868 2035 4921 τοῦτο

456 4948 526 4997 ἐν
546 4947 686 5016 ὑμῖν
717 4947 935 5001 πολλοὶ
977 4946 1256 5012 ἀσθενεῖς
1284 4950 1381 5003 καὶ
1423 4948 1736 5016 ἄρρωστοι,
1785 4949 1885 5002 καὶ
1915 4967 2037 5003 κοι-

451 5028 676 5098 μῶνται
712 5032 925 5084 ἱκανοί.
978 5034 1045 5083 Εἰ
1090 5031 1197 5097 γὰρ
1221 5031 1474 5096 ἑαυτοὺς
1494 5032 1885 5101 διεκρίνομεν,
1923 5035 2035 5088 οὐκ

456 5110 533 5164 ἂν
559 5112 939 5181 ἐκρινόμεθασ
986 5111 1104 5165 νῦν
1151 5113 1218 5164 δὲ
1258 5114 1594 5183 κρινόμενοι
1644 5115 1762 5168 ὑπὸ
1811 5116 2044 5182 Κυρίουο

454 5194 869 5264 παιδευόμεθα,
885 5196 985 5248 ἵνα
1000 5195 1085 5264 μὴ
1109 5196 1231 5249 σὺν
1252 5194 1331 5261 τῷ
1348 5197 1552 5265 κόσμῳ
1563 5197 2027 5267 κατακριθῶμεν.

454 5277 577 5330 Εἰσὶ
601 5278 818 5349 μὲνγὰρ
838 5278 886 5330 οἳ
911 5278 1008 5348 τῆς
1026 5278 1259 5331 ἐνταῦθα
1282 5278 1442 5349 μόνον
1460 5281 1830 5351 ἐπιτιμήσεως
1850 5280 2033 5352 δεόμε-

453 5378 555 5421 νοι,
573 5361 700 5415 ὅταν
722 5361 901 5414 αὐτῶν
920 5361 1206 5433 σύμμετρα
1234 5357 1357 5433 τά
1379 5364 1772 5434 ἁμαρτήματα,
1807 5365 1901 5418 καὶ
1934 5382 2030 5418 κο-

451 5442 743 5506 λασθέντες
798 5444 996 5513 μηκέτι
1038 5442 1198 5497 πάλιν
1243 5445 1376 5515 πρὸς
1424 5445 1493 5498 τὰ
1522 5446 1763 5517 πρότερα
1792 5448 2028 5519 ἀνατρέ-

453 5543 612 5596 χωσι,
642 5527 733 5579 τὸν
760 5529 851 5579 ἐπὶ
879 5527 970 5580 τὸν
999 5529 1187 5598 ἔμετον
1209 5528 1612 5600 ἐπιστρέψαντα
1641 5528 1779 5582 κύνα
1814 5530 2026 5601 μιμού-

457 5626 641 5681 μενοι⁸
675 5611 782 5663 είσὶ
813 5610 870 5664 δὲ
913 5610 962 5663 οἳ
995 5610 1082 5663 διὰ
1106 5610 1203 5683 τὴν
1234 5612 1538 5683 ὑπερϐολὴν
1565 5614 1664 5685 τῆς
1698 5614 1898 5677 κακίας
1931 5616 2027 5668 καὶ

454 5692 689 5747 ἐνταῦθα
719 5695 812 5748 καλ⁸
855 5695 968 5747 ἐκεῖ
1020 5693 1250 5748 δώσουσι
1283 5695 1437 5767 δίκην
1463 5695 1489 5734 b
1511 5711 1524 5725 ⁸
1558 5695 1735 5768 ’έτεροι
1768 5697 1824 5749 δὲ
1858 5697 2022 5767 μόνον

502 5790 529 5820 ⁸
558 5785 673 5851 Leg.
689 5792 737 5839 in
760 5790 881 5854 Reg.
897 5796 948 5841 et
970 5790 1019 5839 in
1042 5792 1261 5853 margine
1284 5791 1522 5841 δεικῶστε
1542 5792 1655 5840 ὅταν
1674 5793 1825 5841 πολλὰ
1845 5794 2016 5857 ἁμαρτ.

1172 192 1229 249 S.
1269 192 1553 251 JOANNIS
1591 192 2082 252 CIIRYSOSTOMI
2128 197 2447 253 ARCHIEP.
2490 195 3039 253 CONS'IANTINOP.

3633 203 3743 258 550

2168 332 2287 383 ἐκεῖ
2334 330 2433 400 τὴν
2479 328 2751 400 τιμωρίαν
2799 328 3217 399 ὑποστήσονται,
3269 325 3359 382 διὰ
3403 328 3467 381 τὸ
3522 330 3747 385 πάντων

2164 413 2518 484 χαλεπώτερα
2540 413 2824 485 εἰργάσθαι
2849 412 2924 484 μὴ
2940 411 3259 477 ἀξιωθέντες
3276 411 3417 483 μετὰ
3438 412 3746 485 ἀνθρώπων

2170 497 2606 567 μαστιγωθῆναιο
2632 498 2741 551 Καὶ
2766 497 2917 567 μετὰ
2939 495 3265 564 ἀνθρώπων
3284 496 3414 567 γὰρ,
3448 500 3636 567 φησιν,
3669 500 3746 552 οὐ

2157 579 2723 649 μαστιγωθήσονται
2747 597 2761 611 ·
2785 579 2861 643 ὡς
2903 578 3232 650 τηρούμενοι
3281 577 3420 649 μετά
3467 578 3746 649 δαιμόνων

2162 660 2508 726 κολάζεσθαι.
2551 662 2868 717 Ἀπέλθετε
2893 661 3024 734 γάρ,
3057 662 3242 732 φησὶν,
3276 662 3377 716 ἀπ’
3397 661 3545 731 ἐμοῦ
3568 665 3661 729 εις
3677 662 3745 716 τὸ

2161 746 2387 812 σκότος
2401 745 2468 799 τὸ
2493 744 2785 815 ἐξώτερον
2808 746 2872 800 τὸ
2896 744 3341 815 ἡτοιμασμένον
3367 744 3445 811 τῷ
3482 745 3744 810 διαϐόλῳ

2163 830 2261 884 καὶ
2297 829 2424 897 τοῖς
2452 829 2728 899 ἀγγέλοις
2785 831 2994 886 αὐτοῦ.
3049 829 3244 883 Πολλοὶ
3288 829 3387 900 τὴν
3436 829 3740 903 ἱερωσύνην

2161 915 2417 986 ἥρπασαν
2447 916 2744 986 χρήμασιν,
2783 914 2898 968 ἀλλ’
2923 914 3023 968 οὐκ
3055 912 3209 986 [286]
3252 913 3409 984 έσχον
3442 914 3534 967 τὸν
3584 915 3742 983 ἐλέγ-

2160 1014 2344 1067 χοντα,
2393 998 2515 1051 οὐδὲ
2556 1000 2795 1069 ἥκουσαν
2828 998 2967 1068 ὅπερ
3007 1000 3035 1051 ὁ
3073 997 3248 1068 μάγος
3311 997 3494 1067 Σίμων
3534 999 3741 1069 ἤκουσε

2163 1081 2316 1152 παρά
2353 1080 2447 1134 τοῦ
2480 1083 2688 1153 Πέτρου
2718 1081 2840 1134 τότε
2860 1096 2875 1111 ⁸
2912 1080 3029 1134 ἀλλ’
3053 1082 3116 1134 οὐ
3142 1080 3231 1134 διὰ
3258 1079 3417 1133 τοῦτο
3457 1081 3740 1150 διέφυγον,

2161 1166 2298 1219 ἀλλὰ
2330 1166 2511 1237 πολλῷ
2561 1165 2947 1237 χαλεπωτέραν
3000 1165 3396 1236 ὑποστήσονται
3447 1165 3607 1236 δίκην
3640 1166 3745 1234 τῆς

2160 1249 2348 1304 ἐνθάδε
2380 1248 2761 1321 ὀφειλομένης,
2796 1250 2877 1303 ὅτι
2921 1250 3053 1320 μηδὲ
3079 1251 3143 1302 ἐκ
3170 1247 3262 1302 τοῦ
3294 1248 3743 1320 παραδείγματκ

2161 1333 2658 1404 ἐσωφρονίσθησαν.
2701 1333 2892 1387 Πολλοὶ¹
2935 1334 3003 1386 τά
3045 1332 3139 1386 τοῦ
3190 1332 3332 1404 Κορὲ
3391 1332 3740 1403 ἐτόλμησαν,

2160 1417 2274 1469 ἁλλ’
2314 1417 2415 1470 οὑκ
2471 1416 2669 1470 ἔπαθον
2722 1417 2793 1471 τὰ
2845 1414 2942 1469 τοῦ
3002 1414 3188 1485 Κορὲ,
3253 1414 3391 1468 ἀλλά
3455 1415 3742 1468 πείσονται

2162 1499 2387 1571 ὓστερον
2442 1501 2535 1553 ἐπὶ
2596 1498 2802 1570 μείζονι
2860 1501 2928 1570 τῇ
2978 1499 3171 1570 ζημίᾳ.
3231 1498 3426 1551 Πολλοὶ
3482 1498 3583 1567 τὴν
3638 1496 3741 1549 τοῦ

2159 1582 2359 1654 Φαραὼ
2409 1582 2750 1655 ζηλώσαντες
2800 1582 3056 1637 ἀσέϐειαν
3111 1582 3174 1635 οὐ
3228 1580 3735 1651 κατεποντίσθησαν

2158 1666 2349 1736 ὥσπερ
2388 1668 2594 1730 ἐκεῖνος
2615 1708 2630 1733 ,
2671 1665 2808 1720 ἀλλὰ
2858 1665 3009 1737 μένει
3053 1665 3114 1718 τὸ
3149 1665 3247 1735 τῆς
3274 1665 3498 1735 γεέννης
3530 1665 3737 1726 αὐτοὺς

2158 1751 2411 1819 πέλαγος.
2453 1752 2589 1806 Οὐδὲ
2621 1750 2731 1821 γὰρ
2763 1752 2813 1803 οἱ
2856 1752 2980 1813 τοὺς
3028 1749 3290 1817 ἀδελφοὺς
3332 1747 3739 1811 ἀποκαλοῦντες

2161 1835 2374 1905 μωροὺς
2404 1833 2501 1906 ήδη
2545 1833 2644 1903 τὴν
2692 1833 2847 1904 δίκην
2875 1833 3114 1886 ἔδωκανο
3159 1834 3277 1885 ἐκεῖ
3311 1832 3422 1904 γάρ
3470 1833 3660 1896 αὐτοῖς
3702 1835 3735 1902 ή

2160 1916 2389 1982 κόλασις¹
2411 1917 2784 1986 τεταμίευται.
2818 1917 2909 1987 Μὴ
2948 1916 3128 1968 τοίνυν
3163 1915 3263 1978 τὰς
3299 1914 3600 1983 ἀποφάσεις
3639 1915 3739 1968 τοῦ

2158 1999 2294 2051 Θεοῦ
2323 1999 2545 2070 ῥήματα
2571 1993 2711 2053 εἶναι
2737 1998 2985 2070 νομίζετε
3014 1997 3304 2069 μόνον.Διά
3327 1997 3486 2051 τοῦτο
3502 1998 3612 2070 γάρ
3641 1998 3741 2051 καὶ

2158 2081 2304 2145 ἐνίας
2348 2082 2529 2135 αὑτῶν
2561 2082 2653 2135 ἐπὶ
2681 2082 2741 2134 τὸ
2775 2081 2935 2153 ἔργον
2971 2083 3281 2154 προήγαγεν
3301 2098 3314 2111 ο
3349 2074 3459 2134 οἷον
3490 2082 3586 2136 ἐπὶ
3634 2081 3739 2151 τῆς

2157 2164 2493 2238 Σαπφείρας,
2517 2166 2609 2219 ἐπὶ
2631 2166 2723 2218 τοῦ
2748 2177 2768 2204 ο
2799 2165 3009 2237 Χαρμὶ,
3040 2167 3129 2218 ἐπὶ
3154 2164 3247 2219 τοῦ
3272 2163 3613 2236 ’Δαρὼν,καὶ
3646 2165 3738 2233 ἐφ’

2158 2250 2360 2322 ἐτέρων
2408 2250 2466 2303 δὲ
2499 2250 2731 2312 πολλῶν,
2784 2250 2870 2303 ἵνα
2913 2252 2962 2303 οἱ
3007 2251 3120 2312 τοῖς
3158 2248 3338 2317 λόγοις
3372 2247 3739 2311 ἀπιστοῦντες

2156 2331 2342 2399 αὐτοῦ,
2358 2332 2457 2404 τὴν
2483 2333 2590 2386 ἀπὸ
2611 2334 2717 2385 τῶν
2745 2334 3082 2404 πραγμάτων
3093 2331 3274 2386 πίστιν
3298 2331 3737 2401 δυσωπηθέντες,

2160 2413 2472 2469 παύσωνται
2488 2414 2674 2469 λοιπὸν
2692 2415 3006 2480 ἀπατῶντες
3028 2417 3274 2479 ἑαυτοὺς,
3292 2415 3368 2479 ὼς
3389 2417 3449 2467 οὐ
3467 2412 3739 2477 δώσοντες

2155 2497 2333 2569 δίκην,
2371 2498 2469 2552 καὶ
2498 2497 2744 2569 μάθωσιν
2773 2499 2857 2552 ὅτι
2897 2497 2991 2552 τοῦ
3026 2498 3162 2552 Θεοῦ
3195 2498 3257 2552 τὸ
3294 2497 3529 2570 χρηστὸν
3560 2499 3621 2550 ἐν
3658 2496 3745 2566 τῷ

2155 2580 2353 2635 διδόναι
2408 2580 2749 2652 προθεσμίαν
2787 2584 2897 2645 τοῖς
2949 2582 3375 2653 ἁμαρτάνουσιν,
3419 2581 3520 2634 οὑκ
3552 2582 3611 2633 ἐν
3656 2580 3738 2648 τῷ

2154 2663 2280 2734 μηδ’
2311 2663 2449 2728 ὅλως
2480 2663 2730 2728 κολάζειν
2752 2665 2875 2728 τοὺς
2894 2665 3250 2736 ἐπιμένοντας
3273 2667 3385 2727 τοῖς
3408 2664 3628 2734 άμαρτή
3638 2679 3740 2732 μα-

2158 2747 2240 2799 σίν
2261 2748 2431 2803 ἐστιν.
2470 2748 2624 2817 Ἐνῆν
2660 2748 2757 2819 μὲν
2785 2744 2877 2802 οῦν
2910 2751 3006 2802 καί⁷
3035 2749 3254 2803 πλείονα
3274 2749 3451 2817 λέγειν
3482 2746 3736 2801 δεικνύνο

2162 2848 2261 2895 τας
2300 2832 2424 2885 ὅσον
2449 2832 2664 2895 ἑαυτοῖς
2699 2834 2991 2900 συνάγουσι
3014 2833 3125 2903 πῦρ
3153 2834 3202 2886 οἱ
3227 2833 3287 2885 τὸ
3308 2833 3407 2902 τῆς
3432 2832 3738 2903 παρθενίας

2152 2913 2573 2980 ἐξευτελίζοντες
2592 2915 2774 2980 καλὸν,
2793 2916 2930 2969 ἀλλά
2944 2919 3055 2980 τοῖς
3072 2918 3168 2986 μὲν
3187 2915 3554 2987 σωφρονοῦσιν
3569 2917 3738 2988 ἀρκεῖ

2152 2999 2244 3052 καὶ
2254 2997 2447 3062 ταῦτα,
2460 3000 2585 3062 τοὺς
2599 2998 2654 3051 δὲ
2667 2998 3006 3071 άδιορθὼτως
3020 2999 3241 3070 ἔχοντας
3257 3000 3351 3052 καὶ
3373 3000 3735 3070 μαινομένους

2151 3082 2270 3135 οὐδὲ
2291 3081 2469 3153 πολλῷ
2485 3082 2687 3136 τούτων
2705 3082 2925 3136 πλείονα
2943 3082 3011 3152 τῆ
3017 3100 3044 3145 ς
3066 3082 3261 3153 μανίας
3278 3081 3474 3145 αὐτοὺς
3490 3082 3740 3151 ἀποστῆ-

2154 3182 2242 3218 σαι
2260 3164 2566 3237 δυνήσεται.
2589 3165 2679 3219 Διὸ
2699 3166 2856 3219 τοῦτο
2879 3166 2940 3219 τὺ
2973 3167 3137 3236 μέρος
3157 3165 3385 3234 ἀφέντες
3415 3162 3509 3216 τοῦ
3545 3163 3735 3231 λόγου.

2153 3249 2290 3319 πρὸς
2308 3249 2436 3312 τοὺς
2452 3249 2863 3321 σωφρονοῦντας
2876 3249 3036 3303 αὑτὸν
3055 3249 3269 3302 ἅπαντα
3296 3246 3609 3318 τρέψωμεν,
3632 3248 3729 3301 πά-

2150 3330 2234 3385 λιν
2249 3333 2342 3385 ἐπὶ
2356 3332 2447 3387 τὸν
2470 3333 2738 3404 μακάριον
2754 3331 2964 3386 Παῦλον
2983 3330 3388 3393 ἐπανελθόντες.
3402 3330 3541 3399 Περι
3557 3330 3634 3384 δὲ
3648 3325 3741 3384 ὧν

2149 3413 2449 3484 ἐγράψατέ
2475 3433 2595 3485 μοι,
2619 3415 2771 3486 φησὶ,
2800 3414 2994 3471 καλὸν
3016 3413 3302 3481 ἀνθρώπῳ
3334 3413 3625 3482 γυναικὸς
3646 3414 3733 3483 μὴ

2149 3496 2460 3553 ἅπτεσθαι.
2484 3497 2933 3569 Αίσχυνέσθωσαν
2953 3496 3251 3567 ἀμφότεροι
3285 3496 3402 3560 νῦν,
3437 3497 3531 3550 καὶ
3560 3499 3611 3549 οί
3642 3498 3735 3551 τὸν

2148 3581 2325 3651 γάμον
2352 3581 2690 3646 κακίζοντες,
2723 3581 2818 3635 καὶ
2833 3582 2882 3634 οί
2901 3580 3051 3650 παρὰ
3079 3580 3176 3650 τὴν
3205 3578 3359 3647 ἀξίαν
3383 3579 3545 3633 αὑτὸν
3572 3581 3735 3634 ἐπαί·

2152 3681 2359 3735 ροντες·
2397 3664 2737 3736 ἀμφοτέρους
2758 3664 2865 3734 γὰρ
2882 3665 2910 3717 ὁ
2932 3662 3196 3734 μακάριος
3224 3660 3565 3732 ἐπιστομίζει
3583 3662 3736 3716 Παῦο

2148 3748 2257 3814 λος,
2285 3748 2379 3801 καὶ
2401 3748 2489 3801 διὰ
2518 3746 2742 3811 τούτων,
2770 3748 2863 3800 καὶ
2894 3745 2983 3799 διά
3008 3746 3117 3799 τῶν
3138 3746 3336 3817 ἐφεξῆς
3361 3745 3661 3816 κειμένων.

2219 3831 2346 3885 ΚΕ’.
2361 3830 2539 3883 Καλὶν
2558 3831 2586 3883 ό
2600 3829 2795 3900 γάμος,
2812 3829 2894 3882 ὃτι
2908 3829 2965 3882 ἐν
2984 3845 3100 3898 σωφ
3109 3828 3303 3901 ροσύνη
3324 3828 3412 3882 τὸν
3429 3828 3602 3899 ἄνδρα
3619 3828 3736 3883 δια-

2150 3914 2325 3983 τηρεῖ,
2355 3912 2450 3967 καὶ
2476 3913 2575 3966 ούκ
2605 3913 2828 3983 ἀφίησιν
2866 3914 2946 3974 είς
2978 3911 3233 3982 πορνείαν
3258 3910 3734 3965 κατακυλισθέντα

2150 3995 2462 4049 ἀποθανεῖν.
2498 3994 2584 4066 Μὴ
2610 3994 2787 4050 τοίνυν
2805 3994 2969 4048 αὑτὸν
2991 3993 3252 4066 διαϐάλῃς
3272 4012 3285 4024 ·
3307 3994 3441 4047 πολὺ
3468 3993 3581 4065 γὰρ
3608 3994 3729 4065 ἔχει

2145 4079 2205 4132 τὸ
2252 4078 2440 4150 κέρδος
2464 4117 2478 4142 ,
2536 4081 2638 4135 οὐκ
2685 4078 2790 4132 ἐῶν
2832 4077 2902 4131 τά
2954 4078 3091 4149 μέλη
3142 4078 3237 4131 τοῦ
3285 4078 3519 4149 Χριστοῦ
3583 4080 3729 4149 μέλη

2150 4162 2401 4232 γενέσθαι
2441 4162 2667 4232 πόρνης,
2704 4162 2762 4213 οὐ
2795 4160 3093 4231 συγχωρῶν
3127 4159 3219 4213 τὸν
3246 4160 3399 4229 ἁγιον
3423 4161 3550 4214 να“ν
3578 4161 3735 4230 γίνε-

2149 4244 2271 4298 σθαι
2304 4243 2528 4314 βέϐηλον
2559 4246 2652 4297 καὶ
2694 4244 3021 4315 ἀκάθαρτον.
3054 4244 3155 4298 Διὰ
3197 4244 3355 4297 τοῦτο
3388 4243 3553 4296 καλὸν
3573 4282 3588 4306 ,
3644 4245 3731 4296 ὅτι

2151 4328 2413 4397 βαστάζει
2460 4330 2553 4380 καὶ
2605 4327 2821 4398 ἀνορθοί
2873 4328 2963 4380 τὸν
3013 4328 3378 4381 καταπίπτειν
3433 4325 3728 4396 μέλλοντα.

2160 4411 2319 4464 Ἀλλά
2343 4411 2395 4463 τί
2423 4410 2577 4463 τοῦτο
2602 4411 2735 4480 πρὸς
2762 4411 2850 4463 τὸν
2874 4411 3104 4472 ἑστῶτα,
3123 4410 3258 4481 πρὸς
3284 4410 3373 4463 τὸν
3384 4411 3444 4463 οὑ
3464 4410 3727 4480 δεόμενον

2145 4495 2246 4565 τῆς
2267 4495 2359 4547 ἀπ’
2375 4493 2540 4548 αὑτοῦ
2573 4494 2857 4566 βοηθείας;
2895 4493 3157 4547 Ἐνταῦθα
3178 4495 3286 4564 γάρ
3318 4492 3502 4546 οὑκέτι
3522 4495 3729 4565 χρήσι-

2149 4596 2247 4649 μον
2260 4578 2320 4631 τὸ
2338 4580 2567 4650 πρᾶγμα
2582 4579 2703 4631 οὐδὲ
2718 4578 3010 4647 ἀναγκαῖόν
3030 4577 3337 4642 ἐστιν,ἀλλά
3352 4580 3444 4630 καὶ
3462 4578 3730 4648 ἐμπόδιον

2143 4661 2344 4732 ἀρετῆς
2373 4662 2433 4715 ού
2474 4661 2632 4731 μόνον
2670 4660 2749 4731 τῷ
2796 4661 2965 4714 πολλὰ
2993 4661 3199 4715 τιθέναι
3231 4661 3543 4732 κωλύματα,
3581 4662 3727 4715 ἀλλα

2151 4746 2245 4798 καὶ
2269 4745 2346 4815 τῷ
2365 4745 2425 4798 τὸ
2448 4745 2606 4798 πλέον
2630 4747 2739 4798 τῶν
2774 4746 3067 4816 ἐγκωμίων
3096 4744 3493 4816 ὑποτέμνεσθαι
3529 4747 3725 4817 μέρος.

2220 4827 2365 4896 Κςῑν.
2384 4829 2424 4880 Τ
2427 4828 2484 4882 ὸν
2501 4829 2609 4898 γάρ
2629 4827 2922 4899 δυνάμενον
2937 4828 3141 4898 γυμνὸν
3160 4829 3430 4898 μάχεσθαι
3446 4828 3543 4881 καὶ
3562 4832 3731 4902 νικᾷν

2150 4916 2178 4966 ὀ
2198 4931 2261 4966 πε
2270 4914 2578 4985 ριφράττων
2608 4912 2793 4976 ὅπλοις
2813 4913 2873 4965 ού
2902 4912 3060 4983 μόνον
3082 4913 3182 4965 οὐκ
3209 4910 3439 4982 ὤνησεν,
3463 4912 3605 4966 ἀλλά
3632 4915 3731 4968 καὶ

2141 4998 2240 5067 τὴν
2270 4998 2505 5067 ἐσχάτην
2540 4997 2750 5050 ἀδικίαν
2778 4996 3026 5067 ἠδίκησε,
3056 4996 3151 5049 τοῦ
3184 4995 3460 5065 θαύματος
3482 4997 3729 5049 ἀποστε-

2145 5083 2317 5152 ρήσας
2350 5081 2509 5135 αὑτὸν
2551 5081 2645 5133 καὶ
2676 5078 2784 5132 τῶν
2819 5078 3085 5149 λαμπρῶν
3136 5079 3414 5147 στεφάνων
3439 5094 3453 5109 ⁸
3501 5079 3563 5131 οὐ
3612 5082 3728 5149 γάρ

2140 5165 2320 5217 εἴασεν
2341 5164 2503 5218 αὑτοῦ
2535 5163 2752 5218 ἃπασαν
2781 5164 3013 5232 φανῆναι
3037 5161 3133 5233 τὴν
3154 5164 3326 5233 ἰσχὺν,
3354 5161 3476 5215 οὐδὲ
3511 5164 3728 5234 σφόδρα

2140 5250 2462 5321 περιϐόητον
2495 5249 2658 5302 αὑτοῦ
2692 5248 2946 5317 γενέσθαι
2972 5248 3033 5301 τὸ
3065 5249 3345 5318 τρόπαιον.
3394 5246 3521 5300 Ἐπὶ
3540 5246 3602 5300 δὲ
3624 5246 3725 5300 τοῦ

2139 5335 2317 5405 γάμου
2342 5336 2436 5387 καὶ
2459 5333 2658 5405 μείζων
2691 5334 2724 5403 ή
2755 5331 2954 5403 ζημία⁸
2996 5334 3058 5385 ού
3098 5333 3207 5402 γάρ
3237 5331 3395 5401 δόξης
3426 5331 3589 5403 μόνον
3620 5331 3725 5400 τῆς

2140 5418 2289 5488 παρά
2316 5419 2423 5470 τῶν
2454 5416 2684 5480 πολλῶν,
2714 5415 2850 5470 ἀλλά
2891 5416 2984 5469 καὶ
3033 5414 3241 5486 μισθῶν
3283 5416 3579 5486 ἀποστερεῖ
3612 5415 3723 5468 τῶν

2198 5544 2227 5583 ιι
2252 5546 2373 5606 Reg.
2424 5552 2478 5593 et
2522 5545 2673 5593 SaVil.
2716 5546 2767 5593 in
2812 5556 2966 5606 marg.
3008 5541 3441 5606 τίννυνται-δίκηντ
3472 5540 3595 5606 Qum
3637 5555 3722 5591 se-

2134 5604 2353 5668 quunlui‘
2379 5621 2405 5655 a
2441 5620 2561 5654 voce
2603 5604 2955 5668 ὑποστήσονται
3003 5618 3157 5667 usque
3189 5604 3256 5668 _ad
3284 5605 3450 5668 πολλοὶ
3469 5605 3557 5668 τήν
3573 5606 3720 5667 ἱερω-

2136 5666 2297 5728 σύνην,
2321 5671 2494 5717 desum
2527 5672 2573 5716 ιιι
2598 5667 2769 5715 Morel.
2797 5676 2849 5715 et
2877 5666 3201 5726 l’laI|Liln;,sed
3225 5668 3274 5713 in
3300 5666 3423 5727 Reg.
3450 5672 3505 5714 el
3527 5666 3719 5717 Saviho

2138 5732 2385 5789 logimlur.
2415 5731 2533 5778 Ibid.
2564 5730 2683 5791 Reg.
2708 5730 2964 5791 Iepwaﬁynv
2986 5728 3143 5790 ἧρξαν.

2202 5797 2223 5824 ε
2246 5793 2369 5855 Reg.
2403 5787 2681 5856 Σαπφείραξ,
2712 5787 2785 5839 ἐπὶ
2810 5788 2898 5839 τοῦ
2928 5787 3101 5848 ταύτης
3118 5790 3300 5856 ἀνδρὸς,
3327 5788 3401 5837 ἐπὶ
3420 5787 3524 5841 toi.
