3886 6222
151 280 248 336 εἰς)

148 394 352 450 tIt‘dllCIl
380 438 395 465 ,
442 411 547 452 non
592 399 725 458 levis
761 417 790 457 e
829 404 970 476 vulgi
1031 411 1492 469 commendatione
1542 417 1732 472 virimn

147 489 380 542 accessio
409 490 486 557 lit,
509 493 680 548 donec
707 497 918 551 tandem
947 500 1177 571 undique
1205 504 1445 560 instructi
1482 511 1732 577 paulatim

145 578 214 630 ita
240 594 299 634 se
322 595 652 652 comparent,
681 595 823 641 utea
857 592 1006 658 quasi
1045 595 1456 653 manuductione
1505 615 1608 654 non
1651 603 1734 655 in-

147 669 378 739 digeant.
420 672 528 728 Nec
568 691 693 731 vero
739 678 789 731 id
821 680 1031 735 illorum
1072 692 1271 738 tantum
1301 702 1488 753 causa,
1514 691 1606 744 sed
1637 707 1734 760 pro

147 763 420 820 irrisorum
473 768 634 822 etiam
677 771 847 827 salute
893 774 947 827 ﬁt
977 815 993 839 ,
1037 791 1102 830 ne
1141 778 1231 846 qui
1290 781 1520 848 priorem
1565 784 1730 839 auda-

142 857 279 911 riam
302 873 406 912 non
435 859 676 929 luissent,
697 863 748 917 in
769 879 832 919 eo
851 865 986 921 ultra
1016 869 1238 925 crimine
1264 874 1730 942 progrederemur.

145 950 246 1003 Sed
273 951 404 1005 mihi
429 952 559 1022 jam,
589 953 715 1010 dum
739 957 852 1012 hmc
881 975 1141 1029 memoro,
1170 966 1392 1020 veniunt
1417 967 1466 1021 in
1494 978 1726 1024 mentem

135 1061 258 1114 qua:
310 1046 440 1100 Elite
491 1057 805 1118 tempestate
837 1054 1166 1110 acciderunt.
1208 1058 1338 1112 Nam
1389 1061 1530 1130 quod
1575 1064 1726 1131 pueri

137 1144 359 1205 propter
399 1136 650 1192 Eliszeum
691 1142 759 1195 ab
805 1145 977 1210 ursis,
1020 1145 1074 1199 id
1127 1158 1344 1216 propter
1386 1150 1501 1218 ejus
1557 1153 1728 1222 magi--

142 1238 310 1280 strum
339 1228 420 1282 bis
450 1231 829 1302 quinquaginta
875 1237 970 1290 viri
1002 1252 1122 1292 cum
1165 1241 1274 1294 suis
1305 1243 1632 1312 principibus
1663 1247 1729 1299 ab

142 1316 261 1384 igne
306 1319 511 1374 caelitus
556 1323 880 1392 deﬂagrante
927 1329 1066 1395 passi
1111 1331 1342 1403 sunt”.
1395 1332 1526 1404 Reg.
1557 1336 1609 1388 I.
1643 1334 1730 1406 9).

138 1406 272 1470 Quia
304 1409 446 1462 enim
475 1419 528 1464 et
568 1411 619 1465 hi
652 1428 747 1482 per
785 1431 1046 1470 summam
1093 1419 1484 1477 simulationem
1529 1424 1730 1493 justum

137 1501 376 1568 aggressi
401 1504 831 1576 vocabantatque
857 1508 925 1562 ad
951 1525 1008 1564 se
1030 1510 1356 1568 descendere
1378 1515 1656 1585 jubebant,
1677 1519 1732 1573 in

136 1591 256 1660 ejus
283 1593 450 1648 vicem
473 1595 803 1653 descendens
823 1599 960 1670 ignis
976 1618 1162 1658 omnes
1182 1605 1494 1677 absumpsit,
1511 1610 1732 1679 perinde

136 1690 299 1752 atque
329 1685 446 1740 illos
478 1685 624 1740 feras.
647 1687 824 1758 Itaque
860 1692 971 1746 haec
991 1695 1286 1764 cogitantes
1303 1715 1486 1753 omnes
1509 1716 1602 1755 vos
1628 1702 1732 1754 vir-

134 1774 376 1842 ginitatis
397 1775 597 1843 hostes,
620 1781 828 1835 tandem
846 1783 1062 1851 januam
1083 1795 1242 1855 atque
1264 1800 1441 1843 vectes
1462 1791 1542 1845 ori
1555 1792 1732 1846 admo-

138 1877 283 1933 vete,
313 1884 379 1922 ne
404 1879 460 1923 et
484 1885 579 1924 vos
603 1872 786 1940 judicii
816 1885 1074 1945 tempore,
1095 1884 1394 1950 conspectis
1424 1883 1486 1937 iis
1511 1886 1597 1954 qui
1623 1886 1731 1941 illic

139 1958 449 2028 virginitate
496 1963 886 2030 splendebunt,
930 1969 1106 2024 dicere
1148 1971 1409 2042 incipiatis
1449 1993 1461 2027 :
1507 1975 1576 2028 Ηὶ
1615 1987 1731 2030 sunt

135 2066 266 2116 quos
305 2053 579 2116 aliquando
616 2056 668 2108 in
703 2058 922 2112 derisum
966 2062 1248 2130 habuimus,
1277 2067 1392 2118 etin
1434 2068 1729 2122 similitudi-

138 2155 254 2192 nem
279 2141 344 2192 im
351 2145 588 2212 praperii,
609 2162 698 2198 nos
717 2147 969 2211 insensati,
989 2153 1074 2219 qui
1095 2169 1262 2206 eorum
1285 2156 1432 2208 vitam
1449 2161 1732 2226 putavimus

135 2232 414 2299 insaniant,
449 2245 492 2287 et
516 2238 702 2290 exitum
726 2256 898 2292 eorum
927 2243 1036 2295 sine
1074 2247 1279 2300 honore.
1328 2247 1592 2313 Quomodo
1635 2251 1732 2304 Dei

139 2324 265 2391 ﬁliis
293 2331 633 2392 annumerati,
658 2341 701 2384 et
724 2333 853 2386 inter
882 2346 1080 2390 sanctos
1105 2354 1213 2391 sors
1243 2339 1443 2393 illorum
1464 2343 1574 2395 est?
1594 2342 1730 2413 Ergo

142 2432 289 2469 nosa
317 2419 418 2470 veri
462 2421 540 2473 via
583 2421 955 2488 deerravintus,
994 2443 1151 2496 neque
1192 2445 1283 2482 nos
1311 2433 1526 2502 justitiw
1563 2433 1731 2490 lumen

138 2505 409 2561 illustravit
441 2509 606 2580 (Sap.
632 2513 683 2567 5.
714 2513 805 2585 5).
831 2517 901 2568 At
941 2518 1058 2586 quis
1096 2519 1199 2573 erit
1225 2535 1407 2574 eorum
1444 2526 1726 2580 verborum

138 2597 365 2661 fructus,
407 2614 655 2656 enervata
689 2613 798 2658 tmn
831 2606 896 2658 ab
925 2607 1039 2676 ipso
1069 2617 1308 2679 tempore
1335 2615 1681 2682 paenitentia?

212 2686 401 2743 XXIII.
431 2689 534 2744 Cur
555 2695 639 2763 qui
661 2696 830 2748 eadem
856 2699 1189 2765 committunt,
1219 2719 1318 2756 non
1355 2705 1552 2757 easdem
1588 2706 1731 2760 luant

137 2798 334 2847 poenas.
366 2813 439 2822 ——
467 2783 572 2839 Sed
617 2787 840 2843 Iortasse
886 2789 1024 2845 dicet
1050 2801 1282 2848 vestrum
1322 2797 1581 2866 quispiam
1617 2817 1628 2851 :
1664 2802 1732 2853 At

140 2886 370 2929 nemone
387 2886 569 2943 postea
601 2877 740 2931 viros
769 2888 980 2934 sanctos
1003 2883 1258 2938 conviciis
1283 2885 1530 2941 incessit?
1557 2888 1726 2956 Multi,

137 2972 196 3017 et
218 2964 446 3020 diversis
464 2967 515 3022 in
541 2970 864 3038 regionibus,
890 2973 953 3026 Et
975 2975 1086 3043 qui,
1107 2976 1294 3045 inquit,
1308 2979 1522 3034 easdem
1543 2996 1727 3050 poenas

140 3072 250 3110 non
275 3058 574 3116 dederunt?
605 3063 873 3118 Dedcrunt
900 3081 1026 3120 sane
1046 3110 1060 3132 ,
1094 3078 1147 3122 et
1182 3085 1366 3125 eorum
1398 3073 1593 3128 multos
1627 3076 1730 3129 sci-

140 3164 280 3202 mus.
305 3149 455 3217 Quod
472 3152 620 3222 siqui
644 3155 961 3224 cllugerunt,
982 3168 1033 3212 at
1057 3173 1160 3213 non
1181 3172 1438 3231 perpetuo
1453 3164 1725 3235 elTngient.

139 3240 273 3295 Nam
303 3253 358 3296 ut
388 3254 465 3297 cst
491 3245 628 3314 apud
679 3246 888 3301 beatum
941 3249 1178 3314 Paulum,
1233 3252 1575 3319 Quorumdam
1614 3274 1728 3327 pec-

136 3344 254 3386 cata
283 3336 549 3404 manifesta
578 3348 712 3403 sunt,
736 3340 1068 3408 prwcedentia
1089 3342 1157 3394 ad
1172 3345 1457 3412 judicium;
1480 3348 1726 3416 quosdam

136 3437 308 3482 autem
328 3437 373 3480 et
395 3429 761 3498 subsequuntur
779 3432 853 3504 (I.
886 3432 1016 3486 Tim.
1043 3434 1098 3488 5.
1119 3435 1244 3504 24);
1271 3446 1428 3506 atque
1449 3439 1730 3510 ntlcgisla-

137 3527 285 3572 tores
307 3522 606 3575 nocentium
627 3537 811 3591 poenas
836 3525 1002 3579 literis
1019 3527 1356 3596 consignatas
1375 3529 1724 3600 reliquerunt,

139 3613 213 3666 ita
242 3621 299 3667 ct
321 3613 572 3669 Dominus
610 3627 790 3671 noster
812 3617 966 3672 Iesus
1005 3617 1251 3674 Christus
1279 3621 1329 3675 in
1362 3637 1522 3676 unum
1570 3634 1729 3695 atque

131 3706 369 3760 alterum
398 3706 748 3762 facinorosum
777 3711 1224 3779 animadvertens,
1270 3728 1560 3785 eorumque
1598 3733 1729 3786 sup-

133 3800 298 3869 plicia
323 3809 590 3871 tamquam
629 3803 680 3856 in
711 3804 956 3858 columna
981 3820 1120 3859 terea
1146 3815 1304 3875 atque
1331 3807 1500 3862 literis
1531 3824 1730 3880 reprae—

132 3902 376 3956 sentans,
392 3908 485 3961 per
504 3909 566 3948 ea
588 3909 705 3963 qua:
734 3895 835 3948 illis
855 3896 1165 3952 acciderunt
1189 3912 1376 3954 omnes
1403 3910 1724 3968 commonet,

131 3984 352 4038 etiamsi
381 3984 480 4041 hoc
511 3994 765 4056 tempore,
804 3989 893 4058 qui
931 3991 1116 4046 eadem
1147 3993 1378 4047 audeant
1401 4009 1519 4063 qute
1547 3995 1635 4063 qui
1665 4010 1726 4048 ea

135 4075 391 4139 luerunt,
441 4079 656 4133 easdem
715 4094 900 4148 ptenas
947 4100 1051 4136 non
1093 4087 1406 4152 exsolvant,
1451 4086 1502 4140 in
1550 4086 1728 4142 I'uturo

132 4168 338 4221 smenlo
361 4168 477 4221 illos
502 4171 726 4238 graviori
756 4188 910 4240 plena
953 4174 1308 4229 mulctandos.

207 4259 398 4314 XXIV.
429 4262 527 4329 Qui
563 4275 783 4331 peccent,
808 4281 896 4318 nec
934 4266 1231 4336 puniantur,
1255 4268 1316 4321 iis
1343 4285 1442 4322 non
1468 4269 1728 4338 conﬁden-

131 4353 284 4416 dum,
342 4355 430 4406 sed
473 4356 748 4408 timendum
784 4373 948 4425 potius
983 4375 1104 4411 esse.
1136 4359 1408 4428 —ltaque
1452 4375 1571 4414 cum
1613 4361 1727 4415 sine

131 4445 305 4499 modo
330 4457 606 4513 peccantes
655 4447 784 4500 nihil
835 4449 958 4501 mali
1007 4450 1255 4517 patimur,
1279 4466 1346 4505 ne
1368 4451 1722 4518 conﬁdamus,

129 4537 233 4591 sed
281 4535 398 4591 ideo
437 4540 604 4608 magis
645 4540 944 4594 timeamus.
992 4541 1124 4596 Nam
1168 4542 1289 4596 licet
1317 4543 1456 4597 hica
1487 4543 1595 4597 Deo
1623 4545 1724 4597 mi-

133 4631 288 4684 nime
335 4631 636 4698 puniamur,
672 4632 779 4685 illic
824 4641 998 4686 tamen
1038 4649 1158 4688 cum
1209 4633 1407 4688 mundo
1445 4635 1726 4689 damnabi-

129 4723 477 4792 mur.Atque
520 4724 632 4777 lia-c
675 4740 884 4777 rursum
930 4741 1033 4779 non
1075 4727 1329 4790 mea,sed
1375 4727 1640 4796 loquentis
1672 4727 1724 4780 in

130 4816 308 4870 Paulo
356 4815 550 4871 Christi
597 4818 857 4870 sententia
902 4826 1002 4872 est.
1038 4817 1246 4873 Etenim
1284 4835 1378 4874 eos
1424 4820 1720 4888 alloquens,

126 4907 223 4977 qui
270 4907 487 4976 indigne
531 4924 680 4960 sacra
709 4919 1004 4972 sumerent,
1030 4911 1103 4963 ait
1134 4929 1144 4964 :
1170 4910 1297 4964 Ideo
1324 4912 1451 4964 inter
1474 4928 1559 4966 vos
1581 4912 1726 4965 multi

124 5000 330 5060 inﬁrmi
362 5009 407 5052 et
433 5000 718 5065 imbecilles,
752 5011 797 5054 et
833 5002 1084 5055 dormiunt
1127 5005 1290 5056 multi.
1341 5005 1488 5072 Quod
1523 5005 1566 5058 si
1611 5021 1728 5058 nos-

124 5094 379 5160 metipsos
418 5091 831 5162 diiudicaremus,
863 5111 963 5148 non
1004 5096 1169 5161 utique
1182 5097 1534 5166 judicaremur
1561 5113 1581 5151 :
1607 5099 1726 5151 dum

119 5184 443 5250 judicamur
472 5194 658 5240 autem.
687 5201 718 5237 a
753 5184 966 5240 Domino
1009 5189 1331 5256 corripiatur.
1371 5200 1427 5242 ut
1470 5207 1568 5244 non
1610 5208 1723 5244 runt

125 5272 324 5327 nmndo
362 5273 662 5328 damnentur
699 5278 775 5347 (I.
803 5276 920 5332 Cor.
955 5279 1416 5349 ll.50.52).Sunt
1445 5283 1585 5336 enim
1636 5284 1724 5352 qui

126 5363 218 5415 hic
267 5365 439 5418 solum
480 5367 728 5435 castigari
767 5382 900 5436 opus
937 5369 1185 5435 habeant,
1209 5387 1436 5441 quorum
1465 5382 1519 5427 et
1553 5375 1721 5442 culpa:

125 5453 433 5510 mediocres
453 5456 579 5521 sint,
605 5466 662 5510 ut
689 5459 928 5528 castigati
959 5461 1147 5515 iterum
1189 5462 1254 5515 ad
1295 5463 1569 5533 antiquum
1620 5482 1724 5519 non

126 5558 445 5612 recurrant,
492 5565 679 5604 canem
727 5551 794 5605 ad
841 5552 1094 5607 vomitum
1139 5571 1412 5611 reversum
1475 5557 1660 5611 imitati
1708 5576 1721 5613 :

127 5649 259 5691 sunt
281 5649 332 5692 ct
359 5643 447 5708 qui
482 5651 697 5710 propter
717 5658 995 5698 excessum
1022 5647 1378 5716 improbitatis
1399 5657 1450 5703 et
1473 5647 1560 5703 hic
1589 5658 1642 5703 et
1664 5649 1725 5703 il~

127 5729 200 5785 lic
228 5732 528 5802 plectemur
549 5752 560 5786 :
579 5735 667 5788 alii
699 5736 803 5791 illic
827 5745 1026 5791 tantum
1055 5739 1306 5809 supplicia
1334 5740 1670 5797 sustinebunt
1693 5756 1708 5771 °

1486 304 1572 360 DE
1617 305 2077 368 VIRGINITATE.

3327 328 3435 384 530

1843 428 2127 493 quoniam‘
2151 429 2292 484 enim
2318 432 2553 487 omnium
2581 434 2892 504 gravissima
2915 453 2998 507 pet
3014 443 3430 507 petrarunt,non

1842 516 1984 588 digni
2024 519 2188 574 habiti
2220 532 2344 576 sunt
2387 525 2475 594 qui
2515 541 2636 580 cum
2667 527 2971 584 hominibus
3002 529 3429 600 Ilagellarentur:

1842 623 1966 661 nam
1997 609 2092 675 ait,
2118 610 2185 663 Et
2210 629 2322 666 eum
2367 615 2652 672 hominibus
2691 635 2792 673 non
2833 621 3226 692 ﬂagellabuntur
3255 620 3427 694 (Psal.

1841 700 1930 754 72.
1962 703 2017 772 5)
2044 720 2058 768 ;
2083 703 2160 758 illi
2183 747 2196 767 ,
2227 710 2422 776 quippe
2465 722 2839 779 reservantur,
2877 722 2929 768 ut
2957 729 3076 770 cum
3098 715 3431 771 daemonibus

1841 794 2126 860 puniantur
2150 815 2163 851 :
2183 797 2436 854 Discedite
2455 802 2617 868 enim,
2637 804 2730 868 ait,
2746 820 2775 856 a
2797 821 2874 858 me
2892 806 2942 858 in
2971 805 3194 860 tenebras
3215 806 3430 860 exterio-

1839 903 1918 941 res
1942 898 2148 958 paratas
2173 891 2373 946 diabolo
2393 903 2442 947 et
2463 896 2654 967 angelis
2673 898 2781 967 ejus
2800 896 3010 969 (Matth.
3036 899 3126 954 25.
3152 897 3264 971 ll).
3283 898 3430 953 Multi

1838 981 2192 1036 sacerdotium
2239 987 2470 1041 nummis
2495 998 2785 1057 rapuerunt
2812 991 2830 1060 (
2853 990 2977 1046 Vide
2999 1002 3100 1046 act.
3123 995 3224 1062 7),
3255 1007 3430 1062 neque

1837 1081 1929 1124 aut
1953 1087 2073 1126 eum
2100 1077 2187 1143 qui
2219 1077 2634 1144 reprehenderet
2663 1080 3095 1149 habuerunt,nec
3121 1082 3264 1152 quod
3297 1082 3424 1136 olim

1841 1179 1871 1218 a
1891 1165 2051 1220 Petro
2071 1165 2255 1221 Simon
2279 1168 2464 1238 Magus
2505 1173 2830 1225 audiverunt
2849 1174 3072 1244 (Act.8);
3097 1183 3152 1228 at
3177 1191 3283 1229 non
3304 1176 3425 1230 ideo

1841 1253 2170 1321 ell‘ugerunt,
2190 1258 2280 1311 sed
2302 1260 2472 1311 multo
2493 1261 2771 1329 graviores
2789 1276 2998 1331 pinnas,
3022 1279 3185 1332 quam
3202 1281 3320 1334 qua:
3336 1265 3424 1320 hic

1841 1349 3281 1424 debebantur,subibunt,quodneccxemploemendati
3296 1359 3424 1419 sint.

1844 1439 1992 1494 Multi
2011 1442 2196 1496 eadem
2223 1459 2342 1512 qua:
2362 1444 2501 1499 Core
2519 1448 2636 1500 ausi
2658 1454 2786 1501 sunt
2809 1462 2910 1501 nec
2933 1448 3119 1502 eadem
3143 1464 3265 1518 quae
3282 1447 3424 1506 Core

1841 1533 2010 1600 passi,
2043 1541 2096 1586 at
2120 1542 2240 1603 post
2263 1536 2455 1604 majori
2481 1552 2582 1591 suo
2607 1538 2746 1591 malo
2771 1537 3046 1606 patientur
3077 1539 3267 1609 (Num.
3305 1539 3416 1610 l6).

1840 1623 1991 1679 Multi
2016 1625 2314 1681 Pharaonis
2348 1629 2678 1696 impietatem
2712 1630 2910 1683 imitati
2936 1629 3134 1700 (Exod.
3157 1631 3269 1698 14),
3307 1645 3420 1685 non

1839 1719 2002 1773 etiam
2024 1719 2168 1772 sicut
2191 1719 2281 1774 ille
2315 1727 2444 1773 sunt
2470 1720 2727 1784 demersi,
2755 1729 2809 1773 at
2848 1722 3108 1790 gehennae
3122 1737 3309 1790 tequor
3328 1736 3424 1776 eos

1839 1819 2040 1864 manet.
2059 1809 2243 1879 Neque
2263 1812 2406 1866 enim
2428 1812 2517 1880 qui
2540 1811 2733 1867 fratres
2755 1811 2933 1867 fatuos
2952 1819 3174 1875 vocant,
3195 1812 3306 1880 jam
3328 1827 3429 1882 pu-

1838 1905 1938 1956 niti
1958 1912 2086 1957 sunt
2107 1902 2322 1973 (Matth.
2349 1904 2424 1973 5);
2453 1903 2563 1957 illic
2586 1904 2730 1956 enim
2754 1904 2806 1956 in
2832 1918 2926 1958 eos
2948 1911 3161 1958 servata
3176 1903 3423 1957 animad-

1838 1997 2016 2051 versio
2033 2005 2136 2051 est.
2154 1996 2334 2062 Quare
2348 2012 2414 2051 ne
2432 2003 2616 2065 putate
2631 1995 2723 2050 Dei
2741 1996 3042 2051 sententias
3059 1997 3235 2051 solum
3257 1997 3425 2050 verba

1837 2103 1958 2141 esse
1981 2095 2143 2156 atque
2171 2101 2367 2151 voces;
2389 2101 2512 2139 nam
2530 2101 2646 2139 eam
2667 2089 2736 2140 ob
2757 2100 2869 2140 rem
2893 2101 2959 2140 ex
2987 2084 3053 2138 iis
3074 2085 3336 2155 quasdam
3362 2085 3416 2139 in

1836 2190 1972 2242 opus
1996 2175 2205 2238 eduxit,
2228 2185 2286 2228 ut
2310 2175 2362 2227 in
2383 2173 2650 2243 Sappliira
2677 2173 2819 2243 (Act.
2838 2173 2891 2242 5)
2923 2172 3146 2226 Charini
3179 2171 3316 2244 (Jos.
3333 2172 3413 2242 7),

1835 2263 2307 2334 Aarone,aliisque
2320 2266 2504 2320 multis
2521 2263 2859 2336 (Num.5),ut
2871 2265 2963 2334 qui
2984 2263 3102 2332 ejus
3117 2264 3295 2319 verbis
3318 2277 3426 2318 non

1836 2356 2086 2419 credunt,
2106 2371 2286 2411 rerum
2310 2355 2723 2411 conﬁrmatione
2743 2357 2992 2412 deterriti
3033 2356 3301 2412 desistant
3324 2358 3428 2413 sibi

1823 2445 1930 2517 ipsi
1957 2449 2026 2500 im
2036 2464 2233 2518 ponere
2249 2449 2393 2502 velut
2409 2464 2595 2518 plenas
2610 2464 2717 2502 non
2730 2449 2933 2514 daturi,
2949 2459 3002 2504 et
3017 2449 3320 2518 intelligant
3333 2447 3430 2502 Del

1837 2539 2226 2609 benignitatem
2245 2542 2670 2608 eopertinere,ut
2685 2539 2965 2593 sceleratis
2982 2541 3218 2607 spatium
3237 2537 3425 2602 donet,

1836 2644 1940 2682 non
1974 2638 2032 2683 ut
2052 2632 2270 2684 omnino
2292 2645 2396 2684 non
2429 2630 2661 2685 vindicet
2685 2632 2737 2685 in
2763 2647 2855 2686 eos
2880 2633 2968 2702 qui
3016 2632 3068 2686 in
3113 2633 3258 2687 vitiis
3295 2648 3422 2701 pcr-

1837 2730 2104 2775 maneant.
2145 2722 2388 2776 Poteram
2433 2723 2678 2792 equidem
2727 2733 2782 2778 et
2828 2724 3067 2795 pluribus
3114 2727 3419 2790 ostendere.

1837 2821 2088 2881 quantum
2121 2813 2220 2866 sibi
2250 2814 2421 2883 ignem
2445 2814 2783 2879 contrahant,
2811 2816 2899 2883 qui
2947 2816 3259 2885 virginitatis
3301 2817 3419 2870 lau-

1835 2903 1956 2957 dem
2004 2904 2150 2957 nihili
2197 2905 2419 2966 faciant;
2464 2905 2555 2959 sed
2585 2915 2638 2960 et
2661 2906 2804 2960 sanis
2849 2905 2962 2960 haec
3001 2907 3288 2971 sufﬁciunt,
3326 2922 3416 2962 re-

1837 2995 2003 3050 belles
2027 3005 2081 3051 et
2110 2997 2323 3051 insanos
2345 3012 2445 3052 nec
2467 2997 2632 3052 multo
2658 2998 2720 3053 iis
2745 2999 2894 3068 plura
2923 2999 2990 3053 ab
3013 2999 3212 3054 insania
3242 3009 3416 3054 retra-

1837 3088 1982 3144 hant.
2016 3089 2196 3160 Itaque
2239 3105 2302 3146 ea
2331 3089 2688 3161 disputatione
2730 3093 3146 3162 supersedentes
3170 3093 3234 3148 ad
3260 3109 3422 3149 sanos

1835 3195 2138 3237 sermonem
2186 3196 2400 3237 omnem
2452 3193 2846 3248 convertamus,
2893 3183 3084 3239 iterum
3112 3184 3179 3239 ad
3203 3184 3416 3239 beatum

1838 3274 2054 3328 Paulum
2068 3273 2291 3329 reversi.
2309 3273 2385 3327 De
2404 3274 2580 3344 quibus
2597 3285 2764 3328 autem
2782 3274 2904 3328 mihi
2925 3275 3213 3342 scripsistis,
3228 3275 3420 3345 inquit,

1834 3365 2018 3419 bonum
2040 3375 2110 3420 est
2137 3365 2326 3418 homini
2355 3367 2611 3418 mulierem
2653 3381 2753 3418 non
2785 3374 2988 3436 tangere
3016 3366 3094 3433 (I.
3112 3364 3232 3422 Cor.
3263 3366 3316 3420 7.
3343 3369 3422 3426 Il.

1835 3455 2037 3510 Pudeat
2077 3471 2215 3509 nunc
2260 3464 2534 3526 utrosque,
2563 3464 2617 3510 et
2643 3455 2734 3523 qui
2776 3456 3172 3511 matrimonium
3221 3457 3424 3529 impru.

1837 3555 1983 3612 oaut,
2013 3553 2067 3600 et
2091 3547 2180 3617 qui
2209 3546 2328 3615 plus
2351 3561 2502 3616 aequo
2527 3545 2825 3614 extollunt;
2857 3545 3097 3619 utrisque
3124 3561 3266 3604 enim
3295 3549 3423 3602 bea-

1835 3647 1919 3691 tus
1944 3637 2138 3692 Paulus
2173 3652 2294 3693 cum
2331 3636 2416 3694 his
2444 3637 2642 3706 verbis,
2677 3648 2784 3694 tum
2815 3639 2880 3694 iis
2918 3657 3038 3711 qua:
3083 3656 3425 3712 consequun-

1837 3735 1940 3790 tur.
1974 3729 2243 3783 silentium
2273 3730 2518 3798 imponit.

1906 3819 2072 3874 XXV.
2094 3818 2322 3888 lnﬁrmis
2348 3819 2679 3873 necessarium
2698 3836 2805 3874 esse
2825 3821 3215 3874 matrimonium.
3232 3851 3302 3860 —
3323 3822 3423 3875 Bn-

1837 3927 1960 3964 num
1987 3910 2483 3964 estntatrimonium
2506 3928 2520 3974 ;
2549 3912 2745 3980 quippe
2773 3911 2914 3980 quod
2941 3920 2995 3965 et
3023 3911 3195 3966 virum
3223 3915 3421 3969 retinet

1837 4001 1888 4055 in
1915 4000 2092 4055 ofﬁcio
2124 4002 2488 4070 temperantia:
2507 4043 2520 4064 ,
2543 4017 2716 4070 neque
2740 4003 2789 4054 in
2814 4001 3059 4057 libidines
3079 4005 3416 4072 provolutum

1836 4095 2053 4149 interire
2078 4093 2222 4149 sinit.
2245 4094 2421 4162 Quare
2459 4110 2526 4149 ne
2553 4095 2601 4148 id
2632 4109 2856 4159 accusa;
2881 4095 3040 4151 habet
3060 4097 3203 4152 enim
3225 4098 3414 4168 ingens

1835 4186 2176 4240 cmnnmdnm
2197 4227 2211 4249 ,
2237 4186 2434 4242 Christi
2459 4187 2697 4242 membra
2725 4189 2890 4242 scorti
2914 4188 3150 4243 membra
3178 4189 3289 4245 ﬁeri
3313 4205 3420 4246 non

1837 4278 2149 4345 permittens
2174 4319 2188 4340 .
2219 4292 2321 4332 nec
2368 4293 2576 4332 sacrum
2611 4279 2862 4348 templum
2907 4280 3173 4349 prolanari
3224 4291 3278 4335 et
3315 4281 3420 4337 im-

1837 4384 2028 4438 purum
2082 4369 2194 4423 lieri
2253 4369 2326 4439 (I.
2355 4367 2472 4422 Cor.
2509 4368 2560 4423 6.
2597 4370 2723 4440 I5).
2766 4370 2968 4424 Bonum
3023 4381 3125 4437 cst,
3177 4372 3417 4441 inquam,

1834 4463 2084 4531 quoniam
2130 4462 2410 4516 habenten:
2455 4464 2682 4518 suSIinet
2715 4472 2875 4534 atque
2921 4465 3098 4534 erigit.
3143 4465 3244 4520 Sed
3293 4466 3420 4534 quid

1835 4552 1935 4606 hoc
1959 4553 2148 4608 attinet
2193 4552 2258 4606 ad
2285 4568 2404 4606 eum
2436 4553 2528 4622 qui
2570 4563 2708 4618 stat,
2739 4564 2793 4608 ct
2815 4556 2903 4624 qui
2940 4554 3055 4624 ejus
3099 4571 3256 4625 Opem
3307 4573 3415 4612 non

1833 4645 2140 4699 desiderat?
2164 4645 2296 4699 Nam
2326 4646 2413 4700 hic
2435 4663 2532 4701 nec
2557 4648 2684 4702 utile
2703 4690 2718 4714 ,
2752 4665 2850 4703 nec
2889 4651 3246 4705 necessarium
3295 4660 3380 4706 cst
3400 4693 3416 4717 ,

1833 4737 1926 4791 sed
1963 4736 2030 4790 ad
2074 4739 2324 4792 virtutem
2369 4742 2530 4792 etiam
2590 4739 3059 4809 impedimentum,
3093 4757 3198 4796 non
3244 4743 3420 4799 solum

1832 4827 1972 4897 quod
2013 4829 2206 4882 multos
2233 4830 2467 4898 prtulicat
2504 4830 2684 4884 obices
2707 4870 2723 4895 ,
2753 4831 2847 4887 sed
2873 4831 3033 4886 etiam
3077 4834 3219 4904 quod
3247 4835 3423 4905 majo-

1834 4938 1945 4975 rem
1977 4932 2176 4990 partem
2208 4923 2376 4975 laudis
2402 4922 2666 4977 detrahat.

1905 5013 2095 5067 XXVI.
2142 5013 2240 5078 Qui
2295 5013 2435 5084 virgo
2505 5030 2652 5083 agere
2700 5016 2856 5084 possit
2921 5033 2982 5070 ac
3047 5019 3423 5074 matrimonium

1831 5108 2130 5169 contra/tat,
2153 5122 2404 5158 summunt
2447 5106 2540 5159 sibi
2590 5107 2831 5161 danmum
2876 5112 3061 5180 facere.
3093 5141 3163 5151 —
3201 5110 3413 5166 Etenim

1831 5200 1919 5268 qui
1949 5199 2111 5252 armis
2133 5215 2253 5253 eum
2299 5199 2546 5266 instruit,
2575 5201 2664 5270 qui
2693 5200 2865 5255 nudus
2898 5217 3133 5273 pugnare
3159 5213 3339 5274 potest
3365 5215 3421 5258 et

1831 5291 2080 5357 vincere,
2109 5291 2242 5346 adeo
2282 5307 2390 5345 non
2417 5291 2602 5360 juvat,
2638 5300 2694 5345 ut
2729 5300 2964 5348 extrema
3011 5295 3172 5348 etiam
3220 5294 3422 5350 alliciat

1833 5382 2057 5450 injuria,
2086 5382 2433 5438 admiratione
2481 5399 2600 5437 cum
2633 5393 2689 5438 et
2729 5384 2920 5439 illustri
2962 5400 3159 5440 corona
3205 5386 3419 5442 defrau-
3477 5399 3492 5412 '

1843 5471 1996 5526 dans.
2052 5473 2186 5526 Nam
2235 5487 2334 5527 nec
2383 5473 2616 5528 hominis
2656 5474 2903 5528 virtutem
2961 5489 3173 5531 omnem
3221 5477 3421 5545 patitur

1895 5564 1909 5593 ⁸
1922 5570 2050 5626 _Qu:e
2071 5567 2342 5626 sequuntur
2359 5577 2386 5613 a
2403 5578 2541 5624 voce,
2559 5565 2799 5626 quoniam,
2819 5579 2940 5626 usqu
2948 5578 2976 5611 e
2993 5566 3069 5626 ad,
3096 5566 3235 5619 multi
3254 5581 3418 5619 sacer-

1830 5623 2032 5735 ‘(lotiuqn
2054 5623 2234 5676 desinit,
2251 5623 2302 5675 in
2325 5626 2488 5677 Morel.
2503 5623 2556 5678 et
2572 5623 2796 5688 Plautia,
2825 5623 2913 5678 sed
2939 5642 2987 5678 tu
3019 5623 3134 5692 Reg.
3163 5640 3215 5681 et
3247 5632 3420 5683 savilio

1850 5698 1980 5746 enim
2003 5698 2076 5734 ur.
2232 5743 2241 5746 _

1897 5747 1918 5779 ι
1931 5752 1982 5798 tu
2002 5754 2115 5811 Reg.
2136 5747 2206 5798 sic
2231 5743 2428 5812 legitur,
2449 5757 2504 5802 Ut
2525 5750 2576 5802 in
2592 5751 2846 5816 Sappln'ra,
2867 5752 2918 5804 in
2934 5753 3036 5805 viro
3053 5753 3175 5817 ejus,
3199 5754 3414 5805 t‘ltarmt.
