3886 6222
561 354 618 408 51
1224 345 1278 402 S.
1318 341 1591 401 JOANNIS
1626 335 2093 396 CIIRYSOSTOMI
2133 333 2449 390 ARCIIIEP.
2478 330 3005 389 CONSTANTINOP.

2170 446 2175 451 ’
2197 461 2569 518 usquequaque
2595 460 2625 501 e
2649 446 2808 501 rebus
2850 443 3032 500 arduis
3057 443 3349 501 orationem
3376 445 3538 510 texit,
3558 455 3612 500 et
3644 458 3746 499 mo-

523 472 730 525 elucerc
749 508 765 530 ,
790 479 886 519 nec
915 463 1028 532 ejus
1050 471 1308 531 tropazum
1339 455 1645 528 percelebre
1674 452 1843 509 reddi.
1892 450 1948 505 lu
1978 464 2091 504 ma-

524 558 774 615 trimonio
803 571 928 613 vero
950 556 1160 626 gravior
1182 552 1341 607 etiam
1363 549 1572 620 jactura
1598 553 1717 610 est;
1749 559 1921 614 neque
1946 544 2089 597 enim

522 649 695 704 solum
722 647 862 719 vulgi
889 644 1348 700 commendatione
1369 682 1382 704 ,
1412 639 1507 695 sed
1538 636 1766 709 praemiis
1791 636 1950 695 etiam
1988 637 2094 693 vir-

520 740 629 810 gini
657 736 903 808 repositis
927 735 1114 806 privat.
1137 733 1433 804 Eapropter
1458 730 1653 784 bonum
1700 734 1842 782 esset
1883 723 2091 778 homini

521 830 799 885 mulierem
832 843 935 882 non
967 836 1202 897 tangere.
1228 822 1337 879 Cur
1358 822 1518 892 igitur
1548 828 1763 888 tangere
1794 815 2092 886 permittis?

521 917 748 989 Propter
774 917 1175 977 fornicationem
1196 958 1210 981 ,
1240 914 1431 983 inquit.
1458 909 1661 966 Vereor
1693 916 1745 964 te
1775 907 1840 962 ad
1869 906 2091 975 virgini-

522 1009 644 1065 tatis
686 1007 949 1077 fastigium
988 1006 1292 1069 sustollere,
1321 1019 1388 1058 ne
1434 1003 1488 1056 in
1534 999 1897 1056 fornicationis
1932 998 2091 1052 bara-

522 1101 698 1155 tbrutn
731 1099 960 1156 decidas.
990 1098 1235 1154 Nondum
1270 1113 1331 1152 ea
1354 1106 1647 1166 pennarum
1670 1093 1884 1148 levitate
1905 1089 2095 1161 prredi-

472 1178 477 1187 ’
523 1202 606 1248 tus
630 1208 721 1258 es,
746 1200 805 1246 ut
839 1200 891 1246 te
926 1190 990 1245 ad
1034 1189 1087 1244 id
1115 1203 1367 1245 cacumen
1411 1186 1602 1242 etl‘errc
1642 1183 1862 1254 possim.
1892 1183 1959 1236 At
1992 1180 2093 1248 ipsi

523 1293 790 1339 certamen
822 1282 1190 1352 arripuerunt,
1232 1290 1390 1351 atque
1429 1277 1495 1334 ad
1521 1276 1835 1347 virginitatis
1881 1272 2093 1328 laudem

527 1374 883 1442 pro~ilierunl.
931 1372 1066 1448 Quid
1103 1372 1260 1442 igitur
1298 1369 1558 1439 trepidas,
1598 1367 1752 1422 beate
1790 1364 1983 1431 Paule,
2033 1376 2098 1418 ac

526 1463 818 1520 formidas?
846 1463 993 1532 Quod
1019 1463 1073 1518 hi
1105 1463 1333 1518 fortasse
1361 1477 1470 1516 rem
1494 1462 1803 1531 ignorantes
1830 1456 1933 1512 hac
1980 1456 2094 1509 ala-

524 1554 709 1608 critate
738 1555 873 1619 sint;
903 1569 986 1609 me
1014 1569 1139 1608 usus
1165 1568 1227 1606 ac
1252 1551 1561 1621 periclitatio
1580 1550 1696 1620 ejus
1721 1562 1908 1620 pugna:
1932 1546 2092 1604 etiam

524 1643 590 1698 ad
620 1643 830 1700 Ca'teris
855 1642 1236 1697 causuieudum
1271 1641 1587 1698 timidiorem
1613 1638 1808 1695 reddit.

594 1735 806 1791 XXVII.
857 1733 1102 1805 Magnum
1161 1750 1268 1789 esse
1308 1732 1641 1802 uirginitatem
1687 1741 1734 1784 et
1802 1743 2098 1800 magnorum

522 1828 910 1882 eoneitiatricem
950 1827 1211 1880 bonorum.
1251 1853 1321 1865 ——
1358 1821 1491 1879 Novi
1539 1822 1615 1876 rei
1666 1820 2057 1875 contentionem
2079 1860 2092 1881 ,

525 1922 644 1976 novi
695 1919 1049 1976 certaminum
1099 1914 1400 1985 bujusmodi
1438 1910 1744 1968 violentiam
1769 1952 1782 1976 ,
1807 1909 1929 1965 novi
1971 1908 2096 1965 belli

524 2012 857 2082 gravitatem.
910 2007 1180 2064 Pervicaci
1212 2004 1435 2076 quodam
1474 2013 1529 2059 et
1576 2002 1697 2058 forti
1734 2005 1912 2057 animo
1962 2017 2097 2072 opus

524 2109 640 2165 est,
669 2108 825 2170 atque
852 2115 880 2153 a
910 2097 1181 2153 libidinum
1211 2110 1369 2151 sensu
1389 2108 1595 2150 averso.
1620 2092 1752 2148 Nam
1780 2109 1874 2163 per
1905 2093 2095 2148 carbo-

520 2205 616 2244 nes
639 2188 717 2242 sic
734 2183 1148 2257 ingrediendum
1170 2191 1273 2244 est,
1290 2189 1351 2237 ut
1368 2197 1477 2237 non
1507 2182 1689 2239 uraris
1715 2180 1964 2254 (Prov.6,
1983 2182 2101 2253 28),

521 2288 576 2335 et
623 2284 696 2334 ita
742 2293 838 2348 per
886 2288 1179 2330 mucrones
1232 2273 1473 2329 eundum
1518 2281 1619 2339 ,ιιι
1671 2287 1778 2328 non
1834 2275 2103 2332 saucieris

528 2370 600 2425 Ea
621 2377 704 2423 est
728 2367 871 2421 enim
899 2366 1130 2427 libidinis
1157 2367 1239 2423 vis
1254 2408 1270 2433 ,
1301 2381 1421 2437 quae
1442 2364 1579 2437 ignis
1598 2374 1753 2437 atque
1770 2365 1928 2431 ferri;
1954 2364 2095 2435 quod

521 2460 623 2515 nisi
652 2460 860 2514 animus
884 2459 951 2514 ita
978 2468 1312 2530 comparatus
1336 2459 1432 2524 sit,
1454 2466 1511 2511 ut
1537 2471 1635 2511 nec
1654 2452 1719 2511 ad
1744 2456 1857 2526 cjus
1882 2453 2096 2511 dolores

466 2561 470 2565 ‘
528 2560 817 2615 moveatur,
864 2550 1105 2619 protinus
1132 2565 1189 2603 sc
1223 2548 1426 2617 perdet.
1459 2545 1636 2617 Itaque
1672 2562 1807 2617 opus
1834 2555 1915 2600 est
1943 2546 2097 2601 nobis

523 2641 857 2696 adamantina
883 2650 1081 2703 mente,
1109 2640 1262 2694 oculo
1291 2639 1544 2703 insomni,
1570 2639 1844 2693 tolerantia
1862 2652 2093 2704 summa,

472 2752 475 2755 ·
527 2733 693 2787 muris
726 2733 924 2796 firmis,
967 2730 1384 2786 antemuralibus
1422 2745 1484 2785 ac
1531 2729 1829 2799 repaguiis,
1862 2726 2096 2782 custodi-

527 2826 622 2878 bus
653 2823 991 2893 pervigilibus
1028 2838 1089 2876 ac
1118 2820 1413 2892 przevalidis
1433 2865 1446 2885 ,
1478 2831 1632 2892 atque
1663 2822 1713 2874 in
1763 2821 1947 2889 primis
1987 2835 2093 2874 caa—

524 2915 639 2968 lesti
698 2914 895 2968 fatore.
948 2913 1077 2968 Nam
1124 2912 1240 2967 Nisi
1287 2913 1532 2968 Dominus
1580 2915 1749 2967 urbem
1814 2914 2093 2980 custodiat,

525 3007 715 3074 frustra
754 3005 962 3074 uigilant
1001 3005 1088 3075 qui
1112 3005 1397 3058 custodiunt
1432 3022 1540 3058 eam
1573 3004 1740 3075 (PsaI.
1764 3004 1893 3060 126.
1922 3007 1996 3074 I).
2028 3006 2096 3061 At

523 3108 628 3163 quo
655 3103 811 3165 pacto
842 3110 960 3148 eum
990 3092 1221 3149 favorem
1267 3095 1572 3149 eliciemus?
1601 3094 1655 3149 Si
1688 3106 1872 3150 nostra
1918 3097 2094 3151 omnia

522 3189 858 3240 conleramus
876 3227 890 3248 ,
913 3200 1038 3239 sana
1079 3184 1296 3239 consilia
1322 3226 1337 3251 ,
1372 3192 1632 3239 summam
1652 3186 1838 3255 jejuni‘i
1871 3201 1933 3240 ac
1960 3186 2092 3255 vigi-

525 3278 709 3331 liarum
738 3279 1128 3331 contentionem
1145 3317 1159 3340 ,
1183 3277 1313 3346 legis
1328 3285 1631 3330 accuratam
1649 3277 2090 3341 observaticmcm,

521 3368 886 3421 mandatorum
937 3367 1268 3431 custodiam,
1313 3374 1368 3420 et
1409 3366 1549 3436 quod
1575 3376 1732 3435 caput
1775 3376 1889 3433 est,
1940 3367 1986 3421 si
2034 3356 2090 3421 in

522 3457 673 3511 nobis
693 3455 934 3511 ﬁduciam
956 3464 1066 3509 non
1087 3456 1406 3511 collocemus
1427 3472 1441 3518 ;
1462 3468 1588 3509 nam
1616 3457 1714 3511 etsi
1738 3469 1924 3526 magna
1949 3470 2092 3525 qust-

466 3560 471 3563 ·
521 3548 643 3601 dam
676 3555 1025 3617 prtestemus,
1055 3542 1180 3600 ἰηιιᾶ
1223 3545 1361 3615 apud
1410 3559 1508 3600 nos
1556 3556 1812 3616 perpetuo
1852 3546 2093 3603 dicamus

524 3652 742 3694 necesse
772 3647 885 3693 cst:
917 3636 1038 3691 Nisi
1064 3635 1308 3691 Dominus
1331 3636 1649 3704 (ediﬁearerit
1681 3637 1904 3701 domum,
1926 3638 1985 3691 in
2008 3653 2095 3691 va-

523 3747 645 3784 num
671 3731 1017 3784 laboraverunt
1053 3729 1139 3798 qui
1166 3726 1421 3796 redi/icaut
1457 3740 1568 3780 eam
1595 3726 1798 3798 (Ibid).
1830 3725 1938 3781 Nec
1962 3728 2094 3781 enim

522 3821 660 3873 nobis
687 3820 820 3874 lucta
849 3829 922 3872 est
946 3818 1183 3872 adversus
1207 3818 1508 3888 sanguinem
1544 3827 1592 3872 et
1632 3833 1851 3882 carnem,
1883 3820 1971 3872 sed
1996 3818 2093 3872 ad-

521 3930 688 3967 rursus
715 3912 1053 3982 principatus,
1084 3912 1322 3964 adversus
1347 3918 1633 3981 potestates,
1660 3909 1897 3964 adrasus
1921 3912 2094 3964 mundi

522 4014 734 4058 rectores
774 4003 1085 4057 tenebran
1123 4002 1274 4072 hujus
1312 4001 1504 4067 statuti,
1546 4000 1783 4056 adversus
1810 4001 2094 4072 spiritualia

424 4080 435 4089 ’
520 4094 752 4165 nequitiae
772 4093 830 4146 in
858 4093 1132 4147 eiulatibus
1157 4092 1368 4163 (Ephes.
1406 4092 1458 4147 6.
1491 4090 1607 4163 ἱεὶς
1635 4106 1698 4147 ac
1720 4101 1876 4147 nocte
1905 4092 2094 4162 dieque

518 4184 863 4254 cogitationes
917 4183 1070 4238 nobis
1112 4191 1329 4237 armata:
1383 4189 1527 4236 stent
1575 4190 1786 4250 oportet
1811 4222 1826 4244 ,
1876 4190 1932 4238 et
1996 4182 2096 4236 im-

525 4273 840 4340 pudentibus
904 4272 1209 4327 libidinibus
1282 4271 1550 4326 formidini
1616 4271 1747 4325 sint.
1796 4270 2003 4340 Quippe
2047 4270 2093 4326 si

525 4365 796 4417 "thumum
826 4364 1095 4418 remittant
1115 4402 1131 4429 ,
1153 4362 1367 4418 adstans
1392 4361 1632 4416 diabolus
1661 4365 1833 4430 ignem
1853 4361 2094 4415 manibus

522 4462 703 4519 tenet,
733 4455 1029 4509 vibraturus
1077 4469 1141 4509 ac
1192 4455 1281 4508 Dei
1334 4452 1589 4521 templum
1639 4457 2091 4505 concrematuros.

526 4545 664 4614 Ergo
707 4558 842 4613 opus
874 4554 956 4598 est
982 4542 1217 4613 undique
1259 4542 1590 4606 muniantur;
1634 4550 1716 4595 est
1755 4540 1894 4594 enim
1941 4539 2095 4594 nobis

524 4652 695 4706 pugna
720 4648 840 4690 eum
883 4645 1081 4689 natura:
1108 4633 1452 4699 necessitate,
1481 4631 1787 4701 angelorum
1807 4643 2094 4684 conversa-

527 4729 684 4780 tionis
705 4726 968 4781 :entulatio
990 4768 1003 4790 ,
1036 4740 1153 4779 cum
1196 4724 1518 4793 ineorporeis
1542 4722 1832 4777 Virtutibus
1872 4736 2091 4786 cursus;

528 4829 666 4871 terra
697 4825 854 4886 atque
896 4816 1032 4870 ciuis
1059 4815 1309 4870 caelicolis
1337 4814 1532 4883 :cquari
1563 4814 1766 4879 nititur,
1795 4813 2095 4868 mortalitas

527 4925 645 4963 cum
676 4908 1064 4962 immortalitate
1089 4918 1356 4962 Certamen
1381 4907 1576 4960 init.-Et
1595 4907 1891 4975 quisquam,
1915 4905 2091 4972 sodes,

528 4999 921 5052 matrimonium
966 5013 1026 5053 ac
1074 4999 1391 5066 voiuptatcm
1440 5013 1558 5051 cum
1588 5012 1645 5051 re
1687 5006 1828 5051 tanta
1855 4996 2096 5052 conferre

527 5088 702 5142 ausit?
728 5104 792 5141 an
815 5103 918 5142 non
961 5088 1012 5143 id
1038 5088 1190 5142 valde
1218 5088 1465 5142 stolidum
1506 5088 1627 5142 est?
1659 5088 1838 5157 itaque
1864 5088 2056 5142 Paulus
2075 5128 2090 5152 ,

527 5180 616 5248 qui
643 5179 754 5234 haec
781 5179 960 5233 omnia
991 5180 1151 5234 sciret
1169 5219 1184 5240 ,
1216 5178 1421 5233 diccbat
1439 5221 1453 5243 ,
1482 5178 1642 5232 Suam
1661 5181 1868 5249 quisque
1891 5196 2096 5233 uxorem

529 5270 707 5323 [iubeat
734 5269 809 5339 (I.
831 5269 948 5324 Cor.
976 5270 1026 5323 7.
1059 5270 1139 5343 2):
1171 5269 1290 5324 ideo
1330 5269 1683 5335 detrectabat,
1712 5270 1833 5328 ideo
1870 5272 1953 5325 eis
1989 5286 2094 5325 non

532 5358 759 5414 audebat
772 5359 841 5414 de
859 5359 1155 5430 virginitate
1175 5361 1400 5430 primum
1418 5361 1701 5425 disserere;
1728 5360 1823 5415 sed
1842 5362 1893 5415 in
1911 5361 2094 5430 dispu-

533 5450 820 5505 tationibus
836 5449 901 5505 de
918 5451 1253 5505 matrimonio
1276 5463 1535 5518 versatur,
1558 5452 1810 5521 paulatim
1826 5467 1918 5507 eos
1932 5468 1961 5506 a
1979 5467 2094 5506 ma-

530 5543 778 5597 trimonio
806 5541 1076 5598 retrahere
1100 5543 1315 5609 volens,
1342 5554 1394 5597 et
1417 5543 1631 5599 brevem
1661 5542 1728 5598 de
1768 5543 2094 5598 continentia

530 5647 830 5687 sermonem
878 5633 1100 5703 longiori
1146 5632 1221 5687 illi
1263 5632 1619 5698 intermiscet,
1650 5646 1807 5687 aures
1859 5631 2097 5686 admoni-

532 5726 691 5780 tionis
739 5726 1018 5781 severitate
1067 5725 1206 5781 feriri
1264 5727 1476 5785 minime
1543 5740 1749 5797 passus.
1806 5723 1936 5780 Nam
2007 5726 2092 5796 qui

3654 332 3748 387 552

2197 539 2364 595 lestus
2391 548 2475 594 est
2501 536 2748 605 auditori,
2768 547 2823 592 et
2852 537 3161 608 plerumque
3187 537 3417 591 animum
3439 537 3577 608 cogit
3594 535 3748 591 dicto-

2197 645 2313 684 rum
2362 629 2671 699 gravitatem
2720 642 2827 683 non
2869 629 3123 682 ferentem
3155 626 3382 683 resilire.
3413 627 3597 697 Atqui
3639 642 3747 684 eam

2196 718 2396 782 variat,
2428 734 2489 773 ac
2511 718 2679 774 facilia
2707 718 2859 792 plura
2880 733 3037 788 quam
3063 717 3292 773 difficilia
3324 717 3614 781 immiscet,
3639 733 3749 774 cum

2196 810 2518 866 difficultatis
2545 825 2755 866 sensum
2780 810 2969 881 eripit,
2998 819 3107 864 tum
3134 808 3419 865 reficiendo
3446 809 3746 873 auditorem,

2199 902 2268 955 ita
2292 916 2412 956 eum
2435 902 2602 971 magis
2620 901 2821 957 inducit
2850 912 2904 956 et
2943 901 3220 967 conciliat;
3262 901 3401 972 quod
3447 902 3655 973 quidem
3705 911 3754 954 et

2199 991 2385 1048 beatus
2414 990 2608 1048 Paulus
2630 994 2769 1049 fecit.
2798 993 2878 1049 Eo
2903 994 3045 1050 enim
3066 994 3207 1049 dicto
3226 1034 3242 1059 ,
3263 992 3460 1047 Bonum
3482 1003 3555 1048 est
3572 992 3752 1046 homini

2199 1085 2456 1139 mulierem
2495 1102 2595 1140 non
2642 1096 2873 1158 tangere,
2905 1087 3147 1155 protinus
3180 1086 3244 1141 ad
3274 1086 3662 1142 matrimonium
3702 1103 3754 1141 se

2199 1178 2433 1245 recepit,
2464 1187 2521 1232 ut
2560 1193 2706 1232 suam
2758 1179 2980 1249 quisque
3024 1195 3239 1234 uxorem
3295 1179 3515 1234 haberet
3559 1181 3753 1235 dicens.
3845 1172 3847 1189 ¹

2201 1269 2370 1337 Atque
2396 1278 2675 1325 contentus
2706 1270 2756 1325 id
2776 1271 2989 1331 beatum
3018 1270 3334 1342 praedicasse
3356 1271 3523 1343 (nam,
3547 1271 3754 1337 Battum,

2198 1360 2490 1430 iuqu’it,est
2513 1361 2703 1415 homini
2727 1362 2985 1417 mulierem
3017 1380 3117 1417 non
3158 1373 3359 1431 tangere
3374 1363 3414 1434 j,
3463 1364 3530 1419 de
3582 1366 3758 1418 malri-
3846 1426 3847 1433 η

2200 1451 2380 1504 tnonio
2423 1461 2476 1506 et
2504 1453 2730 1508 consulit
2759 1463 2813 1508 et
2845 1456 3114 1524 pra‘cipit,
3139 1452 3318 1510 addita
3371 1457 3529 1511 etiam
3572 1471 3758 1513 causa:

2200 1543 2275 1595 ait
2321 1543 2498 1605 enim,
2548 1542 2765 1614 Propter
2803 1546 3404 1618 fornicationem;atque
3449 1548 3760 1603 matrimonii

2198 1636 2594 1691 concessionem
2650 1637 3043 1708 reprehendere
3084 1640 3322 1705 videtur;
3371 1640 3467 1696 sed
3528 1657 3587 1698 re
3642 1659 3764 1698 vera

2199 1728 2455 1798 expositis
2500 1730 2821 1785 matrimonii
2866 1733 3042 1787 causis
3089 1733 3245 1788 tacite
3275 1734 3611 1789 continentia:
3652 1735 3764 1788 lau-

2199 1818 2320 1874 dem
2349 1818 2634 1889 amplificat
2651 1863 2666 1889 ,
2700 1836 2805 1876 non
2835 1821 2886 1877 id
2913 1823 3109 1892 apertis
3136 1824 3315 1878 verbis
3338 1822 3611 1879 declarans
3630 1865 3644 1889 ,
3669 1826 3763 1881 sed

2198 1912 2495 1966 auditorum
2539 1913 2879 1977 conscientia:
2914 1914 3239 1983 relinquens.
3268 1912 3398 1968 Nam
3429 1915 3516 1985 qui
3560 1930 3621 1972 se
3649 1932 3766 1969 mo-

2201 2002 2314 2057 neri
2341 2002 2600 2073 intelligat
2624 2012 2684 2058 ut
2708 2005 3101 2061 matrimonium
3138 2007 3458 2070 contrahat,
3484 2021 3589 2061 non
3627 2007 3766 2076 quod

2199 2094 2595 2150 matrimonium
2622 2096 2891 2166 potissima
2917 2096 3156 2167 quaedam
3185 2098 3354 2152 virtus
3378 2097 3480 2164 sit,
3510 2097 3602 2152 sed
3627 2098 3767 2166 quod

2199 2199 2258 2240 se
2281 2185 2474 2241 Paulus
2502 2195 2661 2241 tantae
2701 2186 2936 2243 libidinis
2963 2186 3209 2250 damnet,
3241 2196 3299 2242 ut
3332 2187 3461 2242 citra
3497 2187 3770 2242 matrimo-

2201 2277 2347 2332 nium
2397 2276 2464 2331 ab
2504 2290 2567 2332 ea
2620 2291 2680 2332 se
2716 2278 2989 2332 continere
3032 2280 3291 2347 nequeat,
3328 2277 3648 2332 erubescens
3710 2290 3769 2332 ac

2199 2366 2506 2435 pudefactus
2523 2407 2539 2432 ,
2571 2367 2808 2436 protinus
2828 2367 3181 2438 virginitatem
3205 2366 3530 2433 adsciscere,
3560 2377 3722 2438 atque
3740 2382 3768 2421 a

2198 2470 2256 2515 se
2285 2467 2480 2512 tantam
2511 2460 2776 2516 infamiam
2807 2460 3075 2529 depellere
3101 2461 3316 2516 nitetur.

2267 2549 2503 2605 XXVIII.
2537 2549 2663 2615 Quae
2687 2551 2749 2606 de
2771 2551 3085 2605 matrimonio
3106 2551 3358 2615 dicantur,
3380 2551 3772 2605 cultor-rationm

2198 2656 2302 2695 esse
2324 2640 2392 2693 ad
2414 2640 2766 2711 virginitatem.
2784 2671 2853 2681 —
2873 2640 3008 2708 Quid
3032 2654 3158 2697 vero
3172 2639 3318 2696 addit
3340 2640 3588 2709 insuper?
3608 2636 3773 2695 Uxori
3846 2674 3847 2681 η

2198 2732 2274 2783 uir
2298 2730 2513 2785 debitam
2540 2731 2929 2786 benevolentiam
2954 2731 3150 2795 reddat,
3178 2730 3448 2801 itidemque
3470 2748 3598 2785 uxor
3620 2732 3728 2785 viro
3752 2749 3769 2793 ;

2198 2821 2335 2890 quod
2378 2824 2609 2891 apertius
2658 2823 2946 2892 explanaus
2989 2822 3207 2877 subdit:
3240 2823 3380 2878 Uxor
3424 2822 3504 2877 sui
3547 2824 3770 2892 corporis

2198 2912 2402 2967 domina
2427 2930 2525 2967 non
2550 2924 2641 2980 est,
2668 2913 2756 2967 sed
2774 2915 2888 2979 vir;
2925 2913 3194 2986 itidemque
3221 2915 3297 2968 uir
3315 2914 3395 2969 sui
3424 2915 3654 2985 corporis
3678 2914 3769 2968 do-

2198 3004 2362 3058 minus
2388 3021 2487 3058 non
2513 3014 2603 3066 est,
2627 3004 2714 3058 sed
2742 3021 2869 3058 uxor
2894 3004 2972 3074 (1.
2992 3004 3109 3059 Cor.
3130 3005 3185 3058 7.
3212 3002 3288 3076 5).
3323 3002 3389 3059 Ει
3408 3003 3521 3061 han
3545 3002 3649 3060 dici
3676 3019 3769 3075 pro

2200 3095 2535 3149 matrimonio
2582 3093 2858 3161 videntur;
2904 3110 3089 3150 revera
3131 3100 3310 3148 autem
3349 3107 3446 3161 ea,
3500 3104 3767 3165 tamquam

2200 3185 2410 3236 hamum
2462 3192 2672 3237 assueta
2721 3198 2841 3239 esca
2884 3184 3186 3239 obvolutum
3216 3227 3230 3249 ,
3282 3185 3334 3239 in
3389 3184 3768 3253 discipulorum

2197 3288 2353 3328 aures
2387 3273 2636 3338 immittit,
2666 3285 2760 3327 eos
2802 3289 2897 3343 per
2932 3287 3232 3330 sermonem
3270 3274 3336 3329 de
3379 3273 3717 3329 matrimonio
3741 3289 3767 3333 θ

2197 3363 2531 3417 matrimonio
2560 3364 2833 3418 retrahere
2855 3364 3058 3420 volens.
3103 3363 3202 3429 Qui
3245 3363 3384 3418 enim
3423 3363 3622 3427 audiat,
3653 3376 3772 3433 post

2197 3456 2588 3510 matrimonium
2620 3471 2727 3510 non
2755 3456 2863 3526 jam
2895 3471 2953 3511 se
2979 3471 3131 3512 suum
3155 3456 3285 3519 fore,
3308 3452 3399 3511 sed
3428 3455 3607 3510 uxoris
3632 3456 3773 3510 arbi-

2199 3547 2300 3602 trio
2340 3547 2633 3616 subjectum
2682 3547 2768 3613 iri,
2797 3560 2896 3601 nec
2929 3558 3098 3611 mora,
3138 3546 3473 3601 acerbissima
3514 3546 3773 3600 servitute
3825 3620 3833 3632 ‘

2196 3639 2451 3709 expedire
2480 3655 2538 3694 se
2566 3638 2864 3703 conabitur,
2895 3639 2975 3694 vel
3014 3639 3187 3709 pmius
3215 3652 3313 3693 nec
3341 3638 3522 3709 jugum
3550 3640 3770 3702 subire;

2195 3746 2316 3786 cum
2366 3730 2452 3800 qui
2495 3730 2658 3786 semel
2710 3730 2962 3793 subierit,
3008 3731 3055 3785 ei
3096 3744 3256 3801 porro
3293 3728 3634 3785 serviendum
3682 3732 3771 3793 sit,

2196 3821 2443 3889 quamdiu
2489 3821 2539 3875 id
2579 3822 2729 3876 uxori
2778 3820 3038 3876 videatur.
3081 3819 3233 3887 Quod
3263 3829 3436 3875 autem
3463 3821 3549 3875 hic
3574 3835 3684 3875 nou
3708 3836 3771 3877 cx
3846 3870 3847 3879 χ

2195 3912 2499 3982 conjectura
2542 3911 2609 3967 de
2646 3910 2800 3967 Pauti
2826 3911 3087 3966 sententia
3119 3911 3326 3980 loquar,
3357 3921 3661 3981 promptum
3695 3923 3775 3968 est

2197 4016 2258 4057 ex
2292 4002 2562 4072 discipulis
2583 4015 2928 4072 cognoscam.
2957 3999 3089 4055 Nam
3115 4016 3214 4056 nec
3240 3999 3273 4055 ii
3301 4014 3459 4068 grave
3496 4015 3559 4055 ac
3596 4002 3777 4056 mole-

2196 4104 2333 4147 stum
2360 4108 2480 4148 esse
2505 4091 2897 4146 matrimonium
2924 4091 3074 4160 prius
3110 4091 3347 4145 arbitrati
3386 4099 3527 4157 sunt,
3558 4106 3724 4160 quam
3748 4107 3776 4146 a

2196 4184 2420 4240 Domino
2446 4199 2504 4240 se
2533 4185 2584 4238 in
2613 4198 2729 4238 eam
2769 4184 3137 4239 necessitatem
3176 4184 3486 4249 conclusos,
3518 4184 3569 4239 iu
3610 4200 3778 4256 quam
3846 4236 3847 4247 χ

2182 4278 2232 4324 et
2266 4286 2295 4323 a
2328 4268 2501 4324 Paullo
2524 4280 2639 4324 tum
2664 4269 2962 4330 Corinthii,
2988 4270 3263 4325 viderunt.
3299 4269 3430 4323 Illud
3458 4270 3633 4335 enim,
3656 4269 3776 4337 Qui
3846 4266 3847 4303 ἒ

2185 4377 2402 4416 uxorem
2438 4376 2591 4416 suam
2613 4360 2899 4428 dimiserit,
2932 4370 3149 4431 excepta
3172 4361 3544 4430 fornicationis
3574 4376 3777 4425 causa,

2160 4454 2314 4523 fat-it
2363 4469 2481 4506 eam
2530 4453 2782 4507 mwehari
2821 4454 3035 4520 (Matth.
3058 4455 3112 4510 5.
3144 4455 3274 4522 32);
3312 4462 3367 4510 et
3396 4453 3523 4517 hoc,
3561 4450 3661 4506 Vir
3685 4454 3777 4506 sin

2182 4543 2415 4611 corporis
2435 4542 2679 4596 dominus
2703 4559 2807 4597 non
2833 4551 2912 4596 est
2942 4542 3017 4613 (I.
3042 4541 3168 4597 Cor.
3199 4542 3247 4594 7.
3272 4544 3361 4613 4);
3388 4540 3768 4597 dissimilibus

2184 4634 2387 4699 verbis,
2412 4633 2506 4689 sed
2525 4634 2716 4689 eodem
2748 4649 2915 4690 sensu
2932 4642 3201 4705 concepta
3226 4643 3373 4689 sunt.
3404 4632 3546 4700 Quin
3573 4632 3627 4688 si
3651 4635 3785 4702 quis

2186 4732 2287 4780 hoc
2308 4724 2462 4780 Pauli
2477 4727 2790 4782 accuratius
2807 4727 3224 4787 animadvertat,
3244 4724 3587 4797 tyrannidem
3608 4732 3789 4794 auget

2198 4818 2384 4885 magis,
2428 4816 2800 4885 durioremque
2835 4815 3140 4871 servitutem
3184 4813 3376 4867 reddit.
3415 4811 3544 4866 Nam
3590 4811 3791 4867 benti-

2199 4923 2298 4962 nus
2329 4908 2445 4962 viro
2470 4922 2577 4962 non
2599 4906 2860 4977 permittit
2887 4920 3003 4959 eam
3044 4904 3204 4958 domo
3237 4904 3453 4971 exigere
3481 4904 3499 4934 ¹
3529 4919 3543 4956 :
3570 4903 3794 4960 Paulus

2198 4999 2245 5052 ei
2271 4997 2428 5051 etiam
2471 4997 2552 5051 sui
2585 4997 2825 5064 corporis
2850 4994 3084 5049 dominio
3110 5002 3324 5061 erepto,
3358 5008 3517 5047 omne
3541 4992 3670 5062 ejus
3696 4996 3795 5065 jus

2200 5091 2250 5143 in
2279 5102 2496 5142 uxorem
2515 5085 2738 5149 confert,
2756 5087 2914 5154 eique
2932 5100 3054 5139 eum
3068 5083 3318 5153 emptilio
3332 5083 3536 5137 famulo
3554 5087 3797 5154 gravius

2199 5180 2426 5250 subjicit.
2450 5178 2583 5233 ﬁuic
2612 5177 2751 5233 enim
2784 5179 2904 5231 licet
2931 5177 3191 5231 interdum
3223 5176 3444 5232 solidam
3467 5177 3798 5232 libertatem

2199 5269 2437 5339 adipisci,
2466 5269 2514 5324 si
2553 5268 2765 5340 quidem
2796 5268 2964 5337 possit
3004 5266 3285 5337 aliquando
3324 5277 3506 5323 auctus
3546 5272 3800 5336 pecunia

2201 5360 2331 5414 bere
2354 5358 2577 5428 pretium
2596 5371 2875 5413 numam
2900 5375 2912 5410 :
2934 5364 2990 5410 at
3006 5357 3106 5423 vir,
3126 5357 3363 5425 quamvis
3379 5356 3617 5411 omnium
3645 5357 3775 5412 dini
3789 5389 3802 5401 -

2199 5450 2449 5505 cillimam
2478 5462 2695 5502 uxorem
2725 5455 2908 5501 nactus
2935 5447 3021 5511 sit,
3042 5447 3355 5501 servitutem
3380 5446 3517 5500 ferre
3542 5448 3800 5516 cogitur,

2201 5554 2300 5596 nec
2326 5553 2428 5610 qua
2457 5552 2524 5594 eo
2551 5536 2820 5593 dominatu
2860 5551 2922 5593 se
2956 5536 3218 5601 absolvat,
3248 5537 3383 5592 inire
3407 5538 3544 5591 viam
3574 5547 3796 5607 potest.

2269 5734 2285 5765 ¹
2320 5740 2428 5783 Haec
2449 5730 2641 5797 paulum
2663 5727 2856 5781 diverse
2873 5728 3036 5792 jaceat
3056 5729 3107 5778 In
3125 5732 3263 5794 Reg.
3285 5726 3374 5775 sed
3398 5738 3553 5775 uanus
3573 5736 3754 5777 rectas.
