3884 6214
472 379 577 437 σεδ

544 490 675 546 ΚΘθ.
690 489 874 544 Εἰπὼν
889 488 1087 557 τοίνυν,
1103 491 1332 561 Ἠγυνὴ
1346 492 1452 547 τοῦ
1471 492 1625 546 ἰδίου
1647 491 1922 561 σώματος
1941 493 2056 547 οὐκ

472 571 825 639 ἐξουσιάζει,
852 572 1072 641 ἐπάγει’
1099 573 1197 641 Μὴ
1232 574 1619 643 ἀποστερεῖτε
1641 572 1978 640 ἀλλήλους,
2008 576 2062 627 εἰ

468 655 551 726 μή
576 673 632 709 τι
658 654 736 710 ἂν
757 655 827 709 ἐκ
861 654 1189 725 συμφώνου
1215 657 1365 725 πρὸς
1386 657 1616 726 καιρὸν,
1636 659 1738 711 ἵνα
1758 656 2063 726 σχολάση-

470 754 535 791 τε
581 736 658 807 τῇ
699 737 1013 809 προσευχῇ
1062 739 1159 792 καί
1192 738 1269 807 τῇ
1299 742 1568 809 νηστείᾳ,
1611 741 1708 795 καὶ
1744 739 1932 794 πάλιν
1962 740 2062 793 ἐπὶ

469 820 537 874 τὸ
593 822 741 876 αὐτὸ
789 820 1180 891 συνέρχεσθε.
1228 823 1463 887 Πολλοὺς
1526 823 1759 877 ἐνταῦθα
1810 822 1921 876 τῶν
1962 823 2062 894 τὴν

471 904 772 976 παρθενίαν
804 905 1238 978 ἐπανῃρημένων
1266 904 1418 978 οἶμαι
1451 908 1543 960 καὶ
1576 906 1831 977 ἐρυθριᾷν
1857 905 1951 959 καὶ
1975 906 2064 959 αἰ-

472 985 766 1056 σχύνεσθαι
815 986 907 1039 ἐπὶ
952 990 1021 1059 τῇ
1054 987 1220 1059 πολλῇ
1263 989 1670 1057 συγκαταϐἀσει
1703 988 1799 1042 τοῦ
1825 988 2058 1042 Παύλου·

471 1068 608 1123 ἀλλά
650 1071 727 1142 μὴ
766 1069 1002 1141 δείσητε,
1054 1071 1189 1142 μηδέ
1226 1071 1518 1143 ἀϐέλτερόν
1557 1090 1610 1126 τι
1644 1071 1877 1142 πάθητε.
1906 1073 2066 1125 Δοκεῖ

475 1153 574 1224 μὲν
598 1152 706 1224 γάρ
734 1154 829 1207 καὶ
856 1154 1029 1207 ταῦτα
1055 1150 1190 1208 εἰναι
1214 1154 1572 1226 χαριζομένου
1604 1157 1717 1217 τοῖς
1747 1153 2065 1223 γεγαμηκό-

476 1253 583 1291 σιν·
625 1237 674 1289 εἰ
699 1236 757 1289 δέ
790 1253 874 1301 τις
908 1237 1048 1291 αύτά
1085 1237 1328 1309 ἀκριϐῶς
1353 1237 1725 1307 διασκέψαιτο,
1766 1238 1863 1309 τῆς
1898 1238 2065 1307 αὐτῆς

474 1318 604 1374 ὄντα
631 1321 743 1383 τοῖς
771 1320 1056 1393 προτέροις
1087 1322 1307 1392 εὑρήσει
1338 1320 1585 1393 γνώμης.
1620 1321 1683 1374 Εἰ
1720 1321 1819 1391 μέν
1841 1320 1950 1393 γάρ
1980 1337 2065 1384 τις

475 1401 616 1456 αύτά
680 1401 868 1466 ἁπλῶς
923 1404 1193 1470 ἐπεξιέναι
1242 1403 1502 1473 βούλοιτο,
1549 1405 1647 1474 τῆς
1694 1401 2066 1474 προκειμένης

475 1484 833 1539 ἀπαλλάττων
872 1498 898 1526 ι
936 1485 1133 1549 αἰτίας,
1172 1486 1315 1550 δόξει
1353 1486 1723 1558 νυμφευτρίας
1755 1481 1892 1540 εἶναι
1931 1485 2066 1555 μᾶλ-

474 1567 565 1621 λον
600 1568 633 1637 ἦ
674 1568 970 1622 ἀποστόλου
1003 1569 1071 1623 τὰ
1098 1570 1339 1641 ῥήματα·
1364 1572 1411 1623 εἰ
1443 1569 1500 1623 δὲ
1526 1570 1615 1622 τὸν
1649 1569 1849 1622 σκοπὸν
1886 1567 2063 1622 ἀπαν-

471 1668 543 1704 τα
579 1650 941 1717 ἀναπτύξειε,
987 1652 1083 1704 καὶ
1122 1652 1329 1723 ταύτην
1377 1652 1600 1723 καιρίαν
1643 1653 1669 1691 ι’
1704 1652 1930 1721 εὑρήσει
1962 1651 2066 1721 τῆς

472 1732 834 1805 ἀποστολικῆς
874 1733 1029 1799 ἀξίας
1061 1734 1161 1803 τὴν
1190 1735 1530 1805 παραίνεσιν.
1566 1734 1665 1788 Διά
1707 1735 1763 1786 τί
1795 1734 1905 1807 γάρ
1959 1751 2065 1804 μα-

474 1814 736 1888 κρότερον
762 1816 1003 1882 ἐπέξεισι
1030 1816 1204 1886 τούτῳ
1237 1817 1316 1885 τῷ
1351 1817 1525 1888 λόγως
1562 1819 1621 1872 ού
1654 1817 1763 1888 γάρ
1797 1818 1957 1888 ήρκει
1978 1816 2065 1870 διὰ

472 1897 584 1951 τῶν
607 1898 866 1969 ἀνωτέρω
892 1899 1050 1953 τοῦτο
1084 1901 1408 1972 σεμνότερον
1438 1900 1832 1973 ἐνδειξάμενον,
1871 1900 2065 1971 μέχρις

476 1980 688 2034 ἐκείνου
734 1982 927 2051 στῆσαι
960 1981 1056 2053 τὴν
1085 1982 1439 2054 παραίνεσιν;
1488 1982 1539 2035 τί
1588 1984 1696 2052 γὰρ
1738 1983 1850 2054 ἔχει
1901 1983 2066 2037 πλέον

475 2061 590 2125 τοῦ,
632 2062 712 2128 Τῇ
739 2065 972 2133 γυναικί
1009 2069 1041 2119 ό
1072 2065 1229 2134 ἀνὴρ
1259 2065 1374 2133 τὴν
1405 2065 1803 2135 ὀφειλομένην
1825 2066 2068 2120 εὔνοιαν

475 2142 829 2208 ἀποδιδότω,
854 2145 967 2208 καὶ,
997 2145 1050 2197 '0
1065 2145 1220 2215 ἀνὴρ
1237 2148 1343 2203 τοῦ
1360 2147 1513 2203 ἰδίου
1528 2151 1798 2221 σώματος
1812 2153 1925 2206 οὐκ
1968 2148 2066 2212 ἐξ-

478 2225 765 2289 ουσιάζει,
789 2226 870 2290 τὸ,
900 2225 999 2295 Μὴ
1036 2227 1422 2296 ἀποστερεῖτε
1451 2229 1787 2298 ἀλλήλους,
1816 2234 1869 2284 εὶ
1896 2228 1981 2300 μή
2010 2248 2065 2285 τι

477 2309 555 2363 ἂν
581 2310 651 2364 ἐκ
671 2310 1001 2379 συμφώνου
1026 2311 1175 2379 πρὸς
1201 2316 1449 2380 καιρόν;
1484 2312 1653 2366 Πλέον
1687 2313 1785 2384 μὲν
1806 2313 1978 2367 οὐδέν·
2006 2313 2068 2367 τὸ

475 2390 533 2445 δὲ
578 2392 637 2446 ἐν
674 2391 865 2464 βραχεί
890 2394 983 2445 καὶ
1021 2393 1278 2465 ἀμυδρῶς
1308 2395 1597 2467 εἰρημένον
1626 2396 1743 2449 ἐκεῖ
1766 2395 1855 2449 διά
1888 2395 2068 2450 πλειό-

476 2492 584 2529 νων
612 2476 849 2529 ἐνταῦθα
881 2477 1214 2548 σαφέστερον
1246 2475 1620 2549 ἐξειργάσατο.
1653 2480 1806 2532 Ποιεί
1828 2479 1883 2533 δέ
1909 2480 2068 2533 τοῦτο

481 2558 817 2631 μιμούμενος
864 2559 956 2613 τὸν
996 2561 1150 2629 ἅγιον
1184 2560 1278 2614 τοῦ
1320 2561 1455 2614 Θεοῦ
1493 2562 1768 2634 Σαμουὴλ.
1802 2561 2067 2633 Καθάπερ

475 2644 584 2716 γάρ
615 2644 823 2706 ἐκεῖνος
848 2644 987 2713 μετά
1016 2645 1195 2715 πάσης
1226 2644 1515 2715 ἀκριϐείας
1546 2647 1673 2709 τοὺς
1700 2646 1829 2720 περὶ
1852 2646 1953 2717 τῆς
1973 2646 2068 2716 βα-

478 2726 682 2791 σιλείας
727 2726 1002 2796 ἐξηγεῖται
1046 2728 1243 2797 νόμους
1276 2730 1390 2791 τοῖς
1436 2727 1694 2794 ἰδιώταις,
1728 2730 1826 2800 οὐχ
1854 2729 1941 2782 ἴνα
1976 2728 2067 2782 δέ-

477 2808 696 2874 ξωνται,
728 2810 843 2863 ἀλλ’
875 2811 961 2863 ἵνα
987 2811 1060 2881 μὴ
1088 2811 1366 2875 δέξωνται·
1396 2812 1490 2864 καὶ
1518 2811 1667 2865 δοκεῖ
1695 2812 1794 2882 μὲν
1815 2811 2068 2866 διδασκα-

475 2892 564 2945 λία
601 2904 623 2931 ε
655 2892 717 2946 τὸ
762 2894 994 2964 πρᾶγμα
1026 2893 1188 2957 εἶναι,
1224 2894 1284 2947 τὸ
1329 2894 1384 2948 δέ
1421 2894 1618 2965 ἀληθὲς
1651 2895 1936 2967 ἀποτροπή
1983 2913 2067 2959 τις

474 2973 543 3048 ἦν
579 2978 678 3048 τῆς
727 2977 1025 3047 ἐπιθυμίας
1079 2976 1260 3031 αὐτῶν
1294 2978 1393 3049 τῆς
1426 2979 1679 3049 ἀκαίρουο
1716 2979 1860 3033 οῦτω
1898 2979 1994 3033 καὶ
2038 2982 2067 3033 6

476 3060 687 3125 Παῦλος
708 3059 802 3114 τοῦ
830 3061 1009 3132 γάμου
1043 3060 1139 3115 τὴν
1170 3062 1463 3133 τυραννίδα
1489 3068 1879 3133 συνεχέστερον
1912 3062 2068 3134 στρέ-

474 3163 562 3220 φιι
616 3144 711 3203 καὶ
759 3144 1117 3219 σαφέστερον,
1164 3144 1374 3209 τούτοις
1412 3147 1609 3209 αὐτοὺς
1660 3148 1776 3209 τοῖς
1820 3147 2066 3216 ῥήμασιν

474 3231 684 3286 ἐκεῖθεν
716 3230 1001 3297 ἐξελκύσαι
1046 3231 1387 3301 βουλόμενος.
1422 3227 1608 3282 Εἰπὼν
1642 3229 1771 3301 γάρ,
1818 3230 1878 3283 Ἠ
1910 3229 2066 3300 γυνὴ

474 3316 579 3370 τοῦ
632 3314 786 3368 ίδίου
841 3315 1119 3383 σώματος
1161 3317 1272 3367 οὐκ
1318 3310 1672 3377 ἐξουσιάζει,
1706 3312 1921 3381 ἐπάγει,
1968 3312 2067 3383 Μὴ

476 3397 858 3467 ἀποστερεῖτε
905 3396 1240 3462 ἀλλήλους,
1294 3397 1345 3449 εἰ
1385 3394 1471 3464 μή
1512 3412 1568 3448 τι
1610 3394 1687 3447 ἂν
1718 3395 1787 3448 ἐκ
1824 3394 2069 3465 συμφώ-

476 3496 608 3546 νου,
649 3479 750 3532 ἵνα
789 3477 1122 3547 σχολάζητε
1157 3477 1235 3545 τῇ
1272 3478 1526 3546 νηστείᾳ
1564 3478 1662 3531 καὶ
1700 3477 1775 3545 τῇ
1805 3494 2068 3548 προσευ-

626 3562 789 3633 Ὁρᾷς
820 3560 938 3625 πῶς
980 3562 1308 3623 ἀνυπόπτως
1358 3561 1453 3614 καὶ
1497 3560 1821 3631 ἀνεπαχθῶς
1859 3562 1985 3626 τοὺς
2012 3562 2069 3615 ἐν

475 3643 553 3715 τῷ
581 3644 747 3715 γάμῳ
777 3645 1037 3715 μένοντας
1070 3646 1151 3707 εἰς
1177 3645 1274 3715 τὴν
1298 3644 1394 3713 τῆς
1416 3643 1738 3714 ἐγκρατείας
1766 3643 2071 3714 γυμνασίαν

475 3729 743 3799 ἐνήγαγες
780 3728 940 3798 Παρά
976 3726 1076 3798 μὲν
1114 3727 1223 3799 γὰρ
1276 3726 1371 3797 τὴν
1405 3726 1580 3798 ἀρχὴν
1606 3727 1794 3790 ἀπλῶς
1834 3728 1897 3780 τὸ
1927 3729 2071 3798 πρᾶ-

475 3828 593 3883 γμα
628 3810 914 3883 ἐπῄνεσεν,
968 3809 1158 3864 εἰπών’
1212 3810 1417 3863 Καλὸν
1454 3809 1743 3877 ἀνθρώπῳ
1780 3809 2070 3882 γυναικὸς

474 3896 559 3967 μὴ
586 3895 900 3951 ἅπτεσθαι·
946 3892 1182 3946 ἐνταῦθα
1211 3893 1268 3946 δὲ
1308 3895 1400 3946 καὶ
1441 3898 1767 3965 παραίνεσιν
1799 3893 2070 3964 προσέθη-

476 3998 591 4043 κεν,
626 3977 813 4032 εἰπών·
840 3976 938 4046 Μὴ
963 3976 1347 4043 ἀποστερεῖτε
1372 3975 1709 4043 ἀλλήλους,
1733 3977 1784 4030 εἰ
1802 3975 1887 4045 μή
1914 3993 1969 4029 τι
1993 3976 2071 4030 ἂν

474 4063 543 4117 ἐκ
587 4060 936 4132 συμφώνου.
984 4058 1084 4112 Διά
1131 4059 1183 4112 τί
1226 4059 1283 4111 δέ
1336 4060 1430 4112 καὶ
1477 4060 1535 4114 ἐν
1577 4059 1896 4131 παραινέσει
1933 4061 2070 4131 ὅπερ

476 4146 649 4199 θεῖναι
681 4144 941 4213 ἠϐούλετο
974 4143 1291 4212 εἰσήγαγεν,
1326 4141 1442 4194 ἀλλ’
1478 4142 1578 4195 οὐκ
1609 4144 1666 4195 ἐν
1695 4142 2071 4212 ἐπιτάγματος

477 4230 751 4301 σχήματι;
785 4226 862 4281 Ού
885 4225 995 4295 γὰρ
1022 4221 1193 4277 εἶπεν·
1241 4224 1623 4301 Ἀποστερεῖτε
1648 4224 1747 4293 μὲν
1783 4224 2069 4295 ἀλλήλους,

478 4306 784 4378 συμφώνως
815 4302 894 4355 δέ·
932 4301 1071 4378 ἀλλά
1127 4301 1214 4366 τί;
1259 4300 1357 4369 Μὴ
1388 4300 1414 4337 ἀ
1442 4301 1830 4369 ἀποστερεῖτε
1877 4302 2071 4370 ἀλλή-

474 4377 645 4451 λους,
675 4386 729 4437 εἰ
768 4379 853 4451 μή
905 4396 961 4433 τι
1013 4377 1091 4433 ἂν
1129 4380 1200 4433 ἐκ
1234 4378 1584 4450 συμφώνου·
1611 4380 1692 4433 ὅτι
1725 4380 1869 4433 οῦτω
1906 4396 2072 4448 προσ-

476 4465 765 4536 ηνέστερος
795 4463 824 4514 6
852 4460 1008 4527 λόγος
1037 4459 1305 4529 ἐγίγνετο,
1338 4460 1430 4513 τοῦ
1464 4458 1784 4512 διδασκάλου
1804 4458 1902 4529 τὴν
1935 4458 2074 4527 γνώο

480 4561 587 4615 μην
616 4542 849 4603 δεικνὺς,
872 4539 934 4592 οὐ
960 4538 1099 4608 μετά
1130 4536 1492 4608 σφοδρότητος
1522 4537 1681 4590 τοῦτο
1705 4536 2070 4600 ἀπαιτοῦσαν,

475 4624 563 4677 ὅτε
604 4621 835 4693 μάλιστα
884 4618 978 4671 καὶ
1032 4617 1169 4687 μετά
1204 4616 1405 4688 πολλῆς
1443 4617 1543 4687 τῆς
1583 4615 2006 4687 εὐγνωμοσύνης
2036 4618 2070 4687 ἡ

477 4704 681 4764 ἔκτισις
704 4701 935 4769 γίνεται.
968 4697 1042 4750 Ού
1073 4696 1247 4767 τούτῳ
1278 4696 1334 4750 δὲ
1370 4693 1514 4767 μόνῳ
1541 4698 1949 4768 παραμυθεῖται
1980 4695 2074 4749 τὸν

477 4780 774 4850 ἀκροατὴν,
804 4776 939 4830 ἀλλά
961 4776 1058 4830 καὶ
1091 4774 1168 4845 τῷ
1192 4776 1253 4827 τὸ
1279 4776 1377 4844 μὲν
1406 4777 1580 4846 τραχὺ
1604 4775 1830 4846 βραχέσι
1862 4776 2075 4827 συστεῖ-

482 4861 565 4915 λαι
619 4861 851 4930 ῥήμασι,
906 4856 1035 4928 πρὶν
1085 4854 1120 4926 ἦ
1160 4855 1235 4917 δέ¹
1261 4856 1496 4926 ἀλγῆσαι
1544 4856 1634 4909 τὸν
1662 4856 1950 4916 ἀκούοντα,
1982 4854 2075 4907 ἐπὶ

487 4939 544 4991 τὰ
590 4937 825 5009 ἡδύτερα
875 4933 1280 5006 μεταπηδήσαι,
1326 4935 1422 4985 καὶ
1466 4932 1677 4996 τούτοις
1734 4930 2072 5003 ἐνδιατρίψαι

526 5018 706 5072 ἄλλον.

482 5038 834 5161 “$3.;ng
861 5093 918 5147 δέ
940 5092 1194 5159 ἐξετάσαι
1215 5092 1455 5153 κάκεῖνο,
1482 5091 1536 5143 τί
1561 5090 1782 5161 δήποτε,
1810 5089 1968 5160 εἴπερ
1993 5090 2076 5143 τί-

487 5192 610 5249 μιος
634 5175 663 5228 6
690 5174 868 5244 γάμος
895 5173 991 5225 καὶ
1019 5174 1052 5241 ή
1075 5170 1231 5239 κοίτη
1250 5170 1532 5249 ἀμίαντος,
1554 5171 1655 5226 οὐκ
1670 5170 1893 5249 ἀφίησιν
1920 5167 2073 5240 [290]

478 5247 645 5311 αὑτὸν
661 5251 843 5324 χώραν
871 5251 1015 5321 ἔχειν
1042 5252 1099 5303 ἐν
1117 5250 1194 5319 τῷ
1220 5251 1320 5319 τῆς
1336 5247 1590 5318 νηστείας
1608 5250 1704 5324 καὶ
1725 5248 1823 5317 τῆς
1850 5263 2077 5319 προσευ-

477 5334 579 5405 χῆς
616 5320 830 5403 κᾶιρῷς
862 5320 986 5381 Ὅτι
1025 5326 1132 5379 τῶν
1163 5327 1369 5398 σφόδρα
1404 5324 1638 5405 ἀτόπων
1661 5320 1751 5397 ἦν,
1787 5325 2076 5405 Ἰουδαίους

484 5399 603 5484 μέν,
640 5399 726 5475 οἷς
762 5399 980 5464 ἀπαντα
1006 5407 1078 5461 τὰ
1112 5408 1400 5475 σωματικά
1429 5404 1820 5484 διατετύπωτο,
1845 5399 1945 5484 ὀἷς
1979 5406 2075 5458 καὶ

479 5482 575 5545 δύο
616 5492 879 5559 γυναῖκας
923 5487 1067 5557 ἔχειν
1099 5486 1308 5555 ὴφείτο,
1357 5485 1452 5537 καὶ
1492 5483 1592 5546 τὰς
1635 5483 1733 5554 μὲν
1763 5482 2071 5545 ἐκϐάλλειν,

481 5570 579 5635 τάς
610 5570 667 5622 δὲ
695 5566 1058 5634 ἀντεισάγειν,
1093 5565 1364 5636 τοσαύτην
1388 5561 1657 5617 ποιεῖσθαι
1689 5560 1783 5614 τοῦ
1817 5561 2076 5632 πράγμα-

483 5667 574 5715 τος
619 5651 900 5722 πρόνοιαν,
932 5648 1010 5712 ὡς
1063 5647 1357 5719 μέλλοντας
1401 5646 1559 5700 θείων
1602 5642 1823 5696 ἀκούειν
1876 5640 2070 5708 λόγων,

488 5732 790 5803 ἀποστῆναι
819 5731 914 5785 καὶ
942 5731 1042 5802 τῆς
1073 5729 1214 5785 κατά
1238 5728 1401 5799 νόμον
1431 5726 1651 5797 μίξεως,
1681 5724 1776 5779 καὶ
1815 5722 1987 5776 ταῦτα
2012 5724 2073 5777 ού

552 5849 577 5875 ⁸
600 5848 726 5910 Reg.
750 5848 1054 5896 ἀποκόπτων.

551 5905 579 5984 1:
605 5908 909 5984 EIPVXELPEGV
938 5909 1063 5984 ιςβὶῐ
1084 5908 1215 5962 ἀξίαν
1245 5907 1400 5957 Savil.

554 5973 577 6029 ξ
605 5969 727 6029 Reg.
754 5968 1078 6023 διδασκαλίας.

552 6027 581 6069 (ι
607 6027 728 6091 “ei.
755 6030 1003 6091 ἀλλήλους,
1029 6030 1105 6077 ἵνα
1126 6028 1399 6095 σχολάσητε
1419 6033 1475 6090 τῇ
1500 6032 1762 6091 προσευχῇ,
1783 6029 1904 6076 ἀλλὰ
1929 6029 2010 6091 μῆ.

1204 381 1263 436 S.
1298 377 1585 437 JOANNIS
1620 374 2108 434 CHRYSOSTOMI
2148 377 2468 435 ARCHIEP.
2496 374 3059 436 ACONSTANTINOP.

3638 376 3747 435 553

2167 496 2297 567 μίαν
2355 497 2477 551 οὐδὲ
2533 495 2627 549 δύο
2685 494 2845 565 μόνον
2900 495 3134 566 ἡμέρας,
3189 492 3324 547 ἀλλά
3378 492 3471 548 καὶ
3512 491 3750 558 πλείους·

2161 576 2309 645 ἡμᾶς
2349 574 2407 627 δὲ
2458 575 2585 637 τοὺς
2643 572 2909 642 τοσαύτης
2951 573 3325 637 ἀπολαύοντας
3365 573 3605 643 χάριτος,
3627 573 3756 638 τοὺς

2162 653 2381 723 πνεῦμα
2417 663 2441 692 ε
2473 652 2755 714 λαϐόντας,
2791 653 2917 714 τοὺς
2958 651 3352 722 νεκρωθέντας,
3391 652 3519 715 τοὺς
3558 667 3755 705 συντα⁹

2165 733 2363 802 φέντας
2387 731 2463 801 τῷ
2499 731 2738 800 Χριστῷ,
2771 733 2897 793 τοὺς
2927 731 3202 796 υἱοθεσίας
3238 729 3589 796 ἀξιωθέντας,
3629 732 3756 794 τοὺς

2164 812 2245 874 είς
2286 811 2555 881 τοσαύτην
2608 808 2943 879 ἀναχθέντας
2981 809 3167 880 τιμὴν,
3208 810 3345 881 μετά
3391 809 3628 862 τοσαῦτα
3660 810 3754 862 καὶ

2162 890 2467 960 τηλικαῦτα
2491 889 2675 959 ἀγαθά
2709 888 2847 960 μηδέ
2871 889 2952 950 εἰς
2982 888 3080 958 τὴν
3103 887 3273 959 αὐτὴν
3307 887 3604 957 ἀφικέσθαι
3642 890 3755 951 τοῖς

2163 970 2379 1040 νηπίοις
2419 970 2649 1033 ἐκείνοις
2689 968 2952 1038 σπουδήν.
2984 968 3050 1020 Εἰ
3089 966 3147 1020 δὲ
3194 967 3445 1037 ἐπιμένοι
3473 984 3558 1031 τις
3592 966 3755 1020 πάλιν

2165 1048 2365 1118 ζητῶνο
2396 1049 2569 1112 Αὐτὸς
2603 1048 2661 1101 δὲ
2707 1047 2736 1098 6
2776 1046 3021 1117 Μωῦσῆς
3057 1046 3146 1100 διὰ
3190 1047 3244 1098 τί
3292 1048 3419 1109 τοὺς
3465 1046 3756 1108 Ἰουδαίους

2163 1128 2265 1197 τῆς
2293 1127 2511 1198 ὁμιλίας
2538 1127 2743 1199 ταύτης
2765 1128 3086 1199 ἀπήγαγεν;
3124 1127 3300 1179 ἐκεῖνο
3323 1125 3390 1179 ἂν
3415 1126 3645 1197 εἴποιμι,
3676 1126 3756 1177 ᾶτι

2165 1210 2215 1262 εἰ
2260 1208 2355 1262 καὶ
2386 1207 2566 1279 τίμιος
2606 1208 2637 1259 ὁ
2676 1208 2876 1277 γάμος,
2907 1206 3044 1260 ἀλλά
3075 1206 3236 1277 μέχρι
3266 1204 3522 1259 τοσούτου
3551 1205 3755 1273 φθάσαι

2163 1285 2366 1340 δύναιτ’
2395 1284 2483 1350 ἂν,
2514 1284 2656 1339 ὥστε
2682 1286 2756 1356 μὴ
2786 1283 3015 1356 μολῦναι
3044 1284 3135 1337 τὸν
3157 1284 3460 1355 χρώμενον,
3493 1284 3554 1338 τὸ
3583 1284 3642 1337 δὲ
3666 1284 3758 1336 καὶ

2166 1364 2355 1431 ἀγίους
2414 1364 2753 1433 ἀποφαίνειν,
2809 1363 2997 1417 οὐκέτι
3050 1364 3150 1434 τῆς
3202 1364 3411 1416 ἐκείνου
3449 1363 3757 1433 δυνάμεως,

2165 1442 2298 1496 ἀλλά
2325 1442 2424 1513 τῆς
2452 1442 2747 1514 παρθενίας
2780 1442 2953 1495 ἐστίν.
2977 1442 3101 1494 Ὀτι
3125 1442 3181 1495 δὲ
3207 1442 3269 1494 ού
3296 1442 3539 1510 Μωῦσῆς
3575 1440 3757 1512 μόνον,

2165 1522 2287 1575 ούδέ
2318 1522 2531 1585 Παῦλος
2556 1521 2728 1575 ταῦτα
2753 1520 3158 1593 παρήγγελλον,
3185 1522 3416 1575 ἄκουσον
3444 1521 3497 1574 τί
3532 1538 3703 1591 φησιν
3733 1522 3761 1574 6

2179 1600 2354 1671 Ἰωήλ·
2398 1599 2712 1671 Ἀγιάσατε
2744 1602 3056 1668 νηστείαν,
3086 1598 3387 1667 κηρύξατε
3418 1600 3758 1667 θεραπείαν,

2166 1679 2541 1749 συναγάγετε
2575 1680 2936 1746 ἐκκλησίαν,
2972 1679 3260 1743 ἐκλέξατε
3291 1679 3759 1749 πρεσϐυτέρους.

2181 1760 2321 1813 Ἀλλ’
2354 1763 2531 1814 ἐκεῖνο
2575 1761 2705 1823 ἴσως
2739 1758 2944 1830 ζητεῖς,
2995 1759 3098 1812 ποῦ
3147 1760 3407 1828 γυναικὸς
3458 1758 3762 1831 ἀπέχεσθαι

2167 1843 2488 1897 ἐϐούλευσεν
2521 1841 2584 1907 f;
2635 1842 2971 1907 Έξελθέτω,
3027 1845 3182 1915 φησί,
3229 1845 3490 1915 νυμφίος
3532 1844 3606 1898 ἐκ
3653 1844 3759 1898 τοῦ

2167 1926 2451 1993 κοιτῶνος
2495 1926 2704 1988 αὑτοῦ,
2752 1926 2853 1979 καὶ
2893 1927 3099 1995 νύμφη
3142 1927 3211 1980 ἐκ
3240 1927 3346 1981 τοῦ
3379 1927 3622 1981 παστοῦ
3660 1928 3764 1981 αὺ-

2168 2009 2297 2077 τῆς.
2343 2009 2515 2063 Τοῦτο
2553 2010 2662 2080 γὰρ
2704 2010 2798 2062 καὶ
2827 2010 3124 2063 Μωσαϊκοῦ
3159 2009 3345 2082 μεῖζόν
3378 2011 3529 2064 ἐστιν
3568 2011 3761 2064 ἐπιτά-

2168 2108 2398 2162 γματος.
2431 2093 2495 2145 Εἰ
2517 2092 2625 2165 γὰρ
2653 2091 2885 2162 νυμφίον
2921 2092 3016 2145 καὶ
3044 2092 3284 2165 νύμφην,
3316 2088 3397 2157 οἷς
3420 2094 3667 2164 ἀκμάζει
3700 2093 3764 2146 τὰ

2166 2173 2267 2244 τῆς
2314 2173 2638 2243 ἐπιθυμίας,
2684 2166 2764 2236 οἷς
2815 2174 2849 2242 ἡ
2891 2172 3083 2245 νεότης
3130 2174 3357 2245 σφριγᾷ,
3400 2168 3483 2236 οἷς
3529 2175 3558 2226 6
3601 2171 3763 2235 πόθος

2168 2251 2495 2316 ἀκάθεκτος,
2524 2253 2586 2305 ού
2620 2252 2725 2323 χρὴ
2762 2251 3000 2304 συνιέναι
3046 2251 3188 2306 κατά
3230 2252 3323 2305 τὸν
3368 2252 3467 2323 τῆς
3507 2253 3763 2323 νηστείας

2169 2331 2361 2403 καιρὸν
2409 2332 2504 2385 καὶ
2544 2330 2645 2400 τῆς
2684 2330 3018 2401 προσευχῆς,
3050 2331 3200 2400 πόσῳ
3246 2330 3447 2401 μᾶλλον
3488 2332 3616 2394 τοὺς
3658 2331 3765 2383 λοιο

2170 2412 2307 2474 ποὺς
2348 2412 2476 2474 τοὺς
2523 2410 2623 2462 οὐκ
2661 2409 2885 2479 ἔχοντας
2922 2409 3193 2481 τοσαύτην
3230 2409 3431 2481 μίξεως
3474 2409 3763 2481 ἀνάγκηνς

2168 2490 2272 2543 Τὸν
2320 2488 2430 2560 γὰρ
2476 2489 2771 2558 εὐχόμενον
2816 2487 2892 2551 ῶς
2933 2489 3037 2560 χρὴ
3086 2489 3180 2542 καὶ
3212 2490 3540 2558 νηστεύοντα
3591 2489 3766 2541 πάντα

2168 2569 2470 2642 ἀπορρίψαι
2510 2569 2592 2621 δεῖ
2636 2566 2800 2622 πόθον
2845 2567 3120 2636 βιωτικὸν,
3157 2569 3338 2622 πᾶσαν
3374 2567 3638 2637 φροντίδα
3674 2567 3767 2620 καί

2168 2649 2436 2720 διάχυσιν,
2487 2648 2580 2702 καὶ
2622 2648 2962 2719 πανταχόθεν
3010 2649 3202 2702 ἐαυτὸν
3242 2647 3619 2715 συναγαγόντα
3676 2664 3768 2700 κα-

2167 2728 2296 2794 λῶς,
2345 2727 2490 2781 οὕτω
2542 2727 2826 2798 προσιέναι
2880 2727 2960 2798 τῷ
3004 2726 3145 2797 Θεῷ.
3203 2727 3304 2781 Διά
3353 2726 3513 2780 τοῦτο
3569 2726 3669 2781 καὶ
3734 2729 3764 2796 ἡ

2167 2806 2393 2878 νηστεία
2420 2805 2603 2871 καλὸν,
2634 2807 2716 2861 ὅτι
2746 2808 3068 2877 περικόπτει
3103 2805 3202 2869 τάς
3227 2805 3325 2876 τῆς
3346 2805 3527 2877 ψυχῆς
3550 2806 3769 2877 φροντί-

2165 2886 2283 2951 δας,
2315 2887 2409 2939 καὶ
2444 2884 2544 2956 τὴν
2586 2886 2983 2957 περιρρέουσαν
3020 2885 3112 2937 τὸν
3146 2883 3271 2939 νοῦν
3302 2883 3598 2955 ὀλιγωρίαν
3633 2885 3765 2937 άνα-

2169 2966 2465 3019 στέλλουσα
2487 2964 2614 3035 ὃλην
2642 2965 2779 3036 πρὸς
2805 2966 3005 3033 ἐαυτὴν
3032 2964 3352 3035 ἐπιστρέφει
3373 2962 3473 3033 τὴν
3502 2962 3763 3016 διάνοιαν.

2168 3042 2339 3097 Τοῦτο
2364 3041 2458 3096 καὶ
2477 3045 2505 3096 6
2535 3042 2745 3106 Παῦλος
2769 3043 3143 3113 αἰνιττόμενος
3173 3041 3380 3110 ἀπάγει
3405 3043 3505 3112 τῆς
3539 3040 3764 3112 μίξεως,

2168 3123 2263 3175 καὶ
2282 3124 2347 3193 τῇ
2376 3121 2520 3186 λέξει
2546 3120 2753 3191 σφόδρα
2779 3120 2985 3191 κυρίως
3024 3120 3315 3191 κέχρηται.
3353 3120 3429 3173 υύ
3455 3119 3566 3190 γὰρ
3589 3116 3763 3181 εἶπεν,

2171 3202 2289 3256 Ἵνα
2311 3201 2387 3272 μὴ
2411 3201 2735 3273 μολυνθῆτε,
2755 3200 2894 3267 ἀλλ’,
2918 3201 3046 3255 Ἵνα
3072 3199 3410 3269 σχολάζητε
3425 3199 3500 3268 τῇ
3513 3202 3768 3267 νηστείᾳ

2167 3282 2266 3335 καί
2293 3279 2369 3348 τῇ
2398 3278 2735 3350 προσευχῇο
2766 3279 2841 3342 ὡς
2867 3280 2966 3350 τῆς
2990 3280 3127 3350 πρὸς
3155 3281 3388 3348 γυναῖκα
3416 3279 3636 3350 ὁμιλίας
3667 3281 3766 3333 οὐκ

2168 3363 2250 3425 εἰς
2278 3361 2650 3431 ἀκαθαρσίαν,
2683 3359 2798 3413 ἀλλ’
2826 3361 2907 3423 εἰς
2933 3360 3193 3431 ἀσχολίαν
3227 3359 3492 3431 ἀγούσης.

2242 3443 2367 3495 AA'.
2390 3442 2563 3495 Ὅπου
2602 3440 2711 3510 γὰρ
2741 3440 2837 3493 νῦν
2875 3439 3015 3509 μετά
3037 3440 3135 3511 τήν
3155 3439 3425 3509 τοσαύτην
3462 3438 3767 3509 ἀσφάλειαν

2171 3522 2431 3590 πειρᾶται
2462 3518 2775 3591 ἐμποδίζειν
2811 3518 2943 3587 ἡμῖν
2991 3518 3133 3570 κατά
3186 3517 3277 3570 τὸν
3318 3517 3420 3586 τῆς
3452 3520 3767 3588 προσευχῆς

2171 3599 2366 3670 καιρὸν
2396 3600 2424 3651 ὁ
2446 3598 2713 3659 διάϐολος·
2743 3596 2807 3650 ἂν
2842 3596 3247 3667 διακεχυμένην
3270 3594 3412 3667 λάϐῃ
3437 3593 3638 3665 ψυχὴν,
3675 3596 3767 3647 καὶ

2171 3678 2278 3730 ὑπὸ
2302 3677 2402 3747 τῆς
2430 3676 2567 3747 πρὸς
2597 3675 2696 3746 τὴν
2728 3677 2964 3741 γυναῖκα
3019 3672 3364 3744 συμπαθείας
3403 3670 3768 3743 μεμαλαγμέ-

2171 3775 2291 3828 νην,
2326 3758 2379 3809 τί
2423 3758 2524 3809 οὐκ
2558 3758 2852 3828 ἐργάσεται
2907 3753 3033 3824 τῇδε
3095 3754 3318 3805 κάκεῖσε
3357 3753 3483 3816 τοὺς
3521 3752 3624 3823 τῆς
3653 3752 3769 3805 δια-

2170 3838 2319 3900 νοίας
2340 3835 2719 3907 ἀναρριπίζων
2749 3832 3096 3903 όφθαλμούςς
3130 3832 3309 3905 Ὅπερ
3338 3832 3425 3886 ίνα
3461 3832 3537 3903 μὴ
3573 3832 3767 3886 πάθω-

2174 3932 2294 3986 μεν,
2368 3914 2543 3986 μηδέ,
2611 3914 2700 3967 ὅτε
2753 3913 2988 3984 μάλιστα
3038 3913 3165 3965 ὒεω
3215 3912 3587 3982 σπουδάζομεν
3636 3915 3768 3983 ήμῖν

2172 3995 2515 4065 καταστῆσαι
2550 3993 2641 4046 τὸν
2670 3992 2823 4055 Θεὸν,
2874 3993 2997 4045 τότε
3030 3990 3178 4061 αύτῷ
3209 3990 3649 4063 προσκρούωμεν
3676 3992 3767 4046 διὰ

2169 4074 2271 4144 τῆς
2300 4073 2446 4129 οῦτω
2481 4074 2716 4144 ματαίας
2746 4072 2934 4143 εύχῆς,
2975 4071 3188 4126 κελεύει
3220 4070 3322 4140 τῆς
3364 4071 3553 4142 κοίτης
3591 4070 3770 4143 ἀπηλο

2171 4153 2365 4207 λάγθαι
2396 4154 2539 4206 τότε.

2241 4172 2365 4288 ﬁgi
2396 4172 2614 4301 {£111th
2644 4231 2691 4282 οἰ
2721 4231 2834 4293 τοῖς
2860 4227 3140 4299 βασιλεῦσι
3172 4228 3511 4299 προσιόντες.
3543 4228 3597 4281 τί
3624 4227 3771 4298 λέγω

2174 4310 2513 4381 βασιλεῦσιν;
2545 4309 2793 4379 ἐσχάτοις
2830 4309 2929 4379 μὲν
2960 4303 3051 4360 οῦν
3080 4307 3329 4377 ἄρχουσι.
3362 4307 3455 4359 καί
3476 4308 3771 4371 δεσπόταις

2171 4389 2349 4443 δοῦλοι
2376 4390 2815 4458 ἐντυγχάνοντες,
2851 4388 2916 4441 ἀν
2966 4403 3026 4438 τε
3079 4387 3167 4455 ὑφ’
3200 4387 3401 4457 ἐτέρων
3446 4385 3770 4456 ἠδικημένοι

2172 4468 2329 4521 τοῦτο
2357 4467 2606 4530 ποιῶσιν,
2644 4468 2707 4521 ἀν
2730 4483 2789 4519 τε
2829 4466 2983 4518 αὐτοὶ
3008 4466 3253 4535 δεόμενοι
3285 4465 3476 4518 παθεῖν
3492 4460 3573 4531 εὖ,
3617 4465 3685 4519 ἄν
3713 4483 3769 4517 τε

2173 4548 2345 4618 ὀργήν
2376 4563 2500 4600 τινα
2521 4545 2642 4600 καθ’
2672 4544 2879 4598 ἑαυτῶν
2905 4544 3285 4615 ἐγηγερμένην
3320 4545 3568 4615 κοιμίσαι
3604 4544 3773 4598 σπεύ-

2173 4629 2354 4691 δοντες
2379 4628 2422 4691 ⁸,
2461 4625 2707 4689 καὶτοὺς
2740 4626 3053 4696 ὀφθαλμοὺς
3094 4626 3188 4678 καὶ
3221 4626 3319 4695 τὴν
3349 4625 3586 4679 διάνοιαν
3626 4626 3770 4679 ᾶπα-

2177 4722 2274 4759 σαν
2302 4704 2731 4776 ἐπιστρέψαντες
2766 4705 2902 4776 πρὸς
2958 4705 3221 4767 ἐκείνους,
3285 4703 3428 4757 οὕτω
3485 4704 3771 4759 ποιοῦνται

2174 4785 2274 4857 τὴν
2306 4784 2579 4855 ἐντυχίαν,
2615 4784 2766 4857 [291]
2808 4784 2911 4838 κᾶν
2949 4784 3142 4855 μικρὸν
3202 4783 3768 4855 ἀπορρᾳθυμήσωσιν,

2176 4866 2238 4918 ού
2282 4865 2441 4935 μόνον
2474 4866 2536 4917 οὐ
2570 4864 2941 4936 κατώρθωσαν
2969 4864 3109 4934 ὑπὲρ
3143 4857 3219 4916 ὧν
3258 4863 3488 4930 ἐδέοντο,
3514 4862 3654 4918 ἀλλά
3679 4868 3773 4919 καὶ

2176 4944 2345 4996 κακόν
2377 4961 2431 4996 τι
2484 4943 2883 5014 προσλαϐόντες
2925 4942 3168 5011 ἀπῆλθον
3214 4944 3263 4982 ιν
3296 4943 3344 4995 εἰ
3377 4943 3428 4995 οἱ
3467 4941 3645 5013 θυμὸν
3676 4946 3772 4998 ἀν·

2176 5023 2410 5091 θρώπων
2441 5022 2648 5076 παῦσαι
2691 5022 3024 5092 βουλόμενοι,
3082 5020 3320 5091 τοσαύτῃ
3374 5019 3769 5093 κέχρηνταιτῇ

2178 5103 2402 5172 σπουδῇ,
2439 5102 2493 5154 τί
2532 5101 2838 5172 πεισόμεθα
2886 5103 3052 5171 ἡμεῖς
3106 5102 3156 5153 οἰ
3201 5101 3451 5162 δείλαιοι,
3486 5102 3631 5170 μετὰ
3684 5119 3771 5154 το-

2178 5181 2383 5252 σαύτης
2422 5181 2695 5252 ῥᾳθυμίας
2740 5180 2819 5251 τῷ
2875 5179 3093 5233 πάντων
3159 5180 3404 5251 Δεσπότῃ
3451 5182 3771 5250 προσιόντες

2174 5260 2315 5331 Θεῷ,
2356 5262 2453 5313 καὶ
2477 5259 2652 5313 ταῦτα
2707 5259 2886 5330 πολλῷ
2943 5258 3187 5329 μείζονος
3215 5261 3384 5330 όργῆς
3412 5259 3567 5323 ὀντες
3601 5261 3770 5313 ὑπεύ-

2176 5340 2362 5403 θυνοι;
2404 5339 2542 5394 υῦτε
2582 5339 2691 5409 γάρ
2724 5339 2941 5409 οἰκέτης
2966 5337 3255 5409 δεσπότην,
3296 5337 3419 5391 οὔτε
3465 5339 3770 5410 ἀρχόμενος

2178 5419 2403 5490 βασιλέα
2462 5418 2819 5489 παροξύνειεν
2853 5418 2917 5471 ἂν
2965 5417 3160 5483 οὕτως,
3220 5418 3295 5482 ὡς
3342 5419 3433 5472 τὸν
3473 5420 3611 5472 Θεὸν
3647 5419 3768 5473 καθ’

2175 5501 2412 5571 ἐκάστην
2439 5498 2651 5569 ἡμέραν
2686 5501 2867 5569 ἡμεῖς.
2904 5501 3014 5552 Και
3068 5499 3228 5552 τοῦτο
3270 5498 3554 5568 ἐμφαίνων
3582 5502 3612 5553 6
3636 5500 3769 5570 Χρι-

2177 5580 2321 5644 στὸς,
2351 5579 2421 5633 τά
2457 5578 2555 5647 μὲν
2594 5578 2675 5641 είς
2732 5579 2824 5632 τὸν
2886 5578 3113 5649 πλησίον
3157 5580 3534 5650 ἁμαρτήματα
3576 5579 3766 5632 ἑκατὸν

2174 5658 2358 5712 ἐκάλει
2385 5656 2636 5728 δηνάρια,
2673 5656 2742 5710 τά
2781 5656 2839 5710 δὲ
2879 5659 2959 5721 εἰς
2996 5658 3088 5711 τὸν
3129 5657 3262 5711 Θεὸν
3305 5657 3477 5729 μύρια
3506 5658 3764 5711 τάλαντα.

2241 5783 2263 5843 9
2287 5779 2458 5843 Μοτει.
2488 5784 2560 5843 fel
2587 5778 2801 5843 Planlin.
2847 5780 3109 5843 πνεύματα,
3137 5778 3286 5829 Savil.
3314 5785 3369 5829 el
3407 5780 3532 5843 Reg.
3563 5777 3749 5842 πνεῦμα

2186 5839 2305 5895 Infra
2330 5842 2453 5902 Reg.
2481 5842 2737 5902 ἐφικέσθαι.

2247 5902 2263 5941 ί
2293 5904 2415 5964 Reg.
2441 5902 2706 5964 ἐκέλευσεν.

2245 5968 2270 6007 Β
2296 5962 2419 6023 Πρῖέ.
2443 5962 2783 6020 σπουδάζοντες
2803 6007 2816 6021 ,

2242 6028 2271 6067 ιι
2298 6028 2421 6087 Reg.
2465 6023 2780 6083 ἀπώσθησαν.
