3886 6222
255 446 445 503 XXIX.
475 447 638 514 Illud,
661 445 737 502 Nc
759 444 1070 500 defraudato
1093 445 1227 499 alter
1243 444 1493 511 alterum,
1525 461 1631 515 ejus
1661 461 1763 498 esse

187 543 269 610 qui
306 541 373 594 ad
412 541 744 610 virginitatem
783 539 1003 609 instiget.
1033 568 1103 578 -—-
1148 539 1325 608 Itaque
1359 553 1480 591 cum
1521 537 1761 599 dixisset,

191 631 332 688 Uxor
353 633 432 687 sui
456 632 681 700 carparis
707 631 912 684 domina
933 646 1030 684 non
1050 639 1142 695 est,
1166 629 1331 690 addit,
1363 627 1444 682 Ne
1469 627 1767 694 defraudate

187 726 312 778 alter
330 725 560 783 alterum,
585 723 680 776 nisi
704 723 748 776 si
771 721 894 793 quid
915 737 976 774 ea:
998 737 1243 775 consensu
1258 720 1326 773 ad
1347 731 1560 789 tempus,
1580 729 1632 772 ut
1661 735 1766 787 pre-

188 817 324 871 cibus
365 826 412 871 et
451 816 650 887 jejunio
697 815 879 869 vacetis
909 829 1246 883 :rursumque
1293 812 1467 866 eodem
1513 812 1767 864 convenite

194 910 268 978 (I.
301 906 418 961 Cor.
457 908 508 959 'l.
537 907 591 960 4.
624 905 716 976 5).
740 904 932 958 Multos
964 903 1048 957 hic
1073 918 1256 958 eorum
1295 903 1384 972 qui
1411 902 1763 972 virginitatem

189 1009 308 1053 SIIIII.
329 997 594 1065 amplexi,
637 996 688 1050 in
735 1004 876 1048 tanta
923 995 1065 1047 Pauli
1100 993 1420 1063 indulgentia
1449 991 1766 1048 erubescere

190 1106 248 1144 ac
278 1088 619 1144 verecundari
649 1087 915 1142 existimo.
961 1089 1032 1139 At
1066 1102 1130 1140 ne
1168 1086 1366 1144 timete.
1402 1100 1501 1138 neu
1525 1084 1765 1153 imperite

187 1183 468 1253 quidquam
499 1181 780 1237 admittite.
804 1181 934 1236 Nam
961 1192 1014 1234 ct
1037 1182 1148 1234 haec
1171 1181 1414 1234 videntur
1435 1196 1554 1236 esse
1576 1180 1762 1248 conju-

185 1275 338 1346 gihus
376 1274 727 1345 indulgentis;
759 1275 852 1328 sed
880 1275 924 1329 si
954 1275 1071 1342 quis
1096 1289 1157 1327 ea
1184 1282 1430 1328 accurate
1459 1283 1762 1336 scrutetur,

188 1366 422 1436 ejusdem
444 1381 564 1420 cum
593 1364 956 1435 superioribus
979 1364 1256 1419 sententia:
1290 1365 1600 1434 comperiet.
1631 1364 1767 1418 Alio-

187 1459 274 1527 qui
304 1457 346 1510 si
385 1472 447 1511 ea
479 1456 666 1512 leviter
695 1465 982 1511 tractamus
1024 1458 1348 1527 pr0positam
1386 1473 1600 1511 causam
1646 1474 1765 1510 mu-

190 1547 366 1609 tando.
396 1547 649 1616 pronubm
679 1548 856 1616 potius
882 1563 1039 1618 quam
1068 1547 1306 1616 Apostoli
1328 1548 1490 1602 verba
1508 1547 1766 1602 videbun-

189 1645 273 1690 tur
300 1655 312 1691 :
335 1638 416 1690 sin
444 1637 721 1692 consilium
748 1654 906 1693 omne
935 1640 1258 1704 evolvamus,
1287 1640 1446 1693 etiam
1490 1640 1625 1694 hanc
1671 1654 1737 1694 co

189 1727 541 1784 hortationem
574 1729 786 1800 dignam
808 1730 1098 1800 apostolica
1123 1731 1380 1800 gravitate
1408 1731 1765 1785 inveniemus.

187 1821 319 1888 Quid
358 1831 438 1875 est
473 1823 616 1875 enim
646 1838 742 1877 cur
770 1823 820 1876 in
853 1823 952 1878 hac
982 1823 1339 1893 disputatione
1369 1823 1622 1892 prolixior
1646 1820 1769 1876 est?

187 1930 254 1967 an
313 1930 414 1968 non
464 1915 512 1967 id
563 1917 693 1969 satis
746 1926 897 1982 erat,
931 1926 983 1970 ut
1031 1932 1153 1970 cmn
1207 1915 1572 1985 superioribus
1594 1914 1769 1969 verbis

191 2003 290 2058 hoc
326 2006 558 2074 graviter
601 2015 1042 2075 reprzrsentasset
1067 2049 1081 2070 ,
1113 2006 1534 2060 cohortationem
1561 2006 1666 2062 illic
1692 2006 1765 2059 si-

189 2098 385 2150 steret?
414 2112 533 2149 nam
559 2097 684 2166 quid
715 2097 816 2159 his,
846 2096 928 2151 Ne
951 2098 1250 2169 defraudate
1270 2097 1399 2151 alter
1417 2096 1653 2164 alterum,
1672 2098 1771 2152 nisi

189 2190 232 2242 si
259 2189 382 2256 quid
400 2207 463 2243 ea:
481 2207 721 2244 consensu
747 2191 815 2243 ad
846 2202 1058 2261 tempus,
1084 2193 1202 2262 plus
1221 2191 1414 2247 dicitur
1453 2208 1609 2263 quam
1643 2193 1768 2262 illis,

192 2278 352 2333 Uxori
369 2281 441 2332 vir
457 2281 673 2334 debitam
691 2283 1078 2336 benevolentiam
1095 2282 1271 2336 reddat
1290 2281 1395 2352 (Ib.
1411 2300 1456 2336 υ.
1473 2284 1547 2350 5),
1566 2294 1627 2339 et'
1646 2286 1766 2351 hoc,

202 2369 286 2421 I'ir
312 2371 393 2423 sui
421 2371 644 2441 corporis
669 2371 903 2426 dominus
931 2388 1031 2426 non
1060 2383 1128 2427 est
1147 2372 1252 2444 (Ib.
1274 2389 1318 2426 υ.
1344 2374 1767 2442 4)ἱ²ΝἰΙιΗείιηθ;

187 2463 279 2517 sed
302 2463 444 2533 quod
473 2463 580 2519 illic
607 2464 838 2518 breviter
866 2475 918 2519 et
945 2465 1170 2520 obscure
1191 2467 1390 2521 dictum
1419 2483 1460 2522 ex
1481 2477 1519 2533 ι,
1549 2467 1630 2521 hic
1658 2468 1773 2536 plu-

189 2554 336 2607 ribus
366 2554 609 2609 illustrat.
643 2558 815 2625 Atque
847 2557 894 2609 id
933 2558 1050 2612 facit
1083 2568 1323 2612 sanctum
1354 2558 1444 2611 Dei
1469 2559 1769 2612 Satnuelem

186 2645 440 2699 imitatus.
473 2644 540 2702 Ut
565 2649 703 2700 enim
728 2647 813 2701 ille
829 2647 1224 2702 accuratissime
1243 2650 1390 2716 regni
1417 2649 1557 2719 leges
1580 2653 1772 2718 pepulo

188 2745 454 2800 recenset,
495 2752 598 2790 non
629 2745 686 2790 ut
726 2753 812 2790 eas
848 2739 1174 2808 suscipiant,
1221 2741 1409 2796 sedne
1447 2741 1769 2811 suscipiant;

187 2830 378 2898 agique
404 2829 661 2884 institutio
685 2831 924 2900 quaedam
954 2833 1182 2898 videtur,
1200 2848 1320 2888 cum
1359 2848 1539 2890 revera
1583 2835 1776 2890 intem-

189 2923 409 2991 pestiva:
438 2937 620 2976 eorum
645 2924 946 2992 cupiditatis
972 2924 1270 2981 dehortatio
1291 2927 1362 2981 sit
1387 2944 1400 2981 :
1424 2926 1490 2980 ad
1525 2926 1771 2981 eumdem

191 3013 408 3066 tnodum
437 3023 488 3066 et
517 3013 710 3068 Paulus
741 3015 1062 3069 matrimonii
1090 3015 1422 3087 tyrannidem
1443 3015 1775 3087 frequentius

187 3115 238 3158 et
267 3106 503 3173 apertius
532 3105 778 3171 inculcat,
807 3122 900 3160 eos
929 3107 1010 3161 bis
1042 3108 1216 3162 verbis
1241 3109 1423 3163 volens
1459 3107 1582 3163 inde
1617 3123 1773 3163 revo-

188 3214 335 3252 care.
387 3199 569 3267 Itaque
611 3199 657 3252 ei
701 3201 1000 3263 sentcntiw,
1036 3199 1179 3254 Uxor
1208 3202 1285 3254 sui
1317 3202 1541 3271 corporis
1569 3201 1775 3254 domina

188 3306 290 3342 non
322 3299 414 3353 est,
438 3289 602 3353 addit,
639 3291 719 3342 Ne
740 3292 1041 3362 defraudule
1060 3294 1187 3345 alter
1206 3292 1441 3357 alterunt,
1469 3293 1565 3345 nisi
1593 3292 1777 3358 siquid

189 3396 253 3433 ea:
278 3397 540 3443 consensu,
562 3393 613 3433 ut
626 3383 827 3451 jejunio
854 3393 900 3435 et
929 3383 1154 3452 precibus
1175 3385 1376 3437 vacetis.
1412 3383 1571 3438 Vides
1601 3393 1656 3436 ut
1679 3399 1778 3438 nec

187 3471 410 3539 opinato
434 3480 487 3524 et
507 3471 623 3526 sine
650 3473 910 3534 molestia,
939 3489 1032 3527 eos
1057 3476 1143 3543 qui
1168 3476 1218 3528 in
1247 3475 1586 3528 matrimonio
1616 3477 1777 3545 dege-

189 3573 312 3617 rent
332 3563 397 3617 ad
427 3566 765 3618 continentia:
797 3566 1028 3620 studium
1056 3567 1312 3621 inducat?
1352 3567 1485 3621 Nam
1519 3568 1777 3637 principio

189 3671 304 3708 retu
339 3656 568 3710 laudavit
603 3657 816 3723 dicens,
843 3657 1039 3712 Bonum
1074 3671 1146 3714 est
1173 3661 1363 3714 homini
1393 3663 1649 3715 mulierem
1676 3679 1778 3715 non

190 3754 398 3815 tangere
418 3747 495 3815 (I.
512 3746 629 3800 Cor.
653 3750 704 3804 7.
733 3750 786 3818 l)
811 3767 824 3801 :
850 3749 1159 3806 bicadltibet
1179 3752 1335 3806 etiam
1355 3752 1776 3807 eohortatiouem

191 3838 273 3891 his
298 3839 492 3903 verbis,
525 3838 606 3894 Ne
631 3840 939 3910 defraudetis
965 3843 1094 3897 alter
1119 3844 1353 3911 alterum,
1381 3846 1477 3898 nisi
1505 3846 1550 3898 si
1576 3845 1695 3916 quid
1717 3862 1779 3900 ex

189 3946 456 3984 consensu.
488 3930 553 3985 Et
581 3947 678 3986 cur
695 3933 836 4003 quod
857 3934 1204 3989 constitutum
1234 3937 1464 4001 volebat,
1497 3936 1780 3991 hortaban-

190 4021 312 4086 dns,
344 4037 451 4075 non
475 4022 887 4092 imperabundus
915 4026 1202 4095 proponit?
1241 4026 1422 4096 Neque
1451 4027 1594 4082 enim
1622 4027 1775 4091 dixit,

193 4114 516 4169 Defraudate
535 4116 669 4170 alter
693 4117 937 4184 alterum,
960 4116 1249 4173 dummodo
1269 4135 1335 4172 ex
1359 4133 1655 4184 consensu;
1685 4120 1778 4173 sed

188 4205 356 4272 quid?
384 4203 469 4258 Ne
492 4204 790 4276 defraudale
813 4207 938 4261 alter
962 4208 1196 4275 alterum,
1227 4209 1326 4261 nisi
1358 4211 1403 4263 si
1426 4210 1548 4279 quid
1575 4227 1638 4265 ea:
1655 4227 1779 4263 con-

188 4312 360 4349 sensu.
395 4295 526 4363 Quia
555 4296 640 4351 hic
665 4313 841 4362 sermo
871 4298 1037 4353 levior
1064 4307 1172 4364 est,
1202 4299 1435 4355 doctoris
1462 4304 1778 4355 sententam

187 4387 564 4442 demonstrans
591 4427 606 4454 ,
637 4403 754 4458 qua:
781 4388 945 4458 rigide
969 4389 1020 4443 id
1051 4405 1156 4443 non
1181 4391 1372 4460 exigat,
1401 4405 1522 4444 cum
1553 4392 1780 4446 maxime

190 4491 406 4530 smnma
437 4477 802 4532 benevolentia
834 4479 1179 4548 persolvatur.
1203 4480 1382 4550 Neque
1406 4497 1470 4536 eo
1492 4482 1607 4536 solo
1631 4483 1782 4536 audi-

192 4577 366 4621 tori-tn
394 4568 612 4632 solatur,
643 4572 735 4623 sed
765 4571 924 4624 etiam
946 4571 1085 4640 quod
1109 4587 1354 4641 asperum
1384 4573 1633 4628 brevibus
1663 4590 1781 4628 ver-

189 4658 276 4711 bis
309 4659 616 4726 eomplexus
645 4661 790 4729 prius
811 4661 877 4715 ad
899 4662 1132 4730 jucunda
1154 4673 1471 4730 revertatur,
1497 4681 1653 4734 quam
1683 4683 1779 4720 au-

189 4750 426 4804 ditorem
453 4750 606 4804 dolor
623 4753 862 4822 attingat,
892 4753 943 4806 in
976 4755 1143 4823 iisque
1170 4757 1334 4824 magis
1361 4766 1616 4810 moretur.

268 4842 444 4896 XXX.
474 4842 575 4897 Cur
595 4845 638 4898 si
660 4847 960 4899 honoratum
987 4849 1360 4900 matrimonium
1382 4859 1474 4913 est,
1490 4851 1782 4919 jejunantcs

187 4937 426 4987 hortetur
471 4933 669 4990 Paulus
724 4954 993 5007 congressu
1046 4940 1406 4993 abstinete.—
1433 4945 1606 5010 Atque
1653 4943 1782 4996 illud

185 5028 356 5080 etiam
400 5030 690 5096 quiestione
741 5030 958 5100 dignum
1004 5041 1105 5095 est,
1156 5047 1272 5096 cur,
1322 5033 1367 5086 si
1415 5034 1627 5102 quidem
1688 5035 1784 5089 ho-

188 5119 438 5175 uorabile
485 5132 565 5176 est
621 5123 1016 5177 matrimonium
1069 5131 1124 5178 et
1175 5134 1320 5178 torus
1367 5125 1734 5180 immaculatus
1765 5169 1778 5193 ,

185 5210 238 5264 ei
301 5225 520 5279 precum
572 5227 634 5265 ac
681 5213 870 5281 jejunii
915 5222 1154 5282 tempore
1207 5214 1380 5267 locum
1427 5214 1624 5270 habere
1677 5233 1780 5271 non

186 5300 508 5370 permittat?
557 5302 706 5369 Quod
754 5303 1132 5370 perabsurdum
1179 5313 1340 5371 esset,
1371 5303 1616 5368 Jud;eos,
1663 5307 1780 5376 qni-

183 5395 292 5449 bus
333 5395 509 5448 omnia
557 5411 812 5464 corporea
855 5397 1328 5463 constituebantur,
1364 5399 1452 5467 qui
1477 5399 1608 5453 duas
1651 5417 1781 5453 con-

177 5488 349 5558 joges
374 5488 571 5544 habere
594 5530 610 5557 ,
665 5497 720 5544 et
765 5489 882 5545 aliis
917 5491 1102 5562 ejectis
1133 5491 1264 5545 alias
1301 5490 1599 5548 adsciscere
1643 5493 1785 5547 sine-

179 5577 420 5640 bantur,
454 5585 661 5632 tantam
697 5581 751 5633 in
773 5581 874 5634 hac
906 5598 964 5636 re
987 5595 1207 5652 Operam
1233 5599 1464 5655 ponere,
1502 5593 1561 5639 ut
1584 5585 1771 5641 divina

179 5671 414 5725 oracula
456 5671 733 5738 audituri,
766 5675 930 5729 etiam
977 5676 1220 5748 legitimo
1247 5678 1394 5732 coitu
1428 5677 1770 5733 abstinerent

181 5763 393 5824 (Exod.
431 5763 537 5832 I9).
565 5765 728 5830 idque
750 5782 858 5822 non
893 5783 1063 5824 unum
1092 5776 1186 5824 aut
1222 5769 1453 5825 alterum
1483 5769 1644 5838 diem,
1677 5772 1771 5826 sed

1530 331 1615 388 DE
1643 331 2101 387 VIRGINIT.\TE.

3343 329 3506 408 sse,

1872 446 2028 498 cliatn
2053 445 2228 513 plures
2255 460 2267 498 ε
2298 460 2398 500 nos
2418 454 2597 501 autem
2621 454 2764 501 tanta
2785 446 3006 502 allectos
3026 447 3210 518 gratia,
3229 451 3313 519 qui
3344 450 3452 520 spi-

1873 536 2039 588 ritalia
2065 537 2384 605 accepimus,
2413 537 2708 601 defunctos,
2731 555 2851 593 cum
2878 539 3089 593 Christo
3109 541 3451 610 consepultus

1872 629 1889 691 (
1910 628 2029 680 Vide
2049 628 2119 681 ad
2145 627 2294 686 Rom.
2323 629 2402 700 8),
2433 630 2717 701 adoptione
2747 642 2950 699 auctos,
2977 632 3040 686 ad
3074 648 3190 688 eam
3218 633 3449 705 dignita-

1872 729 1975 774 teut
2001 732 2230 786 evectos,
2267 732 2384 792 post
2413 732 2486 777 tot
2514 734 2760 794 tantaque
2787 725 2922 779 bona
2952 743 3017 780 ne
3041 726 3314 782 infantium
3337 730 3454 798 qui-

1869 811 1989 865 dem
2019 812 2226 865 illorum
2256 814 2486 868 studium
2521 815 2792 885 consequi.
2832 816 2982 882 Quod
3023 817 3064 870 si
3099 819 3215 887 quis
3258 818 3451 873 iterum

1869 917 2111 971 quaerere
2140 903 2403 972 pet-sistat,
2428 920 2523 958 cur
2543 905 2714 960 Moses
2746 906 2857 975 ipse
2886 907 3096 961 Iudaeos
3124 908 3192 961 ab
3221 923 3286 962 eo
3307 909 3451 962 coitu

1869 992 2113 1055 abducat,
2145 993 2194 1047 id
2224 993 2416 1049 habeat
2439 1010 2750 1064 responsum
2782 1013 2796 1051 :
2835 997 2934 1052 etsi
2981 997 3290 1053 Itonoraltile
3333 1013 3450 1051 ma-

1872 1085 2176 1140 trimonium
2217 1086 2305 1152 sit,
2334 1097 2389 1140 at
2425 1101 2492 1142 eo
2537 1089 2707 1142 solmn
2751 1090 3081 1160 pertingere,
3113 1099 3171 1145 ut
3215 1103 3452 1146 utentem

1871 1190 1974 1229 non
1998 1176 2256 1245 inquinet.
2279 1189 2489 1234 sanctos
2517 1195 2642 1235 vero
2675 1191 2926 1250 pra‘stare
2965 1199 3068 1235 non
3107 1183 3232 1236 illttd
3273 1199 3453 1253 posse,

1869 1267 1963 1320 sed
1982 1267 2353 1337 virginitatem.
2383 1270 2460 1324 Ne
2483 1287 2607 1325 vero
2633 1282 2782 1340 putes
2811 1287 2870 1326 ea
2897 1273 3073 1327 Mosen
3097 1274 3270 1327 solum
3297 1284 3454 1343 atque

1871 1358 2091 1414 Paulum
2133 1362 2382 1429 edixisse,
2415 1364 2536 1417 audi
2586 1365 2710 1434 quid
2753 1365 2866 1419 Joel
2911 1366 3053 1420 dicat
3085 1386 3096 1420 :
3127 1366 3456 1435 Sancti/irate

1861 1451 2134 1521 jejunium,
2167 1453 2439 1520 prazdicate
2461 1455 2790 1519 curationem,
2821 1457 2982 1527 cogite
3004 1466 3203 1522 aetum,
3235 1459 3455 1511 seniores

1871 1558 2170 1614 congregate
2199 1543 2336 1615 (Joel
2387 1545 2441 1599 9..
2474 1546 2582 1618 15).
2628 1547 2730 1602 Sed
2775 1551 2969 1618 quzrris
2991 1593 3004 1610 .
3043 1550 3254 1602 ubinam
3285 1566 3453 1605 uxore

1871 1633 2240 1689 abstinendum
2272 1636 2445 1690 dicat?
2473 1636 2800 1706 Egrediatur,
2830 1641 3016 1706 inqttit,
3045 1657 3256 1708 sponsus
3276 1642 3337 1693 de
3357 1659 3450 1694 cu-

1871 1721 1960 1775 bili
1985 1741 2094 1788 suo,
2125 1735 2172 1778 et
2201 1743 2385 1796 sponsa
2411 1728 2474 1781 de
2502 1728 2725 1783 tlmlamo
2751 1747 2842 1784 suo
2870 1729 2973 1802 (Ib.
3001 1747 3047 1784 υ.
3081 1733 3186 1802 I6).
3225 1732 3278 1786 Id
3311 1739 3450 1788 enim

1873 1813 2102 1870 Mosaico
2129 1816 2290 1870 etiam
2319 1819 2488 1886 majus
2515 1828 2598 1872 est
2630 1831 2915 1891 praecepto.
2960 1821 3092 1876 Nam
3123 1823 3167 1877 si
3197 1839 3452 1893 Sponsum

1872 1921 1935 1960 ac
1961 1921 2208 1974 sponsam
2237 1909 2453 1964 libidine
2476 1911 2747 1978 ardentes,
2771 1913 2987 1982 juventa
3015 1917 3335 1983 prurientes,
3359 1934 3453 1972 cu-

1872 1997 2091 2066 piditate
2116 1999 2368 2068 infrenos,
2386 2000 2574 2070 jejunii
2602 2012 2655 2057 et
2685 2018 2900 2073 precum
2924 2014 3160 2074 tempore
3187 2007 3332 2062 coire
3358 2023 3448 2063 ne-

1874 2087 1954 2141 fas
1975 2098 2083 2153 est,
2113 2099 2311 2159 quanto
2337 2093 2502 2163 magis
2531 2102 2756 2150 caeteros
2783 2111 2900 2150 eam
2938 2097 3313 2167 congrediendi
3361 2116 3455 2153 ne-

1873 2181 2174 2237 tessitatcm
2204 2199 2309 2238 non
2339 2183 2630 2240 habentes?
2667 2186 2766 2252 Qui
2792 2188 2933 2243 enim
2965 2195 3021 2242 ut
3040 2188 3192 2243 decet
3217 2204 3458 2259 compre-

1872 2281 2023 2325 cetur
2061 2287 2127 2327 ac
2159 2273 2382 2342 jejunet,
2425 2277 2472 2331 ei
2515 2291 2735 2332 necesse
2780 2283 2869 2341 sit,
2910 2295 3068 2334 onme
3111 2282 3458 2336 humanarum

1875 2379 2052 2418 rerum
2081 2366 2335 2433 studium,
2361 2383 2573 2424 omnem
2604 2385 2784 2424 curam
2813 2379 2865 2424 et
2896 2373 3162 2441 negotium
3191 2373 3454 2442 abjicere,

1874 2469 1938 2509 ac
1961 2470 2020 2509 se
2052 2456 2281 2528 undique
2313 2459 2649 2529 colligentem
2689 2462 2852 2516 Deum
2892 2463 3059 2518 adire.
3103 2463 3278 2530 Quare
3305 2475 3359 2518 et
3381 2465 3458 2534 je~

1870 2544 2075 2614 jnnium
2119 2547 2314 2603 bonum
2352 2560 2456 2618 est,
2485 2552 2679 2621 quippe
2707 2553 2846 2623 quod
2879 2555 3063 2609 recisis
3091 2557 3250 2608 animi
3282 2558 3456 2624 curis,

1874 2653 1938 2693 ac
1963 2640 2280 2710 negligentia
2319 2659 2438 2714 qua:
2481 2654 2710 2701 mentem
2741 2647 3073 2702 circumfluat
3099 2664 3339 2718 repressa
3366 2665 3459 2704 co-

1873 2732 2181 2801 gitationem
2212 2752 2424 2790 onmem
2452 2738 2518 2792 ad
2539 2753 2598 2793 se
2633 2750 2926 2794 convertat.
2957 2741 3008 2795 Id
3031 2743 3241 2811 quodet
3267 2743 3459 2797 Paulus

1877 2825 2122 2892 innuens,
2149 2843 2177 2880 a
2208 2819 2493 2897 congressu
2523 2839 2689 2896 arcet,
2714 2840 2766 2884 et
2788 2832 2963 2886 verbis
2995 2835 3156 2887 utEtur
3175 2833 3458 2887 admodum

1877 2918 2208 2986 opportunis.
2258 2918 2372 2973 Non
2424 2919 2564 2974 enim
2609 2922 2705 2986 ait,
2733 2922 2810 2976 Ne
2854 2923 3222 2993 inquinetuini,
3251 2925 3364 2989 sed,
3393 2924 3462 2980 Ut

1866 3009 2070 3078 jejunio
2099 3020 2145 3063 et
2172 3010 2398 3079 precibus
2422 3012 2604 3065 vacetis
2630 3029 2648 3066 :
2675 3014 2818 3067 velut
2845 3015 2986 3068 coitu
3021 3030 3140 3069 cum
3167 3031 3329 3070 uxore
3357 3031 3461 3070 non

1877 3099 1941 3154 ad
1965 3098 2276 3166 foeditatem,
2305 3102 2398 3156 sed
2425 3102 2491 3156 ad
2517 3105 2916 3173 oceupationem
2945 3120 3042 3160 nos
3071 3115 3312 3177 cogente.

1950 3191 2143 3246 XXXI.
2177 3193 2277 3259 Qui
2304 3195 2670 3263 precationibus
2698 3196 2791 3248 rite
2806 3212 3010 3265 cperant
3037 3197 3157 3250 dare
3183 3198 3353 3264 velint,
3379 3215 3466 3250 ne-

1879 3286 2095 3340 cessario
2141 3285 2367 3340 Paulum
2405 3302 2437 3338 a
2480 3287 2743 3341 concubitu
2789 3304 3044 3344 evocasse.
3078 3320 3141 3329 —
3165 3289 3294 3344 Nam
3338 3305 3460 3344 cum

1878 3393 2020 3432 nunc
2050 3385 2167 3447 post
2197 3386 2272 3432 tot
2304 3379 2544 3448 praesidia
2580 3379 2837 3449 impedire
2868 3395 2962 3436 nos
2989 3397 3201 3451 precum
3227 3391 3466 3452 tempore

1880 3471 2126 3526 diabolus
2157 3481 2399 3539 conetur,
2427 3473 2614 3542 ecquid
2645 3490 2746 3528 non
2779 3476 3028 3531 molietur
3053 3477 3246 3531 utentis
3281 3477 3464 3531 oculos

1880 3561 1984 3616 huc
2014 3562 2135 3616 illuc
2157 3561 2428 3632 jactando,
2449 3564 2682 3617 animum
2711 3551 2898 3618 nactus
2923 3565 3272 3628 difﬂuentem.
3301 3575 3463 3636 atque

1880 3655 2062 3708 uxoris
2098 3655 2274 3710 studio
2303 3656 2634 3711 emollitmn?
2676 3657 2826 3723 Quod
2859 3673 2926 3712 ne
2955 3665 3292 3728 pateremur,
3330 3674 3466 3715 neve

1879 3761 1999 3801 cum
2030 3746 2360 3815 potissimum
2385 3746 2436 3800 id
2463 3747 2686 3816 aginins,
2716 3757 2773 3801 ut
2813 3748 2977 3802 Deum
3006 3748 3159 3804 nobis
3180 3749 3465 3818 propitium

1879 3854 2268 3907 comparemus,
2302 3849 2410 3893 tum
2443 3854 2600 3909 prece
2628 3839 2762 3894 adeo
2791 3840 2920 3894 futili
2951 3856 3070 3896 cum
3101 3841 3430 3896 irritaremus
3449 3883 3464 3907 ,

1880 3933 2027 4000 jubet
2056 3939 2162 3983 tum
2190 3947 2216 3982 a
2247 3931 2387 3985 coitu
2415 3947 2572 3998 puros
2597 3948 2736 3985 esse.

1952 4020 2167 4075 XXXII.
2197 4022 2294 4088 Qui
2328 4024 2547 4092 segniter
2569 4035 2850 4091 precentur,
2874 4041 2974 4077 non
3006 4026 3154 4078 modo
3183 4025 3341 4079 Deum.
3366 4045 3465 4080 nun

1883 4114 2177 4183 propitiare,
2198 4113 2284 4166 sed
2305 4113 2453 4166 etiam
2468 4113 2685 4167 irritare.
2702 4114 2991 4168 ——Etenitn
3021 4116 3063 4168 si
3090 4117 3177 4185 qui
3203 4132 3353 4185 reges
3369 4119 3464 4170 ad-

1883 4213 2038 4269 eunt;
2070 4211 2124 4258 et
2149 4204 2272 4273 quid
2300 4219 2450 4273 reges
2478 4203 2633 4258 dico?
2657 4205 2764 4258 imo
2789 4220 2916 4261 vero
2956 4207 3164 4262 infimus
3193 4209 3468 4277 magistra-

1886 4306 1989 4361 tus,
2017 4305 2071 4349 et
2099 4295 2236 4350 servi
2265 4295 2424 4349 heros
2450 4295 2800 4364 alloquentes,
2842 4311 2936 4351 seu
2981 4297 3034 4351 id
3072 4307 3232 4368 agant
3277 4299 3466 4368 injuria

1883 4387 1951 4440 ab
1979 4388 2096 4441 aliis
2127 4386 2322 4452 affecti,
2354 4403 2446 4442 seu
2480 4387 2792 4442 beneficium
2838 4388 2933 4457 ipsi
2979 4391 3339 4458 postulantes,
3377 4407 3468 4446 seu

1885 4480 2016 4533 iram
2065 4480 2116 4533 iu
2168 4494 2226 4533 se
2269 4481 2548 4533 excitatam
2593 4480 2768 4548 sopire
2810 4489 3076 4543 curantes.
3121 4490 3174 4535 et
3211 4483 3380 4536 oculis
3418 4492 3471 4536 et

1888 4579 2065 4627 mente
2093 4572 2234 4626 omni
2264 4571 2328 4625 ad
2359 4588 2452 4627 eos
2477 4587 2755 4639 conversa,
2787 4573 2854 4626 ita
2884 4573 3204 4644 colloquium
3237 4573 3429 4627 habent
3454 4593 3468 4638 ;

1886 4663 1968 4716 sin
1996 4664 2270 4717 minimum
2305 4671 2564 4731 torpeant,
2601 4679 2705 4716 non
2732 4664 2900 4716 solum
2932 4680 3027 4732 pro
3052 4664 3244 4733 quibus
3270 4666 3472 4734 suppli-

1886 4755 2080 4809 cabunt
2105 4771 2210 4807 non
2240 4754 2547 4823 perficient,
2580 4753 2672 4808 sed
2703 4754 2843 4807 malo
2871 4755 3030 4808 etiam
3061 4765 3279 4822 accepto
3299 4755 3472 4809 disce-

1887 4845 2015 4900 dent
2045 4863 2056 4898 :
2085 4846 2130 4900 si
2169 4846 2255 4914 qui
2292 4845 2564 4898 hominum
2595 4842 2826 4899 furorem
2854 4845 3023 4900 lenire
3051 4845 3262 4909 volunt,
3295 4855 3468 4900 tauto-

1889 4953 2016 5007 pere
2053 4937 2321 5001 laborant;
2371 4937 2495 5005 quid
2538 4937 2690 4989 nobis
2729 4935 2939 4992 miseris
2970 4936 3080 5004 ﬁet,
3112 4938 3201 5006 qui
3235 4938 3469 4991 omnium

1891 5028 2178 5096 principem
2236 5026 2398 5080 Deum
2424 5027 2557 5080 adeo
2582 5027 2909 5098 negligenter
2951 5027 3157 5081 adimus
3180 5069 3192 5092 ,
3242 5030 3469 5083 maxime

1889 5138 2007 5175 Cum
2036 5122 2191 5190 longe
2219 5120 2404 5189 majori
2427 5120 2594 5174 simus
2625 5120 2715 5174 ira:
2741 5119 2987 5174 obnoxii?
3012 5119 3194 5191 Neque
3215 5121 3354 5174 enim
3380 5120 3461 5175 lte-

1888 5229 2006 5268 rum
2041 5228 2247 5278 servus,
2275 5221 2365 5266 aut
2403 5229 2581 5281 regem
2613 5211 2853 5266 subditus
2879 5219 2982 5266 tam
3013 5212 3243 5281 graviter
3275 5212 3460 5277 irritat,

1887 5317 2046 5377 atque
2074 5322 2172 5362 nos
2199 5307 2365 5361 Deum
2390 5307 2439 5358 in
2462 5305 2595 5360 dies.
2625 5308 2795 5375 Atque
2823 5304 2870 5358 id
2900 5305 3202 5375 signiﬁcans
3227 5303 3465 5359 Christus

1890 5408 2103 5470 peccata
2149 5400 2198 5451 in
2226 5399 2383 5451 alium
2414 5407 2624 5451 centum
2669 5397 2937 5461 denarius,
2969 5402 3019 5450 in
3073 5397 3235 5450 Deum
3283 5396 3466 5451 decem

1890 5492 2049 5546 millia
2080 5492 2279 5546 talenta
2310 5490 2616 5545 nominabat
2642 5489 2850 5559 (Matth.
2883 5489 2968 5542 18.
3003 5489 3118 5557 24).
3148 5487 3320 5552 Quare
3345 5502 3466 5541 cum

1889 5599 2010 5638 eum
2037 5583 2284 5637 sedandae
2312 5592 2470 5637 tantm
2509 5583 2622 5649 irze,
2655 5583 2895 5651 ejusque,
2919 5596 3075 5650 quem
3103 5579 3340 5649 quotidie
3368 5595 3465 5650 op-

1892 5690 2202 5745 pugnemus,
2233 5675 2548 5744 propitiandi
2575 5688 2732 5728 causa
2758 5672 2999 5742 precibus
3026 5670 3252 5731 adimus.
3277 5671 3465 5725 merito

1891 5784 1987 5824 nos
2029 5769 2095 5824 ab
2137 5786 2201 5824 ea
2243 5769 2510 5839 voluptate
2555 5777 2728 5832 arcet,
2759 5764 2910 5837 quasi
2951 5764 3131 5820 dicat:
3167 5765 3239 5822 De
3287 5765 3462 5823 anitns
