3886 6222
389 296 496 356 επ
1135 297 1190 355 S.
1231 297 1509 356 JOANNIS
1544 295 2016 354 CIIRYSOSTORII
2057 295 2376 354 ARCBIEP.
2418 296 2950 357 CONSTANTINOP.
3561 306 3660 363 556

393 414 546 468 nobis
585 411 792 483 agitur,
819 412 1100 480 carissimi,
1126 412 1198 469 de
1232 428 1441 469 summa
1470 429 1648 468 rerum
1679 414 1970 484 periculum

389 516 506 571 est;
544 505 902 572 tremendum,
936 505 1282 571 horrendum,
1319 504 1708 561 formidandum
1735 515 1835 561 est.
1873 507 1978 562 He-

392 614 508 652 rum
560 598 768 653 adimus
816 599 1128 658 terribilem.
1177 601 1447 654 multoties
1485 614 1516 653 a
1563 599 1719 655 nobis
1764 600 1971 667 Itesum,

393 691 559 744 multa
616 690 897 744 habentem
935 705 1052 759 quae
1084 691 1357 745 nobiscum
1385 691 1704 760 expostulet.
1730 691 1845 746 Non
1874 691 1975 747 hoc

390 793 599 851 tempus
630 792 710 836 est
749 782 1110 852 amplexuum,
1136 797 1240 837 non
1268 783 1618 853 voluptatum,
1660 783 1752 838 sed
1796 785 1973 855 lacry-

387 887 618 938 marum,
636 874 946 929 acerborum
968 876 1279 944 gemituum,
1307 877 1695 944 prostrationis,
1714 889 1974 931 accuratte

387 966 762 1032 coniessionis,
812 966 1081 1037 diligentis
1127 967 1571 1037 supplicationis,
1616 968 1972 1037 frequentium

389 1073 643 1129 precum;
671 1058 1097 1128 quandoquidem
1121 1058 1258 1113 bene
1295 1074 1418 1114 eum
1459 1075 1525 1114 eo
1560 1070 1747 1129 agatur
1772 1060 1861 1130 qui
1892 1060 1973 1114 vel

391 1158 540 1205 tanto
573 1149 750 1204 studio
774 1165 903 1203 iram
931 1165 1048 1203 eam
1076 1149 1257 1213 leniat,
1287 1164 1392 1205 non
1419 1151 1538 1218 quia
1570 1150 1734 1205 durus
1761 1165 1824 1205 ac
1849 1165 1974 1205 cru-

389 1240 529 1296 delis
555 1241 625 1295 sit
653 1241 906 1295 Dominus
936 1253 1145 1307 noster;
1173 1252 1255 1296 est
1280 1242 1422 1296 enim
1450 1241 1736 1297 admodum
1764 1242 1896 1296 lenis
1922 1250 1976 1297 et

395 1336 686 1399 humanus;
733 1335 826 1389 sed
868 1334 1128 1388 scelerum
1174 1343 1480 1389 uestrorum
1525 1334 1832 1405 magnitudo
1874 1335 1974 1389 etsi

392 1427 675 1497 benignum
701 1468 716 1493 ,
769 1427 1085 1482 clementem
1127 1436 1287 1497 atque
1332 1427 1728 1481 misericordem
1753 1464 1771 1492 ,
1824 1425 1977 1483 facile

392 1520 547 1573 nobis
574 1519 846 1587 ignoscere
889 1533 992 1571 non
1038 1518 1185 1572 sinit.
1233 1517 1410 1587 Itaque
1447 1518 1539 1583 ait,
1587 1516 1654 1572 Ut
1684 1518 1885 1589 jejunio
1928 1526 1977 1571 et

393 1608 622 1678 precibus
647 1610 848 1663 vacetis.
874 1608 1010 1676 Quid
1038 1610 1198 1679 igitur
1219 1619 1304 1663 est
1331 1624 1394 1663 ac
1417 1611 1671 1664 servitute
1695 1608 1977 1663 acerbius?

396 1701 529 1756 Volo
571 1703 621 1755 iu
661 1703 857 1757 virtute
903 1702 1124 1770 gradum
1171 1701 1366 1766 facere,
1405 1702 1458 1755 in
1498 1702 1687 1755 calum
1723 1701 1976 1767 evolare,

387 1792 589 1862 jejunio
612 1801 770 1862 atque
801 1793 1045 1862 precibus
1080 1792 1293 1847 assidue
1334 1793 1567 1847 intentus
1602 1792 1766 1845 animi
1790 1792 1978 1846 sordes

393 1884 703 1955 abstergere
738 1901 751 1935 :
780 1883 921 1953 quod
948 1885 993 1937 si
1020 1883 1106 1937 illa
1134 1883 1193 1936 in
1220 1883 1270 1937 id
1298 1883 1595 1937 institutum
1622 1898 1728 1938 non
1754 1896 1981 1937 conscnc

394 1979 510 2044 tiat,
539 1977 768 2031 lascivia:
811 1976 928 2045 ejus
966 1974 1167 2029 servire
1206 1989 1388 2043 cogor.
1433 1974 1514 2028 οι)
1556 1974 1612 2027 id
1650 1973 1790 2027 enim
1830 1972 1980 2029 initio

395 2070 677 2128 mouebat,
714 2065 912 2120 Bonum
952 2075 1024 2120 est
1065 2066 1259 2119 homini
1296 2066 1557 2119 mulierem
1598 2081 1701 2118 non
1745 2075 1979 2136 tangere;

395 2169 451 2212 et
479 2158 720 2227 discipuli
747 2159 905 2212 etiam
935 2157 1158 2212 Domino
1178 2156 1446 2223 (licebant,
1481 2154 1543 2231 Si
1568 2173 1626 2209 ea
1653 2164 1727 2209 est
1755 2156 1849 2208 uiri
1867 2168 1982 2208 cum

395 2266 554 2303 more
601 2265 755 2302 causa
779 2290 794 2315 ,
848 2265 949 2302 non
1002 2247 1201 2318 expedit
1256 2247 1633 2300 matrimonium
1691 2246 1985 2300 contrahere

396 2341 603 2413 (Matth.
630 2340 857 2410 19.10);
889 2340 1084 2409 quippe
1106 2339 1400 2409 cogitantes
1428 2351 1646 2392 necesse
1672 2351 1790 2391 esse
1818 2337 1982 2391 alter-

399 2445 569 2488 utram
594 2432 644 2486 in
674 2441 878 2504 partem
909 2431 1163 2485 damnum
1187 2430 1424 2495 admitti,
1465 2444 1636 2498 eaque
1664 2429 1985 2499 cogitatione

400 2527 449 2578 in
480 2534 757 2593 angustum
785 2523 1017 2589 deducti,
1045 2537 1162 2577 eam
1192 2536 1374 2576 vocem
1396 2521 1706 2575 emiserunt.
1789 2554 1795 2561 ο

467 2615 707 2672 XXXIII.
758 2615 952 2669 Eadem
994 2615 1177 2668 iterum
1218 2622 1473 2682 repetere,
1513 2630 1689 2667 eorum
1742 2628 1847 2667 esse
1896 2615 1983 2679 qui

404 2709 659 2764 Christum
687 2707 962 2761 imitentur.
988 2734 1055 2747 —-
1080 2706 1255 2774 Quare
1284 2705 1442 2760 etiam
1475 2704 1671 2759 Paulus
1698 2704 1747 2758 id
1776 2705 1988 2761 assidue

403 2802 615 2871 repetit,
652 2809 707 2852 ut
737 2800 788 2853 in
817 2815 934 2854 cam
965 2796 1340 2867 cogitationem
1379 2790 1683 2849 Corinthios
1723 2795 1935 2849 inducat
1969 2813 1984 2849 :

404 2893 570 2946 Suam
596 2892 807 2962 quisque
833 2905 1040 2944 uxorem
1061 2886 1239 2941 habeat
1265 2903 1284 2940 :
1311 2885 1472 2941 Uxori
1496 2887 1572 2940 vir
1596 2886 1815 2939 debitam
1842 2885 1989 2939 bene-

399 2981 667 3037 volentiam
690 2980 868 3035 reddat
895 2996 913 3033 :
950 2978 1094 3034 υτον
1121 2979 1198 3032 sui
1229 2977 1456 3046 corporis
1488 2978 1696 3031 dontina
1734 2994 1835 3031 non
1871 2986 1942 3031 est
1968 2993 1989 3032 :

401 3072 488 3127 Ne
521 3072 819 3144 defraudate
855 3071 985 3125 alter
1016 3070 1230 3124 alterum
1258 3086 1276 3123 :
1304 3066 1500 3122 Eodem
1539 3069 1811 3123 convenite.
1856 3068 1990 3123 Nam

402 3181 503 3227 nec
526 3165 675 3221 beati
695 3166 765 3221 illi
795 3164 844 3219 id
870 3164 938 3220 ad
965 3165 1191 3234 primam
1219 3178 1404 3219 vocem
1428 3171 1539 3217 tum
1565 3171 1866 3229 senserunt,
1894 3164 1987 3217 sed

403 3265 679 3327 postquam
724 3256 778 3311 id
823 3255 1058 3310 secundo
1083 3256 1398 3320 audierunt,
1440 3263 1552 3309 tum
1582 3271 1708 3310 vero
1739 3256 1990 3325 praecepti

403 3349 778 3405 necessitatem
822 3346 1216 3402 intellexerunt.
1262 3346 1469 3401 Etenim
1511 3344 1789 3411 Christus,
1821 3348 1909 3417 qui
1937 3358 1993 3402 et

405 3441 460 3495 in
501 3450 684 3495 monte
722 3438 1028 3501 considens,
1052 3446 1107 3493 et
1127 3452 1338 3493 rursum
1367 3446 1485 3507 post
1510 3439 1609 3492 alia
1642 3440 1806 3494 multa
1830 3440 1897 3495 de
1925 3454 1993 3495 eo

402 3531 742 3586 disseruisset
767 3529 981 3599 (Matth.
1013 3530 1091 3599 5),
1137 3529 1208 3583 ita
1252 3544 1346 3583 eos
1384 3529 1452 3583 ad
1494 3531 1835 3587 continentiae
1876 3541 1992 3587 stu-

405 3624 552 3678 dium
580 3622 840 3677 incitavit.
873 3622 1021 3676 Adeo
1046 3616 1231 3676 eadem
1262 3621 1474 3676 assidue
1498 3623 1722 3691 repetita
1753 3623 1867 3692 plus
1891 3625 1993 3676 ha-

407 3717 537 3769 bent
581 3710 853 3767 ellicacirc.
901 3712 1081 3781 Itaque
1124 3722 1177 3766 et
1219 3713 1307 3766 hic
1349 3712 1641 3782 discipulus
1686 3714 1989 3784 Magistrum

408 3807 644 3860 imitatus
670 3806 859 3860 crebro
889 3804 1027 3859 idem
1055 3813 1291 3873 usurpat,
1324 3819 1497 3873 neque
1524 3821 1743 3875 usquam
1773 3807 1997 3874 permis-

406 3899 612 3953 sionem
640 3914 843 3954 meram
877 3897 1071 3966 prodit,
1103 3897 1195 3950 sed
1217 3913 1337 3951 cum
1362 3911 1520 3952 causa
1542 3939 1556 3962 ,
1586 3907 1804 3967 propter
1825 3897 1993 3953 forni-

407 3992 669 4046 cationem
698 3991 942 4060 inquiens
979 3999 1033 4045 et
1070 3991 1388 4046 tentationes
1426 3990 1688 4045 satanicas
1720 3999 1879 4060 atque
1905 3993 1992 4044 in-

407 4084 809 4142 continentiam.
837 4094 1037 4151 praeter
1065 4084 1517 4150 exspectationem
1546 4082 1863 4152 virginitatis
1882 4082 1995 4137 lau—

409 4176 530 4229 dem
558 4175 610 4228 in
636 4174 994 4243 disputatione
1020 4174 1088 4229 de
1111 4175 1452 4230 matrimonio
1479 4184 1685 4230 texens.

479 4256 723 4317 XXXIV.
764 4261 1111 4333 Virginitatem
1135 4263 1489 4318 admirandam
1510 4281 1617 4319 esse
1644 4277 1692 4320 et
1711 4265 1885 4321 multis
1909 4282 1996 4321 co-

408 4351 548 4406 ronis
574 4352 798 4423 dignam.
828 4382 900 4392 -—
924 4352 1055 4408 Nam
1077 4354 1119 4407 si
1152 4354 1204 4409 in
1236 4356 1573 4410 matrimonio
1596 4356 1853 4428 degentes
1875 4358 1996 4413 din-

410 4443 516 4498 tius
542 4443 831 4514 abiungere
856 4452 1072 4499 veretur
1089 4485 1105 4510 ,
1137 4460 1204 4500 ne
1228 4461 1384 4515 quem
1410 4446 1653 4501 diabolus
1680 4449 1879 4502 aditum
1911 4450 1991 4503 in:

408 4533 607 4600 veniat,
630 4534 820 4603 quibus
845 4535 1059 4590 coronis
1085 4536 1260 4606 digna:
1287 4537 1394 4591 sint
1411 4553 1530 4606 quin
1556 4554 1726 4608 neque
1752 4541 1818 4595 ab
1845 4541 1998 4596 initio

408 4637 479 4677 eo
506 4623 698 4678 solatio
732 4638 867 4694 opus
911 4624 1233 4691 habuerunt,
1257 4636 1309 4681 et
1351 4627 1416 4681 ad
1461 4638 1755 4683 extretuum
1788 4630 1996 4685 invictae

409 4716 855 4785 permanserunt?
898 4727 952 4771 ut
1004 4733 1071 4772 ne
1113 4719 1307 4786 dicam,
1349 4735 1449 4774 nec
1486 4721 1683 4777 diaboli
1727 4723 1999 4779 machinas

412 4807 651 4876 utrisque
679 4822 746 4862 ex
773 4823 926 4879 aequo
955 4809 1247 4865 admoveri.
1295 4811 1428 4865 Nam
1465 4813 1597 4877 illis,
1637 4814 1862 4883 opinor,
1898 4829 1998 4869 nec

412 4897 671 4952 molestus
713 4909 815 4964 est,
857 4900 945 4970 qui
985 4901 1197 4971 quidem
1244 4903 1377 4957 sciat
1411 4905 1706 4975 perfugium
1735 4905 1798 4961 iis
1821 4907 1993 4976 proxi-

417 5007 561 5044 nnun
589 5006 729 5057 esse,
761 4994 1068 5062 statimque,
1100 4995 1143 5049 si
1170 5010 1327 5065 quem
1355 4997 1802 5053 vehementiorem
1828 5001 1995 5067 impe-

416 5089 523 5133 tum
560 5083 813 5147 sentiunt,
858 5083 909 5136 in
950 5094 1159 5153 portum
1204 5100 1262 5139 se
1307 5084 1543 5154 recipere
1588 5087 1784 5153 licere;
1828 5104 1997 5157 neque

419 5172 559 5225 enim
607 5172 673 5227 iis
716 5174 974 5244 permittit
1009 5176 1202 5231 beatus
1244 5177 1435 5232 I'aulus
1479 5179 1687 5249 longius
1727 5181 1995 5250 navigare,

414 5263 507 5316 sed
539 5263 776 5317 defessos
799 5266 973 5321 redire
997 5267 1182 5335 jubet,
1210 5268 1392 5324 sineus
1416 5268 1605 5324 eodem
1628 5284 1836 5325 rursum
1864 5285 1998 5325 con-

415 5356 618 5411 venire.
650 5360 709 5410 At
731 5359 878 5430 virgo
898 5359 1111 5416 assidue
1130 5361 1399 5431 navigare,
1419 5371 1473 5417 et
1499 5363 1617 5418 sine
1641 5372 1795 5433 portu
1815 5380 1999 5434 aequor

415 5449 684 5516 per-metiri
732 5452 973 5521 cogitur;
1022 5459 1179 5520 atque
1217 5453 1318 5506 ctsi
1356 5453 1666 5521 gravissima
1714 5466 1999 5524 tempestas

416 5553 730 5614 consurgat,
768 5561 833 5599 ne
862 5545 940 5601 sic
964 5545 1176 5615 quidem
1203 5547 1251 5600 ei
1276 5544 1353 5599 fas
1380 5555 1462 5600 est
1487 5562 1673 5601 navem
1701 5547 1999 5605 subducere

416 5633 799 5702 acquiescere.
837 5636 999 5706 Igitur
1022 5636 1171 5706 quasi
1198 5636 1287 5706 qui
1318 5651 1462 5691 mare
1497 5637 1779 5704 infestant,
1807 5639 1892 5692 ubi
1917 5640 1998 5694 ci-

418 5726 555 5782 vitas
582 5734 673 5780 aut
699 5726 883 5781 navale
906 5736 996 5780 aut
1023 5736 1206 5799 portus
1234 5726 1339 5797 sit,
1365 5726 1670 5800 navigantes
1696 5743 1801 5783 non
1835 5728 1989 5784 iuva~

2081 412 2241 481 dunt;
2292 413 2344 470 id
2386 416 2528 470 enim
2558 423 2643 471 cst
2670 426 2873 473 temere
2907 419 3227 489 periclitari;
3277 423 3359 478 sin
3400 425 3662 494 navigium

2083 504 2135 558 in
2165 505 2273 559 alto
2301 503 2593 572 oliendant,
2626 507 2806 561 auxilii
2834 508 3232 565 destitutionem
3260 511 3496 568 audacia:
3527 516 3656 569 ittt'l-

2083 607 2371 652 tamentum
2399 598 2558 666 nacti,
2590 601 2767 655 omnia
2805 611 3021 657 movent
3044 613 3203 674 atque
3229 617 3459 669 versant,
3494 624 3663 675 neque

2080 689 2226 757 prius
2251 688 2542 753 desistunt,
2571 705 2729 760 quam
2755 702 2843 746 aut
2874 708 2969 748 eos
2995 694 3335 764 demergaut,
3368 707 3456 751 aut
3483 697 3535 751 id
3564 700 3658 767 ipsi

2079 780 2383 849 patiantur:
2407 781 2474 834 ita
2496 789 2551 836 et
2568 792 2694 837 acer
2711 782 2797 837 hic
2818 785 2986 854 pirata
3012 786 3198 856 virgini
3225 803 3413 858 graves
3450 789 3661 855 fluctus,

2079 873 2346 943 ingentem
2396 883 2799 942 tempestatem,
2851 891 2913 931 ac
2961 879 3225 947 procellas
3270 881 3658 945 intolerabiles,

2078 963 2254 1016 omnia
2285 977 2479 1032 susque
2504 964 2676 1036 deque
2705 967 2956 1034 miscens,
2987 978 3043 1021 ut
3072 970 3120 1022 vi
3150 978 3308 1039 atque
3341 971 3539 1040 impetu
3570 988 3663 1025 na-

2079 1071 2199 1110 vem
2226 1057 2519 1112 subvertat.
2551 1057 2767 1113 Audivit
2793 1061 2937 1115 enim
2965 1061 3158 1131 virgini
3188 1078 3291 1117 non
3317 1065 3536 1120 concedi
3566 1064 3662 1119 Eo-

2079 1147 2196 1203 dem
2227 1151 2521 1216 convenire,
2550 1150 2646 1205 sed
2675 1152 2722 1204 ei
2767 1167 2990 1208 necesse
3018 1167 3140 1207 esse
3175 1164 3433 1223 perpetuo
3461 1152 3665 1211 adver?

2080 1258 2176 1298 sus
2203 1243 2511 1312 spiritualia
2534 1244 2793 1313 nequitiae
2814 1244 3009 1299 luctari
3032 1259 3097 1299 ac
3114 1244 3409 1316 conﬂigere
3435 1248 3655 1318 (Ep/tes.

2077 1336 2131 1390 6.
2164 1333 2276 1401 12),
2306 1334 2483 1389 donec
2500 1334 2718 1389 tandem
2742 1336 2796 1390 in
2814 1336 3166 1406 tranquillum
3194 1346 3408 1406 portum
3434 1342 3658 1398 evadat.

2082 1422 2290 1476 Etenim
2317 1424 2511 1478 Paulus
2535 1424 2726 1494 virgini
2756 1433 3021 1495 tamquam
3051 1426 3170 1480 forti
3197 1427 3346 1481 militi
3377 1428 3543 1482 muris
3565 1443 3667 1483 ex—

2080 1515 2228 1569 cluso
2260 1525 2443 1585 portas
2472 1517 2669 1586 aperiri
2701 1533 2804 1571 non
2837 1519 3090 1587 permlttit
3114 1561 3128 1582 ,
3156 1520 3400 1590 quamvis
3434 1532 3488 1574 et
3511 1522 3669 1576 valde

2081 1607 2245 1661 εστι-ο
2270 1607 2441 1674 hoste,
2474 1616 2527 1662 et
2552 1609 2630 1662 vel
2653 1624 2717 1663 eo
2741 1610 3061 1677 crudeliore,
3085 1610 3225 1681 ηυοά
3245 1610 3555 1666 adversario
3582 1614 3670 1665 in-

2080 1698 2356 1752 duciarum
2381 1706 2617 1768 potestas
2645 1701 2785 1754 nulla
2810 1702 2894 1756 sit.
2924 1701 3032 1756 Nec
3065 1716 3188 1757 vero
3207 1703 3449 1759 diabolus
3469 1704 3669 1763 solum,

2081 1789 2175 1844 sed
2204 1790 2319 1860 ipse
2342 1791 2502 1845 etiam
2529 1790 2763 1845 libidinis
2778 1792 3023 1846 stimulus
3045 1792 3258 1848 cmlibes
3278 1803 3429 1864 urget
3451 1796 3671 1858 acrius;

2082 1882 2244 1952 idque
2283 1883 2531 1938 omnibus
2575 1885 2753 1952 palam
2797 1894 2898 1939 est.
2953 1885 3084 1939 Nam
3129 1901 3353 1956 quorum
3412 1886 3676 1943 habemus

2082 1987 2258 2036 usum,
2289 1986 2472 2026 eorum
2499 1973 2787 2043 cupiditate
2818 1974 2956 2028 haud
2994 1974 3148 2030 facile
3179 1977 3473 2046 tangimur,
3513 1992 3674 2032 secu-

2083 2064 2240 2118 ritate
2262 2064 2441 2118 animo
2459 2065 2607 2133 segni
2629 2079 2750 2120 esse
2776 2065 3134 2134 permittente.
3160 2067 3334 2137 Atque
3355 2067 3493 2121 idem
3516 2068 3677 2123 nobis

2084 2154 2366 2210 continuat
2396 2163 2452 2210 et
2480 2156 2815 2225 proverbium
2846 2157 3135 2227 populare,
3168 2158 3262 2212 sed
3288 2159 3339 2212 in
3370 2158 3554 2227 primis
3586 2174 3676 2213 ve-

2062 2247 2411 2316 ruszuod
2440 2249 2493 2303 in
2524 2256 2801 2318 potestate,
2836 2249 3024 2319 inquit,
3055 2258 3361 2319 promptum
3386 2250 3478 2318 sit,
3515 2248 3568 2305 id
3607 2250 3674 2305 ad

2086 2340 2429 2409 cupiditatem
2449 2339 2588 2394 haud
2609 2354 2737 2395 sane
2759 2340 2947 2395 efﬁcax
2967 2351 3066 2397 est.
3096 2341 3187 2396 Sin
3209 2341 3275 2396 ab
3304 2341 3368 2396 iis
3392 2341 3680 2411 prohiben-

2087 2447 2227 2496 mur,
2254 2446 2373 2502 quae
2414 2432 2619 2501 pridem
2659 2433 2990 2498 tenebamus,
3021 2442 3206 2488 contra
3237 2433 3449 2501 accidit,
3477 2443 3531 2489 ct
3555 2450 3678 2505 qua:

2087 2532 2304 2594 propter
2334 2523 2637 2578 facultatem
2658 2538 2688 2577 a
2714 2524 2867 2578 nobis
2901 2533 3335 2592 contemnuntur,
3363 2540 3424 2580 ea
3458 2527 3615 2581 nobis
3646 2543 3677 2583 e

2092 2614 2339 2669 munibus
2394 2615 2590 2669 amissa
2641 2616 3008 2670 vehementius
3047 2616 3370 2671 desiderium
3418 2620 3679 2673 excitam.

2091 2704 2271 2775 Itaque
2298 2705 2523 2774 primum
2550 2704 2649 2760 hac
2678 2705 2884 2761 ratione
2925 2706 3094 2776 major
3125 2716 3208 2762 est
3247 2707 3386 2776 apud
3412 2708 3672 2779 coniuges

2091 2796 2446 2865 tranquillitas
2473 2814 2486 2848 :
2518 2795 2732 2862 deinde,
2760 2797 2901 2867 quod
2928 2798 2973 2852 si
3002 2796 3214 2851 ﬂamma
3236 2798 3300 2852 iis
3324 2799 3482 2853 altius
3507 2814 3679 2870 quan-

2090 2886 2265 2955 doque
2302 2887 2583 2953 eluctetur,
2612 2898 2730 2943 eam
2768 2889 3006 2958 protinus
3039 2890 3332 2945 succedens
3361 2904 3680 2961 congressus

2092 2980 2354 3048 reprimit.
2388 2978 2456 3034 At
2473 2981 2621 3049 virgo
2642 2994 2746 3034 non
2768 2980 2971 3035 habens
2991 2981 3129 3036 unde
3155 2982 3327 3051 ignem
3353 2984 3681 3054 exstinguat,

2091 3085 2212 3124 eum
2249 3070 2529 3125 sublimem
2576 3080 2735 3141 atque
2775 3071 2884 3126 alte
2924 3082 3252 3142 grassantem
3280 3088 3528 3141 cernens,
3556 3092 3679 3131 cum

2091 3164 2429 3231 exstinguere
2467 3176 2571 3215 non
2612 3162 2798 3231 possit,
2834 3162 2888 3217 id
2931 3179 3091 3217 unum
3126 3164 3253 3234 agit,
3283 3180 3353 3220 ne
3392 3180 3511 3219 cum
3560 3167 3683 3237 igne

2092 3254 2405 3310 coriﬂictans
2437 3265 2638 3310 uratur.
2667 3257 2751 3309 An
2776 3268 2904 3310 vero
2929 3255 3220 3328 quidquam
3250 3259 3418 3329 magis
3444 3258 3684 3314 insolens

2093 3356 2195 3412 est,
2223 3360 2381 3417 quam
2408 3347 2635 3401 solidum
2682 3347 2823 3401 intus
2859 3357 3069 3417 gestare
3114 3363 3319 3419 rogum,
3364 3364 3463 3402 nec
3500 3348 3678 3416 aduri,

2093 3456 2253 3509 quam
2278 3437 2491 3492 ﬂamma
2520 3438 2572 3492 in
2603 3438 2763 3493 animi
2796 3438 3054 3508 penetrali
3081 3439 3220 3495 ultro
3245 3441 3486 3510 citroque
3522 3454 3678 3494 com-

2094 3541 2306 3586 mcante
2358 3531 2611 3585 intactam
2659 3539 2890 3586 mentem
2938 3530 3290 3586 conservare?
3330 3526 3497 3586 Nemo
3536 3533 3686 3587 enim

2096 3638 2213 3676 eam
2244 3621 2371 3675 sinit
2394 3621 2656 3676 carbones
2682 3635 2776 3675 eos
2807 3620 2951 3676 foras
2980 3622 3207 3691 ejicere;
3247 3622 3345 3677 sed
3375 3622 3514 3692 quod
3544 3622 3683 3677 Pro-

2096 3713 2405 3767 verbiorum
2424 3721 2609 3766 auctor
2630 3712 2680 3765 in
2704 3720 2889 3766 natura
2909 3711 3150 3780 corporis
3164 3711 3504 3782 deSperatum
3526 3712 3681 3779 dicit,

2096 3804 2145 3857 id
2180 3803 2268 3856 illa
2300 3816 2519 3857 necesse
2545 3801 2707 3858 habet
2746 3803 2799 3856 in
2837 3803 3016 3857 animo
3056 3803 3339 3857 sustinere.
3379 3804 3515 3869 Quid
3552 3820 3686 3859 vero

2095 3893 2261 3948 dicit?
2305 3892 2594 3947 Ambutabit
2621 3893 2735 3961 quis
2773 3904 2925 3962 super
2957 3892 3198 3948 carbones
3218 3934 3232 3959 ,
3276 3908 3366 3947 nec
3393 3895 3503 3964 ejus
3531 3895 3687 3963 pedes

2095 3988 2369 4041 adurentur
2391 3985 2572 4059 (Prov.
2595 3986 2647 4041 6.
2668 3982 2802 4051 9.8)?
2828 3987 2965 4040 Ecce
2993 3994 3167 4039 autem
3198 3984 3309 4040 haec
3333 3986 3589 4050 ambulat,
3624 4002 3690 4043 ac

2097 4080 2295 4150 perfert
2312 4080 2621 4135 cruciatum.
2650 4077 2752 4131 Ant
2774 4079 2937 4149 ignem
2958 4079 3009 4131 in
3031 4078 3143 4131 sinu
3169 4078 3360 4148 ligabit,
3385 4088 3431 4130 et
3450 4091 3550 4131 non
3572 4080 3688 4149 ejus

2096 4181 2308 4225 urentur
2333 4171 2623 4225 aestimatae
2662 4165 2765 4238 (ib.
2797 4180 2847 4221 tt.
2876 4168 3006 4234 27)?
3046 4171 3113 4222 At
3150 4167 3265 4223 haec
3296 4182 3400 4223 non
3422 4170 3684 4231 vestibus.

2097 4266 2190 4319 si-d
2219 4265 2361 4318 intus
2386 4264 2560 4333 ignem
2595 4262 2875 4316 continens
2903 4262 3123 4316 eﬂ'erum
3154 4271 3312 4332 atque
3341 4272 3683 4318 resonantem

2098 4355 2361 4409 ﬂammam
2385 4354 2610 4408 sustinet
2636 4366 2698 4407 ac
2727 4354 2874 4421 tegit.
2899 4352 2968 4421 Et
2985 4353 3159 4408 adhuc
3178 4353 3476 4423 quisquam,
3499 4352 3683 4417 sodc~',

2098 4444 2498 4501 matrimonium
2525 4459 2645 4499 cum
2670 4444 2969 4514 virginitate
2991 4442 3256 4511 confet‘rc,
3281 4460 3347 4498 an
3373 4445 3453 4499 vel
3472 4441 3683 4499 obtncri

2098 4539 2268 4593 ausit?
2310 4539 2379 4592 At
2400 4554 2505 4593 non
2533 4538 2787 4607 permittit
2830 4537 3015 4591 beatus
3048 4537 3240 4591 Paulus
3277 4536 3322 4606 (I
3364 4535 3477 4592 Cor.
3508 4538 3559 4592 7.
3588 4538 3685 4593 59..

2100 4631 2213 4701 '53),
2247 4630 2335 4697 qui
2372 4629 2557 4697 ingens
2587 4628 2860 4696 utriusque
2891 4628 2964 4682 rei
2995 4627 3281 4681 discrimen
3322 4627 3471 4696 ponit
3502 4640 3516 4680 :
3558 4639 3685 4680 nam

2101 4721 2207 4782 illa,
2231 4721 2324 4784 ait,
2348 4735 2463 4789 qua:
2493 4729 2614 4773 sunt
2642 4718 2869 4780 Domini,
2891 4716 3005 4769 haec
3024 4733 3140 4785 qua:
3161 4724 3285 4770 sunt
3309 4716 3489 4770 mundi
3510 4726 3685 4770 curat.

2099 4812 2350 4867 Collectis
2391 4812 2550 4880 igitur
2592 4810 2642 4862 in
2693 4824 2855 4862 unum
2897 4807 3245 4877 coniugibus,
3290 4814 3342 4861 et
3386 4808 3437 4861 in
3465 4807 3688 4876 virginis

2098 4904 2343 4974 gratiam,
2372 4902 2490 4954 audi
2534 4899 2657 4969 quid
2705 4899 2807 4953 illis
2848 4900 3153 4968 exprobret.
3182 4896 3374 4951 Eodem
3403 4898 3566 4964 enim,
3600 4899 3688 4952 iu-

2101 4996 2234 5065 quit,
2267 4994 2542 5055 convenite,
2575 5009 2637 5044 ue
2676 5006 2761 5044 vos
2803 4999 2955 5043 tentet
2992 4998 3196 5043 satanas
3243 4988 3363 5060 (Ib.
3392 5006 3439 5041 υ.
3470 4989 3562 5058 5).
3610 4991 3690 5044 Ac

2100 5089 2285 5142 volens
2305 5086 2589 5141 ostendere
2615 5095 2780 5138 totum
2803 5086 2918 5152 ejus
2945 5083 3220 5137 teutationi
3242 5097 3348 5137 non
3368 5081 3568 5144 deberi,
3591 5083 3687 5135 sed

2102 5190 2299 5237 nostrae
2326 5181 2485 5236 etiam
2514 5179 2734 5249 ignaviae
2758 5178 3070 5247 plurimum,
3097 5176 3524 5247 principaliorem
3554 5186 3688 5227 can-

2102 5287 2214 5326 sam
2240 5271 2407 5337 addit,
2440 5270 2682 5338 inquiens
2701 5308 2717 5334 ,
2747 5267 2966 5338 Propter
2984 5274 3196 5321 vestram
3223 5265 3684 5334 intemperantiam.

2102 5363 2230 5430 Quis
2243 5376 2345 5416 non
2368 5361 2418 5415 id
2438 5359 2659 5415 audiens
2673 5359 2992 5413 erubescat?
3011 5358 3128 5428 quis
3145 5373 3249 5411 non
3266 5356 3692 5425 intemperantite

2103 5463 2282 5509 notam
2309 5451 2542 5521 etl'ugere
2566 5448 2851 5505 moliatur?
2876 5448 3057 5519 Neque
3082 5450 3222 5502 enim
3244 5446 3545 5503 cohortatio
3572 5447 3690 5502 hac

2104 5544 2170 5599 ad
2198 5557 2388 5597 omnes
2417 5540 2665 5611 pertinet,
2695 5539 2789 5594 sed
2814 5538 2883 5593 ad
2917 5539 3070 5593 valde
3111 5537 3392 5593 demissos.
3430 5535 3580 5603 Quod
3619 5537 3687 5601 si,

2106 5635 2293 5704 inquit,
2323 5643 2429 5687 tam
2468 5647 2526 5687 es
2565 5645 2754 5686 servus
2775 5630 3128 5700 voluptatum,
3156 5627 3198 5681 si
3232 5637 3337 5681 tam
3377 5625 3552 5681 mollis
3576 5666 3590 5689 ,
3634 5634 3692 5681 ut

2111 5741 2322 5799 semper
2346 5727 2397 5781 in
2425 5738 2674 5781 venerem
2698 5722 2897 5778 etfusus
2926 5731 3083 5792 atque
3109 5719 3318 5775 inhians
3340 5719 3440 5787 sis,
3466 5732 3691 5790 congre-
