3884 6214
266 234 378 290 ὄῖίῦ

279 354 438 408 Ἐπεὶ
488 349 584 407 οὖν
614 351 882 422 τοσαύτην
920 351 979 405 ἐν
1029 352 1148 415 ταῖς
1193 352 1378 422 εὐχαῖς
1420 351 1691 423 πρόσιμεν
1740 351 1862 404 σϐέ-

267 451 464 497 σοντες
493 433 686 506 ὀργὴν,
719 433 811 485 καὶ
837 432 895 485 ὃν
919 430 1062 484 οὓτω
1096 431 1218 485 καθ’
1248 433 1486 500 ἑκάστην
1535 429 1869 501 ἐκπολεμοῦ-

269 531 372 582 μεν
404 514 508 583 τὴν
543 512 759 584 ἡμέραν
824 510 1277 575 καταλλάξοντες,
1317 512 1543 575 εἰκότως
1583 513 1730 581 ἡμᾶς
1765 513 1870 564 άπ-

264 594 394 662 ἀγιι
422 593 527 661 τῆς
557 593 750 662 ἡδονῆς
785 591 1021 661 ἐκείνης,
1052 591 1334 661 μονονουχὶ
1374 590 1568 659 λέγων·
1602 592 1738 660 Περὶ
1762 590 1866 659 ψυ-

264 673 372 741 χῆς
404 675 540 741 ἡμῖν
574 673 601 724 6
630 671 807 738 λόγος,
861 670 1136 740 ἀγαπητοὶ
1157 710 1172 732 ,
1205 671 1347 739 ὑπὲρ
1401 670 1508 722 τῶν
1566 671 1806 739 ἐσχάτων
1840 673 1868 723 6

265 751 538 814 κίνδυνος·
571 750 792 821 τρέμειν
818 749 898 802 δεῖ
931 751 1022 802 καὶ
1045 751 1341 803 δεδοικέναι
1367 750 1463 803 καὶ
1489 749 1864 802 συνεστάλθαιο

264 832 507 904 δεσπότῃ
530 831 796 900 πρόσιμεν
831 829 1067 900 φοϐερῷ,
1100 829 1273 882 πολλὰ
1340 830 1472 901 παρ’
1506 828 1664 899 ἡμῶν
1707 831 1862 902 ὑϐρι-

268 910 479 980 σμένῳ,
516 908 728 980 μεγάλα
758 911 887 978 ἡμῖν
918 908 1094 978 ἔχοντι
1124 909 1216 960 καὶ
1243 909 1382 980 ὑπὲρ
1415 908 1666 978 μεγάλων
1695 913 1862 978 ἐγκα-

264 988 400 1041 λεῖν.
437 989 513 1040 Οὐ
550 987 897 1058 περιπλοκῶν
928 984 1081 1050 οὗτος
1113 987 1141 1038 6
1193 988 1403 1058 καιρὸς,
1445 987 1570 1040 οὕτε
1623 989 1860 1060 ἡδονῶν,

264 1067 403 1121 ἀλλά
445 1068 696 1139 δακρύων
744 1069 839 1121 καὶ
898 1067 1219 1136 στεναγμῶν
1283 1067 1516 1138 πικρῶν,
1571 1068 1862 1141 προσπτώ-

267 1165 426 1211 σεως,
475 1146 918 1218 ἐξομολογήσεως
971 1147 1254 1217 ἀκριϐοῦς,
1300 1146 1575 1213 λιτανείας
1607 1167 1861 1205 συντεταο

267 1226 460 1297 μένης,
497 1227 778 1298 ἱκετηρίας
817 1227 1038 1295 πολλῆς.
1087 1227 1392 1296 Ἀγαπητδν
1431 1227 1542 1298 γάρ
1594 1230 1688 1282 καὶ
1719 1231 1856 1300 μετά

260 1308 538 1378 τοσαύτης
594 1307 1008 1377 προσπίπτοντα
1052 1307 1291 1376 σπουδῆς
1355 1305 1656 1378 δυνηθῆναι
1688 1328 1858 1381 προσ-

265 1387 416 1440 ιόντα
471 1385 964 1455 καταμαλάξασθαι
1027 1397 1050 1424 ι
1087 1386 1188 1455 τὴν
1243 1386 1412 1457 ὀργὴν
1473 1389 1711 1460 ἐκείνην·
1757 1391 1855 1460 οὐχ

260 1463 343 1519 ὅτι
365 1465 606 1535 ἀπηνὴς,
642 1464 750 1517 οὐδ’
772 1465 854 1516 ὅτι
883 1463 1034 1533 ὠμὸς
1063 1465 1091 1516 6
1120 1464 1398 1533 Δεσπότης
1422 1466 1602 1536 ἡμῶν·
1633 1467 1855 1540 καὶγὰρ

263 1545 472 1616 σφόδρα
501 1544 650 1596 ἐστὶν
699 1543 909 1613 ἥμερος
946 1543 1040 1618 καὶ
1073 1542 1475 1614 φιλάνθρωπος·
1515 1545 1630 1598 ἀλλ’
1661 1548 1694 1618 ἡ
1743 1547 1854 1601 τῶν

262 1628 678 1700 ἁμαρτημάτων
708 1626 817 1679 τῶν
847 1627 1134 1696 ἡμετέρων
1169 1626 1442 1698 ὑπερϐολὴ
1464 1627 1584 1681 οὐδὲ
1604 1629 1694 1684 τὸν
1719 1648 1855 1702 χρη-

262 1714 385 1768 στὸν
419 1712 513 1765 καὶ
544 1711 762 1780 ἐπιεικῆ
794 1711 890 1762 καὶ
944 1709 1234 1764 πολυέλεον
1290 1711 1518 1780 ἀφίησιν
1560 1714 1693 1782 ἡμῖν
1724 1732 1854 1784 συγ-

257 1796 465 1866 γνῶναι
524 1793 752 1864 ταχέως·
811 1793 891 1846 διό
943 1809 1141 1862 φησιν·
1196 1793 1332 1848 ’Ἵνα
1393 1795 1728 1863 σχολάζητε
1776 1798 1853 1867 τῇ

257 1875 513 1944 νηστείᾳ
545 1874 642 1928 καὶ
666 1871 1003 1941 προσευχῇ.
1039 1873 1104 1924 Τί
1139 1868 1233 1926 οὖν
1265 1872 1332 1925 ἂν
1364 1873 1449 1945 είη
1481 1876 1578 1946 τῆς
1605 1877 1852 1941 δουλείας

255 1956 464 2024 ταύτης
489 1953 814 2025 πικρότερον
839 1970 854 2017 ;
887 1951 1158 2022 Βούλομαι
1197 1953 1475 2007 ἐπιδοῦναι
1504 1954 1532 1994 ι)
1563 1957 1697 2027 πρὸς
1719 1957 1851 2028 ἀρε-

255 2039 377 2106 τὴν,
405 2036 712 2105 ἀναπτῆναι
748 2033 884 2104 πρὸς
912 2033 1007 2086 τὸν
1031 2031 1281 2101 οὐρανὸν,
1334 2035 1612 2104 νηστείαις
1635 2039 1729 2091 καὶ
1761 2039 1851 2090 εὑ-

258 2121 378 2187 χαῑς
409 2115 654 2186 συνεχῶς
700 2111 1132 2184 προσκαρτερῶν
1183 2113 1501 2183 ἀποσμῆξαι
1553 2117 1644 2169 τὸν
1676 2117 1848 2188 ῥύπον

255 2197 349 2263 τῆς
387 2194 589 2266 ψυχῆςο
623 2190 742 2246 εἶτα
775 2192 842 2246 ἂν
878 2192 952 2262 μὴ
984 2192 1242 2262 βούληται
1288 2193 1472 2261 ἐκείνη
1528 2195 1699 2268 ταύτῃ
1724 2200 1846 2251 ἐπι-

254 2275 444 2330 νεῦσαι
470 2278 538 2346 τῇ
596 2272 812 2344 γνώμῃ,
872 2270 1254 2341 ἀναγκάζομαι
1313 2272 1586 2328 δουλεύειν
1618 2288 1640 2315 ο
1677 2279 1848 2349 αὐτῆς

252 2359 316 2428 τῇ
345 2355 593 2426 λαγνείᾳ.
624 2355 723 2407 Διά
757 2353 917 2406 τοῦτο
945 2352 1054 2423 γὰρ
1104 2352 1410 2423 ἀρχόμενος
1435 2352 1612 2422 ἔλεγε,
1647 2357 1849 2411 Καλὸν

253 2436 542 2503 ἀνθρώπῳ
573 2434 862 2504 γυναικός
883 2433 969 2501 μὴ
1005 2432 1318 2487 ἅπτεσθαιε
1351 2433 1439 2485 διὰ
1493 2435 1651 2487 τοῦτο
1676 2438 1769 2490 καὶ
1798 2440 1847 2491 οί

256 2517 496 2587 μαθηταὶ
520 2516 656 2586 πρὸς
676 2518 767 2568 τὸν
801 2514 1005 2584 Κύριον
1032 2509 1208 2573 εἶπον,
1251 2515 1320 2567 El
1360 2513 1548 2582 οὕτως
1603 2517 1774 2571 ἐστὶν
1807 2521 1846 2588 ἡ

249 2599 409 2651 σιτία
435 2597 542 2650 τοῦ
569 2594 886 2662 ἀνθρώπου
915 2591 1066 2662 μετὰ
1102 2592 1212 2659 τῆς
1241 2594 1549 2661 γυναικὸς.
1589 2599 1660 2650 οὺ
1694 2615 1849 2667 συμ-

251 2675 416 2744 ξςεέρει
448 2671 732 2745 γαμῆσαι.
773 2673 1137 2740 Λογισάμενοι
1161 2669 1270 2741 γάρ
1305 2671 1387 2724 ὅτι
1418 2673 1584 2746 πολλὴ
1631 2676 1845 2748 ἀνάγκη

250 2755 464 2826 (θατέρῳ
495 2759 651 2824 μέρει
679 2750 933 2820 γενέσθαι
959 2751 1059 2820 τὴν
1092 2751 1482 2820 ἐπήρειαν.καὶ
1508 2770 1848 2827 στενοχωρη-

249 2833 433 2896 θέντες
457 2833 561 2885 ὑπὸ
587 2831 693 2884 τῶν
723 2829 1232 2900 λογισμῶν,ταύτην
1259 2829 1483 2899 ἀφῆκαν
1509 2831 1607 2902 τὴν
1636 2837 1842 2907 φωνήν.

320 2913 441 2966 ΛΓ.
480 2909 578 2964 Διά
602 2911 760 2964 τοῦτο
788 2911 880 2964 καὶ
902 2911 930 2962 6
957 2908 1169 2972 Παῦλος
1189 2909 1427 2979 συνεχῶς
1445 2912 1576 2964 αὐτὸ
1601 2916 1843 2984 στρέφει,

249 2991 337 3046 ἵνα
366 2991 446 3055 είς
481 2991 668 3044 τοῦτον
697 2991 790 3044 τὸν
819 2989 1079 3058 λογισμὸν
1112 2989 1323 3060 ἐμϐάλῃ
1347 2989 1473 3052 τοὺς
1503 2991 1842 3062 Κορινθίους·

250 3073 553 3137 Ἕκαστος
607 3071 722 3137 τὴν
770 3069 989 3122 ἑαυτοῦ
1048 3068 1304 3138 γυναῖκα
1363 3069 1566 3138 ἐχέτω·
1622 3072 1702 3141 Τῇ
1740 3092 1846 3143 γυ-

245 3152 407 3207 ram!
447 3155 481 3206 ὁ
531 3151 686 3220 ἀνὴρ
737 3149 851 3218 τὴν
895 3150 1296 3217 ὀφειλομένην
1345 3151 1591 3203 εὔνοιαν
1635 3153 1846 3208 ἀποδι-

247 3229 417 3282 δότω·
446 3230 518 3283 Ἡ
549 3229 700 3298 γυνὴ
735 3228 840 3282 τοῦ
867 3227 1020 3281 ἰδίου
1045 3227 1319 3296 σώματος
1342 3231 1453 3282 οὐκ
1487 3230 1842 3293 ἐξουσιάζεν

245 3309 342 3376 Μὴ
375 3307 764 3375 ἀποστερεῖτε
811 3306 1143 3372 ἀλλήλους·
1187 3306 1312 3358 Ἐπὶ
1352 3307 1417 3359 τὸ
1454 3310 1600 3362 αὐτὸ
1626 3312 1844 3380 συνέρ-

247 3389 450 3455 χεσθε.
482 3387 617 3439 Οὑδέ
642 3387 754 3457 γάρ
788 3387 837 3438 οί
871 3386 1131 3456 μακάριοι
1153 3385 1274 3437 τότε
1303 3386 1501 3439 ἐκεῖνοι
1526 3389 1590 3440 ἐκ
1619 3389 1843 3460 πρώτης

247 3465 451 3527 εὐθέως
472 3464 631 3516 τοῦτο
671 3463 874 3516 ἔπαθον
897 3464 997 3532 τῆς
1029 3465 1233 3532 φωνῆς,
1284 3462 1400 3514 ἀλλ’
1435 3465 1522 3517 ὅτε
1565 3466 1630 3518 ἐκ
1667 3465 1844 3521 δευτέ-

251 3561 345 3614 ρου
370 3545 542 3597 ταῦτα
571 3545 833 3614 ἥκουσαν,
869 3544 987 3596 τότε
1050 3542 1288 3594 συνεῖδον
1336 3543 1436 3612 τῆς
1488 3545 1713 3613 ἐντολῆς
1744 3547 1842 3620 τὴν

244 3624 510 3694 ἀνάγκην.
547 3624 656 3674 Καὶ
687 3622 796 3692 γὰρ
824 3623 913 3674 ὅτε
946 3620 1184 3690 ἐκάθητο
1207 3620 1302 3673 ἐπὶ
1324 3621 1419 3673 τοῦ
1451 3621 1611 3692 ὅρους
1645 3626 1673 3676 ὁ
1707 3627 1750 3678 Χ
1760 3643 1843 3695 ρι-

247 3702 393 3766 στὺς,
435 3703 683 3772 διελέχθη
715 3703 846 3772 περὶ
875 3702 1091 3766 τούτου,
1148 3700 1244 3754 καὶ
1303 3702 1426 3770 μεθ’
1456 3702 1623 3772 ’έτερα
1669 3706 1842 3761 πολλά

245 3782 409 3835 πάλιν
437 3780 612 3843 οὕτως
642 3781 841 3842 αὐτοὺς
871 3781 1170 3849 εἰσήγαγεν
1217 3779 1298 3842 είς
1337 3779 1429 3833 τὸν
1476 3781 1577 3851 τῆς
1633 3785 1840 3854 ἐγκρα-

242 3861 394 3924 τείας
441 3861 662 3932 ἐρωταο
717 3861 860 3912 οὕτω
931 3859 1173 3930 συνεχῶς
1223 3859 1297 3911 τὰ
1365 3859 1506 3912 αύτά
1570 3861 1842 3934 λεγόμενα

249 3941 470 3995 πλείονα
510 3942 623 4010 ἔχει
651 3940 750 4010 τὴν
778 3941 1081 4008 ἐνέργειαν.
1118 3936 1416 3990 Κάνταῦθα
1449 3935 1542 3991 οὖν
1580 3942 1669 3993 τὸν
1697 3943 1842 3997 διδά-

245 4021 442 4073 σκαλον
477 4019 813 4090 μιμούμενος
872 4020 900 4070 ὁ
950 4017 1196 4088 μαθητὴς
1258 4017 1496 4087 συνεχῶς
1560 4021 1686 4089 περὶ
1732 4023 1841 4075 τῶν

242 4099 425 4155 αὐτῶν
455 4099 786 4167 διαλέγεται·
817 4098 910 4151 καὶ
931 4097 1170 4168 οὐδαμοῦ
1198 4097 1297 4168 τὴν
1330 4096 1675 4169 συγχώρησιν
1693 4100 1839 4175 [292]

242 4177 431 4241 ἁπλῶς
464 4178 700 4247 τίθησιν,
728 4177 864 4230 άλλά
891 4176 1029 4247 μετά
1079 4177 1279 4239 αἰτίας,
1331 4175 1418 4228 διὰ
1454 4175 1552 4239 τὰς
1584 4181 1839 4248 πορνείας

240 4257 441 4326 λέγων,
493 4258 746 4321 καὶτοὺς
797 4256 1141 4327 πειρασμοὺς
1179 4257 1303 4317 τοὺς
1354 4258 1700 4321 σατανικοὺς,
1744 4261 1839 4313 καὶ

239 4339 341 4408 τὴν
401 4337 696 4408 ἀκρασίαν,
750 4338 843 4390 καὶ
901 4335 1229 4396 ἀνυπόπτως
1286 4333 1346 4385 τὸ
1394 4336 1494 4404 τῆς
1540 4338 1838 4408 παρθενίας

239 4415 517 4486 ἐγκώμιον
540 4415 906 4486 ἐργαζόμενος
931 4417 988 4466 ἐν
1009 4416 1122 4476 τοῖς
1153 4414 1280 4482 περὶ
1300 4415 1392 4465 τοῦ
1424 4414 1603 4484 γάμου
1633 4417 1833 4485 λόγοις.

308 4498 428 4549 ΛΔ’.
463 4497 522 4548 EE
556 4497 662 4566 γὰρ
686 4499 812 4558 τοὺς
837 4497 894 4549 ἐν
921 4492 997 4564 τῷ
1023 4493 1186 4563 γάμῳ
1210 4493 1585 4561 διατρίϐοντας
1601 4496 1837 4550 δέδοικεν

239 4577 548 4644 ἀποστῆσαι
576 4574 830 4633 ἐπιπολὺ,
868 4575 940 4644 μή
983 4591 1103 4626 τινα
1155 4572 1509 4643 παρείσδυσιν
1535 4575 1562 4626 ό
1591 4573 1837 4641 διάϐολος

239 4655 396 4727 εὖρῃ,
430 4655 616 4708 πόσων
641 4655 707 4708 ἂν
743 4651 855 4709 εἷεν
894 4653 1042 4718 ἄξιαι
1102 4654 1381 4719 στεφάνων
1411 4655 1467 4706 αί
1497 4654 1631 4724 μηδέ
1683 4659 1837 4728 παρὰ

236 4734 334 4804 τὴν
361 4734 538 4804 ἀρχὴν
571 4733 778 4804 ταύτης
828 4733 1104 4804 δεηθεῖσαι
1157 4729 1260 4802 γῆς
1312 4733 1690 4802 παραμυθίας,
1741 4738 1836 4788 καὶ

240 4813 401 4883 μέχρι
429 4814 621 4877 τέλους
655 4813 945 4883 ἀχείρωτοι
979 4810 1362 4881 ὅιαμείνασαι;
1395 4812 1584 4865 Καίτοι
1619 4815 1738 4868 οὐδὲ
1767 4816 1833 4869 τά

238 4894 390 4961 παρά
416 4893 511 4945 τοῦ
538 4893 788 4946 διαϐόλου
820 4893 1195 4963 μηχανήματα
1243 4890 1298 4955 ἐξ
1330 4891 1452 4958 ίσης
1499 4892 1832 4964 ἀμφοτέροις

235 4972 597 5042 προσάγεται.
630 4973 756 5034 Τοῖς
783 4973 879 5042 μὲν
904 4971 1012 5041 γὰρ
1046 4970 1166 5022 οὐδὲ
1195 4969 1432 5039 ἐνοχλεῖν
1465 4971 1628 5023 αὑτὸν
1651 4968 1828 5042 οἶμαι,

234 5052 412 5105 εἰδότα
439 5052 522 5104 ὅτι
551 5051 779 5120 πλησίον
811 5052 992 5113 αὐτοῖς
1028 5052 1060 5122 ἡ
1087 5048 1402 5119 καταφυγὴ,
1437 5049 1539 5103 κάν
1574 5067 1720 5115 τινος
1747 5054 1831 5107 αῖ-

234 5132 470 5184 σθωνται
509 5131 876 5200 σφοδροτέρας
909 5129 1239 5201 προσϐολῆς,
1272 5128 1481 5194 ἔξεστιν
1510 5129 1714 5194 ευθέως
1737 5133 1830 5185 ἐπὶ

231 5210 320 5261 τὸν
346 5210 546 5280 λιμένα
580 5210 971 5276 καταφεύγειν
1022 5209 1144 5261 οὐδὲ
1167 5207 1276 5276 γάρ
1323 5208 1547 5277 ἀφίησιν
1578 5209 1774 5274 αὐτοὺς
1801 5213 1830 5264 ὀ

233 5287 507 5356 μακάριος
545 5288 756 5350 Παῦλος
816 5287 1151 5359 πορρωτέρω
1200 5287 1373 5348 πλεῖν,
1421 5287 1536 5340 ἀλλ’
1571 5288 1828 5360 ὑποστρέ-

231 5381 352 5432 φειν
381 5365 549 5436 ἡνίκα
594 5366 660 5419 ἂν
697 5367 919 5436 κάμωσι
961 5367 1242 5436 παραινεῖ,
1293 5365 1459 5418 πάλιν
1513 5368 1827 5436 ἐπιτρέπων

232 5445 324 5499 ἐπὶ
372 5446 438 5499 τὺ
481 5446 615 5500 αὐτὸ
663 5445 1042 5518 συνέρχεσθαι.
1083 5447 1147 5498 Ἡ
1201 5445 1257 5498 δέ
1295 5445 1566 5517 παρθένος
1599 5446 1665 5499 δι’
1703 5447 1824 5499 ὅλου

234 5523 580 5579 [αλαττεύειν
616 5526 1008 5593 ἀναγκάζεται,
1053 5526 1148 5578 καὶ
1183 5524 1416 5593 πέλαγος
1443 5525 1594 5578 πλεῖν
1629 5526 1822 5596 ἀλίμε-

231 5619 339 5656 νιν·
371 5606 481 5659 κᾶν
508 5609 536 5660 6
572 5605 961 5676 χαλεπώτατος
989 5606 1242 5678 διεγερθῇ
1271 5605 1500 5678 χειμὼν,
1531 5607 1653 5662 οὐδὲ
1681 5606 1824 5662 οὕτω

294 5727 323 5806 ἶ
488 5729 868 5806 Δἑκμειλίξασθσιι.

297 5787 324 5826 1)
340 5787 461 5851 Βρς.
487 5787 666 5851 βούλει,
691 5791 850 5851 φησὶν,
877 5791 1134 5841 ἐπιδοῦναι.

300 5853 323 5880 ⁸⁵
347 5850 452 5913 Reg
491 5850 677 5915 ἀνάγκη
699 5850 950 5902 δουλεύων.

1625 236 1710 290 ΒΕ
1753 236 2217 296 ῊΠΟΙΝΙΤΑΤΕ.

3449 247 3553 302 55f!

1973 350 2130 421 θέμις
2154 353 2379 424 ὁρμίσαι
2427 353 2488 406 τὸ
2538 354 2742 424 σκάφος
2784 356 2921 426 αὐτῇ
2972 356 3062 408 καὶ
3111 356 3552 415 ἀναπαύσασθαι.

1973 429 2182 503 Ὥσπερ
2217 429 2308 486 οὖν
2335 435 2382 486 οί
2434 433 2574 486 κατά
2620 435 2718 505 τὴν
2764 432 3033 488 θάλατταν
3079 435 3393 507 κακοῦργοι,
3427 440 3553 494 ἔνθα

1972 510 2070 580 μὲν
2092 511 2156 564 ἂν
2247 512 2401 575 πόλις
2428 513 2460 584 ἦ
2490 513 2726 566 ἐπίνειον
2759 514 2791 584 ἢ
2847 513 3034 584 λιμὴν,
3081 515 3182 567 οὐκ
3219 517 3553 573 ἐπιτίθενται

1966 593 2080 652 τοῖς
2111 591 2334 643 πλέουσι
2394 591 2571 658 (τοῦτο
2617 593 2726 664 γάρ
2760 593 2937 663 μάτην
2999 593 3338 646 κινδυνεύειν
3360 596 3551 667 ἐστίν)·

1966 669 2032 723 ἂν
2056 671 2110 724 δέ
2139 673 2195 722 ἐν
2223 672 2370 742 μέσῳ
2401 673 2478 742 τῷ
2505 673 2731 740 πελάγει
2760 673 2820 725 τὸ
2851 673 3058 741 σκάφος
3092 673 3422 740 ἀπολάϐωσι,
3454 676 3554 747 τὴν

1965 750 2201 822 ἐρημίαν
2224 751 2331 804 τῶν
2363 751 2739 822 βοηθησόντων
2771 752 2871 822 τῆς
2901 753 3110 823 τόλμης
3157 754 3366 822 ἐφόδιον
3403 755 3548 825 έχον-

1962 846 2076 892 τες,
2106 830 2286 884 πάντα
2312 831 2519 884 κινοῦσι
2549 833 2642 884 καὶ
2697 832 3009 903 στρέφουσι,
3062 833 3156 884 καὶ
3190 834 3252 884 ού
3287 833 3552 904 πρότερον

1961 907 2289 975 ἀφίστανται
2311 909 2416 973 ἓως
2443 910 2508 963 ἂν
2537 911 2567 979 ἢ
2595 910 2940 964 καταδύσωσι
2960 909 3087 973 τοὺς
3122 911 3480 980 ἐμπλέοντας,
3515 914 3550 982 ἢ

1959 985 2118 1039 τοῦτο
2149 988 2393 1041 πάθωσιν
2423 989 2598 1041 αὑτοὺ
2629 988 2771 1042 οὕτω
2796 991 2887 1042 καὶ
2918 991 2946 1041 6
2970 989 3141 1052 δεινὸς
3172 984 3325 1052 οὗτος
3356 1007 3549 1062 πειρα-

1957 1065 2058 1137 τὴς
2086 1069 2151 1137 τῇ
2189 1068 2444 1139 παρθένῳ
2481 1069 2647 1122 πολὺν
2670 1069 2868 1136 ἐπάγει
2903 1069 2990 1122 τὸν
3034 1069 3278 1140 χειμῶνα
3312 1071 3404 1122 καὶ
3451 1089 3549 1140 χα‹

1958 1143 2129 1216 λεπὴν
2161 1148 2260 1217 τὴν
2317 1148 2506 1218 ζάλην,
2565 1149 2660 1200 καὶ
2716 1149 3023 1218 ἀφορήτους
3079 1149 3180 1210 τὰς
3227 1150 3546 1219 τρικυμίας,

1957 1225 2136 1278 πάντα
2163 1226 2276 1279 ἀνω
2313 1227 2404 1279 καὶ
2457 1226 2608 1280 κάτω
2660 1225 2865 1291 κυκῶν,
2924 1226 3063 1279 ὥστε
3110 1228 3175 1297 τῇ
3215 1226 3306 1297 βίᾳ
3355 1229 3446 1280 καὶ
3477 1232 3546 1298 τῇ

1958 1307 2107 1380 ῥύμῃ
2136 1306 2461 1377 περιτρέψαι
2518 1307 2581 1358 τὸ
2636 1307 2865 1374 σκάφος.
2921 1307 3159 1359 Ἤκουσε
3190 1307 3299 1377 γάρ
3346 1307 3427 1360 ὅτι
3461 1308 3548 1369 τὸ.

1968 1388 2100 1440 Ἐπὶ
2138 1389 2206 1440 τὸ
2233 1389 2380 1442 αὐτὸ
2410 1386 2838 1456 συνέρχεσθαι,
2871 1388 2903 1456 ἡ
2958 1387 3227 1456 παρθένος
3258 1387 3358 1440 οὐκ
3405 1387 3542 1457 ἔχει,

1954 1466 2070 1520 ἀλλ’
2099 1466 2316 1538 ἀνάγκη
2356 1468 2426 1520 δι’
2475 1467 2598 1520 ὅλου
2655 1465 2910 1518 παλαίειν
2958 1465 3152 1534 αὐτὴν,
3181 1466 3248 1518 δι’
3277 1466 3398 1519 ὅλου
3442 1469 3549 1537 μά-

1953 1545 2148 1615 χεσθαι
2176 1545 2314 1616 πρὸς
2340 1546 2407 1599 τά
2447 1544 2798 1615 πνευματικά
2855 1545 2953 1614 τῆς
3009 1545 3299 1616 πονηρίας,
3346 1546 3450 1608 ἓως
3479 1546 3546 1599 ἂν

1952 1627 2034 1686 είς
2065 1625 2157 1677 τὸν
2213 1623 2388 1679 εῠδιον
2443 1623 2797 1693 καταπλεύσῃ
2836 1621 3050 1692 λιμένα.
3115 1622 3382 1693 Καθάπερ
3434 1623 3545 1692 γάρ

1954 1701 2296 1773 στρατιώτην
2350 1705 2596 1769 γενναῖον
2653 1701 2758 1764 ἔξω
2801 1699 2997 1769 τειχῶν
3051 1701 3383 1764 ἀποκλείσας
3443 1704 3544 1771 τὴν

1951 1780 2222 1851 παρθένον
2246 1785 2274 1835 6
2302 1781 2533 1844 Παῦλος,
2568 1781 2667 1833 ούκ
2722 1780 2946 1849 ἀφίησιν
2985 1779 3268 1848 ἀνοιγῆναι
3303 1780 3401 1843 τάς
3434 1780 3540 1832 πύ-

1950 1859 2047 1922 λας
2079 1861 2240 1930 αὐτῇ,
2273 1861 2377 1914 κᾶν
2409 1859 2615 1930 σφόδρα
2636 1861 2663 1912 6
2688 1857 2944 1927 πολέμιος
2967 1858 3225 1928 ἀγριαίνῃ
3269 1859 3404 1928 πρὸς
3443 1861 3542 1911 αὐ-

1949 1940 2070 2011 τὴν,
2112 1939 2215 1994 κᾶν
2239 1939 2390 2010 αὐτῷ
2418 1938 2594 2010 τούτῳ
2625 1938 2984 2009 σφοδρότερος
3024 1939 3280 2008 γίγνηται
3327 1938 3404 2009 τῷ
3449 1939 3540 1995 τὸν

1947 2020 2243 2073 ἀντίπαλον
2274 2018 2544 2090 μηδεμίαν
2578 2017 2824 2083 ἐξουσίαν
2854 2019 2996 2089 ἐχειν
3050 2016 3402 2088 ἀνακωχῆςά.
3427 2021 3539 2091 Οὐχ

1946 2097 1976 2148 6
2002 2097 2247 2161 διάϐολος
2286 2097 2342 2151 δὲ
2381 2099 2563 2168 μόνον,
2597 2098 2732 2151 ἀλλὰ
2763 2097 2855 2151 καὶ
2884 2097 3042 2159 αὐτὸς
3069 2098 3097 2149 6
3123 2097 3223 2167 τῆς
3246 2097 3539 2166 ἐπιθυμίας

1947 2173 2163 2247 οἷστρος
2197 2175 2459 2248 μειζόνως
2496 2181 2608 2241 τοῖς
2642 2178 2717 2248 μὴ
2762 2175 3142 2246 γεγαμηκόσιν
3181 2177 3410 2247 ἐνοχλεῖ’
3445 2179 3540 2230 καὶ

1945 2256 2105 2308 τοῦτο
2143 2257 2307 2309 παντί
2341 2274 2444 2310 που
2479 2256 2639 2328 δῆλόν
2669 2259 2838 2309 ἐστιν.
2869 2249 2969 2308 Ὧν
3001 2257 3100 2326 μὲν
3138 2254 3248 2327 γάρ
3275 2258 3373 2328 τὴν
3399 2259 3537 2309 ἀπό-

1945 2332 2136 2388 λαυσιν
2165 2334 2381 2406 ἔχομεν,
2418 2335 2477 2388 ού
2502 2336 2711 2406 ταχέως
2744 2335 2848 2388 ὑπὸ
2873 2334 2972 2404 τῆς
2998 2334 3302 2404 ἐπιθυμίας
3319 2336 3537 2388 ἁλισκό-

1951 2413 2110 2484 μεθα,
2144 2414 2242 2483 τῆς
2267 2415 2450 2477 ἀδείας
2507 2419 2573 2486 τῇ
2623 2414 2767 2486 ψυχῇ
2817 2415 3079 2486 ῥᾳθυμεῖν
3125 2413 3532 2485 συγχωρούσης.

1947 2491 2058 2546 Καὶ
2079 2492 2239 2546 τοῦτο
2268 2493 2365 2545 καὶ
2387 2492 2660 2564 παροιμία
2696 2511 2779 2556 τις
2803 2495 2934 2565 ἡμῖν
2971 2494 3258 2563 μαρτυρεῖ,
3282 2491 3538 2563 δημώδης

1951 2572 2072 2640 μὲν,
2119 2571 2324 2643 σφόδρα
2361 2572 2417 2625 δὲ
2451 2571 2675 2642 ἀληθής,
2728 2571 2800 2623 Τὸ
2852 2571 2961 2641 γὰρ
2991 2574 3047 2624 ἐν
3077 2570 3314 2641 ἐξουσίᾳ,
3347 2573 3532 2641 φησὶν,

1946 2651 2166 2722 ἕτοιμον
2217 2653 2316 2704 οὐκ
2369 2648 2508 2705 εἶναι
2555 2651 2694 2722 πρὸς
2743 2651 3042 2721 ἐπιθυμίαν
3075 2650 3322 2722 σφοδρόν.
3350 2653 3448 2702 Ἂν
3476 2652 3536 2704 δέ

1947 2746 2078 2783 ποτε
2107 2731 2441 2801 κωλυθῶμεν
2486 2723 2559 2783 ὧν
2604 2730 2768 2784 πάλαι
2800 2725 2944 2800 ἦμεν
2980 2728 3184 2799 κύριοι,
3223 2729 3534 2783 τούναντίον

1945 2809 2177 2876 γίνεται,
2207 2810 2391 2862 καὶτὰ
2419 2809 2506 2862 διά
2543 2809 2641 2879 τὴν
2681 2809 2930 2873 ἐξουσίαν
2988 2811 3115 2880 παρ’
3156 2809 3312 2880 ἡμῶν
3363 2826 3534 2863 κατα-

1947 2891 2312 2961 φρονούμενα,
2348 2889 2543 2955 ταῦτα,
2596 2891 2724 2942 ὅταν
2783 2890 2845 2941 τὸ
2891 2887 3057 2959 κῦρος
3094 2889 3250 2960 ἡμῶν
3297 2888 3532 2958 ἐκφύγῃ,

1947 2970 2484 3040 σφοδρότερονὴμῶν
2512 2969 2611 3039 τὴν
2662 2968 2958 3039 ἐπιθυμίαν
3006 2969 3272 3039 διήγειρε.
3311 2968 3537 3040 Πρῶτον

1951 3049 2050 3120 μὲν
2079 3045 2173 3101 οὖν
2200 3041 2372 3119 ταύτῃ
2412 3048 2613 3118 μείζων
2649 3046 2801 3118 παρὰ
2831 3050 2944 3109 τοῖς
2977 3047 3352 3117 γεγαμηκόσιν
3376 3048 3408 3116 ἡ
3434 3063 3536 3114 γα-

1947 3129 2104 3201 λήνη·
2133 3128 2385 3199 δεύτερον
2413 3128 2490 3192 δὲ,
2524 3128 2604 3180 ὅτι
2635 3126 2738 3179 κᾶν
2786 3128 2866 3189 είς
2925 3125 3058 3195 ὕψος
3103 3126 3335 3197 ἀρθῆναι
3383 3127 3534 3195 φιλο·-

1947 3209 2176 3278 νεικήσῃ
2232 3207 2365 3260 ποτέ
2432 3205 2642 3277 ήφλὸξ,
2698 3205 3054 3259 καταστέλλει
3101 3207 3312 3275 ταχέως
3361 3205 3535 3277 αὐτὴν

1947 3286 2250 3340 ἐπελθοῦσα
2290 3290 2322 3357 ἡ
2359 3285 2540 3357 μίξις.
2569 3286 2634 3338 Ἡ
2664 3284 2721 3338 δὲ
2751 3285 3020 3355 παρθένος
3041 3287 3141 3338 οὐκ
3169 3286 3364 3356 ἔχουσα
3384 3286 3534 3350 ὅπως

1949 3366 2116 3438 σϐέσῃ
2151 3377 2174 3405 ο
2205 3366 2266 3419 τὸ
2302 3368 2435 3437 πῦρ,
2469 3367 2574 3438 ὁρᾷ
2605 3366 2704 3436 μὲν
2739 3366 2870 3418 αὐτὸ
2896 3366 3303 3435 κορυφούμενον
3332 3367 3424 3419 καὶ
3453 3368 3534 3428 είς

1946 3446 2079 3517 ὕψος
2111 3449 2420 3520 αἰρόμενον,
2446 3447 2634 3499 σϐέσαι
2658 3447 2715 3498 δὲ
2753 3446 2853 3499 οὐκ
2885 3445 3144 3516 ἰσχύουσα
3181 3445 3298 3509 ἐνὸς
3324 3445 3534 3514 γίνεται.

1947 3528 2108 3598 μόνου
2133 3527 2226 3580 τοῦ
2253 3528 2325 3598 μὴ
2353 3526 2650 3596 φλεχθῆναι
2685 3526 3000 3596 μαχομένην
3047 3525 3198 3596 πυρί.
3234 3522 3383 3599 *Λρά
3416 3526 3535 3579 ἐστί,

1941 3625 1994 3661 τι
2026 3607 2216 3661 τούτου
2250 3606 2699 3678 παραδοξότερον,
2732 3607 2910 3658 πᾶσαν
2937 3605 3083 3658 ἐνδον
3116 3603 3403 3675 βαστάζειν
3433 3607 3539 3676 τὴν.

1945 3687 2146 3758 πυρὰν,
2188 3686 2282 3738 καὶ
2335 3685 2411 3755 μὴ
2464 3684 2755 3751 καίεσθαι;
2817 3684 3142 3754 συστρέφειν
3180 3686 3278 3754 μὲν
3312 3687 3369 3740 ἐν
3419 3687 3533 3747 τοῖς

1941 3768 2042 3838 τῆς
2063 3767 2240 3837 ψυχῆς
2297 3767 2564 3836 ταμιείοις
2595 3763 2694 3835 τὴν
2721 3763 2914 3833 φλόγα,
2954 3761 3106 3834 [⁸293]
3162 3763 3440 3833 ἀνέπαφον
3473 3764 3534 3820 δὲ

1941 3847 2043 3915 τὴν
2071 3846 2312 3900 διάνοιαν
2342 3844 2653 3914 διατηρεῖν;
2692 3843 2880 3904 Οὐδεὶς
2936 3842 3046 3913 γὰρ
3080 3843 3216 3912 αὐτῇ
3256 3845 3534 3915 συγχωρεῖ

1941 3927 2069 3989 τοὺς
2127 3925 2408 3996 ἄνθρακας
2464 3922 2689 3984 τούτους
2733 3922 2838 3985 ἔξω
2892 3921 3150 3983 κενῶσαι,
3200 3921 3315 3974 ἀλλ’
3344 3924 3531 3992 ὅπερό

1942 4003 2356 4076 Παροιμιαστὴς
2386 4001 2647 4055 ἀδύνατον
2681 3998 2818 4054 εἶναί
2844 4017 3008 4071 φησιν
3037 4001 3128 4053 ἐπὶ
3159 4000 3257 4070 τῆς
3281 4001 3390 4055 τῶν
3421 4019 3529 4053 σω-

1945 4086 2132 4157 μάτων
2160 4082 2395 4152 φύσεως,
2425 4081 2585 4134 τοῦτο
2611 4081 2900 4151 ὑπομένειν
2948 4079 3086 4150 αὐτὴ
3121 4080 3534 4148 καταναγκάζε-

1939 4181 2030 4218 ται
2054 4164 2146 4216 ἐπὶ
2171 4163 2270 4233 τῆς
2309 4160 2506 4231 ψυχῆς.
2539 4161 2603 4212 Τί
2640 4161 2698 4213 δέ
2753 4159 2960 4222 ἐκεῖνός
2992 4175 3124 4228 φησι
3151 4175 3165 4224 ;
3196 4159 3528 4227 Περιπατή-

1940 4260 2036 4298 σει
2077 4260 2170 4309 τις
2215 4243 2308 4296 ἐπ’
2343 4240 2662 4308 ἀνθράκων
2698 4238 2910 4305 πυρὸς,
2967 4239 3109 4304 τοὺς
3137 4238 3207 4290 δὲ
3231 4240 3423 4306 πόδας
3455 4243 3528 4294 οὐ

1939 4323 2338 4384 κατακαύσειῖ
2392 4318 2528 4371 Ἀλλ’
2584 4318 2692 4370 ἰδοὺ
2723 4315 2860 4388 αὕτη
2923 4321 3217 4386 περιπατεῖ
3245 4320 3338 4371 καὶ
3373 4320 3526 4390 φέρει

1939 4403 2038 4476 τὴν
2079 4402 2327 4472 βάσανον.
2378 4399 2690 4465 Ἀποὸήσει
2716 4415 2804 4463 τις
2837 4398 2957 4466 πῦρ
2983 4398 3054 4451 ἐν
3078 4400 3304 4462 κόλπῳ,
3347 4404 3419 4452 τά
3459 4397 3530 4451 δὲ

1941 4482 2138 4552 ἱμάτια
2163 4483 2233 4534 οὺ
2258 4481 2660 4541 κατακαύσει;
2689 4477 2836 4546 Αὕτη
2889 4477 2946 4530 δὲ
3002 4477 3104 4548 οὐκ¹
3148 4478 3206 4528 ἐν
3265 4481 3526 4548 ἱματίοις,

1939 4562 2057 4615 ἀλλ’
2094 4561 2242 4614 ἔνδον
2271 4560 2470 4629 ἔχουσα
2497 4559 2559 4611 τὸ
2584 4558 2695 4628 πῦρ
2726 4559 3009 4626 ἀγριαῖνον
3049 4558 3143 4610 καὶ
3179 4560 3370 4628 ἠχοῦν,
3427 4560 3527 4612 ἀν-

1939 4643 2123 4712 έχεται
2151 4641 2245 4692 καί¹
2280 4639 2459 4706 στέγει
2488 4638 2588 4708 τὴν
2613 4637 2807 4706 φλόγα.
2851 4635 2968 4687 Ἔτ’
2999 4631 3092 4689 οὖν
3115 4637 3376 4707 τολμήσει
3418 4656 3525 4703 τις,

1939 4721 2062 4774 εἰπέ
2093 4736 2203 4790 μοι,
2234 4721 2299 4788 τῇ
2329 4717 2595 4788 παρθενίᾳ
2630 4716 2722 4769 τὸν
2778 4715 2956 4786 γάμον
2997 4717 3405 4785 παραϐάλλειν;
3434 4719 3526 4771 ἀνη

1935 4789 2187 4868 τιϐλέψαι
2229 4797 2288 4850 δὲ
2336 4796 2501 4859 ὂλως;
2547 4796 2688 4848 Ἀλλ’
2745 4796 2848 4848 οὐκ
2890 4789 3116 4865 ἀφίησιν
3167 4796 3196 4847 6
3257 4798 3525 4868 μακάριος

1936 4878 2170 4941 Παῦλος,
2199 4877 2332 4930 πολὺ
2358 4875 2418 4927 τὸ
2445 4875 2608 4945 μέσον
2627 4875 2888 4944 ἐκατέρου
2915 4873 3004 4928 τοῦ
3033 4874 3358 4945 πράγματος
3391 4876 3523 4939 θείς·

1949 4957 2011 5009 Ἡ
2043 4954 2266 5026 μὲνγὰρ
2292 4953 2360 5006 τά
2379 4953 2472 5005 τοῦ
2493 4952 2722 5022 Κυρίου,
2749 4953 2934 5020 φησὶν,
2961 4954 2994 5022 ἡ
3016 4952 3071 5005 δέ
3097 4953 3166 5007 τά
3194 4954 3288 5007 τοῦ
3318 4955 3525 5024 κόσμου

1939 5036 2202 5105 μεριμνᾷ.
2255 5031 2589 5101 Συναγαγὼν
2641 5032 2820 5084 τοίνυν
2849 5033 2929 5096 είς
2964 5033 3156 5085 ταυτὸν
3189 5034 3316 5096 τοὺς
3361 5051 3528 5102 γεγα-

1937 5115 2200 5184 μηκότας,
2233 5115 2326 5167 καὶ
2351 5112 2526 5185 ταύτῃ
2553 5112 2942 5183 χαρισάμενος,
2989 5113 3220 5166 ἄκουσον
3275 5113 3394 5176 πῶς
3423 5115 3525 5166 αὑ-

1933 5197 2046 5255 τοῖς
2077 5193 2325 5256 ὀνειδίζει
2359 5192 2539 5246 πάλιν·
2580 5190 2713 5246 Ἐπὶ
2746 5191 2812 5244 τὸ
2842 5189 2989 5245 αὐτὸ
3024 5192 3151 5262 γὰρ,
3182 5193 3338 5262 φησὶ,
3375 5209 3524 5245 cvr-

1931 5271 2206 5340 ἐρχεσθε,
2247 5272 2348 5323 ἵνα
2397 5271 2482 5340 μὴ
2513 5270 2753 5339 πειράζῃ
2781 5270 2938 5340 ὑμᾶς
2986 5275 3018 5325 ό
3073 5270 3366 5336 Σατανᾶς.
3416 5272 3524 5324 Καὶ

1931 5353 2104 5418 δεῖξαι
2134 5351 2455 5422 βουλόμενος
2483 5351 2564 5404 ὅτι
2589 5352 2650 5404 οὐ
2683 5351 2784 5420 τῆς
2838 5350 3048 5405 ἐκείνου
3089 5352 3288 5420 πείρας
3323 5351 3386 5404 τὸ
3417 5354 3525 5404 πᾶν

1930 5434 2105 5497 ἐστιν,
2144 5431 2283 5485 ἀλλὰ
2320 5432 2416 5484 καὶ
2443 5431 2543 5501 τῆς
2562 5430 2840 5502 ἡμετέρας
2869 5431 3099 5494 νωθείας
3124 5432 3184 5482 τὸ
3212 5431 3395 5496 πλέον,
3427 5434 3525 5502 τὴν

1931 5515 2273 5586 κυριωτέραν
2317 5512 2496 5566 αἰτίαν
2546 5513 2833 5582 ἐπήγαγε,
2884 5511 2988 5565 Διὰ
3041 5511 3156 5578 τὴν
3221 5513 3526 5579 ἀκρασίαν

1929 5594 2118 5666 ὑμῶν,
2152 5593 2342 5648 εἰπών.
2403 5591 2500 5656 Τίς
2549 5587 2641 5645 οῦν
2686 5592 2787 5644 οὐκ
2847 5589 2916 5645 ἂν
2966 5591 3313 5663 ἐρυθριάσειε
3351 5592 3526 5646 ταῦτα

2004 5723 2035 5764 ιι
2053 5727 2173 5788 Reg.
2200 5727 2465 5789 ἀνακωχῆς.
2492 5726 2586 5789 Καὶ
2606 5724 2711 5787 περὶ
2735 5723 2818 5786 μὲν
2839 5728 2922 5782 τῆς
2949 5723 3181 5788 παρθένου
3202 5723 3372 5774 ταῦτα.
3400 5728 3523 5776 Τού-

1930 5806 2028 5844 τοις
2046 5791 2099 5837 δὲ
2117 5787 2206 5851 οὐχ
2227 5791 2252 5836 6
2276 5787 2494 5841 διάϐολος
2518 5787 2674 5846 μόνος.

1991 5853 2008 5871 ⁶’
2036 5853 2158 5912 Reg.
2177 5850 2286 5912 6119
2309 5850 2491 5898 σϐέσει.
