3886 6222
318 266 428 329 $57

313 392 451 445 dere
476 403 607 444 sane
643 403 763 444 cum
803 401 986 442 uxore.
1021 385 1133 440 Non
1164 391 1248 441 est
1290 383 1450 455 igitur
1489 382 1770 453 permissio
1791 379 1907 434 haec

316 480 598 550 probantis
618 496 682 536 ac
702 478 1126 536 commendantis
1145 518 1161 543 ,
1189 476 1284 532 sed
1314 475 1584 530 irridentis
1612 490 1674 528 ac
1709 474 1907 542 impro-

316 574 516 627 bantis.
545 572 676 628 Nam
718 573 771 626 ni
809 572 1244 640 voluptuosorum
1282 576 1515 623 mentem
1541 567 1754 636 egregie
1787 576 1904 620 tan-

311 681 449 736 gere
468 665 740 728 voluisset,
765 662 1183 732 intemperantia:
1204 675 1387 716 vocem
1419 673 1522 712 non
1553 657 1900 723 adhilmisset,

313 773 439 824 qua:
465 766 519 812 et
547 757 835 811 vehemens
859 763 941 810 est
960 795 976 819 ,
1013 763 1068 809 et
1095 754 1282 823 ingens
1308 751 1621 821 vituperium
1646 751 1900 804 continet.

314 850 427 902 Cur
453 848 594 902 enim
626 863 729 900 non
762 846 912 909 dixit,
944 846 1166 914 Pr0pter
1185 853 1414 898 veStram
1445 839 1903 896 imbecillitatem?

313 938 472 1005 Quod
502 954 567 993 ea
596 955 696 992 vox
728 937 895 1007 magis
917 936 1236 1006 ignoscentis
1263 942 1422 999 esset,
1452 933 1540 988 illa
1565 948 1692 986 vero
1713 933 1905 985 intem-

315 1032 594 1099 perantiae,
622 1045 883 1085 summam
915 1028 1177 1098 ignaviam
1205 1026 1458 1081 notantis.
1507 1024 1667 1095 Igitur
1706 1023 1901 1078 intem-

316 1125 574 1193 perantiae
598 1131 719 1187 est,
752 1138 856 1175 non
887 1135 1041 1191 posse
1067 1135 1094 1172 a
1118 1119 1464 1173 fornicatione
1487 1117 1772 1182 abstinere,
1800 1115 1901 1169 nisi

317 1217 473 1271 uxori
514 1230 728 1284 semper
762 1215 966 1269 lncreas
999 1228 1063 1267 ac
1095 1212 1237 1267 coitu
1264 1211 1460 1265 fruare.
1499 1208 1633 1277 Quid
1665 1209 1791 1262 mihi
1817 1208 1902 1262 hic

313 1309 496 1362 dicent
514 1306 603 1376 qui
622 1305 975 1375 virginitatem
998 1317 1444 1373 supervacaneam
1467 1301 1741 1355 statuunt?
1768 1299 1898 1354 Nam

314 1399 434 1452 haec
459 1413 564 1466 quo
591 1397 896 1451 contensior
918 1405 1000 1449 est
1017 1436 1033 1460 ,
1061 1410 1127 1449 eo
1153 1393 1408 1462 majorem
1449 1392 1608 1447 habet
1651 1393 1856 1446 laudem
1884 1411 1897 1446 :

312 1498 371 1544 at
391 1489 804 1550 matrimonium,
833 1487 922 1541 ubi
952 1502 1017 1540 eo
1042 1486 1159 1555 plus
1187 1487 1313 1540 satis
1342 1494 1510 1548 utare,
1537 1495 1644 1539 tum
1675 1487 1902 1538 maxime

313 1579 488 1636 laudis
511 1579 684 1634 omnis
712 1594 906 1648 expers
921 1589 1020 1633 est.
1055 1578 1106 1633 ld
1127 1578 1290 1642 enim,
1323 1578 1488 1647 inquit
1507 1578 1584 1644 (1.
1604 1576 1719 1631 Cor.
1745 1577 1793 1630 7.
1819 1578 1898 1646 6),

313 1672 438 1726 dico
463 1671 752 1726 secundum
780 1670 1158 1739 indulgentiam
1183 1712 1198 1734 ,
1240 1684 1347 1724 non
1379 1669 1667 1724 secundum
1699 1685 1900 1737 pra-cc-

317 1771 462 1830 ptum
487 1779 502 1828 ;
526 1763 635 1830 jam
665 1761 753 1816 ubi
775 1770 857 1816 est
886 1761 1230 1830 indulgentia,
1256 1760 1398 1814 laudi
1428 1759 1604 1812 nullus
1625 1771 1704 1812 est
1731 1760 1896 1812 locus.

313 1854 387 1906 At
429 1851 572 1906 enim
615 1860 670 1906 et
716 1851 783 1906 de
807 1851 1100 1920 virginibus
1139 1851 1405 1904 disserens
1448 1849 1542 1914 ait,
1586 1847 1898 1917 Prwceptum

317 1943 524 1997 Domini
553 1960 652 1996 non
687 1942 842 1997 habeo
873 1941 988 2014 (Ib.
1017 1957 1066 1995 υ.
1095 1942 1164 1995 25
1190 1943 1230 2009 ).
1268 1941 1403 1995 Νιιιιι
1449 1940 1604 2010 igitur
1651 1955 1762 1994 rem
1802 1955 1898 1992 ex-

314 2035 528 2105 a-quat?
567 2034 782 2090 Minime
805 2035 1039 2104 gentium
1067 2051 1080 2086 :
1111 2049 1231 2087 nam
1262 2033 1326 2088 de
1354 2033 1554 2102 virgine
1579 2031 1896 2088 sententiam

314 2127 478 2180 dicit:
503 2126 590 2181 hic
614 2140 932 2180 consensum
970 2124 1078 2179 dat.
1118 2125 1195 2178 Ac
1230 2134 1473 2177 neutrum
1515 2123 1754 2192 prtecipit
1793 2138 1896 2176 non

315 2216 502 2271 eadem
527 2216 596 2271 de
622 2231 816 2282 causa;
849 2215 942 2270 sed
969 2214 1073 2278 hic,
1111 2230 1176 2270 ne
1200 2214 1287 2284 qui
1316 2214 1383 2268 ab
1412 2212 1813 2282 intemperantia
1840 2228 1899 2268 se

313 2305 596 2361 sustollere
619 2306 777 2360 vellet
798 2303 1183 2376 prohiberetur,
1218 2303 1361 2358 velut
1393 2303 1638 2372 praecepti
1661 2303 1899 2357 necessi-

315 2407 422 2452 tate
441 2396 761 2462 obstrictus;
792 2397 918 2462 illic,
949 2412 1014 2450 ne
1033 2397 1122 2467 qui
1167 2396 1232 2450 ad
1256 2395 1606 2465 virginitatem
1639 2395 1899 2462 attingere

315 2489 640 2559 nequivisset
667 2488 1030 2554 damnaretur,
1050 2503 1149 2543 ceu
1171 2488 1222 2542 in
1250 2497 1568 2558 praeceptum
1589 2493 1895 2541 contumax.

316 2579 432 2632 Non
459 2579 734 2649 praecipio,
766 2580 956 2649 inquit,
985 2579 1241 2650 virginem
1270 2593 1419 2644 esse;
1441 2591 1629 2632 vereor
1652 2577 1794 2631 enim
1819 2577 1897 2632 rei

313 2670 707 2725 difficultatem.
736 2669 850 2724 Non
885 2671 1135 2740 jrmcipio
1163 2669 1413 2739 congredi
1445 2669 1749 2739 frequenter
1775 2683 1896 2722 cum

314 2778 481 2818 uxore
511 2782 526 2818 :
557 2764 682 2817 nolo
707 2763 849 2818 enim
873 2763 1268 2818 incontinentis:
1289 2763 1556 2832 legislator
1576 2775 1718 2818 esse.
1752 2759 1895 2828 Dixi,

312 2847 600 2920 Conuenite,
621 2863 679 2909 ut
692 2866 864 2910 vetem
895 2855 944 2908 in
970 2869 1208 2925 pra‘ceps
1233 2854 1380 2918 ferri,
1410 2870 1513 2909 non
1539 2863 1597 2908 ut
1621 2854 1899 2910 sublimius

313 2945 544 3000 studium
573 2946 878 3016 impediam.
927 2946 1042 3002 Non
1073 2961 1200 3016 ergo
1229 2947 1246 2977 ¹
1301 2945 1352 3000 id
1392 2947 1656 3015 pra-cipue
1688 2946 1815 3007 vult,
1844 2953 1902 3000 ut

313 3036 530 3092 assidue
559 3053 723 3093 uxore
749 3048 981 3102 utamur,
1010 3037 1103 3093 sed
1134 3037 1382 3092 nimirum
1414 3036 1464 3091 id
1489 3038 1794 3107 segniorum
1821 3037 1898 3091 in-

316 3129 664 3199 temperantia
686 3131 878 3185 sanxit.
903 3129 1034 3184 Nam
1056 3130 1099 3184 si
1128 3129 1274 3184 Pauli
1299 3128 1620 3183 voluntatem
1642 3128 1778 3184 scire
1797 3128 1897 3192 vis,

315 3221 441 3275 audi
467 3238 583 3291 qua:
610 3222 680 3276 sit
707 3240 720 3276 :
763 3221 911 3288 Volo,
935 3222 1125 3291 inquit,
1155 3238 1323 3275 omnes
1349 3221 1572 3275 homines
1596 3221 1668 3275 sic
1693 3237 1815 3283 esse,
1847 3225 1908 3273 ut

313 3330 410 3384 ego
462 3331 594 3382 sum,
633 3315 938 3368 continentes
989 3315 1008 3344 ²
1059 3312 1177 3385 (Ib.
1227 3329 1274 3367 υ.
1325 3312 1419 3382 7).
1471 3314 1633 3382 Igitur
1657 3312 1903 3383 quivells

316 3419 505 3458 OIIIIICS
529 3406 862 3459 continentes
887 3419 1026 3471 esse,
1058 3408 1324 3459 neminem
1349 3405 1428 3458 vis
1450 3419 1569 3459 esse
1599 3404 1899 3473 conjugem.

317 3496 434 3551 Non
463 3495 708 3566 equidem
736 3514 749 3550 :
781 3505 835 3549 at
862 3511 966 3549 non
1005 3504 1280 3565 propterea
1313 3496 1553 3549 volentes
1580 3505 1700 3548 veto
1730 3504 1780 3548 et
1818 3495 1901 3547 iu-

317 3588 532 3652 simulo,
560 3586 653 3642 sed
683 3602 804 3641 cum
835 3595 1012 3656 Optem
1043 3602 1105 3642 ac
1128 3589 1428 3654 percupiam
1453 3600 1636 3639 omnes
1663 3585 1738 3638 sic
1761 3599 1900 3652 esse,

320 3687 379 3730 ut
416 3692 514 3746 ego
554 3692 691 3737 sum,
725 3686 833 3730 tum
880 3677 1010 3731 illud
1055 3685 1272 3746 prOpter
1314 3677 1713 3731 l'ut‘ttiCatiuttcnt
1744 3678 1901 3731 etiam

318 3771 600 3825 concedo:
635 3770 856 3840 ideoque
900 3771 951 3824 in
994 3771 1252 3840 principio
1279 3770 1551 3834 dicebam,
1597 3769 1792 3823 Bonum
1834 3782 1906 3824 est

321 3865 515 3918 homini
543 3865 799 3918 mulierem
824 3882 922 3918 non
950 3874 1170 3934 tangere,
1200 3865 1320 3934 quia
1351 3865 1402 3918 id
1428 3875 1796 3934 prmOptarem.

395 3954 610 4009 XXXV.
660 3955 958 4009 Necessario
990 3954 1212 4009 Paulum
1257 3956 1578 4008 continentia:
1619 3955 1904 4026 exemplum

324 4061 380 4098 se
407 4045 746 4116 proposuisse.
789 4075 859 4084 —
894 4044 1000 4100 Sed
1038 4061 1202 4113 quare
1248 4046 1336 4099 hic
1381 4046 1462 4099 sui
1507 4046 1786 4106 meminit,
1821 4048 1904 4100 in-

324 4137 544 4206 quiens,
582 4136 709 4192 Volo
749 4154 919 4191 omnes
961 4138 1185 4191 homines
1223 4138 1294 4192 sic
1339 4155 1475 4203 esse,
1515 4146 1572 4191 ut
1617 4155 1707 4209 ego
1749 4141 1907 4194 sum?

327 4230 468 4298 quod
491 4231 534 4284 si
560 4245 664 4284 non
687 4231 998 4297 addidisset,
1023 4231 1104 4285 sui
1127 4245 1253 4285 sane
1276 4231 1595 4287 mentionem
1615 4231 1902 4301 elfugisset.

325 4324 434 4377 Cur
461 4324 617 4392 igitur
641 4323 856 4393 adjecit,
882 4332 936 4376 ut
961 4340 1051 4393 ego
1077 4339 1190 4376 sum
1207 4324 1232 4376 ?
1257 4323 1370 4376 Non
1393 4339 1498 4392 quo
1520 4338 1579 4378 se
1599 4324 1903 4390 extolleret;

329 4430 450 4469 nam
498 4414 581 4468 hic
627 4414 714 4468 ille
757 4424 870 4479 est,
916 4415 1154 4484 quicum
1202 4413 1590 4482 praedicationis
1639 4414 1908 4468 laboribus

329 4505 582 4573 apostolis
609 4512 906 4574 praestaret,
938 4503 1214 4573 indignum
1246 4518 1305 4558 se
1334 4503 1414 4556 vel
1440 4503 1666 4572 apostoli
1695 4505 1909 4560 nomine

330 4597 614 4650 existimat.
647 4594 778 4649 Cum
809 4597 950 4650 enim
978 4596 1222 4662 dixisset,
1253 4593 1362 4667 Ego
1387 4612 1498 4648 sum
1520 4596 1755 4650 minimus
1783 4614 1910 4668 apo-

330 4691 572 4741 stolorum
603 4687 686 4758 (Ι.
716 4685 834 4740 Cor.
864 4687 947 4742 15.
972 4687 1046 4756 9),
1077 4688 1220 4742 velut
1256 4687 1430 4754 majus
1458 4687 1709 4757 quiddam
1749 4704 1908 4757 quam

334 4794 428 4849 pro
457 4779 711 4848 dignitate
753 4793 848 4831 sua
887 4777 1172 4847 eloquutus
1193 4820 1208 4842 ,
1239 4778 1415 4831 statim
1444 4792 1502 4831 se
1530 4779 1782 4848 castigat,
1813 4779 1910 4832 ad-

331 4871 485 4937 dens,
535 4871 654 4936 Qui
715 4887 815 4924 non
869 4886 980 4924 sum
1037 4870 1218 4940 dignus
1260 4871 1428 4923 vocari
1471 4871 1729 4941 apostolus
1783 4869 1909 4940 (Id.

335 4964 422 5017 15.
465 4961 556 5033 9).
605 4963 711 5016 Cur
754 4961 914 5031 igitur
942 4960 1028 5015 hic
1070 4961 1423 5015 cohortatioui
1463 4976 1582 5016 sese
1625 4962 1913 5030 DrOponit?

333 5053 447 5108 Non
476 5061 675 5108 temere
701 5052 754 5106 id
780 5051 1014 5121 quidem,
1046 5059 1135 5103 aut
1162 5051 1277 5105 sine
1303 5066 1460 5105 causa
1477 5093 1490 5116 ,
1520 5051 1612 5106 sed
1637 5053 1728 5122 qui
1753 5054 1915 5107 sciret

335 5145 624 5214 discipulos
656 5153 766 5198 tum
803 5144 1033 5197 maxime
1069 5142 1136 5196 ad
1181 5146 1544 5211 prtestantium
1575 5158 1754 5198 rerum
1797 5153 1912 5198 stu-

337 5236 480 5290 dium
530 5235 779 5297 incitari.
828 5234 875 5289 si
929 5243 1313 5303 prteceptorum
1368 5233 1600 5287 habeant
1649 5235 1910 5302 exempla.

341 5326 522 5396 Itaque
560 5336 618 5382 ut
644 5327 734 5396 qui
773 5327 1026 5397 operibus
1053 5341 1249 5381 vacuus
1273 5327 1447 5380 verbis
1473 5326 1644 5380 solum
1677 5326 1916 5396 philoso-

341 5420 550 5487 phatur,
575 5418 714 5472 haud
735 5434 864 5473 sane
887 5417 1114 5473 auditori
1144 5418 1395 5487 prodest:
1425 5419 1493 5473 ita
1520 5419 1610 5489 qui
1635 5419 1916 5474 consilium

405 5572 420 5601 ί
457 5572 655 5680 (lictnon
680 5583 829 5633 pauca
849 5571 1055 5620 deerant
1075 5571 1124 5619 in
1143 5571 1324 5632 Μαι-ειη
1353 5585 1462 5635 qua:
1490 5587 1550 5624 ex
1578 5579 1691 5639 neg.
1713 5576 1915 5626 etSavil.

405 5647 461 5680 nn
482 5645 544 5680 en
570 5646 643 5680 ur.

344 5644 643 5723 ’"l":.'f’2}.‘f."

445 5698 494 5743 lu
516 5700 629 5758 Reg.
654 5694 875 5756 verbum,
899 5693 1202 5756 continentes,
1223 5693 1382 5746 deest.

1713 262 1801 319 DE
1844 261 2304 323 \'lllGlNlT.\TE.

3492 273 3596 328 ωε

2016 392 2045 429 a
2074 394 2132 434 se
2163 381 2333 450 primo
2377 383 2669 452 perfectum
2701 383 2857 440 habet
2886 385 3266 452 exhibendum,
3303 387 3384 442 vel
3414 386 3513 442 hac
3545 390 3594 443 in

2017 468 2199 536 primis
2222 471 2429 527 ratione
2450 473 2745 529 auditorem
2778 477 2996 530 inducit.
3031 479 3290 532 l’ra-terea
3319 493 3508 548 purum
3539 494 3596 532 se

2011 560 2081 614 ab
2110 561 2303 616 invidia
2333 574 2492 632 atque
2521 567 2658 620 fastu
2689 569 2940 634 ostendit,
2973 570 3062 638 qui
3099 571 3370 624 excellens
3414 569 3513 625 hoc
3543 581 3594 624 et

2013 655 2336 724 praecipuum
2377 672 2496 711 cum
2547 659 2820 729 discipulis
2850 676 3134 716 connnune
3165 677 3284 716 esse
3309 663 3458 727 velit,
3504 679 3594 716 ne-

2011 761 2115 816 que
2144 747 2206 801 iis
2238 757 2492 817 prazstare
2521 761 2704 816 curet,
2737 751 2828 804 sed
2863 753 2912 804 in
2939 752 3184 806 omnibus
3223 769 3316 808 eos
3355 754 3454 808 sibi
3497 771 3596 807 ex-

2011 856 2240 908 requare.
2279 841 2458 896 Habeo
2486 852 2540 897 et
2568 845 2773 896 tertiam
2803 859 3016 898 causam
3044 845 3240 900 dicere.
3266 846 3596 914 Quamnam?

2011 930 2304 986 Videbatur
2323 948 2410 987 res
2438 931 2669 988 difficilis
2695 949 2831 997 esse.
2860 951 2958 990 nec
2980 937 3159 992 multis
3187 937 3385 1003 facilis;
3417 940 3594 1008 itaque

2009 1027 2197 1079 volens
2225 1041 2342 1080 eam
2375 1025 2583 1081 facilem
2609 1029 2914 1095 declarare,
2943 1046 3064 1085 eum
3087 1072 3100 1092 ,
3130 1033 3218 1101 qui
3246 1033 3300 1086 id
3329 1048 3467 1102 opus
3493 1031 3592 1086 ab-

2011 1117 2280 1182 solvisset,
2311 1119 2363 1172 in
2395 1119 2627 1172 medium
2663 1120 2907 1185 adducit,
2936 1139 3004 1176 ne
3043 1122 3322 1176 admodum
3358 1123 3590 1177 laborio-

2008 1223 2125 1263 sum
2164 1208 2468 1274 crederent,
2511 1211 2603 1264 sed
2632 1210 2819 1265 ducem
2867 1211 3135 1267 intuentes
3175 1224 3228 1268 et
3273 1214 3371 1283 ipsi
3401 1215 3594 1268 animis

2007 1302 2148 1354 aucti
2178 1301 2419 1355 eamdem
2448 1302 2584 1356 viam
2612 1304 2828 1359 inirent.
2877 1305 3016 1364 Idem
3041 1317 3094 1361 et
3119 1306 3242 1360 alibi
3287 1309 3426 1363 facit.
3458 1309 3589 1362 Nam

2007 1389 2217 1445 Galatas
2245 1392 2540 1462 alloquens,
2570 1395 2737 1464 iisque
2766 1396 2894 1466 legis
2926 1398 3167 1452 timorem
3214 1400 3445 1454 eximere
3476 1408 3589 1453 stu-

2008 1482 2172 1547 dens,
2213 1499 2320 1553 quo
2358 1484 2424 1537 ad
2465 1486 2734 1554 antiquam
2777 1489 3214 1544 consuetudinem
3255 1490 3587 1556 ferebantur,

2009 1571 2259 1640 pleraque
2303 1573 2369 1627 ad
2395 1590 2512 1628 eam
2558 1577 2875 1644 pertinentia
2908 1591 3183 1635 servantes
3205 1622 3218 1644 ,
3270 1581 3396 1650 quid
3425 1583 3588 1637 dicit?

2008 1659 2183 1714 Estote
2204 1664 2332 1716 sicut
2360 1680 2450 1735 ego
2470 1706 2484 1730 ,
2513 1667 2631 1734 quia
2657 1676 2703 1720 et
2729 1684 2819 1737 ego
2847 1668 2977 1721 sicut
3002 1686 3088 1722 vos
3119 1669 3260 1740 (Gal.
3285 1673 3338 1725 4.
3370 1673 3480 1741 12).
3513 1673 3589 1727 Ac

2006 1753 2148 1821 quod
2178 1755 2251 1808 ait
2279 1755 2540 1824 ejusmodi
2571 1767 2652 1812 est
2685 1777 2698 1812 :
2731 1759 2871 1813 l\'ihil
2900 1759 2990 1826 sit,
3023 1761 3222 1831 inquit,
3253 1763 3395 1831 quod
3439 1763 3587 1818 dicae

2008 1843 2095 1909 tis,
2127 1859 2212 1898 me
2241 1845 2642 1913 resipiscentem
2671 1864 2808 1902 nunc
2831 1849 2942 1917 jam
2972 1865 3002 1904 e
3029 1851 3294 1920 gentibus,
3327 1860 3498 1907 metus
3523 1869 3586 1907 cx

2007 1936 2136 2004 legis
2168 1937 2450 1991 violatione
2493 1939 2730 2008 ignarum
2752 1982 2767 2004 ,
2800 1942 3032 1996 suaviter
3059 1942 3174 1997 lure
3217 1945 3393 1998 omnia
3439 1944 3586 2000 vobis

2005 2029 2400 2098 philosophari;
2447 2039 2501 2085 et
2535 2048 2632 2102 ego
2661 2033 2800 2087 enim
2833 2042 2888 2088 ut
2916 2050 3012 2089 vos
3037 2035 3321 2105 aliquando
3364 2039 3587 2092 servitu-

2007 2126 2112 2173 tem
2154 2118 2290 2173 hanc
2321 2122 2549 2187 servivi,
2577 2123 2849 2191 subjectus
2891 2125 3020 2196 legis
3055 2126 3218 2195 jussis
3241 2170 3256 2192 ,
3288 2137 3582 2198 praecepto-

2002 2224 2121 2264 rum
2157 2211 2558 2267 observationes
2587 2225 2944 2284 cxsequutus;
2991 2217 3083 2271 sed
3117 2227 3395 2289 postquam
3425 2235 3587 2289 appa-

2012 2304 2121 2356 ruit
2145 2301 2342 2372 gratia,
2373 2310 2542 2353 totum
2581 2319 2664 2352 tne
2700 2309 2766 2354 ,ιιι
2803 2307 2890 2357 illa
2923 2309 2988 2360 ad
3023 2308 3162 2360 hanc
3191 2309 3439 2362 contulit.
3476 2309 3585 2363 Nec

1981 2449 1990 2452 ,_
2007 2393 2116 2462 jam
2160 2406 2221 2446 ea
2238 2408 2325 2449 res
2350 2402 2434 2449 est
2452 2392 2832 2463 transgressio,
2851 2408 2972 2446 cum
2994 2393 3046 2447 in
3063 2394 3202 2449 alius
3217 2394 3319 2448 viri
3358 2415 3577 2454 manum

2011 2486 2426 2540 convcnerimus
2458 2483 2564 2554 (Ib.
2601 2485 2648 2536 l.
2677 2484 2787 2555 15).
2812 2482 2992 2550 Quare
3016 2502 3122 2538 non
3153 2499 3232 2540 est
3260 2490 3403 2557 quod
3437 2491 3586 2560 quis-

2003 2588 2156 2643 quam
2184 2573 2344 2641 dicat,
2373 2574 2474 2628 alia
2515 2573 2689 2630 facere
2713 2591 2830 2644 me,
2860 2576 2962 2630 alia
2994 2593 3230 2644 monere,
3261 2589 3351 2634 aut
3377 2581 3582 2635 securi-

2005 2675 2112 2720 tate
2159 2667 2288 2720 mihi
2331 2668 2552 2736 quaesita
2596 2682 2692 2722 vos
2737 2669 2788 2723 in
2837 2670 3126 2738 periculum
3171 2671 3316 2726 dare.
3363 2655 3583 2728 Nam-si

2003 2759 2296 2828 periculum
2337 2771 2614 2831 ageretur,
2645 2778 2751 2817 non
2794 2779 2879 2818 me
2919 2763 3166 2834 equidem
3207 2765 3581 2834 prodidissem,

2003 2867 2110 2906 non
2148 2854 2374 2908 salutem
2417 2870 2588 2910 meam
2636 2856 3010 2926 neglexissem.
3061 2856 3222 2927 Igitur
3271 2867 3326 2911 ut
3373 2858 3482 2911 illic
3527 2873 3587 2913 se

2004 2945 2304 3012 exemplum
2346 2960 2649 3015 proponens
2674 2956 2873 3002 metum
2899 2948 3058 3003 solvit
3085 2966 3099 3002 :
3129 2949 3199 3006 ita
3233 2959 3288 3004 et
3327 2948 3416 3006 hic
3447 2964 3506 3004 se
3533 2951 3583 3004 in

2003 3037 2236 3091 medium
2263 3037 2489 3093 adducto
2513 3039 2868 3095 sollicitudine
2909 3041 3121 3095 liberat.

2075 3127 2316 3183 XXXVI.
2352 3127 2701 3200 Virginitatem
2751 3131 3008 3186 modestia
3052 3148 3205 3186 causa
3248 3132 3312 3186 ab
3343 3132 3585 3202 Apostolo

2005 3217 2194 3271 donum
2220 3219 2488 3290 appellari.
2505 3249 2576 3260 —
2594 3219 2698 3275 Sed
2719 3219 2898 3288 habet,
2923 3221 3115 3292 inquit,
3143 3223 3411 3292 proprium
3438 3222 3586 3292 quis-

2008 3335 2114 3388 que
2139 3319 2366 3379 donum,
2391 3318 2531 3370 alius
2559 3317 2776 3384 quidem
2799 3318 2899 3377 sic,
2921 3317 3059 3370 alius
3081 3331 3208 3368 vero
3241 3316 3321 3372 sic
3355 3315 3428 3386 (1.
3455 3314 3579 3369 Cor.

2011 3411 2062 3466 7.
2093 3411 2180 3480 7).
2210 3408 2344 3462 Vide
2383 3409 2470 3462 hic
2501 3409 2632 3462 mihi
2663 3407 2975 3476 apostolicae.
3005 3407 3332 3461 humilitatis
3364 3407 3579 3476 signum

2009 3517 2274 3572 nusquam
2306 3500 2778 3569 deperditum,sed
2803 3500 3003 3568 ubique
3027 3499 3171 3554 serio
3204 3499 3458 3566 elucens;
3489 3496 3583 3552 Dei

2008 3597 2210 3651 donum
2247 3594 2479 3662 appellat
2512 3606 2666 3646 suam
2702 3592 2987 3654 virtutem,
3022 3600 3076 3645 et
3122 3592 3174 3644 in
3209 3607 3318 3661 quo
3355 3593 3463 3645 nul
3492 3608 3581 3646 um

2011 3684 2323 3744 desudavit,
2355 3680 2408 3734 id
2439 3696 2598 3734 omne
2630 3679 2859 3733 Domino
2892 3681 3101 3732 tribuit.
3136 3680 3200 3732 Et
3223 3681 3351 3749 quid
3385 3681 3579 3734 mirum

2009 3773 2052 3826 si
2085 3771 2135 3826 id
2164 3773 2215 3826 in
2246 3772 2571 3827 continentia
2599 3771 2743 3836 facit,
2775 3787 2896 3826 cum
2926 3772 2992 3828 de
3022 3773 3398 3842 prtedieatione
3428 3772 3589 3827 etiam

2010 3862 2298 3926 disserens,
2337 3879 2436 3932 pro
2463 3878 2568 3932 quo
2599 3863 2745 3917 mille
2771 3863 3003 3930 labores,
3035 3873 3317 3932 perpetuas
3345 3863 3590 3918 afflictio-

2013 3969 2143 4020 nes,
2194 3955 2577 4010 inenarrabiles
2628 3969 2932 4019 terumuas,
2983 3955 3345 4024 quotidianam
3404 3971 3588 4009 necem

2011 4048 2349 4117 suscepisset,
2399 4047 2534 4101 idem
2567 4047 2828 4115 usurpet?
2866 4046 2998 4115 Quid
3045 4063 3171 4114 ergo
3212 4047 3279 4102 de
3318 4062 3384 4101 co
3424 4048 3594 4101 dicit?

2010 4138 2141 4193 Plus
2166 4137 2270 4192 illis
2297 4137 2524 4192 omnibus
2553 4137 2811 4201 laboravi;
2839 4154 2934 4190 non
2961 4154 3050 4208 ego
3079 4148 3279 4203 autem,
3311 4137 3400 4190 sed
3430 4138 3594 4208 gratia

2011 4228 2109 4283 Dei
2133 4245 2325 4283 mecum
2351 4229 2424 4302 (1.
2450 4228 2568 4282 Cor.
2594 4229 2682 4283 15.
2710 4227 2819 4298 10).
2848 4227 2961 4282 Non
2987 4228 3174 4296 partim
3203 4243 3376 4292 suum,
3403 4228 3591 4296 partim

2011 4321 2106 4376 Dei
2133 4320 2315 4376 censet
2335 4361 2349 4383 ,
2379 4318 2473 4375 sed
2503 4329 2668 4373 totum
2701 4319 2812 4373 Dei.
2848 4319 2957 4372 Hoc
2985 4319 3119 4389 grati
3150 4319 3288 4372 servi
3319 4328 3399 4372 est
3419 4359 3432 4380 ,
3462 4317 3592 4371 nihil

2013 4413 2284 4483 proprium
2308 4412 2523 4478 dueere,
2549 4413 2640 4466 sed
2667 4413 2846 4466 omnia
2873 4413 2982 4466 heri
3007 4428 3020 4475 ;
3053 4411 3181 4465 nihil
3208 4427 3360 4465 suum
3387 4421 3591 4481 putare,

2014 4503 2107 4558 sed
2137 4504 2314 4558 omnia
2344 4504 2568 4558 Domini.
2604 4505 2777 4573 Atque
2803 4503 2944 4557 idem
2988 4502 3111 4556 facit
3137 4503 3280 4556 alibi.
3316 4502 3447 4556 Nam
3474 4519 3593 4556 cum

2015 4595 2257 4659 dixis-ct,
2290 4594 2543 4649 [labentes
2573 4595 2868 4650 donationes
2893 4595 3171 4648 secundum
3208 4596 3455 4664 gratiam,
3486 4611 3598 4666 qua:

2015 4688 2134 4740 data
2161 4697 2232 4742 est
2260 4688 2432 4749 nobis,
2459 4689 2748 4755 diﬂ'erentes
2776 4686 2795 4760 (
2821 4688 2969 4742 Rom.
2998 4687 3080 4742 12.
3114 4685 3181 4756 6)
3202 4728 3216 4748 ,
3244 4688 3297 4741 in
3341 4689 3596 4743 orationis

2017 4793 2301 4848 progressu
2340 4778 2637 4846 magisteria
2661 4819 2673 4839 ,
2721 4777 3090 4831 liberalitatem
3120 4793 3182 4831 ac
3213 4778 3514 4847 largitiones
3545 4779 3599 4833 in

2019 4871 2084 4924 iis
2114 4880 2392 4934 numerat;
2425 4886 2542 4939 qua:
2564 4870 2804 4934 virtutes,
2838 4885 2940 4922 non
2973 4869 3108 4924 dona
3135 4885 3276 4938 esse,
3311 4870 3460 4925 facile
3485 4887 3601 4925 om-

2018 4976 2114 5015 nes
2143 4961 2458 5030 intelligunt.
2491 4960 2616 5014 [ltec
2645 4969 2824 5015 autem
2856 4959 2976 5014 ideo
3020 4960 3284 5025 disserui,
3320 4976 3386 5015 ne
3415 4961 3600 5016 dicen-

2021 5061 2124 5106 tem
2153 5051 2372 5106 audieus
2395 5093 2410 5118 ,
2442 5049 2716 5120 PrOprium
2747 5051 2956 5121 quisque
2995 5051 3184 5104 donum
3210 5050 3386 5115 habet,
3417 5051 3599 5105 conci-

2019 5143 2150 5210 das,
2195 5158 2259 5197 ac
2299 5152 2472 5197 tecum
2514 5143 2871 5198 sermocinere
2911 5161 2923 5194 :
2968 5142 3139 5213 Opera
3179 5158 3297 5197 mea
3345 5143 3430 5199 hic
3470 5144 3601 5200 nihil

2022 5248 2155 5303 Opus
2181 5243 2301 5298 est;
2347 5234 2398 5288 id
2438 5233 2631 5290 donum
2659 5233 2852 5287 Paulus
2893 5235 3207 5288 nominavit.
3247 5233 3382 5289 Nam
3422 5235 3604 5289 mode-

2021 5327 2136 5381 stire
2181 5340 2372 5391 causa,
2420 5339 2522 5378 non
2567 5324 2657 5394 qui
2701 5325 3081 5378 continentiam
3127 5325 3280 5380 donis
3319 5341 3608 5382 accensure

2022 5417 2199 5484 vellet,
2248 5417 2317 5470 ita
2359 5415 2612 5485 loquitur.
2661 5414 2843 5485 Neque
2883 5417 3025 5470 enim
3072 5423 3126 5469 et
3169 5429 3349 5471 secum
3391 5426 3445 5472 et
3486 5433 3606 5473 cum

2025 5506 2238 5562 Christo
2265 5515 2496 5576 pugnat;
2526 5520 2628 5560 non
2657 5521 2775 5560 cum
2792 5503 3006 5561 Christo
3031 5503 3261 5570 dicente,
3287 5505 3424 5561 Sunt
3450 5524 3609 5561 eunu-

2027 5599 2142 5661 chi,
2187 5598 2273 5664 qui
2319 5601 2509 5668 scipsos
2559 5609 2762 5668 propter
2813 5615 3024 5668 regnum
3076 5598 3269 5653 caaleste
3321 5611 3604 5655 castrarnnt

2035 5693 2244 5763 (Matth.
2272 5692 2356 5748 19.
2384 5691 2512 5764 12);
2558 5703 2716 5764 atque
2757 5692 3022 5757 addente,
3069 5692 3168 5761 Qui
3212 5703 3369 5763 potest
3409 5711 3603 5765 capere,
