3886 6222
340 290 443 347 559

338 406 507 475 σιιμὶαε
529 420 550 460 :
575 416 683 460 non
708 417 891 461 secum
908 445 922 469 ,
952 405 1042 475 qui
1069 404 1373 459 viduitatem
1398 402 1704 473 amplexas,
1737 400 1835 457 sed
1861 402 1913 456 in

336 512 404 550 eo
449 496 720 567 proposito
764 497 1051 566 persistere
1102 495 1343 551 nolentes
1384 494 1621 550 damnet.
1688 492 1819 549 Nam
1873 494 1919 549 si

335 587 535 644 donum
562 597 678 654 est,
708 603 805 643 cur
833 586 914 643 eis
948 588 1319 653 comminaris,
1352 586 1537 642 dicens
1568 604 1581 641 :
1611 583 1917 640 Damnatio-

336 698 451 737 nem
472 681 675 749 habent,
696 683 812 754 quia
833 682 1047 753 primam
1067 681 1221 750 ﬁdem
1238 681 1435 734 initam
1457 679 1681 753 fecerunt
1697 674 1915 749 (L’I'im.

338 771 392 826 5.
426 770 569 841 l2)?
608 770 875 842 Nusquam
905 772 1045 825 enim
1072 769 1314 826 Christus
1342 769 1495 825 dotes
1525 785 1631 823 non
1660 768 1917 824 habentes

339 865 576 933 punivit,
621 863 715 919 sed
759 862 954 933 ubique
992 864 1152 918 vitam
1195 872 1395 918 rectam
1433 877 1540 917 non
1579 861 1910 928 exhibentes,

336 955 578 1024 adeoque
603 955 745 1026 quod
784 955 1117 1025 potissimum
1157 954 1409 1024 requirit,
1436 955 1545 1008 vita
1581 963 1664 1009 est
1691 954 1911 1023 optima,

337 1056 394 1101 et
414 1046 651 1102 actiones
682 1046 1091 1116 irreprehensae.
1121 1046 1390 1101 Douorum
1416 1054 1592 1102 autem
1614 1046 1915 1101 distributio

339 1140 509 1210 posita
539 1150 620 1196 est
647 1155 754 1194 non
784 1141 837 1195 in
867 1140 1175 1211 accipientis
1203 1140 1441 1209 optione,
1467 1138 1563 1194 sed
1588 1139 1641 1193 in
1666 1138 1915 1193 donantis

335 1231 578 1287 arbitrio.
607 1232 792 1303 Itaque
820 1231 1056 1303 prodigia
1087 1239 1360 1302 patrantes
1382 1231 1627 1286 Christus
1653 1230 1789 1285 adeo
1809 1242 1913 1284 non

335 1323 514 1379 laudat
542 1321 691 1396 (Luc.
720 1323 804 1379 l0.
832 1321 934 1396 20)
957 1364 973 1390 ,
1001 1333 1057 1379 ut
1081 1323 1240 1379 etiam
1270 1323 1557 1393 discipulos
1595 1338 1657 1378 ea
1700 1338 1760 1378 re
1793 1322 1913 1394 glo-

335 1415 534 1470 riantes
557 1416 625 1470 ab
650 1429 717 1470 eo
745 1415 939 1485 gaudio
970 1423 1261 1481 removeat,
1294 1429 1515 1469 monens
1537 1429 1603 1468 ne
1622 1414 1915 1484 gauderent

331 1505 596 1562 damnunia
627 1507 725 1562 sibi
752 1507 961 1576 subjici.
989 1506 1121 1561 Nam
1149 1507 1237 1577 qui
1263 1505 1403 1563 beati
1425 1507 1779 1576 pnedicantur
1799 1505 1915 1560 ubi-

330 1613 435 1669 que
462 1596 780 1671 (Mattiab)
817 1598 1186 1653 misericordes
1226 1606 1381 1663 sunt,
1430 1596 1689 1661 humiles,
1732 1596 1909 1662 mites,

329 1689 508 1745 animo
534 1690 674 1760 puri,
708 1690 910 1758 pacifici
932 1731 947 1755 ,
975 1690 1064 1759 qui
1093 1687 1207 1744 haec
1238 1689 1414 1742 omnia
1440 1697 1600 1759 atque
1626 1689 1690 1743 iis
1716 1688 1909 1742 similia

331 1792 604 1855 pnestant.
633 1782 770 1850 Quin
811 1781 924 1852 ipse
954 1782 1112 1837 etiam
1140 1781 1333 1836 Paulus
1374 1781 1628 1852 prmclara
1658 1794 1752 1835 sua
1783 1780 1911 1834 faci-

325 1888 456 1930 nora
484 1887 806 1940 recensens,
850 1873 903 1928 in
949 1870 1011 1927 iis
1053 1883 1108 1929 et
1146 1873 1486 1928 continentia:
1530 1872 1806 1937 meminit;
1844 1872 1909 1926 iis

325 1966 468 2040 enim
493 1964 699 2031 verbis,
726 1961 793 2017 In
818 1963 976 2017 multa
1001 1962 1271 2033 patientia,
1300 1963 1353 2016 in
1393 1961 1827 2028 tribulationibus,
1855 1967 1908 2015 tn

326 2056 724 2123 necessitatibus,
753 2055 807 2108 in
832 2056 1098 2126 angustiis,
1129 2055 1180 2109 in
1209 2053 1402 2125 plagis,
1433 2056 1487 2108 in
1512 2053 1795 2109 carceribus
1813 2096 1827 2120 ,
1855 2055 1908 2108 in

325 2148 603 2215 laboribus,
635 2149 688 2202 in
713 2147 1061 2214 seditionibus,
1096 2147 1148 2201 in
1178 2148 1381 2217 uigiliis,
1409 2146 1462 2200 in
1477 2148 1713 2219 jejuniis,
1740 2147 1905 2212 addit,

325 2240 396 2297 In
419 2243 645 2296 castitate
664 2240 741 2312 (2.
766 2241 884 2296 Cor.
908 2243 962 2297 6.
984 2242 1037 2296 4.
1067 2242 1120 2296 5.
1140 2242 1197 2312 6)
1226 2259 1240 2296 :
1273 2240 1491 2296 minime
1515 2241 1566 2295 id
1585 2240 1833 2307 facturus,
1862 2243 1907 2295 si

323 2335 525 2391 donum
557 2344 720 2391 esset.
752 2332 862 2390 Cur
884 2343 1060 2390 autem
1090 2344 1142 2390 et
1172 2334 1381 2389 mordet
1408 2348 1524 2387 eam
1563 2347 1669 2387 non
1701 2331 1907 2387 haben-

324 2436 425 2492 tes,
444 2426 859 2497 intemperantes
885 2442 977 2481 eos
998 2423 1230 2480 vocans?
1259 2439 1354 2480 cur
1375 2425 1463 2496 qui
1481 2422 1735 2494 virginem
1757 2438 1909 2480 suam

324 2533 431 2573 non
464 2518 670 2585 elocat,
711 2519 906 2573 rectius
950 2517 1114 2573 facit?
1154 2532 1249 2572 cur
1278 2517 1482 2574 beatior
1511 2517 1701 2585 vidua,
1744 2519 1790 2573 si
1829 2514 1908 2573 sic

322 2608 622 2665 manserit?
650 2609 780 2664 Nam
808 2609 947 2679 quod
969 2609 1079 2680 jam
1107 2606 1242 2677 dixi,
1266 2623 1370 2663 non
1403 2610 1784 2679 prodigiorum,
1812 2609 1905 2665 scd

322 2699 591 2754 actionum
618 2696 972 2753 beatitudines
992 2705 1133 2763 sunt,
1163 2698 1611 2769 quemadmodum
1635 2706 1691 2754 et
1711 2712 1903 2769 patum.

319 2791 439 2860 Quo
468 2799 643 2862 pacto,
674 2789 887 2860 inquam
910 2831 924 2856 ,
961 2788 1147 2845 eadem
1173 2789 1459 2844 cohortatus
1485 2799 1827 2860 perseverat,
1858 2790 1904 2845 si

318 2883 373 2939 id
400 2883 452 2937 iu
491 2883 642 2938 nobis
674 2894 780 2937 non
807 2891 922 2951 est,
965 2896 1061 2938 nec
1086 2892 1207 2952 post
1233 2881 1469 2938 divinum
1509 2880 1745 2939 favorem
1776 2896 1906 2953 ope-

318 2990 435 3030 ram
470 2975 629 3030 ctiam
674 2988 910 3029 nos:ram
951 2974 1264 3030 desiderat?
1306 2973 1369 3029 Ei
1410 2975 1553 3031 enim
1601 2976 1900 3042 sementim,

330 3064 457 3120 Volo
492 3082 662 3120 omnes
686 3065 913 3119 homines
952 3067 1024 3119 sic
1061 3082 1168 3121 esse
1185 3107 1200 3132 ,
1228 3074 1284 3120 ut
1310 3083 1400 3137 ego
1424 3080 1567 3131 sunt,
1595 3067 1902 3122 continentes

317 3159 507 3213 iterum
525 3157 724 3226 subdit,
752 3156 877 3212 Dico
900 3167 1064 3212 autem
1090 3175 1189 3213 non
1216 3159 1387 3229 nuptis
1425 3167 1473 3212 et
1493 3159 1677 3225 viduis,
1699 3158 1901 3214 Bonum

317 3262 390 3307 est
417 3252 543 3321 illis,
574 3253 617 3307 si
645 3254 718 3306 sic
747 3260 1103 3323 permaneant,
1129 3261 1182 3305 ut
1208 3268 1299 3324 ego
1312 3251 1388 3326 (ί.
1408 3251 1522 3306 Cor.
1543 3253 1595 3307 7.
1616 3253 1667 3307 7.
1687 3252 1761 3325 8),
1798 3255 1898 3309 ite-

320 3359 439 3399 rum
462 3358 523 3399 se
549 3343 795 3413 pr0ponit
817 3342 1005 3399 eadem
1031 3343 1098 3398 de
1119 3356 1300 3398 causa.
1320 3343 1449 3398 Nam
1477 3345 1564 3414 qui
1589 3345 1900 3415 exemplum

316 3433 578 3492 haberent
602 3434 900 3505 proximum
921 3443 976 3490 et
1004 3443 1269 3505 tamquam
1295 3434 1667 3503 domesticum,
1696 3434 1900 3492 facilius

312 3528 630 3600 virginitatis
674 3527 884 3582 labores
925 3537 1079 3583 erant
1121 3528 1322 3581 ausuri.
1367 3526 1520 3594 Quod
1561 3527 1604 3582 si
1649 3535 1702 3582 et
1739 3541 1897 3598 supra

315 3621 584 3692 inquiens,
625 3619 748 3675 Volo
769 3636 940 3674 omnes
965 3621 1038 3674 sic
1059 3635 1183 3685 esse,
1214 3627 1267 3672 ut
1292 3633 1381 3690 ego
1406 3634 1539 3684 sum,
1567 3627 1622 3673 et
1645 3618 1761 3684 hic,
1790 3617 1893 3673 Bo-

313 3729 439 3766 num
466 3720 540 3766 est
557 3753 573 3773 ,
602 3711 646 3766 si
671 3710 746 3765 sic
775 3719 1135 3781 permaneant,
1168 3717 1222 3763 ut
1250 3725 1340 3780 ego
1360 3751 1376 3775 ,
1408 3717 1597 3764 neutro
1623 3710 1741 3764 loco
1765 3722 1897 3764 can-

314 3819 428 3858 sam
456 3802 671 3871 adjecit,
699 3818 766 3857 ne
792 3802 1022 3867 mirare;
1054 3815 1225 3869 neque
1254 3800 1395 3855 enim
1422 3800 1473 3855 id
1501 3816 1565 3855 ex
1594 3800 1895 3871 arrogantia

312 3891 470 3958 facit,
500 3892 594 3948 sed
636 3901 783 3948 ratus
825 3891 956 3947 satis
994 3905 1113 3947 esse
1150 3906 1325 3947 causae
1366 3893 1684 3948 sententiam
1721 3907 1892 3959 suam,

310 3999 413 4055 qua
443 3983 633 4037 ductus
660 3999 771 4037 rem
798 3982 1127 4055 perfecisset.

383 4071 649 4129 XXXVII.
669 4073 724 4128 Μ
731 4076 864 4130 ultas
884 4091 991 4130 esse
1011 4076 1264 4130 molestias
1282 4075 1337 4128 in
1355 4074 1588 4130 secundis
1608 4073 1895 4145 nuptiis.—

311 4164 464 4234 Quod
496 4167 539 4220 si
569 4167 688 4236 quis
728 4166 962 4222 rationes
1003 4168 1162 4221 etiam
1200 4165 1464 4235 postulat,
1507 4165 1733 4236 primum
1764 4165 1891 4219 mihi

310 4256 548 4311 onmituu
580 4256 883 4311 mortalium
906 4256 1374 4318 existimationem,
1401 4264 1510 4308 tum
1536 4270 1655 4325 qua:
1685 4254 1771 4309 hic
1795 4270 1893 4309 usu

309 4349 562 4415 veniant,
593 4348 821 4417 indaget.
855 4346 987 4401 Nam
1014 4360 1134 4401 cum
1167 4345 1544 4417 legumlatores
1572 4360 1674 4400 nec
1711 4346 1896 4400 matri-

311 4438 491 4492 monia
511 4454 572 4493 ea
593 4438 875 4507 castigent,
899 4446 951 4491 et
979 4436 1286 4506 permittant
1311 4434 1470 4490 etiam
1492 4450 1555 4490 ac
1574 4436 1889 4503 concedant,

310 4530 474 4583 multa
498 4538 549 4583 et
572 4545 599 4581 a
623 4529 802 4584 multis
824 4544 943 4582 cum
966 4528 1131 4594 dumi,
1157 4538 1266 4582 tum
1292 4528 1343 4581 in
1365 4525 1481 4581 foro
1505 4528 1557 4581 in
1580 4542 1672 4583 eos
1688 4528 1890 4598 jactan-

308 4627 399 4674 tur
435 4619 677 4686 dicteria,
715 4618 1179 4689 reprehensiones,
1226 4618 1501 4673 maledicta
1538 4619 1773 4690 :quippe
1799 4634 1893 4675 eos

306 4724 461 4781 teque
490 4724 553 4764 ac
598 4709 840 4780 perjuros
865 4709 1052 4779 vulgo,
1101 4717 1158 4763 ut
1199 4710 1277 4764 sic
1314 4708 1537 4764 dixerim
1558 4750 1575 4776 ,
1602 4710 1888 4774 declinant,

313 4816 488 4871 neque
516 4809 608 4854 aut
634 4800 833 4854 amicos
866 4800 1080 4865 habere,
1105 4808 1197 4854 aut
1223 4814 1343 4856 cum
1370 4799 1435 4854 iis
1456 4809 1606 4870 pacta
1632 4811 1892 4856 conventa

310 4891 559 4957 firmare,
590 4906 760 4962 neque
787 4892 929 4945 aliud
958 4891 1247 4963 quidquam
1284 4891 1482 4947 audent
1507 4892 1748 4949 credere.
1792 4891 1890 4948 Et-

310 4983 452 5037 enim
485 4996 605 5038 cum
633 4997 726 5037 eos
754 4984 932 5038 vident
972 4991 1133 5037 tanta:
1160 4982 1557 5038 consuetudinis
1575 5023 1591 5049 ,
1621 4984 1890 5053 amicitias,

308 5073 683 5128 familiaritatis
724 5088 787 5129 ac
822 5073 1092 5129 societatis
1134 5072 1446 5128 memoriam
1488 5086 1592 5128 tam
1635 5072 1789 5129 facile
1825 5090 1890 5130 ex

240 5169 267 5247 ζ
312 5162 494 5219 animo
518 5164 807 5234 deponere,
840 5179 901 5219 ea
932 5164 994 5219 iis
1020 5163 1267 5235 cogitatio
1291 5165 1573 5234 quemdam
1599 5168 1747 5237 quasi
1779 5174 1891 5222 tor-

232 5250 236 5255 ’
270 5271 275 5274 ‘
311 5271 497 5326 porem
524 5255 769 5323 ollundit,
794 5267 849 5310 ut
874 5271 979 5311 non
1008 5265 1208 5313 temere
1228 5272 1320 5312 eos
1339 5256 1565 5313 candide
1588 5253 1885 5327 admittant,

314 5363 413 5404 ceu
441 5348 586 5405 leves
626 5360 784 5419 atque
815 5349 1107 5405 versatiles.
1138 5346 1324 5420 Neque
1361 5350 1431 5406 ob
1459 5352 1573 5407 haec
1599 5351 1770 5407 solum
1798 5367 1891 5409 eos

260 5466 271 5497 ι.
308 5449 661 5507 aversantur,
694 5441 790 5497 sed
831 5441 990 5496 etiam
1034 5452 1253 5512 propter
1292 5456 1467 5497 rerum
1498 5451 1765 5511 gestarum
1809 5445 1891 5500 in-

309 5530 643 5586 suavitatem.
673 5532 809 5600 Quid
831 5534 994 5597 enim,
1017 5547 1219 5602 quaeso,
1244 5525 1578 5601 injucundius
1602 5544 1705 5601 cst,
1729 5552 1887 5605 quam

309 5630 431 5694 past
467 5635 681 5692 gravem
712 5625 908 5679 luctum
929 5666 944 5692 ,
977 5623 1249 5695 ploratus,
1294 5624 1586 5696 lacrymas,
1618 5626 1887 5681 sordidam

310 5728 540 5782 comam,
564 5714 763 5786 pullum
790 5717 1063 5787 amictum,
1091 5715 1265 5774 subito
1293 5715 1527 5788 plausus,
1554 5717 1654 5774 tori
1680 5718 1891 5791 nuptia-

1049 290 1107 348 S.
1146 286 1423 348 JOANMS
1459 286 1937 346 CHRYSOSTOMI
1975 290 2300 348 ARCIIIEP.
2328 293 2860 353 GONSTANTINOI’.

3498 303 3611 360 5ϋῦ

2029 404 2142 470 les,
2174 406 2425 475 strepitus
2466 418 2497 460 a
2543 407 2705 476 priori
2733 409 3008 476 diversus,
3054 411 3197 466 velut
3241 413 3515 469 actoribus
3552 418 3613 473 in

2026 509 2186 550 scena
2233 496 2576 563 ludentibus,
2629 510 2692 554 sc
2734 499 2836 554 hoc
2877 512 3017 555 nunc
3060 498 3613 571 reprarsenmntibns?

2026 585 2158 640 Nam
2185 595 2241 643 et
2269 588 2379 643 illie
2404 589 2652 644 eumdem
2677 590 2863 645 videre
2889 601 2973 647 est
3001 592 3263 648 interdum
3291 611 3490 667 regem,
3521 601 3610 654 in-

2027 678 2234 733 terdum
2277 679 2514 734 omnium
2566 686 2955 751 pauperrimum
2988 693 3085 739 :et
3116 668 3355 757 ltic,'qui
3400 690 3610 758 pridem

2023 770 2091 825 ad
2136 771 2393 827 tmnulum
2432 773 2805 839 volutabatur,
2853 786 3072 845 repente
3115 779 3291 847 prodit
3333 794 3607 850 sponsos;

2022 861 2113 931 qui
2143 874 2352 917 comam
2379 864 2609 922 vellebat
2628 906 2643 932 ,
2671 874 2881 919 rursum
2925 867 3112 922 mdem
3152 870 3325 940 capite
3350 885 3608 928 coronam

2022 961 2236 1022 gestat:
2274 954 2515 1023 dejeetus
2554 970 2618 1010 ac
2659 970 2926 1022 merens,
2974 967 3029 1013 et
3068 960 3156 1029 qui
3204 975 3349 1031 sa-pe
3391 963 3612 1032 plorans

2016 1048 2163 1116 apud
2188 1062 2283 1101 eos
2308 1048 2397 1117 qui
2428 1063 2489 1103 sc
2517 1050 2928 1105 consolarentur
2952 1052 3213 1107 defunctae
3239 1054 3423 1109 laudes
3451 1071 3609 1110 usur-

2024 1140 2201 1208 pavit,
2232 1154 2294 1195 ac
2323 1142 2487 1195 vitam
2525 1141 2627 1196 sibi
2655 1143 2864 1198 vitalem
2894 1146 3134 1213 negavit,
3171 1146 3343 1216 iisque
3367 1149 3455 1217 qui
3486 1163 3547 1203 se
3572 1164 3608 1203 a

2021 1229 2269 1284 lamentis
2298 1230 2624 1287 abducerent
2652 1236 2976 1302 succensuit,
3008 1236 3323 1307 plerumque
3342 1240 3486 1294 inter
3509 1254 3608 1294 cos

2019 1318 2164 1389 ipsos
2195 1321 2385 1375 iterum
2429 1324 2659 1378 comitur
2699 1338 2764 1380 ac
2806 1326 3042 1392 renidet,
3093 1337 3147 1382 et
3186 1328 3358 1383 oculis
3397 1331 3606 1399 pridem

2018 1411 2456 1483 lacrymantibus,
2482 1415 2668 1470 iisdem
2699 1416 2883 1471 ridens
2897 1433 2989 1472 eos
3017 1418 3269 1486 intuetur,
3293 1435 3356 1476 ac
3376 1436 3480 1492 quo
3507 1438 3605 1479 ore

2016 1513 2208 1557 cuncta
2238 1503 2353 1559 haec
2374 1506 2527 1575 paulo
2547 1515 2670 1561 autc
2698 1508 2992 1576 abjurahat,
3017 1524 3081 1564 eo
3104 1526 3242 1566 nunc
3267 1512 3606 1569 abblunditur

2020 1606 2084 1647 ac
2130 1594 2327 1649 salutat
2378 1610 2585 1651 omnes.
2634 1598 2882 1653 Omnium
2929 1615 3058 1655 vero
3109 1602 3472 1658 tristissimum
3516 1614 3606 1660 est

2024 1685 2220 1741 bellum
2270 1687 2450 1744 liberis
2490 1698 2726 1744 creatum
2750 1732 2766 1756 ,
2812 1691 3018 1746 filiabus
3059 1693 3351 1750 domestica
3392 1696 3598 1763 leaena;

2024 1790 2147 1831 nam
2176 1777 2226 1832 id
2254 1779 2471 1833 omnino
2500 1790 2583 1835 est
2613 1796 2859 1837 noverca.
2890 1783 3021 1837 Iliae
3049 1783 3412 1854 quotidianum
3440 1787 3606 1843 dissi-

2015 1864 2162 1919 dium
2186 1876 2348 1937 atque
2374 1859 2554 1937 pugna
2579 1883 2594 1934 ;
2629 1870 2752 1924 hinc
2780 1870 3026 1928 inusitata
3055 1885 3107 1927 et
3137 1873 3375 1930 insolens
3402 1876 3601 1932 adver-

2012 1972 2105 2013 sus
2148 1958 2418 2014 innoxiam
2459 1962 2806 2015 concertatio.
2850 1961 2985 2016 Nam
3020 1964 3125 2018 vivi
3167 1974 3222 2019 et
3267 1966 3501 2021 invident
3543 1977 3600 2023 ct

2014 2047 2355 2114 invidentur;
2382 2062 2504 2104 cum
2524 2051 2750 2106 mortuis
2768 2052 2928 2106 etiam
2956 2053 3141 2109 hostes
3163 2057 3597 2112 reconciliantur.

2014 2141 2084 2193 At
2127 2155 2233 2195 non
2279 2139 2400 2206 hic,
2449 2143 2544 2197 sed
2589 2144 2863 2213 pulverem
2908 2154 3067 2215 atque
3114 2146 3352 2202 cinerem
3398 2148 3597 2205 invidia

2016 2230 2185 2298 petit;
2227 2230 2408 2286 odium
2441 2234 2493 2286 in
2521 2233 2793 2290 defossam
2822 2236 3026 2305 ingens,
3065 2237 3437 2306 contumelia),
3460 2254 3598 2295 oon-

2010 2321 2145 2375 vicia
2168 2362 2183 2388 ,
2225 2323 2593 2378 accusationes
2635 2326 2683 2380 ei
2722 2340 2842 2395 qua:
2879 2327 2932 2380 in
2975 2334 3170 2385 terram
3207 2328 3464 2385 dissoluta
3500 2333 3593 2396 sit,

2017 2412 2378 2482 implacabiles
2422 2414 2712 2470 inimicitiae
2756 2431 2876 2471 cum
2925 2432 2989 2473 ea
3034 2432 3152 2488 quae
3196 2419 3327 2474 nihil
3374 2421 3591 2476 laeserit.

2006 2504 2155 2572 Quid
2183 2508 2416 2562 amentia
2449 2508 2547 2564 hac
2571 2519 2626 2564 et
2663 2509 2907 2566 barbarie
2936 2510 3127 2568 foedius
3146 2512 3175 2565 ‘t
3213 2513 3408 2583 lnjuria
3436 2531 3466 2571 a
3492 2516 3595 2573 dc-

2015 2594 2191 2650 fuucta
2227 2610 2333 2651 non
2364 2597 2550 2653 atl‘ecta
2585 2617 2597 2652 :
2631 2599 2757 2669 quid
2796 2600 2938 2666 dico,
2985 2602 3174 2672 injuria
3212 2602 3596 2681 aﬁsctatimo

2008 2703 2141 2743 vero
2165 2690 2282 2759 ejus
2309 2689 2579 2746 laboribus
2609 2691 2790 2747 fruens
2828 2706 2891 2747 ac
2919 2693 3073 2748 bouis
3091 2696 3350 2763 gaudens,
3381 2710 3500 2752 cum
3528 2713 3593 2753 es

2011 2776 2156 2833 velut
2201 2792 2320 2834 cum
2364 2781 2550 2835 umbra
2590 2780 2934 2852 belligerandi
2982 2783 3143 2838 linem
3170 2786 3377 2841 nullum
3418 2786 3590 2842 facit:

2008 2878 2066 2924 et
2091 2884 2210 2925 eam
2246 2884 2365 2941 quae
2393 2884 2453 2927 se
2492 2872 2626 2927 nihil
2669 2873 2903 2940 lasserit,
2952 2888 3097 2944 saepe
3135 2876 3299 2930 etiam
3346 2877 3449 2932 sibi
3490 2893 3594 2934 nec

2006 2957 2380 3032 conspectam,
2412 2964 2558 3019 mille
2582 2964 2635 3018 in
2663 2964 2778 3019 dies
2804 2966 3101 3022 maledictis
3140 2966 3390 3034 lacessit;
3430 2978 3592 3039 atque

2006 3068 2127 3111 eam
2153 3070 2271 3127 quae
2312 3071 2417 3111 non
2447 3057 2692 3123 exsistit,
2740 3059 2793 3113 in
2838 3061 2990 3129 prole
3028 3061 3145 3132 ejus
3173 3063 3480 3130 ulciscitur;
3525 3079 3591 3120 ac

2005 3154 2194 3202 contra
2220 3158 2340 3201 eam
2367 3147 2542 3202 virum
2568 3156 2758 3213 armat,
2792 3149 2879 3205 ubi
2916 3150 3031 3220 ipsa
3068 3150 3202 3206 nihil
3231 3153 3454 3222 perlicit.
3486 3156 3590 3207 At-

2003 3251 2111 3306 que
2151 3238 2268 3294 hmc
2312 3248 2491 3294 tamen
2537 3240 2841 3296 hominibus
2883 3242 3053 3296 facilia
3094 3253 3250 3312 atque
3293 3243 3588 3299 tolerabilia

1990 3336 2126 3383 sunt
2150 3329 2265 3384 visa
2289 3371 2302 3394 ,
2335 3330 2496 3385 modo
2522 3345 2589 3386 ne
2628 3330 2861 3386 libidinis
2900 3333 3234 3403 tyrannidem
3258 3334 3398 3391 ferre
3418 3350 3584 3406 coge-

1991 3429 2208 3477 rentur.
2237 3423 2306 3477 At
2339 3436 2444 3477 non
2476 3422 2625 3494 virgo
2657 3425 2724 3479 ad
2762 3425 2907 3481 hunc
2942 3424 3245 3481 conflictum
3283 3428 3583 3498 trepidavit,

2004 3526 2103 3568 nec
2125 3513 2369 3582 prmlium
2394 3514 2708 3581 declinavit,
2740 3515 2882 3585 quod
2910 3517 3068 3587 vulgo
3093 3517 3227 3573 adeo
3253 3519 3589 3576 intolerabile

2001 3604 2265 3672 videatur,
2293 3606 2388 3661 sed
2414 3605 2623 3663 fortiter
2648 3609 2906 3664 resistens
2925 3618 3129 3664 natura:
3153 3610 3404 3665 insultum
3425 3612 3586 3667 susti-

2002 3698 2135 3752 nuit.
2177 3698 2308 3766 Quis
2348 3700 2507 3769 igitur
2531 3715 2649 3755 cam
2679 3716 2777 3771 pro
2819 3703 3010 3757 merito
3051 3705 3338 3774 suspiciat,
3370 3705 3587 3774 quando

1999 3790 2090 3845 alii
2116 3791 2279 3844 etiam
2307 3790 2489 3847 alteris
2539 3794 2738 3863 nuptiis
2768 3807 2902 3862 opus
2931 3794 3126 3850 habent
3148 3835 3164 3861 ,
3212 3810 3280 3850 ne
3318 3805 3580 3861 urantur;

2000 3880 2115 3935 lucc
2145 3895 2321 3951 neque
2355 3883 2473 3936 uuis
2502 3884 2793 3938 contractis
2831 3896 3088 3955 perpetuo
3128 3897 3309 3942 sancta
3334 3897 3392 3943 et
3415 3888 3584 3945 illius:

1997 3971 2122 4024 est?
2178 3970 2403 4039 Propter
2451 3972 2566 4026 haec
2614 3981 2668 4027 ct
2720 3974 2773 4027 iu
2824 3975 3011 4044 primis
3058 3984 3273 4047 prepter
3316 3980 3583 4048 repositos

2001 4062 2242 4116 viduitati
2286 4062 2338 4116 in
2390 4064 2537 4118 caelis
2581 4065 2895 4132 thesauros,
2940 4066 3032 4138 qui
3075 4069 3378 4138 loquentem
3423 4070 3476 4125 lu
3520 4085 3581 4126 se

1996 4152 2265 4208 Christum
2307 4153 2564 4221 haberet,
2602 4155 2855 4212 dicebat:
2897 4158 3097 4213 Bonum
3140 4170 3214 4215 est
3254 4162 3391 4227 illis,
3421 4162 3468 4216 si
3506 4163 3584 4218 sic

1998 4253 2357 4312 permaneant,
2392 4244 2522 4300 sicut
2562 4256 2612 4300 et
2653 4262 2764 4317 ego.
2815 4248 2930 4303 Non
2979 4250 3192 4319 potuisti
3221 4252 3288 4306 ad
3312 4267 3578 4309 summum

1998 4336 2223 4406 gradum
2251 4339 2613 4395 conscendere
2648 4356 2663 4393 :
2706 4350 2760 4396 at
2799 4344 3041 4412 maxime
3081 4359 3148 4399 ne
3186 4346 3420 4402 excidas.
3466 4347 3579 4404 lloc

1997 4431 2114 4485 solo
2139 4431 2286 4501 virgo
2328 4432 2420 4487 tibi
2463 4442 2699 4502 praestet,
2740 4434 2886 4505 quod
2926 4436 3067 4490 illam
3105 4437 3268 4493 libido
3307 4454 3377 4493 ne
3410 4441 3576 4495 semel

1996 4523 2213 4593 quidem
2235 4526 2557 4594 expugnavit
2574 4566 2589 4593 ,
2620 4535 2672 4581 te
2697 4527 2841 4595 prius
2869 4536 3168 4598 superatam
3196 4541 3453 4599 perpetuo
3479 4532 3579 4586 sub

1992 4618 2125 4688 jugo
2153 4627 2335 4673 tenere
2380 4619 2713 4688 nequiverit;
2758 4635 2818 4674 ac
2855 4632 2910 4674 tu
2955 4622 3166 4690 quidem
3207 4623 3341 4677 victa
3380 4624 3576 4688 vicisti,

1996 4711 2085 4765 illa
2127 4711 2403 4766 victoriam
2448 4712 2599 4767 clade
2649 4728 2833 4780 puram
2877 4714 3073 4780 habet,
3114 4730 3178 4771 ac
3216 4726 3387 4771 tecum
3434 4718 3579 4772 exitu

1996 4801 2277 4870 conjuncta
2313 4802 2570 4871 principio
2601 4804 2774 4858 solum
2803 4814 3040 4875 superat.

2068 4890 2354 4947 XXXVIII.
2402 4892 2504 4947 Cur
2558 4894 2853 4965 conjugibns
2905 4913 3091 4967 magna
3117 4898 3342 4962 solatia,
3393 4899 3580 4971 uirgini

1997 4983 2141 5037 nulla
2187 4983 2450 5038 concedat.
2480 5013 2548 5024 -
2593 4985 2755 5055 Igitur
2791 4988 3048 5057 conjuges
3092 4989 3379 5044 admodum
3426 5005 3577 5045 com-

1996 5073 2155 5129 mode
2203 5082 2411 5140 tractat,
2454 5074 2547 5143 qui
2606 5089 2710 5131 nec
2760 5078 2930 5132 altero
2983 5079 3193 5134 volente
3248 5093 3344 5134 eos
3397 5090 3579 5136 mutua

1995 5166 2380 5222 consuetudine
2437 5165 2749 5234 defraudet,
2812 5183 2912 5224 nec
2970 5169 3434 5227 defraudationem
3511 5188 3576 5227 ex

1995 5270 2260 5312 consensu
2300 5256 2509 5327 longius
2551 5258 2845 5327 producat:
2878 5261 3006 5330 quin
3034 5262 3229 5317 alteras
3269 5264 3429 5317 etiam
3474 5280 3578 5318 nn—

1996 5350 2133 5420 ptias
2159 5349 2450 5420 permittit,
2480 5352 2523 5405 si
2551 5351 2746 5418 velint,
2790 5364 2858 5407 ne
2902 5362 3145 5408 urantur.
3175 5356 3245 5410 At
3282 5356 3575 5427 virginibus

1996 5443 2199 5498 nullum
2255 5440 2559 5512 huiusmodi
2610 5443 2858 5498 solatium
2887 5445 3090 5514 prebet
3122 5486 3138 5511 ,
3170 5444 3266 5501 sed
3308 5447 3429 5503 illos
3456 5457 3577 5503 tan-

1996 5537 2163 5608 tisper
2197 5549 2466 5597 recreatos
2507 5544 2699 5599 iterum
2725 5544 2943 5600 dimittit
2970 5563 2983 5599 :
3014 5546 3150 5600 hanc
3178 5560 3274 5602 nec
3300 5547 3575 5601 minimum

1995 5630 2379 5701 respirantem,
2410 5635 2502 5696 sed
2530 5636 2743 5691 assidue
2769 5653 3087 5708 pugnantem
3110 5680 3123 5704 ,
3153 5647 3279 5693 smn
3320 5649 3579 5708 perpetuo

2003 5728 2146 5778 stare
2170 5763 2186 5793 ,
2233 5737 2295 5780 ac
2336 5725 2716 5797 cupiditatibus
2741 5728 2922 5801 impeti
2947 5771 2963 5801 ,
2995 5743 3095 5787 nec
3118 5729 3203 5787 vel
3231 5730 3451 5787 tantillis
3491 5730 3579 5802 in-
