3886 6222
355 262 454 317 κει
1068 254 1126 307 S.
1162 251 1448 310 JOANMS
1485 250 1964 310 CIIRYSOSTOMI

354 372 730 447 παραμυθίαν,
761 371 899 428 ἀλλά
923 373 1050 437 τοὺς
1084 374 1182 444 μὲν
1211 375 1304 428 ἐπὶ
1338 372 1593 428 τοσοῦτον
1618 370 1944 426 ἀναπαύσας

354 442 522 512 πάλιν
550 458 756 528 ἀνίησι,
782 456 881 526 τὴν
912 457 970 510 δὲ
998 442 1121 510 0666
1152 457 1350 528 μικρὸν
1384 455 1779 519 ἀναπνέουσαν,
1808 442 1956 508 ἀλλὰ³

353 541 421 594 δι’
451 541 574 593 ὅλου
627 540 949 611 μαχομένην
983 539 1206 610 ἀφίησιν
1252 540 1475 593 ἑστάναι
1517 538 1803 610 διηνεκῶς,
1849 538 1947 590 καὶ

358 623 648 693 βάλλεσθαι
681 623 785 675 ὑπὸ
817 622 927 675 τῶν
971 622 1299 693 ἐπιθυμιῶν,
1326 623 1419 675 καὶ
1452 621 1574 674 0666
1617 621 1818 692 μικρᾶς
1846 619 1946 673 a6-

355 706 454 778 τὴν
475 703 736 759 λαϐέσθαι
760 705 973 758 δίδωσιν
1006 707 1319 776 ἀνακωχῆς.
1352 704 1452 758 Διὰ
1478 705 1530 757 τί
1555 704 1667 773 γάρ
1698 705 1798 757 οὐκ
1826 698 1947 756 εἷπε

357 792 453 844 καὶ⁸
498 789 636 860 πρὸς
683 788 976 858 αὐτήνἘὶ
1019 787 1088 840 δὲ
1134 790 1247 842 οὐκ
1287 788 1724 857 ἐγκρατεύεται,
1756 802 1944 856 γαμη-

358 871 554 936 mira);
594 872 721 925 Ὀτι
766 870 889 923 οὐδὲ
931 872 1070 942 πρὸς
1113 871 1206 924 τὸν
1250 870 1492 943 ἀθλητὴν
1540 871 1687 923 εἴποι
1735 886 1822 933 τις
1878 869 1944 923 ἂν

357 956 497 1025 μετὰ
523 955 585 1008 τὸ
614 954 767 1027 ῥίψαι
794 953 856 1006 τὸ
891 954 1127 1025 ἱμάτιον,
1162 955 1257 1008 καὶ
1282 954 1631 1025 ἀλείψασθαι,
1655 954 1751 1008 καὶ
1782 954 1863 1017 εἰς
1885 953 1945 1006 τὸ

360 1039 572 1093 στάδιον
625 1037 911 1103 εἰσελθεῖν,
958 1040 1054 1092 καὶ
1113 1039 1567 1093 καταπάσσεσθαι
1619 1037 1720 1108 τὴν
1772 1037 1942 1100 κόνιν,

369 1122 684 1194 Ἀπόστηθι,
718 1122 815 1175 καὶ
835 1122 973 1191 φύγε
994 1121 1084 1175 τὸν
1124 1123 1534 1193 ἀνταγωνιστήν
1554 1136 1567 1150 '
1592 1120 1707 1174 ἀλλ’
1733 1120 1943 1189 ἀνάγκη

356 1205 542 1258 λοιπὸν
585 1205 732 1259 δυοῖν
782 1203 1046 1274 θάτερον,
1080 1204 1113 1274 ἦ
1156 1204 1594 1274 στεφανωθέντα,
1632 1204 1665 1274 ἢ
1710 1203 1948 1256 πεσόντα

357 1289 453 1341 καὶ
492 1288 954 1358 καταισχυνθέντα
1008 1286 1286 1340 ἀπελθεῖν.
1333 1287 1422 1339 Ἐν
1466 1285 1805 1357 παιδοτρίϐῳ
1847 1286 1945 1355 μὲν

356 1370 467 1442 γὰρ
505 1372 601 1424 καὶ
627 1370 958 1441 παλαίστρᾳ,
988 1370 1122 1422 ὅπου
1184 1370 1320 1439 πρὸς
1346 1371 1474 1432 τοὺς
1523 1369 1758 1431 οἰκείους
1790 1370 1823 1439 ή
1850 1385 1946 1436 γυ-

360 1455 580 1525 μνασία,
618 1456 711 1507 καὶ
743 1456 855 1517 τοῖς
875 1454 1048 1523 φίλοις
1073 1451 1221 1524 [298]
1252 1453 1326 1517 ὡς
1342 1451 1604 1516 ἐναντίοις
1636 1452 1959 1525 συμπλέκε-ἱ,

356 1522 467 1601 ται,
499 1539 593 1591 καὶ
640 1536 735 1590 τοῦ
777 1522 958 1590 πονεῖν
1006 1522 1099 1589 καλ.
1124 1522 1220 1588 τοῦ
1257 1535 1333 1608 μὴ
1380 1539 1565 1591 πονεῖν
1618 1522 1783 1599 αὐτός
1824 1522 1955 1588 ἐστι⁵

356 1620 573 1692 κύριος⁸
613 1621 743 1673 ὅταν
790 1620 847 1673 δὲ
877 1619 1287 1690 ἀπογράψηται,
1324 1620 1421 1673 καὶ
1454 1620 1685 1690 συλλεγῇ
1728 1618 1788 1672 τὸ
1816 1617 1944 1672 θέα-

354 1720 501 1775 τρον,
547 1703 642 1756 καὶ
681 1703 710 1754 6
745 1700 1091 1771 ἀγωνοθέτης
1130 1705 1312 1773 παρῇ,
1353 1704 1446 1756 καὶ
1484 1705 1533 1756 οἰ
1575 1702 1766 1756 θεαταὶ
1814 1703 1939 1755 καθα

357 1784 606 1848 έζωνται,
640 1784 734 1838 καὶ
762 1785 1051 1854 εἰσάγηται
1082 1787 1110 1837 6
1141 1785 1551 1857 ἀνταγωνιστὴς
1584 1785 1678 1837 καὶ
1716 1786 1945 1839 ἀντιπα-

356 1869 706 1939 ρατάττηται,
738 1868 837 1939 τὴν
865 1867 1115 1934 ἐξουσίαν
1147 1867 1310 1920 αὐτὸν
1344 1870 1374 1921 6
1406 1865 1516 1921 τῶν
1540 1867 1770 1935 ἀγώνων
1804 1885 1947 1938 παρ-

357 1958 554 2027 ⁴ᾕρηται
576 1953 760 2020 νόμος.
802 1952 912 2004 Kal
958 1953 1026 2021 τῇ
1073 1950 1329 2021 παρθένῳ
1364 1951 1546 2004 τοίνυν
1595 1950 1702 2013 ἕως
1747 1951 1846 2021 μὲν
1878 1950 1944 2004 ἂν

357 2036 666 2107 βουλεύοιτο
706 2035 973 2106 πρότερον
1028 2036 1076 2087 εί
1128 2034 1238 2087 δέοι
1276 2036 1476 2105 γαμεῖν
1505 2033 1543 2105 ἢ
1600 2034 1676 2104 μὴ
1726 2037 1944 2104 γαμεῖν,

355 2121 638 2183 ἀκίνδυνος
671 2121 699 2173 6
727 2119 925 2189 γάμος,
964 2116 1184 2170 ἐπειδὰν
1224 2115 1283 2170 66
1318 2116 1508 2185 ἕληται
1554 2118 1649 2170 καὶ
1696 2118 1946 2185 ἀπογρά-

354 2207 545 2276 ψηται,
602 2204 897 2273 εἰσήγαγεν
948 2202 1148 2272 ἑαυτὴν
1187 2202 1268 2264 είς
1309 2200 1374 2253 τὸ
1423 2200 1658 2254 στάδιον.
1711 2199 1807 2264 Τίς
1855 2196 1946 2255 οὖν

354 2289 635 2360 τολμήσει,
663 2287 759 2340 τοῦ
793 2285 1023 2357 θεάτρου
1052 2284 1524 2356 συγκροτουμένου
1565 2286 1659 2338 καὶ
1689 2284 1951 2357 θεωρούν-

355 2390 465 2426 των
509 2373 609 2444 μέν
659 2370 869 2426 ἀνωθεν
914 2370 1185 2439 ἀγγέλων,
1237 2368 1708 2437 ἀγωνοθετοῦντος
1750 2369 1808 2422 δέ
1853 2369 1945 2424 τοῦ

355 2455 614 2526 Χριστοῦ,
650 2453 975 2526 μαινομένου
1004 2453 1063 2507 δὲ
1090 2452 1184 2507 τοῦ
1214 2452 1460 2506 διαϐόλου
1503 2454 1597 2507 καὶ
1626 2455 1946 2526 τρίζοντοςει

356 2540 450 2594 καὶ
479 2538 931 2611 συμπλεκομένου
967 2537 1103 2609 πρὸς
1130 2537 1231 2608 τὴν
1264 2537 1444 2607 πάλην
1484 2538 1579 2591 καὶ
1617 2538 1786 2610 μέσου
1814 2557 1947 2594 κατ-

353 2624 654 2695 εχομένου,
716 2621 1003 2692 παρελθὼν
1054 2622 1134 2684 εἰς
1183 2622 1349 2690 μέσον
1396 2621 1604 2674 εἰπεῖν·
1663 2622 1807 2691 Φύγε
1856 2624 1948 2678 τὸν

353 2707 572 2778 ἐχθρὸν,
615 2705 764 2769 ἔνδος
798 2707 912 2769 τοῖς
951 2704 1155 2767 πόνοις,
1195 2703 1464 2775 ἀπόστηθι
1503 2705 1603 2777 τῆς
1643 2705 1839 2774 λαϐῆς,
1872 2708 1948 2776 μὴ

354 2789 672 2861 καταϐάλῃς
698 2789 833 2859 μηδὲ
863 2786 1228 2857 ὑποσκελίσῃς
1248 2786 1340 2839 τὸν
1363 2787 1793 2859 ἀνταγωνιστὴν,
1812 2787 1949 2843 ἀλλά

356 2872 678 2945 παραχώρει
720 2871 820 2941 τῆς
860 2872 1018 2940 νίκης
1056 2867 1240 2938 αὐτῷ;
1282 2869 1394 2922 Kal
1420 2869 1474 2921 τί
1514 2868 1657 2938 λέγω
1687 2871 1822 2941 πρὸς
1851 2870 1963 2935 τὰς’

355 2956 695 3027 παρθένους;
740 2954 877 3025 πρὸς
926 2951 1028 3015 τὰς
1074 2954 1251 3023 χήρας
1289 2952 1391 3005 οὐκ
1434 2953 1500 3006 ἀν
1533 2970 1618 3016 τις
1660 2954 1947 3026 τολμήσειε

352 3039 558 3110 ταύτην
594 3038 756 3108 ῥῆξαι
795 3035 893 3107 τὴν
938 3035 1143 3105 φωνὴν,
1183 3033 1299 3088 ἀλλ’
1330 3034 1452 3087 ἀντὶ
1496 3035 1699 3107 ταύτης
1734 3037 1947 3109 ἐκείνην

353 3122 450 3194 τήν
509 3120 746 3193 φοϐερὰν
774 3161 789 3185 ,
847 3120 932 3172 ὅτι
996 3118 1137 3171 Ἐὰν
1205 3118 1773 3186 καταστρηνιάσωσι
1838 3111 1956 3176 τοῦ

353 3204 632 3273 Χριστοῦ,
664 3203 763 3258 καὶ
792 3200 1060 3273 γαμῆσαι
1093 3200 1423 3269 θελήσωσι,
1459 3201 1639 3272 κρῖμα
1670 3203 1941 3270 ἕξουσιν,

352 3288 442 3342 ὅτι
475 3288 591 3356 τὴν
618 3286 858 3356 πρώτην
886 3286 1095 3338 πίστιν
1121 3283 1448 3353 ἠθέτησαν.

427 3370 550 3424 ΛΘ.
578 3370 689 3423 Kal
722 3368 826 3440 μὴν
856 3368 1018 3430 αὐτός
1037 3384 1224 3438 φησιν,
1247 3367 1328 3419 ὅτι
1353 3365 1517 3436 Λέγω
1545 3366 1670 3434 τοῖς
1695 3368 1943 3439 ἀγάμοις

353 3454 451 3508 καὶ
474 3452 603 3518 ταῖς
627 3450 860 3521 χήραις,
888 3450 1093 3504 Καλὸν
1118 3449 1324 3515 αὐτοῖς
1344 3449 1516 3504 ἐστιν
1531 3450 1642 3504 ἐὰν
1654 3452 1944 3520 μείνωσιν

352 3538 434 3602 ὡς
455 3534 633 3605 κάγώ’
657 3537 706 3588 εἰ
729 3534 798 3586 δὲ
827 3535 941 3587 οὐκ
969 3533 1452 3602 ἐγκρατεύονται,
1478 3533 1938 3602 γαμησάτωσαν.

355 3621 464 3673 Kal
495 3618 655 3672 πάλιν
679 3635 692 3647 ·
731 3615 873 3670 Ἐὰν
897 3613 1151 3684 κοιμηθῇ
1178 3618 1210 3669 ό
1231 3615 1388 3683 ἀνὴρ
1418 3615 1629 3684 αὐτῆς,
1658 3616 1945 3686 ἐλευθέρα

352 3702 525 3756 ἐστὶν
552 3700 598 3767 ᾧ
628 3701 787 3757 θέλει
830 3698 1188 3769 γαμηθῆναι,
1217 3700 1412 3767 μόνον
1455 3699 1526 3751 ἐν
1562 3700 1774 3767 Κυρίῳ.
1820 3701 1945 3765 Πῶς

354 3782 446 3840 οὖν
485 3787 550 3855 ἢν
589 3784 814 3855 ἀφίησιν
845 3782 1139 3853 ἐλευθέραν
1172 3782 1337 3836 πάλιν
1372 3781 1611 3846 κολάζει,
1655 3783 1749 3835 καὶ
1788 3783 1845 3835 ὃν
1885 3787 1942 3838 ἐν

354 3867 545 3939 Κυρίῳ
576 3867 739 3938 φησὶν
764 3863 904 3920 εἶναι
944 3866 1144 3937 γάμον,
1181 3865 1369 3920 τοῦτον
1395 3867 1469 3930 ὡς
1498 3866 1831 3937 παρανόμως
1855 3884 1942 3936 γιο

354 3951 578 4023 νόμενον
606 3950 959 4020 κατακρίνει;
1001 3949 1092 4021 Μὴ
1137 3948 1342 4022 δείσῃς,
1375 3950 1435 4002 06
1478 3949 1571 4002 τὸν
1608 3949 1789 4015 αὐτὸν,
1825 3950 1939 4004 ἀλλ’

352 4034 555 4108 ἓτερον.
585 4034 797 4104 ’Ὥσπερ
822 4031 932 4103 γάρ
965 4031 1161 4101 λέγων,
1206 4033 1343 4085 Ἐὰν
1379 4032 1536 4103 γήμῃ
1562 4032 1600 4101 ἠ
1620 4034 1936 4103 παρθένος,

353 4121 468 4188 οὐχ
507 4117 789 4186 ἥμαρτεν,
825 4115 885 4168 06
920 4116 1049 4187 περὶ
1083 4115 1181 4185 τῆς
1222 4115 1645 4185 ἁποταξαμένης
1669 4117 1745 4185 τῷ
1777 4119 1940 4187 γάμῳ

356 4201 526 4285 φησίέ
557 4199 713 4285 δῆλον
743 4197 1094 4285 γάρῌάπασιν
1116 4198 1373 4285 ’ὅτιαύτὴ
1402 4198 1615 4285 ἥμαρτε
1646 4198 1738 4250 καὶ
1758 4199 1940 4285 ἀμαρο

355 4279 474 4338 τίαν
499 4283 770 4354 ἀφόρητον
790 4298 803 4312 ’
839 4279 976 4334 ἀλλά
1010 4281 1139 4351 περὶ
1162 4280 1265 4350 τῆς
1306 4279 1682 4351 ἀπειρογάμου
1716 4281 1814 4351 μὲν
1834 4282 1935 4340 ἔτι,

352 4366 507 4422 οὔπω
542 4366 600 4419 66
638 4364 758 4417 0666
795 4363 956 4417 τοῦτο
1006 4364 1127 4416 οὐδὲ
1174 4366 1350 4417 ἐκεῖνο
1386 4362 1793 4434 ψηφισαμένης,
1825 4364 1937 4418 ἀλλ’

355 4454 413 4506 ἐν
442 4448 751 4521 μεταιχμίῳ
789 4446 994 4500 τούτων
1022 4446 1299 4518 ἑκατέρων
1333 4446 1602 4518 μενούσης
1642 4448 1751 4500 τῶν
1794 4447 1939 4518 λογι-

357 4534 540 4605 σμῶν·
584 4532 727 4586 οὓτω
754 4532 848 4584 καὶ
873 4532 1048 4601 χήραν
1092 4529 1327 4584 ἐνταῦθα
1364 4531 1461 4600 μὲν
1500 4533 1599 4601 τὴν
1635 4531 1821 4596 ἁπλῶς
1845 4534 1946 4587 οὐκ

357 4619 590 4688 ἔχουσαν
625 4616 799 4687 ἄνδρα
834 4618 1020 4686 φησιν,
1060 4613 1215 4667 οὔπω
1261 4614 1320 4667 δὲ
1358 4615 1456 4667 καὶ
1491 4617 1557 4685 τῇ
1598 4615 1699 4685 τῆς
1739 4617 1944 4680 οἰκείας

357 4701 731 4773 προαιρέσεως
779 4701 948 4770 ψήφῳ
1000 4697 1460 4770 προσδεδεμένην,
1504 4698 1620 4751 ἀλλ’
1653 4698 1945 4770 ἐλευθέραν

354 4781 520 4839 οὖσαν
555 4783 648 4836 καὶ
681 4782 843 4836 τοῦτο
873 4782 1092 4836 ἑλέσθαι
1126 4783 1370 4835 κάκεῖνοι
1396 4783 1514 4834 ἐκεῖ
1542 4781 1600 4834 66
1633 4782 1732 4852 τὴν
1764 4783 1946 4836 οὐκέτι

356 4868 553 4940 κυρίαν
583 4863 750 4921 οὖσαν
792 4867 967 4937 ἑτέρῳ
1021 4865 1182 4919 πάλιν
1236 4865 1497 4935 ὁμιλῆσαι
1552 4865 1789 4936 νυμφίῳ,
1831 4866 1945 4919 ἀλλ’

357 4954 436 5015 εἰς
500 4950 627 5013 τοὺς
696 4952 795 5021 τῆς
875 4950 1202 5021 ἐγκρατείας
1274 4948 1645 5018 ἐμϐεϐηκυῖαν
1707 4948 1942 5016 ἀγῶνας.

361 5035 516 5088 Ἐστι
572 5034 681 5104 γὰρ
726 5034 820 5087 καὶ
883 5035 1056 5104 χήραν
1120 5028 1295 5095 εἶναι,
1340 5032 1435 5084 καὶ
1492 5032 1565 5101 μὴ
1615 5032 1947 5086 κατατάττε-

356 5118 482 5173 σθαι
510 5120 589 5180 εἰς
616 5119 676 5171 τὸ
697 5118 805 5170 τῶν
830 5118 1013 5188 χηρῶν
1046 5116 1285 5185 ἀξίωμα,
1307 5115 1436 5168 ὅταν
1475 5115 1700 5185 μηδέπω
1786 5117 1945 5171 τοῦτο

356 5200 789 5273 καταδεξαμένη.
830 5202 923 5254 Διὸ
955 5201 1050 5253 καὶ
1087 5199 1249 5262 αὐτός
1288 5214 1452 5269 φησι·
1479 5197 1644 5266 Χήρα
1690 5209 1939 5255 κατανίεο

357 5286 552 5355 γέσθω
575 5284 663 5355 μὴ
693 5284 949 5339 ἔλαττον
971 5282 1123 5336 ἐτῶν
1143 5281 1441 5349 ἐξήκοντα
1479 5282 1777 5351 γεγονυῖα,
1806 5284 1933 5350 ἐνὸς

354 5369 575 5437 ἀνδρὸς
616 5367 769 5439 γυνή
789 5369 836 5420 b.
863 5368 975 5437 Ίὴν
1024 5367 1122 5436 μὲν
1152 5365 1259 5435 γάρ
1304 5363 1491 5427 ἁπλῶς
1535 5367 1708 5436 χήραν
1750 5367 1936 5437 ἀφίησι

355 5457 576 5524 γαμεῖν,
604 5455 652 5506 εί
686 5451 926 5523 βούλοιτο
947 5469 958 5481 ο
994 5452 1093 5520 τὴν
1123 5449 1180 5502 δὲ
1215 5448 1694 5520 ἐπαγγειλαμένην
1722 5449 1800 5520 τῷ
1825 5449 1943 5520 Θεῷ

355 5535 611 5607 χηρεύειν
651 5535 968 5598 διαπαντὸς,
1008 5530 1126 5586 εἶτα
1172 5532 1538 5602 γαμηθεῖσαν,
1587 5531 1942 5597 καταδικάζει

358 5618 621 5689 σφοδρῶς,
653 5621 736 5674 ὅτι
764 5620 864 5684 τάς
893 5618 1029 5688 πρὸς
1057 5618 1147 5670 τὸν
1174 5616 1305 5670 Θεὸν
1338 5615 1612 5686 συνθήκας
1645 5616 1936 5686 ἐπάτησεν.

419 5701 446 5731 ⁸
472 5701 593 5778 Itur;
607 5709 669 5778 hell.
692 5704 851 5752 Plant.
876 5703 1138 5767 τρύζοντος,
1162 5703 1274 5751 Sav.
1310 5701 1564 5763 τρίζοντος,
1608 5699 1730 5761 Reg.
1757 5700 1939 5763 τρίζον-

355 5779 435 5818 τες
450 5765 557 5818 τοὺς
575 5765 782 5820 ὀδόντας.
910 5765 917 5767 ἡ

357 5826 546 5934 “ml:
561 5826 671 5889 Reg
715 5821 769 5875 In
793 5824 904 5876 aliis
937 5838 1057 5876 vero
1082 5826 1205 5884 hac,
1236 5823 1338 5881 ἑνὸς
1368 5823 1483 5885 ἀνδρ
1515 5839 1537 5878 ς
1573 5823 1707 5884 γυνή,
1732 5823 1936 5873 deside-

357 5899 546 5938 rantur.

2051 250 2324 308 RCHIEP.
2364 251 2914 311 CONSTANTINOP.
2934 248 2942 255 ’
3517 258 3630 316 562

2051 373 2127 426 Οὐ
2162 372 2388 435 ταύταις
2436 367 2550 436 οὖν,
2595 372 2710 427 ἀλλ’
2744 374 2987 438 ἐκείναις
3027 374 3225 445 φησιν’
3279 378 3352 431 El
3405 375 3474 432 δὲ
3517 383 3632 436 οὐκ

2049 457 2527 525 ἐγκρατεύονται,
2563 458 3035 527 γαμησάτωσαν
3072 460 3341 528 κρεῖττον
3365 461 3630 531 γάρέστι

2049 539 2317 610 γαμῆσαι
2349 539 2389 608 ἣ
2429 540 2790 609 πυροῦσθαι.
2833 543 3000 614 Ὁρᾷς
3038 543 3276 613 οὐδαμοῦ
3319 544 3414 600 τ’ὸν
3449 546 3630 618 γάμον

2059 623 2171 677 (σθ’
2215 623 2408 676 ἑαυτὸν
2448 624 2887 697 θαυμαζόμενον,
2920 626 3058 682 ἀλλά
3092 627 3181 682 διὰ
3214 628 3314 693 τὰς
3349 633 3628 702 πορνείας,

2051 705 2134 760 6:6
2167 707 2295 770 τοὺς
2339 709 2704 779 πειρασμοὺς,
2740 708 2831 763 διὰ
2867 710 2966 782 τὴν
3003 712 3308 778 ἀκρασίαν;
3343 712 3490 767 Ἀνω
3529 716 3632 786 μὲν

2058 791 2155 862 γὰρ
2190 792 2363 845 ταῦτα
2408 791 2624 846 ᾶπαντα
2659 794 2894 864 τίθησιν,
2933 792 3167 849 ἐνταῦθα
3207 794 3265 849 δὲ
3293 796 3479 869 ἐπειδὴ
3508 799 3632 867 σφό-

2045 876 2148 946 δρα
2186 876 2365 928 αὐτῶν
2392 876 2676 947 καθήψατο
2705 881 2812 942 τοῖς
2841 879 3088 945 ὀνείδεσι,
3122 882 3361 952 ῥήμασιν
3389 882 3634 954 εὐφημο-

2045 961 2226 1031 τέροις
2259 961 2423 1015 πάλιν
2449 962 2509 1014 τὸ
2534 962 2667 1015 αὐτὸ
2693 964 2927 1035 πρᾶγμα
2948 965 3124 1029 καλεῖ,
3150 966 3478 1037 ἐμπρησμὸν
3496 967 3632 1022 αὐτὸ

2048 1045 2140 1097 καὶ
2173 1045 2418 1116 πύρωσιν
2453 1045 2755 1117 ὀνομάζων.
2800 1047 2912 1101 Kal
2949 1048 3070 1102 0666
3107 1049 3340 1104 ἐνταῦθα
3373 1052 3635 1122 ἠνέσχετο

2051 1127 2124 1198 μὴ
2159 1128 2369 1197 πλήξας
2401 1128 2493 1182 τὸν
2527 1130 2803 1202 ἀκροατὴν
2850 1132 3165 1203 παρελθεῖν.
3195 1133 3271 1186 Οὐ
3306 1132 3412 1205 γὰρ
3451 1130 3628 1199 εἶπεν,
3666 1200 3673 1205 _

2052 1213 2110 1265 Εἰ
2133 1212 2188 1266 δὲ
2212 1213 2333 1283 βίαν
2359 1213 2482 1267 τινὰ
2519 1215 2822 1285 πάσχουσιν
2868 1215 2971 1268 ὑπὸ
3002 1215 3151 1288 [299]
3182 1218 3281 1287 τῆς
3313 1218 3630 1289 ἐπιθυμίας,

2049 1296 2095 1349 εἰ
2129 1296 2187 1349 66
2212 1296 2660 1368 περιτρέπονται,
2695 1301 2742 1350 εἰ
2765 1299 2820 1351 δὲ
2853 1299 2927 1371 μὴ
2948 1299 3234 1354 δύνανται·
3266 1302 3418 1355 οὐδὲν
3449 1303 3631 1356 τοιοῦ-

2044 1392 2137 1433 τον
2170 1380 2198 1433 ὃ
2248 1380 2358 1434 τῶν
2401 1381 2726 1451 πασχόντων
2768 1383 2885 1435 ἐστὶ
2926 1381 3019 1436 καὶ
3061 1383 3393 1455 συγγνώμης
3439 1385 3632 1451 ἀξίων,

2047 1462 2183 1516 ἀλλὰ
2213 1464 2300 1529 τί;
2335 1466 2406 1517 Εἰ
2432 1463 2501 1517 δὲ
2528 1467 2641 1518 οὐκ
2671 1465 3156 1535 ἐγκρατεύονταιο
3183 1468 3212 1521 ὃ
3235 1468 3342 1522 τῶν
3370 1470 3470 1523 οὐκ
3504 1470 3631 1523 ἐθε-

2042 1544 2245 1600 λόντων
2278 1548 2426 1600 ἐστὶν
2474 1551 2719 1619 ἐνεργεῖν
2763 1548 2852 1601 6:6
2900 1547 3000 1620 τὴν
3040 1550 3334 1621 ρᾳθυμίαν.
3380 1553 3632 1608 Δείκνυσι

2045 1629 2153 1700 γὰρ
2184 1630 2262 1683 ὅτι
2291 1630 2471 1702 κύριοι
2499 1630 2649 1694 ὄντες
2678 1631 2770 1685 τοῦ
2800 1632 3124 1703 πράγματος
3146 1636 3297 1706 παρὰ
3325 1636 3386 1688 τὸ
3409 1636 3482 1709 μὴ
3507 1638 3633 1707 βού-

2046 1711 2236 1765 λεσθαι
2266 1716 2451 1767 πονεῖν
2498 1713 2598 1767 οὐκ
2648 1713 2925 1769 ἀνύουσιν.
2973 1715 3115 1769 Ἀλλ’
3136 1717 3285 1787 ὅμως
3307 1718 3429 1771 οὐδὲ
3457 1718 3635 1784 οὕτως

2046 1796 2243 1860 αὐτοὺς
2272 1795 2512 1863 κολάζει,
2530 1797 2651 1850 0666
2678 1799 2945 1868 τιμωρίας
2965 1799 3299 1865 ὑπευθύνους
3325 1805 3485 1866 ποιεῖ,
3511 1804 3632 1858 ἀλλ’

2048 1878 2285 1933 ἐπαίνων
2322 1881 2707 1951 ἀποστερήσας
2738 1881 2922 1952 μόνον,
2955 1882 3118 1953 μέχρι
3144 1884 3238 1937 τοῦ
3277 1886 3365 1939 6:6
3390 1887 3497 1940 τῶν
3534 1890 3634 1959 ρη-

2050 1962 2233 2031 μάτων
2265 1962 2433 2032 ψόγου
2472 1965 2570 2034 τὴν
2609 1964 2948 2036 σφοδρότητα
2995 1966 3397 2032 ἐπιδείκνυται,
3444 1972 3639 2025 παιδο-

2046 2044 2228 2108 ποιίας
2260 2045 2357 2116 μὲν
2405 2045 2643 2117 οὐδαμοῦ
2697 2046 3066 2118 μεμνημένος,
3121 2051 3220 2121 τῆς
3271 2053 3633 2125 εὐπροσώπου

2048 2127 2142 2180 καὶ
2196 2128 2403 2197 σεμνῆς
2448 2128 2629 2193 αἰτίας
2685 2129 2781 2182 τοῦ
2828 2131 3033 2200 γάμου,
3086 2133 3387 2204 πυρώσεως
3427 2137 3484 2190 δὲ
3537 2138 3637 2193 καὶ

2048 2210 2318 2281 ἀκρασίας
2361 2212 2456 2264 καὶ
2500 2213 2759 2285 πορνείας
2803 2215 3144 2286 καὶοπείρας
3188 2221 3499 2291 σατανικῆς,
3536 2221 3637 2276 καὶ

2050 2293 2191 2365 ὑπὲρ
2218 2292 2313 2346 τοῦ
2342 2294 2518 2348 ταῦτα
2552 2294 2626 2366 μὴ
2655 2296 2903 2364 γίνεσθαι
2930 2298 2992 2350 τὸ
3026 2301 3262 2371 πρᾶγμα
3308 2303 3629 2375 συγχωρῶν.

2049 2376 2158 2431 Kal
2186 2377 2238 2429 τί
2274 2377 2472 2443 τοῦτο;
2513 2379 2707 2449 φησίν
2756 2380 2861 2444 ἕως
2911 2382 3020 2453 γὰρ
3075 2383 3142 2437 ἀν
3184 2385 3317 2438 αὐτὸ
3360 2387 3635 2457 τιμωρίας

2047 2459 2384 2534 ἀπαλλάττῃ,
2440 2462 2623 2515 πᾶσαν
2672 2463 3022 2530 κατάγνωσιν
3072 2468 3167 2520 καὶ
3221 2468 3399 2523 πάντα
3451 2471 3632 2544 ὀνείδη

2048 2544 2283 2607 εὐκόλως
2313 2545 2532 2614 οἴσομεν
2551 2561 2565 2575 ·
2605 2545 2767 2614 μόνον
2792 2546 2994 2626 ἐξέστω
3019 2552 3234 2626 τρυφᾷν
3267 2554 3361 2606 καὶ
3391 2556 3635 2626 συνεχῶς

2047 2627 2342 2710 ἀπολαύειν
2389 2629 2706 2699 ἐπιθυμίας.
2739 2628 2805 2681 Τί
2845 2625 2958 2695 οὖν,
3004 2625 3050 2684 ὦ
3094 2632 3357 2703 βέλτιστε,
3394 2638 3461 2691 ἂν

2048 2712 2259 2782 τρυφᾷν
2300 2709 2430 2783 ἐξῇ,
2474 2710 2777 2782 ὀνειδισμὸν
2828 2716 3236 2787 καρπωσόμεθα
3281 2709 3637 2789 μόνονςίΚαὶ

2047 2795 2185 2860 πῶς,
2219 2795 2406 2865 φησὶν,
2439 2795 2541 2848 οὐκ
2582 2796 2759 2861 ἔξεστι
2789 2799 3019 2868 τρυφᾷν,
3049 2800 3143 2853 τοῦ
3183 2802 3395 2856 Παύλου
3440 2803 3634 2874 λέγον-

2054 2895 2167 2942 τος·
2214 2882 2282 2932 Εἰ
2328 2878 2397 2932 δὲ
2457 2881 2571 2933 οὐκ
2616 2880 3094 2950 ἐγκρατεύονται,
3150 2887 3635 2955 γομησάτωσαν;

2057 2961 2198 3014 Ἀλλ’
2230 2961 2395 3015 ἄκουε
2419 2962 2514 3016 καὶ
2546 2960 2610 3014 τά
2641 2965 3016 3035 προσκείμενα
3047 2967 3239 3041 τούτῳ.
3281 2972 3521 3042 Ἐμαθες
3549 2974 3636 3027 ὅτι

2045 3049 2291 3117 κρεῖττον
2328 3046 2390 3099 τὸ
2433 3046 2683 3115 γαμῆσαι
2716 3046 2748 3118 ἢ
2780 3048 3115 3118 πυροῦσθαι·
3148 3054 3394 3122 ἀπεδέξω
3419 3057 3480 3109 τὸ
3505 3058 3631 3128 ἡδὺ,

2043 3131 2314 3202 ἐπῄνεσας
2345 3130 2445 3202 τὴν
2485 3130 2855 3209 συγχώρησιν,
2890 3134 3208 3207 ἐθαύμασας
3235 3141 3332 3211 τῆς
3361 3159 3639 3213 συγκατα-

2043 3214 2256 3279 ϐἀσεως
2282 3215 2372 3267 τὸν
2406 3215 2706 3270 ἀπόστολον
2726 3232 2739 3246 ⁸
2773 3216 2910 3271 ἀλλά
2944 3220 3019 3291 μὴ
3052 3225 3184 3292 στῇς
3222 3223 3383 3294 μέχρι
3414 3227 3632 3291 τούτου,

2045 3298 2196 3369 δέχου
2234 3298 2330 3352 καὶ
2369 3296 2437 3382 16
2468 3297 2607 3369 μετά
2646 3298 2848 3382 ταῦτα·
2879 3300 3120 3375 τοῦνγάρ
3147 3305 3313 3359 αὐτοῦ
3346 3309 3638 3382 ἀμφότερα

2040 3381 2110 3436 τά
2140 3381 2592 3454 παραγγέλματα.
2629 3382 2694 3435 Τί
2731 3378 2823 3436 οὖν
2852 3383 2990 3454 μετὰ
3014 3386 3190 3442 ταῦτά
3210 3407 3374 3461 φησι;
3411 3394 3532 3459 Τοῖς
3562 3378 3637 3447 δὲ

2046 3466 2413 3537 γεγαμηκόσι
2438 3464 2856 3535 παραγγέλλω,
2877 3469 2989 3522 οὐκ
3010 3469 3145 3539 ἐγὼ,
3170 3473 3290 3526 ἀλλ
3306 3473 3318 3492 '
3338 3477 3370 3527 ό
3387 3473 3631 3543 Κύριος,

2042 3550 2297 3621 γυναῖκα
2341 3548 2461 3605 ἀπὸ
2487 3548 2709 3617 ἀνδρὸς
2737 3548 2822 3618 μὴ
2847 3552 3246 3620 χωρισθῆναι·
3273 3555 3384 3610 ἐὰν
3427 3557 3494 3611 δὲ
3527 3561 3632 3613 καὶ

2044 3631 2328 3704 χωρισθῇ.
2349 3630 2576 3700 μενέτω
2603 3630 2852 3701 ἄγαμος,
2883 3634 2920 3700 ἢ
2949 3633 3029 3700 τῷ
3055 3636 3228 3705 ἀνδρί
3261 3642 3635 3713 καταλλαγή-

2042 3734 2119 3771 τω
2137 3726 2160 3755 ο
2181 3731 2195 3744 ·
2227 3714 2328 3768 καί
2363 3713 2553 3783 ἄνδρα
2579 3714 2832 3785 γυναῖκα
2851 3716 2938 3785 μὴ
2972 3718 3228 3787 ἀφιέναι.

2110 3802 2199 3884 Μ’.
2243 3799 2307 3884 Τί
2337 3793 2452 3884 οὖν,
2500 3797 2596 3852 ἐὰν
2621 3799 2738 3884 Δμὲν
2763 3801 2792 3851 ὁ
2828 3800 2966 3872 ἀνῆρ
2991 3803 3235 3876 ἐπιεικὴς
3264 3800 3319 3880 ᾖ,
3346 3808 3379 3879 ή
3408 3809 3465 3862 δὲ
3490 3813 3632 3884 γυνὴ

2043 3882 2312 3955 μοχθηρὰ,
2335 3882 2595 3953 λοίδορος,
2621 3879 2801 3947 λάλος,
2833 3884 3151 3957 πολυτελὴς,
3178 3889 3237 3942 τὸ
3269 3879 3442 3945 κοινὸν
3469 3879 3634 3949 τοῦτο

2040 3967 2232 4022 πασῶν
2281 3965 2462 4021 αὐτῶν
2526 3967 2761 4036 νόσημα,
2816 3967 3018 4039 ἐτέρων
3076 3971 3335 4028 πλειόνων
3378 3976 3633 4047 γέμουσα

2041 4051 2250 4117 κακῶν,
2291 4052 2407 4113 πῶς
2455 4050 2592 4103 οἴσει
2621 4055 2720 4119 τὴν
2754 4049 3132 4125 καθημερινὴν
3184 4056 3387 4129 ταύτην
3431 4061 3632 4132 ἀηδίαν

2040 4135 2247 4197 ἐκεῖνος
2273 4134 2302 4186 6
2334 4132 2590 4195 δείλαιος,
2613 4132 2707 4185 τὸν
2739 4132 2929 4201 τῦφον,
2964 4135 3061 4206 τὴν
3111 4138 3527 4211 ἀναισχυντίανς
3560 4147 3632 4200 Τί

2039 4218 2147 4280 δαὶ,
2179 4216 2246 4271 ἀν
2298 4215 2610 4269 τούναντίον
2657 4215 2796 4287 αὐτὴ
2837 4218 2938 4285 μὲν
3043 4224 3243 4292 κοσμία
3272 4227 3365 4279 καὶ
3397 4228 3626 4299 ἥσυχος,

2043 4302 2249 4363 ἐκεῖνος
2277 4299 2335 4352 δὲ
2366 4298 2591 4370 θρασὺς,
2628 4299 3018 4369 ὑπεροπτικὸς,
3051 4303 3291 4375 ὀργίλος,
3329 4298 3631 4382 πολὺνγρὲν

2042 4384 2150 4437 ἀπὸ
2189 4383 2298 4436 τῶν
2331 4383 2652 4453 χρημάτων,
2689 4383 2857 4437 πολὺν
2910 4385 2969 4438 66
3015 4387 3124 4440 ἀπὸ
3168 4392 3268 4461 τῆς
3305 4391 3631 4461 δυναστείας

2042 4466 2201 4535 ὖγκον
2228 4465 2710 4550 περιϐεϐλημένος,
2741 4469 2836 4521 καὶ
2860 4468 2958 4541 τὴν
2998 4470 3285 4543 ἐλευθέραν
3318 4475 3393 4539 ὡς
3431 4477 3631 4550 δούλην

2071 4568 2162 4621 χῃ.
2190 4548 2411 4633 καὶτῶν
2442 4548 2835 4619 θεραπαινίδων
2860 4554 3027 4623 μηδὲν
3053 4554 3275 4626 ἄμεινον
3299 4559 3432 4630 11.06.;
3454 4548 3631 4633 σύτῆν

2075 4631 2394 4703 ιακέηταιά,
2446 4633 2560 4693 πῶς
2609 4634 2747 4687 οἴσει
2798 4637 2896 4706 τὴν
2939 4639 3212 4710 τοσαύτην
3258 4643 3502 4716 ἀνάγκην
3532 4631 3633 4701 καὶ

2051 4714 2197 4786 βίαν;
2230 4716 2295 4768 Τί
2324 4716 2436 4778 δαὶ,
2468 4716 2535 4769 ἂν
2577 4716 2813 4786 συνεχῶς
2870 4720 3038 4791 αὐτὴν
3068 4714 3496 4797 ἀποστρέφηται,
3532 4734 3633 4786 καὶ

2047 4800 2334 4864 διαπαντὸς
2368 4800 2504 4872 μένῃ
2541 4798 2701 4853 τοῦτο
2732 4802 2937 4863 ποιῶν,;
2978 4806 3271 4878 Καρτέρει,
3306 4814 3491 4882 φησὶν,
3529 4819 3637 4869 πᾶ,

2048 4902 2143 4937 σαν
2177 4884 2383 4952 ταύτην
2420 4884 2524 4967 τὴν
2558 4883 2801 4967 δουλείαν
2823 4903 2835 4915 ·
2866 4887 2995 4940 ὅταν
3036 4890 3144 4961 γὰρ
3191 4893 3459 4967 ἀποθάνῃ,
3501 4899 3633 4953 τότε

2044 4967 2301 5053 ἐλευθέρα
2332 4967 2428 5039 ἔσῃ
2459 4965 2638 5053 μόνον,
2673 4965 2874 5053 ζῶντος
2902 4970 2958 5021 66
2984 4954 3127 5025 δυοῖν
3144 4974 3369 5047 θάτερον
3388 4954 3629 5053 ἀνάγκη,

2043 5051 2074 5120 ἢ
2110 5050 2475 5118 παιδαγωγεῖν
2502 5047 2665 5101 αὐτὸν
2704 5051 2843 5120 μετά
2879 5053 3082 5125 πολλῆς
3113 5061 3212 5129 τῆς
3260 5047 3513 5133 musa:
3534 5047 3635 5122 χέι

2045 5133 2237 5201 βελτίω
2268 5135 2461 5196 ποιεῖν,
2491 5133 2548 5204 ἢ,
2577 5137 2623 5188 εἰ
2657 5135 2814 5188 τοῦτο
2842 5136 3123 5214 ἀδύνατον,
3149 5142 3336 5213 φέρειν
3363 5150 3636 5214 γενναίως·

2040 5218 2130 5270 τὸν
2163 5218 2478 5285 ἀκήρυκτον
2531 5218 2766 5288 πόλεμον
2820 5220 2913 5272 καὶ
2958 5221 3058 5290 τὴν
3096 5212 3384 5280 ’ἄσπονδον
3424 5212 3630 5301 μάχηνξ

2042 5302 2151 5353 Καὶ
2203 5300 2460 5372 ἀνωτέρω
2499 5302 2600 5372 μὲν
2648 5303 2827 5371 ἔλεγε·
2873 5303 2969 5369 Μὴ
3006 5306 3392 5376 ἀποστερεῖτε
3444 5300 3635 5382 ἀλλ’ἢ.

2038 5388 2210 5450 λους,
2247 5388 2297 5438 εὶ
2320 5386 2406 5454 μή
2441 5402 2494 5438 τι
2535 5385 2613 5439 ἂν
2655 5388 2724 5440 ἐκ
2767 5387 3097 5456 συμφώνου
3119 5406 3133 5422 ’
3167 5393 3405 5448 ἐνταῦθα
3435 5395 3490 5448 δὲ
3521 5416 3635 5468 χω-

2044 5466 2320 5538 ρισθεῖσαν
2350 5468 2521 5540 αὐτὴν
2561 5470 2654 5522 καὶ
2689 5469 2928 5523 ἄκουσαν
2959 5475 3390 5544 ἐγκρατεύεσθαι
3413 5466 3635 5537 κελεύει

2040 5549 2225 5603 λοιπόν
2246 5566 2259 5580 ⁸
2293 5552 2533 5605 Μενέτω
2566 5552 2697 5625 γὰρ,
2742 5555 2927 5625 φησὶν,
2960 5556 3208 5626 ἄγαμος,
3253 5559 3292 5626 ἢ
3330 5560 3413 5627 τῷ
3450 5564 3634 5633 ἀνδρὶ

2042 5634 2492 5704 κιιταλλαγήτω.
2543 5637 2703 5707 Ὁρᾷς
2741 5638 2909 5708 αὐτὴν
2933 5640 2990 5691 ἐν
3021 5640 3170 5712 μέσῳ
3185 5641 3329 5696 δυοῖν
3356 5645 3639 5719 ἀπειλημ-

2047 5717 2213 5789 μένην
2242 5718 2528 5790 πολέμων;
2562 5722 2629 5773 Ἢ
2655 5722 2761 5792 γάρ
2791 5722 2889 5790 τὴν
2927 5723 3036 5775 ἀπὸ
3057 5723 3157 5793 τῆς
3189 5726 3482 5799 ἐπιθυμίας
3510 5717 3640 5803 βίαν

2105 5830 2131 5928 ἒ
2308 5829 2681 5939 ριέέξιντὶγαμον,
2699 5830 2730 5887 ἢ
2750 5831 2820 5895 τῷ
2842 5831 2971 5896 ἀνδρὶ
2992 5835 3357 5898 καταλλαῄναι.
