3886 6222
267 227 368 280 56f

267 338 440 393 duc-iis
482 336 600 390 frui.
649 336 755 391 Cur
793 337 936 391 enim
968 353 1071 390 non
1127 336 1248 392 huic
1300 337 1460 392 etiam
1503 339 1674 406 dixit,
1703 341 1766 396 Si
1807 360 1859 398 se

265 449 368 484 non
409 432 643 495 continet,
672 430 828 483 nubat
859 430 936 499 (l.
965 429 1082 483 Cor.
1110 429 1165 485 7.
1198 429 1252 501 9)
1273 429 1296 483 ?
1317 429 1469 496 Quod
1519 447 1620 487 nec
1643 433 1861 490 athleta:

262 523 407 576 ιΙὶι-ειι
463 524 778 592 quisquan,
831 531 1110 591 postquam
1175 521 1401 590 disjecto
1437 524 1634 578 amictu
1697 535 1859 596 alque

264 626 457 667 ltttttltts
485 616 534 667 in
563 614 792 668 stadium
823 614 1084 683 processit
1111 654 1125 677 ,
1167 628 1332 683 seque
1359 615 1575 685 pulvere
1602 631 1860 689 consper-

262 710 373 762 sit:
406 708 501 760 Abi
537 748 551 770 ,
597 705 718 776 fuge
744 705 1151 772 adversarium;
1199 705 1293 760 sed
1334 709 1443 776 jam
1477 722 1636 777 porro
1666 723 1856 764 neces-

262 816 382 852 smn
407 809 471 851 Sll
496 799 722 851 duorum
764 799 990 852 alterum
1021 839 1036 864 ,
1069 805 1161 851 aut
1185 808 1496 852 coronatum
1526 841 1541 865 ,
1572 809 1666 854 aut
1708 801 1857 871 deje-

261 901 408 944 ctum
431 901 480 944 et
504 889 754 945 infamem
785 889 1084 944 discedere.
1103 889 1236 943 Nam
1259 889 1311 943 in
1337 889 1460 943 ludo
1484 906 1547 944 ac
1568 891 1813 960 palmstra
1836 932 1853 959 ,

265 984 354 1036 tibi
376 999 494 1036 cum
515 982 861 1037 familiaribus
875 982 1183 1036 exercitium
1205 982 1351 1047 sit,et
1369 997 1488 1036 cum
1505 984 1689 1038 amicis
1709 985 1857 1040 velut

263 1093 387 1132 cum
430 1077 750 1131 adversariis
794 1091 982 1130 manus
1021 1085 1396 1139 conseruntur,
1437 1076 1662 1131 liberum
1693 1086 1854 1133 estet

260 1169 536 1237 suscipere
563 1169 799 1222 laborem
818 1175 872 1221 et
897 1183 1000 1221 non
1025 1168 1299 1236 suscipere
1317 1185 1327 1218 :
1346 1176 1400 1220 at
1416 1168 1501 1236 qui
1527 1167 1638 1239 jam
1657 1183 1850 1225 nomen

261 1259 432 1322 dedit,
463 1269 650 1314 coacto
683 1259 944 1328 frequenti
976 1259 1170 1328 populo
1192 1301 1204 1320 ,
1228 1269 1490 1327 praesente
1508 1260 1850 1329 agonothcta,

263 1353 578 1406 sedentibus
607 1353 996 1421 spectatoribus
1020 1393 1034 1416 ,
1083 1351 1312 1406 adducto
1338 1363 1498 1423 atque
1523 1353 1733 1423 objecto
1753 1353 1851 1408 ad-

262 1444 532 1509 versario,
564 1445 613 1497 ei
664 1443 1014 1497 certaminum
1060 1443 1141 1497 lex
1200 1441 1504 1498 facultatem
1535 1445 1713 1515 eripit.
1769 1445 1851 1500 Ad

260 1537 510 1592 eumdem
561 1538 775 1591 modum
821 1548 875 1592 et
906 1537 1095 1607 virgini
1170 1536 1295 1590 dum
1355 1537 1618 1592 consultat
1664 1537 1850 1607 prius,

262 1628 570 1684 nubendttm
613 1630 681 1682 sit
739 1644 941 1694 necne,
979 1636 1146 1681 tutum
1192 1635 1277 1682 est
1325 1627 1765 1681 matrimonium:
1799 1637 1852 1682 at

264 1723 352 1775 ubi
403 1721 559 1790 elegit
614 1736 676 1775 ac
704 1721 1006 1789 Conscripta
1050 1729 1168 1783 est,
1218 1736 1277 1775 se
1314 1721 1364 1774 in
1410 1721 1636 1775 stadium
1683 1721 1849 1776 dedit.

263 1811 463 1880 Ecquis
490 1812 647 1881 igitur
676 1811 888 1864 indictis
919 1811 1481 1880 spectaculis,(‘.hristo
1506 1811 1848 1882 agonotheta,

261 1902 466 1972 angelis
513 1917 742 1970 superne
778 1903 1181 1973 spectantibus,
1251 1902 1461 1957 furente
1508 1903 1721 1958 diabolo
1787 1919 1853 1959 ac

262 1994 554 2060 fremente,
580 1995 646 2048 ad
689 1995 991 2065 laetamque
1019 1995 1339 2065 complicato
1385 2003 1440 2049 et
1483 1995 1658 2049 medio
1697 2010 1848 2049 com-

264 2087 572 2156 prehenso,
639 2087 693 2141 in
781 2089 1014 2142 medium
1079 2088 1362 2158 prosiliens
1411 2089 1620 2143 edicere
1670 2091 1849 2144 ausit:

265 2180 482 2233 llostem
542 2179 703 2250 fuge,
771 2179 1042 2235 laboribus
1105 2179 1432 2250 supersedc,
1493 2181 1849 2250 comprehen-

262 2288 472 2326 sionem
517 2275 736 2338 omitte,
788 2288 855 2327 ne
883 2272 1100 2342 dejicias
1154 2287 1216 2327 ac
1265 2284 1570 2341 prosternas
1595 2273 1850 2328 adversa-

267 2365 408 2418 rimn
437 2405 451 2430 ,
497 2365 589 2419 sed
640 2365 688 2418 ei
747 2365 1024 2419 victoriam
1077 2365 1283 2420 cedas?
1335 2366 1401 2419 Et
1446 2366 1571 2436 quid
1620 2367 1851 2436 virgines

259 2458 404 2522 dico,
434 2472 554 2510 cum
581 2472 675 2510 nec
695 2455 880 2510 viduas
898 2457 962 2511 iis
991 2457 1167 2510 verbis
1195 2455 1349 2511 affari
1382 2457 1460 2511 fas
1488 2459 1590 2524 sit,
1618 2458 1709 2512 sed
1732 2458 1850 2512 illo-

261 2567 380 2605 rum
429 2551 546 2604 loco
592 2550 673 2605 his
735 2550 978 2605 terrificis
1014 2591 1030 2616 ,
1073 2550 1198 2605 Cum
1253 2551 1524 2605 luxuriata:
1575 2551 1758 2622 fuerint
1797 2551 1851 2605 in

257 2645 498 2709 Christo,
542 2645 726 2696 nubere
761 2642 932 2697 volunt
989 2644 1364 2696 damnationem
1408 2643 1679 2709 habentes,
1732 2644 1852 2713 quia

259 2739 479 2805 primum
507 2736 659 2805 ﬁdem
686 2737 881 2790 irritam
911 2735 1137 2804 fecerunt
1167 2737 1243 2807 (l.
1276 2735 1410 2790 Tim.
1445 2737 1497 2792 5.
1547 2737 1628 2791 ll.
1660 2737 1764 2793 12).

336 2826 578 2880 XXXIX.
609 2826 701 2882 Cui
722 2827 907 2891 vidua),
928 2828 1008 2880 cui
1025 2827 1207 2897 virgini
1231 2828 1412 2880 nubere
1440 2828 1693 2898 permittat
1719 2826 1852 2880 Pau-

259 2922 436 2976 lus.—
467 2922 678 2974 Atenim
705 2935 826 2975 cum
858 2921 1000 2974 dicat
1019 2919 1186 2984 ,,Non
1218 2921 1387 2989 mtptis
1434 2929 1480 2974 ct
1509 2920 1671 2974 viduis
1699 2920 1847 2987 dico,

259 3013 461 3066 Bonum
509 3022 582 3065 est
622 3013 755 3078 illis,
787 3012 832 3065 si
857 3003 930 3065 sic
982 3020 1348 3081 permaneant,
1371 3021 1426 3064 ut
1455 3028 1546 3081 ego
1573 3027 1593 3064 :
1624 3012 1761 3083 quod
1807 3012 1852 3066 si

259 3125 363 3160 non
394 3123 448 3160 se
493 3107 747 3159 continent
795 3105 1028 3158 nubant:
1072 3114 1121 3159 et
1154 3119 1362 3158 rursum
1395 3145 1408 3168 ,
1442 3103 1593 3168 Quod
1640 3107 1684 3158 si
1731 3105 1852 3157 dor-

260 3197 426 3252 mierit
456 3197 532 3250 vir
575 3197 704 3266 ejus,
739 3197 946 3249 liberata
973 3205 1042 3249 est
1067 3210 1083 3247 :
1107 3195 1188 3247 cui
1229 3195 1332 3248 vult
1369 3194 1543 3261 nubat,
1577 3205 1765 3247 tantum
1797 3195 1852 3248 in

262 3288 482 3342 Domino
513 3287 587 3358 (l.
616 3288 734 3342 Cor.
767 3289 818 3341 7.
848 3288 900 3342 8.
928 3288 980 3343 9.
1016 3287 1106 3356 '59)
1131 3305 1145 3340 :
1169 3303 1332 3356 quare
1364 3302 1480 3341 eam
1510 3285 1594 3341 cui
1626 3286 1849 3341 liberum

261 3380 426 3445 facit,
457 3379 646 3433 iterum
686 3379 937 3448 castigat,
983 3387 1037 3433 et
1079 3377 1218 3446 quod
1249 3377 1299 3430 in
1334 3377 1561 3431 Domino
1587 3392 1707 3432 esse
1735 3392 1848 3430 tua-

261 3472 569 3524 trimonium
618 3471 771 3535 dixit,
811 3469 949 3524 idem
992 3485 1088 3523 ceu
1119 3468 1446 3538 illegitimum
1475 3468 1734 3522 damnat?
1775 3467 1852 3522 Ne

261 3576 523 3616 vereare:
557 3576 660 3614 non
719 3560 859 3614 idem
886 3600 900 3624 ,
932 3558 1026 3613 sed
1079 3558 1240 3613 aliud.
1282 3557 1415 3612 Nam
1461 3567 1519 3612 ut
1568 3557 1848 3628 inquiens,

262 3655 326 3708 Si
367 3654 538 3722 nupsit
572 3653 710 3723 virgo
735 3694 750 3718 ,
796 3668 897 3705 non
947 3651 1166 3721 peccavit
1199 3649 1304 3722 (Ib.
1332 3667 1378 3704 υ.
1406 3649 1498 3720 ‘28)
1519 3693 1532 3714 ,
1563 3665 1667 3704 non
1698 3649 1764 3705 de
1789 3665 1852 3705 ea

264 3747 500 3816 loquitur
541 3760 661 3815 qua:
712 3743 1054 3797 matrimonio
1101 3742 1461 3808 renuntiavit;
1505 3741 1725 3796 evidens
1772 3750 1854 3795 est

259 3839 404 3891 enim
431 3851 548 3890 eam
568 3835 834 3906 piaculum
852 3831 1204 3900 commisisse,
1228 3843 1280 3888 et
1306 3832 1518 3903 quidem
1543 3831 1813 3887 infandum
1836 3850 1849 3886 :

261 3930 356 3983 sed
399 3929 466 3983 de
511 3944 572 3982 ea
623 3944 742 3998 qua:
778 3938 832 3982 et
861 3942 1056 3998 expers
1103 3926 1429 3980 matrimonii
1464 3927 1581 3992 sit,
1620 3935 1674 3980 et
1717 3942 1852 3981 non-

261 4024 390 4076 dum
437 4023 536 4075 hoc
583 4033 674 4076 aut
723 4021 849 4075 illud
880 4021 1119 4090 elegerit,
1151 4019 1245 4075 sed
1277 4030 1547 4090 tamquam
1578 4021 1630 4074 in
1677 4022 1852 4076 medi-

265 4115 416 4170 tullio
470 4115 660 4169 harum
691 4114 1069 4184 cogitationum
1106 4113 1406 4168 consistat:
1452 4113 1521 4166 ita
1562 4122 1616 4168 et
1643 4113 1853 4167 viduam

263 4211 391 4271 hic,
424 4224 543 4278 qua:
576 4209 747 4260 virum
795 4207 965 4260 Solum
1014 4221 1118 4260 non
1175 4205 1405 4269 habeat,
1459 4221 1632 4276 neque
1683 4207 1854 4279 adhuc

263 4303 480 4372 optione
510 4316 603 4354 sua
631 4301 879 4354 obstricta
923 4309 1203 4363 teneatur,
1253 4300 1345 4352 sed
1395 4300 1614 4355 liberum
1665 4299 1855 4354 habeat

263 4397 578 4447 alterutrum
621 4393 859 4462 eligere:
889 4392 996 4444 illic
1020 4434 1036 4458 ,
1069 4393 1152 4445 cui
1181 4392 1441 4459 integrum
1491 4408 1596 4444 non
1638 4393 1707 4445 sit
1734 4407 1852 4445 cum

263 4486 371 4538 alio
415 4499 612 4553 sponso
659 4483 967 4538 societatem
1015 4483 1192 4543 coire.
1247 4481 1340 4536 sed
1403 4481 1454 4534 in
1514 4483 1855 4536 continentia:

264 4587 538 4632 certamen
580 4575 931 4630 descenderit.
965 4575 1145 4628 Potest
1192 4589 1420 4641 namque
1445 4584 1497 4628 et
1527 4573 1683 4628 vidua
1709 4588 1851 4635 esse,

265 4680 318 4723 et
351 4669 625 4722 viduarum
667 4667 913 4737 dignitati
965 4682 1066 4720 non
1109 4665 1375 4720 accenseri
1402 4704 1416 4727 ,
1458 4666 1501 4717 si
1531 4664 1580 4717 id
1621 4663 1852 4717 nondum

266 4760 585 4828 susceperit.
630 4759 812 4828 ltaqm-
841 4759 1045 4826 inquit,
1091 4756 1253 4808 l’idua
1292 4756 1506 4825 eligatur
1547 4770 1646 4807 non
1692 4754 1858 4806 minor

264 4853 414 4906 annis
442 4852 722 4921 sexaginta,
766 4865 880 4922 qua:
923 4850 1069 4902 unius
1094 4849 1186 4900 viri
1211 4864 1336 4900 uxor
1368 4847 1516 4918 fuerit
1572 4846 1587 4877 ¹
1622 4845 1696 4918 (l.
1722 4844 1852 4898 Tim.

265 4946 322 5001 5.
356 4945 437 5013 9).
469 4943 598 4996 Nam
647 4959 764 5012 qua!
804 4941 956 4995 vidua
991 4955 1134 4994 mera
1163 4940 1229 4992 sit
1257 4981 1270 5004 ,
1294 4939 1343 4992 ei
1369 4980 1383 5004 ,
1415 4938 1458 4992 si
1485 4937 1611 4991 velit
1658 4937 1856 4991 nubere

267 5037 571 5108 permittit;
603 5044 658 5089 at
694 5050 812 5104 qua:
865 5043 1120 5103 perpetuo
1167 5031 1323 5085 vidua
1361 5045 1518 5100 agere
1567 5030 1678 5084 Deo
1732 5045 1857 5099 pro-

264 5130 447 5195 misit,
480 5140 638 5199 atque
663 5128 873 5182 interim
905 5126 1070 5190 nubit,
1106 5141 1222 5182 eam
1250 5125 1598 5180 vehementer
1619 5125 1853 5190 damnat,

271 5237 389 5292 qua:
449 5222 606 5274 ictum
652 5235 770 5274 cum
803 5219 914 5274 Deo
957 5227 1166 5287 pactum
1215 5217 1512 5271 conculcet.
1569 5217 1680 5272 Non
1733 5233 1859 5287 ergo

269 5311 356 5366 his
381 5353 394 5375 ,
426 5312 518 5365 sed
559 5311 664 5364 illis
687 5310 814 5364 dicit
839 5352 854 5373 ,
881 5309 1028 5375 Quod
1049 5310 1090 5362 si
1115 5324 1213 5361 non
1242 5325 1295 5362 se
1320 5309 1594 5372 continent,
1627 5309 1811 5361 nubunt
1839 5325 1857 5363 :

272 5405 453 5458 melius
482 5414 552 5457 est
579 5403 709 5455 enim
737 5403 920 5455 nubere
940 5443 954 5462 .
987 5417 1135 5470 quant
1179 5402 1258 5453 uri
1303 5403 1318 5469 (
1335 5403 1378 5454 ἰ.
1412 5399 1529 5453 Cor.
1561 5402 1611 5453 7.
1652 5400 1732 5469 9).
1766 5399 1860 5453 \‘i-

273 5499 370 5552 des
399 5511 656 5565 nnSquam
697 5511 796 5566 per
832 5511 890 5550 se
920 5494 1117 5564 suspici
1146 5493 1578 5562 matrimonium,
1606 5491 1698 5548 sed
1731 5507 1855 5562 pro-

340 5635 363 5703 ι.
396 5638 458 5679 tta
500 5631 548 5678 in
580 5637 696 5694 tteg.
724 5637 772 5679 tu
789 5627 897 5679 aliis
917 5640 1034 5679 vero
1047 5627 1387 5680 desiderantur
1409 5629 1513 5680 haec
1535 5629 1703 5693 verba,
1726 5641 1865 5680 mnus

273 5705 364 5748 ειη
398 5705 539 5743 ιαον.

1631 228 1717 284 DE
1757 229 2218 292 VlRGlNlTATE.

3447 268 3554 325 562

1970 359 2089 453 pter
2121 352 2530 454 fornicationem
2566 403 2581 428 ,
2635 367 2952 427 tentationes
3000 383 3160 446 atque
3188 378 3547 454 intemperan-

1963 443 2142 525 tiam?
2171 445 2301 501 Natu
2355 463 2515 519 supra
2567 453 2681 510 haec
2725 461 2902 517 omnia
2941 443 3184 524 recenset
3226 487 3239 524 :
3291 443 3376 531 hic
3423 493 3551 535 vero

1967 538 2108 604 quod
2136 553 2230 595 eos
2263 545 2515 601 conviciis
2541 549 2677 604 male
2704 554 3015 613 mulctassct
3042 601 3058 624 ,
3091 577 3300 620 rursum
3348 573 3550 639 gratio-

1951 629 2198 686 .siorihus
2227 635 2404 691 verbis
2429 641 2670 697 eamdem
2720 661 2832 700 rem
2879 654 3134 720 appellat,
3171 629 3469 718 incendium
3496 675 3553 722 et

1966 723 2211 816 ardorem
2254 730 2554 787 nominans.
2607 735 2936 808 Quamquam
3000 761 3172 816 neque
3221 750 3309 807 hic
3370 759 3551 814 omisit

1965 815 2088 910 quin
2126 818 2424 910 auditorem
2473 823 2652 881 feriret
2683 845 2696 881 :
2725 847 2828 885 non
2869 835 3009 890 enim
3039 815 3172 896 dixit
3196 883 3212 910 ,
3240 843 3332 899 Sin
3374 847 3549 905 libidi-

1963 906 2048 962 nis
2087 909 2192 963 vim
2245 913 2405 968 ullam
2442 919 2709 986 sentiunt,
2739 923 2820 977 sin
2863 933 3150 986 transversi
3198 906 3429 1005 aguntur
3455 980 3472 1007 ,
3501 943 3545 996 si

1963 1014 2068 1102 non
2102 1013 2325 1102 possunt
2352 1021 2366 1070 ;
2418 1007 2548 1063 nihil
2602 1011 2861 1078 ejusmodi
2889 1059 2903 1082 ,
2932 1021 3075 1088 quod
3118 1038 3301 1080 eorum
3333 1039 3414 1084 est
3453 1035 3545 1102 qui

1960 1090 2157 1161 aliquid
2190 1094 2406 1164 dignum
2432 1104 2583 1156 venia
2623 1107 2930 1176 patiuntur;
2960 1113 3052 1167 sed
3079 1117 3202 1184 quid
3226 1119 3248 1172 ?
3276 1120 3337 1174 Si
3363 1139 3416 1176 se
3443 1090 3544 1180 non

1961 1185 2219 1280 continent
2287 1189 2427 1258 quod
2455 1207 2636 1247 eorum
2670 1205 2751 1250 est
2772 1239 2786 1263 ,
2817 1201 2903 1267 qui
2931 1214 3148 1274 propter
3183 1209 3440 1280 ignaviam
3464 1216 3543 1269 la-

1961 1273 2149 1330 borare
2178 1277 2382 1334 nolunt.
2423 1280 2478 1336 ld
2507 1285 2648 1340 enim
2696 1288 2957 1358 signiﬁcat
2982 1273 3076 1350 eos
3096 1337 3110 1362 ,
3142 1273 3332 1369 quibus
3375 1320 3462 1361 res
3489 1309 3540 1364 in

1959 1369 2204 1424 manibus
2239 1383 2413 1439 esset,
2447 1375 2794 1435 detrectando
2842 1383 3076 1442 laborem
3129 1407 3244 1446 eam
3275 1409 3380 1450 non
3416 1414 3540 1467 per-

1959 1458 2140 1555 ficere.
2163 1462 2240 1555 At
2261 1479 2327 1519 ne
2356 1465 2432 1520 sic
2477 1469 2690 1536 quidem
2743 1488 2838 1528 eos
2885 1479 3034 1546 punit
3058 1496 3121 1536 ac
3149 1458 3543 1555 suppliciis-ad-

1957 1549 2081 1604 dicit
2109 1593 2124 1616 ,
2150 1553 2243 1607 sed
2297 1555 2455 1611 laude
2489 1560 2660 1614 solum
2703 1565 2911 1631 privat,
2958 1579 3115 1640 atque
3159 1549 3230 1629 ini
3253 1549 3533 1636 verborum

1957 1648 2161 1696 tantmn
2200 1646 2464 1716 vituperio
2529 1651 2917 1711 vehementiam
2965 1660 3213 1730 adhibet,
3255 1667 3538 1727 liberorum

1955 1737 2419 1805 procreationem,
2461 1741 2791 1809 plausibilem
2824 1747 2959 1803 hanc
2991 1760 3045 1805 et
3087 1757 3382 1823 speciosam
3421 1777 3531 1815 ma-

1957 1825 2190 1879 trimonii
2233 1842 2446 1884 causam
2484 1848 2742 1902 nusquam
2785 1853 3110 1909 memorans,
3142 1847 3236 1900 sed
3264 1849 3536 1916 ardorem.

1957 1917 2447 1988 intemperantiam.
2476 1923 2878 1984 fornicationem
2909 1947 2972 1987 ac
3011 1938 3353 1994 tentationcm
3398 1953 3539 1997 satae

1941 2007 2127 2082 (nicam
2152 2052 2168 2078 ,
2197 2026 2372 2106 eaque
2397 2030 2462 2069 ne
2503 2019 2798 2088 evenirent,
2829 2039 2940 2078 rem
2973 2030 3303 2094 permittens.
3330 2034 3393 2089 Et
3412 2039 3536 2106 quid

2109 2103 2331 2169 postea?
2361 2105 2529 2175 inquit
2572 2126 2584 2161 :
2637 2126 2756 2164 nam
2811 2117 3066 2183 quamdiu
3093 2119 3144 2173 id
3189 2137 3217 2174 a
3272 2103 3534 2193 supplicio

1955 2191 2180 2258 liberat,
2207 2199 2449 2265 quamvis
2496 2200 2936 2271 vituperationem
2988 2225 3050 2264 ac
3089 2191 3352 2270 convicia,
3378 2191 3539 2275 facile

1957 2285 2191 2340 feremus
2218 2329 2232 2352 ,
2265 2289 2390 2343 dum
2441 2292 2675 2349 deliciari
2726 2306 2885 2368 atque
2923 2302 3137 2359 assidue
3167 2307 3383 2365 libidine
3437 2312 3537 2368 frui

1960 2376 2135 2432 liceat.
2168 2378 2302 2445 Quid
2332 2398 2478 2447 vero,
2506 2385 2644 2441 bone
2674 2388 2753 2440 vir
2784 2430 2798 2452 ,
2846 2391 2888 2444 si
2945 2408 3044 2448 nec
3083 2395 3318 2453 deliciari
3371 2400 3491 2457 licet
3519 2445 3536 2471 ,

1954 2469 2324 2525 conviciumnc
2369 2473 2541 2528 solum
2583 2478 2967 2547 percipiemus?
2991 2483 3095 2538 Sed
3125 2489 3422 2556 quomodo,
3452 2469 3536 2546 in;

1955 2562 2108 2630 quit,
2137 2563 2374 2619 deliciari
2404 2581 2506 2620 non
2541 2569 2661 2623 licet
2685 2612 2699 2632 ,
2731 2587 2850 2626 cum
2883 2574 3024 2628 dicat
3055 2577 3246 2634 Paulus
3272 2620 3287 2644 ,
3321 2582 3468 2647 Quod
3491 2584 3536 2638 si

1953 2669 2007 2707 se
2027 2671 2126 2709 non
2146 2657 2420 2725 continent,
2445 2659 2634 2714 nubant
2658 2662 2683 2714 ?
2709 2664 2842 2717 Audi
2869 2681 3028 2734 porro
3048 2685 3166 2738 qua:
3189 2671 3250 2726 iis
3281 2671 3534 2729 lia-reant.

1953 2747 2217 2802 Audiviin
2258 2750 2422 2805 satius
2453 2766 2572 2807 esse
2599 2755 2994 2812 matrimonium
3029 2762 3350 2820 contrahere
3373 2781 3530 2835 quam

1955 2839 2161 2892 ardere.
2217 2841 2368 2907 Quod
2425 2842 2716 2913 jucundum
2749 2857 2831 2901 est
2881 2849 3537 2922 prohas,permissionem

1956 2931 2140 2986 laudas
2166 2974 2182 2996 ,
2229 2937 2524 3003 apostolum
2569 2937 2636 2992 de
2684 2939 3009 3010 indulgentia
3040 2945 3310 3014 suspicis:
3356 2955 3412 3001 at
3455 2948 3541 3004 hic

1953 3038 2020 3077 ne
2042 3025 2294 3090 consiste,
2318 3035 2371 3080 et
2398 3043 2515 3096 qua:
2537 3039 2932 3099 consequuntur
2946 3047 3099 3101 aeque
3117 3034 3336 3091 admitte
3360 3052 3374 3089 :
3398 3037 3543 3107 ejus-

1956 3114 2076 3167 drm
2103 3117 2244 3170 euint
2275 3128 2356 3173 est
2384 3127 2669 3190 utrumque
2701 3132 3042 3192 przeceptum.
3066 3125 3200 3192 Quid
3229 3127 3388 3198 igitur
3415 3131 3540 3184 sub-

1953 3205 2074 3259 dit?
2104 3208 2412 3279 (Ionjugibus
2453 3221 2620 3264 autem
2649 3213 2916 3282 praecipio,
2943 3231 3045 3269 non
3092 3233 3180 3287 ego
3201 3259 3216 3284 ,
3245 3219 3333 3272 sed
3357 3218 3539 3273 Domi-

1953 3313 2081 3362 nus,
2116 3297 2256 3352 Uxor
2285 3317 2316 3353 a
2343 3301 2450 3355 viro
2492 3319 2554 3356 ne
2596 3303 2864 3358 divortium
2900 3306 3056 3378 faciat
3084 3324 3104 3362 :
3140 3310 3218 3363 sin
3271 3310 3540 3366 divortium

1953 3392 2125 3459 fecerit
2151 3433 2165 3452 ,
2195 3403 2393 3446 maneat
2423 3394 2637 3463 innupta
2688 3404 2776 3448 aut
2821 3397 2928 3450 viro
2973 3401 3340 3454 reconcilietur.
3365 3399 3494 3455 Item
3518 3444 3534 3469 ,

1955 3481 2032 3534 vir
2079 3496 2283 3534 uxorem
2310 3499 2372 3536 ne
2390 3484 2618 3552 repudiet
2647 3485 2720 3552 (l.
2752 3484 2868 3538 Cor.
2893 3487 2946 3540 7.
2978 3487 3060 3542 10.
3099 3487 3205 3558 ll).

2028 3573 2138 3628 XL.
2171 3575 2410 3644 Magnam
2436 3593 2542 3630 esse
2571 3588 2616 3630 et
2642 3578 3040 3634 indeclinabilem
3067 3597 3128 3634 ea:
3165 3581 3401 3653 conjugio
3429 3599 3540 3636 srr-

1955 3665 2392 3734 vitutem.—Qnid
2419 3676 2616 3732 autem,
2648 3669 2692 3721 si
2711 3668 2791 3721 vir
2810 3669 2978 3724 comis
3003 3678 3103 3733 est,
3123 3687 3257 3725 uxor
3279 3671 3531 3740 improba.

1957 3755 2213 3811 maledica
2235 3798 2250 3819 ,
2287 3759 2502 3828 loquax,
2535 3767 2590 3811 et
2617 3758 2757 3828 quod
2789 3775 3071 3815 commune
3099 3762 3334 3816 omnium
3357 3761 3526 3817 vitiun

1957 3856 2038 3901 est
2058 3889 2071 3909 ,
2100 3860 2408 3918 sumptuosa
2441 3890 2457 3916 ,
2489 3851 2712 3919 aliisque
2740 3853 2893 3906 malis
2921 3853 3158 3922 pluribus
3185 3853 3415 3909 referta?
3437 3871 3533 3924 quc

1957 3939 2117 3994 modo
2143 3941 2304 3995 miser
2355 3941 2446 3996 ille
2493 3941 2854 4010 quotidianam
2889 3941 3023 3997 hanc
3070 3944 3408 4010 molestiam,
3448 3961 3542 3998 su-

1960 4031 2193 4098 perbiam
2225 4073 2239 4096 ,
2285 4032 2668 4099 impudentiam
2736 4033 2910 4087 feret?
2955 4033 3129 4099 Quid,
3191 4036 3447 4103 inquam,
3498 4037 3541 4090 si

1957 4132 2140 4175 contra
2187 4121 2297 4175 haec
2331 4123 2572 4178 modesta
2612 4131 2666 4177 et
2705 4122 2885 4176 sedata
2917 4132 3031 4189 est,
3063 4123 3149 4179 ille
3193 4140 3320 4179 vero
3351 4123 3494 4179 ferox
3522 4166 3541 4192 ,

1958 4215 2220 4284 superbus
2245 4255 2260 4281 ,
2319 4216 2608 4270 iracundus
2632 4255 2647 4280 ,
2680 4215 2874 4270 animis
2916 4216 2964 4270 ei
3008 4217 3196 4286 partim
3245 4218 3497 4287 operibus
3525 4259 3540 4283 ,

1960 4305 2151 4373 partim
2211 4307 2443 4375 potentia
2494 4306 2698 4369 auctis,
2745 4307 2833 4375 qui
2901 4306 3121 4361 liberam
3192 4308 3382 4362 eodem
3429 4309 3547 4363 loco

1959 4397 2152 4452 habeat
2224 4414 2330 4468 quo
2413 4413 2659 4459 servam,
2745 4397 2916 4451 nihilo
2990 4399 3044 4452 in
3094 4413 3211 4453 eam
3274 4414 3431 4468 quam
3496 4400 3546 4452 in

1959 4488 2181 4542 famulas
2227 4489 2600 4560 a-quior‘tquo
2647 4497 2801 4556 pacto
2829 4502 2946 4541 eam
2995 4489 3362 4543 necessitatem
3411 4489 3549 4541 vim-

1959 4595 2063 4648 que
2092 4579 2367 4647 patietur?
2413 4578 2556 4645 Quid
2587 4578 2815 4647 denique
2843 4619 2856 4642 ,
2905 4579 2947 4631 si
2975 4577 3043 4632 ah
3070 4593 3131 4634 ea
3159 4579 3315 4648 plane
3343 4578 3549 4633 alienus

1959 4684 2172 4738 semper
2198 4671 2445 4724 maneat?
2485 4667 2622 4729 Fer,
2666 4668 2874 4737 inquit,
2907 4683 3119 4722 omnem
3153 4669 3288 4722 hanc
3317 4669 3552 4724 servitur-

1963 4770 2065 4815 tem
2094 4805 2107 4826 ,
2140 4761 2311 4816 futura
2341 4762 2560 4816 demum
2615 4759 2777 4814 libera
2821 4774 2942 4812 cum
2983 4759 3215 4814 obici-it:
3250 4775 3316 4815 eo
3369 4768 3545 4814 autem

1961 4854 2082 4907 vivo
2108 4853 2331 4906 duormn
2358 4854 2592 4908 alterum
2617 4865 2836 4905 necesse
2856 4860 2936 4904 est
2960 4891 2974 4914 ,
3007 4859 3233 4906 autemn
3263 4851 3410 4906 omni
3440 4863 3554 4905 stu-

1961 4945 2050 5000 dio
2080 4946 2248 5000 lenire
2277 4960 2340 4999 ac
2361 4942 2500 5011 frugi
2529 4941 2772 5006 reddere,
2805 4950 2895 4994 aut
2923 4941 2966 4995 si
3000 4941 3049 4994 id
3081 4941 3419 5011 desperatum
3447 4950 3550 5007 est,

1962 5037 2279 5092 acerrimum
2311 5033 2584 5106 quoddam
2625 5033 2825 5089 bellum
2853 5043 3011 5103 atque
3053 5033 3282 5089 efferum
3312 5035 3550 5104 praelium

1964 5127 2171 5183 fortiter
2194 5130 2477 5185 sustinere.
2541 5128 2617 5181 Ac
2647 5141 2805 5195 supra
2836 5125 3065 5192 dicebat,
3120 5125 3205 5179 Ne
3259 5125 3557 5196 defraudato

1965 5221 2093 5275 alter
2153 5221 2367 5275 alterum
2395 5263 2410 5286 ,
2475 5219 2573 5271 nisi
2601 5219 2643 5271 si
2691 5218 2813 5288 quid
2849 5234 2912 5272 ea:
2937 5233 3181 5272 consensu
3233 5217 3340 5286 (Ib.
3368 5232 3415 5270 υ.
3449 5215 3506 5286 5)
3533 5231 3551 5282 ;

1967 5313 2053 5368 hic
2073 5313 2412 5383 diremptam,
2441 5311 2522 5368 vel
2554 5311 2771 5364 invitam
2802 5324 2860 5364 se
2886 5323 3044 5378 porro
3063 5309 3214 5378 jubet
3237 5308 3511 5362 continere
3539 5324 3551 5360 :

1969 5405 2196 5473 Maneat,
2248 5407 2434 5475 inquit.
2488 5404 2731 5472 innupta,
2781 5412 2866 5454 aut
2905 5403 3011 5455 viro
3066 5399 3411 5454 reconcilietur
3451 5396 3555 5468 (Ib.

1967 5517 2016 5554 υ.
2069 5500 2194 5568 Η).
2250 5497 2438 5553 Viden’
2496 5511 2612 5550 eam
2697 5495 2836 5548 inter
2908 5493 3117 5563 gemina
3169 5491 3302 5545 bella
3367 5488 3559 5559 depre-

1972 5593 2192 5648 hensam
2217 5593 2240 5646 ?
2269 5591 2401 5647 Nam
2461 5595 2554 5646 aut
2583 5586 2813 5642 libidinis
2861 5585 2967 5638 vim
3008 5584 3149 5639 ferre
3187 5581 3422 5651 cogitur,
3471 5591 3562 5638 aut

1977 5684 2024 5739 si
2051 5683 2100 5739 id
2131 5684 2262 5740 nolit
2293 5725 2308 5743 .
2361 5677 2742 5738 assentandum
2790 5685 2872 5732 est
2929 5674 3124 5746 injurio
3148 5717 3162 5742 ,
3193 5675 3348 5746 eique
3383 5687 3463 5745 .se
3495 5671 3560 5726 ad
