3886 6222
416 267 520 325 563

417 379 667 453 uinclith
695 373 1078 448 praebendum,
1106 387 1202 427 seu
1233 371 1403 441 plagis
1442 368 1659 423 afficere
1704 365 1874 431 velit,
1907 379 2003 421 seu

415 471 674 527 conviciis
702 483 931 533 vexare,
962 480 1056 520 seu
1084 478 1375 519 vernarnm
1420 461 1650 516 lmlibrio
1685 474 1952 529 exponere
1984 497 2001 525 ,

416 581 512 620 seu
554 561 696 617 aliud
727 560 852 631 quid
884 557 1176 628 ejusmodi:
1207 555 1388 609 umltze
1408 554 1550 608 enim
1591 553 1718 606 viris
1744 551 2005 607 ulciscen-

416 658 606 711 dorum
646 668 868 708 uxorum
897 652 994 703 vim
1023 648 1323 703 adinventm
1348 655 1491 701 sunt.
1524 645 1655 714 Qua:
1681 644 1724 698 si
1756 658 1861 697 non
1887 658 2008 712 pcr-

415 747 600 813 ferntj,
649 743 850 813 agenda
896 740 1219 795 infructuosa
1265 738 1589 793 continentia
1648 743 1731 790 est
1780 751 1794 787 :
1844 732 2010 788 infru-

422 847 606 891 ctuosa
633 874 650 900 ,
683 835 936 902 inquam,
964 846 1083 900 rpite
1124 829 1251 882 nihil
1294 826 1663 898 promissionis
1701 824 2007 895 adjunctum

416 928 636 981 haheat.
685 924 867 994 Neque
906 924 1050 978 enim
1110 920 1476 974 sanctimonia:
1524 918 1700 972 studio
1763 925 2011 986 suscepta

418 1029 544 1083 est,
599 1016 692 1071 sed
748 1025 963 1084 propter
1013 1013 1291 1067 dissidium
1332 1025 1454 1065 cum
1496 1010 1651 1063 viro:
1683 1023 1846 1071 nam,
1893 1006 2013 1060 Ma-

424 1119 560 1175 neat,
591 1107 793 1177 inquit,
821 1107 1038 1174 innupta
1062 1144 1076 1169 ,
1105 1113 1195 1156 aut
1230 1103 1338 1155 viro
1374 1100 1743 1154 reconcilietur.
1770 1101 1839 1152 At
1860 1096 2010 1168 quid,

424 1206 470 1258 si
506 1204 649 1257 nolet
684 1202 739 1255 in
781 1202 1005 1271 gratiam
1034 1195 1254 1252 redire?
1290 1193 1464 1249 [labes
1483 1182 1718 1247 alterum
1761 1188 2013 1260 eﬂ‘ugium

427 1305 587 1365 atque
616 1293 941 1348 evasionem.
969 1286 1307 1357 Quamnam?
1334 1285 1464 1355 Ejus
1493 1293 1718 1339 mortem
1743 1289 2012 1352 exspecta.

432 1387 499 1440 lit
524 1386 664 1440 enim
708 1382 947 1453 virgini,
978 1381 1061 1436 cui
1102 1393 1340 1451 perenne
1363 1378 1551 1432 vivens
1589 1385 1747 1446 atque
1797 1374 2017 1427 immor-

430 1479 552 1531 talis
579 1490 807 1546 Sponsus
835 1474 941 1539 sit,
982 1472 1184 1527 nubere
1214 1484 1501 1539 numquam
1535 1468 1660 1522 licet
1699 1485 1712 1521 :
1746 1465 1825 1521 sic
1849 1464 2016 1519 mari-

433 1577 554 1622 tatas
580 1576 688 1621 tum
719 1566 934 1620 demum
953 1606 969 1631 ,
1000 1578 1120 1618 cum
1150 1562 1233 1616 vir
1268 1561 1478 1616 abierit.
1503 1558 1637 1614 Nam
1671 1557 1718 1612 si
1747 1556 1826 1612 fas
1851 1564 2013 1619 esset,

432 1673 499 1714 co
544 1657 702 1721 etiam
731 1656 851 1710 vivo
884 1654 952 1709 ab
988 1668 1055 1709 eo
1091 1651 1158 1707 ad
1209 1651 1371 1705 alium
1395 1691 1409 1713 ,
1467 1650 1772 1718 iterumque
1815 1647 1883 1701 ab
1928 1645 2019 1700 illo

432 1749 500 1803 ad
540 1748 700 1803 alium
736 1746 963 1800 transire
982 1785 997 1810 ,
1025 1743 1149 1813 quid
1172 1742 1511 1796 matrimonio
1538 1755 1676 1811 opus
1703 1745 1867 1805 esset,
1889 1737 2019 1792 viris

437 1839 735 1909 promiscue
782 1838 952 1891 altero
1010 1834 1231 1890 alterius
1276 1848 1445 1887 uxore
1501 1831 1807 1895 utentibus,
1860 1840 2020 1900 atque

432 1946 553 1986 cum
580 1929 827 1984 omnibus
851 1925 1208 1983 coeuntibus?
1237 1924 1353 1992 Quo
1380 1932 1537 1994 pacto
1588 1933 1766 1977 autem
1813 1937 1921 1976 non
1967 1930 2023 1977 et

435 2023 671 2078 studium
716 2036 844 2091 erga
895 2018 1301 2074 contubernales
1355 2016 1593 2087 periret,
1648 2013 1752 2068 hoc
1821 2013 2017 2081 hodie,

436 2128 555 2169 cras
584 2113 677 2167 illo
695 2153 711 2180 ,
740 2127 805 2167 ac
831 2126 1040 2166 rursum
1073 2109 1180 2163 alio
1214 2124 1333 2162 cum
1362 2122 1552 2162 eorum
1579 2122 1745 2162 uxore
1793 2121 2021 2162 consue-

437 2202 750 2260 scentilms?
800 2202 985 2257 Merito
1012 2199 1062 2255 id
1094 2197 1349 2253 Dominus
1375 2197 1691 2251 adulterium
1717 2196 1949 2252 vocavit.

511 2294 649 2350 XLI.
678 2292 782 2349 Cur
808 2291 1008 2346 ludatis
1058 2290 1356 2344 concesserit
1398 2287 1539 2343 Deus
1576 2289 1775 2359 repudii
1804 2290 2025 2344 libellum

441 2384 646 2453 o/Terre.
674 2414 746 2424 —
766 2381 875 2437 Cur
900 2382 1058 2452 igitur
1081 2380 1131 2435 id
1156 2379 1355 2435 Iudicis
1384 2380 1662 2450 permisit?
1701 2379 1779 2435 Ne
1800 2381 1939 2436 inter
1965 2394 2025 2437 se

437 2477 791 2553 conﬂigerent
815 2515 831 2532 .
873 2489 943 2528 ne
992 2489 1225 2547 cognato
1255 2480 1519 2551 sanguine
1539 2474 1683 2530 aedes
1704 2489 1837 2533 suas
1874 2488 2024 2533 com-

442 2574 671 2645 plerent.
700 2571 844 2628 Cedo
872 2571 1036 2636 enim,
1065 2579 1242 2624 utrum
1274 2569 1558 2637 prmstabat
1580 2611 1597 2636 ,
1618 2570 1843 2624 invisam
1865 2570 2028 2628 domo

439 2665 623 2735 exigi,
682 2679 749 2717 an
796 2663 935 2716 intra
975 2660 1207 2731 parietes
1257 2659 1521 2730 iugulari,
1573 2660 1713 2728 quod
1740 2660 2022 2730 fecissent,

444 2757 491 2811 si
517 2772 623 2810 non
653 2756 732 2809 eis
753 2754 947 2824 ejicere
974 2753 1254 2807 licuisset?
1285 2753 1461 2821 itaque
1502 2752 1690 2822 inquit,
1724 2753 1786 2808 Si
1814 2755 2028 2809 inrisam

440 2849 611 2912 habes,
642 2847 835 2901 dimitte
864 2843 1041 2915 (Deut.
1072 2844 1163 2898 24.
1203 2842 1275 2913 l).
1308 2844 1377 2898 At
1407 2854 1735 2909 mansuetos,
1764 2847 2029 2916 ctquibus

443 2955 545 2993 nec
584 2938 742 2993 irasci
799 2936 1102 3007 permittat,
1160 2936 1435 3004 alloquens
1465 2934 1539 2989 ait
1573 2953 1585 2989 :
1618 2934 1715 2990 Sin
1757 2936 2027 2991 divortium

440 3030 633 3101 fecerit,
663 3028 837 3081 cwltbs
864 3036 1063 3079 maneto
1100 3025 1179 3095 (l.
1210 3024 1327 3079 Cor.
1360 3025 1411 3078 7.
1446 3026 1554 3080 ill.
1602 3025 1760 3080 Vides
1790 3028 2028 3082 necessi-

438 3131 641 3186 tatem,
671 3117 1026 3173 inevitabilem
1071 3118 1380 3171 servitutem
1410 3157 1425 3183 ,
1466 3126 1523 3171 et
1565 3116 1834 3171 vinculum
1886 3118 2029 3188 quod

445 3222 729 3281 utrumque
770 3207 1135 3278 constringit?
1179 3206 1318 3262 Vere
1357 3206 1499 3261 enim
1544 3207 1813 3262 vinculum
1843 3210 2030 3264 matri-

442 3304 679 3359 monium
708 3309 820 3367 est,
850 3316 957 3354 non
983 3299 1159 3354 solum
1204 3309 1424 3368 propter
1448 3299 1873 3354 sollicitudinum
1921 3302 2032 3355 tur-’-

442 3394 564 3450 ham
595 3409 657 3447 ac
696 3392 1034 3462 qmtidiauas
1064 3392 1351 3453 molestias,
1396 3390 1488 3444 sed
1517 3390 1678 3444 etiam
1716 3392 1859 3461 quod
1901 3408 2033 3448 con-

442 3490 595 3558 jugcs
640 3487 827 3556 quovis
879 3500 1037 3541 servo
1086 3486 1302 3555 gravius
1346 3486 1571 3540 invicem
1621 3487 1810 3557 subjici
1854 3499 2027 3559 cogat.

451 3578 565 3644 Vir,
593 3578 801 3648 inquit,
833 3577 984 3630 uxori
1030 3577 1319 3630 dominetur
1370 3576 1521 3647 (Gen.
1562 3578 1616 3633 '5.
1649 3577 1764 3648 16).
1793 3583 1862 3633 At
1912 3580 2032 3649 quis

446 3670 566 3741 ejus
606 3668 827 3723 dominii
876 3683 1005 3722 usus
1044 3667 1173 3722 est?
1217 3682 1336 3722 nam
1373 3669 1604 3723 vicissim
1643 3684 1765 3724 eum
1816 3685 2029 3725 servum

442 3763 612 3819 cllicit
649 3762 768 3830 ejus
794 3760 876 3816 cui
922 3760 1189 3829 imperet,
1243 3774 1377 3814 nova
1426 3760 1654 3830 quadam
1694 3770 1749 3816 et
1798 3762 2030 3817 inaudita

446 3852 743 3921 excogitata
772 3852 1207 3921 compensatione
1254 3852 1530 3907 servitutis
1559 3870 1574 3918 ;
1603 3868 1667 3907 ac
1708 3855 1857 3920 quasi
1891 3854 2030 3926 fugi-

444 3944 676 3998 tivorum
713 3942 878 4013 pedes
905 3951 960 3997 et
999 3942 1452 4011 seorsim.vincti,
1494 3954 1547 3999 et
1575 3961 1782 4000 rursum
1811 3946 1950 4002 inter
1975 3964 2032 4003 se

442 4039 633 4107 exigua
672 4036 899 4106 quadam
938 4044 1124 4090 catena
1155 4035 1357 4105 hicipiti
1390 4038 1657 4108 utrimque
1710 4038 1910 4107 pedicis
1955 4042 2033 4095 af-

448 4129 553 4181 tixa
605 4129 923 4193 constricti,
976 4126 1116 4181 haud
1161 4142 1291 4182 sane
1342 4128 1510 4184 libere
1557 4129 1757 4199 ingredi
1796 4140 2030 4203 queant,

446 4220 590 4290 quod
629 4223 765 4273 alter
802 4218 1029 4274 alterum
1065 4220 1317 4288 consequi
1358 4230 1659 4289 cogantur:
1689 4221 1754 4275 ad
1785 4223 2032 4278 eumdem

447 4312 664 4364 modum
694 4321 749 4365 et
772 4311 1057 4383 coniugum
1087 4320 1293 4365 mentes
1312 4352 1326 4376 ,
1355 4327 1474 4366 cum
1502 4313 1733 4381 privatas
1761 4329 1915 4369 curas
1942 4314 2034 4369 ha-

444 4404 605 4467 bent,
633 4413 741 4454 tum
772 4401 871 4454 alia
901 4400 1219 4455 necessitate
1256 4402 1416 4456 etiam
1439 4419 1505 4456 ex
1537 4414 1712 4457 mutua
1736 4405 2033 4475 colligatio-

448 4510 517 4548 ne
543 4500 809 4556 tenentur,
842 4507 959 4562 qua:
982 4506 1075 4546 cos
1105 4491 1250 4545 omni
1280 4500 1465 4547 catena
1498 4494 1693 4563 arctius
1714 4496 1959 4567 stringat,
1982 4507 2036 4552 ct

448 4585 659 4655 utrique
685 4583 982 4638 libertatem
1015 4583 1239 4651 eripiat,
1271 4582 1411 4653 quod
1445 4586 1532 4637 uni
1565 4584 1846 4654 imperium
1875 4602 2035 4643 omne

450 4697 555 4732 non
609 4676 922 4741 tradiderit,
962 4675 1055 4729 sed
1118 4676 1233 4745 cjns
1288 4685 1601 4745 potestatem
1652 4679 1703 4731 in
1753 4687 2035 4749 utrumque

450 4771 759 4839 dispertitos
788 4769 875 4823 sit.
910 4768 1011 4824 Ubi
1046 4777 1169 4822 sunt
1197 4769 1353 4839 igitur
1389 4770 1476 4839 qui
1528 4772 1695 4840 parati
1731 4783 1854 4827 sunt
1882 4773 2034 4827 volu-

454 4862 613 4930 ptatis
654 4860 831 4915 solatii
866 4873 1025 4913 causa
1076 4874 1289 4913 omnem
1338 4860 1837 4917 condemnationem
1879 4864 2035 4933 pati?

454 4953 635 5022 Neque
672 4952 814 5006 enim
842 4965 1029 5021 parum
1069 4951 1135 5003 de
1180 4952 1451 5020 voluptate
1491 4952 1739 5019 decedit,
1769 4954 2033 5010 interdum

452 5045 651 5100 mutuis
689 5044 825 5098 odiis
858 5058 921 5097 ac
944 5042 1179 5097 dissidiis
1223 5044 1273 5095 in
1306 5045 1519 5113 longum
1562 5055 1770 5115 tempus
1795 5047 2037 5101 duranti-

454 5140 571 5197 bus.
606 5137 743 5205 Quin
770 5150 831 5190 ea
878 5150 1089 5205 quoque
1115 5136 1376 5200 servitus,
1408 5146 1465 5190 ut
1512 5136 1730 5192 alterius
1778 5138 2035 5208 improbi-

452 5240 535 5283 tas
555 5227 708 5283 alteri
736 5219 819 5279 vel
848 5226 1013 5279 invito
1041 5224 1258 5280 ferenda
1292 5227 1360 5278 sit
1382 5267 1396 5288 ,
1430 5227 1559 5281 satis
1602 5238 1686 5281 est
1728 5237 1786 5281 ut
1815 5229 2037 5286 delicias

454 5337 642 5376 omnes
672 5319 937 5373 obliteret.
986 5318 1170 5387 Itaque
1217 5318 1404 5372 beatus
1447 5318 1537 5373 ille
1592 5320 1824 5375 libidinis
1867 5323 2039 5393 impo-

456 5416 676 5469 tentiam
706 5414 929 5484 primutn
962 5411 1166 5482 asperis
1198 5411 1302 5465 illis
1328 5412 1506 5467 verbis
1536 5416 1793 5483 repressit
1821 5422 2039 5485 propter

456 5507 861 5561 lormcationem
884 5547 898 5572 ,
932 5504 1389 5574 intemperantiam
1433 5513 1487 5559 et
1512 5503 1764 5570 ardores;
1797 5506 2037 5561 scdcum

458 5596 661 5651 videret
692 5596 845 5664 vulgo
882 5609 998 5649 eam
1041 5594 1541 5649 condemnationem
1594 5609 1623 5647 a
1656 5596 1837 5650 multis
1888 5595 2037 5651 ﬂocci

458 5687 573 5746 αντε
605 5729 619 5754 ,
658 5686 797 5758 quod
844 5686 907 5740 ad
937 5686 1313 5741 deterrendum
1367 5684 1634 5740 efficacius
1689 5701 1748 5740 es
1777 5696 1829 5742 et
1870 5686 2035 5741 addit.

1159 261 1217 315 S.
1255 253 1534 313 JOANNIS
1565 246 2040 309 CIIRYSOSTOMI
2074 244 2396 303 ARCHIEP.
2436 244 2971 304 CONS'I'ANTINOP.

3591 245 3695 303 εει

2111 362 2236 419 Ideo
2274 362 2518 434 discipuli
2563 362 2735 419 coacti
2785 369 2911 421 sunt
2952 360 3166 431 dicere,
3202 360 3323 416 Non
3372 360 3573 434 expedit
3603 379 3696 413 nu-

2111 454 2224 510 bere
2250 454 2458 526 (Matth.
2494 453 2577 510 l9.
2610 454 2723 520 10).
2751 452 2808 509 Id
2836 463 3014 509 autem
3041 463 3125 509 est
3145 493 3163 518 ,
3189 453 3467 523 coniugem
3495 453 3696 507 nullum

2112 550 2193 605 sui
2229 564 2350 604 esse
2391 549 2549 619 juris.
2580 546 2765 621 Neque
2812 546 2864 602 id
2921 546 3290 602 hortabundus
3339 555 3394 601 et
3432 556 3695 616 tamquam

2113 641 2398 695 consulens
2441 639 2680 711 profert,
2710 637 2805 693 sed
2831 639 3144 708 praecipiens
3175 651 3236 691 ac
3262 636 3544 691 mandans.
3566 634 3697 690 Nam

2115 732 2517 789 matrimonium
2541 728 2860 785 contrahere
2901 737 2992 783 aut
3019 742 3125 782 non
3172 727 3490 782 contrahere
3539 742 3703 797 penes

2117 840 2216 880 nos
2247 833 2330 878 est
2353 842 2365 877 :
2388 840 2509 897 quae
2534 822 2930 883 matrimonium
2958 831 3361 892 consequuntur
3381 863 3397 886 ,
3427 835 3531 875 non
3552 821 3697 884 item,

2117 916 2214 972 sed
2253 916 2481 972 velimus
2516 915 2747 969 nolimus
2787 912 3000 971 ferenda
3031 914 3263 968 servitus
3290 920 3391 968 est.
3420 911 3558 980 Quid
3596 912 3700 966 ita!

2118 1005 2271 1072 Quod
2297 1021 2403 1061 non
2452 1006 2604 1065 inscii
2631 1020 2748 1060 eam
2795 1005 3026 1075 primum
3071 1002 3444 1072 suscepimus,
3473 1000 3569 1057 sed
3625 1001 3706 1055 vel

2120 1098 2285 1169 probe
2332 1097 2450 1167 ejus
2492 1096 2611 1167 jura
2658 1104 2819 1168 atque
2855 1096 3001 1167 leges
3049 1104 3330 1163 tenentes,
3375 1101 3565 1165 sponte
3612 1095 3710 1148 sub

2115 1189 2299 1261 jugum
2341 1203 2440 1244 nos
2482 1189 2824 1260 snbjecimus.
2855 1188 2935 1243 Ac
2959 1196 3140 1257 postea
3169 1187 3239 1243 de
3292 1188 3358 1242 iis
3413 1188 3664 1257 loquutus
3692 1227 3708 1250 ,

2121 1280 2212 1350 qui
2247 1278 2490 1335 infideles
2521 1294 2715 1334 uxores
2746 1278 3023 1345 baberent,
3061 1294 3352 1347 omnesque
3388 1277 3711 1333 matrimonii

2123 1371 2266 1441 leges
2306 1380 2555 1427 accurate
2602 1381 2987 1442 persequutus,
3064 1369 3342 1439 interje'cta
3408 1368 3476 1425 de
3538 1371 3713 1424 servis

2122 1461 2511 1532 disputatione,
2542 1471 2700 1532 atque
2727 1462 2793 1517 iis
2826 1503 2842 1529 ,
2870 1460 3011 1531 quod
3051 1460 3263 1516 abunde
3308 1459 3501 1516 solatio
3525 1472 3673 1517 esset
3692 1502 3712 1528 ,

2124 1555 2374 1619 monitis,
2420 1554 2798 1624 ingenuitatem
2825 1553 3122 1623 spiritalem
3177 1568 3239 1607 ea
3291 1553 3551 1608 servitute
3603 1567 3710 1607 not-

2125 1645 2406 1712 imminui,
2434 1646 2610 1714 pergit
2644 1644 2711 1699 ad
2742 1659 3043 1699 sermonem
3070 1644 3138 1698 de
3168 1643 3472 1714 virginitate
3500 1685 3517 1710 ,
3546 1658 3711 1716 quem

2127 1736 2330 1805 pridem
2377 1735 2713 1806 parturicbat
2740 1750 2805 1791 ac
2850 1750 3031 1791 serere
3054 1735 3363 1806 satagebat,
3408 1750 3551 1791 nunc
3593 1738 3717 1792 eni-

2127 1835 2246 1882 tens
2271 1845 2285 1890 ;
2317 1828 2414 1882 etsi
2437 1843 2559 1882 eum
2588 1842 2687 1882 nec
2710 1827 2779 1882 de
2808 1828 3147 1882 matrimonio
3172 1828 3444 1883 disserens
3461 1830 3721 1884 sustinuit

2127 1921 2339 1975 silentio
2382 1921 2676 1990 prseterire.
2707 1920 2840 1975 Nam
2870 1920 3105 1976 breviter
3144 1922 3233 1977 ille
3259 1921 3476 1993 quidem
3520 1931 3575 1975 et
3602 1937 3721 1976 om-

2129 2022 2231 2080 ter,
2263 2013 2359 2069 sed
2391 2022 2569 2069 tamen
2600 2014 2649 2069 ei
2676 2029 2890 2085 quoque
2914 2014 3269 2071 exhortationi
3296 2031 3418 2071 eum
3450 2015 3719 2071 intexuit:

2129 2114 2290 2174 atque
2310 2119 2373 2160 ea
2401 2105 2762 2175 pulcherrima
2805 2107 3013 2162 ratione
3046 2121 3204 2162 aures
3234 2116 3443 2163 nostras
3485 2117 3543 2164 et
3570 2108 3725 2179 inge-

2132 2199 2274 2251 nium
2296 2207 2544 2268 tauquam
2564 2212 2868 2268 prmparans
2881 2213 2944 2253 ac
2965 2199 3340 2269 prtemolliens,
3358 2201 3582 2254 orationi
3601 2199 3728 2256 faci-

2133 2287 2237 2343 lem
2252 2288 2449 2343 aditum
2468 2289 2685 2343 molitur
2700 2299 2819 2359 post
2838 2290 3262 2345 exhortationem
3280 2290 3347 2345 ad
3365 2305 3570 2347 servos.
3585 2290 3724 2347 Nam

2134 2382 2324 2452 pretio,
2375 2380 2574 2459 inquit.
2610 2383 2765 2459 empti
2788 2383 2907 2440 estis
2936 2398 2956 2436 :
2979 2384 3134 2437 nolite
3162 2383 3272 2458 ﬁeri
3296 2385 3423 2444 serui
3459 2383 3730 2443 hominum

2136 2477 2216 2550 (l.
2239 2479 2355 2533 Cor.
2388 2480 2440 2534 7.
2463 2480 2577 2549 ‘25).
2608 2480 2819 2534 homini
2848 2480 3000 2535 nobis
3026 2479 3289 2535 beneﬁcio
3318 2480 3369 2533 in
3405 2480 3725 2535 memoriam

2135 2570 2757 2641 revocato,omniumque
2777 2569 3043 2625 mentibus
3057 2585 3123 2623 eo
3141 2570 3335 2625 erectis
3356 2569 3406 2624 in
3424 2570 3732 2640 caelumque

2136 2661 2359 2715 sublatis
2380 2704 2396 2730 ,
2437 2661 2504 2715 de
2532 2662 2835 2732 virginitate
2860 2661 3273 2730 disputationem
3315 2661 3529 2717 demum
3576 2662 3729 2717 inse-

2136 2753 2204 2806 rit
2251 2753 2333 2806 his
2385 2752 2608 2807 verbis:
2643 2752 2720 2807 De
2763 2753 3038 2825 virginibus
3071 2765 3239 2808 autem
3282 2756 3494 2809 Domini
3538 2771 3731 2822 prlece-

2138 2852 2277 2912 ptum
2308 2859 2406 2895 non
2451 2843 2607 2896 habeo
2626 2884 2641 2910 ,
2672 2843 2761 2897 sed
2792 2844 3061 2898 consilium
3106 2845 3197 2911 do,
3240 2855 3492 2916 tamquam
3525 2846 3730 2900 miseri-

2137 2934 2360 2987 cordiam
2405 2945 2739 3003 consequutus
2765 2950 2795 2986 a
2815 2933 3071 3003 Domino,
3100 2944 3156 2989 ut
3186 2935 3282 2990 sim
3313 2936 3478 3006 [idolis
3503 2936 3581 3008 (l.
3604 2934 3731 2991 Cor.

2138 3023 2190 3089 7,
2216 3024 2333 3095 23).
2363 3025 2463 3088 At,
2496 3027 2584 3095 qui
2624 3026 2691 3081 de
2723 3026 2896 3081 fidelis
2923 3042 3043 3081 cum
3086 3026 3285 3082 infideli
3314 3028 3562 3098 conjugio
3601 3044 3733 3098 pne-

2136 3127 2346 3185 ceptum
2389 3116 2514 3171 item
2567 3134 2671 3171 non
2724 3117 2982 3186 haberet,
3033 3135 3222 3190 magna
3274 3121 3597 3177 auctoritate
3650 3123 3725 3176 ita

2137 3207 2346 3263 sancit:
2380 3208 2583 3263 Ctetcris
2631 3219 2798 3263 autent
2823 3227 2913 3282 (σο
2963 3212 3159 3276 scribo,
3196 3229 3297 3266 non
3345 3212 3595 3267 Dominus
3621 3230 3642 3268 :
3670 3215 3734 3270 Si

2136 3300 2251 3371 quis
2277 3304 2434 3371 frater
2469 3317 2680 3355 uxorem
2723 3301 2866 3356 habet
2911 3302 3169 3371 inﬁdelem
3198 3346 3213 3370 ,
3255 3314 3302 3358 et
3348 3305 3453 3359 htec
3481 3308 3732 3360 consentit

2138 3391 2363 3445 habitare
2390 3408 2504 3445 cum
2545 3392 2634 3446 illo
2658 3433 2672 3457 ,
2716 3410 2816 3447 non
2837 3392 3091 3447 ‘dimittat
3113 3436 3128 3460 ,
3160 3394 3303 3449 illam
3340 3395 3441 3466 (Ib.
3470 3410 3603 3448 vers.
3625 3393 3734 3459 12).

2138 3485 2245 3539 Cur
2268 3500 2373 3537 non
2416 3484 2577 3555 igitur
2602 3493 2658 3539 et
2693 3484 2761 3539 de
2785 3484 3079 3554 virginibus
3107 3486 3287 3541 itidem
3333 3487 3557 3541 sciscis?
3585 3489 3724 3554 Quia

2146 3575 2250 3632 hoc
2276 3574 2519 3632 Christus
2550 3578 2721 3647 palam
2755 3578 3053 3643 constituit,
3072 3589 3256 3634 vetans
3299 3594 3416 3634 eam
3439 3596 3553 3634 rem
3579 3596 3727 3650 pra--

2138 3673 2277 3743 cepti
2307 3673 2628 3728 necessitate
2652 3671 2884 3727 deliniri.
2919 3672 3048 3728 illud
3095 3688 3322 3743 namque
3352 3715 3368 3741 ,
3417 3672 3517 3739 Qui
3566 3684 3732 3743 potest

2139 3780 2317 3834 capere
2342 3806 2357 3829 ,
2396 3765 2604 3835 capiat,
2660 3764 2881 3821 liberam
2935 3766 3164 3819 auditori
3219 3767 3488 3836 optionem
3526 3768 3731 3822 condo-

2143 3860 2318 3910 nantis
2361 3867 2463 3910 est.
2497 3856 2681 3926 Itaque
2728 3856 2797 3911 de
2850 3857 3175 3923 continentia
3215 3857 3509 3923 disserens,
3553 3857 3731 3928 Volo,

2142 3945 2355 4015 inquit,
2399 3962 2572 4001 omnes
2600 3947 2827 4001 homines
2855 3948 2927 4001 sic
2955 3964 3061 4002 esse
3088 3989 3103 4014 ,
3148 3958 3200 4001 ut
3239 3965 3331 4019 ego
3378 3966 3519 4017 sunt,
3561 3953 3734 4005 conti-

2140 4048 2313 4092 nentes
2338 4038 2417 4107 (l.
2441 4036 2561 4092 Cor.
2588 4039 2642 4093 7.
2678 4037 2732 4111 7')
2763 4056 2777 4104 ;
2810 4050 2864 4093 et
2893 4055 3105 4094 rursum
3131 4081 3147 4108 ,
3178 4039 3417 4112 Innnptis
3468 4055 3643 4099 autem
3672 4063 3734 4101 ac

2142 4128 2304 4183 viduis
2335 4128 2447 4182 dico
2475 4128 2713 4183 :Bonum
2757 4142 2832 4184 est
2856 4131 2960 4184 illis
2989 4172 3005 4197 ,
3051 4132 3097 4185 si
3141 4132 3214 4185 sic
3260 4145 3625 4203 permaneant,
3682 4148 3735 4191 ut

2142 4235 2231 4290 ego
2284 4215 2390 4289 (Ib.
2422 4234 2471 4272 v.
2498 4219 2577 4289 8).
2602 4219 2671 4273 At
2702 4234 2807 4273 non
2851 4220 2903 4274 in
2932 4235 3180 4275 sermone
3208 4221 3276 4276 de
3311 4223 3615 4293 virginitate
3645 4240 3735 4281 us-

2142 4327 2297 4379 quam
2320 4325 2381 4365 se
2401 4311 2451 4363 in
2473 4312 2775 4379 exemplum
2795 4311 3042 4366 adducit:
3064 4311 3287 4383 ideoque
3299 4313 3587 4369 admodum
3610 4332 3734 4371 mo-

2142 4402 2293 4456 deste
2321 4412 2480 4472 atque
2507 4414 2665 4457 caute
2712 4402 2974 4473 loquitur,
3015 4404 3104 4474 qui
3131 4419 3231 4459 nec
3276 4405 3390 4475 ipse
3417 4421 3479 4459 ea
3508 4406 3737 4475 perfun-

2143 4500 2259 4548 ctus
2286 4501 2448 4548 csset.
2489 4492 2810 4565 Pratceptum
2834 4537 2846 4559 ,
2881 4496 3087 4565 inquit,
3116 4513 3221 4551 non
3272 4497 3452 4552 habeo.
3490 4499 3737 4556 Primum

2147 4601 2452 4656 proponens
2478 4588 2751 4656 optionem
2785 4588 3104 4644 benevolum
3158 4591 3335 4646 reddit
3380 4591 3688 4649 auditorem
3718 4638 3735 4662 ,

2145 4687 2255 4734 tum
2293 4681 2574 4735 consilium
2625 4681 2859 4751 snlijicit.
2908 4682 3172 4749 Quoniam
3224 4686 3366 4740 enim
3410 4686 3741 4756 virginitatis

2144 4784 2336 4823 nomen
2373 4771 2634 4840 prolatum
2664 4772 2907 4840 protinus
2948 4773 3215 4843 ingentem
3256 4775 3490 4831 laborem
3544 4777 3742 4835 decla-

2145 4870 2225 4913 ret
2247 4903 2263 4924 ,
2302 4861 2422 4916 ideo
2457 4877 2563 4914 non
2595 4863 2771 4916 statim
2804 4863 2868 4916 ad
2908 4864 3328 4921 cohorLationem
3362 4883 3419 4923 se
3458 4872 3696 4927 contulit
3724 4858 3753 4939 ,’

2145 4952 2237 5007 sed
2264 4954 2562 5008 auditorem
2619 4954 2763 5022 prius
2792 4956 3009 5023 optione
3051 4956 3345 5020 deliniens,
3382 4960 3610 5030 ejusque
3654 4948 3752 5049 inn-

2144 5047 2357 5115 genium
2386 5047 2533 5101 cicur
2556 5062 2619 5101 ac
2660 5048 2935 5102 tractabile
2970 5049 3197 5104 reddens
3222 5091 3236 5114 ,
3269 5053 3337 5105 ita
3364 5052 3584 5108 demum
3615 5047 3756 5133 pro—71

2147 5138 2312 5205 ponit.
2354 5137 2560 5192 Audisti
2592 5138 2983 5208 virginitatem,
3028 5157 3218 5195 nomen
3268 5143 3415 5196 multi
3448 5143 3653 5200 laboris
3681 5163 3758 5237 at:t

2144 5228 2353 5283 sudoris
2378 5247 2390 5281 :
2422 5244 2489 5284 ne
2514 5237 2723 5292 metue;
2757 5247 2861 5283 non
2890 5243 3213 5300 przeceptum
3241 5233 3450 5302 agitur,
3480 5245 3577 5289 aut
3598 5237 3744 5303 jussi

2148 5321 2436 5375 necessitas
2460 5362 2473 5382 .
2503 5320 2597 5376 sed
2638 5336 2732 5376 cos
2771 5323 2858 5392 qui
2902 5337 2962 5376 se
2997 5323 3239 5379 volentes
3290 5337 3449 5394 atque
3504 5314 3760 5386 libenter.

2148 5413 2537 5479 amplectantur
2566 5455 2580 5477 ,
2624 5413 2712 5467 illa
2744 5414 2854 5467 suis
2900 5413 3055 5469 bonis
3083 5425 3462 5471 remuneratur
3486 5456 3500 5478 ,
3544 5432 3743 5476 eorum

2147 5506 2304 5576 capiti
2331 5505 2661 5575 splendidam
2686 5522 2747 5561 ac
2772 5505 2992 5561 ﬂoream
3016 5522 3270 5564 coronam
3298 5512 3617 5581 imponens;
3647 5517 3743 5586 qui

2149 5608 2397 5651 recusent
2448 5613 2611 5666 seque
2656 5598 2956 5654 adsciscere
3010 5599 3219 5667 nolint,
3282 5616 3383 5657 nec
3434 5606 3589 5675 punit
3641 5622 3747 5661 nec

2152 5689 2344 5741 invitos
2373 5689 2528 5757 cogit.
2572 5686 2755 5749 Neque
2782 5704 2846 5744 co
2874 5690 3043 5746 solum
3072 5693 3364 5747 orationem
3404 5707 3608 5765 gratam
3641 5712 3743 5752 nec
