3886 6222
420 139 527 196 565

414 262 512 313 καὶ
546 259 749 331 εὐανθῆ
785 261 1050 331 στέφανον
1078 263 1416 333 περιτιθεῖσα
1453 261 1633 316 αὐτῶν
1664 264 1728 332 τῇ
1759 259 1996 330 κεφαλῇ,

413 345 541 406 τοὺς
582 344 644 398 δὲ
691 345 1160 416 παραιτουμένους
1206 345 1395 416 αὐτὴν,
1455 346 1546 398 καὶ
1584 347 1684 398 οὐκ
1715 343 1996 406 ἐθέλοντας

415 425 746 496 προσθέσθαι
775 426 821 491 i,
853 427 976 480 οὔτε
1009 426 1225 491 κολάζει
1250 467 1264 490 ,
1288 428 1413 480 οὕτε
1438 429 1670 490 ἄκοντας
1696 426 1996 494 ἀναγκάζει

413 508 576 561 τοῦτο
607 512 798 562 ποιεῖν.
831 511 906 562 Οὐ
936 510 1110 584 ταύτῃ
1134 511 1191 564 δέ
1223 511 1381 581 μόνον
1412 510 1695 581 ἀνεπαχθῆ
1721 510 1811 562 τὸν
1839 510 1996 578 λόγον

415 591 712 660 εἰργάσατο
761 593 855 645 καὶ
899 593 1066 664 ἡδὺν,
1112 593 1247 648 ἀλλά
1297 593 1392 647 καὶ
1435 593 1514 664 τῷ
1557 592 1656 663 τὴν
1695 593 1855 665 χάριν
1899 591 1995 645 τοῦ

415 675 744 745 πράγματος
785 675 886 728 οὐκ
926 674 1091 729 αὐτοῦ
1141 675 1302 745 φάναι
1342 671 1504 742 εἶναι,
1536 675 1673 729 ἀλλά
1717 675 1812 728 τοῦ
1858 673 1995 746 Χρι-

416 759 564 813 στοῦ.
599 759 676 810 Οὐ
708 758 830 828 γάρ·
848 753 998 822 εἷπε,
1031 759 1168 830 Περὶ
1193 759 1250 811 δὲ
1274 759 1386 812 τῶν
1426 759 1710 829 παρθένων
1740 758 1842 811 οὐκ
1871 760 1994 810 ἐπι-

414 842 618 900 τάσσω.
653 840 791 906 ἀλλ’,
833 841 1159 911 Ἐπιταγ-ὴν
1186 843 1298 895 οὐκ
1326 842 1465 912 ἔχω,
1494 842 1571 905 ὡς
1597 843 1662 896 ἂν
1693 843 1742 894 εἰ
1773 841 1956 910 ἐλεγεν
1977 857 1991 872 ·

413 925 478 976 Εἰ
531 924 630 994 μέν
679 922 739 986 ἐξ
785 922 1144 995 ἀνθρωπίνων
1186 923 1463 995 λογισμῶν
1507 923 1620 993 ἐγὼ
1673 923 1993 992 κινούμενος

413 1005 584 1060 ταῦτα
609 1007 904 1077 παρῄνουν,
935 1007 1034 1060 ούκ
1059 1007 1166 1060 ἔδει
1194 1007 1417 1081 θαρρεῖν
1443 1023 1457 1038 ο
1485 1007 1671 1077 ἐπειδὴ
1693 1006 1750 1060 δὲ
1775 1005 1852 1077 τῷ
1873 1005 1994 1076 Θεῷ

413 1088 572 1142 τοῦτο
601 1089 808 1155 ἔδοξεν,
840 1090 1081 1158 ἀσφαλὲς
1122 1091 1183 1144 τὸ
1212 1091 1310 1161 τῆς
1347 1090 1532 1153 ἀδείας
1567 1091 1842 1160 ἐνέχυρον.
1881 1090 1994 1158 Τὴν

416 1172 516 1241 μὲν
540 1171 792 1238 ἐξουσίαν
819 1171 914 1224 τοῦ
943 1173 1012 1226 τά
1041 1172 1267 1226 τοιαῦτα
1302 1173 1609 1226 ἐπιτάττειν
1640 1172 1990 1243 παρῄρημαι,

413 1256 462 1308 εί
493 1253 548 1307 δέ
583 1252 835 1324 βούλεσθε
879 1253 1100 1309 ἀκούειν
1138 1257 1214 1320 ὼς
1253 1255 1541 1326 ὁμοδούλου
1561 1296 1576 1321 ,
1608 1255 1868 1324 Γνώμην
1899 1255 1990 1308 δί-

411 1339 589 1410 δωμι,
633 1341 829 1411 φησὶν,
861 1343 942 1407 ὡς
981 1339 1318 1408 ἡθίεημένος
1353 1339 1472 1394 ὑπὸ
1507 1339 1728 1406 ΚυρΙου
1774 1340 1992 1405 πιστὸς

410 1420 583 1478 εἶναι.
626 1424 809 1488 ’Ἄξιον
837 1421 892 1478 δὲ
919 1423 1152 1477 ἐνταῦθα
1176 1423 1454 1494 θαυμάσαι
1473 1421 1570 1474 τοῦ
1596 1420 1866 1493 μακαρίου
1891 1422 1990 1493 τὴν

410 1507 614 1578 πολλὴν
639 1506 979 1577 εὐμηχανίαν
1001 1506 1094 1559 καὶ
1117 1505 1216 1576 τὴν
1241 1505 1476 1568 σύνεσιν,
1503 1504 1598 1558 καὶ
1619 1503 1735 1567 πῶς
1757 1505 1815 1558 ἐν
1839 1504 1992 1575 μέσῳ

409 1591 552 1644 δυοῖν
584 1591 898 1658 ἀναγκαίων
937 1590 1031 1642 καὶ
1070 1588 1328 1641 ἐναντίων
1360 1587 1770 1658 ἀπειλημμένος
1801 1599 1827 1627 ι
1850 1626 1866 1652 ,
1894 1587 1987 1640 τοῦ

406 1690 468 1728 τε
497 1675 761 1744 συστῆσαι
781 1667 843 1726 τδ
859 1670 1053 1725 ἐαυτοῦ
1079 1659 1390 1742 πρόσωπον,
1415 1671 1554 1723 ῶστε
1587 1669 1990 1742 εύπαράδεκτον

406 1756 663 1826 γενέσθαι
683 1755 783 1826 τὴν
809 1755 1139 1828 συμϐουλὴν,
1164 1753 1370 1807 καὶτοῦ
1401 1753 1565 1826 μηδὲν
1589 1756 1730 1824 μέγα
1750 1753 1987 1823 φθέγξα-

408 1842 532 1896 σθαι
553 1845 682 1914 περὶ
705 1835 919 1907 ἑαυτοῦ,
941 1839 1031 1893 διὰ
1050 1839 1111 1892 τὸ
1131 1838 1229 1909 τῆς
1253 1838 1457 1910 ἀρετῆς
1477 1836 1684 1907 ταύτης
1704 1837 1988 1906 γεγονέναι

407 1925 589 1988 ἐκτὸς,
610 1925 894 1996 ἀμφότερα
923 1925 979 1976 ἐν
1008 1922 1198 1993 βραχεῖ
1220 1918 1612 1975 κατεσκεύασε.
1635 1917 1725 1990 Τῷ
1755 1919 1854 1990 μὲν
1877 1920 1988 1991 7&9

404 2009 580 2060 εἰπεῖν
595 2050 611 2076 ,
650 2009 744 2073 Ὠς
775 2005 1128 2075 ἠλεημένος,
1153 2002 1430 2073 συνίστησί
1456 2019 1573 2065 πως
1597 2001 1811 2068 ἐαυτὸν,
1833 2003 1910 2074 τῷ
1929 2002 1987 2056 δέ

400 2093 488 2165 ,μὴ
525 2092 634 2147 ἀπὸ
666 2091 762 2145 τοῦ
793 2089 1176 2160 λαμπροτέρου
1213 2085 1372 2140 τοῦτο
1400 2087 1626 2157 ποιῆσαι
1657 2084 1860 2157 μέρους
1889 2103 1987 2140 τα-

401 2177 584 2230 πεινοῖ
600 2177 693 2230 καὶ
721 2172 997 2227 συστέλλει
1023 2171 1208 2225 πάλιν.

477 2259 609 2312 MB’.
628 2259 703 2312 οὐ
717 2259 826 2328 γὰρ
855 2252 999 2310 εἰπε’
1021 2254 1223 2325 Δίδωμι
1241 2252 1488 2323 γνώμην,
1506 2253 1582 2317 ὡς
1600 2252 1910 2318 πιστευθεὶς
1924 2253 1986 2307 τὸ

405 2335 759 2412 Εὐαγγέλιον,
788 2340 866 2404 ὼς
896 2338 1147 2405 ἀξιωθεὶς
1172 2333 1309 2389 εἶναι
1341 2335 1519 2407 κήρυξ
1549 2334 1658 2389 τῶν
1690 2335 1877 2402 ἐθνῶν,
1908 2337 1985 2401 ὠς

405 2424 742 2496 προστασίαν
766 2422 866 2494 τὴν
898 2422 1170 2493 ὑμετέραν
1198 2418 1586 2490 ἐγχειρισθεὶς,
1623 2419 1700 2482 ὡς
1730 2418 1985 2474 διδάσκα-

404 2509 498 2574 λος
528 2511 622 2564 καὶ
637 2509 981 2580 καθηγητὴς·
1003 2504 1139 2560 ἀλλά
1159 2503 1308 2569 πῶςς
1339 2503 1429 2569 Ὠς
1446 2503 1804 2572 ἠλεημένος,
1827 2505 1982 2576 φησὶν

405 2595 501 2646 καὶ
528 2593 590 2645 τὸ
609 2592 827 2644 ἔλαττον
851 2589 964 2653 θείς
979 2605 994 2621 ο
1019 2588 1238 2642 ἐλαττον
1260 2586 1369 2656 γὰρ
1391 2584 1486 2639 τοῦ
1506 2585 1822 2640 διδάσκαλον
1843 2583 1982 2642 εἶναι

403 2674 515 2727 τῶν
538 2673 744 2727 πιστῶν
765 2673 827 2726 τὸ
852 2672 1008 2743 μόνον
1031 2667 1170 2724 εῖναι
1192 2669 1401 2724 πιστόν.
1427 2669 1539 2721 Καὶ
1562 2668 1754 2740 ἑτέραν
1778 2671 1986 2724 ἐπινοεῖ

405 2757 569 2811 πάλιη
591 2756 944 2810 ταπείνωσιν.
979 2754 1142 2807 Ποίαν
1173 2753 1231 2806 δὲ
1265 2752 1499 2822 ταύτην;
1533 2752 1647 2804 Οὐκ
1677 2749 1851 2818 εἶπεν,
1896 2753 1986 2817 Ὠς

403 2842 694 2912 γενόμενος
710 2839 917 2902 πιστὸς,
935 2837 1072 2902 ἀλλ’,
1107 2838 1202 2903 Ὠς
1223 2834 1556 2905 ἠλεημένος
1573 2831 1723 2890 εἶναι
1745 2838 1980 2903 πιστός.

405 2924 494 2996 Μὴ
525 2925 634 2995 γὰρ
657 2924 756 2994 τὴν
787 2921 1091 2991 ἀποστολὴν
1125 2919 1221 2972 καὶ
1248 2919 1310 2973 τὸ
1346 2919 1608 2990 κήρυγμα
1635 2919 1728 2973 καὶ
1765 2920 1865 2990 τὴν
1905 2920 1985 2974 δι-

402 3007 698 3062 ὲασκαλίαν
729 3005 888 3075 μόνον
908 3005 1166 3074 νομίσητε
1187 3001 1285 3072 τῆς
1307 3001 1516 3072 δωρεᾶς
1541 2999 1682 3055 εἶναι
1705 3001 1800 3056 τοῦ
1821 3001 1979 3056 Θεοῦ·

401 3091 499 3147 καὶ
529 3090 635 3162 γὰρ
668 3086 799 3144 αύτό
825 3088 886 3141 τὸ
913 3084 1200 3140 πιστεῦσαι
1225 3084 1333 3138 ἀπὸ
1356 3083 1451 3137 τοῦ
1481 3084 1664 3149 ἐλέους
1700 3103 1790 3158 μοι
1819 3086 1981 3155 γέγο-

403 3193 491 3228 νεν
518 3175 749 3228 ἐκείνου.
786 3172 862 3225 Οὐ
891 3171 1000 3242 γὰρ
1033 3167 1220 3240 ἐπειδὴ
1249 3167 1400 3233 ἄξιος
1443 3169 1617 3239 ήμην,
1665 3169 1821 3240 φησὶ,
1853 3187 1985 3222 κατ-

400 3257 641 3329 ηξιῶθην
671 3256 768 3326 τῆς
789 3255 1044 3317 πίστεως,
1067 3252 1179 3306 ἀλλ’
1203 3251 1388 3322 ἐπειδὴ
1407 3251 1644 3322 ἠλεήθην
1668 3251 1846 3322 μόνον·
1877 3255 1906 3305 ὀ
1927 3251 1982 3306 δὲ

402 3341 551 3404 ιλιος
583 3339 802 3411 χάριτός
831 3338 1001 3399 ἐστιν,
1037 3337 1099 3388 ού
1131 3335 1226 3388 τοῦ
1258 3335 1379 3387 κατ’
1415 3333 1592 3397 ἀξίαν.
1632 3333 1792 3386 ’Ὥστε
1825 3336 1873 3386 εἰ
1908 3333 1984 3406 μὴ

401 3419 472 3494 ἦν
507 3423 712 3494 σφόδρα
740 3419 1112 3489 εῦσπίλαγχνος
1131 3415 1169 3470 ’ὀ
1201 3416 1355 3481 Θεὸς,
1382 3417 1444 3469 ού
1475 3415 1636 3486 μόνον
1660 3417 1980 3483 ἀπόστολος,

404 3507 518 3559 ἀλλ’
549 3504 671 3559 οὔτε
719 3503 910 3567 πιστὸς
947 3502 1215 3572 ἠδυνήθην
1250 3498 1315 3552 ἂν
1357 3499 1613 3567 γενέσθαι
1646 3501 1800 3553 ποτέ.
1833 3497 1983 3565 Εἶδες

401 3587 824 3660 εὐγνωμοσύνην
851 3586 1062 3640 οίκέτου
1091 3585 1185 3637 καὶ
1216 3583 1686 3654 συντετριμμένην
1717 3584 1945 3655 καρδίαν
1963 3624 1980 3648 ,

403 3674 522 3736 πῶς
547 3673 698 3725 οὐδὲν
726 3672 886 3724 πλέον
917 3667 1094 3738 ἐαυτῷ
1123 3666 1304 3720 δίδωσι
1331 3666 1438 3719 τῶν
1460 3666 1683 3731 λοιπῶν,
1713 3667 1849 3720 ἀλλά
1887 3670 1982 3722 καὶ

401 3755 580 3819 τοῦτο,
616 3755 644 3808 δ
675 3755 854 3808 κοινὸν
881 3751 1032 3821 αὐτῷ
1059 3751 1153 3804 καὶ
1195 3753 1306 3814 τοῖς
1346 3749 1618 3821 μαθηταῖς
1647 3745 1738 3821 ἦν,
1783 3749 1843 3804 τὸ
1883 3753 1983 3821 τῆς

401 3840 640 3903 πίστεως
667 3839 768 3891 οὐκ
795 3835 956 3890 αὑτοῦ
992 3851 1154 3905 φησιν
1185 3829 1343 3898 εἶναι,
1375 3833 1511 3887 ἀλλά
1538 3833 1630 3886 τοῦ
1672 3833 1854 3898 ἐλέους
1887 3835 1981 3888 καὶ

401 3924 500 3995 τῆς
534 3923 753 3993 χάριτος
781 3920 876 3975 τοῦ
903 3919 1058 3983 Θεοῦ,
1087 3918 1286 3971 ταυτὸν
1319 3917 1596 3988 ἐμφαίνων
1623 3915 1712 3972 διά
1742 3918 1849 3971 τῶν
1881 3920 1980 3990 ρη-

403 4009 590 4077 μάτων
611 4006 834 4068 τούτων,
850 3999 961 4056 οἷον
985 4005 1032 4055 εἰ
1056 4002 1229 4069 ἔλεγε
1255 3999 1346 4070 Μὴ
1367 4001 1476 4054 ἀπα
1486 4000 1715 4072 ξιώσητε
1746 4019 1808 4054 συ
1817 4002 1993 4072 μ6ου-“

401 4085 498 4157 λὴν
512 4085 764 4151 δέξασθαι
789 4082 918 4154 παρ’
948 4081 1103 4152 ἐμοε’
1127 4079 1246 4132 οὐδὲ
1272 4079 1381 4149 7&9
1403 4083 1431 4133 ὀ
1449 4079 1580 4143 Θεὸς
1604 4080 1881 4150 ἀπηξίωσέ
1912 4099 1979 4152 με

399 4168 496 4222 τοῦ
523 4167 704 4230 ἐλέους
731 4166 823 4220 τοῦ
851 4167 979 4236 παρ’
1011 4162 1196 4218 αὐτοῦ.
1231 4160 1441 4224 ’Λλλως
1477 4179 1537 4214 τε
1571 4163 1666 4216 καὶ
1696 4163 1890 4234 γνώμη
1921 4164 1980 4216 τὸ

401 4247 638 4320 πρᾶγμά
665 4249 810 4298 ἐστιν
831 4285 846 4307 ,
886 4244 985 4296 οὐκ
1014 4243 1314 4320 ἐπίταγμα·
1348 4242 1699 4320 συμβουλεύω
1741 4245 1873 4314 7&9,
1917 4245 1979 4297 οὐ

402 4324 696 4396 νομοθετῶ.
728 4324 801 4376 Τὸ
822 4323 879 4373 δὲ
900 4320 969 4373 τά
1000 4319 1356 4390 παραστάντα
1385 4319 1599 4388 ἑκάστῳ
1630 4321 1980 4390 συμφέροντα,

402 4405 588 4476 φέρειν
619 4405 698 4466 εἰς
731 4402 892 4473 μέσον
920 4399 1014 4452 καὶ
1049 4396 1364 4469 προτιθέναι
1393 4398 1565 4460 οὐδεὶς
1592 4398 1854 4452 κωλύσειε
1891 4401 1980 4453 v6-

405 4503 532 4556 μος,
559 4486 653 4538 καὶ
679 4483 914 4555 μάλιστα
938 4481 1066 4533 ὅταν
1086 4478 1146 4542 ἐξ
1169 4479 1438 4548 αἰτήσεως
1458 4478 1616 4532 τοῦτο
1633 4481 1848 4549 γίνηται
1869 4483 1980 4538 τῶν

401 4555 707 4634 ἀκροατῶν,
733 4561 981 4629 καθάπερ
1003 4558 1097 4611 καὶ
1124 4558 1208 4624 ἐφ’
1239 4555 1413 4626 ὑμῶν.
1441 4557 1664 4626 Νομίζω
1689 4556 1804 4625 οὖν,
1823 4563 1976 4630 φησὶ,

401 4646 577 4699 τοῦτο
612 4645 799 4698 καλὸν
831 4643 1142 4711 ὑπάρχειν.
1184 4640 1345 4710 Ὁρᾷς
1384 4637 1545 4691 πάλιν
1573 4640 1864 4710 ὑφειμένον
1888 4646 1980 4698 τίιν

401 4723 558 4792 λόγον
599 4725 694 4776 καὶ
741 4723 920 4792 πάσης
954 4721 1158 4791 ἔρημον
1195 4718 1459 4784 ἐξουσίας.
1497 4717 1648 4792 [505]
1679 4722 1867 4776 Καίτοι
1914 4742 1979 4792 γε

402 4803 529 4870 ὲνῆν
567 4800 739 4862 οὓτως
787 4801 988 4852 εἰπεῖν·
1055 4797 1274 4866 Ἐπειδὴ
1307 4797 1334 4848 ὁ
1372 4797 1575 4868 Κύριος
1608 4799 1706 4852 οὐκ
1749 4802 1980 4869 ἐπέταξε

402 4879 719 4950 παρθενίαν,
751 4876 838 4930 διὰ
865 4875 1022 4928 τοῦτο
1045 4876 1166 4928 οὐδὲ
1201 4876 1312 4943 ἐγώ
1333 4892 1346 4906 ’
1385 4875 1739 4945 συμϐουλεύω
1767 4878 1824 4931 δέ
1849 4881 1978 4950 ὑμῖν

402 4959 500 5011 καὶ
533 4955 782 5027 παραινῶ
808 4955 966 5007 τοῦτο
1002 4953 1218 5024 ζηλοῦν,
1248 4956 1340 5007 καὶ
1367 4956 1472 5026 7&9
1508 4957 1799 5022 ἀπόστολος
1825 4961 1980 5030 ὑμῶν

402 5039 538 5106 εἰμι.
577 5034 842 5105 Καθάπερ
877 5033 972 5086 καὶ
993 5033 1154 5102 ⁴μετόι
1183 5032 1354 5086 ταῦτα
1385 5033 1766 5106 διαλεγόμενος
1793 5039 1980 5103 αὐτοῖς

403 5116 620 5184 ἐλεγενο
657 5117 724 5169 Εἰ
763 5113 974 5178 ἄλλοις
1005 5114 1118 5165 οὐκ
1156 5111 1272 5180 εὶμί
1309 5113 1682 5182 ἀπόστολος,
1713 5118 1873 5173 ἀλλά
1913 5137 1980 5190 γε

403 5198 546 5266 ὑμῖν
581 5199 716 5263 εἰμι.
772 5192 909 5244 Ἀλλ’
956 5190 1185 5244 ἐνταῦθα
1219 5192 1371 5244 ούδέν
1410 5193 1616 5247 τούτων
1659 5196 1976 5268 φθέγγεται,

403 5279 537 5332 ἀλλα
589 5276 728 5346 μετᾶ
771 5273 970 5342 πολλῆς
1020 5272 1233 5341 φειδοῦς
1264 5277 1375 5337 τοῖς
1415 5276 1623 5346 ῥήμασι
1673 5280 1975 5350 κέχρηται,

403 5360 523 5413 ἀντὶ
557 5360 652 5426 μὲν
677 5353 792 5418 τοῦ,
832 5353 1207 5422 Συμόουλεύω,
1239 5355 1494 5422 Γνώμην
1516 5357 1749 5427 δίδωμι,
1778 5360 1975 5430 λέγων·

403 5442 523 5493 ἀντὶ
552 5439 606 5491 δέ
650 5435 775 5499 τοῦ,
830 5433 917 5496 Ὡς
949 5434 1266 5498 διδάσκαλος
1285 5475 1300 5498 ,
1359 5436 1455 5500 Ὠς
1486 5439 1822 5508 ἠλεημένος
1853 5445 1977 5498 ὑπὸ

404 5523 624 5588 Κυρίου
666 5516 880 5580 πιστὸς
923 5511 1101 5569 εἶναι·
1133 5515 1227 5568 καὶ
1256 5517 1444 5588 ὥσπερ
1493 5519 1611 5571 ούδέ
1645 5521 1848 5576 τούτων
1876 5527 1978 5599 ἀρ.

403 5598 640 5658 ιωύντων
686 5597 820 5668 πρὸς
859 5595 918 5647 τὸ
953 5596 1380 5665 συνεσταλμένον
1412 5600 1632 5669 ποιῆσαι
1671 5604 1761 5656 τὸν
1797 5595 1972 5674 λόγον,

471 5691 488 5758 ξ
518 5691 642 5758 Beg.
666 5689 849 5758 (πεί-8³]..
882 5688 1175 5758 προσίεσθαι.
1199 5687 1302 5758 Μςιι·
1345 5693 1402 5758 et_
1432 5691 1644 5758 Plan}in.
1673 5699 1974 5758 προσθέσθαι.

466 5755 494 5787 ι
517 5750 640 5818 Rei.
674 5753 775 5806 πῶς
795 5750 876 5798 δύο
899 5750 1115 5811 ἀναγκῶν
1138 5750 1479 5815 ἀπειλημμένος
1503 5755 1666 5817 μέσον.

1110 144 1165 198 5.
1207 142 1490 200 JOANNIS
1527 137 2010 217 CHRYSOSTOMI
2051 137 2371 196 ARCIIIEP.
2411 137 2961 196 CONSTANTINHP.

3585 141 3688 196 ε’σθ

2105 259 2406 330 ἀρχόμενος
2427 260 2524 330 τῆς
2548 259 2856 332 συμϐουλῆς
2873 259 3232 330 ὑποτέμνεται
3246 259 3406 314 πάλιν
3426 260 3525 332 τὴν
3541 261 3684 329 ἐξου-

2107 341 2245 404 σίαν,
2261 343 2359 411 οὐχ
2377 343 2560 407 ἁπλῶς
2581 343 3038 412 ἀποφαινόμενος,
3060 342 3197 396 ἀλλά
3216 344 3307 395 καί
3323 344 3501 397 αἰτίαν
3517 359 3681 414 προα-

2102 422 2302 486 τιθείςο
2330 424 2556 493 Νομίζω
2587 426 2693 498 7&9
2726 425 2904 479 τοῦτο
2935 425 3128 479 καλὸν
3164 427 3482 495 ὑπάρχειν.
3525 427 3678 498 φησὶ,

2102 505 2201 561 διὰ
2239 506 2354 576 τὴν
2380 507 2732 564 ἐνεστῶσαν
2775 508 3067 578 ἀνάγκην.
3100 509 3292 562 Καίτοι
3331 526 3395 577 γε
3425 511 3514 562 ὅτε
3553 510 3682 581 περὶ

2103 589 2429 660 ἐγκρατείας
2446 591 2877 660 διελέγετο,οῦτε
2902 592 2983 656 τὸ,
3009 591 3254 661 Νομίζω,
3283 591 3682 658 τέθεικεν,οῦτε

2101 673 2282 726 αἰτίαν
2322 675 2473 740 τινα,
2513 675 2627 728 ἀλλ’
2661 675 2868 738 ἁπλῶς,
2890 675 3097 729 Καλὸν
3119 674 3327 741 αὐτοῖς
3349 676 3542 742 ἐστιν,
3572 675 3684 731 ἐὰν

2095 757 2385 826 μείνωσιν
2402 758 2484 824 ὠς
2503 759 2680 828 κάγώ·
2701 758 2934 812 ἐνταῦθα
2953 758 3032 824 δέ,
3051 757 3277 828 Νομίζω
3292 759 3443 813 εἶναι
3469 761 3680 816 καλόν.

2101 839 2275 892 Τοῦτο
2291 841 2348 894 δὲ
2362 844 2506 894 ποιεῖ
2520 842 2547 882 ι)
2563 843 2664 896 οὑκ
2680 841 3036 912 άμφιόἀλλων
3059 859 3127 895 πε
3133 842 3190 916 ρὶ
3215 843 3310 895 τοῦ
3335 843 3678 914 πράγματος·

2099 924 2311 991 ἀπαγε·
2345 923 2484 978 ἀλλά
2509 927 2577 996 τῇ
2618 924 3065 979 τῶν’ἀκουόντων
3104 926 3375 996 κρίσειτό
3411 929 3519 981 πᾶν
3562 930 3684 982 ἐπι-

2098 1007 2298 1077 τρέψαι
2337 1006 2678 1080 βουλόμενος.
2722 1007 2976 1062 Τοιοῦτον
3008 1009 3117 1081 7&9
3149 1013 3176 1063 ὀ
3225 1010 3547 1081 σύμὸουλος,
3581 1011 3684 1064 οὐκ

2099 1091 2263 1153 αὐτὸς
2305 1093 2418 1153 τοῖς
2463 1091 2775 1161 λεγομένοις
2805 1091 3099 1160 ψηφίζεται
3119 1131 3134 1155 ,
3169 1093 3308 1147 ἀλλά
3338 1095 3396 1148 τὸ
3444 1095 3551 1147 πᾶν
3579 1094 3686 1148 ὑπὸ

2097 1173 2198 1245 τὴν
2227 1173 2412 1243 κρίσιν
2433 1173 2626 1244 ἀφίησι
2653 1174 2866 1228 κεῖσθαι
2892 1175 3001 1226 τῶν
3024 1176 3329 1246 ἀκροατῶν.

2167 1255 2299 1310 MI".
2319 1257 2485 1310 Ποίαν
2501 1257 2558 1310 δὲ
2587 1258 2681 1310 καὶ
2699 1259 2946 1326 ἀνάγκην
2971 1260 3206 1314 ἐνταῦθά
3228 1278 3392 1332 φησιν
3418 1257 3559 1332 ;ἇρα
3582 1263 3684 1329 τὴν

2098 1339 2207 1391 ἀπὸ
2227 1339 2327 1409 τῆς
2347 1340 2564 1408 φύσεως
2581 1356 2595 1405 ;
2611 1341 3128 1413 Οὐδαμῶς.Πρῶτον
3147 1344 3245 1414 μὲν
3261 1344 3391 1415 7&9,
3410 1347 3456 1398 εί
3478 1347 3686 1416 ταύτην

2097 1421 2280 1490 ἔλεγε,
2317 1422 2626 1475 τούναντίον
2675 1422 2742 1476 ἂν
2783 1417 2955 1495 οὗπερ
3004 1421 3255 1480 ἐϐούλετο
3306 1427 3682 1482 κατεσκεύασε

2099 1506 2446 1577 μεμνημένος
2471 1505 2670 1576 αὐτῆς·
2693 1507 2742 1558 οἰ
2772 1505 2883 1577 7&9
2913 1507 3224 1579 βουλόμενοι
3247 1515 3446 1581 γαμεῖν
3475 1511 3684 1577 ταύτην

2094 1589 2208 1642 ἀνω
2239 1589 2334 1642 καὶ
2362 1589 2515 1642 κάτω
2553 1589 2866 1662 στρέφουσι.
2896 1591 3159 1664 Δεύτερον
3187 1594 3246 1647 δὲ
3274 1594 3374 1648 ούκ
3413 1594 3479 1647 ἀν
3506 1596 3683 1663 αὐτὴν

2093 1671 2444 1726 ἐνεστῶσαν
2472 1672 2753 1727 ἐκάλεσεν
2783 1674 2845 1726 ού
2874 1674 2984 1744 7&9
3007 1676 3101 1727 νῦν
3127 1676 3374 1746 πρῶτον,
3401 1677 3517 1732 ἀλλ’
3540 1678 3683 1732 ἀνω-

2093 1753 2185 1807 θεν
2206 1756 2287 1818 εἰς
2311 1754 2376 1808 τὺ
2393 1755 2501 1809 τῶν
2521 1755 2824 1826 ἀνθρώπων
2849 1759 3225 1829 κατεφυτεύθη
3255 1760 3433 1824 γένος,
3459 1761 3553 1814 καὶ
3577 1762 3684 1814 πά-

2092 1836 2181 1894 λαι
2209 1838 2308 1909 μέν
2335 1839 2690 1912 χαλεπωτέρα
2720 1840 2815 1894 καί
2839 1841 3227 1906 ἀτιθάσσευτος
3255 1839 3346 1914 ἦν’
3369 1860 3682 1914 παραγενο-

2095 1920 2258 1992 μένου
2299 1921 2356 1975 δὲ
2393 1921 2489 1975 τοῦ
2529 1922 2789 1995 Χριστοῦ,
2821 1925 2915 1978 καὶ
2942 1924 3043 1996 τῆς
3071 1926 3272 1997 ἀρετῆς
3301 1927 3644 1996 ἐπιδοθείσης
3663 1968 3680 1991 ,

2091 2003 2564 2074 εύκαταγώνιστος
2587 2007 2831 2074 γέγονεν.
2858 2008 3021 2060 Ὥστε
3058 2009 3119 2061 ού
3151 2010 3280 2080 περὶ
3306 2008 3507 2082 ταύτης
3534 2011 3564 2064 ό
3593 2011 3684 2064 λό-

2091 2104 2187 2157 γος
2219 2087 2402 2158 αὐτῷ,
2437 2089 2552 2143 ἀλλ’
2600 2090 2796 2162 ἐτέραν
2834 2091 2959 2146 τινά
2995 2093 3294 2148 αἰνίττεται
3341 2094 3682 2166 πολύτροπον

2091 2171 2188 2224 καὶ
2219 2171 2495 2242 πολυειδῆ.
2523 2171 2621 2236 Τίς
2650 2169 2743 2226 οὖν
2769 2173 2918 2228 ἐστιν
2945 2174 3118 2246 αὓτη;
3149 2176 3216 2228 Ἥ
3241 2175 3351 2228 τῶν
3377 2179 3436 2230 ἐν
3464 2177 3540 2248 τῷ
3581 2178 3686 2250 βίῳ

2091 2254 2435 2326 πραγμάτων
2460 2255 2777 2330 διαστροφή.
2809 2257 3059 2329 Τοσαύτη
3091 2258 3200 2329 γάρ
3235 2260 3384 2312 ἐστιν
3413 2261 3446 2330 ἡ
3483 2260 3683 2331 σύγχυ-

2091 2353 2176 2401 σις
2196 2378 2211 2402 ,
2247 2337 2485 2408 τοσαύτη
2511 2336 2622 2392 τῶν
2650 2338 2945 2409 φροντίδων
2976 2341 3009 2410 ὴ
3044 2341 3331 2410 τυραννὶς,
3369 2342 3621 2408 τοσοῦτος
3649 2345 3685 2397 6

2089 2420 2198 2472 τῶν
2223 2421 2600 2492 περιστάσεων
2629 2421 2804 2492 ὄχλος,
2827 2422 2904 2486 ὼς
2925 2423 3020 2476 καὶ⁵
3047 2423 3249 2478 ἀκοντα
3279 2425 3448 2479 πολλὰ
3478 2427 3683 2482 πολλά-

2089 2519 2179 2566 κις
2224 2503 2632 2571 ἀναγκάζεσθαι
2662 2504 2754 2557 τὸν
2796 2506 3150 2576 γεγαμηκότα
3196 2508 3531 2579 ἁμαρτάνειν
3586 2511 3686 2564 καὶ

2089 2585 2196 2655 πλη
2207 2603 2246 2656 μ
2251 2586 2445 2656 μελεῖν.

2154 2668 2366 2724 ΜΔ’.Τὸ
2381 2670 2482 2742 μὲν
2494 2671 2602 2743 7&9
2616 2672 2846 2726 παλαιὸν
2857 2672 2918 2725 οὐ
2931 2672 3183 2726 τοσοῦτον
3199 2675 3333 2746 ἡμῖν
3345 2675 3546 2747 ἀρετῆς
3556 2679 3686 2748 πρό-

2091 2768 2244 2805 κειτο
2272 2753 2496 2825 μέτρον,
2523 2754 2660 2808 ἀλλά
2683 2757 2778 2808 καὶ
2799 2755 3108 2826 ἀμύνασθαι
3126 2757 3217 2811 τὸν
3246 2757 3557 2823 ἀδικοῦντα,
3585 2763 3684 2815 καὶ

2090 2834 2630 2907 ἀντιλοιδορήσασθαι
2660 2836 2740 2908 τῷ
2767 2837 3189 2910 λοιδορουμένῳ,
3238 2842 3334 2894 καὶ
3377 2843 3685 2912 χρημάτων

2089 2917 2525 2988 ἐπιμελήσασθαι
2569 2919 2720 2988 ἐξῆν.
2761 2921 2858 2975 καὶ
2893 2921 3224 2992 εὐορκοῦντα
3266 2924 3530 2994 ὀμνύναι,
3584 2928 3684 2980 καὶ

2087 2999 2365 3071 ὀφθαλμδν
2402 2998 2652 3071 ἐξορύξαι
2685 3003 2807 3055 ἀντὶ
2838 3002 3143 3075 ὀφθαλμοῦ,
3168 3006 3262 3058 καὶ
3308 3008 3538 3079 μισῆσαι
3584 3010 3685 3062 τὸν

2089 3081 2283 3153 ἐχθρὸν
2302 3124 2316 3145 ,
2348 3083 2440 3137 καὶ
2463 3083 2587 3137 οὗτε
2614 3087 2819 3157 τρυφᾷν
2839 3128 2854 3154 ,
2887 3085 3009 3140 οὔτε
3041 3088 3394 3159 ὀργίζεσθαι,
3430 3091 3554 3144 οὔτε
3582 3109 3682 3161 γυ-

2088 3169 2252 3220 ναῖκα
2292 3166 2389 3237 τὴν
2429 3167 2528 3237 μὲν
2558 3168 2864 3232 ἐκϐάλλειν,
2898 3171 2999 3241 τὴν
3037 3170 3094 3224 δὲ
3123 3172 3465 3241 ἀντεισάγειν
3503 3177 3685 3228 κεκώ-

2087 3248 2234 3307 λυτο.
2263 3251 2372 3304 Καὶ
2397 3251 2457 3302 οὐ
2481 3250 2639 3304 τοῦτο
2665 3252 2843 3322 μόνον,
2873 3253 3010 3306 ἀλλά
3035 3255 3129 3307 καὶ
3165 3254 3256 3308 δύο
3296 3257 3435 3320 κατά
3481 3260 3682 3311 ταυτὸν

2088 3331 2221 3401 ὀμοῦ
2255 3335 2520 3400 γυναῖκας
2571 3333 2715 3404 ἔχειν
2746 3337 2776 3387 ὀ
2821 3335 2985 3404 νόμος
3016 3337 3322 3409 ἐπέτρεπε,
3367 3339 3461 3393 καὶ
3505 3341 3683 3411 πολλὴ

2089 3415 2184 3468 καὶ
2206 3417 2262 3468 ἐν
2290 3415 2500 3480 τούτοις
2521 3418 2616 3470 καὶ
2637 3419 2692 3471 ἐν
2711 3421 2824 3482 τοῖς
2849 3419 3030 3483 ἄλλοις
3052 3418 3257 3473 ἅπασιν
3275 3423 3309 3492 ἡ
3337 3423 3683 3490 συγκαταϐα-

2091 3513 2174 3560 σις
2212 3493 2301 3568 ἦν.
2336 3499 2492 3552 Μετὰ
2531 3499 2588 3551 δέ
2620 3501 2718 3571 τὴν
2749 3500 2841 3554 τοῦ
2890 3501 3132 3572 Χριστοῦ
3163 3505 3462 3574 παρουσίαν
3497 3506 3685 3579 πολλῷ

2091 3581 2396 3652 στενωτέρα
2423 3581 2644 3650 γέγονεν
2669 3584 2858 3654 ὴόδός,
2884 3585 2946 3637 ού
2972 3585 3134 3654 μόνον
3147 3587 3226 3656 τῷ
3245 3587 3548 3657 τῆν’ἀόειαν
3569 3591 3686 3644 τῶν

2089 3662 2394 3733 εἰρημένων
2439 3664 2695 3719 ἀπάντων
2729 3667 2829 3736 τὴν
2861 3666 3069 3736 ἄφατον
3097 3669 3301 3739 ταύτην
3334 3671 3427 3724 καὶ
3472 3672 3684 3744 πολλὴν

2088 3747 2456 3817 περικοπῆναι
2485 3748 2584 3816 τῆς
2611 3747 2860 3813 ἐξουσίας
2887 3751 2985 3821 τῆς
3015 3753 3308 3822 ἡμετέρας,
3329 3753 3462 3808 ἀλλά
3484 3759 3580 3809 καὶ
3602 3757 3685 3827 τῷ

2085 3827 2186 3899 τὴν
2213 3829 2383 3883 πολλὰ
2412 3830 2673 3894 πολλάκις
2705 3831 3102 3887 ἀναπείθουσαν
3130 3837 3226 3889 καὶ
3255 3837 3684 3905 ἀναγκάζουσαν

2087 3912 2236 3994 ἡμᾶς
2256 3911 2348 3965 καὶ
2376 3911 2609 3976 ἄκοντας
2631 3914 2966 3985 ἁμαρτάνειν
2991 3922 3227 3985 γυναῖκα
3249 3961 3265 3986 ,
3297 3920 3504 3994 ταύτην
3527 3923 3684 3976 ἔνδον

2087 3993 2231 4064 ἐχειν
2267 3995 2587 4060 διαπαντὸς,
2622 3997 2656 4067 ἢ
2701 3998 2948 4069 μοιχείας
2994 4001 3313 4056 ἁλίσκεσθαι
3348 3993 3685 4076 βουλόμενον

2087 4076 2391 4133 ἐκϐάλλειν.
2419 4079 2493 4131 Ού
2515 4079 2686 4152 ταύτῃ
2717 4081 2773 4133 δὲ
2798 4082 2956 4151 μόνον
2985 4087 3118 4154 ἡμῖν
3156 4086 3186 4155 ἡ
3226 4086 3396 4158 ἀρετὴ
3423 4087 3679 4143 δυσκατο

2085 4160 2342 4232 όρθωτος,
2377 4161 2491 4214 ἀλλ’
2523 4163 2625 4226 ὃτι,
2650 4163 2754 4216 κᾶν
2782 4165 3006 4219 ἀνεκτὸν
3031 4166 3180 4239 [504]
3204 4164 3337 4240 ἦθος
3359 4169 3459 4242 ἔχῃ
3488 4173 3520 4242 ἡ
3550 4189 3684 4226 συν-

2085 4243 2311 4326 οικοῦσα
2333 4284 2349 4308 ,
2387 4247 2416 4298 ὀ
2442 4245 2511 4298 δι’
2537 4245 2708 4317 αὐτὴν
2732 4249 2826 4300 καὶ
2844 4247 2913 4301 τά
2941 4248 3137 4317 ἔκγονα
3157 4252 3224 4304 τά
3245 4251 3458 4324 ἐκείνης
3481 4258 3678 4326 περιρ-

2087 4325 2228 4396 ρέων
2267 4329 2414 4397 ἡμᾶς
2445 4328 2741 4397 φροντίδων
2771 4330 2926 4400 δχλος
2971 4333 3090 4386 οὐδὲ
3141 4335 3334 4406 μικρὸν
3373 4325 3682 4407 ἀναϐλέψαι

2087 4410 2225 4479 πρὸς
2271 4411 2362 4463 τὸν
2405 4412 2634 4482 οὐρανὸν
2688 4418 2994 4485 συγχωρεῖ,
3045 4417 3310 4471 πάντοθεν
3358 4418 3546 4492 ῶσπερ
3590 4439 3683 4486 τις

2087 4493 2294 4562 ῐλιγγος
2324 4496 2705 4565 περιστρέφων
2735 4498 2828 4549 καὶ
2862 4497 3140 4567 βαπτίζων
3164 4501 3325 4571 ἡμῶν
3348 4502 3445 4566 τὴν
3467 4504 3678 4575 ψυχήν.

2089 4579 2231 4649 Ὅρα
2249 4579 2378 4649 γάρ’
2404 4578 2649 4647 βούλεται
2670 4590 2690 4618 ε
2712 4579 2800 4632 τὸν
2825 4581 2931 4634 τῶν
2957 4583 3183 4636 ἰδιωτῶν
3209 4585 3322 4654 βίον
3347 4587 3438 4638 τὸν
3457 4588 3683 4641 ἀκίνδυ-

2086 4678 2174 4714 νον
2199 4661 2389 4714 τοῦτον
2422 4662 2516 4715 καὶ
2546 4662 2876 4734 ἀπράγμονα
2907 4665 3006 4736 ζῇν
3035 4669 3062 4720 ὀ
3091 4668 3250 4738 ἀνήρ’
3283 4667 3398 4720 ἀλλ’
3428 4670 3557 4722 ὅταν
3587 4670 3683 4745 ἴδῃ

2087 4745 2284 4808 παῖδας
2329 4745 2702 4816 περιεστῶτας
2727 4748 2819 4800 καλ¹
2847 4753 3084 4816 γυναῖκα
3121 4751 3368 4821 δαπάνης
3406 4753 3682 4823 δεομένην

2087 4828 2310 4898 ⁸πολλῆς,
2339 4830 2432 4882 καὶ
2456 4830 2605 4883 άκων
2629 4831 2710 4892 εἰς
2735 4831 2829 4882 τὸν
2857 4832 2966 4884 τῶν
2998 4833 3288 4887 πολιτικῶν
3329 4839 3683 4906 πραγμάτων

2088 4911 2311 4983 ἔρριψεν
2347 4913 2540 4964 ἐαυτὸν
2567 4913 2831 4968 κλύδωνα.
2869 4916 3018 4969 Ἐκεῖ
3049 4917 3104 4970 δὲ
3147 4920 3458 4988 ἐμπεσόντα
3484 4921 3682 4975 λοιπὸν

2086 4993 2206 5046 οὐδὲ
2240 4993 2385 5047 ἐστιν
2417 4995 2590 5047 εἰπεῖν
2619 4997 2718 5049 ὅσα
2750 4999 3085 5069 ἁμαρτάνειν
3109 5002 3352 5073 ἀνάγκη,
3379 5003 3682 5074 ὀργιζόμε-

2085 5094 2196 5142 νον,
2226 5077 2483 5147 ὀμνύντα,
2506 5077 2934 5150 λοιδορούμενον,
2967 5085 3306 5156 ἀμυνόμενον
3326 5125 3340 5152 ,
3373 5087 3678 5158 ὐποκρινόο

2092 5179 2251 5233 μενον
2271 5162 2323 5226 ἀ,
2355 5162 2525 5216 πολλά
2563 5164 2701 5234 πρὸς
2743 5165 2937 5236 χάριν,
2983 5168 3153 5221 πολλά
3199 5170 3334 5242 πρὸς
3367 5172 3682 5242 ἀπέχθειαν

2086 5245 2376 5330 ποιοῦντα.
2395 5246 2519 5308 Πῶς
2541 5245 2650 5317 γὰρ
2672 5246 2750 5299 ἔνι
2773 5249 3137 5320 στρεφόμενον
3159 5253 3218 5304 ἐν
3248 5253 3385 5325 ζάλῃ
3403 5258 3676 5330 τοσαέτῃ,

2085 5330 2180 5381 καὶ
2223 5327 2546 5399 βουλόμενον
2595 5330 2906 5400 εὐδοκιμεῖν
2948 5334 3006 5386 ἐν
3035 5335 3208 5406 αὐτῇ,
3253 5337 3328 5408 μὴ
3365 5337 3532 5390 πολὺν
3579 5327 3682 5394 τδν

2085 5413 2193 5466 ἀπὸ
2212 5411 2322 5463 τῶν
2344 5413 2758 5484 ἁμαρτημάτων
2783 5416 3206 5486 προστρίϐεσθαι
3232 5419 3432 5489 ῥύπονς
3464 5422 3577 5474 Καὶ
3601 5425 3681 5479 τὰ

2146 5517 2174 5587 ξ)
2200 5517 2322 5577 Reg.
2332 5517 2549 5587 ῥυθμίζοι
2571 5517 2652 5566 οὖν
2670 5515 2814 5587 τρῦτο
2840 5519 2956 5566 εἶναι
2994 5523 3138 5570 καλὸν
3177 5524 3254 5571 διὰ
3290 5525 3375 5580 τὴν
3397 5524 3679 5577 ἐνεστῶσαν

2082 5579 2306 5640 ἀνάγκην.
2332 5579 2487 5626 Τοῦτο
2508 5579 2558 5626 δὲ
2589 5580 2732 5626 ποιεῖ.

2151 5642 2174 5703 °_
2200 5641 2322 5703 μσς.
2552 5639 2661 5687 Ἐάν
2681 5641 2773 5703 γὰρ
2791 5640 2872 5703 καὶ
2893 5640 3120 5703 βούληται

2151 5653 2174 5671 ε
2200 5653 2322 5700 ueg.
2552 5653 2661 5687 'r/zv
2681 5653 2770 5702 γαρ
2791 5653 2872 5714 καί
2893 5653 3138 5720 poenae

2149 5701 2176 5739 ἀ
2203 5701 2324 5770 Reg.
2388 5704 2671 5764 ργιζομενον,
2717 5701 2980 5764 ὒϐριζοντα,
3023 5706 3244 5770 ὀμνυντα,
3284 5708 3681 5774 λοιδορούμνοι,

2084 5765 2465 5826 ὒποκρινόμενον.
