  <div class='ocr_page' id='page_1' title='image "/cluster/home/n/w/nwhite01/storage/ocr_20150623/48/nnc1.0046978267/046.png"; bbox 0 0 3886 6222; ppageno 0'>
   <div class='ocr_carea' id='block_1_1' title="bbox 296 214 402 272">
    <p class='ocr_par' dir='ltr' id='par_1_1' title="bbox 296 214 402 272">
     <span class='ocr_line' id='line_1_1' title="bbox 296 214 402 272; baseline -0.009 0"><span class='ocrx_word' id='word_1_1' title='bbox 296 214 402 272; x_wconf 69' lang='grc' dir='ltr'><strong>εδδ</strong></span> 
     </span>
    </p>
   </div>
   <div class='ocr_carea' id='block_1_2' title="bbox 292 321 1865 397">
    <p class='ocr_par' dir='ltr' id='par_1_2' title="bbox 292 321 1865 397">
     <span class='ocr_line' id='line_1_2' title="bbox 292 321 1865 397; baseline -0.007 -13"><span class='ocrx_word' id='word_1_2' title='bbox 292 331 569 386; x_wconf 87' lang='lat' dir='ltr'><strong>molestam</strong></span> <span class='ocrx_word' id='word_1_3' title='bbox 600 328 827 384; x_wconf 90' lang='lat' dir='ltr'><strong>reddidit</strong></span> <span class='ocrx_word' id='word_1_4' title='bbox 857 370 872 392; x_wconf 92' lang='lat'><strong>,</strong></span> <span class='ocrx_word' id='word_1_5' title='bbox 900 327 994 383; x_wconf 87' lang='lat' dir='ltr'><strong>sed</strong></span> <span class='ocrx_word' id='word_1_6' title='bbox 1032 328 1189 383; x_wconf 89' lang='lat' dir='ltr'><strong>etiam</strong></span> <span class='ocrx_word' id='word_1_7' title='bbox 1218 326 1356 397; x_wconf 92' lang='lat' dir='ltr'><strong>quod</strong></span> <span class='ocrx_word' id='word_1_8' title='bbox 1402 322 1713 383; x_wconf 84' lang='lat' dir='ltr'><strong>beneﬁcium</strong></span> <span class='ocrx_word' id='word_1_9' title='bbox 1763 321 1865 375; x_wconf 93' lang='lat' dir='ltr'><strong>hoc</strong></span> 
     </span>
    </p>
   </div>
   <div class='ocr_carea' id='block_1_3' title="bbox 294 412 1863 484">
    <p class='ocr_par' dir='ltr' id='par_1_3' title="bbox 294 412 1863 484">
     <span class='ocr_line' id='line_1_3' title="bbox 294 412 1863 484; baseline -0.006 -10"><span class='ocrx_word' id='word_1_10' title='bbox 294 438 399 474; x_wconf 89' lang='lat' dir='ltr'><strong>non</strong></span> <span class='ocrx_word' id='word_1_11' title='bbox 438 436 631 484; x_wconf 91' lang='lat' dir='ltr'><strong>suum,</strong></span> <span class='ocrx_word' id='word_1_12' title='bbox 673 419 768 474; x_wconf 90' lang='lat' dir='ltr'><strong>sed</strong></span> <span class='ocrx_word' id='word_1_13' title='bbox 796 419 991 474; x_wconf 77' lang='lat' dir='ltr'><strong>Christi</strong></span> <span class='ocrx_word' id='word_1_14' title='bbox 1044 432 1161 474; x_wconf 88' lang='lat' dir='ltr'><strong>esse</strong></span> <span class='ocrx_word' id='word_1_15' title='bbox 1212 418 1372 474; x_wconf 90' lang='lat' dir='ltr'><strong>dicat.</strong></span> <span class='ocrx_word' id='word_1_16' title='bbox 1419 416 1533 471; x_wconf 87' lang='lat' dir='ltr'><strong>Non</strong></span> <span class='ocrx_word' id='word_1_17' title='bbox 1577 414 1719 471; x_wconf 88' lang='lat' dir='ltr'><strong>enim</strong></span> <span class='ocrx_word' id='word_1_18' title='bbox 1757 412 1863 475; x_wconf 91' lang='lat' dir='ltr'><strong>ait,</strong></span> 
     </span>
    </p>
   </div>
   <div class='ocr_carea' id='block_1_4' title="bbox 292 507 1866 581">
    <p class='ocr_par' dir='ltr' id='par_1_4' title="bbox 292 507 1866 581">
     <span class='ocr_line' id='line_1_4' title="bbox 292 507 1866 581; baseline -0.006 -16"><span class='ocrx_word' id='word_1_19' title='bbox 292 510 372 565; x_wconf 67' lang='lat' dir='ltr'><strong>De</strong></span> <span class='ocrx_word' id='word_1_20' title='bbox 420 510 712 581; x_wconf 71' lang='lat' dir='ltr'><strong>virginibus</strong></span> <span class='ocrx_word' id='word_1_21' title='bbox 752 524 857 564; x_wconf 88' lang='lat' dir='ltr'><strong>non</strong></span> <span class='ocrx_word' id='word_1_22' title='bbox 904 510 1183 579; x_wconf 74' lang='lat' dir='ltr'><strong>pnrcipio,</strong></span> <span class='ocrx_word' id='word_1_23' title='bbox 1225 508 1318 563; x_wconf 87' lang='lat' dir='ltr'><strong>sed</strong></span> <span class='ocrx_word' id='word_1_24' title='bbox 1345 550 1360 571; x_wconf 92' lang='lat'><strong>,</strong></span> <span class='ocrx_word' id='word_1_25' title='bbox 1408 507 1725 576; x_wconf 74' lang='lat' dir='ltr'><strong>Prteceptum</strong></span> <span class='ocrx_word' id='word_1_26' title='bbox 1766 519 1866 556; x_wconf 94' lang='lat' dir='ltr'><strong>non</strong></span> 
     </span>
    </p>
   </div>
   <div class='ocr_carea' id='block_1_5' title="bbox 294 598 1868 671">
    <p class='ocr_par' dir='ltr' id='par_1_5' title="bbox 294 598 1868 671">
     <span class='ocr_line' id='line_1_5' title="bbox 294 598 1868 671; baseline -0.003 -18"><span class='ocrx_word' id='word_1_27' title='bbox 294 602 485 656; x_wconf 70' lang='lat' dir='ltr'><strong>balteo:</strong></span> <span class='ocrx_word' id='word_1_28' title='bbox 511 602 660 671; x_wconf 90' lang='lat' dir='ltr'><strong>quasi</strong></span> <span class='ocrx_word' id='word_1_29' title='bbox 687 601 891 656; x_wconf 90' lang='lat' dir='ltr'><strong>diceret</strong></span> <span class='ocrx_word' id='word_1_30' title='bbox 920 619 934 656; x_wconf 87' lang='lat'><strong>:</strong></span> <span class='ocrx_word' id='word_1_31' title='bbox 965 600 1022 656; x_wconf 85' lang='lat' dir='ltr'><strong>Si</strong></span> <span class='ocrx_word' id='word_1_32' title='bbox 1070 602 1315 654; x_wconf 80' lang='lat' dir='ltr'><strong>humanis</strong></span> <span class='ocrx_word' id='word_1_33' title='bbox 1362 598 1656 655; x_wconf 77' lang='lat' dir='ltr'><strong>rationibus</strong></span> <span class='ocrx_word' id='word_1_34' title='bbox 1693 605 1868 651; x_wconf 88' lang='lat' dir='ltr'><strong>motus</strong></span> 
     </span>
    </p>
   </div>
   <div class='ocr_carea' id='block_1_6' title="bbox 295 690 1866 763">
    <p class='ocr_par' dir='ltr' id='par_1_6' title="bbox 295 690 1866 763">
     <span class='ocr_line' id='line_1_6' title="bbox 295 690 1866 763; baseline -0.004 -18"><span class='ocrx_word' id='word_1_35' title='bbox 295 692 407 763; x_wconf 76' lang='lat' dir='ltr'><strong>ipse</strong></span> <span class='ocrx_word' id='word_1_36' title='bbox 446 692 561 747; x_wconf 56' lang='lat' dir='ltr'><strong>haec</strong></span> <span class='ocrx_word' id='word_1_37' title='bbox 584 690 930 755; x_wconf 84' lang='lat' dir='ltr'><strong>cohortarer,</strong></span> <span class='ocrx_word' id='word_1_38' title='bbox 969 706 1075 745; x_wconf 88' lang='lat' dir='ltr'><strong>non</strong></span> <span class='ocrx_word' id='word_1_39' title='bbox 1115 690 1385 745; x_wconf 90' lang='lat' dir='ltr'><strong>ﬁdendum</strong></span> <span class='ocrx_word' id='word_1_40' title='bbox 1429 698 1574 745; x_wconf 90' lang='lat' dir='ltr'><strong>esset</strong></span> <span class='ocrx_word' id='word_1_41' title='bbox 1606 706 1620 742; x_wconf 90' lang='lat'>:</span> <span class='ocrx_word' id='word_1_42' title='bbox 1651 698 1707 741; x_wconf 93' lang='lat' dir='ltr'><strong>at</strong></span> <span class='ocrx_word' id='word_1_43' title='bbox 1747 702 1866 740; x_wconf 92' lang='lat' dir='ltr'><strong>cum</strong></span> 
     </span>
    </p>
   </div>
   <div class='ocr_carea' id='block_1_7' title="bbox 295 778 1868 852">
    <p class='ocr_par' dir='ltr' id='par_1_7' title="bbox 295 778 1868 852">
     <span class='ocr_line' id='line_1_7' title="bbox 295 778 1868 852; baseline -0.003 -16"><span class='ocrx_word' id='word_1_44' title='bbox 295 782 348 836; x_wconf 87' lang='lat' dir='ltr'><strong>id</strong></span> <span class='ocrx_word' id='word_1_45' title='bbox 380 783 487 837; x_wconf 90' lang='lat' dir='ltr'><strong>Deo</strong></span> <span class='ocrx_word' id='word_1_46' title='bbox 516 784 689 837; x_wconf 89' lang='lat' dir='ltr'><strong>visum</strong></span> <span class='ocrx_word' id='word_1_47' title='bbox 714 783 784 837; x_wconf 91' lang='lat' dir='ltr'><strong>sit</strong></span> <span class='ocrx_word' id='word_1_48' title='bbox 805 824 819 847; x_wconf 92' lang='lat'><strong>,</strong></span> <span class='ocrx_word' id='word_1_49' title='bbox 864 792 1065 837; x_wconf 88' lang='lat' dir='ltr'><strong>certum</strong></span> <span class='ocrx_word' id='word_1_50' title='bbox 1096 791 1180 837; x_wconf 88' lang='lat' dir='ltr'><strong>est</strong></span> <span class='ocrx_word' id='word_1_51' title='bbox 1218 782 1403 852; x_wconf 86' lang='lat' dir='ltr'><strong>pignus</strong></span> <span class='ocrx_word' id='word_1_52' title='bbox 1433 779 1710 835; x_wconf 79' lang='lat' dir='ltr'><strong>libertatis.</strong></span> <span class='ocrx_word' id='word_1_53' title='bbox 1744 778 1868 832; x_wconf 83' lang='lat' dir='ltr'><strong>Mihi</strong></span> 
     </span>
    </p>
   </div>
   <div class='ocr_carea' id='block_1_8' title="bbox 293 869 1869 943">
    <p class='ocr_par' dir='ltr' id='par_1_8' title="bbox 293 869 1869 943">
     <span class='ocr_line' id='line_1_8' title="bbox 293 869 1869 943; baseline -0.002 -17"><span class='ocrx_word' id='word_1_54' title='bbox 293 873 511 942; x_wconf 78' lang='lat' dir='ltr'><strong>quidem</strong></span> <span class='ocrx_word' id='word_1_55' title='bbox 563 887 626 927; x_wconf 88' lang='lat' dir='ltr'><strong>ea</strong></span> <span class='ocrx_word' id='word_1_56' title='bbox 668 873 962 943; x_wconf 84' lang='lat' dir='ltr'><strong>imperandi</strong></span> <span class='ocrx_word' id='word_1_57' title='bbox 1011 871 1233 928; x_wconf 81' lang='lat' dir='ltr'><strong>facultas</strong></span> <span class='ocrx_word' id='word_1_58' title='bbox 1286 882 1368 927; x_wconf 82' lang='lat' dir='ltr'><strong>est</strong></span> <span class='ocrx_word' id='word_1_59' title='bbox 1418 880 1641 941; x_wconf 90' lang='lat' dir='ltr'><strong>erepta:</strong></span> <span class='ocrx_word' id='word_1_60' title='bbox 1686 870 1778 924; x_wconf 89' lang='lat' dir='ltr'><strong>sed</strong></span> <span class='ocrx_word' id='word_1_61' title='bbox 1826 869 1869 923; x_wconf 91' lang='lat' dir='ltr'><strong>si</strong></span> 
     </span>
    </p>
   </div>
   <div class='ocr_carea' id='block_1_9' title="bbox 295 960 1866 1029">
    <p class='ocr_par' dir='ltr' id='par_1_9' title="bbox 295 960 1866 1029">
     <span class='ocr_line' id='line_1_9' title="bbox 295 960 1866 1029; baseline -0.003 -14"><span class='ocrx_word' id='word_1_62' title='bbox 295 962 479 1018; x_wconf 86' lang='lat' dir='ltr'><strong>audire</strong></span> <span class='ocrx_word' id='word_1_63' title='bbox 508 962 668 1016; x_wconf 80' lang='lat' dir='ltr'><strong>vultis</strong></span> <span class='ocrx_word' id='word_1_64' title='bbox 695 961 839 1017; x_wconf 91' lang='lat' dir='ltr'><strong>velut</strong></span> <span class='ocrx_word' id='word_1_65' title='bbox 860 976 1211 1026; x_wconf 88' lang='lat' dir='ltr'><strong>conservum,</strong></span> <span class='ocrx_word' id='word_1_66' title='bbox 1242 961 1519 1015; x_wconf 81' lang='lat' dir='ltr'><strong>Consilium</strong></span> <span class='ocrx_word' id='word_1_67' title='bbox 1547 962 1612 1013; x_wconf 84' lang='lat' dir='ltr'><strong>do</strong></span> <span class='ocrx_word' id='word_1_68' title='bbox 1635 1001 1651 1026; x_wconf 96' lang='lat'><strong>,</strong></span> <span class='ocrx_word' id='word_1_69' title='bbox 1677 960 1866 1029; x_wconf 81' lang='lat' dir='ltr'><strong>inquit,</strong></span> 
     </span>
    </p>
   </div>
   <div class='ocr_carea' id='block_1_10' title="bbox 295 1049 1874 1123">
    <p class='ocr_par' dir='ltr' id='par_1_10' title="bbox 295 1049 1874 1123">
     <span class='ocr_line' id='line_1_10' title="bbox 295 1049 1874 1123; baseline -0.003 -17"><span class='ocrx_word' id='word_1_70' title='bbox 295 1062 551 1123; x_wconf 87' lang='lat' dir='ltr'><strong>tamquam</strong></span> <span class='ocrx_word' id='word_1_71' title='bbox 588 1052 978 1107; x_wconf 78' lang='lat' dir='ltr'><strong>miscricordiam</strong></span> <span class='ocrx_word' id='word_1_72' title='bbox 1014 1062 1342 1121; x_wconf 76' lang='lat' dir='ltr'><strong>consequutus</strong></span> <span class='ocrx_word' id='word_1_73' title='bbox 1370 1069 1402 1103; x_wconf 88' lang='lat' dir='ltr'><strong>a</strong></span> <span class='ocrx_word' id='word_1_74' title='bbox 1443 1049 1661 1104; x_wconf 87' lang='lat' dir='ltr'><strong>Domino</strong></span> <span class='ocrx_word' id='word_1_75' title='bbox 1690 1060 1742 1102; x_wconf 86' lang='lat' dir='ltr'><strong>ut</strong></span> <span class='ocrx_word' id='word_1_76' title='bbox 1778 1049 1874 1102; x_wconf 89' lang='lat' dir='ltr'><strong>sim</strong></span> 
     </span>
    </p>
   </div>
   <div class='ocr_carea' id='block_1_11' title="bbox 208 1138 1875 1213">
    <p class='ocr_par' dir='ltr' id='par_1_11' title="bbox 208 1138 1875 1213">
     <span class='ocr_line' id='line_1_11' title="bbox 208 1138 1875 1213; baseline -0.001 -18"><span class='ocrx_word' id='word_1_77' title='bbox 208 1144 209 1147; x_wconf 63' lang='grc'><em>“</em></span> <span class='ocrx_word' id='word_1_78' title='bbox 296 1143 480 1210; x_wconf 80' lang='lat' dir='ltr'><strong>ﬁdelis.</strong></span> <span class='ocrx_word' id='word_1_79' title='bbox 518 1144 692 1213; x_wconf 81' lang='lat' dir='ltr'><strong>Atque</strong></span> <span class='ocrx_word' id='word_1_80' title='bbox 719 1141 820 1196; x_wconf 91' lang='lat' dir='ltr'><strong>hoc</strong></span> <span class='ocrx_word' id='word_1_81' title='bbox 854 1141 974 1198; x_wconf 89' lang='lat' dir='ltr'><strong>loco</strong></span> <span class='ocrx_word' id='word_1_82' title='bbox 1002 1139 1150 1194; x_wconf 88' lang='lat' dir='ltr'><strong>Pauli</strong></span> <span class='ocrx_word' id='word_1_83' title='bbox 1194 1156 1458 1195; x_wconf 88' lang='lat' dir='ltr'><strong>summum</strong></span> <span class='ocrx_word' id='word_1_84' title='bbox 1502 1138 1782 1194; x_wconf 87' lang='lat' dir='ltr'><strong>artiﬁcium</strong></span> <span class='ocrx_word' id='word_1_85' title='bbox 1811 1152 1875 1193; x_wconf 87' lang='lat' dir='ltr'><strong>ac</strong></span> 
     </span>
    </p>
   </div>
   <div class='ocr_carea' id='block_1_12' title="bbox 298 1228 1875 1304">
    <p class='ocr_par' dir='ltr' id='par_1_12' title="bbox 298 1228 1875 1304">
     <span class='ocr_line' id='line_1_12' title="bbox 298 1228 1875 1304; baseline -0.004 -17"><span class='ocrx_word' id='word_1_86' title='bbox 298 1234 577 1304; x_wconf 91' lang='lat' dir='ltr'><strong>prudentia</strong></span> <span class='ocrx_word' id='word_1_87' title='bbox 623 1232 864 1287; x_wconf 88' lang='lat' dir='ltr'><strong>miranda</strong></span> <span class='ocrx_word' id='word_1_88' title='bbox 905 1241 1028 1297; x_wconf 91' lang='lat' dir='ltr'><strong>est,</strong></span> <span class='ocrx_word' id='word_1_89' title='bbox 1082 1230 1528 1302; x_wconf 84' lang='lat' dir='ltr'><strong>quemadmodum</strong></span> <span class='ocrx_word' id='word_1_90' title='bbox 1576 1230 1712 1283; x_wconf 90' lang='lat' dir='ltr'><strong>inter</strong></span> <span class='ocrx_word' id='word_1_91' title='bbox 1767 1228 1875 1282; x_wconf 88' lang='lat' dir='ltr'><strong>duo</strong></span> 
     </span>
    </p>
   </div>
   <div class='ocr_carea' id='block_1_13' title="bbox 299 1323 1875 1394">
    <p class='ocr_par' dir='ltr' id='par_1_13' title="bbox 299 1323 1875 1394">
     <span class='ocr_line' id='line_1_13' title="bbox 299 1323 1875 1394; baseline -0.003 -16"><span class='ocrx_word' id='word_1_92' title='bbox 299 1325 627 1390; x_wconf 87' lang='lat' dir='ltr'><strong>necessaria,</strong></span> <span class='ocrx_word' id='word_1_93' title='bbox 653 1339 823 1394; x_wconf 88' lang='lat' dir='ltr'><strong>eaque</strong></span> <span class='ocrx_word' id='word_1_94' title='bbox 867 1324 1151 1389; x_wconf 87' lang='lat' dir='ltr'><strong>contraria,</strong></span> <span class='ocrx_word' id='word_1_95' title='bbox 1181 1323 1535 1392; x_wconf 89' lang='lat' dir='ltr'><strong>interceptus,</strong></span> <span class='ocrx_word' id='word_1_96' title='bbox 1586 1332 1694 1376; x_wconf 90' lang='lat' dir='ltr'><strong>tum</strong></span> <span class='ocrx_word' id='word_1_97' title='bbox 1741 1330 1875 1374; x_wconf 91' lang='lat' dir='ltr'><strong>utse</strong></span> 
     </span>
    </p>
   </div>
   <div class='ocr_carea' id='block_1_14' title="bbox 297 1414 1879 1485">
    <p class='ocr_par' dir='ltr' id='par_1_14' title="bbox 297 1414 1879 1485">
     <span class='ocr_line' id='line_1_14' title="bbox 297 1414 1879 1485; baseline -0.003 -17"><span class='ocrx_word' id='word_1_98' title='bbox 297 1414 727 1478; x_wconf 85' lang='lat' dir='ltr'><strong>commendaret,</strong></span> <span class='ocrx_word' id='word_1_99' title='bbox 756 1429 861 1485; x_wconf 86' lang='lat' dir='ltr'><strong>quo</strong></span> <span class='ocrx_word' id='word_1_100' title='bbox 876 1414 1157 1469; x_wconf 86' lang='lat' dir='ltr'><strong>consilium</strong></span> <span class='ocrx_word' id='word_1_101' title='bbox 1190 1414 1465 1484; x_wconf 87' lang='lat' dir='ltr'><strong>plausibile</strong></span> <span class='ocrx_word' id='word_1_102' title='bbox 1490 1420 1662 1478; x_wconf 88' lang='lat' dir='ltr'><strong>esset,</strong></span> <span class='ocrx_word' id='word_1_103' title='bbox 1688 1422 1796 1465; x_wconf 91' lang='lat' dir='ltr'><strong>tum</strong></span> <span class='ocrx_word' id='word_1_104' title='bbox 1821 1418 1879 1463; x_wconf 89' lang='lat' dir='ltr'><strong>ut</strong></span> 
     </span>
    </p>
   </div>
   <div class='ocr_carea' id='block_1_15' title="bbox 301 1502 1878 1575">
    <p class='ocr_par' dir='ltr' id='par_1_15' title="bbox 301 1502 1878 1575">
     <span class='ocr_line' id='line_1_15' title="bbox 301 1502 1878 1575; baseline -0.003 -16"><span class='ocrx_word' id='word_1_105' title='bbox 301 1505 433 1559; x_wconf 90' lang='lat' dir='ltr'><strong>nihil</strong></span> <span class='ocrx_word' id='word_1_106' title='bbox 458 1506 527 1559; x_wconf 91' lang='lat' dir='ltr'><strong>de</strong></span> <span class='ocrx_word' id='word_1_107' title='bbox 555 1520 613 1560; x_wconf 87' lang='lat' dir='ltr'><strong>se</strong></span> <span class='ocrx_word' id='word_1_108' title='bbox 643 1520 891 1575; x_wconf 88' lang='lat' dir='ltr'><strong>magnum</strong></span> <span class='ocrx_word' id='word_1_109' title='bbox 921 1505 1263 1574; x_wconf 70' lang='lat' dir='ltr'><strong>praedicaret,</strong></span> <span class='ocrx_word' id='word_1_110' title='bbox 1290 1505 1484 1575; x_wconf 87' lang='lat' dir='ltr'><strong>quippe</strong></span> <span class='ocrx_word' id='word_1_111' title='bbox 1526 1503 1643 1573; x_wconf 81' lang='lat' dir='ltr'><strong>ejus</strong></span> <span class='ocrx_word' id='word_1_112' title='bbox 1673 1502 1878 1555; x_wconf 88' lang='lat' dir='ltr'><strong>virtutis</strong></span> 
     </span>
    </p>
   </div>
   <div class='ocr_carea' id='block_1_16' title="bbox 299 1591 1874 1664">
    <p class='ocr_par' dir='ltr' id='par_1_16' title="bbox 299 1591 1874 1664">
     <span class='ocr_line' id='line_1_16' title="bbox 299 1591 1874 1664; baseline -0.004 -17"><span class='ocrx_word' id='word_1_113' title='bbox 299 1609 509 1659; x_wconf 89' lang='lat' dir='ltr'><strong>exsors,</strong></span> <span class='ocrx_word' id='word_1_114' title='bbox 564 1594 812 1649; x_wconf 83' lang='lat' dir='ltr'><strong>brevibus</strong></span> <span class='ocrx_word' id='word_1_115' title='bbox 839 1595 1016 1649; x_wconf 84' lang='lat' dir='ltr'><strong>verbis</strong></span> <span class='ocrx_word' id='word_1_116' title='bbox 1060 1603 1344 1664; x_wconf 90' lang='lat' dir='ltr'><strong>utrumque</strong></span> <span class='ocrx_word' id='word_1_117' title='bbox 1385 1600 1750 1662; x_wconf 89' lang='lat' dir='ltr'><strong>consequutus</strong></span> <span class='ocrx_word' id='word_1_118' title='bbox 1786 1591 1874 1645; x_wconf 87' lang='lat' dir='ltr'><strong>sit.</strong></span> 
     </span>
    </p>
   </div>
   <div class='ocr_carea' id='block_1_17' title="bbox 300 1683 1875 1753">
    <p class='ocr_par' dir='ltr' id='par_1_17' title="bbox 300 1683 1875 1753">
     <span class='ocr_line' id='line_1_17' title="bbox 300 1683 1875 1753; baseline -0.003 -16"><span class='ocrx_word' id='word_1_119' title='bbox 300 1684 431 1737; x_wconf 79' lang='lat' dir='ltr'><strong>Nam</strong></span> <span class='ocrx_word' id='word_1_120' title='bbox 458 1684 548 1752; x_wconf 89' lang='lat' dir='ltr'><strong>qui</strong></span> <span class='ocrx_word' id='word_1_121' title='bbox 574 1683 736 1748; x_wconf 87' lang='lat' dir='ltr'><strong>dicat,</strong></span> <span class='ocrx_word' id='word_1_122' title='bbox 764 1684 1047 1753; x_wconf 83' lang='lat' dir='ltr'><strong>Tamquam</strong></span> <span class='ocrx_word' id='word_1_123' title='bbox 1095 1684 1492 1738; x_wconf 85' lang='lat' dir='ltr'><strong>misericordiam</strong></span> <span class='ocrx_word' id='word_1_124' title='bbox 1525 1690 1875 1751; x_wconf 72' lang='lat' dir='ltr'><strong>consequutus,</strong></span> 
     </span>
    </p>
   </div>
   <div class='ocr_carea' id='block_1_18' title="bbox 299 1772 1880 1845">
    <p class='ocr_par' dir='ltr' id='par_1_18' title="bbox 299 1772 1880 1845">
     <span class='ocr_line' id='line_1_18' title="bbox 299 1772 1880 1845; baseline -0.001 -16"><span class='ocrx_word' id='word_1_125' title='bbox 299 1774 535 1843; x_wconf 90' lang='lat' dir='ltr'><strong>quodam</strong></span> <span class='ocrx_word' id='word_1_126' title='bbox 564 1774 723 1829; x_wconf 91' lang='lat' dir='ltr'><strong>modo</strong></span> <span class='ocrx_word' id='word_1_127' title='bbox 746 1788 803 1828; x_wconf 90' lang='lat' dir='ltr'><strong>se</strong></span> <span class='ocrx_word' id='word_1_128' title='bbox 825 1774 1163 1830; x_wconf 87' lang='lat' dir='ltr'><strong>commendat</strong></span> <span class='ocrx_word' id='word_1_129' title='bbox 1191 1793 1204 1830; x_wconf 88' lang='lat'><strong>:</strong></span> <span class='ocrx_word' id='word_1_130' title='bbox 1232 1776 1319 1845; x_wconf 87' lang='lat' dir='ltr'><strong>qui</strong></span> <span class='ocrx_word' id='word_1_131' title='bbox 1351 1790 1409 1830; x_wconf 92' lang='lat' dir='ltr'><strong>se</strong></span> <span class='ocrx_word' id='word_1_132' title='bbox 1445 1774 1635 1844; x_wconf 92' lang='lat' dir='ltr'><strong>potiori</strong></span> <span class='ocrx_word' id='word_1_133' title='bbox 1666 1772 1880 1827; x_wconf 89' lang='lat' dir='ltr'><strong>nomine</strong></span> 
     </span>
    </p>
   </div>
   <div class='ocr_carea' id='block_1_19' title="bbox 300 1861 1877 1931">
    <p class='ocr_par' dir='ltr' id='par_1_19' title="bbox 300 1861 1877 1931">
     <span class='ocr_line' id='line_1_19' title="bbox 300 1861 1877 1931; baseline -0.002 -14"><span class='ocrx_word' id='word_1_134' title='bbox 300 1879 410 1918; x_wconf 86' lang='lat' dir='ltr'><strong>non</strong></span> <span class='ocrx_word' id='word_1_135' title='bbox 445 1863 820 1931; x_wconf 91' lang='lat' dir='ltr'><strong>commendet,</strong></span> <span class='ocrx_word' id='word_1_136' title='bbox 863 1864 1096 1919; x_wconf 77' lang='lat' dir='ltr'><strong>vicissim</strong></span> <span class='ocrx_word' id='word_1_137' title='bbox 1130 1880 1188 1919; x_wconf 90' lang='lat' dir='ltr'><strong>se</strong></span> <span class='ocrx_word' id='word_1_138' title='bbox 1217 1872 1469 1919; x_wconf 89' lang='lat' dir='ltr'><strong>extenuat</strong></span> <span class='ocrx_word' id='word_1_139' title='bbox 1506 1878 1570 1918; x_wconf 91' lang='lat' dir='ltr'><strong>ac</strong></span> <span class='ocrx_word' id='word_1_140' title='bbox 1606 1861 1877 1931; x_wconf 85' lang='lat' dir='ltr'><strong>deprimit.</strong></span> 
     </span>
    </p>
   </div>
   <div class='ocr_carea' id='block_1_20' title="bbox 373 1951 1880 2020">
    <p class='ocr_par' dir='ltr' id='par_1_20' title="bbox 373 1951 1880 2020">
     <span class='ocr_line' id='line_1_20' title="bbox 373 1951 1880 2020; baseline 0 -13"><span class='ocrx_word' id='word_1_141' title='bbox 373 1952 531 2007; x_wconf 79' lang='lat' dir='ltr'><strong>XLII.</strong></span> <span class='ocrx_word' id='word_1_142' title='bbox 561 1951 640 2007; x_wconf 86' lang='lat' dir='ltr'><strong>De</strong></span> <span class='ocrx_word' id='word_1_143' title='bbox 670 1952 823 2008; x_wconf 84' lang='lat' dir='ltr'><strong>Pauli</strong></span> <span class='ocrx_word' id='word_1_144' title='bbox 849 1955 1146 2009; x_wconf 78' lang='lat' dir='ltr'><strong>humilitate.</strong></span> <span class='ocrx_word' id='word_1_145' title='bbox 1178 1985 1248 1996; x_wconf 92' lang='lat'><strong>—</strong></span> <span class='ocrx_word' id='word_1_146' title='bbox 1274 1954 1389 2009; x_wconf 89' lang='lat' dir='ltr'><strong>Non</strong></span> <span class='ocrx_word' id='word_1_147' title='bbox 1419 1955 1560 2009; x_wconf 91' lang='lat' dir='ltr'><strong>enim</strong></span> <span class='ocrx_word' id='word_1_148' title='bbox 1591 1954 1703 2020; x_wconf 90' lang='lat' dir='ltr'><strong>ait,</strong></span> <span class='ocrx_word' id='word_1_149' title='bbox 1733 1953 1880 2008; x_wconf 87' lang='lat' dir='ltr'><strong>Con-</strong></span> 
     </span>
    </p>
   </div>
   <div class='ocr_carea' id='block_1_21' title="bbox 301 2042 1881 2113">
    <p class='ocr_par' dir='ltr' id='par_1_21' title="bbox 301 2042 1881 2113">
     <span class='ocr_line' id='line_1_21' title="bbox 301 2042 1881 2113; baseline 0.001 -19"><span class='ocrx_word' id='word_1_150' title='bbox 301 2042 479 2096; x_wconf 82' lang='lat' dir='ltr'><strong>silium</strong></span> <span class='ocrx_word' id='word_1_151' title='bbox 504 2042 594 2107; x_wconf 91' lang='lat' dir='ltr'><strong>do,</strong></span> <span class='ocrx_word' id='word_1_152' title='bbox 622 2052 678 2096; x_wconf 92' lang='lat' dir='ltr'><strong>ut</strong></span> <span class='ocrx_word' id='word_1_153' title='bbox 704 2043 789 2097; x_wconf 92' lang='lat' dir='ltr'><strong>cui</strong></span> <span class='ocrx_word' id='word_1_154' title='bbox 813 2043 1068 2098; x_wconf 91' lang='lat' dir='ltr'><strong>creditum</strong></span> <span class='ocrx_word' id='word_1_155' title='bbox 1091 2045 1155 2099; x_wconf 90' lang='lat' dir='ltr'><strong>sit</strong></span> <span class='ocrx_word' id='word_1_156' title='bbox 1179 2045 1533 2113; x_wconf 78' lang='lat' dir='ltr'><strong>evangelium,</strong></span> <span class='ocrx_word' id='word_1_157' title='bbox 1560 2052 1620 2098; x_wconf 87' lang='lat' dir='ltr'><strong>ut</strong></span> <span class='ocrx_word' id='word_1_158' title='bbox 1643 2042 1881 2098; x_wconf 88' lang='lat' dir='ltr'><strong>delectus</strong></span> 
     </span>
    </p>
   </div>
   <div class='ocr_carea' id='block_1_22' title="bbox 300 2131 1878 2203">
    <p class='ocr_par' dir='ltr' id='par_1_22' title="bbox 300 2131 1878 2203">
     <span class='ocr_line' id='line_1_22' title="bbox 300 2131 1878 2203; baseline 0.002 -18"><span class='ocrx_word' id='word_1_159' title='bbox 300 2131 538 2202; x_wconf 88' lang='lat' dir='ltr'><strong>gentium</strong></span> <span class='ocrx_word' id='word_1_160' title='bbox 558 2147 751 2201; x_wconf 74' lang='lat' dir='ltr'><strong>prceco,</strong></span> <span class='ocrx_word' id='word_1_161' title='bbox 774 2142 829 2188; x_wconf 90' lang='lat' dir='ltr'><strong>ut</strong></span> <span class='ocrx_word' id='word_1_162' title='bbox 855 2135 938 2189; x_wconf 90' lang='lat' dir='ltr'><strong>cui</strong></span> <span class='ocrx_word' id='word_1_163' title='bbox 971 2134 1022 2189; x_wconf 92' lang='lat' dir='ltr'><strong>in</strong></span> <span class='ocrx_word' id='word_1_164' title='bbox 1041 2149 1133 2190; x_wconf 88' lang='lat' dir='ltr'><strong>vos</strong></span> <span class='ocrx_word' id='word_1_165' title='bbox 1151 2135 1508 2203; x_wconf 78' lang='lat' dir='ltr'><strong>magisterium</strong></span> <span class='ocrx_word' id='word_1_166' title='bbox 1537 2134 1878 2189; x_wconf 90' lang='lat' dir='ltr'><strong>commissum</strong></span> 
     </span>
    </p>
   </div>
   <div class='ocr_carea' id='block_1_23' title="bbox 302 2224 1884 2297">
    <p class='ocr_par' dir='ltr' id='par_1_23' title="bbox 302 2224 1884 2297">
     <span class='ocr_line' id='line_1_23' title="bbox 302 2224 1884 2297; baseline 0.001 -19"><span class='ocrx_word' id='word_1_167' title='bbox 302 2225 393 2288; x_wconf 85' lang='lat' dir='ltr'><strong>sit,</strong></span> <span class='ocrx_word' id='word_1_168' title='bbox 421 2234 480 2279; x_wconf 93' lang='lat' dir='ltr'><strong>ut</strong></span> <span class='ocrx_word' id='word_1_169' title='bbox 506 2224 694 2279; x_wconf 83' lang='lat' dir='ltr'><strong>doctor</strong></span> <span class='ocrx_word' id='word_1_170' title='bbox 714 2233 871 2295; x_wconf 89' lang='lat' dir='ltr'><strong>atque</strong></span> <span class='ocrx_word' id='word_1_171' title='bbox 898 2226 1002 2281; x_wconf 87' lang='lat' dir='ltr'><strong>dux</strong></span> <span class='ocrx_word' id='word_1_172' title='bbox 1030 2242 1044 2291; x_wconf 95' lang='lat'><strong>;</strong></span> <span class='ocrx_word' id='word_1_173' title='bbox 1076 2226 1169 2282; x_wconf 90' lang='lat' dir='ltr'><strong>sed</strong></span> <span class='ocrx_word' id='word_1_174' title='bbox 1194 2226 1362 2297; x_wconf 83' lang='lat' dir='ltr'><strong>quid?</strong></span> <span class='ocrx_word' id='word_1_175' title='bbox 1387 2225 1667 2297; x_wconf 88' lang='lat' dir='ltr'><strong>Tamquam</strong></span> <span class='ocrx_word' id='word_1_176' title='bbox 1690 2225 1884 2280; x_wconf 85' lang='lat' dir='ltr'><strong>miseri-</strong></span> 
     </span>
    </p>
   </div>
   <div class='ocr_carea' id='block_1_24' title="bbox 301 2316 1877 2387">
    <p class='ocr_par' dir='ltr' id='par_1_24' title="bbox 301 2316 1877 2387">
     <span class='ocr_line' id='line_1_24' title="bbox 301 2316 1877 2387; baseline 0.003 -20"><span class='ocrx_word' id='word_1_177' title='bbox 301 2316 531 2368; x_wconf 83' lang='lat' dir='ltr'><strong>cordiam</strong></span> <span class='ocrx_word' id='word_1_178' title='bbox 583 2327 911 2385; x_wconf 76' lang='lat' dir='ltr'><strong>consequutus</strong></span> <span class='ocrx_word' id='word_1_179' title='bbox 956 2333 975 2370; x_wconf 90' lang='lat'><strong><em>:</em></strong></span> <span class='ocrx_word' id='word_1_180' title='bbox 1024 2331 1232 2387; x_wconf 89' lang='lat' dir='ltr'><strong>eoque,</strong></span> <span class='ocrx_word' id='word_1_181' title='bbox 1287 2317 1426 2386; x_wconf 87' lang='lat' dir='ltr'><strong>quod</strong></span> <span class='ocrx_word' id='word_1_182' title='bbox 1477 2316 1651 2371; x_wconf 89' lang='lat' dir='ltr'><strong>minus</strong></span> <span class='ocrx_word' id='word_1_183' title='bbox 1700 2324 1877 2383; x_wconf 88' lang='lat' dir='ltr'><strong>esset,</strong></span> 
     </span>
    </p>
   </div>
   <div class='ocr_carea' id='block_1_25' title="bbox 305 2405 1877 2475">
    <p class='ocr_par' dir='ltr' id='par_1_25' title="bbox 305 2405 1877 2475">
     <span class='ocr_line' id='line_1_25' title="bbox 305 2405 1877 2475; baseline 0.003 -17"><span class='ocrx_word' id='word_1_184' title='bbox 305 2405 613 2475; x_wconf 87' lang='lat' dir='ltr'><strong>proposito;</strong></span> <span class='ocrx_word' id='word_1_185' title='bbox 645 2421 768 2460; x_wconf 90' lang='lat' dir='ltr'><strong>nam</strong></span> <span class='ocrx_word' id='word_1_186' title='bbox 816 2407 992 2461; x_wconf 89' lang='lat' dir='ltr'><strong>minus</strong></span> <span class='ocrx_word' id='word_1_187' title='bbox 1038 2417 1120 2462; x_wconf 82' lang='lat' dir='ltr'><strong>est</strong></span> <span class='ocrx_word' id='word_1_188' title='bbox 1166 2407 1372 2461; x_wconf 89' lang='lat' dir='ltr'><strong>ﬁdelem</strong></span> <span class='ocrx_word' id='word_1_189' title='bbox 1402 2406 1678 2462; x_wconf 80' lang='lat' dir='ltr'><strong>dumtaxat</strong></span> <span class='ocrx_word' id='word_1_190' title='bbox 1721 2422 1877 2473; x_wconf 88' lang='lat' dir='ltr'><strong>esse,</strong></span> 
     </span>
    </p>
   </div>
   <div class='ocr_carea' id='block_1_26' title="bbox 302 2495 1881 2567">
    <p class='ocr_par' dir='ltr' id='par_1_26' title="bbox 302 2495 1881 2567">
     <span class='ocr_line' id='line_1_26' title="bbox 302 2495 1881 2567; baseline 0.004 -21"><span class='ocrx_word' id='word_1_191' title='bbox 302 2511 461 2565; x_wconf 88' lang='lat' dir='ltr'><strong>quam</strong></span> <span class='ocrx_word' id='word_1_192' title='bbox 511 2495 743 2551; x_wconf 88' lang='lat' dir='ltr'><strong>ﬁdelium</strong></span> <span class='ocrx_word' id='word_1_193' title='bbox 788 2498 1117 2566; x_wconf 88' lang='lat' dir='ltr'><strong>magistrum.</strong></span> <span class='ocrx_word' id='word_1_194' title='bbox 1159 2497 1436 2567; x_wconf 80' lang='lat' dir='ltr'><strong>Aliamque</strong></span> <span class='ocrx_word' id='word_1_195' title='bbox 1478 2512 1685 2551; x_wconf 90' lang='lat' dir='ltr'><strong>rursum</strong></span> <span class='ocrx_word' id='word_1_196' title='bbox 1731 2506 1881 2553; x_wconf 87' lang='lat' dir='ltr'><strong>exte-</strong></span> 
     </span>
    </p>
   </div>
   <div class='ocr_carea' id='block_1_27' title="bbox 305 2584 1883 2653">
    <p class='ocr_par' dir='ltr' id='par_1_27' title="bbox 305 2584 1883 2653">
     <span class='ocr_line' id='line_1_27' title="bbox 305 2584 1883 2653; baseline 0.002 -15"><span class='ocrx_word' id='word_1_197' title='bbox 305 2585 608 2639; x_wconf 86' lang='lat' dir='ltr'><strong>nuationem</strong></span> <span class='ocrx_word' id='word_1_198' title='bbox 636 2584 934 2641; x_wconf 86' lang='lat' dir='ltr'><strong>meditatur.</strong></span> <span class='ocrx_word' id='word_1_199' title='bbox 970 2585 1264 2653; x_wconf 83' lang='lat' dir='ltr'><strong>Quamnam</strong></span> <span class='ocrx_word' id='word_1_200' title='bbox 1286 2586 1308 2639; x_wconf 71' lang='lat'><strong>7</strong></span> <span class='ocrx_word' id='word_1_201' title='bbox 1333 2585 1448 2640; x_wconf 87' lang='lat' dir='ltr'><strong>Non</strong></span> <span class='ocrx_word' id='word_1_202' title='bbox 1474 2586 1586 2652; x_wconf 91' lang='lat' dir='ltr'><strong>ait,</strong></span> <span class='ocrx_word' id='word_1_203' title='bbox 1619 2586 1685 2641; x_wconf 90' lang='lat' dir='ltr'><strong>Ut</strong></span> <span class='ocrx_word' id='word_1_204' title='bbox 1712 2585 1883 2642; x_wconf 86' lang='lat' dir='ltr'><strong>ﬁdelis</strong></span> 
     </span>
    </p>
   </div>
   <div class='ocr_carea' id='block_1_28' title="bbox 303 2675 1880 2746">
    <p class='ocr_par' dir='ltr' id='par_1_28' title="bbox 303 2675 1880 2746">
     <span class='ocr_line' id='line_1_28' title="bbox 303 2675 1880 2746; baseline 0.001 -16"><span class='ocrx_word' id='word_1_205' title='bbox 303 2675 525 2730; x_wconf 84' lang='lat' dir='ltr'><strong>ell&#39;ectus</strong></span> <span class='ocrx_word' id='word_1_206' title='bbox 547 2718 562 2740; x_wconf 96' lang='lat'><strong>,</strong></span> <span class='ocrx_word' id='word_1_207' title='bbox 594 2676 687 2732; x_wconf 88' lang='lat' dir='ltr'><strong>sed</strong></span> <span class='ocrx_word' id='word_1_208' title='bbox 709 2718 725 2742; x_wconf 94' lang='lat'><strong>,</strong></span> <span class='ocrx_word' id='word_1_209' title='bbox 756 2676 1023 2744; x_wconf 86' lang='lat' dir='ltr'><strong>Tanquam</strong></span> <span class='ocrx_word' id='word_1_210' title='bbox 1069 2678 1463 2732; x_wconf 86' lang='lat' dir='ltr'><strong>misericordiam</strong></span> <span class='ocrx_word' id='word_1_211' title='bbox 1513 2689 1841 2746; x_wconf 81' lang='lat' dir='ltr'><strong>consequutus</strong></span> <span class='ocrx_word' id='word_1_212' title='bbox 1863 2718 1880 2745; x_wconf 91' lang='lat'><strong>,</strong></span> 
     </span>
    </p>
   </div>
   <div class='ocr_carea' id='block_1_29' title="bbox 306 2763 1879 2838">
    <p class='ocr_par' dir='ltr' id='par_1_29' title="bbox 306 2763 1879 2838">
     <span class='ocr_line' id='line_1_29' title="bbox 306 2763 1879 2838; baseline 0.003 -20"><span class='ocrx_word' id='word_1_213' title='bbox 306 2776 362 2819; x_wconf 87' lang='lat' dir='ltr'><strong>ut</strong></span> <span class='ocrx_word' id='word_1_214' title='bbox 385 2763 480 2819; x_wconf 84' lang='lat' dir='ltr'><strong>sim</strong></span> <span class='ocrx_word' id='word_1_215' title='bbox 502 2766 685 2834; x_wconf 83' lang='lat' dir='ltr'><strong>ﬁdelis.</strong></span> <span class='ocrx_word' id='word_1_216' title='bbox 711 2766 788 2822; x_wconf 83' lang='lat' dir='ltr'><strong>Ne</strong></span> <span class='ocrx_word' id='word_1_217' title='bbox 810 2768 1161 2838; x_wconf 88' lang='lat' dir='ltr'><strong>apostolatum</strong></span> <span class='ocrx_word' id='word_1_218' title='bbox 1190 2770 1359 2825; x_wconf 89' lang='lat' dir='ltr'><strong>solum</strong></span> <span class='ocrx_word' id='word_1_219' title='bbox 1386 2810 1400 2833; x_wconf 91' lang='lat'><strong>,</strong></span> <span class='ocrx_word' id='word_1_220' title='bbox 1430 2769 1879 2838; x_wconf 71' lang='lat' dir='ltr'><strong>pradicationem,</strong></span> 
     </span>
    </p>
   </div>
   <div class='ocr_carea' id='block_1_30' title="bbox 305 2857 1881 2931">
    <p class='ocr_par' dir='ltr' id='par_1_30' title="bbox 305 2857 1881 2931">
     <span class='ocr_line' id='line_1_30' title="bbox 305 2857 1881 2931; baseline 0.004 -23"><span class='ocrx_word' id='word_1_221' title='bbox 305 2864 363 2910; x_wconf 84' lang='lat' dir='ltr'><strong>et</strong></span> <span class='ocrx_word' id='word_1_222' title='bbox 390 2857 745 2926; x_wconf 75' lang='lat' dir='ltr'><strong>magisterium</strong></span> <span class='ocrx_word' id='word_1_223' title='bbox 777 2858 871 2913; x_wconf 86' lang='lat' dir='ltr'><strong>Dei</strong></span> <span class='ocrx_word' id='word_1_224' title='bbox 901 2859 1273 2914; x_wconf 72' lang='lat' dir='ltr'><strong>muniﬁcentiae</strong></span> <span class='ocrx_word' id='word_1_225' title='bbox 1300 2868 1477 2929; x_wconf 90' lang='lat' dir='ltr'><strong>putate</strong></span> <span class='ocrx_word' id='word_1_226' title='bbox 1509 2876 1523 2912; x_wconf 91' lang='lat'><strong>:</strong></span> <span class='ocrx_word' id='word_1_227' title='bbox 1557 2876 1679 2915; x_wconf 91' lang='lat' dir='ltr'><strong>nam</strong></span> <span class='ocrx_word' id='word_1_228' title='bbox 1709 2862 1881 2931; x_wconf 87' lang='lat' dir='ltr'><strong>ipsum</strong></span> 
     </span>
    </p>
   </div>
   <div class='ocr_carea' id='block_1_31' title="bbox 305 2946 1879 3018">
    <p class='ocr_par' dir='ltr' id='par_1_31' title="bbox 305 2946 1879 3018">
     <span class='ocr_line' id='line_1_31' title="bbox 305 2946 1879 3018; baseline 0.004 -18"><span class='ocrx_word' id='word_1_229' title='bbox 305 2946 467 3001; x_wconf 83' lang='lat' dir='ltr'><strong>etiam</strong></span> <span class='ocrx_word' id='word_1_230' title='bbox 492 2946 712 3006; x_wconf 90' lang='lat' dir='ltr'><strong>credere</strong></span> <span class='ocrx_word' id='word_1_231' title='bbox 740 2948 868 3003; x_wconf 90' lang='lat' dir='ltr'><strong>mihi</strong></span> <span class='ocrx_word' id='word_1_232' title='bbox 894 2951 1009 3018; x_wconf 88' lang='lat' dir='ltr'><strong>ejus</strong></span> <span class='ocrx_word' id='word_1_233' title='bbox 1036 2950 1396 3005; x_wconf 88' lang='lat' dir='ltr'><strong>misericordia</strong></span> <span class='ocrx_word' id='word_1_234' title='bbox 1422 2966 1734 3007; x_wconf 90' lang='lat' dir='ltr'><strong>concessum</strong></span> <span class='ocrx_word' id='word_1_235' title='bbox 1761 2962 1879 3009; x_wconf 91' lang='lat' dir='ltr'><strong>est:</strong></span> 
     </span>
    </p>
   </div>
   <div class='ocr_carea' id='block_1_32' title="bbox 305 3032 1879 3112">
    <p class='ocr_par' dir='ltr' id='par_1_32' title="bbox 305 3032 1879 3112">
     <span class='ocr_line' id='line_1_32' title="bbox 305 3032 1879 3112; baseline 0.006 -21"><span class='ocrx_word' id='word_1_236' title='bbox 305 3032 423 3091; x_wconf 82' lang='lat' dir='ltr'><strong>Non</strong></span> <span class='ocrx_word' id='word_1_237' title='bbox 454 3037 616 3104; x_wconf 90' lang='lat' dir='ltr'><strong>enim,</strong></span> <span class='ocrx_word' id='word_1_238' title='bbox 650 3037 837 3107; x_wconf 89' lang='lat' dir='ltr'><strong>inquit,</strong></span> <span class='ocrx_word' id='word_1_239' title='bbox 865 3039 1005 3109; x_wconf 90' lang='lat' dir='ltr'><strong>quod</strong></span> <span class='ocrx_word' id='word_1_240' title='bbox 1033 3039 1221 3111; x_wconf 90' lang='lat' dir='ltr'><strong>dignus</strong></span> <span class='ocrx_word' id='word_1_241' title='bbox 1249 3056 1442 3109; x_wconf 89' lang='lat' dir='ltr'><strong>essem,</strong></span> <span class='ocrx_word' id='word_1_242' title='bbox 1477 3041 1633 3097; x_wconf 86' lang='lat' dir='ltr'><strong>fidem</strong></span> <span class='ocrx_word' id='word_1_243' title='bbox 1661 3043 1838 3112; x_wconf 89' lang='lat' dir='ltr'><strong>accepi</strong></span> <span class='ocrx_word' id='word_1_244' title='bbox 1864 3059 1879 3109; x_wconf 89' lang='lat'><strong>;</strong></span> 
     </span>
    </p>
   </div>
   <div class='ocr_carea' id='block_1_33' title="bbox 306 3129 1882 3203">
    <p class='ocr_par' dir='ltr' id='par_1_33' title="bbox 306 3129 1882 3203">
     <span class='ocr_line' id='line_1_33' title="bbox 306 3129 1882 3203; baseline 0.003 -19"><span class='ocrx_word' id='word_1_245' title='bbox 306 3129 401 3184; x_wconf 90' lang='lat' dir='ltr'><strong>sed</strong></span> <span class='ocrx_word' id='word_1_246' title='bbox 429 3129 569 3200; x_wconf 89' lang='lat' dir='ltr'><strong>quod</strong></span> <span class='ocrx_word' id='word_1_247' title='bbox 598 3130 1015 3186; x_wconf 90' lang='lat' dir='ltr'><strong>misericordiam</strong></span> <span class='ocrx_word' id='word_1_248' title='bbox 1044 3132 1145 3187; x_wconf 82' lang='lat' dir='ltr'><strong>sint</strong></span> <span class='ocrx_word' id='word_1_249' title='bbox 1171 3142 1547 3203; x_wconf 88' lang='lat' dir='ltr'><strong>consequutus.</strong></span> <span class='ocrx_word' id='word_1_250' title='bbox 1578 3133 1882 3189; x_wconf 82' lang='lat' dir='ltr'><strong>Misericor-</strong></span> 
     </span>
    </p>
   </div>
   <div class='ocr_carea' id='block_1_34' title="bbox 306 3217 1882 3297">
    <p class='ocr_par' dir='ltr' id='par_1_34' title="bbox 306 3217 1882 3297">
     <span class='ocr_line' id='line_1_34' title="bbox 306 3217 1882 3297; baseline 0.004 -22"><span class='ocrx_word' id='word_1_251' title='bbox 306 3217 395 3275; x_wconf 85' lang='lat' dir='ltr'><strong>dia</strong></span> <span class='ocrx_word' id='word_1_252' title='bbox 441 3230 616 3276; x_wconf 88' lang='lat' dir='ltr'><strong>autem</strong></span> <span class='ocrx_word' id='word_1_253' title='bbox 664 3223 847 3292; x_wconf 68' lang='lat' dir='ltr'><strong>gratia:</strong></span> <span class='ocrx_word' id='word_1_254' title='bbox 891 3231 1011 3288; x_wconf 90' lang='lat' dir='ltr'><strong>est,</strong></span> <span class='ocrx_word' id='word_1_255' title='bbox 1044 3240 1148 3279; x_wconf 92' lang='lat' dir='ltr'><strong>non</strong></span> <span class='ocrx_word' id='word_1_256' title='bbox 1194 3240 1261 3281; x_wconf 89' lang='lat' dir='ltr'><strong>ex</strong></span> <span class='ocrx_word' id='word_1_257' title='bbox 1311 3226 1520 3280; x_wconf 85' lang='lat' dir='ltr'><strong>merito.</strong></span> <span class='ocrx_word' id='word_1_258' title='bbox 1554 3225 1734 3297; x_wconf 89' lang='lat' dir='ltr'><strong>Itaque</strong></span> <span class='ocrx_word' id='word_1_259' title='bbox 1781 3227 1882 3283; x_wconf 89' lang='lat' dir='ltr'><strong>nisi</strong></span> 
     </span>
    </p>
   </div>
   <div class='ocr_carea' id='block_1_35' title="bbox 308 3314 1880 3389">
    <p class='ocr_par' dir='ltr' id='par_1_35' title="bbox 308 3314 1880 3389">
     <span class='ocr_line' id='line_1_35' title="bbox 308 3314 1880 3389; baseline 0.006 -23"><span class='ocrx_word' id='word_1_260' title='bbox 308 3314 531 3367; x_wconf 87' lang='lat' dir='ltr'><strong>multum</strong></span> <span class='ocrx_word' id='word_1_261' title='bbox 559 3314 858 3370; x_wconf 89' lang='lat' dir='ltr'><strong>misericors</strong></span> <span class='ocrx_word' id='word_1_262' title='bbox 881 3326 1022 3371; x_wconf 88' lang='lat' dir='ltr'><strong>esset</strong></span> <span class='ocrx_word' id='word_1_263' title='bbox 1044 3317 1203 3386; x_wconf 87' lang='lat' dir='ltr'><strong>Deus,</strong></span> <span class='ocrx_word' id='word_1_264' title='bbox 1230 3333 1333 3371; x_wconf 92' lang='lat' dir='ltr'><strong>non</strong></span> <span class='ocrx_word' id='word_1_265' title='bbox 1362 3327 1562 3373; x_wconf 89' lang='lat' dir='ltr'><strong>tantum</strong></span> <span class='ocrx_word' id='word_1_266' title='bbox 1588 3320 1880 3389; x_wconf 82' lang='lat' dir='ltr'><strong>apostolus,</strong></span> 
     </span>
    </p>
   </div>
   <div class='ocr_carea' id='block_1_36' title="bbox 306 3401 1883 3478">
    <p class='ocr_par' dir='ltr' id='par_1_36' title="bbox 306 3401 1883 3478">
     <span class='ocr_line' id='line_1_36' title="bbox 306 3401 1883 3478; baseline 0.007 -22"><span class='ocrx_word' id='word_1_267' title='bbox 306 3401 403 3456; x_wconf 88' lang='lat' dir='ltr'><strong>scd</strong></span> <span class='ocrx_word' id='word_1_268' title='bbox 431 3418 498 3458; x_wconf 90' lang='lat' dir='ltr'><strong>ne</strong></span> <span class='ocrx_word' id='word_1_269' title='bbox 515 3401 681 3459; x_wconf 85' lang='lat' dir='ltr'><strong>ﬁdelis</strong></span> <span class='ocrx_word' id='word_1_270' title='bbox 697 3405 907 3475; x_wconf 86' lang='lat' dir='ltr'><strong>quidem</strong></span> <span class='ocrx_word' id='word_1_271' title='bbox 926 3422 1175 3477; x_wconf 89' lang='lat' dir='ltr'><strong>umquam</strong></span> <span class='ocrx_word' id='word_1_272' title='bbox 1203 3407 1340 3464; x_wconf 83' lang='lat' dir='ltr'><strong>efﬁci</strong></span> <span class='ocrx_word' id='word_1_273' title='bbox 1370 3411 1677 3478; x_wconf 89' lang='lat' dir='ltr'><strong>potuissem.</strong></span> <span class='ocrx_word' id='word_1_274' title='bbox 1697 3411 1883 3467; x_wconf 83' lang='lat' dir='ltr'><strong>Viden’</strong></span> 
     </span>
    </p>
   </div>
   <div class='ocr_carea' id='block_1_37' title="bbox 307 3494 1882 3568">
    <p class='ocr_par' dir='ltr' id='par_1_37' title="bbox 307 3494 1882 3568">
     <span class='ocr_line' id='line_1_37' title="bbox 307 3494 1882 3568; baseline 0.008 -24"><span class='ocrx_word' id='word_1_275' title='bbox 307 3494 450 3547; x_wconf 81' lang='lat' dir='ltr'><strong>servi</strong></span> <span class='ocrx_word' id='word_1_276' title='bbox 477 3502 681 3563; x_wconf 88' lang='lat' dir='ltr'><strong>gratum</strong></span> <span class='ocrx_word' id='word_1_277' title='bbox 723 3499 956 3550; x_wconf 91' lang='lat' dir='ltr'><strong>animum</strong></span> <span class='ocrx_word' id='word_1_278' title='bbox 1002 3506 1159 3568; x_wconf 88' lang='lat' dir='ltr'><strong>atque</strong></span> <span class='ocrx_word' id='word_1_279' title='bbox 1186 3500 1470 3554; x_wconf 90' lang='lat' dir='ltr'><strong>contritum</strong></span> <span class='ocrx_word' id='word_1_280' title='bbox 1495 3541 1509 3565; x_wconf 97' lang='lat'><strong>,</strong></span> <span class='ocrx_word' id='word_1_281' title='bbox 1540 3512 1598 3556; x_wconf 90' lang='grc' dir='ltr'><strong>ιιι</strong></span> <span class='ocrx_word' id='word_1_282' title='bbox 1625 3501 1752 3556; x_wconf 88' lang='lat' dir='ltr'><strong>nihil</strong></span> <span class='ocrx_word' id='word_1_283' title='bbox 1781 3502 1882 3557; x_wconf 90' lang='lat' dir='ltr'><strong>sibi</strong></span> 
     </span>
    </p>
   </div>
   <div class='ocr_carea' id='block_1_38' title="bbox 305 3583 1882 3660">
    <p class='ocr_par' dir='ltr' id='par_1_38' title="bbox 305 3583 1882 3660">
     <span class='ocr_line' id='line_1_38' title="bbox 305 3583 1882 3660; baseline 0.008 -25"><span class='ocrx_word' id='word_1_284' title='bbox 305 3583 515 3636; x_wconf 51' lang='lat' dir='ltr'><strong>ueteris</strong></span> <span class='ocrx_word' id='word_1_285' title='bbox 547 3583 660 3652; x_wconf 89' lang='lat' dir='ltr'><strong>plus</strong></span> <span class='ocrx_word' id='word_1_286' title='bbox 702 3596 948 3656; x_wconf 87' lang='lat' dir='ltr'><strong>arroget;</strong></span> <span class='ocrx_word' id='word_1_287' title='bbox 978 3587 1105 3657; x_wconf 91' lang='lat' dir='ltr'><strong>quin</strong></span> <span class='ocrx_word' id='word_1_288' title='bbox 1156 3588 1204 3641; x_wconf 92' lang='lat' dir='ltr'><strong>id</strong></span> <span class='ocrx_word' id='word_1_289' title='bbox 1250 3590 1407 3645; x_wconf 89' lang='lat' dir='ltr'><strong>etiam</strong></span> <span class='ocrx_word' id='word_1_290' title='bbox 1453 3590 1592 3660; x_wconf 90' lang='lat' dir='ltr'><strong>quod</strong></span> <span class='ocrx_word' id='word_1_291' title='bbox 1620 3591 1719 3645; x_wconf 91' lang='lat' dir='ltr'><strong>sibi</strong></span> <span class='ocrx_word' id='word_1_292' title='bbox 1763 3606 1882 3647; x_wconf 91' lang='lat' dir='ltr'><strong>cum</strong></span> 
     </span>
    </p>
   </div>
   <div class='ocr_carea' id='block_1_39' title="bbox 307 3670 1880 3752">
    <p class='ocr_par' dir='ltr' id='par_1_39' title="bbox 307 3670 1880 3752">
     <span class='ocr_line' id='line_1_39' title="bbox 307 3670 1880 3752; baseline 0.007 -28"><span class='ocrx_word' id='word_1_293' title='bbox 307 3670 582 3741; x_wconf 78' lang='lat' dir='ltr'><strong>discipulis</strong></span> <span class='ocrx_word' id='word_1_294' title='bbox 605 3689 885 3730; x_wconf 87' lang='lat' dir='ltr'><strong>commune</strong></span> <span class='ocrx_word' id='word_1_295' title='bbox 910 3685 1089 3743; x_wconf 88' lang='lat' dir='ltr'><strong>esset,</strong></span> <span class='ocrx_word' id='word_1_296' title='bbox 1120 3676 1277 3733; x_wconf 86' lang='lat' dir='ltr'><strong>ﬁdem</strong></span> <span class='ocrx_word' id='word_1_297' title='bbox 1303 3720 1318 3744; x_wconf 91' lang='lat'><strong>,</strong></span> <span class='ocrx_word' id='word_1_298' title='bbox 1346 3694 1500 3735; x_wconf 85' lang='lat' dir='ltr'><strong>suum</strong></span> <span class='ocrx_word' id='word_1_299' title='bbox 1531 3695 1651 3736; x_wconf 89' lang='lat' dir='ltr'><strong>esse</strong></span> <span class='ocrx_word' id='word_1_300' title='bbox 1688 3691 1843 3752; x_wconf 81' lang='lat' dir='ltr'><strong>neget</strong></span> <span class='ocrx_word' id='word_1_301' title='bbox 1862 3722 1880 3749; x_wconf 94' lang='lat'><strong>,</strong></span> 
     </span>
    </p>
   </div>
   <div class='ocr_carea' id='block_1_40' title="bbox 308 3761 1883 3839">
    <p class='ocr_par' dir='ltr' id='par_1_40' title="bbox 308 3761 1883 3839">
     <span class='ocr_line' id='line_1_40' title="bbox 308 3761 1883 3839; baseline 0.006 -21"><span class='ocrx_word' id='word_1_302' title='bbox 308 3761 406 3818; x_wconf 87' lang='lat' dir='ltr'><strong>sed</strong></span> <span class='ocrx_word' id='word_1_303' title='bbox 456 3762 550 3818; x_wconf 87' lang='lat' dir='ltr'><strong>Dei</strong></span> <span class='ocrx_word' id='word_1_304' title='bbox 601 3766 976 3823; x_wconf 69' lang='lat' dir='ltr'><strong>misericordia:</strong></span> <span class='ocrx_word' id='word_1_305' title='bbox 1021 3778 1075 3823; x_wconf 91' lang='lat' dir='ltr'><strong>et</strong></span> <span class='ocrx_word' id='word_1_306' title='bbox 1122 3770 1347 3839; x_wconf 78' lang='lat' dir='ltr'><strong>gratiae?</strong></span> <span class='ocrx_word' id='word_1_307' title='bbox 1395 3770 1533 3825; x_wconf 80' lang='lat' dir='ltr'><strong>idem</strong></span> <span class='ocrx_word' id='word_1_308' title='bbox 1581 3772 1661 3825; x_wconf 91' lang='lat' dir='ltr'><strong>his</strong></span> <span class='ocrx_word' id='word_1_309' title='bbox 1710 3773 1883 3827; x_wconf 83' lang='lat' dir='ltr'><strong>verbis</strong></span> 
     </span>
    </p>
   </div>
   <div class='ocr_carea' id='block_1_41' title="bbox 308 3854 1882 3930">
    <p class='ocr_par' dir='ltr' id='par_1_41' title="bbox 308 3854 1882 3930">
     <span class='ocr_line' id='line_1_41' title="bbox 308 3854 1882 3930; baseline 0.006 -22"><span class='ocrx_word' id='word_1_310' title='bbox 308 3854 615 3925; x_wconf 85' lang='lat' dir='ltr'><strong>signiﬁcans</strong></span> <span class='ocrx_word' id='word_1_311' title='bbox 653 3872 716 3911; x_wconf 91' lang='lat' dir='ltr'><strong>ac</strong></span> <span class='ocrx_word' id='word_1_312' title='bbox 741 3858 786 3913; x_wconf 88' lang='lat' dir='ltr'><strong>si</strong></span> <span class='ocrx_word' id='word_1_313' title='bbox 826 3857 1031 3915; x_wconf 86' lang='lat' dir='ltr'><strong>diceret</strong></span> <span class='ocrx_word' id='word_1_314' title='bbox 1062 3878 1074 3912; x_wconf 91' lang='lat'><strong>:</strong></span> <span class='ocrx_word' id='word_1_315' title='bbox 1107 3860 1183 3915; x_wconf 80' lang='lat' dir='ltr'><strong>Nc</strong></span> <span class='ocrx_word' id='word_1_316' title='bbox 1209 3861 1563 3930; x_wconf 80' lang='lat' dir='ltr'><strong>dedignamini</strong></span> <span class='ocrx_word' id='word_1_317' title='bbox 1603 3864 1882 3918; x_wconf 89' lang='lat' dir='ltr'><strong>consilium</strong></span> 
     </span>
    </p>
   </div>
   <div class='ocr_carea' id='block_1_42' title="bbox 308 3945 1882 4018">
    <p class='ocr_par' dir='ltr' id='par_1_42' title="bbox 308 3945 1882 4018">
     <span class='ocr_line' id='line_1_42' title="bbox 308 3945 1882 4018; baseline 0.008 -22"><span class='ocrx_word' id='word_1_318' title='bbox 308 3958 341 3997; x_wconf 87' lang='lat' dir='ltr'><strong>a</strong></span> <span class='ocrx_word' id='word_1_319' title='bbox 388 3959 472 3999; x_wconf 89' lang='lat' dir='ltr'><strong>tne</strong></span> <span class='ocrx_word' id='word_1_320' title='bbox 519 3945 792 4016; x_wconf 87' lang='lat' dir='ltr'><strong>recipere;</strong></span> <span class='ocrx_word' id='word_1_321' title='bbox 841 3965 1012 4018; x_wconf 90' lang='lat' dir='ltr'><strong>neque</strong></span> <span class='ocrx_word' id='word_1_322' title='bbox 1039 3952 1181 4004; x_wconf 88' lang='lat' dir='ltr'><strong>enim</strong></span> <span class='ocrx_word' id='word_1_323' title='bbox 1212 3968 1297 4006; x_wconf 90' lang='lat' dir='ltr'><strong>me</strong></span> <span class='ocrx_word' id='word_1_324' title='bbox 1344 3952 1479 4008; x_wconf 89' lang='lat' dir='ltr'><strong>Deus</strong></span> <span class='ocrx_word' id='word_1_325' title='bbox 1523 3954 1882 4009; x_wconf 89' lang='lat' dir='ltr'><strong>misericordia</strong></span> 
     </span>
    </p>
   </div>
   <div class='ocr_carea' id='block_1_43' title="bbox 310 4034 1882 4114">
    <p class='ocr_par' dir='ltr' id='par_1_43' title="bbox 310 4034 1882 4114">
     <span class='ocr_line' id='line_1_43' title="bbox 310 4034 1882 4114; baseline 0.008 -27"><span class='ocrx_word' id='word_1_326' title='bbox 310 4050 409 4088; x_wconf 89' lang='lat' dir='ltr'><strong>sua</strong></span> <span class='ocrx_word' id='word_1_327' title='bbox 450 4034 763 4106; x_wconf 90' lang='lat' dir='ltr'><strong>dedignatus</strong></span> <span class='ocrx_word' id='word_1_328' title='bbox 788 4047 888 4092; x_wconf 84' lang='lat' dir='ltr'><strong>est.</strong></span> <span class='ocrx_word' id='word_1_329' title='bbox 918 4039 981 4094; x_wconf 83' lang='lat' dir='ltr'><strong>Et</strong></span> <span class='ocrx_word' id='word_1_330' title='bbox 1006 4041 1200 4111; x_wconf 88' lang='lat' dir='ltr'><strong>alioqui</strong></span> <span class='ocrx_word' id='word_1_331' title='bbox 1230 4043 1505 4097; x_wconf 86' lang='lat' dir='ltr'><strong>consilium</strong></span> <span class='ocrx_word' id='word_1_332' title='bbox 1531 4045 1702 4114; x_wconf 66' lang='lat' dir='ltr'><strong>agitur</strong></span> <span class='ocrx_word' id='word_1_333' title='bbox 1722 4085 1739 4112; x_wconf 91' lang='lat'><strong>,</strong></span> <span class='ocrx_word' id='word_1_334' title='bbox 1779 4061 1882 4100; x_wconf 93' lang='lat' dir='ltr'><strong>non</strong></span> 
     </span>
    </p>
   </div>
   <div class='ocr_carea' id='block_1_44' title="bbox 311 4126 1885 4198">
    <p class='ocr_par' dir='ltr' id='par_1_44' title="bbox 311 4126 1885 4198">
     <span class='ocr_line' id='line_1_44' title="bbox 311 4126 1885 4198; baseline 0.008 -21"><span class='ocrx_word' id='word_1_335' title='bbox 311 4137 630 4194; x_wconf 70' lang='lat' dir='ltr'><strong>prteccptum</strong></span> <span class='ocrx_word' id='word_1_336' title='bbox 682 4143 695 4180; x_wconf 91' lang='lat'><strong>:</strong></span> <span class='ocrx_word' id='word_1_337' title='bbox 746 4126 955 4184; x_wconf 80' lang='lat' dir='ltr'><strong>Etenim</strong></span> <span class='ocrx_word' id='word_1_338' title='bbox 1005 4133 1262 4198; x_wconf 89' lang='lat' dir='ltr'><strong>consulo,</strong></span> <span class='ocrx_word' id='word_1_339' title='bbox 1309 4148 1413 4188; x_wconf 91' lang='lat' dir='ltr'><strong>non</strong></span> <span class='ocrx_word' id='word_1_340' title='bbox 1462 4136 1662 4191; x_wconf 90' lang='lat' dir='ltr'><strong>sancio.</strong></span> <span class='ocrx_word' id='word_1_341' title='bbox 1717 4136 1885 4192; x_wconf 84' lang='lat' dir='ltr'><strong>Porro</strong></span> 
     </span>
    </p>
   </div>
   <div class='ocr_carea' id='block_1_45' title="bbox 312 4214 1886 4295">
    <p class='ocr_par' dir='ltr' id='par_1_45' title="bbox 312 4214 1886 4295">
     <span class='ocr_line' id='line_1_45' title="bbox 312 4214 1886 4295; baseline 0.01 -29"><span class='ocrx_word' id='word_1_342' title='bbox 312 4228 435 4281; x_wconf 75' lang='grc' dir='ltr'>ιιιιεε</span> <span class='ocrx_word' id='word_1_343' title='bbox 460 4214 648 4284; x_wconf 89' lang='lat' dir='ltr'><strong>cuique</strong></span> <span class='ocrx_word' id='word_1_344' title='bbox 686 4228 967 4273; x_wconf 91' lang='lat' dir='ltr'><strong>occurrant</strong></span> <span class='ocrx_word' id='word_1_345' title='bbox 993 4220 1137 4275; x_wconf 87' lang='lat' dir='ltr'><strong>utilia</strong></span> <span class='ocrx_word' id='word_1_346' title='bbox 1163 4262 1177 4287; x_wconf 93' lang='lat'><strong>,</strong></span> <span class='ocrx_word' id='word_1_347' title='bbox 1210 4224 1260 4277; x_wconf 91' lang='lat' dir='ltr'><strong>in</strong></span> <span class='ocrx_word' id='word_1_348' title='bbox 1291 4223 1523 4279; x_wconf 89' lang='lat' dir='ltr'><strong>medium</strong></span> <span class='ocrx_word' id='word_1_349' title='bbox 1552 4226 1786 4295; x_wconf 82' lang='lat' dir='ltr'><strong>proferre</strong></span> <span class='ocrx_word' id='word_1_350' title='bbox 1822 4240 1886 4281; x_wconf 86' lang='lat' dir='ltr'><strong>ac</strong></span> 
     </span>
    </p>
   </div>
   <div class='ocr_carea' id='block_1_46' title="bbox 312 4304 1885 4379">
    <p class='ocr_par' dir='ltr' id='par_1_46' title="bbox 312 4304 1885 4379">
     <span class='ocr_line' id='line_1_46' title="bbox 312 4304 1885 4379; baseline 0.01 -23"><span class='ocrx_word' id='word_1_351' title='bbox 312 4318 611 4373; x_wconf 71' lang='lat' dir='ltr'><strong>proponere</strong></span> <span class='ocrx_word' id='word_1_352' title='bbox 632 4304 773 4361; x_wconf 89' lang='lat' dir='ltr'><strong>nulla</strong></span> <span class='ocrx_word' id='word_1_353' title='bbox 790 4308 871 4363; x_wconf 88' lang='lat' dir='ltr'><strong>lex</strong></span> <span class='ocrx_word' id='word_1_354' title='bbox 891 4310 1151 4379; x_wconf 90' lang='lat' dir='ltr'><strong>prohibet,</strong></span> <span class='ocrx_word' id='word_1_355' title='bbox 1170 4314 1397 4369; x_wconf 77' lang='lat' dir='ltr'><strong>maxime</strong></span> <span class='ocrx_word' id='word_1_356' title='bbox 1412 4315 1496 4369; x_wconf 90' lang='lat' dir='ltr'><strong>ubi</strong></span> <span class='ocrx_word' id='word_1_357' title='bbox 1517 4314 1565 4369; x_wconf 92' lang='lat' dir='ltr'><strong>id</strong></span> <span class='ocrx_word' id='word_1_358' title='bbox 1585 4317 1885 4372; x_wconf 87' lang='lat' dir='ltr'><strong>auditorum</strong></span> 
     </span>
    </p>
   </div>
   <div class='ocr_carea' id='block_1_47' title="bbox 312 4394 1887 4470">
    <p class='ocr_par' dir='ltr' id='par_1_47' title="bbox 312 4394 1887 4470">
     <span class='ocr_line' id='line_1_47' title="bbox 312 4394 1887 4470; baseline 0.01 -24"><span class='ocrx_word' id='word_1_359' title='bbox 312 4402 500 4465; x_wconf 85' lang='lat' dir='ltr'><strong>rogatu</strong></span> <span class='ocrx_word' id='word_1_360' title='bbox 546 4394 637 4450; x_wconf 90' lang='lat' dir='ltr'><strong>ﬁat</strong></span> <span class='ocrx_word' id='word_1_361' title='bbox 669 4414 682 4450; x_wconf 89' lang='lat'><strong>:</strong></span> <span class='ocrx_word' id='word_1_362' title='bbox 712 4399 852 4468; x_wconf 91' lang='lat' dir='ltr'><strong>quod</strong></span> <span class='ocrx_word' id='word_1_363' title='bbox 897 4402 1105 4470; x_wconf 89' lang='lat' dir='ltr'><strong>quidem</strong></span> <span class='ocrx_word' id='word_1_364' title='bbox 1150 4414 1203 4458; x_wconf 92' lang='lat' dir='ltr'><strong>ct</strong></span> <span class='ocrx_word' id='word_1_365' title='bbox 1231 4405 1379 4461; x_wconf 87' lang='lat' dir='ltr'><strong>vobis</strong></span> <span class='ocrx_word' id='word_1_366' title='bbox 1422 4406 1632 4461; x_wconf 87' lang='lat' dir='ltr'><strong>accidit.</strong></span> <span class='ocrx_word' id='word_1_367' title='bbox 1659 4408 1887 4463; x_wconf 81' lang='lat' dir='ltr'><strong>Arbitror</strong></span> 
     </span>
    </p>
   </div>
   <div class='ocr_carea' id='block_1_48' title="bbox 312 4484 1883 4555">
    <p class='ocr_par' dir='ltr' id='par_1_48' title="bbox 312 4484 1883 4555">
     <span class='ocr_line' id='line_1_48' title="bbox 312 4484 1883 4555; baseline 0.011 -17"><span class='ocrx_word' id='word_1_368' title='bbox 312 4484 493 4553; x_wconf 82' lang='lat' dir='ltr'><strong>igitur,</strong></span> <span class='ocrx_word' id='word_1_369' title='bbox 512 4485 697 4555; x_wconf 78' lang='lat' dir='ltr'><strong>inquit,</strong></span> <span class='ocrx_word' id='word_1_370' title='bbox 718 4489 811 4542; x_wconf 84' lang='lat' dir='ltr'><strong>hoc</strong></span> <span class='ocrx_word' id='word_1_371' title='bbox 838 4490 1018 4544; x_wconf 87' lang='lat' dir='ltr'><strong>bonum</strong></span> <span class='ocrx_word' id='word_1_372' title='bbox 1039 4510 1163 4547; x_wconf 87' lang='lat' dir='ltr'><strong>esse.</strong></span> <span class='ocrx_word' id='word_1_373' title='bbox 1184 4494 1340 4551; x_wconf 86' lang='lat' dir='ltr'><strong>Vides</strong></span> <span class='ocrx_word' id='word_1_374' title='bbox 1364 4512 1573 4551; x_wconf 85' lang='lat' dir='ltr'><strong>rursum</strong></span> <span class='ocrx_word' id='word_1_375' title='bbox 1596 4498 1730 4554; x_wconf 82' lang='lat' dir='ltr'><strong>mod-</strong></span> <span class='ocrx_word' id='word_1_376' title='bbox 1751 4507 1883 4555; x_wconf 83' lang='lat' dir='ltr'><strong>stam</strong></span> 
     </span>
    </p>
   </div>
   <div class='ocr_carea' id='block_1_49' title="bbox 311 4577 1884 4661">
    <p class='ocr_par' dir='ltr' id='par_1_49' title="bbox 311 4577 1884 4661">
     <span class='ocr_line' id='line_1_49' title="bbox 311 4577 1884 4661; baseline 0.013 -36"><span class='ocrx_word' id='word_1_377' title='bbox 311 4577 631 4644; x_wconf 78' lang='lat' dir='ltr'><strong>orationem,</strong></span> <span class='ocrx_word' id='word_1_378' title='bbox 659 4580 726 4634; x_wconf 89' lang='lat' dir='ltr'><strong>ab</strong></span> <span class='ocrx_word' id='word_1_379' title='bbox 751 4582 1001 4652; x_wconf 91' lang='lat' dir='ltr'><strong>omnique</strong></span> <span class='ocrx_word' id='word_1_380' title='bbox 1027 4587 1339 4642; x_wconf 84' lang='lat' dir='ltr'><strong>auctoritate</strong></span> <span class='ocrx_word' id='word_1_381' title='bbox 1367 4589 1614 4644; x_wconf 89' lang='lat' dir='ltr'><strong>alienam.</strong></span> <span class='ocrx_word' id='word_1_382' title='bbox 1644 4590 1800 4661; x_wconf 79' lang='lat' dir='ltr'><strong>Atqui</strong></span> <span class='ocrx_word' id='word_1_383' title='bbox 1832 4592 1884 4646; x_wconf 94' lang='lat' dir='ltr'><strong>in</strong></span> 
     </span>
    </p>
   </div>
   <div class='ocr_carea' id='block_1_50' title="bbox 311 4667 1883 4747">
    <p class='ocr_par' dir='ltr' id='par_1_50' title="bbox 311 4667 1883 4747">
     <span class='ocr_line' id='line_1_50' title="bbox 311 4667 1883 4747; baseline 0.011 -28"><span class='ocrx_word' id='word_1_384' title='bbox 311 4667 453 4721; x_wconf 85' lang='lat' dir='ltr'><strong>hanc</strong></span> <span class='ocrx_word' id='word_1_385' title='bbox 486 4670 799 4725; x_wconf 88' lang='lat' dir='ltr'><strong>sententiam</strong></span> <span class='ocrx_word' id='word_1_386' title='bbox 824 4672 1087 4730; x_wconf 89' lang='lat' dir='ltr'><strong>disserere</strong></span> <span class='ocrx_word' id='word_1_387' title='bbox 1110 4676 1319 4732; x_wconf 90' lang='lat' dir='ltr'><strong>interim</strong></span> <span class='ocrx_word' id='word_1_388' title='bbox 1358 4679 1548 4733; x_wconf 80' lang='lat' dir='ltr'><strong>licebat</strong></span> <span class='ocrx_word' id='word_1_389' title='bbox 1580 4698 1593 4733; x_wconf 93' lang='lat'><strong>:</strong></span> <span class='ocrx_word' id='word_1_390' title='bbox 1626 4681 1883 4747; x_wconf 84' lang='lat' dir='ltr'><strong>Quoniam</strong></span> 
     </span>
    </p>
   </div>
   <div class='ocr_carea' id='block_1_51' title="bbox 313 4758 1880 4843">
    <p class='ocr_par' dir='ltr' id='par_1_51' title="bbox 313 4758 1880 4843">
     <span class='ocr_line' id='line_1_51' title="bbox 313 4758 1880 4843; baseline 0.008 -32"><span class='ocrx_word' id='word_1_391' title='bbox 313 4758 570 4814; x_wconf 80' lang='lat' dir='ltr'><strong>Dominus</strong></span> <span class='ocrx_word' id='word_1_392' title='bbox 596 4761 946 4832; x_wconf 85' lang='lat' dir='ltr'><strong>virginitatem</strong></span> <span class='ocrx_word' id='word_1_393' title='bbox 976 4780 1079 4820; x_wconf 94' lang='lat' dir='ltr'><strong>non</strong></span> <span class='ocrx_word' id='word_1_394' title='bbox 1106 4769 1373 4838; x_wconf 65' lang='lat' dir='ltr'><strong>praecepit,</strong></span> <span class='ocrx_word' id='word_1_395' title='bbox 1403 4770 1522 4825; x_wconf 89' lang='lat' dir='ltr'><strong>ideo</strong></span> <span class='ocrx_word' id='word_1_396' title='bbox 1550 4786 1722 4840; x_wconf 90' lang='lat' dir='ltr'><strong>neque</strong></span> <span class='ocrx_word' id='word_1_397' title='bbox 1745 4786 1844 4843; x_wconf 90' lang='lat' dir='ltr'><strong>ego</strong></span> <span class='ocrx_word' id='word_1_398' title='bbox 1868 4790 1880 4824; x_wconf 89' lang='lat'>:</span> 
     </span>
    </p>
   </div>
   <div class='ocr_carea' id='block_1_52' title="bbox 308 4851 1883 4932">
    <p class='ocr_par' dir='ltr' id='par_1_52' title="bbox 308 4851 1883 4932">
     <span class='ocr_line' id='line_1_52' title="bbox 308 4851 1883 4932; baseline 0.009 -29"><span class='ocrx_word' id='word_1_399' title='bbox 308 4851 535 4905; x_wconf 90' lang='lat' dir='ltr'><strong>consqu</strong></span> <span class='ocrx_word' id='word_1_400' title='bbox 580 4862 756 4908; x_wconf 91' lang='lat' dir='ltr'><strong>tamen</strong></span> <span class='ocrx_word' id='word_1_401' title='bbox 804 4869 868 4909; x_wconf 88' lang='lat' dir='ltr'><strong>ac</strong></span> <span class='ocrx_word' id='word_1_402' title='bbox 910 4855 1161 4913; x_wconf 85' lang='lat' dir='ltr'><strong>cohortor</strong></span> <span class='ocrx_word' id='word_1_403' title='bbox 1203 4858 1269 4914; x_wconf 91' lang='lat' dir='ltr'><strong>ad</strong></span> <span class='ocrx_word' id='word_1_404' title='bbox 1313 4860 1427 4929; x_wconf 92' lang='lat' dir='ltr'><strong>ejus</strong></span> <span class='ocrx_word' id='word_1_405' title='bbox 1474 4860 1745 4929; x_wconf 88' lang='lat' dir='ltr'><strong>studium,</strong></span> <span class='ocrx_word' id='word_1_406' title='bbox 1794 4864 1883 4932; x_wconf 90' lang='lat' dir='ltr'><strong>qui</strong></span> 
     </span>
    </p>
   </div>
   <div class='ocr_carea' id='block_1_53' title="bbox 308 4943 1886 5016">
    <p class='ocr_par' dir='ltr' id='par_1_53' title="bbox 308 4943 1886 5016">
     <span class='ocr_line' id='line_1_53' title="bbox 308 4943 1886 5016; baseline 0.009 -22"><span class='ocrx_word' id='word_1_407' title='bbox 308 4943 585 5010; x_wconf 87' lang='lat' dir='ltr'><strong>apostolus</strong></span> <span class='ocrx_word' id='word_1_408' title='bbox 626 4954 806 5001; x_wconf 88' lang='lat' dir='ltr'><strong>vester</strong></span> <span class='ocrx_word' id='word_1_409' title='bbox 849 4947 971 5002; x_wconf 87' lang='lat' dir='ltr'><strong>sim.</strong></span> <span class='ocrx_word' id='word_1_410' title='bbox 1017 4948 1470 5016; x_wconf 89' lang='lat' dir='ltr'><strong>Quemadmodum</strong></span> <span class='ocrx_word' id='word_1_411' title='bbox 1516 4960 1572 5005; x_wconf 92' lang='lat' dir='ltr'><strong>et</strong></span> <span class='ocrx_word' id='word_1_412' title='bbox 1616 4952 1747 5006; x_wconf 88' lang='lat' dir='ltr'><strong>infra</strong></span> <span class='ocrx_word' id='word_1_413' title='bbox 1792 4967 1886 5008; x_wconf 91' lang='lat' dir='ltr'><strong>eos</strong></span> 
     </span>
    </p>
   </div>
   <div class='ocr_carea' id='block_1_54' title="bbox 308 5031 1885 5111">
    <p class='ocr_par' dir='ltr' id='par_1_54' title="bbox 308 5031 1885 5111">
     <span class='ocr_line' id='line_1_54' title="bbox 308 5031 1885 5111; baseline 0.009 -26"><span class='ocrx_word' id='word_1_414' title='bbox 308 5031 589 5102; x_wconf 83' lang='lat' dir='ltr'><strong>alloquens</strong></span> <span class='ocrx_word' id='word_1_415' title='bbox 633 5036 744 5102; x_wconf 88' lang='lat' dir='ltr'><strong>ait,</strong></span> <span class='ocrx_word' id='word_1_416' title='bbox 791 5038 851 5092; x_wconf 89' lang='lat' dir='ltr'><strong>Si</strong></span> <span class='ocrx_word' id='word_1_417' title='bbox 892 5039 1006 5093; x_wconf 86' lang='lat' dir='ltr'><strong>aliis</strong></span> <span class='ocrx_word' id='word_1_418' title='bbox 1052 5057 1151 5094; x_wconf 89' lang='lat' dir='ltr'><strong>non</strong></span> <span class='ocrx_word' id='word_1_419' title='bbox 1180 5059 1290 5095; x_wconf 88' lang='lat' dir='ltr'><strong>sum</strong></span> <span class='ocrx_word' id='word_1_420' title='bbox 1332 5044 1628 5111; x_wconf 79' lang='lat' dir='ltr'><strong>apostolus,</strong></span> <span class='ocrx_word' id='word_1_421' title='bbox 1673 5055 1725 5097; x_wconf 89' lang='lat' dir='ltr'><strong>at</strong></span> <span class='ocrx_word' id='word_1_422' title='bbox 1755 5056 1885 5099; x_wconf 90' lang='lat' dir='ltr'><strong>certe</strong></span> 
     </span>
    </p>
   </div>
   <div class='ocr_carea' id='block_1_55' title="bbox 308 5123 1881 5202">
    <p class='ocr_par' dir='ltr' id='par_1_55' title="bbox 308 5123 1881 5202">
     <span class='ocr_line' id='line_1_55' title="bbox 308 5123 1881 5202; baseline 0.008 -25"><span class='ocrx_word' id='word_1_423' title='bbox 308 5123 448 5177; x_wconf 74' lang='lat' dir='ltr'><strong>vobis</strong></span> <span class='ocrx_word' id='word_1_424' title='bbox 470 5141 579 5178; x_wconf 87' lang='lat' dir='ltr'><strong>sum</strong></span> <span class='ocrx_word' id='word_1_425' title='bbox 605 5128 621 5192; x_wconf 94' lang='lat'><strong>(</strong></span> <span class='ocrx_word' id='word_1_426' title='bbox 644 5129 694 5182; x_wconf 76' lang='grc' dir='ltr'><strong>Ι.</strong></span> <span class='ocrx_word' id='word_1_427' title='bbox 723 5127 839 5182; x_wconf 86' lang='lat' dir='ltr'><strong>Cor.</strong></span> <span class='ocrx_word' id='word_1_428' title='bbox 867 5130 921 5185; x_wconf 88' lang='lat'><strong>9.</strong></span> <span class='ocrx_word' id='word_1_429' title='bbox 947 5130 1039 5200; x_wconf 68' lang='lat'><strong>2).</strong></span> <span class='ocrx_word' id='word_1_430' title='bbox 1068 5132 1134 5185; x_wconf 80' lang='lat' dir='ltr'><strong>At</strong></span> <span class='ocrx_word' id='word_1_431' title='bbox 1159 5133 1243 5186; x_wconf 92' lang='lat' dir='ltr'><strong>hic</strong></span> <span class='ocrx_word' id='word_1_432' title='bbox 1268 5132 1393 5187; x_wconf 91' lang='lat' dir='ltr'><strong>nihil</strong></span> <span class='ocrx_word' id='word_1_433' title='bbox 1421 5134 1676 5202; x_wconf 84' lang='lat' dir='ltr'><strong>ejusmodi</strong></span> <span class='ocrx_word' id='word_1_434' title='bbox 1702 5136 1881 5200; x_wconf 80' lang='lat' dir='ltr'><strong>refert,</strong></span> 
     </span>
    </p>
   </div>
   <div class='ocr_carea' id='block_1_56' title="bbox 307 5213 1882 5293">
    <p class='ocr_par' dir='ltr' id='par_1_56' title="bbox 307 5213 1882 5293">
     <span class='ocr_line' id='line_1_56' title="bbox 307 5213 1882 5293; baseline 0.008 -26"><span class='ocrx_word' id='word_1_435' title='bbox 307 5213 405 5267; x_wconf 84' lang='lat' dir='ltr'><strong>sed</strong></span> <span class='ocrx_word' id='word_1_436' title='bbox 435 5214 717 5270; x_wconf 88' lang='lat' dir='ltr'><strong>admodum</strong></span> <span class='ocrx_word' id='word_1_437' title='bbox 746 5220 1044 5275; x_wconf 89' lang='lat' dir='ltr'><strong>verecunde</strong></span> <span class='ocrx_word' id='word_1_438' title='bbox 1071 5222 1227 5275; x_wconf 80' lang='lat' dir='ltr'><strong>verba</strong></span> <span class='ocrx_word' id='word_1_439' title='bbox 1262 5222 1402 5287; x_wconf 83' lang='lat' dir='ltr'><strong>facit,</strong></span> <span class='ocrx_word' id='word_1_440' title='bbox 1435 5222 1547 5293; x_wconf 81' lang='lat' dir='ltr'><strong>ejus</strong></span> <span class='ocrx_word' id='word_1_441' title='bbox 1575 5226 1708 5290; x_wconf 90' lang='lat' dir='ltr'><strong>vice,</strong></span> <span class='ocrx_word' id='word_1_442' title='bbox 1740 5225 1882 5279; x_wconf 85' lang='lat' dir='ltr'><strong>Con-</strong></span> 
     </span>
    </p>
   </div>
   <div class='ocr_carea' id='block_1_57' title="bbox 306 5303 1879 5381">
    <p class='ocr_par' dir='ltr' id='par_1_57' title="bbox 306 5303 1879 5381">
     <span class='ocr_line' id='line_1_57' title="bbox 306 5303 1879 5381; baseline 0.008 -24"><span class='ocrx_word' id='word_1_443' title='bbox 306 5303 465 5366; x_wconf 80' lang='lat' dir='ltr'><strong>sulo,</strong></span> <span class='ocrx_word' id='word_1_444' title='bbox 517 5303 826 5361; x_wconf 82' lang='lat' dir='ltr'><strong>Sententiam</strong></span> <span class='ocrx_word' id='word_1_445' title='bbox 870 5310 972 5373; x_wconf 86' lang='lat' dir='ltr'><strong>do,</strong></span> <span class='ocrx_word' id='word_1_446' title='bbox 1020 5312 1300 5381; x_wconf 87' lang='lat' dir='ltr'><strong>inquiens;</strong></span> <span class='ocrx_word' id='word_1_447' title='bbox 1345 5313 1458 5381; x_wconf 91' lang='lat' dir='ltr'><strong>ejus</strong></span> <span class='ocrx_word' id='word_1_448' title='bbox 1504 5324 1680 5369; x_wconf 89' lang='lat' dir='ltr'><strong>autem</strong></span> <span class='ocrx_word' id='word_1_449' title='bbox 1726 5315 1879 5381; x_wconf 89' lang='lat' dir='ltr'><strong>vice,</strong></span> 
     </span>
    </p>
   </div>
   <div class='ocr_carea' id='block_1_58' title="bbox 307 5392 1884 5474">
    <p class='ocr_par' dir='ltr' id='par_1_58' title="bbox 307 5392 1884 5474">
     <span class='ocr_line' id='line_1_58' title="bbox 307 5392 1884 5474; baseline 0.011 -33"><span class='ocrx_word' id='word_1_450' title='bbox 307 5401 467 5461; x_wconf 76' lang='lat' dir='ltr'><strong>prout</strong></span> <span class='ocrx_word' id='word_1_451' title='bbox 502 5392 690 5449; x_wconf 88' lang='lat' dir='ltr'><strong>doctor</strong></span> <span class='ocrx_word' id='word_1_452' title='bbox 712 5438 726 5462; x_wconf 91' lang='lat'><strong>,</strong></span> <span class='ocrx_word' id='word_1_453' title='bbox 762 5395 1038 5469; x_wconf 84' lang='lat' dir='ltr'><strong>Tamquam</strong></span> <span class='ocrx_word' id='word_1_454' title='bbox 1079 5402 1471 5456; x_wconf 84' lang='lat' dir='ltr'><strong>misericordiam</strong></span> <span class='ocrx_word' id='word_1_455' title='bbox 1497 5414 1824 5474; x_wconf 84' lang='lat' dir='ltr'><strong>consequutus</strong></span> <span class='ocrx_word' id='word_1_456' title='bbox 1852 5422 1884 5459; x_wconf 92' lang='lat' dir='ltr'><strong>a</strong></span> 
     </span>
    </p>
   </div>
   <div class='ocr_carea' id='block_1_59' title="bbox 310 5482 1881 5566">
    <p class='ocr_par' dir='ltr' id='par_1_59' title="bbox 310 5482 1881 5566">
     <span class='ocr_line' id='line_1_59' title="bbox 310 5482 1881 5566; baseline 0.012 -31"><span class='ocrx_word' id='word_1_457' title='bbox 310 5482 568 5550; x_wconf 83' lang='lat' dir='ltr'><strong>Domino,</strong></span> <span class='ocrx_word' id='word_1_458' title='bbox 613 5496 670 5541; x_wconf 90' lang='lat' dir='ltr'><strong>ut</strong></span> <span class='ocrx_word' id='word_1_459' title='bbox 714 5489 810 5543; x_wconf 84' lang='lat' dir='ltr'><strong>sint</strong></span> <span class='ocrx_word' id='word_1_460' title='bbox 855 5492 1019 5559; x_wconf 80' lang='lat' dir='ltr'><strong>ﬁdelis</strong></span> <span class='ocrx_word' id='word_1_461' title='bbox 1047 5508 1066 5547; x_wconf 91' lang='lat'><strong><em>:</em></strong></span> <span class='ocrx_word' id='word_1_462' title='bbox 1096 5494 1351 5564; x_wconf 89' lang='lat' dir='ltr'><strong>quasique</strong></span> <span class='ocrx_word' id='word_1_463' title='bbox 1399 5512 1465 5550; x_wconf 91' lang='lat' dir='ltr'><strong>ne</strong></span> <span class='ocrx_word' id='word_1_464' title='bbox 1507 5497 1621 5551; x_wconf 69' lang='lat' dir='ltr'><strong>hmc</strong></span> <span class='ocrx_word' id='word_1_465' title='bbox 1668 5498 1881 5566; x_wconf 86' lang='lat' dir='ltr'><strong>quidem</strong></span> 
     </span>
    </p>
   </div>
   <div class='ocr_carea' id='block_1_60' title="bbox 307 5572 1879 5655">
    <p class='ocr_par' dir='ltr' id='par_1_60' title="bbox 307 5572 1879 5655">
     <span class='ocr_line' id='line_1_60' title="bbox 307 5572 1879 5655; baseline 0.013 -31"><span class='ocrx_word' id='word_1_466' title='bbox 307 5572 437 5626; x_wconf 83' lang='lat' dir='ltr'><strong>satis</strong></span> <span class='ocrx_word' id='word_1_467' title='bbox 483 5586 661 5631; x_wconf 86' lang='lat' dir='ltr'><strong>essent</strong></span> <span class='ocrx_word' id='word_1_468' title='bbox 688 5578 755 5632; x_wconf 89' lang='lat' dir='ltr'><strong>ad</strong></span> <span class='ocrx_word' id='word_1_469' title='bbox 804 5583 1097 5639; x_wconf 85' lang='lat' dir='ltr'><strong>orationem</strong></span> <span class='ocrx_word' id='word_1_470' title='bbox 1142 5585 1526 5646; x_wconf 78' lang='lat' dir='ltr'><strong>extenuandam</strong></span> <span class='ocrx_word' id='word_1_471' title='bbox 1552 5626 1566 5655; x_wconf 90' lang='lat'><strong>,</strong></span> <span class='ocrx_word' id='word_1_472' title='bbox 1599 5588 1879 5644; x_wconf 90' lang='lat' dir='ltr'><strong>consilium</strong></span> 
     </span>
    </p>
   </div>
   <div class='ocr_carea' id='block_1_61' title="bbox 1620 201 2211 265">
    <p class='ocr_par' dir='ltr' id='par_1_61' title="bbox 1620 201 2211 265">
     <span class='ocr_line' id='line_1_61' title="bbox 1620 201 2211 265; baseline -0.015 0"><span class='ocrx_word' id='word_1_473' title='bbox 1620 203 1708 265; x_wconf 79' lang='lat' dir='ltr'><strong>DE</strong></span> <span class='ocrx_word' id='word_1_474' title='bbox 1752 201 2211 261; x_wconf 72' lang='lat' dir='ltr'><strong>VIRGINITATE.</strong></span> 
     </span>
    </p>
   </div>
   <div class='ocr_carea' id='block_1_62' title="bbox 3439 194 3544 255">
    <p class='ocr_par' dir='ltr' id='par_1_62' title="bbox 3439 194 3544 255">
     <span class='ocr_line' id='line_1_62' title="bbox 3439 194 3544 255; baseline -0.01 0"><span class='ocrx_word' id='word_1_475' title='bbox 3439 194 3544 255; x_wconf 76' lang='lat'><strong>560</strong></span> 
     </span>
    </p>
   </div>
   <div class='ocr_carea' id='block_1_63' title="bbox 1975 314 3549 385">
    <p class='ocr_par' dir='ltr' id='par_1_63' title="bbox 1975 314 3549 385">
     <span class='ocr_line' id='line_1_63' title="bbox 1975 314 3549 385; baseline -0.004 -11"><span class='ocrx_word' id='word_1_476' title='bbox 1975 331 2196 374; x_wconf 78' lang='lat' dir='ltr'><strong>exorsus</strong></span> <span class='ocrx_word' id='word_1_477' title='bbox 2223 315 2589 372; x_wconf 86' lang='lat' dir='ltr'><strong>auctoritatem</strong></span> <span class='ocrx_word' id='word_1_478' title='bbox 2630 316 2823 372; x_wconf 89' lang='lat' dir='ltr'><strong>iterum</strong></span> <span class='ocrx_word' id='word_1_479' title='bbox 2851 315 3076 380; x_wconf 90' lang='lat' dir='ltr'><strong>minuit,</strong></span> <span class='ocrx_word' id='word_1_480' title='bbox 3107 314 3194 385; x_wconf 89' lang='lat' dir='ltr'><strong>qui</strong></span> <span class='ocrx_word' id='word_1_481' title='bbox 3222 329 3325 370; x_wconf 91' lang='lat' dir='ltr'><strong>non</strong></span> <span class='ocrx_word' id='word_1_482' title='bbox 3352 322 3549 369; x_wconf 80' lang='lat' dir='ltr'><strong>statuat</strong></span> 
     </span>
    </p>
   </div>
   <div class='ocr_carea' id='block_1_64' title="bbox 1975 408 3555 477">
    <p class='ocr_par' dir='ltr' id='par_1_64' title="bbox 1975 408 3555 477">
     <span class='ocr_line' id='line_1_64' title="bbox 1975 408 3555 477; baseline -0.003 -12"><span class='ocrx_word' id='word_1_483' title='bbox 1975 412 2144 465; x_wconf 90' lang='lat' dir='ltr'><strong>solum</strong></span> <span class='ocrx_word' id='word_1_484' title='bbox 2168 453 2182 474; x_wconf 91' lang='lat'><strong>,</strong></span> <span class='ocrx_word' id='word_1_485' title='bbox 2224 409 2317 465; x_wconf 88' lang='lat' dir='ltr'><strong>sed</strong></span> <span class='ocrx_word' id='word_1_486' title='bbox 2342 409 2500 468; x_wconf 90' lang='lat' dir='ltr'><strong>addat</strong></span> <span class='ocrx_word' id='word_1_487' title='bbox 2526 410 2684 464; x_wconf 88' lang='lat' dir='ltr'><strong>etiam</strong></span> <span class='ocrx_word' id='word_1_488' title='bbox 2712 409 2970 463; x_wconf 89' lang='lat' dir='ltr'><strong>rationem</strong></span> <span class='ocrx_word' id='word_1_489' title='bbox 3003 425 3014 461; x_wconf 93' lang='lat'><strong>:</strong></span> <span class='ocrx_word' id='word_1_490' title='bbox 3049 408 3275 461; x_wconf 79' lang='lat' dir='ltr'><strong>Arbitror</strong></span> <span class='ocrx_word' id='word_1_491' title='bbox 3295 447 3311 474; x_wconf 93' lang='lat'><strong>,</strong></span> <span class='ocrx_word' id='word_1_492' title='bbox 3337 408 3505 477; x_wconf 90' lang='lat' dir='ltr'><strong>inquit</strong></span> <span class='ocrx_word' id='word_1_493' title='bbox 3526 447 3555 471; x_wconf 67' lang='lat'><strong>,</strong></span> 
     </span>
    </p>
   </div>
   <div class='ocr_carea' id='block_1_65' title="bbox 1976 495 3546 569">
    <p class='ocr_par' dir='ltr' id='par_1_65' title="bbox 1976 495 3546 569">
     <span class='ocr_line' id='line_1_65' title="bbox 1976 495 3546 569; baseline -0.004 -16"><span class='ocrx_word' id='word_1_494' title='bbox 1976 501 2067 553; x_wconf 78' lang='lat' dir='ltr'><strong>hoc</strong></span> <span class='ocrx_word' id='word_1_495' title='bbox 2090 499 2273 553; x_wconf 89' lang='lat' dir='ltr'><strong>bonum</strong></span> <span class='ocrx_word' id='word_1_496' title='bbox 2294 516 2419 563; x_wconf 88' lang='lat' dir='ltr'><strong>esse,</strong></span> <span class='ocrx_word' id='word_1_497' title='bbox 2445 508 2647 569; x_wconf 84' lang='lat' dir='ltr'><strong>prapter</strong></span> <span class='ocrx_word' id='word_1_498' title='bbox 2669 499 2934 552; x_wconf 84' lang='lat' dir='ltr'><strong>instantem</strong></span> <span class='ocrx_word' id='word_1_499' title='bbox 2957 497 3296 551; x_wconf 78' lang='lat' dir='ltr'><strong>necessitatem</strong></span> <span class='ocrx_word' id='word_1_500' title='bbox 3324 497 3398 567; x_wconf 87' lang='lat' dir='ltr'><strong>(I.</strong></span> <span class='ocrx_word' id='word_1_501' title='bbox 3427 495 3546 550; x_wconf 82' lang='lat' dir='ltr'><strong>Cor.</strong></span> 
     </span>
    </p>
   </div>
   <div class='ocr_carea' id='block_1_66' title="bbox 1977 587 3546 660">
    <p class='ocr_par' dir='ltr' id='par_1_66' title="bbox 1977 587 3546 660">
     <span class='ocr_line' id='line_1_66' title="bbox 1977 587 3546 660; baseline -0.001 -16"><span class='ocrx_word' id='word_1_502' title='bbox 1977 593 2028 644; x_wconf 85' lang='lat'><strong>7.</strong></span> <span class='ocrx_word' id='word_1_503' title='bbox 2059 591 2128 645; x_wconf 72' lang='lat'>26</span> <span class='ocrx_word' id='word_1_504' title='bbox 2148 589 2189 660; x_wconf 94' lang='lat'><strong>).</strong></span> <span class='ocrx_word' id='word_1_505' title='bbox 2236 593 2302 644; x_wconf 85' lang='lat' dir='ltr'><strong>At</strong></span> <span class='ocrx_word' id='word_1_506' title='bbox 2331 590 2471 645; x_wconf 90' lang='lat' dir='ltr'><strong>enim</strong></span> <span class='ocrx_word' id='word_1_507' title='bbox 2515 590 2583 644; x_wconf 89' lang='lat' dir='ltr'><strong>de</strong></span> <span class='ocrx_word' id='word_1_508' title='bbox 2622 589 2944 645; x_wconf 89' lang='lat' dir='ltr'><strong>continentia</strong></span> <span class='ocrx_word' id='word_1_509' title='bbox 2982 587 3253 643; x_wconf 84' lang='lat' dir='ltr'><strong>disserens</strong></span> <span class='ocrx_word' id='word_1_510' title='bbox 3275 628 3291 654; x_wconf 94' lang='lat'><strong>,</strong></span> <span class='ocrx_word' id='word_1_511' title='bbox 3336 602 3507 657; x_wconf 86' lang='lat' dir='ltr'><strong>neque</strong></span> <span class='ocrx_word' id='word_1_512' title='bbox 3530 627 3546 649; x_wconf 91' lang='lat'><em>.</em></span> 
     </span>
    </p>
   </div>
   <div class='ocr_carea' id='block_1_67' title="bbox 1975 677 3549 749">
    <p class='ocr_par' dir='ltr' id='par_1_67' title="bbox 1975 677 3549 749">
     <span class='ocr_line' id='line_1_67' title="bbox 1975 677 3549 749; baseline -0.001 -16"><span class='ocrx_word' id='word_1_513' title='bbox 1975 680 2191 734; x_wconf 86' lang='lat' dir='ltr'><strong>arbitror</strong></span> <span class='ocrx_word' id='word_1_514' title='bbox 2214 720 2228 744; x_wconf 92' lang='lat'><strong>,</strong></span> <span class='ocrx_word' id='word_1_515' title='bbox 2262 678 2431 749; x_wconf 89' lang='lat' dir='ltr'><strong>posuit</strong></span> <span class='ocrx_word' id='word_1_516' title='bbox 2457 721 2471 743; x_wconf 91' lang='lat'><strong>,</strong></span> <span class='ocrx_word' id='word_1_517' title='bbox 2517 694 2689 748; x_wconf 88' lang='lat' dir='ltr'><strong>neque</strong></span> <span class='ocrx_word' id='word_1_518' title='bbox 2731 679 2890 733; x_wconf 91' lang='lat' dir='ltr'><strong>ullam</strong></span> <span class='ocrx_word' id='word_1_519' title='bbox 2937 677 3091 748; x_wconf 85' lang='lat' dir='ltr'><strong>plane</strong></span> <span class='ocrx_word' id='word_1_520' title='bbox 3120 679 3420 741; x_wconf 90' lang='lat' dir='ltr'><strong>rationem;</strong></span> <span class='ocrx_word' id='word_1_521' title='bbox 3452 678 3549 732; x_wconf 88' lang='lat' dir='ltr'><strong>sed</strong></span> 
     </span>
    </p>
   </div>
   <div class='ocr_carea' id='block_1_68' title="bbox 1976 768 3553 838">
    <p class='ocr_par' dir='ltr' id='par_1_68' title="bbox 1976 768 3553 838">
     <span class='ocr_line' id='line_1_68' title="bbox 1976 768 3553 838; baseline -0.003 -14"><span class='ocrx_word' id='word_1_522' title='bbox 1976 770 2104 825; x_wconf 90' lang='lat' dir='ltr'><strong>illud</strong></span> <span class='ocrx_word' id='word_1_523' title='bbox 2148 770 2307 825; x_wconf 91' lang='lat' dir='ltr'><strong>modo</strong></span> <span class='ocrx_word' id='word_1_524' title='bbox 2330 810 2345 835; x_wconf 92' lang='lat'><strong>,</strong></span> <span class='ocrx_word' id='word_1_525' title='bbox 2375 769 2570 823; x_wconf 87' lang='lat' dir='ltr'><strong>Bonum</strong></span> <span class='ocrx_word' id='word_1_526' title='bbox 2595 778 2669 823; x_wconf 87' lang='lat' dir='ltr'><strong>est</strong></span> <span class='ocrx_word' id='word_1_527' title='bbox 2704 768 2807 822; x_wconf 83' lang='lat' dir='ltr'><strong>illis</strong></span> <span class='ocrx_word' id='word_1_528' title='bbox 2829 809 2846 835; x_wconf 94' lang='lat'><strong>,</strong></span> <span class='ocrx_word' id='word_1_529' title='bbox 2875 769 2918 823; x_wconf 90' lang='lat' dir='ltr'><strong>si</strong></span> <span class='ocrx_word' id='word_1_530' title='bbox 2959 777 3319 838; x_wconf 81' lang='lat' dir='ltr'><strong>permaneant,</strong></span> <span class='ocrx_word' id='word_1_531' title='bbox 3351 768 3478 823; x_wconf 80' lang='lat' dir='ltr'><strong>sicut</strong></span> <span class='ocrx_word' id='word_1_532' title='bbox 3504 777 3553 821; x_wconf 85' lang='lat' dir='ltr'><strong>et</strong></span> 
     </span>
    </p>
   </div>
   <div class='ocr_carea' id='block_1_69' title="bbox 1977 860 3551 931">
    <p class='ocr_par' dir='ltr' id='par_1_69' title="bbox 1977 860 3551 931">
     <span class='ocr_line' id='line_1_69' title="bbox 1977 860 3551 931; baseline 0 -16"><span class='ocrx_word' id='word_1_533' title='bbox 1977 878 2066 931; x_wconf 84' lang='lat' dir='ltr'><strong>ego</strong></span> <span class='ocrx_word' id='word_1_534' title='bbox 2098 877 2115 913; x_wconf 90' lang='lat'><strong><em>:</em></strong></span> <span class='ocrx_word' id='word_1_535' title='bbox 2147 861 2231 916; x_wconf 88' lang='lat' dir='ltr'><strong>hic</strong></span> <span class='ocrx_word' id='word_1_536' title='bbox 2254 904 2267 923; x_wconf 91' lang='lat'><strong>,</strong></span> <span class='ocrx_word' id='word_1_537' title='bbox 2297 861 2523 915; x_wconf 79' lang='lat' dir='ltr'><strong>Arbitror</strong></span> <span class='ocrx_word' id='word_1_538' title='bbox 2568 861 2662 913; x_wconf 80' lang='lat' dir='ltr'><strong>hoc</strong></span> <span class='ocrx_word' id='word_1_539' title='bbox 2704 861 2889 915; x_wconf 90' lang='lat' dir='ltr'><strong>bonum</strong></span> <span class='ocrx_word' id='word_1_540' title='bbox 2914 878 3037 915; x_wconf 89' lang='lat' dir='ltr'><strong>esse.</strong></span> <span class='ocrx_word' id='word_1_541' title='bbox 3086 860 3140 915; x_wconf 92' lang='lat' dir='ltr'><strong>Id</strong></span> <span class='ocrx_word' id='word_1_542' title='bbox 3182 868 3358 914; x_wconf 87' lang='lat' dir='ltr'><strong>autem</strong></span> <span class='ocrx_word' id='word_1_543' title='bbox 3388 860 3511 915; x_wconf 83' lang='lat' dir='ltr'><strong>facit</strong></span> <span class='ocrx_word' id='word_1_544' title='bbox 3534 901 3551 925; x_wconf 96' lang='lat'><strong>,</strong></span> 
     </span>
    </p>
   </div>
   <div class='ocr_carea' id='block_1_70' title="bbox 1979 950 3549 1021">
    <p class='ocr_par' dir='ltr' id='par_1_70' title="bbox 1979 950 3549 1021">
     <span class='ocr_line' id='line_1_70' title="bbox 1979 950 3549 1021; baseline 0.001 -17"><span class='ocrx_word' id='word_1_545' title='bbox 1979 968 2083 1005; x_wconf 89' lang='lat' dir='ltr'><strong>non</strong></span> <span class='ocrx_word' id='word_1_546' title='bbox 2111 952 2198 1020; x_wconf 89' lang='lat' dir='ltr'><strong>qui</strong></span> <span class='ocrx_word' id='word_1_547' title='bbox 2226 951 2291 1005; x_wconf 91' lang='lat' dir='ltr'><strong>de</strong></span> <span class='ocrx_word' id='word_1_548' title='bbox 2317 967 2381 1006; x_wconf 90' lang='lat' dir='ltr'><strong>eo</strong></span> <span class='ocrx_word' id='word_1_549' title='bbox 2407 950 2671 1006; x_wconf 88' lang='lat' dir='ltr'><strong>dubitaret</strong></span> <span class='ocrx_word' id='word_1_550' title='bbox 2701 990 2716 1017; x_wconf 92' lang='lat'><strong>,</strong></span> <span class='ocrx_word' id='word_1_551' title='bbox 2742 951 2871 1005; x_wconf 90' lang='lat' dir='ltr'><strong>nihil</strong></span> <span class='ocrx_word' id='word_1_552' title='bbox 2898 952 3075 1006; x_wconf 89' lang='lat' dir='ltr'><strong>minus</strong></span> <span class='ocrx_word' id='word_1_553' title='bbox 3099 969 3112 1017; x_wconf 92' lang='lat'><strong>;</strong></span> <span class='ocrx_word' id='word_1_554' title='bbox 3141 952 3235 1006; x_wconf 89' lang='lat' dir='ltr'><strong>sed</strong></span> <span class='ocrx_word' id='word_1_555' title='bbox 3263 952 3352 1021; x_wconf 92' lang='lat' dir='ltr'><strong>qui</strong></span> <span class='ocrx_word' id='word_1_556' title='bbox 3383 960 3549 1006; x_wconf 89' lang='lat' dir='ltr'><strong>totum</strong></span> 
     </span>
    </p>
   </div>
   <div class='ocr_carea' id='block_1_71' title="bbox 1977 1040 3554 1109">
    <p class='ocr_par' dir='ltr' id='par_1_71' title="bbox 1977 1040 3554 1109">
     <span class='ocr_line' id='line_1_71' title="bbox 1977 1040 3554 1109; baseline 0.002 -16"><span class='ocrx_word' id='word_1_557' title='bbox 1977 1040 2273 1094; x_wconf 90' lang='lat' dir='ltr'><strong>auditorum</strong></span> <span class='ocrx_word' id='word_1_558' title='bbox 2300 1040 2499 1109; x_wconf 89' lang='lat' dir='ltr'><strong>judicio</strong></span> <span class='ocrx_word' id='word_1_559' title='bbox 2521 1040 2828 1109; x_wconf 88' lang='lat' dir='ltr'><strong>permittere</strong></span> <span class='ocrx_word' id='word_1_560' title='bbox 2858 1041 3037 1095; x_wconf 88' lang='lat' dir='ltr'><strong>vellet.</strong></span> <span class='ocrx_word' id='word_1_561' title='bbox 3060 1041 3189 1096; x_wconf 89' lang='lat' dir='ltr'><strong>Nam</strong></span> <span class='ocrx_word' id='word_1_562' title='bbox 3218 1042 3554 1097; x_wconf 89' lang='lat' dir='ltr'><strong>consiliarius</strong></span> 
     </span>
    </p>
   </div>
   <div class='ocr_carea' id='block_1_72' title="bbox 1979 1131 3556 1204">
    <p class='ocr_par' dir='ltr' id='par_1_72' title="bbox 1979 1131 3556 1204">
     <span class='ocr_line' id='line_1_72' title="bbox 1979 1131 3556 1204; baseline 0.003 -21"><span class='ocrx_word' id='word_1_563' title='bbox 1979 1131 2024 1184; x_wconf 87' lang='lat' dir='ltr'><strong>is</strong></span> <span class='ocrx_word' id='word_1_564' title='bbox 2050 1140 2130 1184; x_wconf 90' lang='lat' dir='ltr'><strong>est</strong></span> <span class='ocrx_word' id='word_1_565' title='bbox 2154 1171 2167 1192; x_wconf 86' lang='lat'><strong>,</strong></span> <span class='ocrx_word' id='word_1_566' title='bbox 2202 1146 2304 1186; x_wconf 92' lang='lat' dir='ltr'><strong>non</strong></span> <span class='ocrx_word' id='word_1_567' title='bbox 2346 1132 2433 1200; x_wconf 92' lang='lat' dir='ltr'><strong>qui</strong></span> <span class='ocrx_word' id='word_1_568' title='bbox 2476 1132 2543 1185; x_wconf 89' lang='lat' dir='ltr'><strong>de</strong></span> <span class='ocrx_word' id='word_1_569' title='bbox 2588 1131 2650 1185; x_wconf 90' lang='lat' dir='ltr'><strong>iis</strong></span> <span class='ocrx_word' id='word_1_570' title='bbox 2678 1147 2797 1201; x_wconf 62' lang='lat' dir='ltr'><strong>quae</strong></span> <span class='ocrx_word' id='word_1_571' title='bbox 2840 1132 3037 1201; x_wconf 87' lang='lat' dir='ltr'><strong>profert</strong></span> <span class='ocrx_word' id='word_1_572' title='bbox 3078 1142 3309 1197; x_wconf 90' lang='lat' dir='ltr'><strong>statuat,</strong></span> <span class='ocrx_word' id='word_1_573' title='bbox 3342 1132 3435 1188; x_wconf 88' lang='lat' dir='ltr'><strong>sed</strong></span> <span class='ocrx_word' id='word_1_574' title='bbox 3464 1133 3556 1204; x_wconf 90' lang='lat' dir='ltr'><strong>qui</strong></span> 
     </span>
    </p>
   </div>
   <div class='ocr_carea' id='block_1_73' title="bbox 1982 1220 3446 1291">
    <p class='ocr_par' dir='ltr' id='par_1_73' title="bbox 1982 1220 3446 1291">
     <span class='ocr_line' id='line_1_73' title="bbox 1982 1220 3446 1291; baseline 0.002 -19"><span class='ocrx_word' id='word_1_575' title='bbox 1982 1229 2148 1273; x_wconf 89' lang='lat' dir='ltr'><strong>totum</strong></span> <span class='ocrx_word' id='word_1_576' title='bbox 2198 1220 2248 1273; x_wconf 90' lang='lat' dir='ltr'><strong>in</strong></span> <span class='ocrx_word' id='word_1_577' title='bbox 2298 1221 2595 1275; x_wconf 92' lang='lat' dir='ltr'><strong>auditorum</strong></span> <span class='ocrx_word' id='word_1_578' title='bbox 2627 1221 2849 1275; x_wconf 89' lang='lat' dir='ltr'><strong>arbitrio</strong></span> <span class='ocrx_word' id='word_1_579' title='bbox 2892 1222 3119 1289; x_wconf 90' lang='lat' dir='ltr'><strong>positum</strong></span> <span class='ocrx_word' id='word_1_580' title='bbox 3166 1222 3446 1291; x_wconf 86' lang='lat' dir='ltr'><strong>relinquat.</strong></span> 
     </span>
    </p>
   </div>
   <div class='ocr_carea' id='block_1_74' title="bbox 2052 1313 3560 1381">
    <p class='ocr_par' dir='ltr' id='par_1_74' title="bbox 2052 1313 3560 1381">
     <span class='ocr_line' id='line_1_74' title="bbox 2052 1313 3560 1381; baseline 0.001 -15"><span class='ocrx_word' id='word_1_581' title='bbox 2052 1313 2233 1367; x_wconf 81' lang='lat' dir='ltr'><strong>XLIII.</strong></span> <span class='ocrx_word' id='word_1_582' title='bbox 2278 1315 2443 1381; x_wconf 83' lang='lat' dir='ltr'><strong>Quam</strong></span> <span class='ocrx_word' id='word_1_583' title='bbox 2486 1315 2755 1369; x_wconf 85' lang='lat' dir='ltr'><strong>instantem</strong></span> <span class='ocrx_word' id='word_1_584' title='bbox 2795 1316 3133 1369; x_wconf 83' lang='lat' dir='ltr'><strong>necessitatem</strong></span> <span class='ocrx_word' id='word_1_585' title='bbox 3162 1313 3357 1370; x_wconf 85' lang='lat' dir='ltr'><strong>Paulus</strong></span> <span class='ocrx_word' id='word_1_586' title='bbox 3394 1317 3560 1369; x_wconf 81' lang='lat' dir='ltr'><strong>nomi—</strong></span> 
     </span>
    </p>
   </div>
   <div class='ocr_carea' id='block_1_75' title="bbox 1981 1404 3559 1475">
    <p class='ocr_par' dir='ltr' id='par_1_75' title="bbox 1981 1404 3559 1475">
     <span class='ocr_line' id='line_1_75' title="bbox 1981 1404 3559 1475; baseline 0.001 -19"><span class='ocrx_word' id='word_1_587' title='bbox 1981 1413 2082 1457; x_wconf 91' lang='lat' dir='ltr'><strong>net.</strong></span> <span class='ocrx_word' id='word_1_588' title='bbox 2110 1404 2304 1458; x_wconf 90' lang='lat' dir='ltr'><strong>——Sed</strong></span> <span class='ocrx_word' id='word_1_589' title='bbox 2343 1419 2460 1474; x_wconf 71' lang='lat' dir='ltr'><strong>quae</strong></span> <span class='ocrx_word' id='word_1_590' title='bbox 2486 1414 2589 1467; x_wconf 89' lang='lat' dir='ltr'><strong>est,</strong></span> <span class='ocrx_word' id='word_1_591' title='bbox 2621 1422 2777 1475; x_wconf 91' lang='lat' dir='ltr'><strong>quam</strong></span> <span class='ocrx_word' id='word_1_592' title='bbox 2811 1406 2897 1461; x_wconf 90' lang='lat' dir='ltr'><strong>hic</strong></span> <span class='ocrx_word' id='word_1_593' title='bbox 2932 1416 3191 1461; x_wconf 90' lang='lat' dir='ltr'><strong>memorat</strong></span> <span class='ocrx_word' id='word_1_594' title='bbox 3228 1407 3559 1461; x_wconf 74' lang='lat' dir='ltr'><strong>necessitas?</strong></span> 
     </span>
    </p>
   </div>
   <div class='ocr_carea' id='block_1_76' title="bbox 1981 1496 3557 1566">
    <p class='ocr_par' dir='ltr' id='par_1_76' title="bbox 1981 1496 3557 1566">
     <span class='ocr_line' id='line_1_76' title="bbox 1981 1496 3557 1566; baseline 0.001 -18"><span class='ocrx_word' id='word_1_595' title='bbox 1981 1508 2133 1561; x_wconf 89' lang='lat' dir='ltr'><strong>eane,</strong></span> <span class='ocrx_word' id='word_1_596' title='bbox 2168 1510 2287 1564; x_wconf 64' lang='lat' dir='ltr'><strong>quae</strong></span> <span class='ocrx_word' id='word_1_597' title='bbox 2308 1511 2339 1549; x_wconf 92' lang='lat' dir='ltr'><strong>a</strong></span> <span class='ocrx_word' id='word_1_598' title='bbox 2370 1506 2552 1551; x_wconf 89' lang='lat' dir='ltr'><strong>natura</strong></span> <span class='ocrx_word' id='word_1_599' title='bbox 2581 1496 2789 1566; x_wconf 81' lang='lat' dir='ltr'><strong>prodit?</strong></span> <span class='ocrx_word' id='word_1_600' title='bbox 2815 1496 3046 1551; x_wconf 80' lang='lat' dir='ltr'><strong>Minime.</strong></span> <span class='ocrx_word' id='word_1_601' title='bbox 3079 1497 3315 1551; x_wconf 85' lang='lat' dir='ltr'><strong>Primum</strong></span> <span class='ocrx_word' id='word_1_602' title='bbox 3342 1498 3483 1553; x_wconf 78' lang='lat' dir='ltr'><strong>enirn</strong></span> <span class='ocrx_word' id='word_1_603' title='bbox 3512 1499 3557 1551; x_wconf 88' lang='lat' dir='ltr'><strong>si</strong></span> 
     </span>
    </p>
   </div>
   <div class='ocr_carea' id='block_1_77' title="bbox 1984 1585 3561 1660">
    <p class='ocr_par' dir='ltr' id='par_1_77' title="bbox 1984 1585 3561 1660">
     <span class='ocr_line' id='line_1_77' title="bbox 1984 1585 3561 1660; baseline 0.004 -21"><span class='ocrx_word' id='word_1_604' title='bbox 1984 1585 2121 1640; x_wconf 89' lang='lat' dir='ltr'><strong>hanc</strong></span> <span class='ocrx_word' id='word_1_605' title='bbox 2155 1588 2334 1654; x_wconf 88' lang='lat' dir='ltr'><strong>vellet,</strong></span> <span class='ocrx_word' id='word_1_606' title='bbox 2365 1589 2479 1657; x_wconf 90' lang='lat' dir='ltr'><strong>ejus</strong></span> <span class='ocrx_word' id='word_1_607' title='bbox 2514 1590 3021 1643; x_wconf 87' lang='lat' dir='ltr'><strong>commemoratione</strong></span> <span class='ocrx_word' id='word_1_608' title='bbox 3046 1590 3371 1645; x_wconf 91' lang='lat' dir='ltr'><strong>contrarium</strong></span> <span class='ocrx_word' id='word_1_609' title='bbox 3400 1599 3561 1660; x_wconf 84' lang='lat' dir='ltr'><strong>atque</strong></span> 
     </span>
    </p>
   </div>
   <div class='ocr_carea' id='block_1_78' title="bbox 1982 1676 3562 1748">
    <p class='ocr_par' dir='ltr' id='par_1_78' title="bbox 1982 1676 3562 1748">
     <span class='ocr_line' id='line_1_78' title="bbox 1982 1676 3562 1748; baseline 0.003 -18"><span class='ocrx_word' id='word_1_610' title='bbox 1982 1676 2248 1747; x_wconf 84' lang='lat' dir='ltr'><strong>cogitabat</strong></span> <span class='ocrx_word' id='word_1_611' title='bbox 2281 1676 2518 1732; x_wconf 85' lang='lat' dir='ltr'><strong>efﬁceret</strong></span> <span class='ocrx_word' id='word_1_612' title='bbox 2546 1696 2558 1731; x_wconf 89' lang='lat'><strong>:</strong></span> <span class='ocrx_word' id='word_1_613' title='bbox 2588 1678 2784 1733; x_wconf 89' lang='lat' dir='ltr'><strong>etenim</strong></span> <span class='ocrx_word' id='word_1_614' title='bbox 2811 1678 2899 1748; x_wconf 91' lang='lat' dir='ltr'><strong>qui</strong></span> <span class='ocrx_word' id='word_1_615' title='bbox 2927 1680 3320 1733; x_wconf 89' lang='lat' dir='ltr'><strong>matrimonium</strong></span> <span class='ocrx_word' id='word_1_616' title='bbox 3348 1688 3562 1734; x_wconf 85' lang='lat' dir='ltr'><strong>contra—</strong></span> 
     </span>
    </p>
   </div>
   <div class='ocr_carea' id='block_1_79' title="bbox 1986 1765 3561 1836">
    <p class='ocr_par' dir='ltr' id='par_1_79' title="bbox 1986 1765 3561 1836">
     <span class='ocr_line' id='line_1_79' title="bbox 1986 1765 3561 1836; baseline 0.003 -17"><span class='ocrx_word' id='word_1_617' title='bbox 1986 1765 2111 1819; x_wconf 86' lang='lat' dir='ltr'><strong>here</strong></span> <span class='ocrx_word' id='word_1_618' title='bbox 2131 1765 2332 1829; x_wconf 90' lang='lat' dir='ltr'><strong>volunt,</strong></span> <span class='ocrx_word' id='word_1_619' title='bbox 2358 1766 2493 1821; x_wconf 85' lang='lat' dir='ltr'><strong>hanc</strong></span> <span class='ocrx_word' id='word_1_620' title='bbox 2522 1782 2716 1836; x_wconf 59' lang='lat' dir='ltr'><strong>susque</strong></span> <span class='ocrx_word' id='word_1_621' title='bbox 2737 1767 2907 1834; x_wconf 88' lang='lat' dir='ltr'><strong>deque</strong></span> <span class='ocrx_word' id='word_1_622' title='bbox 2928 1767 3147 1836; x_wconf 87' lang='lat' dir='ltr'><strong>jactant.</strong></span> <span class='ocrx_word' id='word_1_623' title='bbox 3178 1768 3422 1824; x_wconf 89' lang='lat' dir='ltr'><strong>Secundo</strong></span> <span class='ocrx_word' id='word_1_624' title='bbox 3442 1785 3561 1825; x_wconf 89' lang='lat' dir='ltr'><strong>eam</strong></span> 
     </span>
    </p>
   </div>
   <div class='ocr_carea' id='block_1_80' title="bbox 1984 1857 3562 1929">
    <p class='ocr_par' dir='ltr' id='par_1_80' title="bbox 1984 1857 3562 1929">
     <span class='ocr_line' id='line_1_80' title="bbox 1984 1857 3562 1929; baseline 0.004 -21"><span class='ocrx_word' id='word_1_625' title='bbox 1984 1857 2252 1908; x_wconf 85' lang='lat' dir='ltr'><strong>instantem</strong></span> <span class='ocrx_word' id='word_1_626' title='bbox 2283 1871 2390 1911; x_wconf 92' lang='lat' dir='ltr'><strong>nou</strong></span> <span class='ocrx_word' id='word_1_627' title='bbox 2425 1866 2668 1921; x_wconf 88' lang='lat' dir='ltr'><strong>vocaret;</strong></span> <span class='ocrx_word' id='word_1_628' title='bbox 2700 1872 2803 1911; x_wconf 92' lang='lat' dir='ltr'><strong>non</strong></span> <span class='ocrx_word' id='word_1_629' title='bbox 2843 1860 2984 1911; x_wconf 89' lang='lat' dir='ltr'><strong>enim</strong></span> <span class='ocrx_word' id='word_1_630' title='bbox 3015 1873 3154 1913; x_wconf 90' lang='lat' dir='ltr'><strong>nunc</strong></span> <span class='ocrx_word' id='word_1_631' title='bbox 3182 1860 3433 1929; x_wconf 89' lang='lat' dir='ltr'><strong>primum,</strong></span> <span class='ocrx_word' id='word_1_632' title='bbox 3463 1861 3562 1915; x_wconf 88' lang='lat' dir='ltr'><strong>sed</strong></span> 
     </span>
    </p>
   </div>
   <div class='ocr_carea' id='block_1_81' title="bbox 1980 1947 3563 2019">
    <p class='ocr_par' dir='ltr' id='par_1_81' title="bbox 1980 1947 3563 2019">
     <span class='ocr_line' id='line_1_81' title="bbox 1980 1947 3563 2019; baseline 0.004 -20"><span class='ocrx_word' id='word_1_633' title='bbox 1980 1947 2091 2015; x_wconf 89' lang='lat' dir='ltr'><strong>jam</strong></span> <span class='ocrx_word' id='word_1_634' title='bbox 2121 1948 2245 2000; x_wconf 85' lang='lat' dir='ltr'><strong>olim</strong></span> <span class='ocrx_word' id='word_1_635' title='bbox 2277 1948 2579 2001; x_wconf 90' lang='lat' dir='ltr'><strong>mortalium</strong></span> <span class='ocrx_word' id='word_1_636' title='bbox 2610 1949 2791 2017; x_wconf 84' lang='lat' dir='ltr'><strong>generi</strong></span> <span class='ocrx_word' id='word_1_637' title='bbox 2828 1948 2983 2002; x_wconf 90' lang='lat' dir='ltr'><strong>insita</strong></span> <span class='ocrx_word' id='word_1_638' title='bbox 3018 1958 3120 2015; x_wconf 89' lang='lat' dir='ltr'><strong>est,</strong></span> <span class='ocrx_word' id='word_1_639' title='bbox 3148 1958 3307 2019; x_wconf 89' lang='lat' dir='ltr'><strong>atque</strong></span> <span class='ocrx_word' id='word_1_640' title='bbox 3333 1958 3449 2005; x_wconf 90' lang='lat' dir='ltr'><strong>erat</strong></span> <span class='ocrx_word' id='word_1_641' title='bbox 3474 1952 3563 2006; x_wconf 84' lang='lat' dir='ltr'><strong>illa</strong></span> 
     </span>
    </p>
   </div>
   <div class='ocr_carea' id='block_1_82' title="bbox 1984 2038 3565 2108">
    <p class='ocr_par' dir='ltr' id='par_1_82' title="bbox 1984 2038 3565 2108">
     <span class='ocr_line' id='line_1_82' title="bbox 1984 2038 3565 2108; baseline 0.006 -18"><span class='ocrx_word' id='word_1_642' title='bbox 1984 2038 2197 2106; x_wconf 90' lang='lat' dir='ltr'><strong>quidem</strong></span> <span class='ocrx_word' id='word_1_643' title='bbox 2241 2049 2364 2094; x_wconf 88' lang='lat' dir='ltr'><strong>ante</strong></span> <span class='ocrx_word' id='word_1_644' title='bbox 2404 2039 2773 2095; x_wconf 84' lang='lat' dir='ltr'><strong>vehementior</strong></span> <span class='ocrx_word' id='word_1_645' title='bbox 2812 2050 2866 2095; x_wconf 90' lang='lat' dir='ltr'><strong>et</strong></span> <span class='ocrx_word' id='word_1_646' title='bbox 2909 2040 3186 2108; x_wconf 91' lang='lat' dir='ltr'><strong>indomita,</strong></span> <span class='ocrx_word' id='word_1_647' title='bbox 3238 2042 3333 2098; x_wconf 91' lang='lat' dir='ltr'><strong>sed</strong></span> <span class='ocrx_word' id='word_1_648' title='bbox 3365 2041 3565 2099; x_wconf 87' lang='lat' dir='ltr'><strong>Christi</strong></span> 
     </span>
    </p>
   </div>
   <div class='ocr_carea' id='block_1_83' title="bbox 1985 2131 3566 2202">
    <p class='ocr_par' dir='ltr' id='par_1_83' title="bbox 1985 2131 3566 2202">
     <span class='ocr_line' id='line_1_83' title="bbox 1985 2131 3566 2202; baseline 0.003 -16"><span class='ocrx_word' id='word_1_649' title='bbox 1985 2131 2241 2195; x_wconf 87' lang='lat' dir='ltr'><strong>adventu,</strong></span> <span class='ocrx_word' id='word_1_650' title='bbox 2280 2142 2537 2202; x_wconf 89' lang='lat' dir='ltr'><strong>auctaque</strong></span> <span class='ocrx_word' id='word_1_651' title='bbox 2561 2132 2669 2202; x_wconf 88' lang='lat' dir='ltr'><strong>jam</strong></span> <span class='ocrx_word' id='word_1_652' title='bbox 2711 2132 2927 2198; x_wconf 88' lang='lat' dir='ltr'><strong>virtute,</strong></span> <span class='ocrx_word' id='word_1_653' title='bbox 2972 2142 3219 2201; x_wconf 80' lang='lat' dir='ltr'><strong>supcratu</strong></span> <span class='ocrx_word' id='word_1_654' title='bbox 3269 2133 3436 2190; x_wconf 91' lang='lat' dir='ltr'><strong>facilis</strong></span> <span class='ocrx_word' id='word_1_655' title='bbox 3481 2146 3566 2191; x_wconf 91' lang='lat' dir='ltr'><strong>est</strong></span> 
     </span>
    </p>
   </div>
   <div class='ocr_carea' id='block_1_84' title="bbox 1983 2221 3565 2292">
    <p class='ocr_par' dir='ltr' id='par_1_84' title="bbox 1983 2221 3565 2292">
     <span class='ocr_line' id='line_1_84' title="bbox 1983 2221 3565 2292; baseline 0.003 -15"><span class='ocrx_word' id='word_1_656' title='bbox 1983 2222 2195 2278; x_wconf 81' lang='lat' dir='ltr'><strong>cll&#39;ecta.</strong></span> <span class='ocrx_word' id='word_1_657' title='bbox 2242 2221 2423 2292; x_wconf 89' lang='lat' dir='ltr'><strong>Itaque</strong></span> <span class='ocrx_word' id='word_1_658' title='bbox 2460 2223 2508 2278; x_wconf 89' lang='lat' dir='ltr'><strong>ei</strong></span> <span class='ocrx_word' id='word_1_659' title='bbox 2555 2237 2660 2277; x_wconf 90' lang='lat' dir='ltr'><strong>non</strong></span> <span class='ocrx_word' id='word_1_660' title='bbox 2687 2222 2755 2277; x_wconf 91' lang='lat' dir='ltr'><strong>de</strong></span> <span class='ocrx_word' id='word_1_661' title='bbox 2794 2222 2891 2277; x_wconf 91' lang='lat' dir='ltr'><strong>hac</strong></span> <span class='ocrx_word' id='word_1_662' title='bbox 2927 2238 3103 2278; x_wconf 89' lang='lat' dir='ltr'><strong>sermo</strong></span> <span class='ocrx_word' id='word_1_663' title='bbox 3136 2233 3239 2291; x_wconf 84' lang='lat' dir='ltr'><strong>est,</strong></span> <span class='ocrx_word' id='word_1_664' title='bbox 3285 2225 3379 2280; x_wconf 91' lang='lat' dir='ltr'><strong>sed</strong></span> <span class='ocrx_word' id='word_1_665' title='bbox 3406 2227 3565 2281; x_wconf 87' lang='lat' dir='ltr'><strong>aliam</strong></span> 
     </span>
    </p>
   </div>
   <div class='ocr_carea' id='block_1_85' title="bbox 1984 2311 3565 2382">
    <p class='ocr_par' dir='ltr' id='par_1_85' title="bbox 1984 2311 3565 2382">
     <span class='ocr_line' id='line_1_85' title="bbox 1984 2311 3565 2382; baseline 0.005 -19"><span class='ocrx_word' id='word_1_666' title='bbox 1984 2311 2265 2381; x_wconf 89' lang='lat' dir='ltr'><strong>quamdam</strong></span> <span class='ocrx_word' id='word_1_667' title='bbox 2294 2312 2485 2377; x_wconf 91' lang='lat' dir='ltr'><strong>innuit,</strong></span> <span class='ocrx_word' id='word_1_668' title='bbox 2516 2312 2861 2382; x_wconf 89' lang='lat' dir='ltr'><strong>multiplicem</strong></span> <span class='ocrx_word' id='word_1_669' title='bbox 2888 2324 2945 2368; x_wconf 90' lang='lat' dir='ltr'><strong>et</strong></span> <span class='ocrx_word' id='word_1_670' title='bbox 2973 2314 3192 2368; x_wconf 86' lang='lat' dir='ltr'><strong>variant.</strong></span> <span class='ocrx_word' id='word_1_671' title='bbox 3221 2314 3473 2382; x_wconf 62' lang='lat' dir='ltr'><strong>Quaenam</strong></span> <span class='ocrx_word' id='word_1_672' title='bbox 3499 2331 3565 2371; x_wconf 84' lang='lat' dir='ltr'><strong>ea</strong></span> 
     </span>
    </p>
   </div>
   <div class='ocr_carea' id='block_1_86' title="bbox 1983 2400 3565 2465">
    <p class='ocr_par' dir='ltr' id='par_1_86' title="bbox 1983 2400 3565 2465">
     <span class='ocr_line' id='line_1_86' title="bbox 1983 2400 3565 2465; baseline 0.003 -10"><span class='ocrx_word' id='word_1_673' title='bbox 1983 2400 2103 2465; x_wconf 82' lang='lat' dir='ltr'><strong>est?</strong></span> <span class='ocrx_word' id='word_1_674' title='bbox 2132 2401 2490 2457; x_wconf 83' lang='lat' dir='ltr'><strong>Humanarum</strong></span> <span class='ocrx_word' id='word_1_675' title='bbox 2537 2417 2714 2457; x_wconf 91' lang='lat' dir='ltr'><strong>rerum</strong></span> <span class='ocrx_word' id='word_1_676' title='bbox 2752 2402 3054 2457; x_wconf 91' lang='lat' dir='ltr'><strong>conversio.</strong></span> <span class='ocrx_word' id='word_1_677' title='bbox 3092 2402 3260 2458; x_wconf 85' lang='lat' dir='ltr'><strong>Tanta</strong></span> <span class='ocrx_word' id='word_1_678' title='bbox 3300 2406 3440 2459; x_wconf 90' lang='lat' dir='ltr'><strong>enim</strong></span> <span class='ocrx_word' id='word_1_679' title='bbox 3483 2418 3565 2460; x_wconf 80' lang='lat' dir='ltr'><strong>est</strong></span> 
     </span>
    </p>
   </div>
   <div class='ocr_carea' id='block_1_87' title="bbox 1984 2493 3563 2564">
    <p class='ocr_par' dir='ltr' id='par_1_87' title="bbox 1984 2493 3563 2564">
     <span class='ocr_line' id='line_1_87' title="bbox 1984 2493 3563 2564; baseline 0.003 -18"><span class='ocrx_word' id='word_1_680' title='bbox 1984 2494 2242 2556; x_wconf 89' lang='lat' dir='ltr'><strong>confusio,</strong></span> <span class='ocrx_word' id='word_1_681' title='bbox 2290 2501 2433 2547; x_wconf 86' lang='lat' dir='ltr'><strong>tanta</strong></span> <span class='ocrx_word' id='word_1_682' title='bbox 2479 2493 2735 2564; x_wconf 84' lang='lat' dir='ltr'><strong>tyrannis,</strong></span> <span class='ocrx_word' id='word_1_683' title='bbox 2782 2507 2845 2547; x_wconf 90' lang='lat' dir='ltr'><strong>ac</strong></span> <span class='ocrx_word' id='word_1_684' title='bbox 2885 2494 3339 2549; x_wconf 87' lang='lat' dir='ltr'><strong>circumstantium</strong></span> <span class='ocrx_word' id='word_1_685' title='bbox 3387 2511 3563 2551; x_wconf 90' lang='lat' dir='ltr'><strong>rerum</strong></span> 
     </span>
    </p>
   </div>
   <div class='ocr_carea' id='block_1_88' title="bbox 1987 2583 3562 2655">
    <p class='ocr_par' dir='ltr' id='par_1_88' title="bbox 1987 2583 3562 2655">
     <span class='ocr_line' id='line_1_88' title="bbox 1987 2583 3562 2655; baseline -0.001 -17"><span class='ocrx_word' id='word_1_686' title='bbox 1987 2583 2161 2650; x_wconf 89' lang='lat' dir='ltr'><strong>turba,</strong></span> <span class='ocrx_word' id='word_1_687' title='bbox 2201 2593 2259 2638; x_wconf 90' lang='lat' dir='ltr'><strong>ut</strong></span> <span class='ocrx_word' id='word_1_688' title='bbox 2300 2584 2355 2639; x_wconf 91' lang='lat' dir='ltr'><strong>in</strong></span> <span class='ocrx_word' id='word_1_689' title='bbox 2407 2584 2589 2641; x_wconf 87' lang='lat' dir='ltr'><strong>multis</strong></span> <span class='ocrx_word' id='word_1_690' title='bbox 2630 2598 2998 2654; x_wconf 69' lang='lat' dir='ltr'><strong>saepenumero</strong></span> <span class='ocrx_word' id='word_1_691' title='bbox 3036 2585 3244 2655; x_wconf 85' lang='lat' dir='ltr'><strong>conjugi</strong></span> <span class='ocrx_word' id='word_1_692' title='bbox 3289 2586 3369 2642; x_wconf 89' lang='lat' dir='ltr'><strong>vel</strong></span> <span class='ocrx_word' id='word_1_693' title='bbox 3399 2587 3562 2640; x_wconf 75' lang='lat' dir='ltr'><strong>invito</strong></span> 
     </span>
    </p>
   </div>
   <div class='ocr_carea' id='block_1_89' title="bbox 1985 2674 2848 2745">
    <p class='ocr_par' dir='ltr' id='par_1_89' title="bbox 1985 2674 2848 2745">
     <span class='ocr_line' id='line_1_89' title="bbox 1985 2674 2848 2745; baseline -0.002 -16"><span class='ocrx_word' id='word_1_694' title='bbox 1985 2674 2268 2729; x_wconf 90' lang='lat' dir='ltr'><strong>errandum</strong></span> <span class='ocrx_word' id='word_1_695' title='bbox 2300 2674 2732 2745; x_wconf 87' lang='lat' dir='ltr'><strong>peccandumque</strong></span> <span class='ocrx_word' id='word_1_696' title='bbox 2760 2675 2848 2729; x_wconf 87' lang='lat' dir='ltr'><strong>sit.</strong></span> 
     </span>
    </p>
   </div>
   <div class='ocr_carea' id='block_1_90' title="bbox 2058 2764 3562 2841">
    <p class='ocr_par' dir='ltr' id='par_1_90' title="bbox 2058 2764 3562 2841">
     <span class='ocr_line' id='line_1_90' title="bbox 2058 2764 3562 2841; baseline 0.001 -21"><span class='ocrx_word' id='word_1_697' title='bbox 2058 2764 2239 2820; x_wconf 78' lang='lat' dir='ltr'><strong>XLIV.</strong></span> <span class='ocrx_word' id='word_1_698' title='bbox 2282 2764 2512 2820; x_wconf 79' lang='lat' dir='ltr'><strong>Facilius</strong></span> <span class='ocrx_word' id='word_1_699' title='bbox 2557 2782 2664 2820; x_wconf 88' lang='lat' dir='ltr'><strong>esse</strong></span> <span class='ocrx_word' id='word_1_700' title='bbox 2707 2766 2951 2839; x_wconf 81' lang='lat' dir='ltr'><strong>virginem</strong></span> <span class='ocrx_word' id='word_1_701' title='bbox 2996 2782 3146 2837; x_wconf 90' lang='lat' dir='ltr'><strong>quam</strong></span> <span class='ocrx_word' id='word_1_702' title='bbox 3188 2770 3452 2841; x_wconf 84' lang='lat' dir='ltr'><strong>conjugem</strong></span> <span class='ocrx_word' id='word_1_703' title='bbox 3488 2787 3562 2824; x_wconf 83' lang='lat' dir='ltr'><strong>re-</strong></span> 
     </span>
    </p>
   </div>
   <div class='ocr_carea' id='block_1_91' title="bbox 1986 2858 3564 2929">
    <p class='ocr_par' dir='ltr' id='par_1_91' title="bbox 1986 2858 3564 2929">
     <span class='ocr_line' id='line_1_91' title="bbox 1986 2858 3564 2929; baseline 0.003 -18"><span class='ocrx_word' id='word_1_704' title='bbox 1986 2874 2141 2929; x_wconf 87' lang='lat' dir='ltr'><strong>gnum</strong></span> <span class='ocrx_word' id='word_1_705' title='bbox 2158 2858 2414 2925; x_wconf 86' lang='lat' dir='ltr'><strong>consequi.</strong></span> <span class='ocrx_word' id='word_1_706' title='bbox 2434 2888 2504 2898; x_wconf 95' lang='lat'><strong><em>—</em></strong></span> <span class='ocrx_word' id='word_1_707' title='bbox 2531 2858 2739 2913; x_wconf 84' lang='lat' dir='ltr'><strong>Etenim</strong></span> <span class='ocrx_word' id='word_1_708' title='bbox 2769 2858 2895 2913; x_wconf 91' lang='lat' dir='ltr'><strong>olim</strong></span> <span class='ocrx_word' id='word_1_709' title='bbox 2920 2873 3025 2914; x_wconf 92' lang='lat' dir='ltr'><strong>non</strong></span> <span class='ocrx_word' id='word_1_710' title='bbox 3057 2862 3102 2914; x_wconf 92' lang='lat' dir='ltr'><strong>is</strong></span> <span class='ocrx_word' id='word_1_711' title='bbox 3129 2870 3244 2915; x_wconf 89' lang='lat' dir='ltr'><strong>erat</strong></span> <span class='ocrx_word' id='word_1_712' title='bbox 3278 2862 3435 2916; x_wconf 90' lang='lat' dir='ltr'><strong>nobis</strong></span> <span class='ocrx_word' id='word_1_713' title='bbox 3457 2863 3564 2917; x_wconf 78' lang='lat' dir='ltr'><strong>vir-</strong></span> 
     </span>
    </p>
   </div>
   <div class='ocr_carea' id='block_1_92' title="bbox 1988 2948 3563 3020">
    <p class='ocr_par' dir='ltr' id='par_1_92' title="bbox 1988 2948 3563 3020">
     <span class='ocr_line' id='line_1_92' title="bbox 1988 2948 3563 3020; baseline 0.004 -18"><span class='ocrx_word' id='word_1_714' title='bbox 1988 2949 2117 3003; x_wconf 90' lang='lat' dir='ltr'><strong>tutis</strong></span> <span class='ocrx_word' id='word_1_715' title='bbox 2145 2948 2448 3018; x_wconf 89' lang='lat' dir='ltr'><strong>propositus</strong></span> <span class='ocrx_word' id='word_1_716' title='bbox 2491 2948 2703 3014; x_wconf 89' lang='lat' dir='ltr'><strong>modus,</strong></span> <span class='ocrx_word' id='word_1_717' title='bbox 2746 2948 2841 3004; x_wconf 90' lang='lat' dir='ltr'><strong>sed</strong></span> <span class='ocrx_word' id='word_1_718' title='bbox 2886 2958 2940 3004; x_wconf 90' lang='lat' dir='ltr'><strong>et</strong></span> <span class='ocrx_word' id='word_1_719' title='bbox 2969 2949 3215 3019; x_wconf 79' lang='lat' dir='ltr'><strong>injuriam</strong></span> <span class='ocrx_word' id='word_1_720' title='bbox 3261 2951 3464 3020; x_wconf 88' lang='lat' dir='ltr'><strong>ulcisci,</strong></span> <span class='ocrx_word' id='word_1_721' title='bbox 3511 2963 3563 3009; x_wconf 91' lang='lat' dir='ltr'><strong>et</strong></span> 
     </span>
    </p>
   </div>
   <div class='ocr_carea' id='block_1_93' title="bbox 1986 3039 3563 3110">
    <p class='ocr_par' dir='ltr' id='par_1_93' title="bbox 1986 3039 3563 3110">
     <span class='ocr_line' id='line_1_93' title="bbox 1986 3039 3563 3110; baseline 0.002 -14"><span class='ocrx_word' id='word_1_722' title='bbox 1986 3040 2282 3097; x_wconf 89' lang='lat' dir='ltr'><strong>convicium</strong></span> <span class='ocrx_word' id='word_1_723' title='bbox 2317 3039 2563 3105; x_wconf 87' lang='lat' dir='ltr'><strong>reddere,</strong></span> <span class='ocrx_word' id='word_1_724' title='bbox 2591 3047 2646 3094; x_wconf 88' lang='lat' dir='ltr'><strong>et</strong></span> <span class='ocrx_word' id='word_1_725' title='bbox 2682 3040 2932 3109; x_wconf 89' lang='lat' dir='ltr'><strong>pecunias</strong></span> <span class='ocrx_word' id='word_1_726' title='bbox 2960 3054 3249 3110; x_wconf 86' lang='lat' dir='ltr'><strong>procurare</strong></span> <span class='ocrx_word' id='word_1_727' title='bbox 3276 3041 3485 3109; x_wconf 90' lang='lat' dir='ltr'><strong>licebat,</strong></span> <span class='ocrx_word' id='word_1_728' title='bbox 3511 3053 3563 3099; x_wconf 90' lang='lat' dir='ltr'><strong>et</strong></span> 
     </span>
    </p>
   </div>
   <div class='ocr_carea' id='block_1_94' title="bbox 1985 3132 3564 3203">
    <p class='ocr_par' dir='ltr' id='par_1_94' title="bbox 1985 3132 3564 3203">
     <span class='ocr_line' id='line_1_94' title="bbox 1985 3132 3564 3203; baseline 0.001 -16"><span class='ocrx_word' id='word_1_729' title='bbox 1985 3143 2169 3188; x_wconf 91' lang='lat' dir='ltr'><strong>sancte</strong></span> <span class='ocrx_word' id='word_1_730' title='bbox 2188 3132 2390 3203; x_wconf 84' lang='lat' dir='ltr'><strong>jurare,</strong></span> <span class='ocrx_word' id='word_1_731' title='bbox 2416 3142 2470 3187; x_wconf 91' lang='grc' dir='ltr'><strong>ει</strong></span> <span class='ocrx_word' id='word_1_732' title='bbox 2497 3133 2706 3187; x_wconf 90' lang='lat' dir='ltr'><strong>oculum</strong></span> <span class='ocrx_word' id='word_1_733' title='bbox 2736 3147 2834 3203; x_wconf 93' lang='lat' dir='ltr'><strong>pro</strong></span> <span class='ocrx_word' id='word_1_734' title='bbox 2858 3133 3014 3188; x_wconf 92' lang='lat' dir='ltr'><strong>oculo</strong></span> <span class='ocrx_word' id='word_1_735' title='bbox 3038 3147 3250 3201; x_wconf 87' lang='lat' dir='ltr'><strong>eruere,</strong></span> <span class='ocrx_word' id='word_1_736' title='bbox 3292 3143 3349 3190; x_wconf 89' lang='lat' dir='ltr'><strong>et</strong></span> <span class='ocrx_word' id='word_1_737' title='bbox 3386 3135 3564 3192; x_wconf 87' lang='lat' dir='ltr'><strong>inimi-</strong></span> 
     </span>
    </p>
   </div>
   <div class='ocr_carea' id='block_1_95' title="bbox 1985 3222 3563 3295">
    <p class='ocr_par' dir='ltr' id='par_1_95' title="bbox 1985 3222 3563 3295">
     <span class='ocr_line' id='line_1_95' title="bbox 1985 3222 3563 3295; baseline 0.001 -17"><span class='ocrx_word' id='word_1_738' title='bbox 1985 3238 2079 3279; x_wconf 93' lang='lat' dir='ltr'><strong>cos</strong></span> <span class='ocrx_word' id='word_1_739' title='bbox 2111 3224 2322 3289; x_wconf 89' lang='lat' dir='ltr'><strong>odisse;</strong></span> <span class='ocrx_word' id='word_1_740' title='bbox 2362 3238 2534 3293; x_wconf 89' lang='lat' dir='ltr'><strong>neque</strong></span> <span class='ocrx_word' id='word_1_741' title='bbox 2570 3231 2661 3277; x_wconf 90' lang='lat' dir='ltr'><strong>aut</strong></span> <span class='ocrx_word' id='word_1_742' title='bbox 2699 3223 2901 3278; x_wconf 90' lang='lat' dir='ltr'><strong>deliciis</strong></span> <span class='ocrx_word' id='word_1_743' title='bbox 2940 3222 3215 3295; x_wconf 88' lang='lat' dir='ltr'><strong>indulgere</strong></span> <span class='ocrx_word' id='word_1_744' title='bbox 3254 3234 3347 3280; x_wconf 91' lang='lat' dir='ltr'><strong>aut</strong></span> <span class='ocrx_word' id='word_1_745' title='bbox 3384 3225 3563 3293; x_wconf 87' lang='lat' dir='ltr'><strong>irasci,</strong></span> 
     </span>
    </p>
   </div>
   <div class='ocr_carea' id='block_1_96' title="bbox 1985 3314 3566 3383">
    <p class='ocr_par' dir='ltr' id='par_1_96' title="bbox 1985 3314 3566 3383">
     <span class='ocr_line' id='line_1_96' title="bbox 1985 3314 3566 3383; baseline 0.001 -13"><span class='ocrx_word' id='word_1_746' title='bbox 1985 3326 2078 3371; x_wconf 89' lang='lat' dir='ltr'><strong>aut</strong></span> <span class='ocrx_word' id='word_1_747' title='bbox 2102 3330 2325 3371; x_wconf 90' lang='lat' dir='ltr'><strong>uxorem</strong></span> <span class='ocrx_word' id='word_1_748' title='bbox 2374 3316 2532 3369; x_wconf 90' lang='lat' dir='ltr'><strong>aliam</strong></span> <span class='ocrx_word' id='word_1_749' title='bbox 2567 3314 2782 3383; x_wconf 89' lang='lat' dir='ltr'><strong>ejicere,</strong></span> <span class='ocrx_word' id='word_1_750' title='bbox 2826 3315 2981 3369; x_wconf 90' lang='lat' dir='ltr'><strong>aliam</strong></span> <span class='ocrx_word' id='word_1_751' title='bbox 3020 3315 3319 3371; x_wconf 81' lang='lat' dir='ltr'><strong>adsciscere</strong></span> <span class='ocrx_word' id='word_1_752' title='bbox 3347 3315 3566 3372; x_wconf 86' lang='lat' dir='ltr'><strong>interdi-</strong></span> 
     </span>
    </p>
   </div>
   <div class='ocr_carea' id='block_1_97' title="bbox 1986 3402 3566 3477">
    <p class='ocr_par' dir='ltr' id='par_1_97' title="bbox 1986 3402 3566 3477">
     <span class='ocr_line' id='line_1_97' title="bbox 1986 3402 3566 3477; baseline 0.002 -18"><span class='ocrx_word' id='word_1_753' title='bbox 1986 3413 2129 3459; x_wconf 92' lang='lat' dir='ltr'><strong>ctum</strong></span> <span class='ocrx_word' id='word_1_754' title='bbox 2156 3414 2291 3460; x_wconf 86' lang='lat' dir='ltr'><strong>erat.</strong></span> <span class='ocrx_word' id='word_1_755' title='bbox 2335 3403 2518 3474; x_wconf 86' lang='lat' dir='ltr'><strong>Neque</strong></span> <span class='ocrx_word' id='word_1_756' title='bbox 2543 3403 2593 3457; x_wconf 91' lang='lat' dir='ltr'><strong>id</strong></span> <span class='ocrx_word' id='word_1_757' title='bbox 2621 3402 2816 3469; x_wconf 83' lang='lat' dir='ltr'><strong>solum,</strong></span> <span class='ocrx_word' id='word_1_758' title='bbox 2845 3402 2939 3459; x_wconf 91' lang='lat' dir='ltr'><strong>sed</strong></span> <span class='ocrx_word' id='word_1_759' title='bbox 2968 3403 3101 3458; x_wconf 91' lang='lat' dir='ltr'><strong>duas</strong></span> <span class='ocrx_word' id='word_1_760' title='bbox 3126 3404 3285 3459; x_wconf 91' lang='lat' dir='ltr'><strong>etiam</strong></span> <span class='ocrx_word' id='word_1_761' title='bbox 3313 3408 3566 3477; x_wconf 87' lang='lat' dir='ltr'><strong>conjuges</strong></span> 
     </span>
    </p>
   </div>
   <div class='ocr_carea' id='block_1_98' title="bbox 1986 3493 3564 3564">
    <p class='ocr_par' dir='ltr' id='par_1_98' title="bbox 1986 3493 3564 3564">
     <span class='ocr_line' id='line_1_98' title="bbox 1986 3493 3564 3564; baseline 0.001 -15"><span class='ocrx_word' id='word_1_762' title='bbox 1986 3494 2143 3549; x_wconf 91' lang='lat' dir='ltr'><strong>simul</strong></span> <span class='ocrx_word' id='word_1_763' title='bbox 2175 3494 2369 3549; x_wconf 90' lang='lat' dir='ltr'><strong>habere</strong></span> <span class='ocrx_word' id='word_1_764' title='bbox 2400 3495 2481 3548; x_wconf 85' lang='lat' dir='ltr'><strong>lex</strong></span> <span class='ocrx_word' id='word_1_765' title='bbox 2509 3493 2735 3558; x_wconf 90' lang='lat' dir='ltr'><strong>sinebat,</strong></span> <span class='ocrx_word' id='word_1_766' title='bbox 2758 3502 2976 3564; x_wconf 90' lang='lat' dir='ltr'><strong>eratque</strong></span> <span class='ocrx_word' id='word_1_767' title='bbox 3004 3502 3112 3548; x_wconf 91' lang='lat' dir='ltr'><strong>tum</strong></span> <span class='ocrx_word' id='word_1_768' title='bbox 3134 3494 3233 3549; x_wconf 89' lang='lat' dir='ltr'><strong>hac</strong></span> <span class='ocrx_word' id='word_1_769' title='bbox 3259 3496 3311 3550; x_wconf 93' lang='lat' dir='ltr'><strong>in</strong></span> <span class='ocrx_word' id='word_1_770' title='bbox 3343 3511 3421 3561; x_wconf 92' lang='lat' dir='ltr'><strong>re,</strong></span> <span class='ocrx_word' id='word_1_771' title='bbox 3451 3505 3564 3551; x_wconf 92' lang='lat' dir='ltr'><strong>tum</strong></span> 
     </span>
    </p>
   </div>
   <div class='ocr_carea' id='block_1_99' title="bbox 1987 3582 3565 3657">
    <p class='ocr_par' dir='ltr' id='par_1_99' title="bbox 1987 3582 3565 3657">
     <span class='ocr_line' id='line_1_99' title="bbox 1987 3582 3565 3657; baseline 0.003 -18"><span class='ocrx_word' id='word_1_772' title='bbox 1987 3585 2040 3639; x_wconf 90' lang='lat' dir='ltr'><strong>in</strong></span> <span class='ocrx_word' id='word_1_773' title='bbox 2069 3584 2186 3638; x_wconf 89' lang='lat' dir='ltr'><strong>aliis</strong></span> <span class='ocrx_word' id='word_1_774' title='bbox 2223 3584 2467 3639; x_wconf 91' lang='lat' dir='ltr'><strong>omnibus</strong></span> <span class='ocrx_word' id='word_1_775' title='bbox 2501 3598 2707 3638; x_wconf 91' lang='lat' dir='ltr'><strong>summa</strong></span> <span class='ocrx_word' id='word_1_776' title='bbox 2748 3583 2863 3652; x_wconf 90' lang='lat' dir='ltr'><strong>ejus</strong></span> <span class='ocrx_word' id='word_1_777' title='bbox 2893 3582 3134 3638; x_wconf 86' lang='lat' dir='ltr'><strong>facilitas.</strong></span> <span class='ocrx_word' id='word_1_778' title='bbox 3181 3585 3251 3639; x_wconf 84' lang='lat' dir='ltr'><strong>At</strong></span> <span class='ocrx_word' id='word_1_779' title='bbox 3278 3595 3565 3657; x_wconf 89' lang='lat' dir='ltr'><strong>postquam</strong></span> 
     </span>
    </p>
   </div>
   <div class='ocr_carea' id='block_1_100' title="bbox 1985 3672 3564 3747">
    <p class='ocr_par' dir='ltr' id='par_1_100' title="bbox 1985 3672 3564 3747">
     <span class='ocr_line' id='line_1_100' title="bbox 1985 3672 3564 3747; baseline 0.003 -19"><span class='ocrx_word' id='word_1_780' title='bbox 1985 3673 2229 3729; x_wconf 86' lang='lat' dir='ltr'><strong>Christus</strong></span> <span class='ocrx_word' id='word_1_781' title='bbox 2254 3673 2470 3744; x_wconf 90' lang='lat' dir='ltr'><strong>prodiit,</strong></span> <span class='ocrx_word' id='word_1_782' title='bbox 2515 3673 2597 3726; x_wconf 86' lang='lat' dir='ltr'><strong>via</strong></span> <span class='ocrx_word' id='word_1_783' title='bbox 2628 3672 2782 3742; x_wconf 89' lang='lat' dir='ltr'><strong>longe</strong></span> <span class='ocrx_word' id='word_1_784' title='bbox 2825 3672 2957 3726; x_wconf 89' lang='lat' dir='ltr'><strong>facta</strong></span> <span class='ocrx_word' id='word_1_785' title='bbox 2998 3684 3082 3728; x_wconf 90' lang='lat' dir='ltr'><strong>est</strong></span> <span class='ocrx_word' id='word_1_786' title='bbox 3120 3676 3412 3747; x_wconf 89' lang='lat' dir='ltr'><strong>angustior,</strong></span> <span class='ocrx_word' id='word_1_787' title='bbox 3457 3693 3564 3733; x_wconf 90' lang='lat' dir='ltr'><strong>non</strong></span> 
     </span>
    </p>
   </div>
   <div class='ocr_carea' id='block_1_101' title="bbox 1986 3763 3565 3838">
    <p class='ocr_par' dir='ltr' id='par_1_101' title="bbox 1986 3763 3565 3838">
     <span class='ocr_line' id='line_1_101' title="bbox 1986 3763 3565 3838; baseline 0.004 -19"><span class='ocrx_word' id='word_1_788' title='bbox 1986 3766 2157 3819; x_wconf 90' lang='lat' dir='ltr'><strong>solum</strong></span> <span class='ocrx_word' id='word_1_789' title='bbox 2185 3764 2325 3835; x_wconf 88' lang='lat' dir='ltr'><strong>quod</strong></span> <span class='ocrx_word' id='word_1_790' title='bbox 2356 3763 2780 3834; x_wconf 89' lang='lat' dir='ltr'><strong>incomparabilis</strong></span> <span class='ocrx_word' id='word_1_791' title='bbox 2807 3778 2867 3818; x_wconf 90' lang='lat' dir='ltr'><strong>ea</strong></span> <span class='ocrx_word' id='word_1_792' title='bbox 2895 3772 2949 3819; x_wconf 92' lang='lat' dir='ltr'><strong>ct</strong></span> <span class='ocrx_word' id='word_1_793' title='bbox 2979 3763 3163 3835; x_wconf 88' lang='lat' dir='ltr'><strong>ingens</strong></span> <span class='ocrx_word' id='word_1_794' title='bbox 3183 3768 3418 3822; x_wconf 90' lang='lat' dir='ltr'><strong>omnium</strong></span> <span class='ocrx_word' id='word_1_795' title='bbox 3444 3785 3565 3838; x_wconf 75' lang='lat' dir='ltr'><strong>qua:</strong></span> 
     </span>
    </p>
   </div>
   <div class='ocr_carea' id='block_1_102' title="bbox 1987 3854 3563 3925">
    <p class='ocr_par' dir='ltr' id='par_1_102' title="bbox 1987 3854 3563 3925">
     <span class='ocr_line' id='line_1_102' title="bbox 1987 3854 3563 3925; baseline 0.003 -15"><span class='ocrx_word' id='word_1_796' title='bbox 1987 3856 2100 3911; x_wconf 83' lang='lat' dir='ltr'><strong>dixi</strong></span> <span class='ocrx_word' id='word_1_797' title='bbox 2129 3855 2341 3912; x_wconf 89' lang='lat' dir='ltr'><strong>licentia</strong></span> <span class='ocrx_word' id='word_1_798' title='bbox 2384 3854 2536 3910; x_wconf 91' lang='lat' dir='ltr'><strong>nobis</strong></span> <span class='ocrx_word' id='word_1_799' title='bbox 2562 3870 2593 3909; x_wconf 95' lang='lat' dir='ltr'><strong>e</strong></span> <span class='ocrx_word' id='word_1_800' title='bbox 2629 3855 2875 3909; x_wconf 91' lang='lat' dir='ltr'><strong>manibus</strong></span> <span class='ocrx_word' id='word_1_801' title='bbox 2908 3866 3086 3925; x_wconf 90' lang='lat' dir='ltr'><strong>crcpta</strong></span> <span class='ocrx_word' id='word_1_802' title='bbox 3125 3857 3226 3923; x_wconf 89' lang='lat' dir='ltr'><strong>sit;</strong></span> <span class='ocrx_word' id='word_1_803' title='bbox 3268 3858 3362 3913; x_wconf 91' lang='lat' dir='ltr'><strong>sed</strong></span> <span class='ocrx_word' id='word_1_804' title='bbox 3402 3860 3563 3915; x_wconf 89' lang='lat' dir='ltr'><strong>etiam</strong></span> 
     </span>
    </p>
   </div>
   <div class='ocr_carea' id='block_1_103' title="bbox 1987 3945 3567 4018">
    <p class='ocr_par' dir='ltr' id='par_1_103' title="bbox 1987 3945 3567 4018">
     <span class='ocr_line' id='line_1_103' title="bbox 1987 3945 3567 4018; baseline 0.003 -17"><span class='ocrx_word' id='word_1_805' title='bbox 1987 3948 2129 4018; x_wconf 86' lang='lat' dir='ltr'><strong>quod</strong></span> <span class='ocrx_word' id='word_1_806' title='bbox 2154 3962 2304 4010; x_wconf 91' lang='lat' dir='ltr'><strong>uxor,</strong></span> <span class='ocrx_word' id='word_1_807' title='bbox 2330 3962 2449 4016; x_wconf 72' lang='lat' dir='ltr'><strong>qua:</strong></span> <span class='ocrx_word' id='word_1_808' title='bbox 2475 3961 2571 3999; x_wconf 91' lang='lat' dir='ltr'><strong>nos</strong></span> <span class='ocrx_word' id='word_1_809' title='bbox 2604 3946 2765 3999; x_wconf 91' lang='lat' dir='ltr'><strong>multa</strong></span> <span class='ocrx_word' id='word_1_810' title='bbox 2806 3945 3067 4000; x_wconf 88' lang='lat' dir='ltr'><strong>interdum</strong></span> <span class='ocrx_word' id='word_1_811' title='bbox 3099 3947 3182 4002; x_wconf 91' lang='lat' dir='ltr'><strong>vel</strong></span> <span class='ocrx_word' id='word_1_812' title='bbox 3204 3948 3395 4003; x_wconf 90' lang='lat' dir='ltr'><strong>invitos</strong></span> <span class='ocrx_word' id='word_1_813' title='bbox 3422 3951 3567 4005; x_wconf 86' lang='lat' dir='ltr'><strong>desi-</strong></span> 
     </span>
    </p>
   </div>
   <div class='ocr_carea' id='block_1_104' title="bbox 1988 4034 3562 4107">
    <p class='ocr_par' dir='ltr' id='par_1_104' title="bbox 1988 4034 3562 4107">
     <span class='ocr_line' id='line_1_104' title="bbox 1988 4034 3562 4107; baseline 0.003 -17"><span class='ocrx_word' id='word_1_814' title='bbox 1988 4052 2151 4107; x_wconf 87' lang='lat' dir='ltr'><strong>gnare</strong></span> <span class='ocrx_word' id='word_1_815' title='bbox 2193 4038 2406 4092; x_wconf 90' lang='lat' dir='ltr'><strong>inducat</strong></span> <span class='ocrx_word' id='word_1_816' title='bbox 2447 4048 2603 4106; x_wconf 86' lang='lat' dir='ltr'><strong>atque</strong></span> <span class='ocrx_word' id='word_1_817' title='bbox 2648 4046 2821 4105; x_wconf 87' lang='lat' dir='ltr'><strong>cogat,</strong></span> <span class='ocrx_word' id='word_1_818' title='bbox 2866 4034 3008 4090; x_wconf 91' lang='lat' dir='ltr'><strong>domi</strong></span> <span class='ocrx_word' id='word_1_819' title='bbox 3056 4046 3312 4107; x_wconf 88' lang='lat' dir='ltr'><strong>perpetuo</strong></span> <span class='ocrx_word' id='word_1_820' title='bbox 3360 4041 3429 4094; x_wconf 92' lang='lat' dir='ltr'><strong>sit</strong></span> <span class='ocrx_word' id='word_1_821' title='bbox 3464 4041 3562 4095; x_wconf 88' lang='lat' dir='ltr'><strong>ha-</strong></span> 
     </span>
    </p>
   </div>
   <div class='ocr_carea' id='block_1_105' title="bbox 1991 4125 3565 4201">
    <p class='ocr_par' dir='ltr' id='par_1_105' title="bbox 1991 4125 3565 4201">
     <span class='ocr_line' id='line_1_105' title="bbox 1991 4125 3565 4201; baseline 0.003 -19"><span class='ocrx_word' id='word_1_822' title='bbox 1991 4128 2182 4194; x_wconf 89' lang='lat' dir='ltr'><strong>benda,</strong></span> <span class='ocrx_word' id='word_1_823' title='bbox 2209 4136 2320 4192; x_wconf 91' lang='lat' dir='ltr'><strong>aut,</strong></span> <span class='ocrx_word' id='word_1_824' title='bbox 2363 4126 2408 4180; x_wconf 88' lang='lat' dir='ltr'><strong>si</strong></span> <span class='ocrx_word' id='word_1_825' title='bbox 2442 4126 2635 4194; x_wconf 89' lang='lat' dir='ltr'><strong>ejicere</strong></span> <span class='ocrx_word' id='word_1_826' title='bbox 2659 4125 2810 4192; x_wconf 90' lang='lat' dir='ltr'><strong>velis,</strong></span> <span class='ocrx_word' id='word_1_827' title='bbox 2842 4125 3101 4201; x_wconf 33' lang='lat' dir='ltr'><strong>adulterii.</strong></span> <span class='ocrx_word' id='word_1_828' title='bbox 3115 4127 3318 4183; x_wconf 91' lang='lat' dir='ltr'><strong>crimen</strong></span> <span class='ocrx_word' id='word_1_829' title='bbox 3345 4130 3413 4185; x_wconf 87' lang='lat' dir='ltr'><strong>sit</strong></span> <span class='ocrx_word' id='word_1_830' title='bbox 3436 4132 3565 4186; x_wconf 84' lang='lat' dir='ltr'><strong>sub-</strong></span> 
     </span>
    </p>
   </div>
   <div class='ocr_carea' id='block_1_106' title="bbox 1989 4219 3566 4290">
    <p class='ocr_par' dir='ltr' id='par_1_106' title="bbox 1989 4219 3566 4290">
     <span class='ocr_line' id='line_1_106' title="bbox 1989 4219 3566 4290; baseline 0.004 -15"><span class='ocrx_word' id='word_1_831' title='bbox 1989 4221 2242 4275; x_wconf 89' lang='lat' dir='ltr'><strong>eundum.</strong></span> <span class='ocrx_word' id='word_1_832' title='bbox 2272 4219 2452 4290; x_wconf 89' lang='lat' dir='ltr'><strong>Neque</strong></span> <span class='ocrx_word' id='word_1_833' title='bbox 2477 4219 2576 4275; x_wconf 93' lang='lat' dir='ltr'><strong>hoc</strong></span> <span class='ocrx_word' id='word_1_834' title='bbox 2620 4228 2820 4273; x_wconf 92' lang='lat' dir='ltr'><strong>tantum</strong></span> <span class='ocrx_word' id='word_1_835' title='bbox 2861 4220 3075 4275; x_wconf 89' lang='lat' dir='ltr'><strong>nomine</strong></span> <span class='ocrx_word' id='word_1_836' title='bbox 3114 4222 3278 4277; x_wconf 89' lang='lat' dir='ltr'><strong>virtus</strong></span> <span class='ocrx_word' id='word_1_837' title='bbox 3317 4237 3381 4278; x_wconf 87' lang='lat' dir='ltr'><strong>ea</strong></span> <span class='ocrx_word' id='word_1_838' title='bbox 3410 4225 3566 4281; x_wconf 89' lang='lat' dir='ltr'><strong>nobis</strong></span> 
     </span>
    </p>
   </div>
   <div class='ocr_carea' id='block_1_107' title="bbox 1989 4309 3567 4381">
    <p class='ocr_par' dir='ltr' id='par_1_107' title="bbox 1989 4309 3567 4381">
     <span class='ocr_line' id='line_1_107' title="bbox 1989 4309 3567 4381; baseline 0.004 -17"><span class='ocrx_word' id='word_1_839' title='bbox 1989 4310 2221 4366; x_wconf 87' lang='lat' dir='ltr'><strong>difﬁcilis</strong></span> <span class='ocrx_word' id='word_1_840' title='bbox 2245 4318 2345 4377; x_wconf 90' lang='lat' dir='ltr'><strong>est,</strong></span> <span class='ocrx_word' id='word_1_841' title='bbox 2377 4309 2468 4364; x_wconf 90' lang='lat' dir='ltr'><strong>sed</strong></span> <span class='ocrx_word' id='word_1_842' title='bbox 2493 4309 2633 4381; x_wconf 91' lang='lat' dir='ltr'><strong>quod</strong></span> <span class='ocrx_word' id='word_1_843' title='bbox 2653 4311 2773 4365; x_wconf 87' lang='lat' dir='ltr'><strong>licet</strong></span> <span class='ocrx_word' id='word_1_844' title='bbox 2797 4312 2992 4380; x_wconf 83' lang='lat' dir='ltr'><strong>coniux</strong></span> <span class='ocrx_word' id='word_1_845' title='bbox 3014 4311 3429 4371; x_wconf 83' lang='lat' dir='ltr'><strong>intolerabilibus</strong></span> <span class='ocrx_word' id='word_1_846' title='bbox 3454 4332 3567 4371; x_wconf 87' lang='lat' dir='ltr'><strong>mo-</strong></span> 
     </span>
    </p>
   </div>
   <div class='ocr_carea' id='block_1_108' title="bbox 1991 4403 3563 4476">
    <p class='ocr_par' dir='ltr' id='par_1_108' title="bbox 1991 4403 3563 4476">
     <span class='ocr_line' id='line_1_108' title="bbox 1991 4403 3563 4476; baseline 0.003 -19"><span class='ocrx_word' id='word_1_847' title='bbox 1991 4403 2139 4457; x_wconf 90' lang='lat' dir='ltr'><strong>ribus</strong></span> <span class='ocrx_word' id='word_1_848' title='bbox 2164 4403 2252 4468; x_wconf 93' lang='lat' dir='ltr'><strong>sit,</strong></span> <span class='ocrx_word' id='word_1_849' title='bbox 2278 4416 2522 4455; x_wconf 89' lang='lat' dir='ltr'><strong>curarum</strong></span> <span class='ocrx_word' id='word_1_850' title='bbox 2553 4409 2728 4455; x_wconf 90' lang='lat' dir='ltr'><strong>tamen</strong></span> <span class='ocrx_word' id='word_1_851' title='bbox 2759 4417 2876 4470; x_wconf 74' lang='lat' dir='ltr'><strong>qute</strong></span> <span class='ocrx_word' id='word_1_852' title='bbox 2901 4417 2997 4457; x_wconf 92' lang='lat' dir='ltr'><strong>nos</strong></span> <span class='ocrx_word' id='word_1_853' title='bbox 3020 4412 3237 4473; x_wconf 86' lang='lat' dir='ltr'><strong>prepter</strong></span> <span class='ocrx_word' id='word_1_854' title='bbox 3272 4418 3391 4460; x_wconf 78' lang='lat' dir='ltr'><strong>eam</strong></span> <span class='ocrx_word' id='word_1_855' title='bbox 3416 4407 3563 4476; x_wconf 85' lang='lat' dir='ltr'><strong>ejus-</strong></span> 
     </span>
    </p>
   </div>
   <div class='ocr_carea' id='block_1_109' title="bbox 1991 4490 3563 4562">
    <p class='ocr_par' dir='ltr' id='par_1_109' title="bbox 1991 4490 3563 4562">
     <span class='ocr_line' id='line_1_109' title="bbox 1991 4490 3563 4562; baseline 0.004 -17"><span class='ocrx_word' id='word_1_856' title='bbox 1991 4507 2094 4562; x_wconf 91' lang='lat' dir='ltr'><strong>que</strong></span> <span class='ocrx_word' id='word_1_857' title='bbox 2144 4492 2340 4546; x_wconf 89' lang='lat' dir='ltr'><strong>liberos</strong></span> <span class='ocrx_word' id='word_1_858' title='bbox 2384 4490 2769 4545; x_wconf 88' lang='lat' dir='ltr'><strong>circumfundat</strong></span> <span class='ocrx_word' id='word_1_859' title='bbox 2814 4493 2987 4558; x_wconf 88' lang='lat' dir='ltr'><strong>turba,</strong></span> <span class='ocrx_word' id='word_1_860' title='bbox 3034 4506 3134 4547; x_wconf 89' lang='lat' dir='ltr'><strong>nec</strong></span> <span class='ocrx_word' id='word_1_861' title='bbox 3180 4494 3458 4550; x_wconf 90' lang='lat' dir='ltr'><strong>minimum</strong></span> <span class='ocrx_word' id='word_1_862' title='bbox 3508 4499 3563 4553; x_wconf 91' lang='lat' dir='ltr'><strong>in</strong></span> 
     </span>
    </p>
   </div>
   <div class='ocr_carea' id='block_1_110' title="bbox 1991 4583 3571 4657">
    <p class='ocr_par' dir='ltr' id='par_1_110' title="bbox 1991 4583 3571 4657">
     <span class='ocr_line' id='line_1_110' title="bbox 1991 4583 3571 4657; baseline 0.003 -19"><span class='ocrx_word' id='word_1_863' title='bbox 1991 4584 2177 4638; x_wconf 64' lang='lat' dir='ltr'><strong>caelum</strong></span> <span class='ocrx_word' id='word_1_864' title='bbox 2205 4584 2477 4652; x_wconf 83' lang='lat' dir='ltr'><strong>suspicere</strong></span> <span class='ocrx_word' id='word_1_865' title='bbox 2517 4583 2763 4653; x_wconf 90' lang='lat' dir='ltr'><strong>patiatur,</strong></span> <span class='ocrx_word' id='word_1_866' title='bbox 2798 4585 3007 4639; x_wconf 89' lang='lat' dir='ltr'><strong>animos</strong></span> <span class='ocrx_word' id='word_1_867' title='bbox 3034 4592 3243 4640; x_wconf 81' lang='lat' dir='ltr'><strong>nostros</strong></span> <span class='ocrx_word' id='word_1_868' title='bbox 3276 4588 3423 4656; x_wconf 88' lang='lat' dir='ltr'><strong>quasi</strong></span> <span class='ocrx_word' id='word_1_869' title='bbox 3449 4588 3571 4657; x_wconf 83' lang='lat' dir='ltr'><strong>qui-</strong></span> 
     </span>
    </p>
   </div>
   <div class='ocr_carea' id='block_1_111' title="bbox 1991 4673 3567 4746">
    <p class='ocr_par' dir='ltr' id='par_1_111' title="bbox 1991 4673 3567 4746">
     <span class='ocr_line' id='line_1_111' title="bbox 1991 4673 3567 4746; baseline 0.006 -20"><span class='ocrx_word' id='word_1_870' title='bbox 1991 4675 2111 4727; x_wconf 82' lang='lat' dir='ltr'><strong>dam</strong></span> <span class='ocrx_word' id='word_1_871' title='bbox 2157 4682 2341 4728; x_wconf 83' lang='lat' dir='ltr'><strong>vortex</strong></span> <span class='ocrx_word' id='word_1_872' title='bbox 2383 4673 2613 4744; x_wconf 89' lang='lat' dir='ltr'><strong>undique</strong></span> <span class='ocrx_word' id='word_1_873' title='bbox 2662 4682 2911 4744; x_wconf 88' lang='lat' dir='ltr'><strong>torquens</strong></span> <span class='ocrx_word' id='word_1_874' title='bbox 2952 4689 3016 4728; x_wconf 90' lang='lat' dir='ltr'><strong>ac</strong></span> <span class='ocrx_word' id='word_1_875' title='bbox 3057 4673 3391 4746; x_wconf 89' lang='lat' dir='ltr'><strong>demergeus.</strong></span> <span class='ocrx_word' id='word_1_876' title='bbox 3433 4676 3567 4735; x_wconf 84' lang='lat' dir='ltr'><strong>Nam</strong></span> 
     </span>
    </p>
   </div>
   <div class='ocr_carea' id='block_1_112' title="bbox 1992 4765 3566 4840">
    <p class='ocr_par' dir='ltr' id='par_1_112' title="bbox 1992 4765 3566 4840">
     <span class='ocr_line' id='line_1_112' title="bbox 1992 4765 3566 4840; baseline 0.004 -20"><span class='ocrx_word' id='word_1_877' title='bbox 1992 4781 2115 4822; x_wconf 89' lang='lat' dir='ltr'><strong>ecce</strong></span> <span class='ocrx_word' id='word_1_878' title='bbox 2154 4766 2301 4835; x_wconf 89' lang='lat' dir='ltr'><strong>cupit</strong></span> <span class='ocrx_word' id='word_1_879' title='bbox 2344 4765 2423 4819; x_wconf 92' lang='lat' dir='ltr'><strong>vir</strong></span> <span class='ocrx_word' id='word_1_880' title='bbox 2462 4766 2719 4835; x_wconf 90' lang='lat' dir='ltr'><strong>privatam</strong></span> <span class='ocrx_word' id='word_1_881' title='bbox 2769 4775 2824 4820; x_wconf 90' lang='lat' dir='ltr'><strong>et</strong></span> <span class='ocrx_word' id='word_1_882' title='bbox 2864 4766 3087 4820; x_wconf 86' lang='lat' dir='ltr'><strong>otiosam</strong></span> <span class='ocrx_word' id='word_1_883' title='bbox 3126 4769 3285 4821; x_wconf 89' lang='lat' dir='ltr'><strong>vitam</strong></span> <span class='ocrx_word' id='word_1_884' title='bbox 3334 4768 3566 4840; x_wconf 85' lang='lat' dir='ltr'><strong>degere;</strong></span> 
     </span>
    </p>
   </div>
   <div class='ocr_carea' id='block_1_113' title="bbox 1992 4854 3566 4930">
    <p class='ocr_par' dir='ltr' id='par_1_113' title="bbox 1992 4854 3566 4930">
     <span class='ocr_line' id='line_1_113' title="bbox 1992 4854 3566 4930; baseline 0.004 -21"><span class='ocrx_word' id='word_1_885' title='bbox 1992 4855 2083 4910; x_wconf 91' lang='lat' dir='ltr'><strong>sed</strong></span> <span class='ocrx_word' id='word_1_886' title='bbox 2123 4856 2423 4924; x_wconf 83' lang='lat' dir='ltr'><strong>conspectis</strong></span> <span class='ocrx_word' id='word_1_887' title='bbox 2446 4854 2907 4910; x_wconf 87' lang='lat' dir='ltr'><strong>circumstantibus</strong></span> <span class='ocrx_word' id='word_1_888' title='bbox 2950 4854 3132 4911; x_wconf 86' lang='lat' dir='ltr'><strong>liberis</strong></span> <span class='ocrx_word' id='word_1_889' title='bbox 3156 4865 3314 4926; x_wconf 87' lang='lat' dir='ltr'><strong>atque</strong></span> <span class='ocrx_word' id='word_1_890' title='bbox 3341 4859 3566 4930; x_wconf 84' lang='lat' dir='ltr'><strong>conjuge</strong></span> 
     </span>
    </p>
   </div>
   <div class='ocr_carea' id='block_1_114' title="bbox 1990 4945 3564 5017">
    <p class='ocr_par' dir='ltr' id='par_1_114' title="bbox 1990 4945 3564 5017">
     <span class='ocr_line' id='line_1_114' title="bbox 1990 4945 3564 5017; baseline 0.002 -15"><span class='ocrx_word' id='word_1_891' title='bbox 1990 4947 2176 5017; x_wconf 86' lang='lat' dir='ltr'><strong>grandi</strong></span> <span class='ocrx_word' id='word_1_892' title='bbox 2203 4954 2417 5017; x_wconf 91' lang='lat' dir='ltr'><strong>sumptu</strong></span> <span class='ocrx_word' id='word_1_893' title='bbox 2438 4954 2646 5015; x_wconf 86' lang='lat' dir='ltr'><strong>egente,</strong></span> <span class='ocrx_word' id='word_1_894' title='bbox 2667 4946 2747 5001; x_wconf 92' lang='lat' dir='ltr'><strong>vel</strong></span> <span class='ocrx_word' id='word_1_895' title='bbox 2772 4945 2963 4999; x_wconf 89' lang='lat' dir='ltr'><strong>invitus</strong></span> <span class='ocrx_word' id='word_1_896' title='bbox 2979 4960 3038 5001; x_wconf 91' lang='lat' dir='ltr'><strong>se</strong></span> <span class='ocrx_word' id='word_1_897' title='bbox 3064 4946 3114 5000; x_wconf 91' lang='lat' dir='ltr'><strong>in</strong></span> <span class='ocrx_word' id='word_1_898' title='bbox 3135 4947 3367 5003; x_wconf 90' lang='lat' dir='ltr'><strong>civilium</strong></span> <span class='ocrx_word' id='word_1_899' title='bbox 3389 4965 3564 5005; x_wconf 87' lang='lat' dir='ltr'><strong>rerum</strong></span> 
     </span>
    </p>
   </div>
   <div class='ocr_carea' id='block_1_115' title="bbox 1992 5036 3568 5109">
    <p class='ocr_par' dir='ltr' id='par_1_115' title="bbox 1992 5036 3568 5109">
     <span class='ocr_line' id='line_1_115' title="bbox 1992 5036 3568 5109; baseline 0.001 -16"><span class='ocrx_word' id='word_1_900' title='bbox 1992 5046 2179 5093; x_wconf 71' lang='lat' dir='ltr'><strong>aestum</strong></span> <span class='ocrx_word' id='word_1_901' title='bbox 2218 5037 2455 5105; x_wconf 90' lang='lat' dir='ltr'><strong>conjicit.</strong></span> <span class='ocrx_word' id='word_1_902' title='bbox 2499 5036 2578 5090; x_wconf 87' lang='lat' dir='ltr'><strong>Eo</strong></span> <span class='ocrx_word' id='word_1_903' title='bbox 2613 5045 2789 5090; x_wconf 92' lang='lat' dir='ltr'><strong>autem</strong></span> <span class='ocrx_word' id='word_1_904' title='bbox 2835 5036 3076 5105; x_wconf 86' lang='lat' dir='ltr'><strong>illapsum</strong></span> <span class='ocrx_word' id='word_1_905' title='bbox 3118 5036 3223 5092; x_wconf 90' lang='lat' dir='ltr'><strong>dici</strong></span> <span class='ocrx_word' id='word_1_906' title='bbox 3258 5052 3363 5093; x_wconf 93' lang='lat' dir='ltr'><strong>non</strong></span> <span class='ocrx_word' id='word_1_907' title='bbox 3394 5049 3568 5109; x_wconf 88' lang='lat' dir='ltr'><strong>potest</strong></span> 
     </span>
    </p>
   </div>
   <div class='ocr_carea' id='block_1_116' title="bbox 1991 5126 3569 5198">
    <p class='ocr_par' dir='ltr' id='par_1_116' title="bbox 1991 5126 3569 5198">
     <span class='ocr_line' id='line_1_116' title="bbox 1991 5126 3569 5198; baseline 0.001 -15"><span class='ocrx_word' id='word_1_908' title='bbox 1991 5137 2182 5198; x_wconf 89' lang='lat' dir='ltr'><strong>quanta</strong></span> <span class='ocrx_word' id='word_1_909' title='bbox 2203 5128 2274 5182; x_wconf 87' lang='lat' dir='ltr'><strong>illi</strong></span> <span class='ocrx_word' id='word_1_910' title='bbox 2304 5141 2522 5196; x_wconf 85' lang='lat' dir='ltr'><strong>peccare</strong></span> <span class='ocrx_word' id='word_1_911' title='bbox 2545 5142 2762 5181; x_wconf 78' lang='lat' dir='ltr'><strong>necesse</strong></span> <span class='ocrx_word' id='word_1_912' title='bbox 2786 5126 2875 5191; x_wconf 91' lang='lat' dir='ltr'><strong>sit,</strong></span> <span class='ocrx_word' id='word_1_913' title='bbox 2899 5127 3171 5194; x_wconf 84' lang='lat' dir='ltr'><strong>irascenti,</strong></span> <span class='ocrx_word' id='word_1_914' title='bbox 3193 5128 3413 5198; x_wconf 91' lang='lat' dir='ltr'><strong>juranti,</strong></span> <span class='ocrx_word' id='word_1_915' title='bbox 3441 5144 3569 5184; x_wconf 86' lang='lat' dir='ltr'><strong>cou-</strong></span> 
     </span>
    </p>
   </div>
   <div class='ocr_carea' id='block_1_117' title="bbox 1991 5216 3564 5289">
    <p class='ocr_par' dir='ltr' id='par_1_117' title="bbox 1991 5216 3564 5289">
     <span class='ocr_line' id='line_1_117' title="bbox 1991 5216 3564 5289; baseline 0.001 -19"><span class='ocrx_word' id='word_1_916' title='bbox 1991 5219 2229 5281; x_wconf 91' lang='lat' dir='ltr'><strong>vicianti,</strong></span> <span class='ocrx_word' id='word_1_917' title='bbox 2284 5216 2582 5278; x_wconf 86' lang='lat' dir='ltr'><strong>uleiscenti,</strong></span> <span class='ocrx_word' id='word_1_918' title='bbox 2644 5216 2933 5281; x_wconf 88' lang='lat' dir='ltr'><strong>simulanti,</strong></span> <span class='ocrx_word' id='word_1_919' title='bbox 2993 5219 3154 5271; x_wconf 89' lang='lat' dir='ltr'><strong>multa</strong></span> <span class='ocrx_word' id='word_1_920' title='bbox 3205 5218 3273 5273; x_wconf 90' lang='lat' dir='ltr'><strong>ad</strong></span> <span class='ocrx_word' id='word_1_921' title='bbox 3316 5220 3564 5289; x_wconf 86' lang='lat' dir='ltr'><strong>gratiam,</strong></span> 
     </span>
    </p>
   </div>
   <div class='ocr_carea' id='block_1_118' title="bbox 1990 5306 3565 5379">
    <p class='ocr_par' dir='ltr' id='par_1_118' title="bbox 1990 5306 3565 5379">
     <span class='ocr_line' id='line_1_118' title="bbox 1990 5306 3565 5379; baseline 0 -14"><span class='ocrx_word' id='word_1_922' title='bbox 1990 5311 2154 5366; x_wconf 89' lang='lat' dir='ltr'><strong>multa</strong></span> <span class='ocrx_word' id='word_1_923' title='bbox 2182 5309 2247 5363; x_wconf 89' lang='lat' dir='ltr'><strong>ad</strong></span> <span class='ocrx_word' id='word_1_924' title='bbox 2269 5308 2589 5363; x_wconf 87' lang='lat' dir='ltr'><strong>simultatem</strong></span> <span class='ocrx_word' id='word_1_925' title='bbox 2618 5306 2846 5362; x_wconf 85' lang='lat' dir='ltr'><strong>facienti.</strong></span> <span class='ocrx_word' id='word_1_926' title='bbox 2874 5308 2973 5376; x_wconf 87' lang='lat' dir='ltr'><strong>Qui</strong></span> <span class='ocrx_word' id='word_1_927' title='bbox 3001 5309 3141 5363; x_wconf 86' lang='lat' dir='ltr'><strong>enim</strong></span> <span class='ocrx_word' id='word_1_928' title='bbox 3171 5317 3362 5377; x_wconf 88' lang='lat' dir='ltr'><strong>potest,</strong></span> <span class='ocrx_word' id='word_1_929' title='bbox 3396 5310 3483 5379; x_wconf 90' lang='lat' dir='ltr'><strong>qui</strong></span> <span class='ocrx_word' id='word_1_930' title='bbox 3514 5311 3565 5365; x_wconf 92' lang='lat' dir='ltr'><strong>in</strong></span> 
     </span>
    </p>
   </div>
   <div class='ocr_carea' id='block_1_119' title="bbox 1990 5399 3561 5470">
    <p class='ocr_par' dir='ltr' id='par_1_119' title="bbox 1990 5399 3561 5470">
     <span class='ocr_line' id='line_1_119' title="bbox 1990 5399 3561 5470; baseline -0.001 -14"><span class='ocrx_word' id='word_1_931' title='bbox 1990 5402 2150 5457; x_wconf 91' lang='lat' dir='ltr'><strong>tantis</strong></span> <span class='ocrx_word' id='word_1_932' title='bbox 2192 5399 2438 5455; x_wconf 83' lang='lat' dir='ltr'><strong>ﬂuctibus</strong></span> <span class='ocrx_word' id='word_1_933' title='bbox 2466 5409 2727 5466; x_wconf 87' lang='lat' dir='ltr'><strong>versetur,</strong></span> <span class='ocrx_word' id='word_1_934' title='bbox 2770 5408 2929 5469; x_wconf 88' lang='lat' dir='ltr'><strong>atque</strong></span> <span class='ocrx_word' id='word_1_935' title='bbox 2965 5400 3086 5455; x_wconf 90' lang='lat' dir='ltr'><strong>inde</strong></span> <span class='ocrx_word' id='word_1_936' title='bbox 3111 5399 3335 5470; x_wconf 85' lang='lat' dir='ltr'><strong>gloriam</strong></span> <span class='ocrx_word' id='word_1_937' title='bbox 3365 5410 3561 5470; x_wconf 82' lang='lat' dir='ltr'><strong>captet,</strong></span> 
     </span>
    </p>
   </div>
   <div class='ocr_carea' id='block_1_120' title="bbox 1990 5492 3568 5565">
    <p class='ocr_par' dir='ltr' id='par_1_120' title="bbox 1990 5492 3568 5565">
     <span class='ocr_line' id='line_1_120' title="bbox 1990 5492 3568 5565; baseline 0 -16"><span class='ocrx_word' id='word_1_938' title='bbox 1990 5511 2095 5550; x_wconf 90' lang='lat' dir='ltr'><strong>non</strong></span> <span class='ocrx_word' id='word_1_939' title='bbox 2128 5509 2316 5565; x_wconf 83' lang='lat' dir='ltr'><strong>graves</strong></span> <span class='ocrx_word' id='word_1_940' title='bbox 2354 5493 2617 5548; x_wconf 84' lang='lat' dir='ltr'><strong>scelerum</strong></span> <span class='ocrx_word' id='word_1_941' title='bbox 2644 5492 2828 5547; x_wconf 86' lang='lat' dir='ltr'><strong>sordes</strong></span> <span class='ocrx_word' id='word_1_942' title='bbox 2854 5493 3208 5549; x_wconf 82' lang='lat' dir='ltr'><strong>contrahere?</strong></span> <span class='ocrx_word' id='word_1_943' title='bbox 3235 5493 3351 5549; x_wconf 76' lang='lat' dir='ltr'><strong>lam</strong></span> <span class='ocrx_word' id='word_1_944' title='bbox 3378 5495 3421 5548; x_wconf 90' lang='lat' dir='ltr'><strong>si</strong></span> <span class='ocrx_word' id='word_1_945' title='bbox 3447 5497 3568 5564; x_wconf 89' lang='lat' dir='ltr'><strong>quis</strong></span> 
     </span>
    </p>
   </div>
   <div class='ocr_carea' id='block_1_121' title="bbox 1992 5583 3566 5655">
    <p class='ocr_par' dir='ltr' id='par_1_121' title="bbox 1992 5583 3566 5655">
     <span class='ocr_line' id='line_1_121' title="bbox 1992 5583 3566 5655; baseline -0.003 -12"><span class='ocrx_word' id='word_1_946' title='bbox 1992 5586 2277 5643; x_wconf 85' lang='lat' dir='ltr'><strong>domestica</strong></span> <span class='ocrx_word' id='word_1_947' title='bbox 2318 5584 2561 5652; x_wconf 89' lang='lat' dir='ltr'><strong>rimetur,</strong></span> <span class='ocrx_word' id='word_1_948' title='bbox 2603 5584 2788 5639; x_wconf 78' lang='lat' dir='ltr'><strong>eadem</strong></span> <span class='ocrx_word' id='word_1_949' title='bbox 2834 5594 2990 5655; x_wconf 84' lang='lat' dir='ltr'><strong>atque</strong></span> <span class='ocrx_word' id='word_1_950' title='bbox 3021 5584 3179 5640; x_wconf 86' lang='lat' dir='ltr'><strong>etiam</strong></span> <span class='ocrx_word' id='word_1_951' title='bbox 3208 5583 3396 5652; x_wconf 85' lang='lat' dir='ltr'><strong>majori</strong></span> <span class='ocrx_word' id='word_1_952' title='bbox 3420 5584 3566 5639; x_wconf 77' lang='lat' dir='ltr'><strong>dini-</strong></span> 
     </span>
    </p>
   </div>
  </div>
