3886 6222
353 194 457 252 567

347 307 550 362 eultate
583 305 740 375 plena
784 303 1017 358 inveniet
1047 310 1262 371 propter
1304 312 1558 361 uxorem;
1599 296 1762 350 multa
1797 295 1940 350 enim

355 415 419 454 ac
443 398 512 453 de
539 397 719 452 multis
742 403 894 451 curet
917 407 1138 450 necesse
1166 401 1266 456 est,
1288 390 1482 461 quibus
1508 389 1730 444 seorsim
1757 387 1936 457 agenti

351 491 468 545 viro
505 489 635 545 nihil
663 502 798 558 opus
837 495 1001 543 esset.
1045 487 1220 555 Atque
1264 483 1380 539 haec
1407 481 1643 552 quidem,
1686 481 1732 536 si
1770 481 1938 551 proba

352 592 513 650 atque
532 581 811 637 commoda
839 579 910 634 sit
933 591 1066 632 uxor
1090 592 1104 642 ;
1135 577 1218 631 sin
1247 574 1516 644 pervicax,
1547 571 1760 637 acerba,
1795 569 1940 626 diffi-

352 673 491 739 eilis,
535 687 638 726 non
663 671 771 740 jam
801 669 854 724 id
883 669 1176 724 necessitas
1200 664 1381 731 modo,
1405 663 1500 720 sed
1531 677 1688 734 plena
1717 677 1781 719 ac
1809 676 1939 732 sup-

355 763 572 832 plicium
607 759 904 817 vocandum
931 758 1054 814 erit.
1083 757 1183 825 Qui
1227 755 1425 827 poterit
1446 769 1578 825 ergo
1613 753 1716 810 iter
1739 752 1808 808 ad
1833 767 1942 808 cte-

352 853 461 907 lum
505 851 789 916 conficere,
827 849 969 920 quod
1016 847 1207 904 solutis
1243 861 1308 903 ac
1347 845 1650 918 pernicibus
1691 843 1937 914 pedibus,

352 945 531 998 animo
557 943 795 999 accincto
819 950 874 997 et
899 941 1062 1011 probe
1081 938 1332 1009 expedito
1358 937 1580 1008 indiget,
1603 952 1664 992 ea
1697 937 1938 1007 negotio-

351 1049 471 1087 rum
515 1033 658 1088 mole
701 1032 968 1102 imposita,
1019 1039 1097 1085 tot
1137 1029 1337 1100 pedicis
1375 1027 1716 1094 constrictus,
1754 1034 1940 1081 catena

351 1125 473 1191 bac,
517 1124 698 1179 uxoris
751 1124 964 1193 inquam
1017 1121 1376 1192 improbitate,
1424 1119 1674 1175 deorsum
1729 1116 1941 1172 assidue

355 1215 660 1269 detractus?

425 1305 586 1358 XLV.
631 1305 732 1373 Qui
775 1320 1112 1374 supervacuas
1147 1303 1462 1373 diﬁcaltates
1506 1302 1805 1372 excogitant,
1855 1315 1942 1354 eos

355 1398 552 1451 mittam
575 1399 684 1466 ejus
709 1398 783 1452 rei
811 1398 1074 1468 prwmium
1103 1413 1326 1450 manere.
1355 1424 1425 1435 -—
1451 1398 1520 1450 At
1555 1393 1696 1464 quod
1735 1403 1815 1446 est
1839 1391 1941 1446 hoc

354 1489 565 1557 sapiens
596 1489 732 1558 vulgi
759 1502 1092 1558 responsum,
1121 1503 1242 1542 eum
1268 1487 1335 1542 ad
1371 1501 1465 1542 eos
1491 1486 1605 1540 lucc
1631 1485 1806 1539 omnia
1849 1499 1938 1538 re-

353 1581 674 1633 censemus?
699 1579 897 1648 Itaque,
933 1579 1120 1647 inquit,
1149 1578 1336 1647 majori
1369 1577 1584 1646 praemio
1609 1575 1800 1644 dignus
1841 1575 1944 1630 erit

353 1669 462 1736 qui,
497 1668 595 1724 hac
641 1670 887 1739 imposita
919 1669 1256 1732 necessitate,
1299 1676 1445 1722 recte
1489 1681 1550 1722 se
1591 1675 1760 1736 gerat.
1803 1664 1942 1731 Quid

355 1761 450 1826 ita,
480 1758 619 1814 bone
647 1761 746 1824 vir,
777 1767 832 1813 et
853 1757 1411 1829 quamobrem?Quod
1441 1757 1720 1826 majorem,
1750 1757 1940 1825 inquit,

353 1851 591 1906 laborem
620 1849 1273 1921 preptcrmatrimonium
1313 1848 1523 1904 subeat.
1557 1849 1622 1903 Et
1655 1847 1773 1917 quis
1817 1861 1940 1902 eum

362 1949 558 1995 rantum
584 1956 719 1996 onus
745 1940 1018 2010 suscipere
1042 1939 1252 2010 coegit?
1281 1953 1402 1993 nam
1431 1938 1478 1992 si
1503 1936 1716 2008 quidem
1754 1936 1941 1990 matri-

361 2073 366 2079 ρ
402 2032 594 2086 .nnium
621 2030 851 2086 ineundo
874 2038 1194 2101 praeceptum
1212 2028 1477 2099 impleret,
1500 2043 1563 2082 ac
1583 2041 1691 2082 non
1711 2026 1943 2083 ineundo

356 2126 410 2177 in
438 2123 608 2192 legem
647 2122 1003 2192 delinqueret,
1038 2121 1258 2177 haberet
1280 2119 1331 2175 id
1359 2118 1788 2191 probabilitatem
1821 2117 1942 2174 :sin

355 2224 554 2279 autem,
609 2215 693 2268 cui
747 2214 973 2270 liberum
1024 2222 1168 2269 esset
1215 2212 1541 2267 matrimonii
1596 2210 1782 2282 jugum
1835 2226 1944 2265 non

355 2306 560 2370 subire,
607 2305 767 2370 ultro,
807 2312 1032 2375 cogente
1079 2304 1246 2371 nullo,
1288 2317 1348 2358 se
1376 2304 1430 2358 in
1469 2317 1562 2358 eas
1591 2301 1944 2358 difﬁcultates

357 2396 614 2450 inducere
649 2395 833 2462 voluit,
875 2410 984 2465 quo
1025 2395 1236 2466 gravius
1276 2393 1378 2450 sibi
1425 2393 1632 2449 virtutis
1673 2401 1945 2449 certamen

356 2486 693 2551 redderetur,
735 2484 865 2540 nihil
895 2485 996 2541 hoc
1033 2484 1102 2540 ad
1139 2484 1535 2557 agonotbetam,
1567 2483 1657 2556 qui
1696 2483 1749 2539 id
1779 2499 1944 2538 unum

354 2577 596 2646 jusserit,
629 2591 748 2632 cum
780 2576 993 2632 diabolo
1030 2576 1231 2632 bellum
1256 2575 1542 2645 coniicere,
1573 2583 1735 2646 atque
1757 2574 1946 2630 adverb

359 2686 478 2725 srm
515 2671 638 2725 vitia
668 2669 946 2725 victoriam
973 2684 1233 2740 quaerere.
1263 2669 1388 2725 Sive
1416 2677 1593 2724 autem
1619 2668 1740 2740 quis
1761 2667 1947 2722 matri-

362 2763 544 2817 monio
562 2762 840 2818 devinctus
864 2776 928 2816 ac
955 2760 1159 2816 deliciis
1188 2775 1400 2826 vacans,
1425 2759 1599 2831 deque
1626 2759 1811 2815 multis
1839 2758 1947 2813 sol-

361 2854 536 2909 licitus
587 2854 676 2918 sit,
727 2854 839 2908 sive
885 2853 1150 2907 exercitus
1189 2861 1244 2907 et
1281 2852 1532 2918 amictus,
1583 2865 1757 2922 neque
1801 2850 1944 2905 aliud

362 2954 619 3012 ptmterea
649 2958 860 3008 curans,
900 2942 952 2997 id
989 2943 1117 2996 nihil
1147 2942 1296 3013 pensi
1343 2941 1524 2998 habet.
1553 2940 1802 2997 Victoriae
1824 2940 1944 3011 qni-

361 3035 484 3087 dem
512 3032 748 3099 modum,
785 3042 943 3102 atque
970 3033 1036 3086 ad
1067 3041 1324 3102 trepeum
1354 3033 1609 3088 ferentem
1635 3031 1799 3100 viam,
1824 3045 1944 3086 eam

360 3126 616 3195 praedicat
643 3139 762 3196 quis
798 3125 956 3181 rebus
993 3125 1240 3181 omnibus
1269 3125 1515 3180 humanis
1558 3125 1731 3180 soluta
1776 3126 1846 3180 sit
1883 3137 1947 3179 ac

363 3218 530 3272 libera
555 3234 567 3270 :
591 3217 713 3284 quia
743 3225 919 3272 autem
952 3225 1006 3272 tu
1033 3233 1153 3271 cum
1180 3232 1346 3272 uxore
1374 3231 1438 3271 ac
1463 3216 1664 3283 liberis,
1689 3214 1945 3285 negetiis-

360 3325 467 3379 que
507 3310 607 3364 ista
652 3308 1031 3365 comitantibus
1075 3308 1271 3364 bellum
1314 3323 1504 3377 gerere
1549 3321 1612 3362 ac
1659 3306 1947 3377 conﬂigere

362 3401 464 3467 vis,
487 3402 639 3470 quasi
669 3401 813 3469 paria
842 3399 1172 3470 prmstiturus
1201 3409 1358 3470 atque
1388 3400 1422 3454 ii
1460 3399 1548 3468 qui
1575 3399 1644 3454 ab
1670 3397 1754 3453 his
1774 3397 1948 3454 omni-

364 3495 468 3548 bus
487 3493 717 3562 expediti
742 3501 886 3558 sunt,
909 3492 1130 3561 ideoque
1151 3491 1338 3562 majori
1360 3490 1695 3545 admirationi
1717 3489 1946 3558 futurus,

365 3602 507 3640 nunc
533 3586 756 3640 fortasse
786 3600 884 3639 nos
925 3600 1130 3655 magna:
1158 3584 1420 3654 superbiae
1461 3583 1736 3639 insimules
1760 3624 1773 3649 ,
1815 3583 1859 3638 si
1897 3591 1949 3639 te

365 3677 432 3731 ad
461 3675 600 3731 idem
641 3674 710 3730 ad
752 3677 892 3746 quod
937 3675 1010 3730 illi
1045 3690 1299 3730 cacumen
1338 3674 1599 3744 attingere
1641 3689 1745 3728 non
1789 3688 1948 3745 posse

364 3771 639 3832 dicamus;
683 3767 778 3822 sed
819 3767 1156 3836 praemiorum
1199 3766 1412 3843 demum
1458 3773 1670 3834 tempus
1695 3764 1859 3834 probe
1900 3771 1950 3819 te

367 3873 478 3916 tum
510 3860 739 3927 docebit,
763 3861 931 3914 multo
958 3867 1212 3929 praestare
1239 3858 1579 3914 securitatem
1616 3857 1759 3912 inani
1783 3856 1953 3911 ambi-

365 3953 519 4015 tioni,
554 3950 826 4019 satiusque
849 3963 970 4004 esse
996 3947 1230 4014 Christo,
1270 3963 1428 4018 quam
1456 3946 1696 4002 inutilibus
1729 3947 1838 4001 suis
1865 3947 1950 4001 in-

366 4041 541 4097 ventis
579 4039 818 4096 credere.
862 4040 1070 4095 Etenim
1117 4038 1360 4094 Christus
1389 4047 1547 4109 negat
1589 4038 1654 4093 ad
1697 4038 1949 4093 virtutem

369 4134 531 4188 nobis
551 4133 822 4196 sufficere,
851 4135 967 4188 suis
989 4135 1250 4189 omnibus
1275 4133 1621 4194 renuntiare,
1648 4130 1758 4187 nisi
1785 4127 1950 4185 etiam

366 4225 737 4293 nosmetipsos
760 4225 1039 4280 oderimus
1060 4224 1212 4287 (Luc.
1242 4224 1332 4278 li.
1355 4224 1486 4292 26);
1509 4231 1568 4278 ιιι
1589 4223 1674 4277 his
1695 4221 1953 4276 omnibus

369 4312 676 4381 permistus,
733 4310 810 4363 ais
862 4324 1020 4378 posse
1072 4322 1345 4377 superare.
1393 4307 1522 4372 Sed,
1583 4318 1640 4364 ut
1687 4308 1948 4376 dicebam,

369 4401 538 4471 probe
578 4411 687 4454 tum
729 4400 1010 4470 intelliges,
1041 4408 1297 4468 quantum
1337 4399 1404 4452 ad
1443 4399 1689 4454 virtutem
1730 4400 1953 4470 impedi-

371 4500 607 4546 mentum
634 4491 704 4546 sit
729 4505 864 4545 uxor
882 4500 1040 4559 atque
1061 4489 1259 4544 uxoria:
1281 4503 1444 4544 curze.

444 4583 628 4638 XLVI.
669 4582 773 4638 Cur
816 4583 1046 4652 adjutria:
1072 4591 1246 4635 vocata
1289 4599 1419 4636 υτον
1446 4597 1559 4653 qua:
1599 4583 1953 4654 impedimento

368 4687 439 4730 est
464 4677 531 4729 ad
558 4676 829 4746 perfectam
854 4676 1026 4727 citam.
1050 4704 1121 4714 —
1149 4674 1215 4728 Et
1235 4675 1345 4744 qui,
1373 4675 1562 4745 inquit,
1589 4676 1951 4747 adjumentum

373 4783 491 4819 cam
523 4775 676 4818 vocat
702 4779 822 4834 qum
859 4761 1150 4832 impediat?
1177 4778 1296 4817 nam
1326 4762 1620 4832 Faciamus,
1648 4766 1741 4828 ait,
1783 4767 1828 4820 ei
1855 4769 1952 4820 ad-

369 4861 594 4928 jutorem
612 4856 827 4909 similem
855 4854 953 4925 ipsi
971 4852 1125 4928 (Gen.
1149 4853 1204 4907 2.
1236 4855 1348 4924 18).
1380 4855 1492 4925 Ego
1517 4872 1645 4911 vero
1669 4857 1766 4913 abs
1791 4868 1843 4914 te
1869 4859 1952 4913 in-

370 4963 532 5018 super
558 4961 812 5018 quteram,
843 4961 950 5018 quo
977 4955 1132 5016 pacto
1159 4945 1388 5017 adjutrix
1417 4957 1519 5013 est,
1547 4963 1665 5019 quae
1693 4951 1863 5006 virum
1891 4967 1951 5007 ca

373 5041 661 5095 securitate
698 5039 965 5111 spoliavit,
994 5049 1154 5109 atque
1180 5037 1476 5095 admirabili
1509 5040 1598 5096 illo
1629 5041 1679 5096 in
1711 5045 1954 5113 paradiso

368 5131 640 5186 domicilio
659 5131 994 5186 exturbatum
1022 5130 1074 5185 in
1099 5132 1376 5200 praesentis
1411 5132 1532 5186 vitae
1563 5135 1744 5190 turbas
1769 5137 1954 5206 conje-

369 5223 481 5276 cit?
508 5224 621 5277 hinc
659 5223 803 5278 enim
835 5232 958 5276 sunt
987 5235 1093 5276 non
1117 5221 1477 5291 adjumentum
1509 5227 1829 5294 praestantis,
1857 5230 1953 5285 sed

372 5314 692 5368 insidiantis.
717 5313 761 5366 Α
795 5313 1022 5378 muliere,
1068 5313 1239 5384 iuqttit
1276 5313 1388 5380 ille,
1426 5314 1627 5369 initium
1665 5321 1875 5387 peccati,
1908 5331 1954 5376 et

374 5415 578 5475 propter
601 5405 745 5458 illam
776 5406 1018 5458 morimur
1057 5422 1228 5459 omnes
1253 5403 1438 5473 (Eceli.
1469 5407 1558 5462 25.
1590 5409 1703 5480 35).
1738 5411 1804 5466 Et
1833 5413 1954 5467 lica-

373 5509 457 5551 tus
486 5495 698 5559 Paulus,
729 5495 912 5561 Adam,
941 5496 1034 5560 ait,
1061 5511 1163 5549 non
1189 5506 1260 5551 est
1284 5497 1539 5566 deceptus,
1576 5511 1626 5552 at
1656 5503 1836 5557 mulier
1860 5506 1951 5559 de-

370 5598 510 5658 repta
533 5587 586 5642 in
616 5587 1022 5658 pra'varicatione
1047 5589 1143 5660 fuit
1173 5589 1248 5660 (ί.
1281 5588 1408 5644 Tim.
1437 5589 1551 5667 2._i
1570 5589 1639 5661 ι).
1671 5593 1946 5660 Quomodo

1057 188 1114 242 S.
1157 183 1438 242 JOANNIS
1476 176 1954 237 CIIRYSOSTOMI
1998 174 2316 232 ARCHIEP.
2359 175 2894 233 CONSTANTINOP.

3532 180 3641 238 568

2049 292 2204 363 igitur
2226 293 2454 362 adjutrix
2495 303 2578 350 est
2605 309 2724 365 quae
2763 295 2938 352 virum
2983 295 3085 352 sub
3112 309 3337 354 mortem
3374 300 3639 369 subjecit?

2047 387 2316 456 quomodo
2341 387 2596 457 adjutrix,
2621 403 2716 458 per
2739 403 2899 459 quam
2921 389 3014 444 Dei
3045 391 3159 458 lilii,
3186 395 3426 463 adeoque
3444 408 3636 449 omnes

2049 488 2160 532 tum
2200 488 2397 534 terram
2440 480 2755 546 incolentes,
2800 496 2924 535 eum
2956 479 3102 546 feris,
3137 483 3460 551 volucribus,
3503 500 3634 540 cun-

2047 572 2253 641 ctisque
2271 571 2491 642 reliquis
2502 573 2859 626 animantibus
2880 572 3077 628 diluvio
3092 573 3252 630 deleti
3276 576 3438 630 sunt?
3459 591 3636 632 nonne

2047 679 2110 719 ea
2163 664 2366 734 justum
2407 664 2599 721 Jobum
2648 664 2968 736 perdidisset
3012 666 3157 737 (Job.
3198 666 3270 738 2)
3317 669 3418 724 nisi
3455 669 3502 724 is
3540 669 3637 728 ad-

2049 755 2264 810 modum
2292 770 2352 810 se
2375 756 2546 810 virum
2579 757 2933 826 praebuisset?
2971 774 3148 815 nonne
3179 759 3291 815 tunc
3317 759 3635 816 Samsonem

2049 847 2280 914 perdidit
2311 845 2459 918 (Iud.
2495 848 2627 917 16)?
2670 865 2848 905 nonne
2888 865 2950 905 ea
2981 851 3201 920 perfecit
3241 863 3298 908 ut
3327 853 3635 910 universum

2050 938 2395 994 Hebraeorum
2426 954 2599 1010 genus
2616 940 2965 1014 Beelphegori
2993 943 3290 1000 initiaretur
3307 944 3495 1014 (Nam.
3510 945 3634 1018 25),

2047 1045 2112 1085 ac
2151 1040 2500 1101 cognatorum
2545 1033 2791 1088 manibus
2832 1033 3221 1090 trucidaretur?
3245 1035 3376 1103 Quis
3417 1039 3635 1108 potissi-

2048 1137 2194 1176 mum
2240 1121 2548 1177 Aehaabum
2587 1123 2803 1179 diabolo
2841 1125 3071 1194 prodidit
3115 1126 3191 1196 (5.
3218 1125 3346 1197 Reg.
3386 1128 3478 1184 2i.
3507 1129 3633 1201 25),

2049 1221 2210 1282 atque
2234 1221 2356 1268 ante
2382 1228 2503 1268 eum
2527 1214 2988 1285 SalomonemUb.
3005 1216 3092 1272 il.
3117 1218 3196 1289 4),
3219 1229 3337 1288 post
3366 1229 3472 1274 tam
3499 1221 3636 1276 insi-

2048 1319 2204 1375 gnem
2249 1305 2562 1375 sapientiam
2595 1321 2658 1362 ac
2695 1307 3102 1364 celebritatem?
3143 1311 3330 1367 Nonne
3369 1312 3636 1384 hodieque

2049 1397 2176 1453 viris
2218 1398 2330 1454 suis
2369 1408 2615 1455 auctores
2641 1407 2766 1455 sunt
2801 1401 2968 1456 multa
3002 1403 3056 1457 in
3085 1402 3253 1459 Deum
3279 1404 3639 1460 admittendi?

2048 1503 2229 1545 nonne
2270 1489 2468 1544 idcirco
2511 1493 2725 1560 sapiens
2760 1492 2851 1547 ille
2895 1493 3152 1562 scriptum
3190 1495 3423 1564 reliquit,
3464 1495 3637 1551 Parva

2047 1589 2124 1633 est
2160 1581 2346 1648 qumvis
2385 1582 2609 1648 pravitas
2650 1598 2760 1652 prce
2783 1585 3010 1638 mulieris
3040 1585 3281 1651 pravitate
3308 1585 3494 1657 (Ereti.
3535 1587 3631 1644 25.

2047 1671 2184 1742 26)?
2210 1673 2488 1739 Quomodo
2517 1675 2694 1744 igitur,
2727 1677 2915 1745 inquit,
2938 1677 3070 1731 dixit
3100 1678 3262 1745 Deus,
3289 1679 3561 1735 Faciamus
3588 1683 3634 1736 ei

2047 1765 2331 1835 adjutorem
2374 1767 2586 1820 similem
2633 1768 2733 1836 ipsi
2780 1766 2934 1840 (Gen.
2980 1769 3035 1822 2.
3079 1771 3212 1840 i8)?
3263 1788 3434 1843 neque
3485 1774 3634 1829 enim

2048 1857 2305 1912 mentitur
2329 1857 2490 1912 Dens.
2529 1858 2710 1928 Neque
2739 1859 2793 1913 id
2819 1861 3062 1931 equidem
3104 1878 3353 1934 umquam
3380 1863 3629 1930 dixerim,

2047 1948 2269 2003 minime
2292 1949 2563 2018 gentium;
2594 1951 2687 2004 sed
2719 1966 2836 2021 qua:
2873 1967 2937 2006 ea
2967 1953 3034 2009 de
3061 1969 3220 2009 causa
3259 1953 3398 2012 facta
3433 1963 3538 2022 est,
3577 1957 3634 2010 in

2049 2037 2304 2109 dignitate
2338 2054 2432 2095 sua
2475 2041 2765 2110 persistere
2811 2043 3006 2110 noluit;
3051 2046 3494 2116 quemadmodum
3533 2064 3639 2104 nec

2048 2130 2166 2199 ejus
2192 2131 2292 2186 vir.
2325 2130 2454 2186 Nam
2487 2141 2542 2187 et
2583 2149 2704 2187 emn
2735 2133 2802 2189 ad
2837 2135 3116 2206 imaginem
3148 2146 3202 2192 et
3229 2138 3635 2195 similitudinem

2049 2234 2198 2274 suam
2247 2221 2390 2276 Deus
2437 2222 2724 2279 fabricatus
2769 2226 2931 2282 est‘:
2966 2241 3087 2281 nam
3112 2227 3207 2294 ait,
3237 2227 3509 2283 Faciamus
3536 2231 3636 2284 Ito-

2061 2311 2254 2363 ntinem
2280 2311 2350 2364 ad
2372 2311 2654 2382 imaginem
2680 2323 2731 2368 et
2747 2316 2818 2368 ad
2838 2317 3240 2373 similitudinem
3260 2328 3499 2373 nostram
3519 2318 3636 2389 (Id.

2051 2401 2108 2457 i.
2134 2402 2259 2472 26);
2289 2413 2348 2459 ut
2371 2412 2425 2461 et
2453 2405 2616 2471 dixit,
2646 2405 2938 2464 Faciamus
2965 2410 3015 2464 ei
3044 2409 3344 2477 adjutorem
3364 2427 3386 2475 ;
3410 2410 3507 2467 sed
3538 2413 3638 2482 qui

2053 2506 2277 2568 utroque
2321 2498 2576 2567 przeditus
2618 2507 2777 2563 esset,
2819 2508 3102 2571 utrumque
3143 2503 3386 2572 protinus
3433 2502 3639 2558 amisit.

2050 2586 2182 2641 Nam
2237 2603 2335 2643 nec
2383 2588 2783 2645 similitudinem
2836 2592 3191 2659 conservavit,
3247 2593 3338 2664 qui
3388 2594 3640 2649 absurda

2047 2677 2325 2748 cupiditati
2364 2693 2425 2734 se
2467 2679 2752 2744 dediderit,
2793 2695 2857 2736 ac
2894 2681 3018 2736 dolo
3057 2693 3264 2752 captus,
3309 2685 3638 2754 voluptatem

2049 2770 2271 2826 minime
2317 2770 2564 2842 fregerit;
2611 2781 2666 2827 et
2713 2772 2854 2842 quod
2889 2781 3004 2828 erat
3045 2773 3097 2830 in
3133 2789 3200 2830 eo
3243 2777 3309 2830 ad
3354 2776 3640 2846 imaginem

2052 2861 2170 2928 Dei,
2231 2864 2390 2918 etiam
2444 2864 2645 2919 nolenti
2695 2864 2952 2935 deinceps
2997 2876 3243 2937 ereptum
3299 2876 3400 2924 est.
3453 2867 3642 2939 Neque

2051 2953 2198 3010 enim
2249 2954 2390 3010 Deus
2433 2970 2594 3026 parva
2642 2955 2849 3025 imperii
2894 2965 3045 3026 parte
3091 2972 3211 3012 cum
3248 2959 3539 3027 mulctavit,
3583 2970 3639 3016 et

2051 3059 2174 3100 cum
2216 3045 2308 3116 qui
2361 3045 2609 3101 omnibus
2645 3047 2897 3102 terribilis
2943 3056 3091 3104 esset
3123 3049 3270 3103 velut
3308 3048 3489 3113 herus,
3539 3065 3643 3106 ceu

2053 3137 2316 3208 ingratum
2360 3155 2599 3205 servum,
2631 3141 2721 3211 qui
2757 3141 3033 3197 dominum
3057 3142 3383 3210 offendisset,
3415 3159 3644 3200 conser-

2051 3229 2135 3284 vis
2160 3229 2540 3300 deSpicabilem
2567 3231 2763 3287 effecit.
2791 3231 2924 3287 Nam
2955 3233 3109 3288 initio
3129 3235 3285 3289 etiam
3313 3233 3442 3290 feris
3464 3236 3644 3290 enitui-

2054 3321 2154 3376 bus
2183 3322 2375 3378 terrori
2415 3331 2564 3387 erat;
2606 3338 2793 3379 omnes
2819 3325 3016 3394 quippe
3053 3325 3195 3382 Deus
3236 3325 3304 3387 ad
3350 3326 3495 3380 illum
3540 3327 3645 3382 ad-

2054 3413 2224 3482 duxit,
2254 3430 2431 3484 neque
2461 3416 2566 3470 ulla
2597 3431 2716 3471 cum
2746 3416 2945 3473 laedere
2985 3432 3049 3472 ac
3089 3418 3338 3474 invadere
3366 3430 3449 3474 est
3475 3434 3642 3486 ausa;

2053 3505 2268 3562 videbat
2293 3507 2489 3576 quippe
2530 3507 2582 3561 in
2623 3521 2689 3562 eo
2727 3506 3056 3562 relucentem
3088 3508 3371 3578 imaginem
3409 3509 3643 3579 regiam.

2056 3597 2199 3666 Quas
2228 3597 2317 3652 ubi
2357 3607 2510 3652 notas
2537 3606 2756 3667 peccato
2781 3598 3116 3664 deformavit,
3152 3614 3272 3653 eum
3301 3598 3440 3653 Deus
3466 3599 3646 3668 impe-

2055 3692 2137 3748 rio
2162 3691 2377 3762 dejecit.
2411 3692 2592 3763 Igitur,
2635 3693 2755 3748 licet
2793 3693 3060 3757 omnibus,
3087 3710 3206 3764 qum
3237 3695 3288 3748 in
3330 3704 3469 3750 terra
3507 3694 3645 3761 sint,

2056 3781 2191 3836 adeo
2217 3796 2321 3836 non
2350 3782 2594 3852 imperet,
2625 3792 2685 3838 ut
2711 3783 2953 3851 qumdam
3000 3784 3159 3838 etiam
3200 3785 3414 3840 horreat
3441 3799 3504 3840 ac
3531 3785 3649 3841 fur-

2059 3871 2256 3936 midet,
2291 3871 2382 3927 Dei
2409 3873 2726 3928 sententiam
2780 3873 2924 3928 illam
2977 3873 3238 3929 mendacii
3289 3891 3396 3930 non
3441 3878 3643 3946 arguit,

2059 3962 2128 4017 Et
2179 3962 2502 4018 dominentur
2549 3965 2890 4020 animantibus
2947 3968 3216 4038 terrteUb.
3243 3971 3646 4043 e.28):neque

2055 4055 2198 4110 cnim
2224 4054 2342 4124 ejus
2369 4055 2457 4126 qui
2486 4055 2654 4122 dedit,
2684 4057 2777 4113 sed
2805 4058 2892 4128 qui
2924 4061 3127 4129 accepit
3156 4061 3282 4114 vitio
3308 4077 3368 4115 ea
3400 4072 3642 4133 potestas

2046 4145 2284 4215 'prazcisa
2332 4155 2416 4201 est
2445 4163 2458 4200 :
2491 4147 2561 4200 ita
2598 4161 2697 4201 nec
2735 4148 2941 4203 insidize
2970 4165 3089 4220 qua:
3117 4151 3244 4206 viris
3281 4151 3349 4206 ab
3385 4154 3650 4212 uxoribus

2058 4247 2354 4299 struuntur,
2390 4237 2490 4292 hoc
2519 4237 2718 4293 dictum
2746 4239 3083 4310 labefactant,
3117 4241 3388 4298 Faciamus
3414 4246 3461 4302 ei
3483 4247 3646 4313 adiu-

2060 4336 2216 4381 torem
2240 4328 2452 4382 similent
2478 4330 2577 4398 ipsi
2601 4346 2612 4382 :
2642 4345 2762 4384 nam
2791 4330 2855 4385 ad
2887 4331 2987 4386 hoc
3007 4345 3310 4403 comparata
3335 4345 3438 4402 est,
3469 4337 3564 4392 sed
3588 4339 3647 4393 in

2059 4433 2124 4473 eo
2155 4434 2259 4473 non
2290 4422 2599 4490 permansit.
2627 4421 2765 4490 Quin
2808 4422 2939 4478 illud
2969 4433 3230 4493 praeterea
3274 4427 3452 4484 afferri
3479 4431 3649 4486 etiam

2060 4519 2260 4578 posset,
2306 4525 2427 4566 eam
2474 4511 2542 4567 ad
2590 4514 2870 4585 praesentis
2913 4515 3035 4570 vitae
3079 4525 3299 4585 statmn,
3351 4519 3648 4583 liberorum

2060 4603 2524 4671 procreationem,
2581 4614 2740 4675 atque
2783 4606 2994 4662 insitam
3037 4609 3089 4664 in
3136 4619 3320 4664 natura
3367 4611 3648 4668 libidinem

2058 4691 2421 4762 adjumentum
2471 4703 2726 4766 praistare
2767 4697 2906 4753 :sed
2954 4713 3076 4754 cum
3124 4706 3178 4755 et
3221 4701 3344 4758 vitae
3375 4701 3554 4771 hujus,
3587 4713 3650 4758 et

2060 4785 2262 4840 sobolis
2308 4786 2689 4856 procreanda),
2738 4785 2792 4844 'et
2845 4789 3079 4844 libidinis
3134 4790 3386 4863 deinceps
3434 4801 3650 4862 tempus

2060 4890 2166 4930 non
2197 4875 2284 4944 sit,
2313 4876 2438 4946 quid
2477 4876 2605 4932 mihi
2655 4878 2770 4947 ejus
2803 4877 2941 4936 hanc
2985 4880 3037 4934 in
3078 4893 3282 4952 partem
3330 4881 3649 4952 adjutricem

2061 4965 2252 5022 frustra
2297 4969 2595 5025 memoras?
2631 4968 2763 5024 Nam
2794 4987 2910 5042 quae
2952 4970 3018 5026 ad
3060 4971 3277 5027 minima
3317 4974 3486 5028 solum
3524 4977 3652 5030 usui

2058 5059 2150 5126 sit,
2189 5076 2304 5117 eam
2346 5062 2390 5116 si
2438 5061 2504 5117 ad
2547 5077 2740 5133 magna
2781 5064 2980 5118 sociam
3017 5063 3286 5131 adhibeat,
3332 5081 3437 5123 non
3483 5067 3654 5125 modo

2061 5149 2192 5205 nihil
2216 5151 2472 5222 proliciet,
2496 5153 2590 5208 sed
2615 5155 2774 5208 etiam
2796 5155 2936 5208 curis
2965 5153 3300 5224 impedietur.

2133 5245 2339 5301 XLVII.
2383 5245 2648 5312 Quomodo
2677 5248 2842 5301 virum
2878 5247 3082 5317 adjuvet
3109 5264 3237 5302 uxor
3264 5250 3318 5302 in
3358 5251 3652 5319 spirituali-

2062 5341 2416 5407 bus.—Quid
2445 5342 2622 5412 igitur,
2671 5342 2861 5412 inquit,
2902 5342 2970 5396 ad
3013 5343 3230 5397 Paulum
3269 5343 3533 5412 dicemus,
3559 5360 3656 5402 cu-

2055 5431 2146 5500 jus
2184 5431 2342 5486 verba
2385 5430 2500 5485 haec
2539 5441 2702 5486 sunt:
2733 5431 2831 5498 Qui
2857 5432 2975 5497 scis,
3006 5433 3210 5503 mulier,
3249 5435 3295 5490 si
3337 5435 3497 5489 rirtun
3533 5437 3651 5492 sal-

2058 5543 2495 5668 suéltltifquzedam
2533 5543 2711 5596 desunt
2745 5546 2795 5594 in
2829 5542 2995 5595 nerei.
3019 5556 3129 5607 qua:
3169 5557 3232 5596 ex
3258 5553 3376 5609 nes.
3413 5555 3465 5599 et
3503 5547 3653 5599 sai-sl.

2205 5620 2230 5654 υ

2205 5620 2230 5654 L'.
