3886 6222
272 342 378 413 56‘!

277 479 423 535 κατά
461 474 562 548 τὴν
600 475 779 529 οἰκίαν
813 472 871 526 δὲ
899 473 950 526 ιτ
976 489 1061 535 τις
1103 469 1410 535 ἐξετάσειε,
1439 469 1535 538 τῆς
1568 465 1736 535 αὐτῆς
1766 463 1862 516 καὶ

275 572 521 634 πλείονος
543 567 828 631 δυσκολίας
852 567 1073 638 εὑρήσει
1097 564 1337 635 γέμοντα
1367 561 1458 616 διὰ
1487 561 1582 630 τὴν
1602 559 1855 627 γυναῖκα·

278 664 449 720 πολλὰ
468 664 576 736 γὰρ
597 661 810 731 ἀνάγκη
833 677 896 730 με
905 659 1103 731 ριμνᾷν
1130 658 1222 711 καὶ
1253 657 1393 728 ὑπὲρ
1423 645 1740 718 πολλῶν,ὧν
1763 653 1866 704 οὐκ

275 751 348 813 ἂν
370 751 564 825 ἐδεήθη
592 751 713 807 καθ’
740 749 934 804 ἑαυτὸν
959 747 1035 802 ὢν
1063 749 1093 801 6
1117 747 1278 820 ἀνὴρ,
1297 743 1585 800 καὶταῦτα
1610 744 1707 816 μὲν
1735 743 1866 796 ὅταν

278 846 484 916 κοσμία
506 840 646 916 τις
670 842 765 896 καὶ
790 837 1041 910 ἐπιεικὴς
1069 841 1104 910 ἡ
1137 839 1295 909 γυνή·
1325 831 1392 887 ἂν
1415 835 1474 889 δὲ
1501 833 1750 906 μοχθηρά
1775 833 1868 886 καὶ

278 938 526 1010 ἐπαχθὴς
547 938 646 992 καὶ
665 937 724 990 δυ
733 933 1062 1006 σανάσχετος
1084 944 1134 996 ⁸,
1153 929 1337 984 οὐκέτι
1362 928 1522 1000 μόνον
1541 927 1784 996 ἀνάγκην
1808 924 1869 978 τὸ

278 1034 518 1103 πρᾶγμα
545 1029 882 1100 καλέσομεν,
911 1025 1048 1080 ἀλλά
1075 1024 1171 1079 καὶ
1195 1021 1469 1094 τιμωρίαν
1497 1019 1593 1074 καὶ
1622 1019 1864 1072 κόλασιν.

277 1125 406 1188 Πῶς
427 1118 520 1177 οὖν
549 1122 840 1192 δυνήσεται
861 1118 960 1191 τὴν
982 1117 1076 1171 ἐπὶ
1098 1116 1188 1170 τὸν
1207 1113 1438 1186 οὐρανὸν
1461 1111 1698 1181 βαδίζειν
1726 1109 1864 1172 ὁδὸν,

275 1218 380 1289 τὴν
407 1216 648 1271 εὐλύτων
676 1215 770 1270 καὶ
799 1211 1020 1282 κούφων
1046 1209 1308 1279 δεομένην
1335 1203 1534 1270 ποδῶν,
1565 1203 1661 1258 καὶ
1690 1201 1868 1272 ψυχῆς

278 1311 521 1376 εύζῶνου
562 1308 659 1362 καί⁵
696 1301 1022 1369 εὐσταλοῦς,
1058 1299 1310 1355 τοσοῦτον
1347 1297 1486 1368 ἔχων
1517 1295 1866 1364 ἐπικείμενον

279 1402 629 1475 πραγμάτων
669 1398 868 1468 ὸγκον,
918 1393 1209 1456 τοσαύταις
1257 1388 1638 1458 συνδεδεμένος
1675 1385 1866 1448 πέδαις

277 1497 377 1551 καὶ
402 1494 492 1549 διὰ
518 1491 776 1562 τοιαύτης
806 1487 1050 1551 ἁλύσεως
1093 1485 1386 1557 ἑλκόμενος
1419 1483 1568 1538 κάτω
1603 1479 1860 1551 συνεχῶς,

279 1589 385 1659 τῆς
421 1583 686 1655 πονηρίας
715 1581 860 1651 λέγω
886 1579 986 1646 τῆς
1011 1576 1302 1648 γυναικός;

356 1677 492 1729 ME'.
509 1672 670 1726 Ἀλλά
687 1671 771 1734 τίς
786 1673 814 1723 ό
833 1668 994 1738 σοφὸς
1008 1666 1116 1721 τῶν
1135 1663 1344 1719 πολλῶν
1357 1663 1533 1731 λόγος,
1548 1662 1676 1715 ὃταν
1695 1659 1869 1714 ταῦτα

284 1771 504 1824 ἅπαντα
543 1765 727 1828 αὐτοῖς
751 1759 1169 1831 διεξέλθωμενδς
1200 1757 1408 1813 Ούκοῦν
1444 1753 1684 1818 πλείονος
1719 1752 1868 1818 ἄξιος

283 1861 438 1914 ἔσται
465 1858 651 1928 τιμῆς.
685 1853 872 1926 φησὶν,
911 1854 940 1906 6
989 1850 1125 1921 μετά
1165 1848 1435 1920 τοσαύτης
1459 1845 1704 1916 ἀνάγκης
1739 1861 1871 1897 κατ-

283 1951 483 2024 ορθῶν.
529 1949 687 2012 Τίνος
714 1948 933 2010 ἕνεκεν,
971 1937 1019 1996 ὦ
1050 1940 1324 2012 βέλτιστε,
1367 1938 1462 1992 καὶ
1493 1935 1583 1990 διὰ
1625 1935 1715 1999 τίς
1749 1934 1870 1987 Ὀτι

286 2021 512 2099 πλείονα
553 2041 790 2114 μόχθον,
823 2039 1021 2108 φησὶν,
1055 2034 1348 2106 ὑφίσταται
1392 2030 1501 2085 ἀπὸ
1529 2027 1623 2082 τοῦ
1665 2027 1868 2098 γάμου.

287 2138 400 2191 Καὶ
419 2136 503 2198 τίς
532 2134 695 2190 αὐτὸν
717 2129 1078 2198 ἀναδέξασθαι
1097 2126 1318 2198 φορτίον
1343 2122 1596 2177 τοσοῦτον
1624 2119 1871 2189 ἠνάγκα-

287 2229 412 2293 ζεν;
447 2230 496 2281 εἰ
527 2226 625 2298 μὲν
659 2223 768 2297 γάρ
797 2222 1018 2293 ἐντολὴν
1042 2220 1284 2290 ἐπλήρου
1317 2215 1540 2286 γαμῶν,
1571 2213 1665 2268 καὶ
1704 2213 1871 2282 νόμου

287 2320 600 2393 παράϐασις
628 2314 698 2390 ἦν
731 2317 795 2370 τὸ
823 2315 898 2388 μὴ
923 2316 1144 2386 γαμεῖν,
1175 2310 1534 2382 εὐπρόσωπος
1555 2302 1760 2368 οῦτοςνό
1787 2304 1874 2357 λό-

287 2431 387 2484 γος
409 2409 498 2485 ἦν·
523 2413 572 2465 εἰ
596 2411 653 2465 δὲ
679 2410 868 2484 κύριος
892 2407 967 2461 ὢν
984 2407 1080 2461 τοῦ
1104 2405 1180 2478 μὴ
1203 2404 1294 2458 τὸν
1318 2403 1478 2471 ζυγὸν
1503 2399 1755 2454 ὑπελθεῖν
1779 2397 1872 2450 τοῦ

287 2503 492 2575 γάμου,
519 2501 683 2564 έκὼν,
709 2499 1109 2570 ἀναγκάζοντος
1132 2495 1365 2560 οὐδενὸς,
1391 2491 1676 2554 δυσκολίας
1696 2487 1875 2560 ἑαυτῷ

285 2595 595 2667 ⁸περιθεῖναι
639 2593 907 2656 τοσαύτας
950 2589 1250 2662 ἠθέλησεν,
1290 2587 1432 2641 ὥστε
1473 2583 1874 2654 ἐπαχθέστερον

289 2666 444 2757 αύτῷ
470 2682 726 2753 γενέσθαι
770 2679 866 2750 τῆς
899 2679 1100 2749 ἀρετῆς
1143 2676 1234 2730 τὸν
1268 2673 1476 2741 ἀγῶνα,
1523 2671 1675 2726 οὐδὲν
1717 2666 1875 2722 τοῦτο

291 2778 434 2850 πρὸς
465 2777 556 2830 τὸν
587 2772 950 2844 ἀγωνοθέτην·
988 2769 1152 2829 αὐτὸς
1175 2767 1285 2838 γάρ
1327 2765 1385 2820 ἓν
1413 2763 1574 2836 μόνον
1613 2760 1876 2827 ἐπέταξεν

291 2869 510 2932 ἀνύσαι,
534 2867 623 2922 τὸν
648 2865 792 2920 κατά
813 2862 908 2918 τοῦ
936 2860 1181 2916 διαϐόλου
1211 2858 1468 2928 πόλεμον,
1490 2854 1586 2910 καί⁵
1612 2855 1711 2925 τὴν
1735 2850 1877 2907 κατά

293 2964 397 3032 τῆς
417 2959 614 3024 κακίας
642 2959 800 3028 νίκην
832 2955 1016 3008 λαϐεῖν
1037 2970 1050 2985 ·
1084 2952 1197 3006 εἴτε
1229 2950 1284 3004 δὲ
1313 2947 1508 3021 γαμῶν
1536 2948 1630 3001 καὶ
1655 2941 1877 3017 τρυφῶν

295 3054 393 3108 καὶ
426 3051 596 3106 πολλά
625 3047 903 3121 μεριμνῶν
931 3063 1014 3109 τις
1049 3043 1204 3117 ἀνύοι
1229 3041 1417 3108 τοῦτο,
1455 3041 1565 3094 εἴτε
1603 3037 1879 3108 ἀσκούμε-

292 3165 388 3211 νος
424 3147 519 3200 καῖ¹
545 3140 930 3212 ταλαιπωρῶν,
959 3139 1053 3193 καὶ
1082 3136 1219 3210 μετά
1246 3134 1339 3188 τοῦ
1373 3133 1537 3205 μηδὲν
1565 3132 1754 3202 ἓτερον
1784 3147 1881 3200 με·

295 3240 520 3310 ριμνᾷν,
541 3237 694 3291 οὐδὲν
710 3232 860 3305 αύτῷ
886 3231 1077 3287 τούτου
1108 3229 1259 3300 μέλει
1280 3225 1485 3280 λοιπόν.
1519 3223 1622 3277 Τὸν
1649 3222 1748 3293 μὲν
1770 3221 1881 3292 γὰρ

293 3333 500 3403 τρόπον
523 3328 626 3397 τῆς
655 3327 832 3396 νίκης,
861 3325 956 3378 καὶ
979 3321 1082 3394 τὴν
1115 3319 1208 3375 ἐπὶ
1236 3318 1298 3371 τὸ
1320 3315 1581 3388 τρόπαιον
1608 3312 1881 3384 φέρουσαν

293 3424 417 3477 666v
432 3421 594 3484 αὐτὸς
611 3418 824 3487 ἐκείνην
848 3412 987 3469 εἷναί
1009 3430 1145 3484 φησι
1167 3412 1268 3483 τὴν
1293 3411 1514 3465 πάντων
1531 3403 1883 3476 ἀπηλλαγμέ-

295 3529 399 3583 νην
421 3511 530 3564 τῶν
567 3506 837 3580 βιωτικῶν
855 3521 872 3538 ο
908 3504 1098 3576 ἐπειδὴ
1127 3503 1185 3557 δὲ
1217 3503 1281 3555 σὺ
1332 3499 1469 3572 μετὰ
1496 3497 1756 3569 γυναικὸς
1786 3495 1882 3550 καὶ

299 3602 506 3658 παίδων
546 3600 638 3654 καὶ
685 3597 792 3652 τῶν
842 3596 1053 3659 τούτοις
1086 3593 1494 3666 ὲπισυρομένων
1547 3588 1884 3660 πραγμάτων

301 3690 694 3766 στρατεύεσθαι
715 3687 893 3758 βούλει
911 3687 1005 3740 καί¹
1026 3683 1155 3738 πολε
1164 3685 1306 3755 μεῖν,
1330 3681 1406 3746 ὡς
1419 3682 1488 3734 τὰ
1513 3679 1652 3733 αύτά
1669 3675 1883 3730 ἀνύσων

299 3789 530 3852 ἐκείνοις
545 3789 655 3851 τοῖς
669 3784 845 3838 οὐδενὶ
857 3781 1061 3837 τούτων
1082 3778 1574 3851 ἐμπεπλεγμένοις,
1594 3775 1687 3829 καὶ
1702 3774 1802 3828 πλε
1811 3773 1885 3827 E0-

299 3904 392 3952 νος
415 3883 741 3940 ἀπολαύσων
762 3880 852 3935 διά
876 3880 1035 3934 τοῦτο
1060 3877 1158 3933 θαύ
1168 3894 1336 3948 ματος
1351 3917 1366 3942 ,
1397 3874 1491 3929 νῦν
1519 3875 1618 3945 μὲν
1640 3875 1769 3938 ῐσως
1790 3873 1884 3926 καὶ

301 3983 612 4055 τῦφονήμῖν
627 3977 945 4049 ὲγκαλέσεις
959 3975 1220 4039 πολὺν,άν
1237 3973 1480 4044 εἴπωμεν
1491 3972 1573 4026 δτι
1584 3972 1644 4025 οὐ
1659 3971 1884 4025 δυνατόν

303 4099 366 4135 σε
397 4080 533 4152 πρὸς
571 4077 672 4148 τὴν
705 4073 874 4146 αὐτὴν
902 4073 1134 4134 ἐκείνοις
1169 4070 1373 4140 φθάσαι
1406 4069 1680 4140 κορυφήψ
1725 4068 1788 4121 τὸ
1828 4067 1885 4121 δὲ

301 4177 458 4240 τέλος
491 4176 588 4229 καὶ
611 4177 641 4228 6
659 4173 770 4226 τῶν
811 4168 1089 4238 στεφάνων
1118 4166 1309 4236 καιρὸς
1336 4165 1457 4218 τότε
1489 4181 1548 4216 σε
1576 4163 1756 4217 πείσει
1783 4180 1886 4216 κα-

302 4274 433 4338 λῶς,
457 4274 538 4326 ὅτι
562 4269 744 4338 πολλῷ
777 4268 985 4339 βέλτιον
1008 4276 1031 4304 ο
1063 4263 1335 4332 ἀσφάλεια
1358 4261 1668 4331 φιλοτιμίας
1701 4261 1883 4330 κενῆς,

303 4367 403 4422 καὶ
425 4367 672 4437 κρεῖττον
696 4361 773 4434 τῷ
793 4357 1015 4431 Χριστῷ
1046 4354 1351 4419 πείθεσθαι,
1383 4354 1416 4424 ἦ
1448 4355 1512 4423 τῇ
1538 4355 1646 4406 τῶν
1667 4353 1887 4406 οἰκείων

303 4456 462 4532 [505]
491 4454 811 4528 ματαιότητι
838 4449 1134 4521 λογισμῶν.
1173 4448 1231 4501 'O
1263 4445 1360 4517 μὲν
1382 4443 1490 4532 γάρ
1514 4443 1746 4532 Χριστὸς
1767 4443 1888 4499 οὐδὲ

302 4527 368 4596 τὸ
398 4527 508 4605 τοῖς
542 4537 764 4601 οἰκείοις
793 4533 1166 4599 ἀποτάξασθαι
1197 4532 1330 4584 πᾶσι
1361 4529 1497 4600 πρὸς
1531 4527 1731 4600 ἀρετὴν
1757 4530 1888 4600 ἡμῖν

306 4641 474 4694 φησιν
491 4622 702 4694 ἀρκεῖν,
724 4618 789 4673 ἂν
813 4618 888 4690 μὴ
916 4617 1012 4671 καὶ
1040 4617 1186 4687 ἡμᾶς
1215 4614 1411 4676 αὐτοὺς
1441 4613 1762 4684 μισήσωμεν
1782 4628 1796 4643 ·
1821 4612 1887 4665 σὺ

299 4708 360 4761 δὲ
410 4709 543 4760 πᾶσι
587 4705 799 4767 τούτοις
830 4701 1134 4774 φυρόμενος
1179 4699 1314 4769 ἔφης
1358 4695 1620 4751 δύνασθαι
1667 4711 1891 4766 περιγε-

304 4790 520 4847 νέσθαι.
581 4788 741 4853 Ἀλλ’,
793 4789 928 4858 ὅπερ
967 4784 1130 4854 ἔφην,
1164 4783 1288 4836 τότε
1336 4780 1458 4852 εἴσῃ
1514 4778 1730 4842 καλῶς,
1765 4779 1889 4832 ὅσον

306 4876 444 4946 πρὸς
477 4873 679 4946 ἀρετὴν
705 4871 960 4943 ἐμπόδιον
993 4866 1131 4938 γυνὴ
1168 4866 1269 4925 καὶ
1295 4863 1550 4931 γυναικὸς
1587 4863 1885 4932 φροντίδες.

366 4957 519 5026 MG”.
534 4957 659 5021 Πῶς
672 4951 787 5018 οὖν,
804 4953 959 5026 φησὶ,
977 4951 1169 5023 βοηθὸν
1184 4950 1354 5020 αὐτὴν
1371 4948 1594 5002 ἐκάλεσε
1610 4948 1709 5016 τὴν
1727 4947 1890 5018 ἐμπο-

302 5042 594 5107 δίζουσανς
621 5039 971 5107 Ποιήσωμεν
990 5036 1100 5107 γάρ
1122 5033 1302 5099 αὐτῷ,
1331 5032 1484 5102 φησὶ.
1505 5029 1740 5098 ,βοηθόν
1760 5031 1888 5084 κατ’

304 5127 516 5179 αὐτόν.
543 5121 713 5194 Κάγὼ
725 5122 782 5176 δέ
801 5139 860 5175 σε
883 5121 1176 5191 ἐρήσομαι,
1194 5117 1311 5180 πῶς
1337 5115 1531 5188 βοηθὸς
1559 5115 1592 5185 ἡ
1623 5113 1890 5185 τοσαύτης

305 5208 738 5280 ἀποστερήσασα
764 5206 856 5259 τὸν
907 5203 1076 5273 ἀνδρα
1127 5200 1450 5270 ἀσφαλείας,
1498 5199 1593 5252 καὶ
1622 5197 1722 5269 τῆς
1761 5199 1891 5253 θαυ-

311 5290 527 5362 μαστῆς
562 5291 662 5362 μὲν
694 5288 911 5359 ἐκείνης
939 5285 1244 5340 ἐκϐαλοῦσα
1279 5283 1556 5353 διαγωγῆς
1589 5282 1687 5353 τῆς
1723 5283 1780 5335 ὲν
1812 5281 1891 5352 τῷ

308 5373 647 5446 παραδείσῳ,
678 5374 760 5436 εἰς
794 5371 854 5426 δὲ
890 5369 990 5441 τὴν
1031 5368 1126 5422 τοῦ
1175 5366 1442 5438 παρόντος
1483 5366 1599 5434 βίου
1645 5366 1891 5436 ταραχὴν

306 5456 654 5529 ὲμϐαλοῦσα;
703 5455 874 5510 ταῦτα
909 5454 1018 5526 γὰρ
1063 5454 1126 5506 οὐ
1176 5452 1337 5524 μόνον
1381 5451 1442 5506 οὐ
1487 5447 1706 5521 βοηθοῦ,
1755 5451 1891 5504 ἀλλά

309 5543 408 5597 καὶ
448 5539 760 5596 ἐπιϐούλου.
805 5539 942 5594 Ἀπὸ
983 5537 1093 5609 γὰρ
1139 5535 1451 5608 γυναικὸς,
1499 5533 1684 5606 φησὶν,
1731 5536 1890 5606 ἁρχὴ

307 5624 622 5695 ἁμαρτίας,
655 5621 756 5677 καί
791 5620 870 5677 δι’
901 5621 1096 5690 αὐτὴν
1133 5620 1604 5690 ἀποθνήσκομεν
1645 5622 1890 5688 πάντες.

374 5850 402 5909 f'
428 5846 550 5909 Reg.
576 5847 908 5904 δυσκάθεκτος.

375 5907 405 6006 ξ
428 5907 548 6006 urg.
573 5909 712 6006 λύσεις
730 5909 846 5982 πρὸς
862 5907 1013 5958 ταῦτα
1035 5909 1220 5961 ἅπαντα
1246 5909 1364 5975 ἅπερ
1402 5909 1559 5967 αύτοῖς
1582 5910 1727 5970 διεξή)
1737 5912 1891 5975 θομεν.

471 5984 538 6006 ρο
567 5984 615 6006 οι
641 6002 650 6006 -
679 5971 772 6006 ,ιιι
820 5971 1014 6006 and...“

430 5974 552 6037 Reg.
567 5984 621 6025 οι
641 5971 792 6023 δίνη.
819 5971 1030 6035 βελτίων.

1615 347 1702 401 nr.
1741 337 2204 399 vmcmnm.

3441 349 3546 404 563

2115 464 2143 515 6
2177 465 2447 555 μακάριος
2553 466 2782 530 Παῦλος,
2821 467 3019 537 Ἀδὰμ,
3049 469 3230 538 φησὶν,
3264 470 3374 521 οὐκ
3400 469 3554 536 ἡπα-

1976 546 2150 611 τήθη·
2182 548 2220 613 ἡ
2251 546 2320 599 δὲ
2359 549 2513 617 γυνὴ
2564 550 2939 618 ἀπίιτηθεῖσα
2973 551 3045 604 ἐν
3086 551 3417 618 παραϐάσει
3460 551 3552 620 ’χέ-

1977 643 2136 693 γονε.
2173 628 2298 692 Πῶς
2334 627 2428 683 οὖν
2465 631 2715 703 βοηθὸςὴ
2755 633 2832 705 τῷ
2869 633 3085 704 θανάτῳ
3109 635 3200 688 τὸν
3227 634 3396 706 ἄνδρα
3423 637 3556 688 ὑπο·

1975 708 2218 776 τάξασας
2253 713 2369 776 πῶς
2401 713 2591 784 βοηθὸς
2619 716 2683 768 δι’
2717 713 2783 788 ἧς
2814 720 2862 770 οἱ
2892 719 2999 771 υἱοὶ
3029 718 3124 771 τοῦ
3153 719 3310 778 Θεοῦ.
3356 718 3554 788 μᾶλλον

1977 791 2034 844 δὲ
2063 793 2261 857 πάντες
2290 798 2341 848 οἱ
2364 797 2462 867 τὴν
2489 799 2592 868 γῆν
2620 800 3002 864 κατοικοῦντες
3030 801 3175 864 τότε,
3212 800 3327 871 ἅμα
3347 801 3556 872 θηρίοις

1979 877 2075 928 καὶ
2107 882 2374 943 πετεινοῖς
2400 884 2494 933 καὶ
2517 884 2629 944 τοῖς
2653 883 2830 947 ἄλλοις
2863 884 3034 939 ἅπασι
3077 884 3236 948 ζώοις
3281 883 3554 937 κατακλυ-

1982 961 2197 1025 σθέντες
2216 964 2526 1028 ἀπώλοντος
2551 967 2663 1034 Ούχ
2689 967 2825 1038 αῦτη
2851 969 2942 1020 τὸν
2964 967 3166 1020 δίκαιον
3193 965 3312 1019 Ἰὼϐ
3335 966 3558 1036 ἔμελλεν

1978 1043 2296 1109 ἀπολλύναι,
2337 1049 2386 1100 εί
2422 1047 2497 1119 μὴ
2534 1049 2738 1126 σφόδρα
2776 1052 2982 1114 ἐκεῖνος
3007 1046 3076 1120 ἦν
3097 1051 3268 1118 ἀνήρς
3295 1050 3390 1118 ούχ
3418 1048 3558 1119 αῦτη

1978 1126 2068 1179 τὸν
2115 1129 2354 1199 Σαμψὼν
2386 1133 2705 1196 ἀπώλεσεν;
2743 1133 2804 1186 οὐ
2848 1133 2910 1184 τὸ
2957 1135 3065 1186 πᾶν
3105 1133 3372 1202 Ἐϐραίων
3405 1132 3560 1198 γένος

1976 1212 2113 1278 αύτὴ
2142 1214 2464 1285 τελεσθῆναι
2494 1216 2572 1287 τῷ
2603 1216 2924 1288 Βεελφεγὼρ
2950 1216 3044 1269 καὶ
3071 1218 3192 1278 ταῖς
3215 1217 3563 1282 συγγενιγαῑς

1977 1298 2353 1368 κατακοπῆναι
2384 1300 2540 1370 χερσὶ
2571 1301 2952 1373 παρεσκεύασε
2977 1315 2991 1365 ;
3027 1298 3131 1351 Τὸν
3153 1297 3210 1351 δὲ
3247 1296 3450 1366 ’Δχαάϐ
3477 1296 3562 1359 τίς

1979 1376 2214 1445 μάλιστα
2243 1381 2322 1452 τῷ
2354 1381 2586 1453 διαϐόλῳ
2621 1383 2930 1454 παρέδωκε,
2965 1383 3061 1435 καὶ
3111 1380 3214 1450 πρὸ
3249 1380 3442 1432 τούτου
3471 1379 3562 1431 τὸν

1975 1459 2300 1532 Σολομῶντα
2331 1466 2470 1534 μετά
2499 1466 2596 1536 τὴν
2635 1467 2836 1537 πολλὴν
2871 1467 3085 1535 ἐκείνην
3116 1465 3310 1533 σοφίαν
3354 1462 3453 1514 καὶ
3477 1461 3562 1514 εὐ-

1974 1541 2296 1614 δοκίμησιν;
2323 1547 2398 1600 Ού
2430 1549 2594 1618 μέχρι
2620 1552 2714 1604 καὶ
2736 1550 2831 1602 νῦν
2861 1549 3031 1603 πολλὰ
3061 1549 3190 1612 τοὺς
3213 1548 3413 1617 ἄνδρας
3435 1547 3560 1606 τοὺς

1976 1626 2185 1706 ὲαυλτῶν
2232 1629 2588 1685 ἀναπείθουσι
2639 1632 3001 1704 προσκρούειν
3028 1633 3107 1703 τῷ
3149 1631 3302 1702 Θεῷ;
3358 1631 3422 1682 ού
3474 1629 3564 1681 διὰ

1976 1709 2136 1762 τοῦτό
2177 1728 2342 1782 φησιν
2389 1715 2418 1766 6
2468 1715 2631 1782 σοφὸς
2676 1717 2884 1778 ἐκεῖνος
2932 1715 3105 1784 ἀνήρ’
3151 1713 3342 1780 Μικρὰ
3393 1711 3566 1765 πᾶσα

1978 1792 2161 1880 κακία
2383 1797 2619 1880 Ᾱκᾳκίαν
2663 1799 2982 1880 γυναικός
3018 1797 3143 1860 Πῶς
3197 1792 3311 1860 οῦν,
3374 1794 3560 1864 φησὶν.

1979 1869 2134 1928 εἶπεν
2155 1876 2302 1946 αύτῷ
2320 1877 2350 1929 6
2371 1877 2524 1942 Θεὸς,
2555 1879 2908 1949 Ποιήσωμεν
2927 1881 3087 1945 αὐτῷ
3100 1880 3334 1947 βοηθὸν
3357 1877 3563 1943 ὅμοιον

1979 1956 2173 2023 abab;
2201 1960 2322 2014 οὐδὲ
2354 1961 2463 2032 γὰρ
2492 1961 2748 2031 ψεύδεται
2777 1965 2806 2016 6
2837 1963 2991 2027 Θεός.
3017 1963 3154 2016 Οὐδὲ
3179 1962 3289 2029 ἐγὼ
3317 1958 3475 2013 τοῦτο
3495 1957 3562 2012 ἀν

1981 2041 2458 2134 εἴποιμ’-ἄπαγε·
2496 2046 2997 2134 ἀλλςᾳέγένετο-μὲν
3026 2045 3122 2097 ἐπὶ
3152 2045 3310 2098 τοῦτο
3345 2043 3438 2097 καὶ
3474 2042 3564 2095 διὰ

1981 2125 2158 2189 τοῦτο,
2192 2126 2292 2180 οὐκ
2319 2127 2551 2198 ἠθέλησε
2589 2128 2646 2182 δὲ
2683 2132 2861 2200 μεῖναι
2892 2129 2986 2182 ἐπὶ
3015 2129 3116 2197 τῆς
3147 2128 3354 2190 οἰκείας
3382 2125 3562 2191 ἀξίας,

1983 2207 2234 2279 καθάπερ
2268 2207 2362 2263 οὖν
2387 2212 2507 2265 οὐδὲ
2534 2213 2562 2265 6
2589 2212 2793 2283 ταύτης
2821 2213 2981 2283 ἀνήρ.
3019 2213 3130 2265 Καὶ
3157 2211 3266 2281 γάρ
3295 2211 3507 2263 ἐκεῖνον
3535 2211 3566 2261 6

1981 2291 2115 2357 Θεὸς
2144 2294 2369 2366 ἐποίησε
2396 2297 2516 2350 κατ’
2543 2297 2728 2350 εἰκόνα
2757 2296 2853 2351 καὶ
2883 2295 3146 2367 ὁμοίωσιν
3183 2293 3282 2365 τὴν
3332 2292 3527 2346 ἑαυτοῦ
3546 2309 3561 2332 '-

1983 2377 2337 2447 Ποιήσωμεν
2358 2380 2487 2450 γὰρ,
2524 2381 2710 2451 φησὶν,
2741 2381 3058 2448 ἄνθρωπον
3081 2380 3210 2432 κατ’
3234 2379 3440 2432 εἰκόνα
3468 2375 3566 2451 καί

1983 2443 2420 2530 καθ’-ὁμοίωσιν
2779 2443 2967 2534 ὥσπερ
2999 2460 3096 2518 οὖν
3125 2461 3265 2528 εἰπε,
3293 2443 3566 2528 Ποιήσωέ

1980 2559 2096 2622 μεν
2127 2542 2291 2608 αὐτῷ
2318 2545 2584 2614 ,βοηθόν-
2621 2547 2910 2618 γενόμενος
2957 2546 3015 2600 δὲ
3048 2545 3334 2616 ἀμφότερα
3366 2542 3567 2607 εὐθέως

1984 2625 2288 2680 ἀπώλεσεν.
2326 2627 2463 2682 Οὔτε
2532 2629 2642 2702 γάρ
2691 2630 2753 2684 τὸ
2809 2630 2933 2683 καθ’
2986 2630 3248 2701 ὁμοίωσιν
3281 2625 3569 2696 δὲφύλαξε

1987 2706 2127 2777 (πῶς
2153 2709 2284 2781 γὰρ,
2305 2711 2483 2776 ἐνδοὺς
2507 2713 2776 2785 ἐπιθυμίᾳ
2806 2713 3015 2784 ἀτόπῳ,
3041 2712 3136 2765 καὶ
3168 2711 3352 2783 ἀπάτῃ
3381 2709 3566 2774 ἁλοὺς.

1987 2792 2082 2845 καὶ
2105 2792 2180 2864 μὴ
2213 2798 2490 2866 κρατήσας
2517 2795 2726 2867 ἡδονῆς)
2746 2836 2760 2859 ,
2777 2796 2837 2849 τό
2853 2813 2912 2848 τε
2939 2795 3059 2849 κατ’
3080 2795 3265 2849 εἰκόνα
3293 2794 3386 2847 καὶ
3409 2793 3569 2847 ἄκον-

1985 2892 2076 2938 τος
2108 2878 2356 2950 ἀφῃρέθη
2389 2879 2602 2931 λοιπόν·
2629 2880 2690 2933 ού
2719 2879 2827 2951 γὰρ
2859 2879 3054 2950 μικρὸν
3073 2877 3236 2932 αὑτοῦ
3264 2879 3364 2948 τῆς
3392 2875 3568 2946 ἀρχῆς

1987 2959 2016 3010 ὁ
2048 2958 2178 3022 Θεὸς
2209 2961 2510 3031 ύπετέμετο
2537 2963 2723 3034 μέρος,
2747 2963 2839 3016 τὸν
2863 2962 3089 3036 φοϐερὸν
3114 2962 3286 3016 ἅπασι
3315 2959 3568 3030 καθάπερ

1986 3041 2273 3112 δεσπότην,
2308 3043 2498 3115 ὥσπερ
2531 3045 2749 3116 οἰκέτην
2795 3045 3089 3115 ἀγνώμονα
3124 3042 3264 3114 μετά
3305 3043 3368 3095 τὸ
3401 3059 3569 3113 προσ-

1989 3125 2218 3196 κροῦσαι
2252 3126 2330 3197 τῷ
2357 3126 2614 3200 δεσπότῃ,
2645 3131 2756 3192 τοῖς
2787 3128 3102 3199 ὁμοδούλοις
3138 3128 3370 3196 ποιήσας
3401 3127 3568 3186 εύκατ

1989 3210 2345 3280 ταφρόνητον.
2399 3211 2556 3282 Παρὰ
2590 3212 2690 3282 μὲν
2722 3213 2832 3284 γὰρ
2863 3212 2963 3284 τὴν
3002 3212 3177 3284 ἀρχὴν
3219 3211 3448 3272 καὶτοῖς
3476 3207 3573 3277 θη-

1994 3293 2129 3362 ρίοις
2154 3297 2318 3348 πᾶσιν
2342 3294 2603 3364 ἐπίφοϐος
2627 3291 2695 3366 ἦν
2716 3313 2729 3326 ·
2754 3297 2935 3351 πάντα
2955 3297 3064 3367 γὰρ
3090 3295 3226 3367 πρὸς
3249 3294 3409 3348 αὐτὸν
3433 3294 3573 3364 ἠγα-

1990 3393 2087 3444 γεν
2116 3379 2144 3430 6
2177 3377 2328 3441 Θεὸς,
2359 3378 2455 3432 καὶ
2483 3378 2634 3432 οὐδὲν
2666 3379 2815 3450 αύτῷ
2835 3378 3180 3452 λυμήνασθαι
3206 3378 3326 3432 οὐδὲ
3353 3377 3572 3429 ἐπιϐου-

1991 3458 2180 3513 λεῦσαι
2232 3461 2565 3532 ἐτόλμησεν·
2607 3461 2756 3533 ἑώρα
2802 3462 2912 3532 γάρ
2961 3467 3019 3516 ἐν
3066 3461 3214 3532 αὐτῷ
3247 3462 3574 3530 λάμπουσαν

1992 3543 2090 3613 τὴν
2119 3543 2304 3597 εἰκόνα
2336 3545 2433 3615 τὴν
2474 3545 2792 3617 βασιλικήνο
2824 3547 3016 3616 ἐπειδὴ
3055 3545 3113 3598 δὲ
3139 3547 3266 3609 τοὺς
3295 3543 3574 3614 χαρακτῆο

1994 3645 2094 3698 ρας
2126 3627 2365 3691 ἐκείνους
2395 3629 2694 3700 ἠμαύρωσε
2725 3629 2812 3684 διὰ
2858 3631 2956 3701 τῆς
3000 3630 3297 3700 ἁμαρτίας,
3334 3628 3429 3680 καὶ
3463 3626 3575 3678 ἀπὸ

1991 3710 2091 3781 τῆς
2134 3711 2307 3781 ἀρχῆς
2340 3712 2502 3765 αὑτὸν
2535 3714 2749 3783 ἐκείνης
2779 3715 3110 3784 κατήγαγεν.
3150 3713 3357 3782 Ὥσπερ
3389 3707 3482 3763 οὖν
3513 3710 3576 3762 τὸ

1997 3793 2072 3864 μὴ
2107 3795 2324 3846 πάντων
2355 3795 2517 3848 αὐτὸν
2547 3796 2734 3867 ἄρχειν
2764 3796 2872 3850 τῶν
2899 3798 2992 3849 ἐπὶ
3021 3797 3120 3866 τῆς
3151 3795 3277 3866 γῆς,
3311 3795 3426 3848 ἀλλ’
3457 3793 3576 3846 ἔνια

1995 3876 2089 3929 καὶ
2117 3877 2340 3946 τρέμειν
2374 3879 2467 3931 καὶ
2493 3878 2809 3945 δεδοικέναι,
2846 3880 2908 3932 06
2937 3879 3106 3950 ψευδῆ
3136 3880 3280 3931 ποιεῖ
3309 3877 3404 3931 τοῦ
3436 3877 3575 3929 Θεοῦ

1993 3958 2093 4028 τὴν
2113 3960 2384 4028 ἀπόφασιν
2404 3961 2502 4032 τὴν
2526 3962 2810 4031 λέγουσαν,
2841 3963 2946 4016 Kal
2968 3963 3320 4030 ἀρχέτωσαν
3336 3958 3454 4012 τῶν
3471 3962 3576 4026 θητ-

1986 4042 2139 4109 ρίων
2159 4041 2268 4110 τῆς
2294 4041 2405 4111 γῆς
2436 4045 2519 4114 (ού
2538 4045 2645 4116 γὰρ
2673 4045 2822 4115 παρά
2846 4045 2938 4098 τὸν
2959 4043 3248 4109 δεδωκότα,
3267 4043 3402 4096 ἀλλά
3425 4044 3576 4114 ποιρά

1993 4123 2086 4177 τὸν
2115 4124 2371 4196 εἰληφότα
2387 4129 2415 4180 6
2434 4127 2533 4199 τῆς
2556 4126 2801 4193 ἐξουσίας
2821 4125 3283 4199 ἀκρωτηριασμὸς
3304 4124 3574 4195 γέγονεν)·

1995 4206 2166 4273 οὕτως
2194 4210 2315 4263 οὐδὲ
2342 4213 2399 4263 αί
2422 4212 2572 4284 παρὰ
2595 4212 2704 4266 τῶν
2733 4210 3006 4281 γυναικῶν
3036 4210 3320 4264 ἐπιϐουλαὶ
3350 4211 3430 4273 εἰς
3451 4208 3578 4271 τοὺς

1997 4291 2196 4362 ἄνδρας
2206 4294 2504 4366 γινόμεναι,
2523 4296 2884 4369 [ὃθϐῘέκείνῳ
2895 4297 3123 4368 τῷλόγῳ
3135 4296 3484 4367 λυμαίνονται
3499 4294 3579 4363 τῷ

1996 4377 2227 4446 λέγοντι,
2236 4381 2339 4432 Ποι
2348 4379 2586 4449 ήσωμεν
2595 4379 2754 4447 αὐτῷ
2767 4381 3001 4449 ,ϐοηθόν
3011 4380 3140 4434 κατ’
3151 4379 3582 4448 αὑτόν-’ἐγένετο

2001 4461 2100 4531 μὲν
2133 4461 2241 4533 γὰρ
2273 4463 2354 4526 εἰς
2385 4463 2566 4526 τοῦτο,
2596 4464 2696 4518 οὐκ
2721 4465 2901 4535 ἔμεινε
2923 4464 2979 4517 δὲ
3007 4468 3064 4518 ὲν
3089 4463 3283 4535 τούτῳ.
3308 4464 3489 4532 Χωρὶς
3521 4461 3580 4514 δὲ

1998 4545 2188 4598 τούτου
2229 4545 2449 4600 κάκεῖνο
2496 4547 2644 4601 ἔστιν
2691 4550 2886 4614 εἰπεῖν,
2932 4549 3014 4602 ὅτι
3055 4550 3152 4602 καὶ
3189 4548 3326 4619 πρὸς
3353 4546 3451 4616 τὴν
3481 4545 3578 4598 τοῦ

1999 4635 2268 4706 παρόντος
2295 4635 2412 4705 βίου
2441 4635 2720 4702 σύστασιν,
2751 4639 2842 4692 καί¹
2874 4637 3009 4709 πρὸς
3035 4637 3241 4692 παίδων
3278 4635 3463 4707 γονὴν,
3485 4635 3581 4689 καὶ

2000 4718 2135 4790 πρὸς
2171 4719 2404 4790 φυσικὴν
2451 4719 2746 4791 ἐπιθυμίαν
2780 4721 2878 4791 τὴν
2925 4719 3179 4790 βοήθειαν
3210 4719 3578 4772 ἐπιδείκνυται

1997 4803 2098 4873 τὴν
2140 4802 2342 4870 αύτῆςο
2389 4804 2515 4856 ὅταν
2547 4803 2604 4855 δὲ
2637 4804 2836 4874 μηκέτι
2884 4799 3138 4877 καιρὸςῇ
3174 4800 3268 4856 τοῦ
3313 4801 3581 4873 παρόντος

1999 4883 2139 4954 βίου,
2187 4884 2321 4954 μηδὲ
2367 4885 2729 4951 παιδοποιίας,
2780 4886 2915 4957 μηδὲ
2958 4886 3274 4957 ἐπιθυμίας,
3309 4883 3361 4938 τί
3402 4885 3582 4955 μάτην

2001 4967 2362 5038 μνημονεύεις
2395 4969 2628 5022 ἐνταῦθα
2661 4969 2887 5041 βοηθοῦ;
2925 4971 3038 5041 Thy
3074 4969 3184 5041 γάρ
3226 4970 3287 5022 ὲν
3319 4970 3432 5030 τοῖς
3460 4968 3584 5020 έλαο

1997 5051 2203 5121 χίστοις
2246 5052 2640 5126 συλλαμϐάνειν
2659 5065 2683 5095 ο
2723 5053 3026 5124 δυναμένην
3067 5053 3249 5123 μόνον,
3280 5051 3487 5121 ταύτην
3515 5050 3583 5107 ἄν

1996 5151 2081 5198 τις
2131 5136 2190 5187 έν
2238 5138 2350 5199 τοῖς
2396 5139 2655 5206 μεγάλοις
2699 5138 2975 5207 ὲπάγηται
3010 5135 3293 5204 συνεργὸν,
3325 5137 3387 5188 ού
3421 5135 3584 5205 μόνον

1999 5218 2150 5272 οὐδὲν
2171 5219 2400 5291 ὤνησεν,
2424 5221 2560 5275 ἀλλά
2587 5221 2682 5276 καὶ
2713 5221 3059 5275 συνεπόδισεν
3087 5219 3250 5275 αὐτὸν
3275 5223 3394 5283 ταῖς
3421 5237 3585 5290 φρον-

1999 5305 2128 5358 τίσι.

2070 5400 2200 5452 ΜΖ’.
2228 5399 2294 5452 Τί
2315 5394 2694 5471 οὖννὲροῦμενί
2721 5401 2799 5472 τῷ
2829 5402 3046 5471 Παύλῳ,
3071 5403 3225 5473 φησὶ,
3250 5400 3482 5468 λέγοντι,
3519 5398 3586 5452 Τί
3610 5445 3614 5447 .

1999 5479 2189 5584 εἶδος,
2219 5485 2504 5584 ἶύςαι,.εί
2548 5486 2658 5584 τὼς
2683 5485 2875 5584 ἄνδρα
2912 5484 3172 5584 σώσεις-ς
3201 5487 3297 5538 καὶ
3329 5484 3427 5555 τὴν
3455 5483 3585 5552 βοή·

2001 5566 2154 5620 θειαν
2197 5567 2370 5637 αὐτῆς
2420 5568 2726 5636 ἀναγκαίαν
2775 5568 2871 5622 καὶ
2919 5568 2978 5623 ἐν
3031 5571 3142 5632 τοῖς
3195 5570 3585 5639 πνευματικοῖς
3613 5566 3639 5619 ἐ

2001 5650 2389 5721 ἀποφαίνοντι;
2425 5653 2536 5707 Καὶ
2567 5653 2678 5724 ἐγὼ
2700 5653 2860 5708 τοῦτο
2900 5653 3268 5726 συνομολογῶ.
3305 5653 3441 5708 Οὐδὲ
3477 5646 3591 5723 γὰρ¹

2064 5847 2092 5934 :1
2119 5843 2275 5934 lsavii.
2295 5850 2350 5899 τὸ
2363 5852 2473 5934 ἕατ’
2496 5853 2670 5934 εἰκόνα,
2693 5853 2802 5934 οὔτε
2825 5855 2879 5903 τὸ
2901 5856 3004 5903 καθ’
3034 5858 3108 5917 όμ.

2162 5925 2224 5934 Αη
2268 5929 2335 5934 Α...
2395 5931 2418 5934 _,
2457 5916 2506 5934 [ξ
2541 5933 2576 5934 ηε
2635 5919 2700 5934 ιιι
2761 5933 2775 5934 7
2810 5918 2855 5934 «κ
2939 5918 2990 5934 ην

2119 5913 2240 5978 μσς.
2263 5915 2600 5978 συμϐαλέσθαι.
2625 5917 2720 5964 Am
2749 5913 3102 5978 συλλαμϐάνειν.

2071 5972 2087 6011 ί
2117 5972 2240 6039 Reg.
2269 5972 2486 6026 el'SaVil.
2513 5979 2560 6027 in
2590 5987 2738 6040 marg.
2769 5979 2812 6025 τί
2838 5972 2916 6028 οὖν
2946 5979 3240 6042 imago-Spem

3615 5458 3625 5487 ἰ
