3884 6214
345 331 452 389 569

324 449 496 521 αὐτὴν
531 444 809 510 παντελῶς
842 444 1098 499 έκκόπτω
1140 445 1244 515 τῆς
1279 445 1338 496 ἐν
1369 444 1484 506 τοῖς
1528 440 1919 510 πνευματικοῖς

327 532 648 604 συμμαχίας
663 547 678 563 ⁸
707 529 786 602 μὴ
811 529 1025 598 γένοιτο
1040 544 1056 562 ο
1076 528 1215 583 ἀλλά
1238 527 1361 582 τότε
1381 544 1455 596 φη
1465 527 1527 595 μὶ
1556 524 1726 577 ταῦτα
1749 522 1920 591 αὐτὴν

325 613 653 686 κατορθοῦν,
707 614 838 667 ὅταν
873 612 949 684 μὴ
998 612 1069 664 τὰ
1111 609 1208 664 τοῦ
1255 611 1436 685 γάμου
1485 608 1736 680 πράττῃ,
1785 604 1923 659 ἀλλὰ

329 701 570 772 μένουσα
619 700 686 769 τῇ
747 696 907 767 φύσει
951 695 1092 767 γυνὴ
1143 693 1281 766 πρὸς
1327 693 1427 762 τὴν
1475 691 1586 751 τῶν
1633 688 1922 772 μακαρίων

325 771 540 856 ἀνδρῶν
589 781 793 855 ἀρετὴν
841 779 1116 851 διαϐαίνῃ.
1165 779 1242 831 Ού
1291 776 1404 848 γὰρ
1440 771 1918 856 καλλωπιζομένη,

325 855 449 922 ούδέ
477 866 760 938 τρυφῶσα.
790 863 912 918 οὐδὲ
950 862 1251 934 προσόδους
1291 859 1599 915 ἀπαιτοῦσα
1625 858 1719 911 τὸν
1750 855 1922 926 ἀνδρα

327 952 650 1023 χρημάτων,
678 948 802 1003 οὐδὲ
849 946 1148 1019 πολυτελὴς
1180 944 1442 1017 γινομένη
1483 943 1576 997 καὶ
1605 939 1918 1011 δαπανηρά,

325 1034 501 1098 οὓτως
551 1033 715 1088 αὑτὸν
769 1032 1062 1104 δυνήσεται
1109 1027 1536 1098 ἐπαγαγέσθαι⁸
1564 1041 1580 1056 ·
1625 1025 1741 1080 ἀλλ’
1790 1024 1920 1077 ὅταν

325 1120 588 1192 ἀνωτέρω
617 1116 885 1188 γενομένη
928 1115 1148 1169 πάντων
1181 1113 1290 1167 τῶν
1343 1111 1626 1183 παρόντων
1662 1107 1921 1181 πραγμά-

324 1220 457 1270 των,
498 1204 592 1256 καὶ
636 1201 730 1255 τὸν
769 1199 1126 1255 ἀποστολικον
1170 1199 1229 1251 ἐν
1264 1198 1431 1268 ἑαυτῇ
1461 1193 1922 1268 χαρακτηρίσασα

328 1288 466 1359 βίον,
503 1285 706 1358 πολλὴν
739 1284 838 1357 μὲν
868 1283 967 1356 τὴν
995 1283 1322 1346 ἐπιείκειαν,
1361 1280 1566 1351 πολλὴν
1600 1278 1658 1333 δέ
1701 1278 1800 1346 τὴν
1829 1294 1913 1330 x0-

327 1371 620 1442 σμιότητα,
648 1368 850 1439 πολλὴν
880 1367 937 1422 δέ
981 1367 1084 1438 τὴν
1113 1365 1222 1420 τῶν
1267 1363 1571 1437 χρημάτων
1617 1360 1920 1432 ὑπεροψίαν

327 1455 424 1510 καὶ
453 1453 553 1525 τὴν
581 1450 937 1518 ἀνεξικακίαν
979 1447 1411 1521 ἐπιδεικνύηται,
1462 1447 1581 1502 τότε
1623 1445 1788 1501 αὑτὸν
1829 1443 1921 1498 δυ-

326 1540 554 1610 νήσεται
593 1537 735 1594 ἑλεῖν
754 1553 769 1567 °
797 1537 925 1590 ὅταν
952 1533 1112 1605 λέγῃ,
1145 1535 1437 1602 Ἔχοντες
1473 1531 1531 1586 δέ
1567 1531 1794 1600 τροφὰς
1818 1530 1916 1582 καὶ

327 1621 750 1691 σκεπάσματα,
797 1618 1033 1685 τούτοις
1070 1615 1572 1685 ἀρκεσθησόμεθα
1595 1629 1609 1644 '
1658 1614 1786 1668 ὅταν
1831 1613 1918 1666 διά

326 1705 438 1759 τῶν
476 1705 653 1776 ἔργων
681 1702 856 1756 ταῦτα
882 1699 1173 1770 φιλοσοφῇ,
1211 1698 1304 1756 καὶ
1347 1698 1445 1753 τοῦ
1478 1695 1792 1768 σωματικοῦ
1825 1696 1920 1748 θαο

327 1790 494 1845 νάτου
533 1783 915 1856 καταγελῶσα,
951 1783 1118 1856 μηδὲν
1148 1783 1288 1837 εἶναι
1317 1781 1452 1854 λέγῃ
1501 1781 1600 1852 τὴν
1635 1780 1920 1852 παροῦσαν

329 1873 478 1945 ζωήν
496 1889 510 1904 ο
534 1873 662 1927 ὅταν
687 1870 869 1929 πᾶσαν
893 1867 989 1922 τοῦ
1018 1866 1135 1938 βίου
1162 1865 1354 1919 τούτου
1375 1866 1474 1936 τὴν
1495 1863 1654 1930 δόξαν
1673 1862 1814 1917 κατὰ
1829 1863 1918 1916 τὸν

328 1957 618 2029 προφήτην
660 1953 822 2016 ἀνθος
861 1949 1002 2005 εἶναι
1035 1950 1232 2021 χόρτου
1277 1949 1495 2022 νομίζῃ.
1536 1948 1650 2003 Οὐκ
1689 1948 1798 2019 ἀρα
1839 1947 1918 2018 τῷ

333 2041 571 2094 συνεῖναι
591 2036 842 2106 καθάπερ
870 2033 1032 2104 γυνὴ,
1059 2032 1236 2100 τούτῳ
1263 2032 1438 2086 σῶσαι
1469 2033 1495 2071 δ
1519 2031 1613 2084 τὸν
1631 2031 1803 2101 ἄνδρα
1828 2030 1918 2084 δυ-

332 2127 579 2196 νήσεται,
637 2119 775 2175 ἀλλά
822 2118 902 2190 τῷ
956 2118 1048 2171 τὸν
1101 2116 1460 2186 εὐαγγελικὸν
1507 2114 1916 2169 ἐπιδείκνυσθαι

335 2212 448 2285 βίον
468 2225 483 2239 ο
515 2207 638 2262 ἐπεὶ
673 2206 770 2267 καὶ
796 2204 977 2275 γάμου
1012 2201 1182 2285 χωρὶς
1229 2201 1493 2285 ἐποίησαν
1509 2199 1682 2285 Δτοῦτο
1723 2198 1918 2285 πολλαὶ

331 2281 609 2363 γυναῖκες.
650 2288 716 2342 Ἡ
745 2288 856 2358 γὰρ
877 2284 1178 2358 Πρίσκιλλα
1207 2281 1300 2338 τὸν
1342 2283 1584 2337 Ἀπολλὼ
1613 2283 1918 2352 προσλαϐο·

335 2378 495 2446 μένη,
527 2374 686 2450 φησὶ,
720 2373 856 2446 πρὸς
879 2372 1059 2425 πᾶσαν
1087 2366 1500 2440 ἐχειραγώγησε
1530 2368 1630 2440 τῆς
1661 2366 1918 2438 ἀληθείας

334 2462 438 2532 τὴν
458 2459 596 2514 ὀδόν.
623 2457 686 2512 Εἰ
711 2456 770 2511 δέ
799 2455 895 2510 νῦν
918 2453 1079 2508 τοῦτο
1106 2455 1207 2508 οὐκ
1235 2455 1469 2522 ἐφεῖται,
1496 2450 1610 2506 ἀλλ’
1641 2462 1664 2491 ο
1690 2452 1784 2505 ἐπὶ
1809 2451 1917 2504 τῶν

332 2541 610 2614 γυναικῶν
656 2541 756 2612 τὴν
783 2539 954 2612 αὐτὴν
986 2539 1196 2594 ἔνεστιν
1241 2536 1615 2605 ἐπιδείξασθαι
1656 2536 1916 2608 σπουδὴν,

333 2631 428 2684 καὶ
451 2628 513 2681 τὸ
563 2625 695 2681 αὐτὸ
728 2623 922 2696 κέρδος
968 2621 1405 2696 καρπώσασθαι·
1461 2621 1556 2677 καὶ
1600 2619 1710 2694 γὰρ
1735 2661 1751 2685 ,
1781 2621 1919 2692 ὅπερ

333 2711 506 2782 ἔφθην
535 2709 724 2771 εἰπὼν,
757 2707 878 2761 οὐδέ
903 2705 1214 2778 ἐκείνη,διά
1245 2705 1308 2760 τὸ
1343 2705 1481 2777 γυνὴ
1511 2701 1672 2769 εἶναι,
1703 2704 1794 2758 τὸν
1823 2705 1917 2759 ἀν-

330 2790 744 2868 εραὲφέλκεται
769 2805 782 2820 ·
811 2791 933 2844 ἐπεὶ
962 2790 1116 2844 οὐδὲν
1159 2789 1226 2848 ἀν
1278 2788 1520 2845 ἐκώλυσε
1568 2789 1771 2860 μηδένα
1809 2787 1919 2842 τῶν

330 2880 564 2950 ἑχόντων
612 2878 847 2947 γυναῖκα
905 2874 1103 2946 πιστὴν
1131 2874 1360 2929 ἄπιστον
1416 2872 1602 2944 μένειν
1625 2915 1638 2939 ,
1696 2873 1748 2926 εί
1781 2889 1846 2942 γε
1884 2873 1916 2944 ἠ

333 2962 592 3017 συνουσία
636 2960 730 3014 καὶ
778 2959 840 3013 τὸ
884 2959 1152 3011 συνοικεῖν
1207 2956 1269 3008 τὸ
1322 2957 1557 3027 πρᾶγμα
1611 2955 1914 3029 κατώρθου.

346 3047 484 3100 Ἀλλ’
512 3046 612 3099 οὐκ
647 3043 761 3096 ἔστι
792 3039 970 3104 τοῦτο,
999 3039 1101 3092 οὐκ
1125 3038 1312 3102 ἔστιν,
1330 3037 1468 3094 ἀλλά
1491 3039 1552 3093 τὸ
1573 3039 1776 3112 πολλὴν
1793 3040 1918 3092 ἐπι-

331 3129 642 3194 δείκνυσθαι
669 3127 768 3199 τὴν
796 3123 1116 3196 φιλοσοφίαν
1137 3123 1232 3176 καὶ
1257 3122 1356 3193 τὴν
1383 3123 1682 3194 ὑπομονὴν,
1703 3123 1919 3177 καὶτῶν

331 3214 428 3268 τοῦ
455 3215 633 3284 γάμου
669 3209 1044 3282 περιστάσεων
1078 3208 1409 3279 καταγελᾷν,
1441 3209 1536 3260 καὶ
1566 3207 1726 3260 τοῦτο
1756 3207 1920 3279 ἔργον

309 3298 576 3352 -τίθεσθαι
601 3293 886 3366 διηνεκῶς,
909 3291 1070 3347 τοῦτό
1098 3293 1216 3344 ἐστι
1241 3290 1303 3342 τὸ
1332 3289 1518 3343 ποιοῦν
1549 3291 1651 3362 τὴν
1677 3289 1772 3344 τοῦ
1796 3308 1922 3344 συν-

331 3381 610 3442 οικοῦντος
639 3378 875 3448 σωθῆναι
917 3374 1128 3446 ψυχήν9
1167 3373 1244 3436 ώς
1297 3373 1393 3426 ἐὰν
1437 3374 1675 3448 ἐπιμένῃ
1705 3373 1775 3428 τὰ
1809 3374 1920 3431 τῶν

332 3462 609 3534 γυναικῶν
637 3451 990 3530 ἐπιζητοῦσα,
1021 3458 1082 3510 ού
1126 3456 1287 3527 μόνον
1325 3456 1476 3511 οὐδὲν
1501 3457 1664 3512 αὑτὸν
1685 3457 1917 3529 ὤνησεν,

332 3546 472 3604 ἀλλά
495 3546 588 3602 καὶ
614 3541 969 3610 κατέϐλαψεν.
997 3539 1121 3594 Ὅτι
1149 3540 1207 3593 δὲ
1249 3541 1344 3594 καὶ
1379 3540 1521 3594 οὕτω
1558 3541 1668 3596 τῶν
1715 3542 1921 3614 σφόδρα

331 3630 605 3692 δυσκόλων
636 3627 694 3680 τὸ
714 3624 948 3696 πρᾶγμά
962 3625 1132 3687 ἐστιν,
1157 3622 1390 3676 ἄκουσον
1417 3624 1470 3678 τί
1494 3641 1629 3697 φησι
1645 3641 1659 3656 ’
1691 3625 1752 3679 Τί
1770 3625 1920 3697 [507]

333 3717 445 3792 γὰρ
471 3709 660 3777 οἶδας,
684 3710 880 3786 γύναι,
909 3710 960 3763 εἰ
986 3708 1093 3762 τὸν
1127 3707 1318 3777 ἄνδρα
1348 3707 1603 3776 σώσεις;
1644 3709 1833 3780 Τούτῳ
1862 3711 1921 3763 δὲ

332 3799 412 3870 τῷ
445 3797 633 3868 τρόπῳ
661 3795 760 3864 τῆς
787 3793 1116 3864 ἐρωτήσεως
1151 3793 1456 3865 κεχρῆσθαι
1479 3794 1572 3848 ἐπὶ
1603 3793 1711 3848 τῶν
1741 3811 1922 3866 παρα-

331 3883 500 3950 δόξως
543 3878 950 3950 συμϐαινόντων
999 3877 1295 3948 εἰώθαμεν.
1348 3879 1414 3931 Τί
1460 3879 1519 3933 δὲ
1553 3879 1693 3950 μετὰ
1746 3879 1924 3934 ταῦτά

332 3981 504 4038 φησι;
536 3961 785 4018 Δέᾶεσαι
820 3960 1061 4030 γυναικί
1071 3977 1089 4026 ;
1116 3961 1203 4032 μὴ
1235 3961 1389 4032 ζήτει
1409 3964 1626 4018 λύσιν·
1659 3963 1922 4018 λέλυσαι

331 4050 454 4108 ἀπό
482 4047 766 4118 γυναικός
790 4062 808 4112 ;
835 4044 922 4114 μὴ
951 4043 1107 4114 ζήτει
1134 4046 1408 4113 γυναῖκα.
1457 4047 1621 4118 ὐρᾷς
1644 4045 1760 4118 πῶς
1795 4064 1922 4100 συν-

333 4131 476 4202 εχῶς
534 4132 767 4192 ποιεῖται
812 4129 909 4191 τάς
968 4129 1318 4198 μεταϐάσεις,
1365 4130 1456 4182 καὶ
1492 4129 1690 4202 πολλὴν
1722 4130 1817 4184 καὶ
1851 4129 1919 4184 δι’

331 4217 455 4270 ὅλου
475 4212 501 4252 ἀ
533 4215 632 4290 τῆς
653 4211 1025 4283 παραινέσεως
1059 4211 1326 4282 ἑκατέρας
1355 4211 1452 4282 τὴν
1487 4211 1671 4282 μίξιν;
1709 4213 1920 4284 Ὥσπερ

331 4299 443 4370 γὰρ
470 4300 528 4351 ἐν
549 4292 662 4360 τοῖς
691 4295 821 4368 περὶ
847 4295 942 4348 τοῦ
977 4296 1156 4364 γάμου
1207 4295 1386 4362 λόγοις
1416 4296 1512 4349 καὶ
1538 4296 1664 4360 τοὺς
1694 4298 1793 4366 τῆς
1824 4298 1919 4366 ἐγ-

333 4381 594 4456 κρατείας
647 4371 887 4442 ἐνέϐαλε,
927 4377 1129 4442 μεταξὺ
1163 4377 1443 4447 διεγείρων
1477 4377 1570 4434 τὸν
1619 4378 1918 4451 ἀκροατὴν,

332 4465 477 4520 οὕτω
503 4463 600 4517 καὶ
628 4461 858 4515 ἐνταῦθα
883 4461 1010 4523 τοὺς
1049 4478 1114 4512 πε
1125 4462 1177 4532 ρὶ
1207 4459 1299 4513 τοῦ
1330 4461 1510 4532 γάμου
1539 4461 1731 4534 λόγους
1757 4464 1919 4519 πάλιν

333 4549 596 4619 ἐντίθησι,
628 4544 977 4600 διαναπαύων
1009 4544 1190 4599 αὐτόν.
1229 4543 1474 4617 Ἤρξατο
1512 4546 1621 4600 ἀπὸ
1645 4547 1745 4617 τῆς
1773 4565 1918 4619 παρ-

334 4634 536 4696 θενίας.
559 4632 652 4685 καὶ
673 4631 803 4701 πρίν
829 4646 881 4682 τι
907 4630 1033 4700 περὶ
1057 4627 1227 4700 αὐτῆς
1255 4630 1452 4694 εἰπεῖν,
1482 4628 1686 4694 εὐθέως
1706 4631 1798 4685 ἐπὶ
1826 4633 1918 4687 τὸν

334 4719 476 4790 ὑπὲρ
508 4716 602 4769 τοῦ
639 4715 818 4784 γάμου
860 4712 1017 4780 λόγον
1061 4714 1370 4782 κατέφυγε*
1405 4714 1467 4768 τὸ
1496 4714 1638 4784 γάρ,
1685 4716 1914 4770 Ἐπιτα-

334 4801 453 4871 γὴν
484 4800 596 4852 οὐκ
626 4797 745 4865 ἔχω
765 4837 779 4858 ,
827 4795 918 4848 τὸν
949 4794 1127 4866 γάμον
1161 4805 1183 4832 ἐ
1223 4797 1635 4868 συγχωροῦντός
1677 4799 1792 4851 ἐστι
1824 4801 1919 4852 καὶ

333 4883 645 4949 εἰσάγοντος
688 4873 818 4935 Εἶτα
838 4878 929 4932 ἐπὶ
952 4877 1051 4948 τὴν
1070 4878 1368 4948 παρθενίαν
1392 4879 1582 4944 ἐλθὼν,
1608 4881 1703 4934 καὶ
1723 4881 1917 4948 εἰπὼν,

333 4967 419 5017 ὃτι
457 4961 680 5033 Νομίζω
738 4961 916 5014 τοῦτο
968 4960 1162 5014 καλὸν
1202 4961 1521 5031 ὑπάρχειν,
1561 4962 1748 5034 ἐπειδὴ
1781 4960 1918 5016 εἶδεν

334 5048 418 5099 ὅτι
456 5045 693 5115 συνεχῶς
738 5044 909 5114 αὐτῆς
949 5043 1012 5097 τὸ
1050 5043 1222 5113 ὄνομα
1253 5045 1548 5116 λεγόμενον
1572 5049 1638 5117 τῇ
1684 5047 1917 5119 λειότητι

334 5131 434 5200 τῆς
456 5131 622 5200 ἀκοῆς
647 5128 847 5200 πολλὴν
870 5129 1090 5198 ἐμποιεῖ
1111 5129 1210 5194 τὴν
1237 5129 1577 5202 τραχύτητα,
1609 5133 1669 5184 οὐ
1705 5133 1918 5202 τίθησιν

337 5213 468 5266 αὐτὸ
502 5211 739 5275 πυκνῶς,
775 5211 911 5265 ἀλλά
939 5212 1117 5265 καίτοι
1147 5213 1327 5266 αἰτίαν
1367 5215 1560 5286 ἱκανὴν
1585 5215 1916 5288 παραμυθή-

338 5294 532 5348 σασθαι
556 5296 682 5358 τοὺς
706 5295 846 5364 ὑπὲρ
875 5295 1045 5364 αὐτῆς
1086 5293 1281 5358 πόνους
1316 5297 1487 5350 εἰπὼν
1505 5340 1523 5366 ,
1553 5299 1651 5369 τὴν
1687 5300 1918 5354 ἐνεστῶ-

339 5396 438 5433 σαν
461 5377 705 5450 ἀνάγκην
732 5377 894 5444 λέγω,
923 5377 1044 5431 οὐδὲ
1072 5376 1246 5442 οὕτως
1279 5380 1552 5452 ἐθάρρησε
1581 5382 1745 5436 πάλιν
1778 5401 1917 5456 παρ-

339 5461 522 5518 θενίαν
561 5465 734 5518 εἰπεῖν
753 5503 768 5529 ,
797 5459 937 5515 ἀλλά
973 5460 1060 5526 τί;
1093 5464 1300 5517 Καλὸν
1323 5464 1612 5533 ἀνθρώπῳ
1633 5465 1699 5520 τὸ
1730 5467 1918 5533 οὕτως

337 5541 509 5602 εἶναι.
541 5547 651 5602 Καὶ
677 5545 798 5607 οὐδὲ
825 5543 1176 5616 ἐπεξέρχεται
1195 5546 1275 5618 τῷ
1300 5546 1463 5619 λόγῳ,
1487 5548 1622 5611 ἀλλά
1647 5548 1916 5620 διατεμὼν

404 5675 429 5702 ⁸
461 5671 549 5744 _Sic
571 5672 808 5744 gSavilio
840 5674 1179 5735 rescripsimus
1202 5689 1291 5739 pro
1326 5679 1648 5740 ἐξαγαγέσθαι.
1676 5680 1798 5744 Reg.
1832 5684 1915 5731 ἐπ-

402 5735 548 5782 εσθαι.
576 5734 711 5783 Εοιτ.
1001 5734 1008 5735 ί
1203 5734 1215 5739 ⁷
1417 5734 1426 5740 ’
1479 5734 1488 5740 ’
1751 5734 1779 5744 ν

337 5740 430 5834 άγι)
457 5794 580 5854 Reg.
615 5795 670 5842 ού
805 5795 931 5858 παρὰ
950 5799 1004 5845 τὸ
1031 5799 1232 5848 συνεῖναι
1255 5801 1462 5866 καθάπερ
1494 5805 1608 5864 γυνή
1631 5803 1713 5852 τοῦ
1737 5807 1909 5855 σῶσαι.

400 5857 427 5893 ο
461 5855 586 5893 Ἀλλ’
605 5857 744 5893 (Inani
764 5869 812 5893 ιη
837 5857 945 5893 R90

477 5857 586 5903 Αλλ⁹
605 5857 746 5905 deest
762 5857 812 5904 in
837 5857 961 5906 Rea.

402 5916 429 5964 ὁ
457 5917 536 5964 Sic
562 5919 734 5984 δεινῇ..
754 5921 887 5984 yulg.
913 5916 1168 5984 380N700.
1193 5923 1329 5984 Εωπ.

561 5978 711 6039 Ἱάμον
736 5978 873 6038 dces:
901 5983 952 6041 in
976 5978 1097 6055 Reg;

1081 327 1142 384 S.
1179 324 1468 384 JOANNIS
1503 306 1988 380 CHRYSOST'OMI
2028 317 2350 378 ABCHIEP.
2391 314 2937 374 CONSTANTINOP.

2029 435 2191 490 αὑτὸν
2211 435 2307 490 καὶ
2331 433 2596 505 διακόψας
2623 432 2754 505 πρὶν
2789 432 3025 503 φανῆναι
3051 429 3308 502 σκληρὸν,
3339 431 3464 494 τοὺς
3498 430 3628 500 περὶ

2027 519 2122 576 τοῦ
2152 518 2332 589 γάμου
2369 517 2532 571 πάλιν
2559 515 2781 571 ἐνέϐαλε
2808 515 3029 584 λόγουςο
3070 515 3322 568 Δέδεσαι
3353 515 3591 584 γυναικί
3601 529 3625 581 ς

2028 601 2223 671 λέγων,
2276 601 2364 671 μὴ
2395 599 2550 667 ζήτει
2585 599 2796 653 λύσιν.
2868 598 3022 650 Ἐπεὶ
3054 599 3103 651 εἰ
3151 597 3226 669 μὴ
3264 597 3425 651 τοῦτό
3482 597 3620 662 ἐστι,

2030 686 2167 765 μηδέ
2204 685 2410 756 ταύτην
2437 683 2672 738 ἐνταῦθα
2699 683 3110 738 κατασκευάσαι
3135 683 3234 755 τὴν
3265 680 3625 754 παραμυθίαν

2027 769 2281 826 ἐϐούλετο
2304 811 2320 834 ,
2359 769 2613 845 περιττὸν
2657 769 2798 841 ὑπὲρ
2840 767 3140 840 παρθενίας
3183 766 3625 838 συμϐουλεύοντα

2027 855 2158 928 περὶ
2191 855 2372 926 γάμου
2410 854 2748 933 φιλοσοφεῖν.
2784 849 2920 907 Εῖτα
2967 851 3130 906 πάλιν
3159 851 3255 906 ἐπὶ
3289 849 3389 922 τὴν
3419 848 3626 919 παρθε-

2027 939 2147 995 νίαν
2170 939 2494 1016 μεθίσταται
2513 955 2528 970 ⁸
2557 941 2652 992 καὶ
2676 937 2798 992 οὐδὲ
2831 936 2928 990 νῦν
2953 935 3125 1009 αὐτὴν
3159 937 3228 1012 τῇ
3263 935 3431 1008 κυρίᾳ
3455 950 3625 1008 προσ-

2026 1025 2228 1098 ηγορίᾳ
2260 1023 2437 1090 καλεῖ,
2462 1023 2601 1078 ἀλλά
2631 1023 2720 1089 τί;
2752 1022 3022 1078 Λέλυσαι
3052 1021 3171 1076 ἀπὸ
3200 1021 3518 1092 γυναικός;
3534 1016 3623 1088 μὴ

2027 1107 2185 1176 ζήτει
2218 1108 2493 1180 γυναῖκα.
2544 1107 2709 1162 ’Λλλά
2764 1109 2840 1180 μὴ
2872 1107 3057 1178 δείσῃς
3081 1122 3095 1138 ο
3146 1105 3249 1160 οὐκ
3281 1105 3622 1175 ἀπεφήνατο,

2025 1193 2148 1247 οὐδὲ
2178 1192 2574 1264 ἐνομοθέτησεν
2592 1208 2606 1223 ·
2631 1195 2659 1247 ὁ
2681 1191 2791 1264 γὰρ
2812 1191 2942 1263 περὶ
2966 1190 3061 1244 τοῦ
3077 1192 3256 1260 γάμου
3279 1189 3439 1258 λόγος
3459 1188 3624 1243 πάλιν

2027 1277 2194 1347 ἐγγὺς
2237 1277 2439 1348 ἕστηκε
2460 1316 2475 1342 ,
2519 1275 2712 1330 τοῦτον
2742 1276 2833 1330 τὸν
2865 1275 3030 1345 φόϐον
3060 1275 3253 1340 ἀνιεὶς,
3285 1274 3383 1330 καὶ
3407 1272 3584 1342 λέγων
3604 1287 3618 1302 ·

2027 1361 2164 1416 Ἐὰν
2192 1361 2261 1415 δὲ
2289 1362 2388 1416 καὶ
2413 1361 2632 1432 γήμῃς,
2663 1363 2778 1430 οὐχ
2805 1359 3088 1430 ἥμαρτες.
3145 1359 3309 1416 Ἀλλά
3361 1359 3497 1431 μηδέ
3524 1358 3624 1414 νῦν

2025 1446 2341 1518 ἀναπέσῃς’
2373 1447 2535 1501 πάλιν
2579 1447 2690 1518 γάρ
2743 1463 2805 1499 σε
2854 1445 2948 1498 ἐπὶ
2971 1445 3071 1516 τὴν
3115 1444 3414 1517 παρθενίαν
3447 1444 3620 1501 ἕλκει.

2028 1532 2139 1586 Καὶ
2180 1531 2341 1585 τοῦτο
2369 1533 2399 1584 ὁ
2431 1531 2591 1600 λόγος
2639 1529 2790 1604 αὑτῷ
2819 1529 3091 1601 βούλεται,
3115 1531 3384 1586 διδάσκων
3422 1529 3623 1604 πολλὴν

2026 1618 2092 1687 τῇ
2132 1616 2297 1687 σαρκὶ
2347 1615 2526 1686 θλίψιν
2549 1614 2847 1686 ὑπομένειν
2867 1615 2997 1678 τοὺς
3019 1614 3097 1686 τῷ
3128 1615 3294 1686 γάμῳ
3325 1615 3621 1688 προσέχον-

2025 1716 2145 1764 τας.
2169 1700 2440 1774 Καθάπερ
2464 1699 2574 1774 γάρ
2601 1700 2650 1754 οί
2672 1700 2782 1754 τῶν
2831 1699 3032 1774 ἰατρῶν
3083 1700 3294 1772 ἄριστοι
3327 1701 3420 1756 καὶ
3452 1718 3623 1775 προσ-

2026 1785 2176 1855 ηνεῖς
2206 1784 2496 1856 φάρμακον
2529 1783 2749 1857 πικρὸν,
2780 1783 2812 1852 ἦ
2841 1783 3039 1854 τομὴν,
3069 1782 3103 1852 ἢ
3134 1782 3350 1845 καῦσιν,
3373 1785 3406 1854 ἦ
3433 1801 3486 1836 τι
3513 1784 3622 1838 τῶν

2025 1867 2282 1923 τοιούτων
2326 1869 2631 1941 προσάγειν
2679 1867 2986 1940 μέλλοντες,
3022 1868 3122 1921 οὑκ
3161 1867 3374 1938 ἀθρόως
3407 1868 3470 1922 τὸ
3511 1869 3622 1923 πᾶν

2026 1952 2374 2024 ἐργάζονται,
2398 1953 2515 2007 ἀλλ’
2543 1955 2602 2008 ἐν
2630 1952 2708 2024 τῷ
2741 1951 2946 2024 μεταξὺ
2968 1951 3154 2017 δόντες
3175 1952 3512 2008 ἀναπνεῦσαι
3541 1953 3622 2027 τῷ

2026 2035 2310 2107 κάμνοντι,
2347 2035 2522 2101 οὕτως
2545 2035 2634 2090 ἀεὶ
2664 2035 2727 2089 τὸ
2758 2035 3080 2105 λειπόμενον
3101 2036 3490 2108 προστιθέασι·
3526 2037 3622 2093 τὸν

2025 2120 2188 2174 αὐτὸν
2217 2119 2418 2192 τρόπον
2443 2121 2539 2174 καὶ
2564 2122 2593 2174 ό
2625 2119 2899 2192 μακάριος
2922 2120 3133 2185 Παῦλος
3167 2121 3269 2175 οὐκ
3303 2122 3620 2188 ἀνενδότως,

2023 2203 2144 2256 οὐδὲ
2173 2203 2241 2257 δι’
2265 2203 2412 2267 ὅλου,
2458 2204 2582 2258 οὐδὲ
2611 2203 2812 2274 ἐφεξῆς
2835 2203 2935 2274 τὴν
2970 2205 3102 2276 περὶ
3134 2203 3154 2243 ί
3183 2204 3285 2275 τῆς
3319 2205 3621 2278 παρθενίας

2027 2285 2199 2359 ῦφηνε
2242 2289 2556 2360 συμϐουλὴν
2583 2328 2598 2352 ,
2646 2288 2786 2343 ἀλλά
2825 2288 3135 2342 διακόπτων
3183 2287 3351 2360 αὐτὴν
3379 2288 3620 2360 συνεχῶς

2023 2373 2136 2434 τοῖς
2160 2371 2288 2442 περὶ
2312 2371 2406 2425 τοῦ
2437 2373 2617 2441 γάμου
2649 2371 2852 2440 λόγοις,
2889 2373 2983 2425 καὶ
3011 2373 3218 2443 ταύτης
3242 2373 3304 2426 τὸ
3331 2372 3620 2445 σφοδρότεο

2027 2472 2120 2527 ρον
2168 2457 2550 2520 ὑποκλέπτων,
2592 2456 2839 2528 προσηνῆ
2881 2473 2942 2510 τε
2969 2458 3065 2514 καὶ
3093 2457 3500 2529 εύπαράδεκτον
3526 2457 3619 2514 τὸν

2024 2541 2182 2610 λόγον
2206 2542 2485 2614 ἐποίησεν.
2528 2541 2594 2596 'H
2627 2543 2726 2614 μὲν
2755 2537 2850 2597 οὖν
2880 2541 3099 2612 ποικίλη
3144 2542 3291 2614 μίξις
3314 2542 3425 2597 τῶν
3445 2542 3619 2612 λόγων

2023 2624 2113 2678 διά
2159 2624 2318 2679 τοῦτο
2345 2625 2661 2700 γεγένηται.
2704 2625 2890 2692 Ἄξιον
2919 2625 2976 2680 δέ
3006 2626 3101 2680 καὶ
3132 2627 3272 2680 αύτά
3306 2625 3492 2680 λοιπὸν
3527 2625 3620 2693 ἐξ-

2026 2707 2218 2761 ετάσαι
2242 2708 2312 2761 τά
2343 2709 2565 2779 ῥήματα
2581 2725 2594 2739 ·
2617 2706 2866 2763 Δέδεσαι
2887 2710 3130 2780 γυναικί
3144 2727 3166 2776 ,'
3194 2710 3348 2782 φησὶ,
3361 2709 3448 2779 μὴ
3466 2707 3622 2775 ζήτει

2024 2791 2231 2845 λύσιν.
2266 2791 2439 2849 Τοῦτο
2463 2791 2563 2865 οὐχ
2592 2791 2737 2846 οὕτω
2760 2791 3225 2864 συμϐουλεύοντός
3249 2795 3398 2848 ἐστιν
3415 2833 3430 2857 ,
3457 2793 3532 2856 ώς
3558 2793 3621 2850 τὺ

2025 2872 2229 2939 ἄπορον
2253 2873 2563 2938 δεικνύντος
2592 2873 2686 2930 καί⁷
2705 2874 3072 2942 ἀδιεξόδευτον
3093 2875 3188 2930 τοῦ
3217 2875 3444 2948 δεσμοῦ.
3460 2876 3620 2942 Τίνος

2024 2955 2083 3010 δὲ
2115 2955 2301 3013 ἕνεκεν
2327 2959 2428 3011 οὐκ
2460 2953 2634 3011 εἶπεν·
2672 2959 2858 3029 Ἔχεις
2884 2963 3160 3029 γυναῖκας
3209 2958 3285 3030 μὴ
3314 2959 3620 3033 καταλίπῃς

2025 3042 2198 3112 αὑτήν
2218 3059 2233 3074 ·
2259 3045 2559 3108 συνοικεῖς;
2606 3042 2682 3116 μὴ
2714 3043 2967 3116 διαστῇςο
2998 3043 3134 3098 ἀλλά
3159 3044 3358 3116 δεσμὸν
3391 3046 3492 3117 τὴν
3523 3063 3620 3100 συ·

2026 3125 2222 3194 ζυγίαν
2247 3127 2510 3193 ἐκάλεσε;
2535 3128 2609 3182 Τὸ
2630 3128 2889 3200 φορτικὸν
2911 3129 3146 3184 ἐνταῦθα
3173 3129 3268 3183 τοῦ
3294 3131 3619 3202 πράγματος

2025 3210 2454 3282 ἐνδεικνύμενος.
2489 3211 2640 3285 [508]
2677 3213 2901 3285 Ἐπειδὴ
2930 3214 3042 3284 γάρ
3068 3215 3145 3278 ώς
3170 3215 3264 3269 ἐπὶ
3308 3217 3506 3287 ῥᾷστον
3526 3215 3620 3270 τὸν

2025 3293 2204 3364 γάμον
2226 3294 2464 3358 ἅπαντες
2487 3296 2766 3366 τρέχουσι,
2795 3295 3068 3351 δείκνυσιν
3101 3300 3127 3339 8
3159 3297 3372 3351 ὅτιτῶν
3396 3299 3618 3371 δεδεμέ-

2026 3394 2133 3430 νων
2157 3378 2206 3430 οί
2229 3377 2609 3449 γεγαμηκότες
2635 3378 2788 3436 οὐδὲν
2812 3379 3150 3451 διαφέρουσι.
3187 3381 3484 3436 Κάνταῦθα
3509 3383 3620 3455 γὰρ

2026 3459 2273 3532 ὅπουπερ
2308 3460 2374 3514 ἀν
2409 3459 2614 3534 ἑλκύσῃ
2655 3461 2908 3533 θάτερος,
2942 3461 3158 3534 ἀνάγκη
3195 3465 3288 3520 καὶ
3317 3465 3410 3519 τὸν
3431 3465 3620 3538 ἕτερον

2027 3541 2280 3608 ἕπεσθαι,
2311 3544 2345 3618 ἢ
2369 3543 2824 3610 διαστασιάζοντα
2863 3545 3071 3602 καὶτὸν
3106 3548 3297 3620 ἓτερον
3319 3551 3621 3606 συναπολέ-

2027 3625 2154 3685 σθαι
2175 3627 2390 3699 ἐκείνῳ.
2422 3628 2488 3682 Τί
2513 3623 2630 3692 οὖν,
2661 3629 2757 3684 ἐὰν
2790 3630 2819 3683 ό
2851 3629 2993 3703 ἀνὴρ
3023 3631 3342 3703 καταφερὴς
3367 3633 3394 3672 h
3426 3629 3483 3705 ᾖ,
3515 3651 3620 3707 φη-

2031 3709 2152 3774 σὶν,
2197 3709 2308 3778 ἐγὼ
2341 3711 2399 3764 δὲ
2431 3712 2864 3785 έγκρατεύεσθαι
2914 3713 3227 3786 βούλωμαι;
3277 3715 3514 3788 Ἀνάγκη
3556 3733 3618 3772 σε

2029 3793 2222 3863 ἐκείνῳ
2247 3793 2502 3850 ἔπεσθαι.
2559 3797 2670 3850 Καὶ
2698 3795 2808 3868 γὰρ
2857 3797 2932 3868 μὴ
2989 3796 3319 3871 βουλομένην
3358 3817 3418 3854 σε
3459 3800 3620 3854 τοῦτο

2029 3880 2203 3930 ποιεῖν
2224 3879 2257 3948 ἡ
2288 3877 2440 3948 ἡδεῖα
2459 3878 2554 3932 τοῦ
2577 3879 2758 3950 γάμου
2779 3880 3126 3952 περιτεθεῖσα
3147 3880 3343 3946 ἅλυσις
3361 3883 3617 3938 καθέλκει

2028 3963 2124 4015 καὶ
2157 3963 2460 4016 ἐπισπᾶται
2506 3966 2644 4036 πρὸς
2684 3962 2778 4017 τὸν
2820 3963 3144 4020 συνδεθέντα
3175 3983 3257 4020 σοι
3295 3967 3394 4041 τὴν
3419 3969 3615 4041 ἀρχήν·

2029 4046 2132 4101 κᾶν
2159 4047 2459 4120 ἀντιπέσῃς
2485 4048 2581 4100 καὶ
2609 4046 2879 4121 διακόψῃς
2901 4088 2916 4114 ,
2952 4050 3014 4103 οὐ
3058 4050 3220 4121 μόνον
3245 4051 3346 4114 οὐκ
3372 4053 3618 4124 ἀπήλλα-

2029 4129 2122 4196 ξας
2153 4130 2355 4202 σαυτὴν
2380 4130 2490 4184 τῶν
2509 4131 2745 4202 δεσμῶν,
2775 4132 2912 4187 ἀλλά
2937 4132 3032 4187 καὶ
3052 4135 3132 4199 εἰς
3156 4135 3428 4208 τιμωρίαν
3449 4138 3615 4210 ἐσχάο

2025 4233 2126 4287 την
2157 4215 2433 4278 ἐνέϐαλες.

2077 4300 2218 4354 ΜΗ’.
2236 4297 2412 4370 Ἠγάρ
2425 4299 2648 4362 ἄκοντος
2661 4299 3105 4373 ἐγκρατευομένη
3119 4302 3211 4355 τοῦ
3226 4302 3417 4375 ἀνδρὸς
3426 4305 3616 4376 ούχότι

2027 4381 2134 4443 τῶν
2154 4383 2252 4454 τῆς
2269 4382 2597 4452 ἐγκρατείας
2623 4382 2829 4452 μισθῶν
2852 4382 3236 4455 ἀποστερεῖται
3265 4392 3446 4456 μόνον,
3478 4388 3617 4444 ἀλλά

2028 4466 2122 4521 καὶ
2144 4466 2243 4537 τῆς
2267 4465 2476 4519 ἐκείνου
2514 4466 2755 4536 μοιχείας
2782 4466 2920 4537 αὐτὴ
2954 4466 3044 4520 τὸν
3077 4467 3234 4535 λόγον
3280 4469 3485 4538 ὑφέξει,
3523 4473 3616 4525 καὶ

2025 4548 2385 4630 τὰςεὺθύνας
2430 4549 2629 4619 μᾶλλον
2671 4550 2903 4604 ἐκείνου.
2947 4552 3012 4605 Τί
3040 4552 3278 4624 δήποτε;
3315 4555 3436 4610 Ὅτι
3474 4555 3614 4629 αὑτὴ

2026 4634 2164 4707 πρὸς
2204 4633 2266 4686 τὸ
2303 4633 2577 4706 βάραθρον
2630 4635 2793 4688 αὐτὸν
2829 4635 2930 4706 τῆς
2975 4637 3264 4706 ἀσελγείας
3295 4638 3475 4714 ῶθησε
3513 4641 3616 4711 τῆς

2027 4715 2169 4769 κατά
2197 4717 2360 4787 νόμον
2385 4718 2808 4789 ἀποστερήσασα
2841 4719 3058 4789 μίξεως.
3091 4721 3156 4773 Εἰ
3189 4720 3297 4792 γάρ
3322 4724 3458 4794 μήτε
3476 4725 3614 4795 πρὸς

2025 4797 2204 4868 ὀλίγον
2227 4799 2385 4852 τοῦτο
2436 4803 2609 4852 ποιεῖν
2655 4802 3049 4876 ἐπιτέτραπται
3104 4805 3328 4868 ἄκοντος
3377 4808 3613 4876 ἐκείνου,

2025 4882 2147 4935 τίνα
2181 4881 2248 4935 ἀν
2279 4881 2393 4953 ἔχοι
2434 4883 2765 4955 συγγνώμην
2800 4887 2832 4956 ὴ
2883 4885 3174 4950 διαπαντὸς
3212 4887 3376 4944 αὐτὸν
3408 4891 3616 4962 ταύτης

2024 4966 2336 5040 ἀφελομένη
2367 4967 2466 5038 τῆς
2510 4968 2909 5040 παραμυθίας;
2941 4971 3048 5022 Καὶ
3087 4971 3138 5023 τί
3179 4971 3413 5043 ταύτης,
3457 4977 3612 5046 φησὶ,

2026 5050 2123 5121 τῆς
2163 5050 2408 5120 ἀνάγκης
2442 5053 2537 5105 καὶ
2565 5053 2666 5123 τῆς
2687 5055 2948 5126 ἐπηρείας
2970 5055 3268 5127 βαρύτερον
3298 5059 3493 5126 γένοιτ’
3515 5059 3611 5126 av;

2026 5132 2197 5218 Κάγώ
2219 5133 2374 5218 τοῦτό
2393 5151 2556 5206 φημι.
2582 5137 2741 5201 Τίνος
2762 5137 2951 5193 ἕνεκεν
2969 5138 3291 5204 ὑποϐάλλεις
3315 5145 3379 5217 τῇ
3398 5144 3613 5218 ἀνάγκῃ

2028 5217 2261 5287 σαυτήν;
2293 5216 2483 5272 τοῦτον
2510 5219 2619 5292 γάρ
2635 5221 2726 5274 τὸν
2755 5221 3015 5295 λογισμὸν
3043 5224 3104 5276 ού
3134 5229 3273 5296 μετά
3296 5216 3387 5280 τὸν
3411 5216 3610 5298 γάμον,

2026 5298 2161 5362 ἀλλὰ
2196 5301 2304 5370 πρὸ
2333 5300 2426 5355 τοῦ
2473 5303 2654 5373 γάμου
2695 5304 2879 5358 λαϐεῖν
2913 5305 3103 5378 ἐχρῆν.
3137 5307 3236 5361 Διά
3269 5310 3426 5364 τοῦτο
3459 5313 3553 5366 καὶ
3585 5314 3614 5366 ό

2027 5383 2238 5457 Παῦλος
2278 5385 2510 5454 ὑστέραν
2543 5388 2642 5457 τὴν
2669 5389 2776 5441 ἀπὸ
2814 5389 2907 5445 τοῦ
2936 5391 3140 5459 δεσμοῦ
3191 5393 3304 5458 θεὶς
3342 5395 3611 5467 ἀνάγκην,

2028 5469 2146 5523 τότε
2184 5470 2312 5544 περὶ
2346 5470 2443 5539 τῆς
2471 5470 2677 5535 λύσεως
2706 5473 3034 5545 διαλέγεται.
3064 5475 3248 5530 Εἰπὼν
3278 5477 3408 5547 γάρ,
3438 5479 3612 5534 Δέδε-

2025 5570 2128 5606 σαι
2153 5556 2397 5629 γυναικί
2417 5572 2435 5622 ;
2452 5557 2538 5625 μὴ
2563 5556 2716 5624 ζήτει
2735 5559 2921 5612 λύσιν
2944 5600 2958 5624 ,
2989 5559 3049 5613 τὸ
3076 5560 3376 5630 τηνικαῦτα
3405 5563 3614 5632 ἐπήγα-

2025 5655 2110 5707 γε,
2165 5638 2434 5704 Λέλυσαι
2467 5642 2586 5695 ἀπὸ
2634 5645 2960 5711 γυναικός;
2998 5643 3086 5714 μὴ
3135 5642 3288 5709 ζήτει
3336 5646 3610 5712 γυναῖκα.

2027 5723 2174 5774 "me!
2203 5721 2258 5772 δὲ
2301 5721 2459 5776 τοῦτο
2478 5766 2492 5789 ,
2532 5725 2616 5779 ἵνα
2644 5727 2707 5779 σὺ
2731 5725 2993 5798 πρότερον
3028 5726 3270 5798 ἀκριϐῶς
3307 5729 3609 5801 ἐπισκεψά-

2092 5801 2115 5870 ς
2141 5803 2264 5870 Beg.
2289 5805 2498 5870 ἐξαίφνης
2520 5809 2604 5870 τήν
2627 5809 2748 5870 περί·

2091 5866 2115 5902 8
2138 5865 2257 5938 ξιιιςΔ
2277 5873 2326 5912 el
2341 5865 2451 5938 Sa};
2470 5869 2529 5917 ad
2552 5865 2703 5942 marg;
2727 5874 2789 5927 ὡς
2809 5872 2923 5933 πρὸς
2941 5872 3199 5942 ἐπέρασῖον
3220 5877 3410 5936 πρᾶγμα
3428 5877 3508 5923 τὸν
3524 5876 3612 5942 Ϊάθ·

2030 5944 2115 6000 μοχ
2136 5928 2336 6000 ἀίξαντες
2355 5930 2588 6000 λαίνουσι.
2603 5928 2855 5991 Bcf-uuam;
2877 5946 2988 5999 qua:
3013 5928 3160 5998 l'eclio
3180 5928 3277 5992 nail
3305 5928 3602 6000 spernenda.

2087 5988 2117 6030 ιι
2144 5988 2264 6057 Reg.
2290 5988 2580 6058 κατωςῳής.
