3886 6222
279 325 389 383 509

275 461 395 500 sunt
430 443 584 514 {aries
619 441 700 511 (Ι.
729 439 845 494 Cor.
875 441 930 494 7.
970 437 1098 506 I6)?
1122 437 1317 508 quique
1353 435 1467 506 ejus
1491 431 1855 502 adjumentnm

275 538 441 592 etiam
482 537 535 589 in
572 531 896 602 spiritalibus
921 529 1298 584 necessarium
1325 525 1550 582 censet?
1586 523 1650 578 Et
1683 538 1783 594 ego
1810 522 1862 577 id

279 627 545 680 conliteor
588 641 602 676 :
649 637 754 676 non
797 621 940 675 enim
990 634 1107 674 eam
1151 617 1219 672 ab
1256 617 1401 672 onmi
1449 615 1670 685 Spiritali
1713 614 1864 683 adju-

276 725 460 770 mento
485 713 746 776 excludo;
785 713 1004 766 minime
1027 725 1193 776 vero;
1226 709 1320 765 sed
1362 709 1414 764 in
1461 724 1578 763 eam
1612 715 1864 778 prtestarc

278 807 420 869 dico,
455 821 559 859 non
589 819 709 859 cum
733 810 950 859 exercet
978 817 1040 858 ea
1070 817 1189 871 qua:
1231 799 1552 855 matrimonii
1591 796 1864 863 sunt,-scd

279 914 401 952 cum
443 897 686 952 muliebri
725 909 856 951 sexu
891 893 1160 965 ‘prtedita,
1202 892 1268 948 ad
1310 893 1584 948 beatorum
1627 891 1864 944 virorum

278 990 527 1043 virtutem
563 988 760 1044 evadit.
789 987 975 1057 Neque
999 987 1140 1040 enim
1164 993 1398 1056 compta,
1428 984 1674 1047 delicata,
1704 997 1866 1051 pecn-

279 1081 480 1134 niarios
519 1079 723 1134 reditus
763 1093 794 1133 a
837 1078 952 1131 viro
988 1077 1248 1147 Ilagitans,
1283 1075 1520 1146 prodiga,
1555 1081 1863 1143 sumptuosa

276 1187 402 1225 cum
429 1171 638 1240 eripere
661 1179 841 1240 queat,
864 1168 961 1226 sed
987 1183 1110 1224 cum
1137 1168 1221 1223 his
1251 1167 1410 1222 rebus
1432 1166 1680 1222 onmibns
1703 1164 1868 1219 subli-

281 1262 440 1324 mior,
486 1245 834 1331 apostolicam
875 1260 929 1314 in
968 1275 1028 1315 se
1069 1265 1230 1314 vitam
1278 1257 1550 1327 exprimit,
1602 1269 1866 1309 summam

281 1355 602 1424 probitatem
621 1361 677 1409 et
698 1352 1035 1417 modestiam,
1049 1360 1102 1406 et
1116 1350 1459 1421 pecuniarum
1480 1355 1864 1417 contemptum,

278 1455 336 1501 et
368 1446 707 1502 tolerantiam
736 1443 1132 1510 demonstrans,
1163 1443 1237 1498 ita
1277 1459 1400 1498 cum
1437 1441 1655 1497 demum
1696 1453 1868 1508 expu-

279 1551 448 1606 gnare
484 1537 721 1606 poterit:
749 1552 873 1593 cum
908 1536 1050 1592 dicet
1077 1553 1090 1590 :
1124 1535 1376 1588 Alimenta
1404 1542 1555 1603 atque
1584 1539 1868 1603 tegumenta

283 1630 543 1696 habentes,
573 1629 637 1684 iis
656 1629 874 1684 contenti
901 1644 1075 1683 sumus
1107 1628 1186 1698 (ί.
1216 1625 1351 1680 Tim.
1383 1624 1436 1680 6.
1470 1624 1526 1694 8)
1559 1641 1572 1676 :
1604 1639 1726 1678 cum
1754 1621 1872 1676 hmo

282 1720 444 1775 rebus
482 1720 612 1790 ipsis
653 1719 964 1786 meditatur,
1001 1734 1066 1774 ac
1101 1717 1435 1788 corporalem
1479 1725 1705 1771 mortem
1747 1713 1870 1768 irri-

281 1812 440 1878 dens,
483 1814 646 1866 vitam
679 1812 817 1867 hanc
842 1819 1158 1881 prtesentem
1205 1808 1338 1864 nihil
1381 1823 1503 1863 esse
1546 1806 1717 1860 dicit:
1745 1819 1868 1858 cum

282 1919 498 1959 omnem
520 1905 644 1958 vice
662 1903 818 1974 hujus
837 1902 1061 1973 gloriam
1087 1899 1378 1956 secundum
1405 1897 1719 1968 prophetam
1741 1893 1870 1950 freni

284 2001 472 2054 liorem
497 1997 766 2053 existimat
795 1995 946 2068 (Isai.
979 1995 1069 2050 40.
1096 1995 1170 2064 7).
1200 1993 1314 2048 Non
1346 1992 1506 2062 igitur
1526 2005 1645 2061 qua:
1672 1987 1872 2043 mulie-

285 2089 453 2145 briter
477 2104 600 2144 cum
622 2087 1092 2151 viroconsuescat,
1121 2085 1199 2139 sic
1217 2083 1388 2138 virum
1410 2095 1626 2137 servare
1655 2077 1869 2149 poterit,

283 2179 381 2234 sed
436 2177 565 2235 dum
607 2177 966 2248 evangelicum
1010 2177 1174 2230 vitam
1227 2172 1532 2245 prtestabit;
1582 2169 1686 2225 hoc
1723 2168 1869 2228 enim

283 2271 474 2323 Inttltte
497 2271 661 2324 etiam
684 2270 822 2324 citra
844 2267 1252 2321 matrimonium
1283 2267 1550 2320 fecerunt.
1580 2263 1714 2317 Nam
1749 2261 1870 2317 Pri-

295 2359 480 2425 scilla,
511 2357 706 2428 inquit
734 2359 877 2427 (Aet.
919 2359 1027 2427 I8),
1053 2357 1287 2412 ascitum
1320 2355 1512 2425 Apollo
1535 2369 1631 2424 per
1653 2367 1871 2408 omnem

285 2454 526 2511 veritatis
555 2455 692 2508 viam
734 2452 974 2508 deduxit.
1016 2449 1170 2518 Quod
1216 2449 1262 2504 si
1307 2462 1448 2502 nunc
1497 2462 1602 2501 non
1635 2446 1780 2510 licet,
1816 2452 1875 2500 at

285 2555 512 2616 possunt
553 2544 764 2600 interim
806 2557 932 2613 erga
974 2541 1228 2596 mulieres
1270 2539 1412 2595 idem
1462 2538 1695 2594 studium
1734 2552 1873 2607 prte-

284 2647 455 2702 stare,
497 2633 852 2704 eamdemque
895 2632 1122 2686 fructum
1169 2631 1380 2695 facere;
1430 2644 1552 2683 nam
1593 2627 1735 2698 quod
1760 2627 1870 2696 jam

283 2727 420 2793 dixi,
453 2740 647 2796 neque,
679 2725 768 2780 illa
806 2723 1058 2794 quoniam
1101 2721 1295 2792 conjnx
1341 2729 1444 2786 cst,
1475 2719 1650 2774 virum
1688 2713 1870 2774 trahit.

285 2816 500 2886 Aliuqni
527 2815 658 2870 nihil
680 2823 904 2878 vetaret,
937 2813 1204 2867 neminem
1241 2826 1306 2866 ex
1351 2809 1417 2865 iis
1442 2809 1530 2880 qui
1561 2823 1781 2863 uxorem
1811 2807 1873 2861 li-

283 2909 462 2963 delem
487 2905 718 2960 habeant
753 2903 1017 2958 inﬁdelem
1048 2917 1287 2966 manere,
1320 2901 1363 2956 si
1385 2899 1600 2971 quidem
1639 2912 1872 2953 consue-

287 2998 418 3054 tudo
442 3013 506 3053 ac
531 2997 807 3052 convictus
832 3011 945 3050 rem
972 2995 1218 3050 elIectam
1248 2993 1420 3048 daret.
1453 2993 1523 3046 At
1552 3006 1657 3044 non
1685 2991 1757 3044 ita
1785 3003 1871 3045 res

285 3106 350 3145 sc
376 3089 564 3154 habet;
592 3087 686 3144 sed
703 3089 746 3142 si
763 3088 980 3142 multam
995 3085 1378 3156 philosophiam
1396 3093 1556 3155 atque
1570 3081 1874 3152 patientiam

285 3181 560 3244 exhibeat,
571 3179 616 3232 si
628 3179 856 3250 conjugii
869 3177 1198 3232 calamitates
1208 3175 1462 3242 derideat,
1476 3186 1635 3244 atque
1646 3172 1694 3228 id
1709 3187 1875 3226 unum

285 3273 503 3328 assidue
541 3272 808 3342 negotium
841 3270 1022 3336 ducat,
1061 3267 1115 3322 id
1156 3282 1286 3322 vero
1327 3265 1574 3336 estquod
1601 3263 1718 3334 ejus
1752 3277 1873 3318 cum

287 3381 399 3436 quo
443 3364 644 3418 habitat
685 3363 924 3416 animum
972 3362 1179 3414 salvum
1216 3367 1466 3429 praestet:
1498 3357 1582 3411 sin
1626 3357 1876 3427 persistat

287 3455 570 3510 muliebria
613 3453 903 3524 postulare,
945 3452 995 3507 ei
1040 3458 1199 3506 nocet
1239 3450 1407 3520 magis
1439 3463 1598 3518 quam
1633 3447 1873 3518 prodest.

288 3547 412 3602 lam
437 3562 564 3602 vero
589 3547 672 3602 vel
703 3547 781 3601 sic
817 3561 933 3600 rem
977 3545 1030 3598 in
1060 3543 1246 3614 primis
1273 3541 1546 3597 difﬁcilem
1581 3555 1720 3605 esse,
1749 3540 1875 3596 audi

286 3640 416 3710 quid
457 3639 600 3693 dicat
631 3657 644 3692 :
672 3637 772 3703 Qui
817 3637 918 3692 scis
959 3637 1113 3700 enim,
1152 3633 1354 3701 mulier,
1401 3634 1446 3688 si
1483 3633 1648 3687 virum
1681 3633 1878 3687 salvum

292 3733 492 3803 facies?
529 3745 636 3800 quo
678 3727 1036 3799 interrogandi
1075 3741 1270 3796 genere
1313 3724 1390 3779 uti
1425 3723 1662 3780 solemus
1705 3723 1760 3778 in
1811 3723 1878 3778 iis

290 3839 414 3893 qua:
455 3821 746 3877 insolenter
772 3819 1037 3875 accidunt.
1079 3817 1216 3886 Quid
1257 3830 1386 3871 vero
1426 3823 1547 3886 post
1584 3815 1672 3869 illa
1706 3813 1877 3870 dicit?

293 3913 546 3984 Alligatus
574 3929 625 3966 es
652 3912 839 3965 uxori?
866 3911 971 3964 noli
995 3924 1217 3980 quterere
1241 3907 1580 3970 solutionem;
1603 3907 1795 3960 solutus
1825 3921 1879 3960 es

292 4007 359 4058 ab
401 4005 600 4058 uxore?
641 4003 748 4057 noli
785 4017 1010 4072 quazrere
1046 4016 1274 4054 uxorem.
1317 3999 1495 4060 Vides,
1545 4007 1603 4053 ut
1638 3997 1878 4053 assiduas

296 4096 637 4151 transitiones
665 4093 840 4159 faciat,
869 4101 924 4148 et
951 4092 1201 4160 frequens
1225 4090 1444 4144 omnino
1470 4089 1485 4120 ⁸
1503 4088 1775 4157 utriusque
1789 4101 1881 4142 co-

297 4186 614 4241 hortationis
647 4184 791 4249 velut
817 4181 1334 4252 temperamentum!
1354 4179 1484 4234 Nam
1517 4187 1574 4234 ut
1597 4178 1665 4234 de
1694 4179 1881 4232 matri-

295 4277 479 4332 monio
498 4273 843 4346 disputationi
871 4272 938 4328 de
957 4271 1281 4326 continentia
1312 4283 1613 4324 sermonem
1641 4267 1880 4336 interpo-

297 4369 426 4435 suit,
453 4367 752 4422 auditorem
783 4365 994 4420 interim
1023 4368 1261 4418 excttans
1283 4378 1296 4413 :
1319 4360 1391 4414 ita
1418 4369 1473 4414 et
1497 4358 1584 4413 hic
1607 4358 1880 4413 tractatio-

301 4476 423 4515 ncm
452 4460 521 4514 de
557 4458 896 4512 matrimonio
920 4455 1153 4510 vicissim
1199 4453 1402 4515 inserit,
1445 4467 1568 4506 eum
1609 4465 1877 4506 recreans.

301 4551 541 4608 Exorsns
567 4565 596 4603 a
625 4548 948 4618 virginitate,
984 4556 1270 4614 antequam
1295 4543 1363 4598 dc
1402 4558 1464 4596 ca
1489 4541 1687 4612 aliquid
1712 4541 1881 4596 dixis-

300 4653 404 4707 set,
450 4641 626 4694 statim
679 4639 745 4692 ad
792 4636 1183 4691 matrimonium
1241 4635 1506 4688 recurrit:
1536 4632 1664 4687 illud
1714 4621 1878 4699 enim,

303 4735 624 4802 I’rteceptum
673 4747 775 4785 non
821 4729 1013 4792 habeo,
1056 4725 1452 4781 matrimonium
1473 4733 1496 4764 ⁸
1531 4725 1884 4794 permittentis

287 4837 358 4883 ct
381 4825 762 4880 introducentis
782 4831 884 4876 est.
914 4820 1049 4875 Tum
1072 4819 1160 4881 ubi
1191 4818 1257 4872 ad
1288 4817 1643 4887 virginitatem
1665 4824 1881 4871 ventum

301 4929 407 4982 est.
435 4918 760 4991 dictumque,
787 4914 1016 4969 Arbitror
1042 4913 1136 4966 hoc
1156 4912 1338 4970 bonum
1371 4925 1499 4976 esse,
1529 4922 1651 4962 cum
1680 4907 1887 4962 videret

302 5012 419 5080 ejus
445 5023 637 5065 nomen
667 5005 882 5061 assidue
905 5012 1216 5073 usurpatum
1238 4999 1478 5057 delicatis
1505 4999 1722 5054 auribus
1747 4999 1887 5053 mul-

305 5117 413 5156 tam
449 5099 791 5155 acerbitatem
832 5096 1044 5160 all'errc,
1081 5110 1187 5148 non
1229 5092 1520 5147 identidem
1561 5091 1615 5146 id
1656 5091 1882 5161 repetit;

302 5193 430 5262 quin
462 5191 724 5260 explicata
768 5189 900 5244 satis
938 5185 1096 5257 gravi
1126 5200 1289 5241 causa
1322 5183 1388 5238 ad
1413 5184 1529 5254 ejus
1560 5182 1768 5238 labores
1793 5197 1885 5237 so-

305 5282 514 5348 landus,
545 5281 597 5336 id
616 5289 720 5346 est,
746 5279 964 5334 instanti
991 5277 1328 5342 necessitate,
1357 5290 1423 5329 ne
1445 5274 1523 5329 sic
1546 5272 1761 5345 quidem
1787 5288 1886 5326 au-

305 5390 398 5430 sus
442 5382 526 5428 est
570 5372 929 5442 virginitatem
981 5370 1172 5423 iterum
1224 5367 1534 5432 nominare;
1580 5367 1674 5421 sed
1717 5365 1888 5436 quid?

279 5465 506 5520 bonum
553 5473 626 5518 est
663 5463 855 5518 homini
901 5462 974 5516 sic
1011 5477 1138 5515 esse.
1181 5458 1366 5530 Neque
1409 5474 1527 5514 eam
1569 5458 1890 5514 sententiam

305 5559 670 5630 prosequitur,
714 5557 808 5612 sed
849 5571 913 5612 ea
942 5556 1236 5625 interrupta
1283 5563 1338 5610 et
1366 5554 1552 5622 incisa,
1585 5553 1891 5625 priusquam

373 5703 388 5733 '
425 5701 499 5750 sic
517 5701 653 5762 juxta
670 5698 890 5762 Savilqln
915 5705 963 5749 Β.
979 5732 994 5762 ,
1017 5696 1148 5748 breri
1170 5695 1433 5750 intervallo.
1513 5703 1567 5746 tu.

295 5779 298 5782 ’
373 5763 396 5795 ⁸
429 5759 548 5824 \‘ox',
567 5759 936 5825 nudrmtonium,
959 5761 1105 5811 deest
1133 5762 1180 5808 in
1207 5766 1321 5828 Reg.

1617 315 1704 372 DE
1747 315 2198 372 \‘lRGlNlTATE.

3445 315 3550 372 570

1967 434 2150 504 'gravis
2181 431 2472 498 videretur,
2501 432 2570 487 de
2610 433 2950 490 matrimonlo
2985 449 3195 491 rursum
3222 435 3433 492 disserit
3464 439 3547 493 his

1970 525 2145 579 verbis
2172 540 2184 576 :
2217 522 2469 593 Alligatus
2522 540 2574 577 es
2611 526 2796 577 uxori?
2827 526 2932 579 noli
2961 542 3203 596 quaerere
3251 529 3550 584 solutionem

1969 616 2044 686 (l.
2069 617 2186 672 Cor.
2219 620 2271 672 7.
2303 616 2415 685 27).
2447 618 2578 674 Nam
2607 619 2660 674 ni
2691 620 2740 673 id
2773 627 2937 684 esset,
2967 619 3063 673 nisi
3091 619 3142 673 id
3187 619 3271 674 hic
3299 621 3548 675 solatium

1971 723 2158 777 parare
2193 713 2484 782 cogitaret,
2513 716 2747 782 ineptum
2773 720 2916 767 esset
2959 713 3311 782 virginitatem
3351 729 3550 769 consu-

1972 799 2169 855 lentem
2210 803 2277 857 de
2319 805 2655 860 matrimonio
2692 805 3076 875 philosophari.
3126 806 3324 860 Deinde
3361 807 3550 860 iterum

1971 890 2036 943 ad
2063 891 2414 962 virginitatem
2446 896 2667 960 transit;
2715 911 2778 949 ac
2821 912 2888 950 ne
2927 912 3066 951 nunc
3094 897 3308 966 quidem
3340 899 3554 966 proprio

1972 985 2188 1040 nomine
2212 985 2467 1054 appellat,
2493 985 2587 1041 sed
2613 986 2774 1056 quid?
2804 986 3016 1041 Soiutus
3043 1005 3094 1040 es
3122 988 3184 1040 ab
3220 1005 3376 1042 uxore
3398 990 3423 1042 ?
3448 990 3554 1042 noli

1970 1092 2192 1146 quterere
2234 1093 2464 1130 uxorem.
2497 1079 2566 1131 At
2591 1078 2734 1132 enim
2775 1094 2843 1132 ne
2871 1093 3120 1140 vereare;
3149 1094 3252 1132 non
3291 1079 3341 1133 id
3369 1091 3554 1134 censet

1970 1177 2131 1236 atque
2155 1167 2328 1221 sancit
2353 1183 2367 1220 :
2403 1182 2569 1237 prope
2597 1177 2680 1224 cst
2707 1168 2852 1224 enim
2881 1184 3089 1223 rursum
3119 1171 3187 1223 de
3215 1170 3556 1223 matrimonio

1973 1273 2171 1323 sermo,
2221 1267 2480 1314 terrorem
2525 1275 2647 1314 eum
2692 1259 2908 1315 solvens
2957 1259 3040 1315 his
3071 1261 3290 1316 verbis:
3324 1261 3471 1328 Quod
3512 1263 3555 1316 si

1972 1349 2178 1403 duxeris
2202 1387 2218 1413 ,
2267 1365 2368 1403 non
2397 1350 2612 1418 peccasti
2642 1349 2800 1420 (Ibid.
2825 1367 2873 1404 v.
2902 1348 3018 1423 28).
3066 1351 3133 1405 At
3157 1366 3255 1406 nec
3288 1351 3396 1420 jam
3422 1362 3554 1404 con-

1972 1441 2125 1507 cide;
2157 1457 2277 1496 nam
2306 1442 2497 1496 iterum
2534 1451 2586 1497 te
2613 1442 2680 1498 ad
2711 1442 3066 1514 virginitatem
3096 1443 3275 1508 trahit.
3308 1445 3479 1514 Atque
3503 1445 3556 1498 id

1972 1532 2220 1602 estquod
2249 1533 2381 1599 vult,
2413 1531 2634 1602 docens,
2661 1533 2750 1602 qni
2794 1527 3434 1599 malrimonium'ineant,
3462 1548 3559 1588 eos

1973 1623 2194 1677 multam
2239 1623 2292 1676 in
2336 1637 2499 1678 carne
2542 1623 2935 1678 tribulationem
2977 1624 3260 1678 sustinere.
3301 1623 3368 1678 Ut
3413 1624 3557 1678 cnim

1974 1715 2160 1784 optimi
2188 1715 2383 1784 quique
2413 1715 2684 1770 mcdiciet
2710 1716 2919 1786 benigni
2940 1730 3178 1770 amarum
3201 1715 3557 1771 medicamen-

1977 1817 2087 1861 tum
2117 1815 2208 1860 aut
2249 1806 2542 1861 sectionem
2585 1815 2676 1860 aut
2713 1807 3084 1862 ustulationem
3122 1815 3215 1862 aut
3252 1808 3425 1862 simile
3457 1809 3557 1862 alio

1975 1897 2100 1968 quid
2145 1897 2457 1965 adhibituri,
2500 1913 2607 1953 non
2649 1898 2902 1955 continuo
2933 1909 3100 1954 totum
3146 1909 3422 1971 peragunt,
3463 1903 3558 1956 sed

1975 1987 2098 2045 data
2130 1989 2340 2044 interim
2365 2004 2507 2060 aegro
2536 1991 2908 2060 respiratione,
2943 1990 3012 2044 ita
3038 2005 3250 2061 semper
3269 1991 3556 2061 quodrcli-

1974 2094 2138 2149 quum
2173 2087 2261 2134 est
2293 2079 2564 2135 adducunt
2586 2098 2610 2135 :-
2628 2080 2694 2135 ad
2733 2080 2981 2136 eumdem
3027 2081 3241 2136 modum
3282 2090 3341 2136 ct
3371 2082 3559 2138 beatus

1977 2167 2175 2223 Paulus
2200 2169 2516 2239 virginitatis
2552 2170 2839 2225 consilium
2863 2185 2968 2225 non
3009 2171 3126 2226 sine
3166 2171 3560 2232 intermissione

1975 2266 2032 2314 et
2053 2266 2309 2329 perpetuo
2335 2273 2399 2314 ac
2423 2269 2812 2330 consequenter
2835 2260 3120 2332 pertexuit,
3153 2261 3247 2317 sed
3274 2261 3340 2317 de
3377 2263 3560 2316 matri-

1977 2351 2160 2406 monio
2201 2353 2482 2410 sententiis
2524 2353 2577 2407 id
2605 2353 2818 2408 assidue
2846 2354 3257 2424 interrumpens,
3299 2363 3458 2424 atque
3489 2356 3560 2412 ita

1977 2441 2235 2496 molestiae
2278 2441 2420 2496 illius
2447 2457 2662 2499 sensum
2701 2443 2957 2512 eripiens,
2987 2443 3234 2499 blandam
3274 2460 3338 2499 ac
3365 2447 3560 2514 plausi-

1977 2530 2140 2587 bilem
2168 2533 2466 2588 orationem
2503 2533 2758 2588 reddidit.
2787 2534 2870 2590 0b
2907 2534 2960 2590 id
2990 2535 3150 2606 igitur
3173 2537 3314 2592 varia
3343 2547 3560 2594 sentcn-

1977 2625 2172 2680 tiarum
2211 2625 2368 2694 quasi
2397 2625 2630 2680 miseella
2673 2626 2809 2681 facta
2849 2635 2952 2683 est.
2981 2627 3088 2684 Sed
3124 2643 3301 2699 operte
3329 2631 3562 2699 pretium

1978 2730 2141 2788 porro
2160 2727 2243 2774 est
2259 2718 2370 2788 ipsa
2387 2719 2547 2774 etiam
2565 2719 2724 2774 verba
2744 2718 3015 2791 indagare.
3033 2721 3285 2793 Alligatus
3307 2740 3360 2778 es
3379 2724 3526 2778 uxori
3537 2724 3563 2778 2

1978 2811 2169 2881 inquit,
2202 2811 2307 2865 noli
2334 2827 2556 2882 quaerere
2590 2812 2908 2866 solutionem.
2951 2813 3066 2869 Hoc
3095 2829 3200 2870 non
3243 2824 3349 2870 tam
3376 2830 3564 2871 consu-

1979 2903 2140 2958 lentis
2180 2911 2285 2969 est,
2327 2918 2486 2973 qnam
2532 2905 2730 2959 vinculi
2779 2907 3115 2961 tenacitatem
3156 2922 3219 2963 ac
3255 2907 3564 2964 ﬁrmitatem

1979 2993 2416 3051 demonstrantis.
2454 2995 2810 3062 Quamobrem
2857 3007 3034 3052 autem
3063 3013 3167 3053 non
3205 2999 3360 3066 dixit,
3388 3000 3564 3056 Habes

1980 3084 2242 3140 uxorem?
2271 3101 2340 3140 ne
2367 3101 2485 3140 eam
2511 3085 2728 3152 desere;
2769 3102 2891 3142 cum
2935 3087 3020 3142 illa
3058 3089 3375 3159 conjunctus
3402 3091 3558 3157 vivis,

1983 3191 2054 3233 ne
2079 3175 2314 3244 discede,
2358 3177 2451 3232 Sed
2481 3177 2751 3232 vinculum
2793 3177 3097 3250 conjugium
3127 3181 3377 3236 vocavit?
3403 3182 3564 3236 nimi.

1981 3284 2100 3324 rnm
2129 3277 2186 3323 ut
2209 3269 2284 3323 rei
2311 3269 2653 3324 acerbitatem
2677 3268 2762 3324 hic
2787 3269 3114 3325 ostenderet.
3136 3269 3396 3339 Quoniam
3421 3273 3565 3329 enim

1982 3360 2050 3415 ad
2091 3361 2486 3415 matrimonium
2525 3377 2625 3415 ccu
2669 3361 2735 3416 ad
2775 3362 2982 3417 facilius
3020 3363 3178 3432 vulgo
3218 3374 3580 3430 concurrunt,

1984 3452 2238 3522 conjuges
2264 3453 2500 3508 declarat
2529 3453 2660 3507 nihil
2684 3468 2714 3507 a
2738 3455 2932 3508 vinctis
2957 3453 3206 3521 dilI’c-rre;
3237 3470 3358 3510 nam
3385 3467 3442 3512 et
3481 3457 3568 3512 hic

1983 3559 2316 3616 quocumque
2347 3546 2484 3601 alter
2509 3546 2702 3612 trahat,
2726 3547 2878 3601 alteri
2905 3547 3236 3617 sequendum
3272 3557 3376 3614 est,
3399 3559 3490 3604 aut
3520 3550 3568 3605 si

1983 3651 2214 3707 pugnam
2243 3644 2474 3702 moveat,
2504 3651 2626 3691 cum
2649 3651 2716 3692 eo
2745 3653 2846 3693 una
2877 3637 3231 3708 pereundum.
3251 3638 3390 3707 Quid
3415 3655 3564 3708 vero,

1985 3727 2176 3796 inquit,
2214 3726 2259 3781 si
2291 3727 2373 3780 vir
2407 3726 2699 3782 dissolutus
2740 3726 2848 3793 sit,
2895 3743 2996 3798 ego
3019 3729 3301 3785 continens
3324 3744 3445 3786 esse
3471 3746 3566 3786 ve-

1987 3819 2380 3876 lim?Necesse
2422 3829 2527 3887 est,
2552 3831 2611 3875 ut
2639 3831 2694 3876 tu
2724 3821 2870 3876 illurn
2907 3821 3184 3890 sequaris;
3227 3821 3281 3877 id
3327 3823 3472 3878 enim
3510 3835 3571 3878 ut

1984 3912 2072 3967 vel
2107 3912 2299 3968 nolens
2335 3912 2514 3977 facias,
2537 3911 2771 3981 jucunda
2809 3911 3132 3966 matrimonii
3166 3920 3353 3967 catena
3381 3893 3565 3978 trahit,

1988 4005 2055 4060 ad
2084 4020 2312 4076 eumque
2335 4004 2480 4075 cogit
2517 4005 2608 4074 qui
2635 4012 2808 4060 tecum
2835 4003 2986 4058 initio
3025 4003 3304 4059 devinctus
3331 4013 3413 4060 est
3443 4023 3456 4058 :
3484 4006 3569 4061 sin

1987 4098 2230 4153 obnitare
2255 4112 2318 4152 ac
2352 4105 2404 4152 te
2428 4096 2696 4167 sejungas,
2736 4105 2792 4152 et
2825 4105 2879 4152 te
2915 4096 3137 4153 vinculis
3166 4110 3270 4152 non
3297 4098 3566 4165 exsolves,

1989 4197 2043 4246 et
2071 4190 2122 4244 in
2145 4196 2442 4244 extremum
2472 4189 2786 4259 supplicium
2811 4187 3086 4257 conjicies.

2061 4281 2291 4338 XLVIII.
2326 4282 2454 4349 Qum
2471 4280 2623 4336 invito
2643 4282 2750 4337 viro
2770 4281 3029 4337 continens
3047 4280 3128 4348 sit,
3149 4281 3404 4352 graviores
3417 4299 3571 4353 quam

1989 4375 2032 4429 is
2058 4375 2144 4443 qui
2184 4373 2432 4427 adulteret
2449 4387 2626 4442 poenas
2650 4372 3000 4428 daturam.—-.
3019 4371 3226 4430 Etenim
3248 4389 3370 4446 qua:
3399 4373 3571 4428 invito

1990 4467 2107 4522 viro
2140 4465 2421 4520 continens
2457 4471 2540 4519 est
2561 4503 2578 4531 ,
2610 4477 2715 4519 non
2749 4463 2923 4519 solum
2959 4464 3299 4520 continentiae
3336 4467 3573 4536 pra-miis

1991 4567 2177 4624 caret,
2208 4556 2304 4611 sed
2344 4555 2484 4610 illius
2517 4555 2677 4609 etiam
2708 4553 3023 4609 adulterium
3053 4555 3266 4624 gravius
3292 4569 3456 4626 quam
3485 4556 3574 4611 ille

1996 4647 2106 4702 luet
2131 4661 2192 4700 ac
2233 4647 2514 4717 plectetur.
2541 4643 2676 4712 Quid
2706 4644 2820 4699 ita?
2841 4644 2993 4711 Quod
3018 4659 3140 4698 eum
3167 4643 3400 4714 legitimo
3429 4645 3572 4698 coitu

1995 4739 2319 4804 fraudatum,
2351 4741 2403 4792 in
2428 4738 2659 4792 lascivia:
2687 4735 2995 4792 barathrum
3019 4736 3333 4791 deturbarit.
3363 4735 3495 4790 Nam
3525 4739 3574 4792 si

1995 4848 2061 4889 co
2089 4833 2303 4888 nolente
2335 4845 2434 4885 nec
2465 4831 2740 4892 minimum
2782 4829 2834 4884 id
2874 4829 3049 4884 facere
3090 4829 3443 4899 permittitur,
3469 4845 3573 4899 qua

1994 4929 2146 4985 venia
2173 4927 2328 4997 digna
2355 4927 2424 4981 sit
2449 4941 2569 4996 qua:
2592 4941 2712 4980 cum
2739 4925 2928 4979 solatio
2958 4923 3057 4977 hoc
3083 4934 3339 4994 perpetuo
3366 4924 3579 4993 privat?

1997 5020 2066 5074 Et
2088 5018 2236 5088 quid,
2270 5017 2459 5086 inquit,
2487 5031 2548 5071 ea
2577 5015 2893 5071 necessitate
2919 5030 2982 5068 ac
3009 5015 3220 5069 miseria
3247 5015 3432 5069 durius
3456 5029 3579 5084 pos-

1996 5111 2066 5164 sit
2091 5108 2370 5164 accidcre?
2393 5107 2460 5162 Et
2483 5121 2582 5177 ego
2606 5106 2744 5161 idem
2770 5104 2962 5160 sentio.
2992 5105 3100 5159 Cur
3125 5113 3177 5159 te
3202 5105 3503 5159 necessitati
3528 5106 3580 5159 ei

1967 5210 1970 5213 '
1998 5201 2215 5270 subjicis
2231 5199 2554 5260 ?vcnimvero
2580 5213 2699 5253 eam
2727 5196 2984 5252 rationem
3012 5211 3117 5250 non
3146 5203 3304 5264 post,
3334 5195 3428 5250 sed
3455 5205 3582 5249 ante

1964 5302 1969 5308 '
2002 5291 2397 5357 matrimonium
2418 5289 2729 5352 subductam
2749 5287 3044 5358 oportebat.
3065 5286 3245 5357 Itaque
3263 5287 3420 5342 etiam
3446 5287 3582 5340 Pau-
3624 5313 3632 5359 ξ

2002 5383 2084 5437 lus
2113 5381 2380 5451 pwposita
2413 5380 2626 5434 demum
2656 5378 2850 5433 vinculi
2876 5377 3192 5432 necessitate
3217 5419 3233 5443 ,
3265 5377 3332 5430 de
3358 5376 3580 5430 solutio-
3619 5376 3631 5383 ”

2002 5488 2071 5528 ne
2093 5472 2509 5527 sermocinatur:
2529 5470 2578 5526 ci
2601 5470 2898 5536 sententiae,
2923 5469 3173 5538 Alligatus
3192 5484 3244 5521 es
3263 5469 3453 5521 uxori?
3478 5467 3584 5521 noli

2001 5579 2224 5633 quarrere
2242 5563 2560 5625 solutionem,
2580 5563 2723 5616 illam
2745 5561 2995 5627 subdens,
3017 5560 3228 5614 Solutus
3247 5577 3299 5614 es
3315 5560 3376 5613 ab
3394 5577 3549 5614 uxore
3561 5559 3589 5612 .’

2003 5671 2065 5709 ne
2091 5671 2257 5724 qutere
2285 5671 2512 5709 uxorem.
2543 5654 2598 5710 ld
2637 5664 2813 5709 autem
2840 5653 2994 5716 facit,
3029 5662 3085 5706 ut
3110 5661 3220 5708 tute
3250 5653 3396 5722 prius
3425 5667 3586 5706 accuc

1953 5759 1962 5766 '
2005 5756 2118 5809 rate
2141 5754 2499 5820 perspectaac
2519 5745 2728 5818 cognita
2751 5743 3071 5804 matrimonii
3090 5743 3138 5800 vi
3165 5737 3367 5800 facilius
3391 5744 3457 5799 de
3481 5759 3589 5798 egeo
