3886 6222
382 293 482 351 57!

383 416 550 472 libattt
575 415 872 472 orationem
897 413 1164 470 admittas.
1189 412 1338 480 Quod
1357 413 1405 467 si
1418 413 1628 475 (lusisti,
1652 413 1840 482 inquit,
1866 430 1968 467 non

379 512 605 581 peccasti
622 528 642 575 ;
667 519 714 564 et
739 511 785 565 si
813 516 982 581 nupsit
1006 509 1165 580 virgo,
1196 525 1297 562 non
1324 508 1564 579 peccavit.
1594 506 1673 561 Eu
1704 509 1876 577 magni
1908 509 1970 565 il-

381 602 486 657 lius
511 601 782 668 facinoris,
803 601 1125 656 matrimonii
1148 600 1372 667 scilicet,
1393 600 1616 667 exitum,
1637 609 1694 655 ut
1719 615 1822 655 non
1846 616 1969 656 reus

380 695 580 763 agaris,
609 708 716 747 non
742 701 798 746 ut
824 691 1160 746 admirationi
1192 690 1466 758 habearis;
1499 691 1552 746 id
1582 692 1722 747 enim
1752 703 1834 747 est
1865 694 1968 747 vir-

379 781 614 855 ginitatis
644 799 659 838 :
684 791 937 838 caeterum
964 779 1177 853 conjugi
1208 783 1337 837 satis
1365 782 1434 836 sit
1457 781 1640 836 audire
1664 822 1679 845 .
1710 797 1832 837 eum
1861 797 1964 836 non

377 890 650 945 peccasse.
693 875 804 930 Cur
843 874 1000 945 igitur
1023 915 1040 940 ,
1082 873 1292 944 inquit,
1328 872 1561 927 hortaris
1597 887 1817 928 uxorem
1860 889 1965 928 non

376 965 658 1033 quaerere?
681 964 834 1032 Quod
861 964 1026 1020 semel
1054 964 1302 1019 devineta
1319 1003 1336 1029 ,
1367 962 1500 1017 solvi
1530 963 1677 1018 nefas
1701 965 1790 1030 sit,
1821 963 1962 1033 quod

377 1058 435 1113 in
461 1072 528 1114 eo
561 1057 634 1114 sit
662 1058 847 1128 ingens
875 1056 1114 1114 miseria.
1140 1055 1374 1111 lloccine
1409 1054 1582 1108 solum
1607 1095 1622 1121 ,
1647 1069 1831 1130 qtucso
1853 1094 1868 1119 ,
1897 1071 1965 1109 ex

375 1151 677 1221 virginitate
702 1156 938 1219 qutestus
964 1147 1173 1214 faciam,
1203 1157 1261 1202 ut
1283 1147 1528 1203 miserias
1555 1147 1651 1202 has
1677 1147 1964 1216 etl'ugiam?

374 1251 433 1297 et
456 1241 576 1312 quis
599 1241 956 1310 virginitatem
981 1241 1161 1296 colere
1179 1238 1438 1294 sustineat
1458 1237 1658 1294 tantilla
1683 1237 1964 1293 mercede?

373 1333 500 1403 quis
525 1332 576 1386 in
601 1331 806 1387 tantum
825 1340 1098 1387 certamen
1122 1329 1448 1386 descendere
1466 1329 1701 1384 animum
1725 1329 1958 1398 inducat,

374 1432 646 1478 tantorum
673 1421 928 1477 sudorum
955 1424 1056 1478 hoc
1080 1422 1249 1476 solum
1277 1421 1552 1490 praemium
1578 1422 1871 1490 capturus?

447 1512 634 1570 XLIX.
675 1511 780 1567 Cur
813 1513 877 1567 ab
912 1513 1066 1583 hujus
1104 1513 1217 1566 uiue
1245 1512 1490 1581 jucundis
1523 1511 1592 1564 ad
1627 1512 1960 1580 virginitatem

372 1604 672 1674 instiget.-—
685 1603 821 1672 Quid
837 1603 1010 1658 dicis?
1026 1618 1146 1657 cum
1166 1617 1251 1657 me
1273 1603 1340 1657 ad
1365 1617 1594 1673 pugnam
1614 1618 1736 1657 cum
1751 1603 1957 1658 daemo-

371 1697 530 1754 nibus
557 1709 834 1766 provocas.
865 1695 976 1750 Nec
1003 1697 1135 1750 enim
1159 1693 1300 1749 nobis
1322 1695 1455 1750 lucta
1479 1705 1552 1751 est
1574 1695 1813 1750 adversus
1836 1713 1956 1750 san-

369 1788 574 1859 guinein
603 1798 650 1844 et
678 1803 878 1842 carnem
909 1786 929 1858 (
951 1785 1144 1857 Epltes.
1167 1787 1221 1843 6.
1246 1785 1315 1841 12
1335 1785 1354 1857 )
1375 1826 1391 1853 ,
1420 1802 1540 1842 cum
1562 1797 1764 1842 natura:
1790 1787 1956 1843 furori

366 1880 631 1935 elisistere
662 1879 854 1948 jubes,
883 1894 1007 1934 eum
1045 1893 1206 1934 carne
1239 1887 1294 1934 et
1331 1879 1589 1947 sanguine
1615 1880 1954 1934 constitutam

368 1970 705 2042 ineorporeis
728 1970 1022 2025 Virtutibus
1048 1971 1193 2040 paria
1224 1979 1474 2040 prtcstare
1505 1971 1750 2036 hortaris,
1782 1979 1952 2027 terre-

367 2077 439 2118 ns
468 2075 734 2118 memoras
763 2061 900 2117 bona
925 2103 940 2128 ,
965 2061 1209 2132 dicisque
1235 2076 1334 2116 nos
1363 2062 1683 2116 matrimonii
1714 2061 1956 2117 miserias

367 2164 479 2210 non
506 2153 742 2208 laturas?
767 2151 898 2206 Nam
929 2168 1026 2207 cur
1064 2168 1169 2206 non
1200 2152 1276 2207 sic
1303 2152 1378 2205 ait
1405 2169 1417 2204 :
1449 2151 1601 2219 Quod
1630 2153 1674 2206 si
1716 2153 1956 2222 nupserit

367 2247 539 2315 virgo,
570 2261 673 2298 non
704 2245 962 2313 peccavit,
991 2243 1083 2296 sed
1115 2243 1430 2313 virginitatis
1456 2245 1672 2298 coronis
1692 2258 1751 2298 se
1776 2245 1954 2314 privs-

371 2327 446 2389 vit
466 2371 480 2400 ,
507 2336 716 2405 magnis
750 2334 854 2389 illis
883 2343 938 2390 et
963 2337 1172 2388 areanis
1202 2334 1400 2390 bouis?
1427 2333 1534 2390 Cur
1560 2350 1666 2388 non
1695 2337 1910 2404 prmrnia
1932 2369 1950 2402 ,

364 2441 492 2494 quae
519 2434 638 2494 post
665 2435 934 2480 certamen
965 2441 1059 2480 cas
1085 2435 1353 2491 nutricant,
1380 2427 1665 2490 recensuit,
1695 2435 1750 2481 ut
1777 2428 1828 2482 in
1855 2443 1952 2482 oc-

365 2531 581 2570 cursum
610 2516 869 2586 prodeaat
887 2531 1105 2586 sponso,
1128 2525 1185 2570 ut
1208 2517 1512 2586 splendidas
1533 2519 1776 2575 lucernas
1801 2520 1954 2576 habi-

365 2615 500 2660 tura:
525 2607 664 2670 sint,
693 2615 752 2659 ut
781 2620 985 2660 summa
1014 2619 1136 2660 eum
1165 2606 1330 2676 gloria
1361 2623 1423 2662 ac
1453 2607 1641 2662 fiducia
1671 2609 1868 2679 Regem
1897 2613 1948 2665 in

363 2699 654 2752 thalamum
680 2699 1004 2753 comitentur
1023 2735 1040 2763 ,
1067 2709 1125 2752 ut
1147 2699 1383 2753 omnium
1414 2701 1653 2769 proxime
1673 2702 1789 2771 ejus
1813 2703 1950 2757 solio

362 2797 419 2845 et
459 2791 618 2860 regiis
661 2790 792 2844 toris
833 2789 1157 2860 ell'ulgeant?
1198 2791 1303 2845 Sed
1345 2791 1414 2846 de
1452 2791 1535 2847 bis
1575 2808 1642 2848 ne
1681 2793 1950 2852 levissime

361 2880 576 2950 quidem
601 2881 869 2948 meminit;
897 2881 1122 2952 vitaeque
1149 2882 1480 2936 miseriarum
1504 2885 1815 2940 vacuitatem
1833 2901 1949 2941 sur-

362 2989 482 3028 sum
509 2973 865 3044 deorsumque
885 2974 1068 3044 jactat.
1095 2975 1344 3038 Arbitror,
1371 2975 1558 3044 inquit,
1579 2977 1635 3029 id
1657 2977 1841 3032 bonum
1863 2994 1945 3033 es-

359 3080 415 3118 se
441 3080 460 3119 .°
489 3079 554 3120 ac
590 3065 768 3122 dicere
806 3068 1113 3137 negligens,
1165 3076 1381 3135 propter
1418 3067 1588 3121 futura
1629 3067 1802 3132 bona,
1830 3069 1944 3136 ait,

358 3158 580 3228 Propter
607 3158 874 3212 instantem
901 3160 1259 3214 necessitatem.
1290 3159 1490 3214 Deinde
1529 3176 1738 3215 rursum
1769 3175 1835 3214 eo
1858 3160 1945 3215 di-

355 3258 447 3305 cto
469 3287 487 3313 ,
521 3249 671 3314 Quod
694 3249 740 3304 si
767 3251 995 3319 nupserit
1023 3239 1164 3321 uirgo
1183 3291 1199 3318 ,
1229 3266 1330 3304 non
1359 3251 1579 3320 peccauit
1599 3293 1613 3317 ,
1639 3251 1944 3307 caelestibus

331 3341 614 3420 ‘praemiis,
637 3341 828 3412 quibus
853 3356 910 3395 se
934 3341 1170 3410 privarit,
1195 3341 1410 3398 silentio
1431 3341 1735 3409 praeteritis,
1761 3341 1944 3396 Tribu-

357 3433 620 3500 lationenr,
647 3433 840 3503 inquit,
868 3437 1035 3487 curuis
1061 3433 1310 3488 habebunt
1336 3435 1650 3506 hujusmodi.
1678 3435 1861 3506 Neque
1889 3435 1941 3491 id

356 3527 617 3582 hactenus
641 3525 837 3590 solum,
869 3525 962 3580 sed
991 3525 1058 3581 ad
1089 3526 1249 3582 linem
1276 3541 1444 3596 usque
1473 3526 1633 3592 facit,
1659 3538 1713 3584 et
1741 3529 1940 3584 omissa

355 3617 476 3686 ejus
501 3633 530 3670 a
556 3616 746 3671 futuris
768 3601 925 3671 bouis
949 3615 1411 3672 commendatione
1433 3659 1447 3681 ,
1473 3616 1666 3674 iterum
1694 3618 1760 3674 ad
1790 3635 1940 3674 cam-

355 3709 479 3763 olem
517 3722 736 3763 causam
775 3707 1010 3777 confugit
1031 3746 1049 3774 ,
1083 3706 1302 3775 Tempus
1341 3709 1484 3763 breve
1515 3718 1625 3777 est,
1655 3709 1937 3781 inquiens;

355 3801 583 3870 ejusque
607 3800 744 3862 loco,
775 3799 910 3854 Volo
933 3815 1028 3854 vos
1055 3801 1107 3853 in
1130 3801 1264 3856 emlo
1290 3802 1655 3871 reapleudere,
1683 3813 1736 3860 et
1760 3806 1939 3876 nuptis

356 3895 528 3949 multo
573 3893 886 3948 illustriores
929 3893 1149 3956 haberi,
1190 3908 1402 3948 rursum
1446 3895 1613 3951 haeret
1655 3897 1933 3968 inquiens,

363 3983 492 4039 Volo
512 3994 679 4038 autem
703 3998 787 4038 vos
810 3983 919 4037 sine
939 3982 1279 4039 sollicitudine
1301 4001 1426 4040 esse.
1448 3985 1633 4057 Neque
1659 3988 1712 4042 id
1740 3989 1825 4044 hic
1850 4004 1938 4044 so-

349 4072 463 4138 lum
495 4075 616 4130 facit
643 4110 659 4142 ,
689 4074 783 4131 sed
814 4076 973 4129 etiam
1005 4091 1110 4145 quo
1141 4076 1258 4132 loco
1291 4077 1340 4131 ei
1375 4078 1444 4132 de
1471 4079 1676 4147 injuriis
1702 4078 1937 4136 ferendis

353 4182 532 4221 sertuo
560 4175 644 4222 est
663 4207 680 4233 ,
707 4166 948 4222 eamdem
975 4168 1183 4221 consilii
1210 4168 1349 4221 viam
1379 4168 1516 4222 iniit.
1548 4169 1676 4223 Nam
1704 4185 1826 4225 cum
1852 4171 1936 4225 di-

355 4258 523 4312 xisset
541 4297 557 4320 ,
589 4256 650 4311 Si
676 4258 829 4310 esurit
852 4257 1084 4311 inimicus
1109 4267 1225 4311 tuus
1245 4298 1259 4323 ,
1283 4257 1393 4311 ciba
1417 4259 1598 4324 illum;
1621 4261 1664 4313 si
1691 4261 1812 4326 sitit,
1841 4278 1936 4330 po-

359 4360 466 4403 tum
490 4350 557 4402 do
583 4348 660 4402 illi
680 4348 855 4420 (Rom.
880 4347 967 4401 19..
995 4347 1085 4416 20)
1113 4367 1126 4403 :
1149 4348 1238 4418 qui
1263 4365 1375 4404 rem
1403 4359 1600 4404 tantam
1631 4353 1933 4421 imperaret,

352 4451 646 4511 contraque
683 4448 885 4494 natur-te
913 4440 1286 4494 necessitatem
1318 4441 1411 4494 uiti
1448 4441 1657 4509 juberct
1679 4484 1694 4507 ,
1727 4458 1789 4497 ac
1815 4461 1934 4500 eum

353 4548 488 4602 rogo
533 4541 638 4587 tam
686 4529 1003 4585 intolerabili
1046 4529 1356 4598 decertare,
1389 4532 1477 4588 ubi
1524 4533 1590 4587 ad
1632 4536 1933 4592 mercedem

354 4635 572 4679 ventum
598 4631 715 4687 est,
741 4620 808 4676 de
832 4621 966 4674 ctulo
991 4635 1056 4675 ac
1079 4621 1381 4676 caelestibus
1407 4623 1698 4690 silentium;
1733 4636 1935 4683 tantum

349 4717 472 4785 ejus
499 4731 529 4770 a
559 4730 665 4786 quo
695 4714 854 4770 lmsus
880 4713 954 4768 sis
973 4713 1170 4768 damno
1201 4716 1680 4772 remunerationem
1711 4717 1931 4775 definit:

254 4835 284 4876 ~_
357 4807 427 4861 Id
460 4807 593 4860 enim
629 4805 852 4875 faciens,
884 4804 1090 4874 inquit,
1119 4804 1358 4859 carbones
1386 4807 1518 4876 ignis
1557 4807 1612 4860 in
1637 4809 1748 4879 ejus
1783 4821 1935 4880 caput

268 4871 284 4939 ’ᾗ
355 4893 593 4960 congeris
627 4871 860 4960 illud).
889 4871 1026 4956 Quid
1059 4891 1225 4958 igitur
1253 4907 1317 4947 eo
1361 4871 1537 4948 solatii
1576 4871 1775 4965 genere
1807 4871 1938 4969 usus

353 4981 476 5036 est?
525 4971 642 5035 Non
704 4981 924 5036 inscitia
983 4998 1157 5052 neque
1213 4984 1430 5055 ignarus
1485 4988 1934 5053 quemadmodum

355 5071 676 5127 allicieudus
709 5081 873 5140 atque
907 5073 1244 5128 inducendus
1280 5077 1352 5129 sit
1379 5075 1623 5140 auditor,
1661 5079 1753 5132 sed
1794 5078 1938 5148 quod

355 5162 593 5218 maxime
618 5164 864 5218 omnium
889 5164 1200 5219 mortalium
1225 5165 1326 5221 bac
1354 5169 1552 5222 virtute
1577 5170 1836 5236 praeditus
1861 5186 1945 5227 es-

357 5266 462 5320 set,
493 5254 884 5326 persuadendi,
920 5255 1163 5326 iuquam.
1200 5255 1356 5314 Unde
1389 5259 1441 5312 id
1477 5262 1736 5329 apparet?
1770 5258 1848 5316 Ex
1876 5263 1943 5318 iis

357 5364 481 5417 qua!
495 5347 739 5402 disserit.
759 5345 886 5413 Qui,
899 5356 954 5403 et
967 5349 1269 5418 quomodo?
1283 5349 1581 5406 Corinthiis
1599 5352 1942 5424 loquebatur;

363 5443 519 5513 prius
546 5443 692 5497 enim
712 5441 813 5494 hoc
827 5441 893 5496 de
911 5441 1220 5512 virginitate
1232 5444 1943 5513 expediemus;COt'intliiis,

363 5535 610 5604 inquam,
630 5533 772 5604 apud
796 5550 937 5603 quos
961 5543 1230 5590 statuerat
1250 5536 1387 5590 nihil
1411 5537 1576 5600 scire,
1613 5539 1716 5592 nisi
1751 5536 1945 5593 Jesum

361 5624 677 5697 Christum,
697 5633 752 5681 et
780 5642 904 5682 eum
924 5627 1244 5681 crucifixum
1274 5627 1349 5699 (l‘.
1379 5627 1502 5682 Cor.
1534 5629 1587 5682 2.
1613 5628 1666 5698 2)
1687 5645 1702 5695 ;
1727 5644 1867 5700 quos
1889 5637 1949 5684 ut

367 5717 685 5785 spiritualcs
711 5720 912 5792 alloqui
939 5737 1044 5776 non
1063 5730 1337 5792 potuerat,
1361 5723 1578 5794 etquod
1599 5723 1854 5794 carnales
1868 5739 1950 5794 es-

1111 299 1169 354 S.
1209 298 1486 356 JbaNNIS
1519 297 1994 356 CllBYSOSTOlII
2037 295 2359 358 ARCIIIEP.
2400 300 2942 364 CONSTANTINOP.

3552 312 3664 369 572

2078 424 2201 471 sent
2238 415 2450 484 adhuc,
2498 418 2634 475 lacte
2671 421 2915 489 aluerat;
2954 421 3147 494 quibus
3186 424 3345 481 etiam
3385 441 3506 482 cum
3552 429 3668 485 lure

2075 508 2357 573 scriberet,
2388 510 2502 564 haec
2532 512 2662 567 vitio
2680 512 2880 580 dabat,
2909 515 3014 569 Sed
3043 533 3105 570 ne
3129 534 3264 570 ntmc
3291 521 3491 588 quidem
3519 535 3663 590 pote:

2075 604 2201 665 stis;
2229 603 2395 657 adhuc
2427 605 2561 658 enim
2587 607 2818 661 carnales
2852 609 2972 662 estis
2991 648 3006 675 ,
3037 619 3083 663 et
3106 605 3385 664 secutrdum
3410 613 3665 668 Itoumtens

2071 691 2344 746 amlmlatis
2377 693 2453 764 (1.
2485 695 2601 749 Cor.
2631 696 2684 750 3.
2715 694 2796 769 2).
2831 696 2952 752 Ideo
2976 712 3006 751 a
3033 699 3194 754 rebus
3225 701 3466 767 terrenis,
3497 717 3664 772 aspe-

2071 783 2351 840 cuibilibus
2372 800 2434 840 ac
2455 788 2798 844 sensibilibus
2813 831 2828 855 ,
2851 806 2946 846 eos
2965 800 3017 846 et
3037 792 3102 846 ad
3130 793 3479 862 virginitatem
3504 796 3662 851 insti-

2070 885 2182 945 gat,
2209 885 2263 931 et
2290 892 2320 931 a
2352 879 2691 936 matrimonio
2714 881 2930 938 abducit
2957 901 2970 937 :
2993 885 3133 954 quod
3166 887 3330 955 probe
3355 889 3536 954 sciret,
3557 890 3662 945 de-

2071 965 2245 1037 jvetos
2269 978 2427 1038 atque
2453 985 2651 1039 pronos
2675 982 2726 1028 et
2755 973 2805 1027 in
2834 985 3028 1029 terram
3052 977 3227 1032 adhuc
3247 978 3524 1035 inclinatos
3551 991 3665 1037 ter-

2070 1061 2214 1113 renis
2258 1060 2416 1116 rebus
2463 1063 2630 1132 uiagis
2672 1065 2802 1120 cieri
2845 1081 2908 1121 ac
2946 1069 3140 1138 pellici.
3180 1070 3315 1138 Quid
3352 1082 3434 1128 est
3473 1089 3662 1144 enirn,

2067 1166 2252 1222 qua-so
2271 1193 2287 1217 ,
2315 1153 2456 1224 quod
2487 1155 2728 1212 homines
2753 1159 2967 1229 quidem
2993 1163 3173 1218 rustici
3204 1180 3267 1220 ae
3293 1166 3514 1237 pingues
3541 1179 3658 1225 tum

2069 1245 2252 1312 parvis
2275 1287 2292 1312 ,
2326 1258 2434 1302 tum
2465 1251 2671 1320 magnis
2700 1251 2751 1306 in
2780 1255 2938 1308 rebus
2975 1270 3165 1312 secure
3193 1258 3358 1313 Deum
3387 1270 3442 1315 ct
3471 1263 3659 1332 jurant

2067 1346 2120 1391 et
2150 1337 2421 1408 pejerant;
2453 1342 2503 1395 iu
2541 1345 2716 1412 capite
2753 1361 2880 1402 vero
2907 1349 3134 1404 liliorum
3155 1351 3338 1421 jurare
3365 1371 3656 1427 numquam

2061 1429 2302 1485 animum
2323 1433 2608 1490 inducant?
2628 1452 2856 1507 cumque
2875 1449 2927 1494 et
2952 1442 3242 1511 pet-juriunt
3260 1454 3316 1500 et
3330 1449 3653 1518 supplicium

2063 1520 2165 1578 hoc
2192 1524 2318 1580 illud
2345 1526 2502 1597 longe
2528 1531 2740 1598 gravius
2763 1531 2835 1586 sit
2859 1573 2876 1598 ,
2911 1544 3086 1590 tamen
3131 1535 3232 1592 hoc
3257 1554 3414 1609 quam
3443 1542 3538 1596 illo
3555 1543 3654 1612 ju-

2059 1615 2347 1684 rejurando
2389 1621 2557 1691 magis
2593 1626 2949 1680 continentur.
2981 1630 3138 1698 Atqui
3177 1631 3242 1684 ad
3274 1647 3538 1702 pauperes
3558 1638 3654 1704 ju—

2063 1707 2270 1761 vaudos
2297 1723 2401 1763 non
2432 1711 2654 1779 perinde
2682 1716 3020 1771 sermonibus
3044 1718 3111 1774 de
3140 1730 3303 1790 regno
3328 1725 3650 1793 excitantur,

2060 1797 2159 1850 etsi
2208 1797 2518 1868 frequenter
2558 1803 2805 1870 audiant,
2851 1816 3009 1876 atque
3049 1822 3146 1878 spe
3185 1817 3543 1882 consequendi
3589 1833 3649 1874 tu

2061 1891 2310 1959 prtcsenti
2338 1892 2442 1944 vita
2469 1893 2568 1946 sibi
2590 1904 2679 1948 aut
2700 1895 2885 1952 liberis
2910 1897 3053 1953 boui.
3079 1901 3257 1972 Itaque
3278 1913 3388 1958 tum
3415 1909 3648 1964 maxime

2067 1981 2119 2034 in
2163 1982 2245 2034 his
2283 1983 2602 2052 adjumcntls
2640 1989 2905 2044 ambitiosi
2951 1992 3111 2056 fiunt,
3156 1995 3242 2049 ubi
3285 2013 3349 2052 ex
3393 1998 3651 2056 diuturno

2058 2071 2248 2125 morbo
2288 2076 2686 2140 convaluerint,
2730 2079 2817 2133 ubi
2862 2082 3155 2150 perieulum
3201 2085 3520 2156 elfugerint,
3552 2092 3646 2146 ubi

2056 2162 2423 2230 magistratum
2463 2167 2692 2235 aliquem
2716 2178 2767 2224 et
2803 2170 3086 2240 imperium
3117 2177 3254 2229 nacti
3284 2177 3422 2243 sint;
3453 2181 3646 2249 plane-

2055 2266 2162 2321 que
2187 2254 2354 2309 rnulto
2381 2256 2557 2324 plores
2584 2259 2679 2324 iis,
2710 2275 2828 2328 qua:
2857 2271 2982 2316 ante
3007 2265 3171 2332 pedes
3194 2267 3333 2334 sint,
3366 2271 3531 2340 magis
3556 2272 3647 2326 in-

2056 2343 2207 2396 citari
2232 2345 2622 2414 deprehendas.
2651 2349 2774 2404 llaec
2800 2367 3029 2422 namque
3052 2363 3108 2409 et
3132 2355 3184 2410 in
3211 2358 3458 2414 secundis
3478 2362 3647 2418 vehe-

2055 2438 2288 2492 mentius
2316 2440 2657 2497 exstiumlant
2680 2480 2698 2506 ,
2724 2453 2779 2498 et
2817 2446 2868 2499 in
2905 2447 3145 2504 adversis
3183 2457 3387 2506 terrent
3422 2456 3599 2511 aerius
3624 2497 3642 2522 ,

2051 2527 2194 2596 quod
2227 2528 2415 2584 horum
2445 2546 2656 2588 sensum
2693 2537 3123 2605 propinquiorem
3168 2541 3416 2596 habeant.
3460 2546 3646 2612 Quare

2053 2629 2108 2674 et
2135 2635 2254 2674 eum
2285 2621 2580 2677 Corinthiis
2608 2625 2684 2679 sic
2713 2625 2962 2682 disseruit
2987 2667 3001 2692 ,
3037 2639 3089 2684 et
3122 2631 3392 2688 Romanos
3419 2650 3447 2688 a
3479 2637 3645 2692 rebus

2053 2713 2406 2779 prmseutibus
2449 2713 2514 2767 ad
2560 2717 2764 2784 injuria:
2804 2720 3108 2787 patientiam
3147 2725 3402 2778 exercuit.
3445 2727 3642 2784 Anima

2051 2803 2194 2858 enim
2239 2802 2446 2858 inﬁrma
2486 2805 2726 2862 lacessita
2751 2850 2766 2872 ,
2800 2826 2904 2864 non
2937 2821 3041 2865 tam
3073 2812 3223 2869 facile
3249 2816 3341 2870 ira:
3373 2829 3640 2876 venenum

2050 2895 2294 2961 remittit,
2323 2898 2367 2950 si
2394 2897 2462 2951 dc
2491 2913 2654 2967 regno
2679 2902 2877 2967 audiat,
2903 2913 3060 2974 atque
3091 2907 3141 2960 in
3168 2923 3316 2978 spem
3343 2912 3518 2967 veniat
3545 2930 3640 2969 re-

2049 2994 2251 3041 motam
2277 3028 2292 3052 ,
2323 3003 2478 3058 quam
2517 2992 2560 3044 si
2599 2991 2713 3058 ejus
2748 2994 2836 3062 qui
2865 2995 3108 3062 iujuriam
3143 2999 3351 3055 dederit
3381 3003 3638 3061 ultionem

2046 3087 2340 3148 exspectet.
2369 3080 2548 3152 Itaque
2569 3083 2752 3137 volens
2770 3085 3077 3154 injuriarum
3103 3093 3480 3150 recordationis
3502 3099 3643 3152 radi-

2046 3184 2163 3224 cem
2191 3173 2517 3238 convellere,
2549 3185 2708 3244 atque
2738 3177 2866 3231 iram
2891 3194 3141 3238 amovere
3159 3225 3176 3250 ,
3202 3186 3340 3254 quod
3365 3185 3641 3246 efticacius

2047 3269 2167 3315 erat
2191 3261 2257 3315 ad
2285 3277 2406 3317 eum
2432 3264 2520 3334 qui
2547 3265 2706 3320 lmsus
2728 3277 2870 3323 esset
2894 3271 3173 3327 solandum
3200 3275 3418 3345 profert,
3445 3295 3552 3334 non
3576 3291 3640 3336 ut

2047 3365 2170 3406 cum
2210 3354 2457 3422 repositis
2496 3356 2548 3408 in
2582 3355 2757 3410 futuro
2796 3369 3036 3430 tempore
3073 3366 3304 3432 prmmiis
3342 3367 3636 3440 fraudaret,

2046 3441 2139 3496 sed
2168 3452 2224 3496 ut
2253 3460 2464 3514 quoque
2502 3447 2662 3500 modo
2694 3449 2745 3502 in
2787 3449 3138 3522 philosophia:
3177 3457 3314 3512 viam
3351 3459 3641 3518 induceret

2044 3542 2205 3604 atque
2244 3536 2310 3590 ad
2353 3539 2841 3596 reconciliationem
2882 3545 3076 3600 ostium
3116 3550 3364 3618 aperiret.
3405 3553 3536 3608 Nam
3576 3557 3636 3610 in

2047 3624 2198 3678 omni
2229 3627 2479 3695 praeclara
2514 3629 2780 3686 functione
2819 3633 3024 3689 initium
3061 3635 3234 3694 facere
3261 3640 3636 3701 difficillimum

2041 3726 2162 3784 eSt;
2195 3728 2314 3788 post
2353 3720 2650 3790 ingressum
2688 3738 2749 3777 ea
2791 3742 2894 3779 non
2937 3743 3091 3798 atquc
3127 3741 3210 3786 est
3248 3733 3530 3790 laboriosa.
3559 3741 3639 3796 At

2041 3815 2150 3860 non
2197 3809 2451 3864 Dominus
2491 3821 2673 3868 noster
2707 3813 2861 3869 Jesus
2895 3817 3139 3874 Christus
3177 3821 3316 3876 idem
3355 3823 3496 3892 facit,
3531 3843 3636 3884 nec

2041 3912 2163 3954 eum
2193 3898 2262 3954 de
2289 3901 2594 3971 virginitate
2616 3943 2632 3967 ,
2667 3920 2764 3959 nec
2795 3921 2916 3960 cum
2947 3909 3016 3963 de
3052 3909 3262 3982 injuriis
3289 3913 3519 3970 ferendis
3533 3915 3641 3972 dis-

2041 3998 2221 4060 putat;
2263 3993 2358 4047 sed
2384 3995 2488 4048 illic
2505 3995 2719 4052 caeleste
2744 4013 2960 4068 regnum
3002 4005 3282 4072 proponit:
3308 4005 3440 4062 Sunt
3459 4011 3632 4078 enim,

2041 4081 2249 4150 inquit,
2278 4087 2527 4150 eunuchi,
2553 4088 2642 4158 qui
2679 4087 2870 4160 seipsos
2907 4103 3113 4164 prapter
3145 4109 3352 4167 regnum
3389 4102 3635 4157 ca'lerum

2037 4182 2327 4228 castrorum
2353 4177 2370 4245 (
2399 4175 2586 4231 Matth.
2619 4179 2707 4234 l9.
2743 4180 2808 4234 l2
2832 4178 2851 4252 )
2879 4199 2892 4235 :
2917 4197 3038 4237 cum
3076 4199 3205 4241 vero
3247 4203 3344 4257 pro
3384 4189 3636 4249 hostibus

2041 4269 2243 4334 precari
2276 4278 2456 4324 mouet
2481 4310 2501 4337 ,
2531 4286 2630 4325 nec
2663 4271 2967 4329 detrimenti
2999 4291 3184 4331 eorum
3213 4280 3302 4349 qui
3344 4282 3584 4337 laeserint.
3609 4327 3631 4354 ,

2040 4372 2142 4412 nec
2174 4358 2448 4428 igueormn
2477 4361 2770 4416 carbonum
2802 4365 3082 4434 meminit,
3109 4368 3204 4424 sed
3232 4385 3295 4424 ea
3320 4373 3496 4426 omnia
3525 4391 3635 4443 pu-

2037 4447 2319 4504 sillauimis
2346 4463 2410 4504 ac
2457 4452 2666 4507 miseris
2691 4453 2910 4508 dicenda
2943 4457 3178 4523 mittens,
3204 4459 3318 4530 ipse
3341 4479 3435 4518 eos
3460 4466 3637 4534 majo-

2038 4539 2188 4594 ribus
2231 4541 2464 4609 prauniis
2503 4543 2709 4598 invitat.
2751 4546 3116 4611 Quibusnam?
3147 4549 3213 4605 Ut
3251 4553 3441 4609 similes
3475 4557 3588 4610 sitis
3611 4599 3630 4622 ,

2034 4629 2231 4700 inquit,
2265 4629 2438 4686 Patris
2461 4635 2609 4688 uestri
2631 4635 2720 4706 qui
2742 4637 2794 4690 in
2819 4639 2956 4692 carlis
2977 4650 3050 4693 est
3079 4641 3291 4713 (Matth.
3314 4645 3360 4700 5.
3395 4647 3508 4716 45).
3535 4647 3635 4702 Vi-

2039 4719 2107 4773 de
2132 4730 2386 4790 quantum
2421 4724 2732 4791 prtcmium;
2767 4741 2888 4780 nam
2920 4728 3189 4786 auditores
3217 4743 3368 4788 erant
3399 4735 3588 4791 Petrus
3610 4779 3630 4804 ,

2037 4809 2286 4878 lacubus,
2313 4811 2567 4878 Joannes,
2595 4825 2894 4888 caeteraquc
2921 4823 3281 4889 apostolorum
3312 4825 3461 4880 turba
3488 4846 3500 4880 :
3526 4828 3633 4882 ita-

2038 4917 2143 4971 que
2180 4918 2274 4958 eos
2313 4905 2641 4975 spiritalibus
2679 4910 2915 4978 prmmiis
2957 4913 3139 4968 allicit.
3172 4919 3345 4986 Atque
3389 4919 3526 4974 idem
3570 4931 3633 4979 et

2038 4990 2231 5047 Paulus
2253 4991 2484 5060 fecisset,
2499 4995 2541 5050 si
2555 5007 2675 5050 cum
2689 4997 2949 5068 ejusmodi
2967 5012 3240 5060 tractasset
3260 5009 3382 5063 :sed
3398 5013 3485 5079 qui
3499 5027 3630 5068 cum

2036 5082 2326 5139 Corinthiis
2350 5097 2562 5157 ageret,
2592 5089 2765 5146 adhuc
2795 5092 2976 5149 rudius
2999 5095 3203 5153 affectis
3222 5140 3236 5165 ,
3260 5100 3368 5168 jam
3396 5103 3518 5159 inde
3542 5107 3632 5161 eis

2038 5173 2277 5231 laborum
2329 5176 2560 5233 fructum
2610 5184 2898 5253 proponit,
2941 5202 3050 5257 quo
3095 5189 3307 5245 virtutis
3351 5195 3632 5264 negotium

2035 5263 2345 5330 promptius
2369 5264 2593 5320 inirent.
2616 5266 2804 5338 Neque
2831 5272 2993 5328 aliam
3011 5274 3082 5330 ob
3103 5289 3328 5334 causam
3357 5282 3499 5337 Deus
3527 5282 3638 5341 Ju-

2035 5351 2169 5406 daeis
2192 5351 2373 5423 (Deut.
2399 5354 2514 5427 28),
2537 5359 2742 5414 omissa
2768 5363 3003 5419 caelestis
3031 5371 3182 5438 regni
3200 5372 3634 5446 pollicitatione,

2021 5457 2255 5504 terrena
2277 5445 2416 5500 bona
2430 5447 2838 5519 largiebatur,et
2855 5471 2953 5525 pro
2971 5460 3277 5518 sceleribus
3295 5481 3404 5520 non
3421 5445 3638 5534 gehens

2031 5550 2188 5601 nam,
2221 5538 2318 5593 sed
2363 5541 2462 5596 aevi
2509 5541 2672 5613 hujus
2705 5546 3070 5613 calamitates.
3119 5563 3358 5623 pestem,
3386 5559 3633 5632 famem,

2031 5627 2276 5696 morbos,
2306 5628 2475 5694 bella,
2509 5634 2786 5701 exsilium,
2819 5638 3142 5712 reliquaque
3168 5646 3367 5702 similia
3393 5627 3632 5709 cummi;

2031 5720 2282 5786 nabatur,
2315 5720 2403 5779 bis
2429 5722 2576 5781 enim
2607 5729 2946 5790 carualiorcs
2971 5735 3145 5808 magis
3168 5739 3531 5799 continentur
3559 5759 3632 5801 ac
