3886 6222
180 319 282 375 573

182 426 590 495 perterrebant;
618 428 687 486 de
713 428 777 486 iis
800 444 930 488 vero
955 445 1075 503 qua:
1102 441 1374 505 aspectum
1403 433 1636 505 fugiant,
1668 451 1769 493 nec

187 529 380 589 prmsto
406 521 533 587 sint,
558 522 732 576 minus
757 534 1043 593 anguntur.
1065 524 1242 591 Quare
1262 525 1457 581 Paulus
1480 525 1533 581 in
1566 525 1631 582 iis
1655 542 1771 581 ma-

182 612 263 680 gis
286 612 481 678 lueret,
505 628 624 682 qua:
644 630 829 668 eorum
853 615 1153 671 tarditatem
1177 618 1509 688 potissimum
1529 617 1769 673 ferirent.

190 702 453 760 Prtetcrea
484 704 612 760 illud
639 721 850 776 quoque
874 707 1158 764 ostendere
1181 709 1426 777 volebat,
1457 718 1771 765 caeterarum

186 795 441 850 virtutum
470 796 727 865 quasdam
758 797 843 851 hic
872 812 971 853 nos
1002 799 1181 854 multis
1207 800 1476 855 laboribus
1496 815 1771 869 exercere,

186 897 239 941 ct
269 886 501 943 fructum
532 904 745 944 omnem
776 890 827 944 in
855 890 1087 947 futurum
1117 901 1326 963 tempus
1351 893 1585 949 condere
1616 911 1629 947 :
1660 893 1772 947 vir-

185 981 459 1050 ginitatem
490 996 639 1049 vero,
667 983 829 1037 etiam
854 984 982 1039 dum
1015 984 1227 1051 colitur,
1258 999 1363 1040 non
1402 985 1572 1041 levem
1610 986 1765 1041 nobis

187 1073 675 1142 compensationem
704 1074 948 1142 reddere,
972 1090 1090 1145 qum
1115 1091 1215 1131 nos
1241 1082 1320 1130 tot
1338 1075 1589 1132 aerumnis
1612 1085 1774 1145 atque

188 1165 329 1220 curis
356 1164 563 1220 liberet.
594 1167 768 1236 Atque
797 1166 1016 1237 insuper
1038 1174 1095 1222 et
1118 1167 1332 1223 tertium
1355 1166 1608 1238 quiddam
1632 1182 1771 1237 prae-

188 1258 345 1312 stitit.
372 1256 675 1325 Quidnam?
703 1257 780 1314 Ne
816 1274 905 1314 res
934 1260 1279 1330 impossibilis
1304 1260 1650 1328 crederetur,
1680 1260 1775 1316 sed

189 1346 275 1400 vel
303 1346 355 1399 in
385 1345 571 1416 primis
600 1345 789 1402 facilis.
820 1347 875 1402 Id
902 1356 1077 1404 autem
1103 1349 1286 1415 efficit,
1315 1349 1489 1406 inesse
1514 1350 1567 1405 in
1593 1350 1780 1405 matri-

189 1438 371 1491 monio
410 1438 529 1507 plus
568 1436 934 1493 dtflicultatum
981 1439 1135 1495 facile
1174 1440 1585 1507 demonstrans;
1625 1441 1776 1511 quasi

189 1527 394 1584 diceret
433 1547 448 1584 :
484 1529 810 1586 Erumnosa
855 1531 950 1586 tibi
994 1546 1057 1587 ac
1099 1531 1360 1588 laboriosa
1405 1548 1494 1589 res
1532 1533 1774 1589 videtur!

190 1619 438 1689 equidem
471 1634 599 1675 vero
626 1632 908 1693 propterea
938 1622 1360 1694 persequendam
1385 1639 1601 1689 censeo,
1633 1624 1777 1695 quod

190 1712 327 1768 adeo
354 1712 487 1768 levis
511 1713 599 1778 sit,
630 1725 687 1768 ut
716 1716 1048 1786 negotiorum
1078 1716 1245 1771 multo
1273 1716 1448 1771 minus
1470 1732 1630 1787 quam
1659 1732 1778 1771 ma-

193 1803 501 1859 trimonium
528 1804 782 1875 prebeat.
806 1792 944 1860 Nam
972 1821 1093 1861 cum
1124 1806 1277 1862 vobis
1305 1822 1543 1879 parcam,
1572 1807 1778 1878 inquit,

193 1909 297 1951 nec
314 1895 471 1951 velim
495 1896 738 1952 miserias
758 1896 982 1964 habere,
1006 1908 1249 1967 optarem
1269 1914 1366 1954 vos
1385 1898 1781 1954 matrimonium

194 2003 301 2041 non
329 1990 668 2045 contrahere.
692 1989 863 2056 Quam
891 1990 1200 2046 miseriam?
1218 1990 1362 2046 dicat
1386 1990 1613 2046 fortasse
1637 1991 1782 2061 quis-

192 2080 372 2148 piam;
404 2080 513 2135 imo
545 2094 674 2136 vero
712 2080 968 2151 grandem
1007 2080 1418 2138 oblectationem
1460 2096 1525 2137 ac
1564 2081 1781 2137 delicias

196 2170 393 2225 habere
421 2169 775 2226 inveniemus.
808 2172 981 2243 Atque
1019 2173 1072 2227 in
1112 2172 1299 2242 primis
1324 2186 1531 2229 summa
1558 2187 1679 2229 cum
1712 2172 1779 2228 li-

195 2263 368 2320 centia
392 2264 735 2335 cupiditatem
761 2266 999 2336 explere,
1029 2281 1127 2321 nec
1151 2266 1267 2338 cogi
1296 2275 1500 2321 natura;
1526 2266 1781 2337 impetum

197 2355 339 2411 ferre
380 2372 485 2412 non
514 2358 793 2412 minimum
823 2358 949 2414 facit
975 2359 1041 2414 ad
1079 2359 1383 2415 facilitatem
1416 2377 1429 2414 :
1460 2358 1783 2430 insuperqne

197 2447 399 2517 reliqua
425 2450 601 2504 omnis
627 2448 731 2503 vita
757 2465 789 2504 a
818 2465 1051 2506 nttcrore
1075 2465 1140 2505 ac
1162 2451 1408 2520 squalore
1435 2450 1621 2519 libera,
1650 2450 1785 2506 hila-

180 2540 372 2595 ritatis
393 2582 410 2607 ,
446 2542 618 2607 risus,
660 2542 837 2612 gaudii
877 2544 1031 2613 plena
1065 2552 1171 2599 est.
1206 2543 1420 2599 Etenim
1454 2552 1509 2598 et
1544 2544 1779 2615 opiparis

195 2634 419 2698 mensis,
437 2643 490 2688 et
508 2634 749 2689 delicatis
763 2635 1018 2701 vestibus,
1037 2646 1089 2691 et
1111 2636 1257 2690 molli
1279 2643 1419 2703 toro,
1438 2643 1495 2691 et
1514 2636 1783 2707 perpetuis

194 2722 405 2778 balneis
430 2766 445 2789 ,
475 2733 531 2781 et
559 2726 841 2796 unguentis
860 2767 875 2792 ,
905 2735 960 2782 et
992 2727 1115 2782 vino
1143 2736 1414 2798 unguento
1440 2727 1605 2782 nihilo
1628 2728 1780 2783 dete-

193 2811 350 2878 riori,
373 2814 581 2884 aliaque
604 2815 767 2870 multa
785 2830 849 2871 ac
868 2816 1014 2871 varia
1039 2816 1278 2888 impensa
1298 2831 1493 2887 corpus
1510 2826 1781 2887 curantes,

196 2905 323 2960 inde
352 2922 588 2963 summas
612 2908 662 2963 ei
685 2908 905 2964 delicias
932 2919 1265 2980 comparant.

270 2994 334 3050 L.
369 2995 575 3051 Deliciae
598 2998 807 3068 perinde
829 2999 879 3052 in
910 2996 1074 3053 Veteri
1096 3009 1247 3071 atque
1266 3000 1318 3054 in
1342 2998 1491 3054 Nova
1514 2998 1648 3072 Lege
1668 3016 1786 3071 pro.

198 3088 391 3142 bibitis.
417 3118 483 3128 â€”
506 3088 577 3143 At
603 3104 735 3145 vero
763 3105 934 3161 neque
961 3088 1076 3145 hare
1101 3090 1281 3157 licent,
1307 3099 1363 3146 et
1389 3092 1784 3146 matrimonium

195 3178 374 3233 coitus
392 3179 563 3234 solum
587 3180 873 3245 licentiam,
896 3196 1003 3238 non
1025 3183 1183 3237 etiam
1203 3181 1515 3238 deliciarum
1535 3192 1788 3254 prtestarc

196 3269 342 3325 solet
370 3286 383 3325 :
418 3270 467 3324 id
495 3272 681 3325 beatus
714 3271 907 3327 Paulus
935 3281 1159 3328 testatur
1188 3273 1271 3328 his
1295 3274 1473 3329 verbis
1492 3316 1507 3339 ,
1543 3274 1671 3341 Quae
1694 3291 1789 3327 au-

200 3374 304 3417 tem
324 3363 377 3416 in
390 3364 588 3418 deliciis
606 3374 698 3430 est,
723 3365 888 3420 vivens
908 3374 1106 3420 mortua
1131 3376 1205 3419 est
1225 3367 1272 3436 (l
1286 3404 1300 3419 .
1328 3365 1462 3419 Tim.
1484 3366 1536 3420 5.
1556 3366 1632 3435 6).
1656 3366 1787 3433 Qua:

199 3455 248 3509 si
276 3454 344 3508 de
373 3454 543 3509 viduis
565 3454 755 3511 effatus
776 3465 876 3521 est,
907 3456 1029 3512 audi
1055 3457 1182 3527 quid
1205 3456 1273 3511 de
1297 3457 1476 3527 nuptis
1498 3457 1679 3511 itidem
1705 3456 1786 3511 di-

200 3554 292 3599 cat
325 3562 338 3597 :
372 3545 611 3601 Mulieres
641 3546 812 3600 habitu
837 3547 1061 3601 modesto
1084 3588 1100 3611 ,
1122 3563 1235 3602 cum
1260 3548 1398 3600 omni
1427 3548 1723 3601 verecundia
1740 3556 1788 3601 et

201 3635 468 3689 sobrietate
490 3646 725 3690 amantes
744 3653 817 3700 se,
846 3653 948 3690 non
974 3637 1239 3699 cincinnis,
1261 3646 1347 3689 aut
1369 3653 1517 3703 auro,
1540 3647 1629 3691 aut
1654 3653 1789 3690 mar-

203 3726 401 3796 garitis,
419 3736 506 3779 aut
528 3735 820 3794 sumptuoso
845 3729 1041 3791 vestitu,
1068 3727 1158 3781 sed
1183 3738 1235 3781 ut
1263 3727 1478 3797 feminas
1505 3729 1663 3791 decet,
1685 3728 1790 3797 pie-

204 3829 360 3871 tatem
389 3829 521 3873 recte
548 3819 696 3890 factis
724 3819 1013 3888 profitentes
1034 3819 1113 3888 (l.
1141 3816 1272 3872 Tim.
1302 3818 1356 3872 2.
1385 3818 1439 3873 9.
1463 3818 1575 3887 10).
1605 3817 1792 3888 Neque

206 3909 298 3965 hic
322 3909 517 3976 solum,
545 3908 639 3965 sed
667 3909 795 3965 alibi
826 3925 1036 3980 quoque
1066 3911 1118 3964 in
1144 3924 1210 3965 eo
1234 3910 1388 3965 valde
1417 3909 1665 3980 frequens
1688 3918 1790 3975 est,

208 3999 340 4053 nihil
357 4000 515 4069 plane
529 4000 715 4054 harum
736 4014 913 4054 rerum
927 4012 1249 4070 magnopere
1269 3998 1623 4069 expetendum
1642 4000 1795 4057 nobis

205 4105 353 4145 esse.
384 4092 449 4145 Et
493 4091 620 4161 quid
659 4090 881 4146 Paulum
922 4091 1044 4145 dico
1082 4091 1142 4144 â€˜?
1171 4090 1259 4161 qui
1298 4106 1419 4146 cum
1462 4100 1516 4146 et
1571 4107 1795 4146 summa:

205 4182 565 4237 accurationis
604 4192 811 4252 tempus
845 4192 1018 4250 esset,
1047 4192 1103 4238 et
1128 4183 1313 4253 ingens
1341 4183 1557 4254 spiritus
1579 4185 1749 4254 gratia.
1772 4224 1791 4250 ,

210 4276 329 4329 haec
365 4275 594 4331 dicebat.
626 4275 792 4330 Amos
828 4275 992 4343 enim,
1020 4277 1109 4346 qui
1147 4274 1375 4333 infantes
1406 4276 1621 4332 Judtcos
1657 4277 1792 4332 allo-

206 4366 475 4436 quchatur
494 4408 508 4433 ,
536 4382 639 4437 qua
667 4375 980 4438 tempestate
1001 4366 1227 4433 deliciae,
1256 4367 1412 4424 luxus
1430 4410 1445 4436 ,
1476 4368 1760 4439 omniaque
1778 4410 1794 4437 ,

211 4469 271 4511 ut
301 4463 378 4513 sic
406 4459 577 4515 dicam
602 4500 619 4524 ,
648 4474 1041 4531 supervacanea
1077 4462 1335 4531 permissa
1374 4470 1563 4525 erant,
1590 4462 1711 4516 audi
1741 4471 1799 4516 ut

210 4550 422 4605 deliciis
447 4550 686 4606 addictos
712 4552 854 4608 serio
882 4561 1060 4623 tangat
1086 4570 1101 4608 :
1141 4551 1227 4607 Va:
1251 4554 1338 4623 qui
1360 4554 1429 4607 ad
1450 4554 1582 4608 diem
1608 4554 1799 4607 malum

208 4644 498 4713 confluunt,
525 4643 609 4713 qui
637 4643 770 4712 falsa
796 4644 1001 4699 sabbata
1030 4644 1346 4714 frequentant
1372 4654 1520 4714 atque
1546 4654 1797 4711 tractant;

211 4732 303 4800 qui
328 4731 379 4783 in
408 4732 545 4785 lectis
568 4732 807 4787 cubantes
832 4734 1079 4799 eburneis,
1102 4734 1425 4787 luxuriantur
1450 4735 1503 4787 in
1528 4734 1631 4787 suis
1657 4733 1797 4787 cubi-

212 4825 371 4889 libus,
403 4834 450 4879 et
478 4826 681 4880 ori/ium
713 4828 882 4880 Iucdos
902 4867 919 4893 ,
948 4836 995 4881 et
1020 4843 1083 4882 ex
1105 4827 1269 4882 medio
1297 4825 1536 4882 bovilium
1565 4826 1801 4883 lactentes

212 4916 402 4970 vitulos
440 4918 743 4983 comedunt;
767 4919 851 4985 qui
876 4918 945 4972 ad
969 4934 1274 4990 organorum
1302 4935 1481 4973 sonum
1510 4920 1759 4989 plaudunt
1783 4960 1799 4985 ,

215 5008 433 5079 fugitiva
462 5025 555 5077 pro
578 5010 722 5063 statis
750 5010 1005 5074 habentes,
1032 5010 1204 5064 vinum
1229 5010 1527 5079 defazcatum
1551 5010 1766 5066 bibentes
1784 5050 1800 5079 ,

212 5112 265 5155 et
295 5102 551 5171 primariis
580 5102 844 5172 unguentis
872 5101 1079 5156 delibuti
1106 5102 1280 5173 (Amos
1308 5101 1362 5155 6.
1390 5096 1526 5169 Î¼Ï).

292 5194 379 5249 LI.
414 5193 553 5247 Licet
580 5193 807 5248 deliciari
848 5195 1149 5264 permissum
1186 5203 1347 5260 esset,
1394 5194 1704 5247 matrimonii
1727 5203 1802 5247 ta-

214 5303 336 5342 m
366 5287 622 5342 molestias
662 5288 786 5341 satis
811 5303 919 5342 esse
946 5302 1059 5355 qua:
1104 5302 1215 5342 eam
1257 5286 1562 5357 voluptatem
1616 5286 1809 5340 mtinc

189 5376 667 5451 -guant.â€”-ltaque
698 5377 837 5449 quod
865 5378 1105 5433 dicebam
1134 5377 1185 5431 in
1215 5376 1420 5449 primis,
1448 5390 1547 5431 nec
1569 5375 1806 5431 deliciari

287 5536 303 5567 â¸
340 5544 521 5599 Reg...
546 5534 687 5600 nobis
704 5547 806 5587 esse
829 5548 853 5600 :_
875 5533 1109 5585 Habentes
1130 5532 1257 5584 enim
1272 5529 1463 5600 ,_inq_uit
1481 5566 1497 5591 ,
1519 5528 1745 5600 alimentg
1764 5534 1812 5599 et

218 5588 521 5672 tegumenta.
546 5596 621 5649 his
646 5597 853 5670 contenti
875 5609 1055 5668 smnus.
1082 5606 1202 5646 Nam
1225 5588 1491 5666 qui.
1511 5588 1813 5704 dit'ietgsferi

218 5660 445 5704 unum:
463 5673 515 5704 sn
537 5665 860 5704 tantum.
882 5666 928 5704 et
948 5671 1000 5704 m
1021 5658 1243 5704 laaueum
1265 5655 1471 5704 diaboli.
1496 5662 1542 5704 ct
1565 5655 1598 5704 á½±
1705 5664 1813 5702 erta

216 5655 445 5723 incidunt
463 5655 515 5711 in
536 5660 860 5723 motionem,
882 5666 928 5709 et
948 5658 1000 5709 in
1021 5658 1243 5718 laqueum
1265 5655 1471 5723 diaboli,
1496 5662 1542 5723 ct
1565 5655 1814 5723 desideria

220 5723 379 5774 multa
401 5722 591 5786 inutilia
611 5729 658 5773 et
679 5716 861 5786 nociva,
872 5716 1234 5786 quenterth
1244 5718 1469 5786 nomines
1491 5716 1543 5767 in
1561 5716 1811 5786 interitum

222 5792 271 5838 et
294 5784 610 5853 perditionem
633 5786 703 5849 (Î™.
726 5776 910 5836 Tunis:
926 5783 978 5835 8.
994 5784 1067 5847 9).
1095 5776 1148 5835 it
1170 5781 1289 5858 quid
1316 5779 1515 5845 Paulum
1538 5779 1646 5835 dico
1663 5776 1745 5835 2Î·..

1515 323 1606 381 DE
1642 320 2109 381 VIRGINITA'I'E.

3352 321 3453 375 575

1882 437 2025 493 licet.
2055 434 2193 504 Quin
2231 445 2291 490 ut
2315 432 2445 491 nihil
2479 435 2666 491 horum
2691 434 2916 491 vetitum
2944 442 3123 502 esset,
3155 432 3251 489 sed
3278 434 3454 488 omnia

1877 541 2153 592 concessa,
2185 536 2238 581 at
2263 538 2387 581 sunt
2409 526 2512 581 alia
2549 525 2616 580 ad
2661 525 2967 582 mmstitiam
2996 540 3060 581 ac
3104 524 3343 579 dolorem
3372 525 3455 577 his

1879 619 2123 690 mqualia,
2155 617 2264 673 imo
2293 626 2440 672 tanto
2464 626 2518 673 et
2542 617 2690 688 plura
2718 625 2775 672 et
2796 618 3020 685 majora,
3040 625 3095 670 ut
3124 615 3333 670 illorum
3359 629 3460 670 nec

1881 715 2156 769 minimum
2186 713 2400 783 quidem
2439 728 2656 768 sensum
2685 712 2958 783 capiamus
2986 752 3002 777 ,
3048 710 3142 767 sed
3171 710 3345 765 omnis
3389 722 3455 762 ea

1880 804 1948 860 iis
1976 804 2218 874 voluptas
2244 803 2490 859 facessat.

1951 894 2060 950 LII.
2090 895 2347 1002 Quantum
2376 894 2573 1002 malunt
2596 893 2661 948 sit
2684 893 2954 964 selotypia.
2982 921 3056 933 â€”
3081 890 3137 947 Si
3167 890 3309 947 enim
3335 888 3482 1002 quis!

1880 995 2068 1042 natura
2118 987 2188 1041 sit
2234 984 2302 1041 ad
2348 984 2664 1056 zelotypiam
2709 998 3005 1055 propensus
3032 1024 3047 1051 ,
3090 991 3179 1037 aut
3207 997 3273 1038 ex
3298 984 3477 1071 causa;

1881 1078 1989 1133 ulla
2021 1078 2239 1132 minimc
2266 1092 2391 1132 vera
2417 1091 2484 1131 eo
2511 1075 2652 1131 malo
2671 1076 2992 1146 corripiatur
3022 1116 3038 1143 ,
3068 1073 3256 1145 ecquid
3281 1073 3456 1128 anima

1881 1166 2182 1237 hujusmodi
2211 1166 2565 1222 miserabilius
2590 1167 2697 1221 sit?
2736 1165 2794 1221 Si
2817 1142 3029 1220 bellum?
3053 1142 3212 1234 atque
3256 1142 3473 1237 tempe-3

1860 1267 2072 1316 â€˜statem
2090 1275 2211 1314 cum
2228 1259 2311 1314 his
2324 1259 2527 1315 aedibus
2537 1266 3229 1329 comparemus,accuratam
3243 1255 3464 1325 hujusce

1883 1353 1961 1409 rei
1982 1367 2374 1424 consequemur
2394 1353 2676 1424 imaginem
2704 1368 2719 1407 :
2742 1352 2918 1406 omnia
2940 1350 3187 1413 tristitiae,
3203 1348 3463 1417 suspicio-

1882 1446 1990 1513 nis,
2031 1446 2296 1509 rixarum,
2315 1445 2487 1501 turba:
2509 1444 2664 1513 plena
2690 1452 2831 1499 sunt.
2870 1441 3002 1497 Nam
3018 1441 3109 1512 qui
3136 1439 3236 1496 hac
3255 1439 3460 1495 insania

1884 1535 2021 1593 ictus
2032 1537 2175 1603 sit,ei
2188 1536 2355 1592 nihilo
2371 1536 2562 1591 melius
2576 1544 2840 1605 est,quam
2853 1533 3194 1589 daamoniacis
3209 1546 3273 1587 ac
3285 1539 3463 1587 mente

1883 1628 2222 1698 captis:adeo
2236 1627 2449 1683 assidue
2472 1625 2863 1693 essilit,resilit,
2878 1625 2930 1680 in
2948 1639 3135 1679 omnes
3157 1621 3462 1680 stomacha-

1885 1728 1974 1775 tur
1994 1720 2047 1775 in
2070 1728 2382 1789 prtesentes,
2404 1733 2499 1774 seu
2526 1733 2734 1784 servus,
2760 1732 2853 1773 seu
2880 1725 3040 1771 natus
3062 1755 3078 1781 ,
3102 1730 3197 1771 seu
3225 1714 3464 1785 quisquis

1886 1815 2021 1869 alius
2043 1812 2131 1877 sit,
2156 1814 2499 1868 immerentes
2514 1810 2658 1878 licet,
2672 1810 2936 1865 irascitur.
2972 1807 3227 1878 Voluptas
3243 1820 3467 1877 prorsus

1886 1903 2375 1975 fugatur,mtnrore,
2396 1902 2561 1969 luctu,
2580 1901 2899 1957 insuavitate
2920 1898 3095 1954 omnia
3110 1898 3300 1954 referta
3314 1904 3458 1952 sunt:

1886 2010 1981 2050 seu
2003 1994 2148 2051 domi
2174 2002 2406 2058 maneat,
2436 2008 2530 2049 seu
2556 1993 2608 2047 in
2637 1990 3089 2069 forum_prodcat,
3118 2004 3212 2046 seu
3241 1989 3343 2045 iter
3368 1987 3463 2042 ad-

1885 2097 2074 2153 ornet,
2102 2085 2299 2157 ubique
2324 2086 2466 2141 malo
2492 2085 2723 2154 tangitur
2747 2124 2763 2147 ,
2807 2083 3041 2138 animum
3070 2081 3119 2137 ei
3147 2080 3339 2151 quovis
3362 2078 3463 2134 sti-

1887 2178 2032 2234 mulo
2059 2177 2236 2233 acrius
2257 2185 2526 2247 pungentc
2546 2190 2610 2231 ac
2629 2183 2855 2230 vexantc
2884 2215 2900 2241 ,
2946 2187 3046 2228 nec
3082 2173 3362 2242 quiescere
3386 2170 3462 2226 si-

1887 2275 2049 2324 nente
2072 2285 2085 2320 :
2112 2282 2282 2337 neque
2309 2267 2450 2323 enim
2483 2266 2567 2321 hic
2593 2265 2808 2320 morbus
2835 2263 3101 2318 tristitiam
3130 2262 3301 2316 solum
3324 2303 3339 2328 ,
3369 2260 3465 2316 sed

1889 2360 2053 2415 etiam
2084 2357 2471 2413 intolerabilem
2501 2355 2736 2410 furorem
2758 2369 2946 2425 parere
2968 2353 3121 2407 solet.
3155 2354 3331 2422 Atque
3352 2351 3466 2406 haec

1866 2451 1970 2506 ~ve|
1991 2448 2194 2519 singula
2216 2448 2345 2503 satis
2355 2449 2589 2518 sintqute
2604 2446 2703 2501 hoc
2724 2446 2911 2501 morbo
2926 2454 3135 2516 captum
3157 2444 3461 2499 conficiant:

1886 2541 1970 2597 sin
2011 2551 2188 2596 autem
2234 2539 2393 2595 simul
2449 2539 2728 2608 conjuncta
2770 2543 3121 2608 oppugnent,
3167 2551 3289 2590 eum
3326 2536 3463 2590 assi-

1883 2630 1992 2687 due
2015 2631 2304 2701 prementia
2329 2669 2343 2694 ,
2382 2645 2480 2684 nec
2517 2628 2793 2683 minimum
2837 2628 2887 2683 ei
2935 2626 3230 2697 respirandi
3259 2634 3471 2696 tempus

1890 2721 2169 2778 tribuentia
2195 2762 2212 2788 ,
2250 2737 2353 2792 qua
2381 2735 2487 2777 non
2516 2726 2688 2775 morte
2710 2719 2761 2774 id
2789 2717 3035 2774 acerbius
3062 2718 3169 2773 sit?
3213 2716 3345 2772 Nam
3374 2730 3469 2771 seu

1887 2824 2182 2871 extremam
2207 2821 2499 2885 egestatem
2524 2854 2541 2880 ,
2569 2828 2665 2868 seu
2690 2810 3038 2866 insanabilem
3064 2810 3306 2864 morbum
3332 2850 3346 2871 ,
3373 2822 3467 2862 seu

1889 2906 2086 2976 ignem,
2107 2919 2202 2960 seu
2229 2904 2431 2959 ferrum
2458 2903 2721 2971 nomines,
2738 2901 2870 2957 nihil
2897 2916 2993 2971 par
3016 2900 3215 2955 dixeris
3247 2917 3260 2954 :
3292 2898 3343 2953 id
3368 2898 3472 2954 soli

1890 2997 2099 3068 experti
2122 2995 2287 3067 probe
2307 2996 2500 3051 sciunt.
2526 2993 2681 3049 Nulla
2701 3002 2785 3049 cst
2803 2993 2944 3048 enim
2965 2991 3175 3047 dicendi
3198 2999 3339 3045 tanta
3368 2990 3469 3054 vis,

1890 3106 2009 3161 qua:
2055 3089 2178 3144 mali
2218 3088 2536 3161 gravitatem
2570 3094 2944 3155 consequatur.
2969 3083 3178 3137 Etenim
3205 3097 3327 3136 cum
3353 3096 3469 3135 om-

1872 3184 2038 3240 nium
2068 3182 2398 3239 carissimam
2430 3222 2446 3247 ,
2478 3188 2529 3235 et
2574 3194 2671 3251 pro
2715 3192 2820 3248 qua
2860 3177 3048 3231 lubens
3072 3174 3155 3229 vel
3184 3174 3341 3226 vitam
3372 3172 3470 3226 im-

1893 3275 2122 3347 pendat,
2166 3282 2464 3343 suspeetam
2497 3271 2693 3327 habere
2726 3283 2939 3337 semper
2974 3266 3201 3336 cogitur,
3223 3263 3349 3335 quid
3394 3271 3477 3317 est

1893 3368 2112 3423 omnino
2139 3364 2281 3435 quod
2307 3363 2465 3419 solari
2504 3378 2627 3419 eum
2658 3360 2869 3431 possit?
2915 3359 3021 3414 Seu
3048 3372 3279 3426 namque
3318 3370 3458 3410 smn-

1894 3476 2021 3515 num
2048 3458 2202 3524 inire,
2233 3473 2326 3511 seu
2352 3456 2529 3511 cibum
2552 3463 2841 3525 potumque
2866 3464 3058 3520 capere
3084 3463 3358 3504 necessum
3381 3448 3471 3511 sit,

1894 3565 2132 3605 mensam
2161 3547 2405 3603 letalibus
2429 3545 2649 3602 venenis
2683 3544 2860 3614 potius
2890 3557 3047 3612 qttam
3069 3539 3258 3595 eduliis
3276 3538 3473 3591 instrn-

1895 3649 2035 3695 ctam
2058 3638 2274 3696 credet:
2308 3638 2362 3692 in
2392 3637 2530 3692 lecto
2548 3650 2647 3690 nec
2668 3635 2751 3689 vel
2780 3642 3053 3687 momento
3081 3632 3351 3702 quiescet,
3381 3627 3474 3682 sed

1899 3742 2148 3802 tanquam
2180 3728 2434 3798 subjectis
2466 3727 2651 3798 prunis
2670 3724 2915 3780 :cstuabit
2941 3738 3002 3777 ac
3028 3721 3344 3791 iactabitur:
3377 3735 3473 3774 ne-

1897 3838 2002 3894 quc
2026 3830 2117 3876 aut
2141 3820 2434 3875 amicorum
2463 3830 2801 3888 congressus,
2829 3822 2923 3869 aut
2954 3812 3285 3882 negotiorum
3324 3825 3473 3873 cura,

1898 3923 1992 3970 aut
2012 3912 2365 3985 periculorum
2384 3918 2575 3974 metus,
2598 3917 2689 3962 aut
2716 3908 2904 3976 ingens
2928 3905 3191 3973 voluptas,
3214 3912 3305 3955 aut
3329 3900 3474 3955 aliud

1898 4006 2183 4077 quidquam
2213 4004 2281 4057 ab
2304 4017 2371 4057 eo
2392 4011 2526 4055 testu
2565 3998 2831 4052 hominem
2861 3995 3125 4050 abducere
3146 4000 3358 4062 potest,
3379 3990 3475 4045 sed

1901 4099 2131 4171 procella
2159 4096 2275 4151 lucc
2306 4094 2553 4151 omnibus
2580 4101 2633 4148 et
2654 4089 2904 4162 jucundis
2932 4097 2986 4143 et
3019 4085 3259 4142 tristibus
3288 4093 3476 4155 poten-

1902 4195 2007 4248 tius
2044 4192 2279 4246 animum
2325 4187 2580 4259 possidet.
2629 4185 2753 4239 llaec
2790 4198 2911 4239 cum
2939 4180 3299 4254 perspexisset
3327 4178 3480 4234 Salo.

1902 4303 2050 4353 mon,
2076 4285 2324 4340 diccbat:
2354 4282 2525 4336 Durus
2543 4280 2671 4335 sicut
2695 4278 2923 4350 infernus
2951 4274 3086 4329 zelus
3106 4271 3274 4347 (Cant.
3302 4272 3353 4329 8.
3385 4268 3477 4342 6):

1901 4392 1957 4437 et
1983 4394 2210 4444 rursum,
2245 4375 2437 4431 Plenus
2465 4373 2599 4428 enim
2624 4372 2720 4426 zeli
2747 4371 2855 4443 ejus
2883 4369 2977 4423 viri
2997 4372 3161 4439 furor,
3187 4382 3286 4418 non
3314 4371 3483 4434 parcet

1902 4473 2048 4528 indie
2053 4471 2263 4543 judicii,
2280 4486 2369 4522 nec
2393 4464 2732 4535 redemptione
2755 4461 2863 4515 ulla
2884 4457 3173 4514 inimicitias
3198 4463 3482 4524 componet,

1904 4583 1995 4622 nec
2020 4564 2294 4637 quantisvis
2332 4561 2477 4615 donis
2508 4558 2789 4629 placabitur
2807 4553 2990 4628 (Prov.
3016 4552 3070 4608 6.
3095 4551 3311 4620 31.35).
3337 4550 3383 4603 Is
3402 4556 3487 4604 est

1905 4662 2046 4714 enim
2075 4655 2243 4711 morbi
2262 4653 2421 4724 hujus
2450 4651 2617 4713 furor,
2648 4657 2704 4703 ut
2730 4662 2829 4702 nec
2847 4654 3060 4715 sumpto
3083 4643 3151 4698 de
3179 4657 3244 4698 eo
3271 4641 3362 4713 qui
3394 4641 3488 4695 hc-

1906 4751 2037 4807 scrit
2063 4747 2347 4819 supplicio,
2376 4744 2618 4800 dolorem
2651 4741 2872 4795 missum
2899 4739 3074 4793 faciat.
3105 4735 3284 4806 Itaque
3311 4734 3483 4798 multi,

1906 4843 2148 4900 adultero
2174 4839 2385 4895 sublato
2417 4879 2431 4902 ,
2474 4837 2606 4890 iram
2646 4842 2805 4903 atque
2835 4845 3121 4887 mmrorem
3164 4829 3349 4883 tollere
3380 4842 3487 4881 non

1907 4942 2213 5007 potuerunt.
2240 4931 2375 4988 Sunt
2400 4938 2455 4985 et
2485 4928 2575 5000 qui
2600 4927 2751 4982 cazsis
2776 4925 2889 4980 suis
2906 4921 3221 4994 conjugibns
3243 4963 3258 4986 ,
3290 4935 3443 4991 :cquc
3471 4960 3488 4986 ,

1909 5028 2016 5083 imo
2042 5025 2229 5095 magis,
2261 5036 2329 5079 eo
2354 5036 2482 5091 rogo
2507 5016 2821 5074 exarserint.
2850 5016 2929 5070 Ac
2951 5016 3034 5069 vir
3070 5012 3284 5084 quidem
3324 5012 3378 5066 in
3409 5010 3494 5066 his

1910 5118 2065 5175 malis
2088 5116 2267 5187 degit,
2322 5115 2481 5169 etiam
2528 5126 2653 5167 cum
2691 5108 2822 5165 nihil
2860 5122 3046 5163 verum
3090 5106 3177 5161 sit.
3224 5105 3492 5159 Caeterum

1912 5210 2109 5266 misera
2138 5207 2225 5262 illa
2254 5214 2309 5262 et
2330 5218 2631 5260 teruntnosa
2658 5201 2741 5255 vel
2757 5199 2873 5255 viro
2895 5197 3108 5270 gravius
3133 5194 3492 5251 excruciatur.

1910 5301 2043 5359 Nam
2072 5316 2192 5356 cum
2219 5314 2341 5354 eum
2376 5338 2391 5363 ,
2422 5296 2511 5367 qni
2561 5306 2919 5350 aerumnarum
2963 5288 3200 5344 omnium
3246 5285 3495 5341 solatium

1914 5409 2035 5450 esse
2062 5392 2286 5457 debeat,
2341 5397 2396 5445 et
2428 5387 2571 5442 unde
2594 5384 2905 5457 praesidium
2933 5377 3350 5450 exspectandum
3381 5375 3448 5429 sit
3477 5415 3495 5441 ,

1916 5488 2136 5545 efferum
2166 5494 2326 5554 atque
2366 5481 2623 5537 omnium
2653 5479 2703 5533 in
2756 5493 2817 5532 se
2858 5472 3220 5529 inimicissime
3247 5468 3498 5523 allectum

1896 5581 2109 5644 â€˜cernit,
2148 5594 2255 5649 quo
2275 5577 2385 5646 jam
2415 5589 2475 5630 sc
2498 5571 2705 5628 vertat?
2749 5568 2814 5624 ad
2833 5583 2990 5638 quem
3017 5560 3327 5632 confugiat?
3355 5558 3499 5615 unde

1918 5673 2178 5730 malorum
2205 5666 2467 5724 auxilium
2491 5674 2671 5736 petat,
2696 5671 2851 5733 portu
2876 5659 2924 5715 ci
2954 5662 3302 5729 prmstructo,
3333 5664 3385 5708 et
3412 5652 3500 5706 in-

1923 5766 2338 5829 numerabilibus
2374 5759 2606 5838 scapulis
2634 5755 2868 5816 referto?
2910 5753 3045 5813 Tum
3074 5760 3126 5808 ct
3162 5750 3299 5809 servi
3327 5756 3375 5803 rt
3400 5761 3496 5802 aa-
