3886 6222
441 285 549 344 575

441 403 580 456 eilla:
619 402 670 457 in
693 417 816 459 eam
854 403 973 458 viro
1013 404 1512 458 contumeliosiores
1558 413 1703 458 sunt.
1747 401 1844 457 Est
1879 401 2022 457 enim

444 509 614 562 genus
639 494 740 548 hoc
767 493 1042 549 hominum
1062 534 1080 558 ,
1111 509 1232 548 cum
1259 494 1456 564 alioqui
1481 494 1834 564 suspiciosum
1861 501 1916 547 et
1943 495 2025 546 in-

445 596 656 654 gratum
685 627 700 650 ,
733 593 843 640 tum
873 585 1102 640 licentia:
1129 586 1246 656 plus
1272 585 1411 639 nacti
1435 627 1450 650 ,
1481 585 1725 655 interque
1750 601 1809 640 se
1833 584 2024 640 adver-

450 690 540 729 sos
582 675 741 730 heros
765 674 1153 746 conspicientes
1177 717 1194 744 ,
1225 692 1292 731 ex
1333 691 1518 730 eorum
1558 675 1698 730 bello
1723 691 1830 729 non
1857 674 2030 730 levem

451 766 806 835 improbitatis
831 782 944 822 sua:
967 783 1152 822 ansam
1179 769 1415 844 capiunt.
1461 767 1595 822 Nam
1635 778 1746 822 tum
1773 767 1838 822 iis
1871 765 2031 837 quid-

449 857 578 926 quid
594 857 740 913 lubet
759 873 965 913 summa
981 859 1293 928 impunitate
1314 859 1511 930 ﬁngere
1531 867 1690 929 atque
1700 857 2030 914 comminisci

455 941 616 1011 licet,
657 955 712 1002 et
739 948 1098 1017 suspicionem
1127 949 1408 1004 calumniis
1435 949 1549 1004 suis
1581 949 2032 1005 confirmatiorem

454 1037 701 1093 reddere.
733 1039 956 1094 Animus
995 1039 1137 1095 enim
1177 1040 1346 1096 semel
1389 1039 1492 1096 hoc
1537 1040 1802 1111 pestilenti
1848 1041 2037 1095 morbo

454 1139 749 1200 Utcupatus
766 1171 782 1197 ,
831 1131 988 1186 facile
1015 1144 1204 1188 cuncta
1227 1133 1434 1200 credit,
1459 1142 1513 1189 et
1537 1149 1667 1189 aure
1692 1132 1942 1188 omnibus
1968 1148 2038 1188 ex

455 1235 611 1294 aequo
639 1232 820 1294 aperta
847 1265 864 1291 ,
897 1224 1254 1295 sycophantas
1285 1240 1316 1280 a
1345 1239 1448 1281 non
1474 1226 1815 1298 sycophantis
1839 1226 2043 1281 discer-

459 1331 588 1371 nere
619 1332 723 1371 non
749 1320 996 1385 sustinet,
1026 1317 1120 1373 sed
1152 1318 1188 1372 ii
1216 1319 1391 1390 potius
1414 1335 1536 1374 vera
1567 1319 1748 1374 dicere
1769 1318 2038 1388 videntur,

460 1408 550 1477 qui
595 1409 952 1480 suspicionem
995 1419 1212 1480 augent,
1242 1425 1402 1481 quam
1427 1410 1516 1481 qui
1543 1409 1728 1465 tollere
1751 1418 2038 1480 conantur.

465 1493 648 1568 Itaque
672 1497 876 1570 fugitivi
899 1501 996 1568 illi,
1028 1515 1320 1571 eorumque
1349 1513 1568 1566 uxores,
1591 1499 1759 1554 nihilo
1785 1499 1961 1554 minus
1990 1497 2043 1553 ei

461 1605 622 1660 quam
650 1591 1050 1647 contubernalis
1079 1593 1297 1646 timendi
1319 1601 1371 1648 et
1393 1591 1645 1648 horrendi
1677 1601 1836 1659 sunt,
1861 1605 2045 1648 suum-

461 1697 565 1751 que
590 1681 694 1736 illis
720 1677 896 1737 locum
920 1681 1079 1738 cedat
1118 1683 1169 1737 in
1197 1683 1516 1754 illorumque
1535 1682 1784 1757 ordinem.
1811 1690 2046 1737 transeat

461 1783 691 1844 oportet.
719 1773 785 1828 Et
803 1775 1016 1845 quando
1035 1776 1150 1830 siue
1171 1761 1424 1848 lacrymis
1443 1791 1602 1847 agere
1629 1775 1864 1847 poterit?
1883 1790 2044 1846 quam

464 1862 720 1917 noctem?
749 1879 906 1934 quem
945 1864 1130 1920 diem?
1177 1865 1320 1933 qttod
1374 1864 1610 1920 festum?
1656 1864 1870 1936 quando
1912 1865 2048 1920 citra

461 1954 756 2024 gemitum,
779 1955 1034 2026 ejulatum
1063 1997 1081 2024 ,
1125 1955 1392 2012 lamenta?
1419 1956 1575 2012 Minae
1602 1999 1620 2026 ,
1663 1955 2001 2012 contumeliae
2029 1997 2047 2025 ,

467 2041 707 2101 convicia
789 2057 1045 2117 perpetuo
1094 2088 1110 2116 ,
1179 2057 1290 2103 tum
1334 2064 1394 2118 .a
1462 2049 1577 2104 viro
1650 2059 1851 2106 temere
1921 2064 2050 2106 sau-

466 2133 553 2191 cio
579 2179 595 2202 ,
639 2144 751 2192 tum
780 2137 847 2194 ab
874 2138 1098 2210 impuris
1140 2137 1353 2196 famulis
1383 2159 1398 2196 :
1427 2142 1685 2198 custodite
1723 2159 1845 2198 uate
1887 2153 2049 2214 atque

463 2223 653 2284 altera:
682 2245 695 2283 :
727 2229 906 2285 omnia
930 2231 1153 2287 terroris
1175 2246 1239 2287 ac
1266 2233 1634 2302 trepidationis
1657 2234 1836 2305 plena.
1864 2233 2053 2306 Neque

467 2321 612 2375 enim
640 2321 817 2377 exitus
855 2323 1028 2378 solum
1057 2331 1113 2380 et
1143 2325 1414 2395 ingressus
1441 2365 1458 2392 ,
1489 2325 1585 2381 sed
1613 2333 1670 2382 ct
1685 2327 1846 2382 verba
1877 2335 1934 2384 et
1956 2327 2054 2383 ob-

470 2420 616 2468 tutus
637 2422 690 2469 et
715 2413 944 2484 suspiria
968 2423 1220 2470 accurate
1257 2423 1419 2486 atque
1445 2418 1657 2473 curiose
1681 2417 2052 2487 explorantur,

469 2512 525 2558 ct
548 2503 632 2558 vel
661 2504 808 2559 saxis
831 2503 1141 2576 rigidiorem
1180 2505 1396 2562 silentio
1421 2516 1612 2562 cuncta
1633 2506 1796 2575 ferre,
1837 2521 1901 2564 ac
1932 2508 2052 2562 tha-

470 2609 613 2652 tamo
635 2606 892 2667 perpetuo
914 2596 1130 2653 affixam
1145 2613 1267 2654 esse
1289 2597 1464 2654 vincto
1488 2597 1676 2655 durius
1701 2614 1923 2656 necesse
1944 2607 2049 2668 est,

469 2688 556 2744 vel
585 2687 753 2758 loqui,
773 2688 1067 2759 suSpirare,
1097 2689 1280 2760 egredi
1308 2690 1579 2746 volentem
1602 2731 1621 2758 ,
1651 2692 1890 2746 omnium
1919 2707 2054 2748 cau-

468 2795 584 2836 sam
614 2779 797 2838 dicere
820 2781 965 2852 apud
994 2790 1280 2853 corruptos
1314 2797 1409 2838 eos
1433 2783 1642 2854 judices
1665 2824 1685 2851 ,
1715 2783 1943 2839 famulas
1968 2785 2054 2838 in-

468 2887 629 2941 quam
654 2880 709 2928 et
733 2885 1010 2927 servon
1040 2872 1272 2929 turbam.
1300 2873 1499 2945 Igitur,
1527 2875 1573 2930 si
1598 2875 1790 2946 placet,
1817 2891 1940 2932 cum
1969 2874 2056 2932 his

471 2963 627 3018 malis
650 2971 707 3018 et
729 2977 862 3033 opes
901 2963 1144 3034 ingentes
1175 2973 1232 3020 ct
1265 2963 1580 3035 splendidas
1623 2981 1834 3023 mensas
1857 2977 1913 3023 et
1936 2983 2056 3024 ser-

471 3065 660 3108 vorum
686 3068 903 3125 gregem
925 3094 944 3121 ,
986 3055 1202 3126 generis
1246 3056 1590 3128 splendorem
1615 3097 1632 3124 ,
1661 3059 1911 3128 potentia:
1939 3073 2058 3116 ma-

471 3146 804 3218 gnitudinem
826 3188 846 3216 ,
872 3148 1096 3219 gloriam
1118 3165 1379 3206 summam
1399 3189 1418 3218 ,
1463 3151 1726 3222 majorum
1757 3152 2055 3208 claritatem

469 3237 690 3306 confer;
717 3253 904 3295 eorum
931 3256 1052 3312 qua:
1077 3242 1240 3297 vitam
1267 3243 1404 3298 hanc
1443 3243 1624 3300 studio
1648 3244 2056 3302 desiderabilem

473 3331 709 3388 efficiant
733 3331 867 3388 nihil
895 3333 1267 3403 prmtermitte,
1291 3333 1386 3390 sed
1417 3334 1596 3389 omnia
1621 3333 1904 3406 diligenter
1931 3335 2051 3392 col-

473 3423 609 3479 lecta
636 3422 810 3479 dolori
853 3423 978 3479 huic
999 3437 1212 3494 oppone
1247 3441 1262 3479 :
1292 3439 1426 3481 sane
1461 3425 1789 3496 voluptatem
1832 3443 1953 3496 qua:
1987 3442 2058 3492 ex

475 3515 541 3573 iis
561 3524 747 3572 manat
763 3530 866 3572 nec
893 3525 1242 3588 apparentem
1273 3517 1492 3588 quidem
1513 3532 1704 3574 cernes
1725 3557 1745 3584 ,
1795 3527 1956 3590 atque
1984 3519 2056 3574 ita

474 3606 841 3678 proﬂigatam,
867 3616 928 3664 ut
950 3608 1183 3664 scintilla
1214 3609 1268 3663 in
1294 3617 1501 3665 vastum
1529 3624 1712 3681 mquor
1739 3609 1928 3680 illapsa
1957 3626 2057 3665 ex-

473 3697 781 3768 stinguitur.
818 3694 884 3754 Et
909 3698 1026 3753 haec
1051 3697 1267 3769 quidem
1289 3699 1376 3754 ubi
1403 3700 1484 3754 vir
1510 3700 1773 3772 zelotypia
1797 3700 1956 3756 fuerit
1973 3701 2058 3756 af-

481 3788 676 3846 fectus.
710 3789 804 3845 Sin
829 3789 899 3846 ad
921 3806 1147 3848 uxorem
1179 3792 1444 3864 aegritudo
1467 3809 1531 3849 ea
1559 3794 1813 3864 pervadat
1841 3793 2058 3866 (neque

471 3883 618 3938 enim
649 3882 702 3938 id
725 3899 848 3940 raro
869 3885 1089 3940 evenire
1113 3885 1293 3956 solet)
1319 3923 1335 3954 ,
1362 3902 1482 3942 cum
1506 3887 1600 3942 illo
1617 3903 1778 3959 quam
1807 3903 1928 3943 eum
1961 3888 2060 3944 hac

476 3973 672 4030 melius
709 3983 934 4046 agetur:
977 3975 1076 4032 sed
1104 3975 1158 4032 in
1187 3977 1327 4034 hanc
1354 3979 1605 4036 miseram
1635 3997 1848 4038 rursum
1889 3981 2060 4050 major

474 4065 719 4122 dolorum
744 4081 870 4136 pars
897 4067 1255 4125 redundabit:
1283 4085 1458 4141 neque
1479 4073 1626 4127 enim
1657 4073 1735 4128 fas
1763 4082 1846 4128 cst
1867 4074 2058 4129 iisdem

475 4157 643 4212 armis
669 4156 728 4212 in
751 4168 1057 4230 suspectum
1079 4161 1178 4215 uti.
1223 4160 1358 4217 Nam
1401 4163 1520 4233 quis
1562 4179 1784 4219 uxorem
1814 4164 1952 4220 ferat
1975 4166 2062 4234 ju-

476 4249 693 4306 bcntem
719 4249 865 4306 domi
888 4251 1103 4308 assidue
1136 4253 1395 4308 manere?
1427 4255 1549 4324 quis
1577 4270 1610 4310 e
1657 4256 1827 4310 servis
1873 4256 2060 4312 herum

475 4343 764 4400 observare
795 4345 975 4412 ausit,
1004 4346 1132 4415 quin
1161 4346 1416 4400 continuo
1463 4345 1534 4401 ad
1585 4346 1890 4402 barathrum
1921 4349 2063 4404 abri-
2153 4395 2156 4398 .

478 4435 690 4506 piatur?
720 4434 900 4507 Itaque
923 4451 1024 4491 nec
1053 4435 1139 4492 his
1166 4435 1610 4493 machinamentis
1645 4440 1806 4494 solari
1843 4455 1904 4496 se
1942 4455 2067 4510 pos-

478 4527 569 4592 sit,
595 4543 696 4583 ncc
720 4527 856 4583 iram
893 4528 1076 4584 verbis
1116 4527 1341 4586 efferre:
1386 4529 1483 4584 sed
1521 4529 1604 4584 vir
1639 4531 1810 4586 semel
1836 4531 2062 4587 fortasse

480 4619 778 4688 iterumque
840 4619 1232 4688 vitilitigantem
1305 4620 1580 4689 patietur;
1636 4621 1720 4675 sin
1785 4621 2063 4677 criminari

481 4710 754 4780 persistat,
779 4710 960 4766 statim
988 4709 1222 4775 docebit,
1243 4719 1500 4780 przestare
1515 4727 1578 4766 ea
1605 4712 1818 4767 silentio
1840 4712 1980 4768 ferre
2001 4727 2066 4768 ac

483 4803 779 4859 tabescere.
816 4803 992 4874 Atque
1014 4802 1131 4858 hare
1159 4802 1374 4873 quidem
1423 4803 1470 4859 si
1517 4803 1754 4874 suspicio
1781 4804 1871 4859 sit.
1896 4805 2065 4860 Porro

482 4897 527 4954 si
555 4897 755 4953 malum
795 4896 896 4952 hoe
919 4912 1104 4953 verum
1134 4898 1249 4965 sit,
1295 4897 1410 4968 jam
1441 4911 1664 4952 uxorem
1708 4911 1917 4953 nemoe
1941 4895 2060 4952 ltrsi

492 4992 738 5049 manibus
774 4991 1012 5063 eripiat,
1041 4993 1168 5062 quin
1197 4991 1345 5062 leges
1381 4987 1704 5062 opitulantes
1733 5001 1920 5046 nactus
1943 5005 2066 5045 om-

483 5087 630 5140 nium
659 5084 759 5139 sibi
779 5083 1112 5140 carissimam
1147 5083 1199 5138 in
1217 5082 1476 5152 judicium
1502 5083 1782 5138 adductam
1815 5083 2063 5138 trucidet:

489 5187 747 5233 caeterum
765 5176 850 5232 vir
875 5177 1051 5248 legum
1078 5191 1266 5247 pinnas
1289 5175 1474 5247 effugit
1490 5214 1508 5244 ,
1536 5176 1751 5232 sublimi
1778 5191 1842 5231 ac
1867 5175 2067 5231 divina:

483 5271 766 5328 sententia:
790 5279 1055 5326 servatus.
1091 5270 1289 5325 Verum
1319 5267 1372 5324 id
1396 5268 1464 5324 ad
1493 5268 1708 5324 misera:
1739 5269 2066 5324 consolatio-

485 5381 727 5422 nemnon
750 5365 1080 5432 sufllcit;sed
1107 5379 1328 5422 necesse
1353 5373 1438 5421 est
1458 5365 1668 5436 longam
1695 5363 1978 5436 quamdam
2005 5378 2071 5420 ac

487 5458 848 5516 miserandam
878 5467 1104 5514 mortem
1127 5457 1308 5514 subire
1327 5498 1342 5524 ,
1371 5472 1469 5527 per
1488 5458 1880 5513 incantamenta
1909 5465 2069 5528 atque

490 5554 741 5610 veneficia
759 5595 777 5621 ,
807 5567 926 5624 qua:
949 5551 1210 5608 adultera:
1235 5549 1490 5606 mulieres
1514 5557 1813 5620 prmparant
1837 5564 1851 5600 :
1879 5547 2069 5618 plem-

488 5661 592 5716 que
612 5646 774 5701 etiam
804 5658 904 5700 nec
931 5641 1138 5698 insidiis
1163 5642 1216 5696 in
1251 5656 1346 5697 eas
1369 5655 1502 5711 quas
1527 5641 1792 5695 lacessant
1811 5653 1948 5710 Opus
1975 5637 2072 5692 ha-

490 5739 836 5810 buerunt,scd
858 5740 960 5798 illa:
973 5737 1222 5802 maeroris
1238 5737 1576 5823 vehementia
1595 5735 1746 5810 prius
1765 5733 2066 5804 exstincuc,

1140 291 1198 348 S.
1237 284 1512 348 JO.\N.\'IS
1548 287 2021 350 CllilYSOSTOMI
2062 288 2377 343 AllCllZEP.
2421 286 2956 344 CONSTANTLNOP.
3599 284 3700 343 576

2131 403 2272 472 ipsas
2299 409 2700 470 pnnverterunt.
2749 401 2826 456 Ita
2857 410 2915 456 ut
2937 395 3276 472 quantumvis
3300 403 3398 457 viri
3425 419 3610 458 omnes
3637 404 3699 458 ad

2129 492 2527 546 matrimonium
2548 491 2901 559 confluerent,
2927 492 3137 547 feminis
3165 493 3219 547 id
3261 506 3370 548 non
3411 495 3481 548 sit
3524 509 3704 566 persc.

2132 585 2424 656 quendum.
2450 584 2586 640 Nam
2612 600 2713 641 nec
2739 585 2917 642 inesse
2949 587 3001 641 in
3044 601 3102 641 se
3127 595 3325 640 tantam
3357 587 3587 643 libidinis
3610 589 3708 642 im-

2135 679 2426 747 potentiam
2453 685 2676 747 possunt
2695 676 2878 733 dicere
2897 717 2920 745 ,
2960 687 3018 732 et
3037 678 3285 734 dolorum
3309 680 3399 748 qui
3429 692 3492 734 ex
3521 693 3586 734 eo
3610 679 3708 732 im-

2136 767 2401 838 pendeant
2427 767 2549 836 plus
2575 767 2791 836 capiunt
2819 784 2833 821 :
2861 767 3002 837 quod
3033 767 3247 838 quidem
3265 767 3374 838 jam
3398 777 3481 823 est
3507 784 3537 822 a
3561 769 3710 824 nobis

2136 858 2732 927 demonstratum.Quid
2752 859 2926 930 igitur,
2955 861 3156 930 inquit,
3179 859 3232 914 id
3259 861 3313 914 in
3344 860 3488 914 omni
3517 860 3704 914 matris

2137 950 2320 1005 monio
2359 950 2484 1004 est?
2510 949 2621 1006 Nec
2669 962 2799 1005 vero
2844 950 2998 1006 abest
3022 951 3091 1006 ab
3118 951 3263 1005 omni
3299 965 3316 1004 :
3363 960 3623 1005 ueterum
3652 949 3715 1004 ab

2140 1043 2286 1100 omni
2315 1043 2610 1114 virginitate
2631 1043 2786 1114 longe
2804 1051 2960 1113 atque
2981 1044 3161 1114 procul
3187 1051 3286 1098 est.
3314 1043 3392 1099 Ac
3407 1054 3566 1112 nupta
3595 1042 3717 1096 licet

2140 1138 2195 1192 in
2223 1136 2419 1191 malum
2449 1150 2556 1192 non
2581 1138 2819 1204 incidat,
2845 1146 2901 1192 at
2926 1138 2977 1191 in
3002 1137 3123 1191 mali
3149 1147 3346 1191 metum
3374 1135 3606 1191 incidet:
3637 1149 3718 1190 ne-

2128 1243 2257 1297 que
2289 1228 2433 1283 enim
2463 1237 2677 1297 potest,
2706 1229 2789 1283 cui
2820 1244 2942 1282 cum
2969 1228 3084 1282 viro
3112 1226 3566 1283 consuescendum
3615 1226 3718 1292 sit,

2122 1333 2250 1374 non
2281 1332 2384 1372 una
2405 1333 2526 1373 cum
2552 1318 2938 1374 consuetudine
2967 1319 3102 1372 mala
3128 1319 3306 1372 omnia
3335 1330 3515 1372 secum
3536 1325 3720 1385 putare

2144 1423 2210 1464 ac
2233 1417 2474 1465 metuere
2501 1427 2516 1464 :
2553 1410 2701 1480 virgo
2723 1416 2899 1464 autem
2931 1424 3036 1464 non
3064 1408 3236 1463 solum
3257 1421 3286 1460 a
3307 1407 3564 1462 molestiis
3587 1447 3606 1473 ,
3633 1406 3722 1460 scd

2147 1497 2307 1554 etiam
2326 1514 2360 1554 a
2385 1499 2688 1570 suspicione
2715 1499 2882 1554 libera
2907 1507 3011 1554 est.
3043 1499 3115 1552 At
3137 1497 3241 1554 hoc
3266 1513 3372 1550 non
3397 1506 3480 1553 est
3505 1497 3556 1551 in
3577 1494 3724 1550 omni

2148 1591 2508 1646 matrimonio.
2537 1589 2656 1646 Non
2690 1590 2938 1660 equidem
2969 1589 3020 1644 id
3045 1589 3164 1644 dico
3187 1629 3204 1655 ,
3246 1589 3339 1642 sed
3383 1591 3632 1657 quamvis
3677 1585 3726 1640 id

2150 1697 2257 1736 non
2281 1681 2427 1748 insit,
2451 1682 2552 1736 alia
2581 1681 2762 1736 insunt
2784 1681 2970 1746 multa,
2995 1695 3057 1735 ac
3075 1679 3202 1734 licet
3228 1679 3316 1733 illa
3345 1677 3582 1746 effugias,
3614 1689 3732 1729 om-

2150 1774 2238 1828 nia
2264 1773 2422 1843 plane
2444 1771 2680 1844 effugere
2711 1787 2816 1826 non
2839 1772 3012 1842 possis
3036 1787 3052 1836 ;
3084 1770 3180 1824 sed
3205 1769 3350 1824 velut
3377 1769 3430 1822 in
3455 1765 3727 1829 sentibus,

2149 1881 2271 1936 quae
2294 1865 2627 1921 vestimentis
2652 1863 3003 1927 adhaereant,
3028 1861 3120 1931 qui
3145 1875 3326 1928 sepem
3354 1856 3690 1912 transcendit
3716 1897 3730 1922 ,

2151 1959 2219 2014 ad
2238 1973 2396 2014 unam
2416 1957 2746 2014 evellendam
2766 1969 3076 2020 conversus,
3098 1954 3217 2008 aliis
3238 1951 3474 2022 pluribus
3498 1958 3732 2004 tenetur:
3834 1951 3835 2002 ἰ

2153 2051 2228 2105 ita
2253 2059 2309 2106 et
2336 2051 2391 2104 in
2421 2065 2482 2106 re
2506 2049 2691 2104 uxoria
2713 2088 2731 2115 ,
2758 2047 2849 2119 qui
2880 2047 2983 2102 hoc
3020 2043 3316 2116 perrumpit
3345 2083 3362 2109 ,
3397 2043 3489 2097 illo
3520 2054 3734 2096 rursum
3828 2023 3835 2050 ⁵

2154 2143 2398 2208 luditur;
2443 2143 2534 2214 qui
2564 2154 2693 2197 vero
2720 2139 2847 2196 illud
2871 2139 3135 2204 evaserit,
3161 2136 3307 2192 aliud
3335 2133 3596 2190 offendit:
3636 2146 3737 2186 nec

2154 2234 2310 2290 facile
2338 2235 2734 2290 matrimonium
2763 2233 3002 2288 invenias
3030 2231 3175 2285 omni
3205 2227 3445 2283 molestia
3473 2225 3734 2281 solutum.

2225 2325 2358 2381 Llll.
2391 2323 2695 2395 Conjugium
2733 2323 2946 2378 divitum
2976 2320 3306 2392 expetendum
3329 2335 3430 2372 non
3455 2331 3594 2381 esse,
3640 2315 3739 2367 imo
3838 2377 3839 2384 γ

2157 2432 2437 2488 pauperum
2463 2415 2711 2470 connubio
2739 2415 2998 2470 molestius
3018 2429 3144 2467 esse.
3162 2439 3234 2452 -—-
3256 2409 3455 2466 Verum
3474 2448 3489 2475 ,
3519 2407 3562 2462 si
3589 2406 3742 2462 vide-

2155 2520 2264 2580 tur,
2298 2510 2542 2567 infaustis
2569 2509 2803 2565 dimissis
2824 2549 2842 2575 ,
2869 2505 3010 2577 quod
3036 2505 3088 2560 in
3119 2520 3184 2561 eo
3213 2511 3295 2558 ter
3322 2502 3532 2566 beatum
3551 2499 3742 2554 existi-

2157 2613 2354 2668 metur,
2386 2609 2441 2657 et
2477 2600 2648 2667 multi,
2676 2599 2919 2668 adeoque
2943 2611 3132 2652 omnes
3157 2601 3340 2665 optent
3370 2590 3659 2662 consequi,
3693 2589 3744 2644 id
3835 2619 3842 2656 τ

2157 2709 2300 2750 nunc
2325 2695 2378 2748 in
2407 2691 2641 2748 medium
2669 2691 2986 2762 productum
3024 2688 3372 2758 iuquiramus.
3394 2685 3662 2752 Quidnam
3691 2682 3742 2738 id

2143 2787 2278 2853 est?
2303 2785 2403 2854 Qui
2436 2800 2659 2856 pauper.
2689 2782 2904 2837 humilis
2922 2823 2940 2848 ,
2972 2780 3209 2850 abiectus
3235 2778 3311 2832 sis
3332 2817 3349 2844 ,
3378 2793 3448 2832 ex
3471 2776 3654 2846 ampla
3683 2789 3744 2830 ac

2159 2879 2360 2950 potenti
2403 2885 2459 2931 ct
2502 2876 2762 2946 locuplete
2799 2874 2960 2928 domo
2983 2885 3205 2926 uxorem
3234 2869 3452 2925 ducere.
3489 2869 3560 2922 At
3598 2865 3745 2931 hoc,

2157 2967 2300 3040 quod
2326 2965 2683 3038 espetcndum
2708 2965 2936 3029 videtur,
2967 2979 3073 3018 non
3118 2961 3448 3023 minoribus,
3477 2973 3645 3030 quam
3686 2959 3746 3012 il-

2159 3061 2282 3126 lud,
2311 3059 2450 3132 quod
2491 3072 2738 3129 perosum
2768 3064 2882 3118 est.
2911 3052 3302 3110 calamitatibus
3329 3051 3622 3106 obnoxium
3653 3047 3749 3104 de-

2159 3153 2573 3226 prchendemns.
2605 3150 2700 3206 Est
2724 3150 2867 3204 cnim
2899 3146 3099 3218 alioqui
3120 3159 3245 3200 cum
3272 3143 3545 3198 hominum
3568 3156 3748 3212 genus

2160 3244 2658 3306 insolentissimum,
2690 3251 2800 3295 tum
2827 3239 2879 3294 in
2906 3239 2970 3294 iis
2995 3237 3262 3300 mulieres,
3290 3250 3356 3290 eo
3381 3231 3598 3304 quidem
3627 3246 3749 3286 ma-

2159 3339 2262 3410 gis,
2292 3352 2400 3409 quo
2438 3335 2836 3406 impotentiorcs
2866 3339 3009 3385 sunt.
3035 3331 3213 3397 Quare
3236 3337 3293 3382 et
3320 3327 3506 3381 morbo
3533 3325 3642 3378 hoc
3672 3322 3752 3378 fa-

2160 3430 2316 3486 cilius
2342 3426 2625 3497 capiuntur
2647 3441 2662 3479 :
2688 3423 2735 3478 si
2761 3437 2888 3477 vero
2913 3420 3176 3490 superbia:
3203 3433 3392 3489 graves
3414 3416 3571 3471 etiam
3611 3428 3753 3469 cau-

2160 3538 2250 3578 sas
2293 3520 2523 3575 habeant
2543 3501 2720 3588 ,inihil
2749 3525 2831 3571 est
2864 3513 3006 3584 quod
3029 3526 3122 3568 eas
3147 3514 3200 3565 in
3237 3509 3418 3565 officio
3439 3507 3753 3573 contineat;

2161 3613 2260 3670 sed
2289 3612 2440 3683 quasi
2468 3609 2680 3665 flamma
2707 3607 2982 3662 materiam
3011 3613 3163 3660 nacta
3182 3643 3198 3668 ,
3221 3602 3294 3657 ita
3320 3601 3549 3656 immane
3569 3613 3754 3669 quan-

2164 3715 2276 3760 tum
2306 3719 2365 3760 se
2385 3702 2694 3766 sustollunt,
2721 3699 2965 3755 ordinem
2991 3699 3260 3752 invertunt
3276 3734 3292 3758 ,
3317 3706 3522 3747 summa
3547 3689 3756 3745 infimis

2162 3804 2390 3854 mutant.
2421 3793 2554 3849 Nam
2583 3791 2756 3847 virum
2785 3805 2921 3844 uxor
2958 3787 3147 3858 capitis
3186 3786 3361 3840 locum
3405 3791 3588 3837 tenere
3642 3796 3755 3836 non

2163 3891 2309 3954 sinit,
2335 3887 2429 3943 sed
2456 3901 2558 3958 qua
2582 3893 2667 3941 est
2687 3882 3018 3938 contumacia
3041 3889 3200 3950 atque
3223 3879 3384 3944 fastu,
3405 3877 3474 3932 de
3493 3891 3559 3931 eo
3576 3875 3756 3946 gradu

2159 3983 2430 4052 deiectum
2467 3979 2522 4033 in
2551 3993 2706 4032 suum
2725 4015 2741 4044 ,
2771 3975 2822 4031 id
2849 3985 2933 4030 est
2959 3973 3026 4028 ad
3055 3971 3438 4041 subjectionem
3460 4008 3475 4033 ,
3500 3968 3759 4037 compel-

2163 4073 2255 4136 lit,
2297 4073 2516 4141 ipsaque
2547 4069 2605 4122 fit
2628 4075 2789 4137 caput
2831 4079 2895 4120 ae
2917 4064 3044 4118 dux.
3076 4062 3144 4118 Et
3171 4060 3298 4132 quid
3326 4075 3390 4114 ea
3415 4058 3761 4114 absurditate

2159 4156 2376 4227 gravius
2401 4168 2524 4209 esse
2556 4152 2771 4223 potest?
2811 4158 2868 4203 ut
2894 4147 3025 4202 nihil
3061 4147 3271 4210 dicam,
3314 4142 3586 4208 convicia,
3623 4158 3764 4197 eou-

2166 4245 2412 4303 tumelias
2428 4287 2445 4310 ,
2473 4241 2861 4304 insuavitatem,
2889 4253 3008 4309 qua:
3032 4237 3271 4293 omnium
3293 4245 3418 4291 sunt
3441 4235 3762 4290 durissima.

2237 4336 2372 4393 LIV.
2407 4333 2737 4401 Quantumvis
2769 4331 3042 4402 subjectum
3083 4343 3293 4383 uxorem
3329 4327 3621 4398 opulentam
3667 4327 3768 4379 ha-

2168 4431 2305 4496 bear,
2344 4430 2520 4498 ingens
2558 4423 2930 4478 incommodum
2969 4437 3095 4474 esse.
3121 4447 3194 4458 —
3220 4417 3338 4473 Jam
3373 4417 3418 4472 si
3447 4416 3565 4487 quis
3609 4415 3769 4469 dicat

2167 4524 2318 4595 (nam
2362 4521 2607 4590 equidem
2651 4517 2846 4570 inultos
2884 4513 3064 4568 dicere
3107 4511 3304 4575 audivi,
3335 4524 3455 4563 cum
3485 4507 3770 4578 ejusmodi

2168 4627 2449 4671 sermones
2479 4605 2740 4678 incidunt)
2770 4623 2784 4660 :
2817 4605 3047 4660 Tantum
3076 4603 3227 4657 dives
3251 4610 3306 4656 ct
3342 4611 3628 4655 nummos:
3668 4599 3768 4665 sit,

2169 4706 2318 4763 nullo
2347 4703 2558 4774 negotio
2575 4701 2692 4770 ejus
2719 4698 2886 4753 fastus
2905 4695 3232 4765 deprimetur
3263 4707 3327 4746 ac
3354 4690 3640 4760 dejicietur
3673 4707 3692 4744 :
3723 4689 3772 4745 si

2169 4797 2312 4868 quis,
2357 4795 2596 4864 inquam,
2640 4791 2756 4846 hanc
2799 4789 2968 4855 dicat,
3012 4803 3096 4842 me
3141 4786 3230 4842 ille
3273 4786 3501 4855 primum
3547 4783 3776 4853 ignorat

2156 4888 2322 4949 valde
2345 4887 2396 4942 id
2421 4885 2636 4942 difficile
2655 4897 2776 4940 esse
2795 4899 2810 4947 ;
2829 4879 3024 4936 deinde
3049 4888 3108 4934 ut
3123 4878 3416 4947 contingat,
3439 4891 3546 4932 non
3567 4889 3774 4945 parum

2170 4980 2342 5038 adfert
2363 4976 2690 5035 detrimenti.
2723 4974 2935 5030 Etenim
2961 4973 3012 5028 vi
3044 4982 3100 5028 et
3125 4971 3398 5026 timentem
3423 4983 3488 5024 ac
3512 4980 3774 5024 conctam

2169 5074 2288 5130 viro
2314 5071 2525 5142 subjici,
2553 5069 2766 5138 gravius
2805 5078 2966 5136 atque
2991 5063 3330 5135 injucundius
3356 5069 3460 5125 est,
3487 5076 3655 5131 quam
3689 5064 3780 5117 vel

2173 5177 2383 5224 summa
2411 5163 2727 5219 auctoritate
2763 5160 2815 5215 ei
2856 5159 3138 5229 imperare.
3173 5153 3310 5223 Quid
3346 5154 3460 5208 ita?
3501 5152 3667 5221 Quod
3710 5170 3784 5208 ea

2171 5261 2254 5318 vis
2280 5257 2569 5316 amicitiam
2589 5268 2803 5309 omnem
2830 5266 2895 5306 ac
2921 5249 3246 5320 voluptatem
3277 5244 3546 5315 expellat:
3574 5245 3780 5301 amici.

2173 5353 2262 5408 tia:
2284 5357 2463 5406 autem
2489 5355 2649 5417 atque
2685 5344 2846 5400 studii
2887 5343 3058 5397 vicem
3099 5349 3305 5396 terrore
3347 5351 3412 5392 ac
3438 5335 3781 5392 necessitate

2174 5447 2455 5507 subeunte,
2481 5439 2662 5513 quanti
2693 5439 2802 5510 jam
2839 5435 2966 5491 illud
2995 5433 3151 5489 fuerit
3183 5428 3581 5485 matrimonium
3607 5429 3777 5483 testi-

2171 5539 2424 5598 mandum
2438 5537 2468 5592 ἵ

2247 5631 2358 5689 LV.
2387 5624 2716 5684 Intolerabile
2741 5623 2934 5680 malum
2968 5637 3076 5677 esse
3109 5618 3284 5674 ditiori
3315 5617 3423 5672 riro
3455 5614 3669 5668 nubere.
3704 5641 3778 5655 --

2179 5729 2355 5800 Atque
2378 5722 2493 5781 lucc
2513 5718 2726 5795 quidem
2749 5718 2793 5776 si
2819 5731 2952 5774 uxor
2975 5713 3226 5787 epulcnta
3242 5710 3330 5767 sit.
3345 5708 3443 5766 Sin
3462 5709 3775 5781 contingat,
