3884 6214
282 178 386 236 577
405 203 410 214 ί

281 311 446 348 παινα
477 292 576 364 μὲν
604 293 726 347 ἀντὶ
748 290 1020 359 γαμετῆς,
1055 290 1150 344 καὶ
1183 291 1217 360 ἡ
1248 285 1510 357 ἐλευθέρα
1535 283 1742 364 γίνεται
1763 280 1948 364 δούλη,

282 373 376 427 καὶ
405 359 502 442 τὴν
543 372 678 442 αὐτῇ
707 372 1089 442 προσήκουσαν
1121 365 1434 438 παρρησίαν
1480 362 1816 442 ἀπολέσασα,
1841 359 1951 442 τῶν

279 441 682 526 ἀργυρωνήτων
711 441 862 504 οὐδὲν
891 451 1113 520 ἄμεινον
1129 446 1482 526 διακείσεται,
1504 443 1639 526 ἀλλά
1665 441 1771 526 κᾶν
1794 441 1954 526 ἀσελ·

278 519 506 600 γάίνείν,
561 519 663 584 κᾶν
703 529 978 600 παροινεῖν
1021 528 1226 587 ἐκεῖνος
1277 522 1459 594 ἐθέλῃ,
1505 523 1618 600 κᾶν
1661 522 1748 574 ἐπ’
1783 519 1956 589 αὐτὴν

279 599 436 679 ἄγειν
470 611 568 681 τὴν
610 599 823 680 ἐκείνης
860 605 1021 677 εὐνὴν
1054 602 1480 676 ἐταιριζομένων
1529 599 1736 671 πλῆθος
1766 616 1956 681 γυναι-

281 677 413 756 κῶν,
438 677 617 745 πάντα
644 677 829 761 φέρειν
864 687 1075 758 ἀνάγκη
1100 686 1195 740 καὶ
1228 681 1564 754 ἀσμενίζειν,
1590 681 1624 753 ἢ
1649 682 1748 751 τῆς
1771 677 1954 761 οἰκίας

281 773 555 824 ἐκπεσεῖν.
595 758 798 824 Κάὶόὐ
836 765 993 820 τοῦτο
1039 765 1196 836 μόνον
1241 763 1358 817 ἐστὶ
1407 761 1467 816 τὸ
1507 761 1700 823 δεινὸν,
1732 758 1849 814 ἀλλ’
1873 758 1958 811 δτι

281 851 506 919 τάνδρὸς
535 849 678 902 οὕτω
703 847 1072 917 διακειμένου,
1108 843 1231 898 οὔτε
1253 843 1512 905 οίκέταις,
1537 839 1668 919 οὔτε
1688 839 1957 919 θεραπαι-

293 930 390 981 νίσι
417 917 551 995 μετ’
596 925 906 996 ἐλευθερίας
941 923 1248 978 ἐπιτάττειν
1279 923 1590 994 δυνήσεται,
1622 918 1735 972 ἀλλ’
1769 917 1959 996 ῶσπερ

285 1008 342 1059 ἐν
373 993 670 1075 ἀλλοτρίοις
691 993 860 1068 ζῶσα,
898 1005 990 1057 καὶ
1017 1002 1124 1054 τῶν
1153 1001 1212 1053 οὐ
1244 999 1630 1071 προσηκόντων
1656 993 1959 1075 ἀπολαύουτ

286 1102 375 1148 03-,
413 1085 506 1138 καὶ
531 1074 768 1156 δεσπότῃ
806 1083 1005 1154 μᾶλλον
1031 1082 1066 1153 ἢ
1101 1081 1258 1153 ἀνδρὶ
1299 1077 1643 1141 συνοικοῦσα,
1668 1074 1827 1156 -ούτω
1865 1074 1960 1156 κα).

286 1165 545 1234 πράττειν
586 1164 679 1216 καὶ
715 1151 943 1232 πάσχειν
983 1151 1625 1234 ἅπανταάναγκάζεται.
1667 1151 1730 1206 Εἰ
1779 1153 1838 1234 δὲ
1865 1151 1960 1234 καὶ

286 1229 344 1311 ἐξ
368 1243 569 1313 ὁμοίων
589 1259 672 1304 τις
701 1229 872 1294 ἐθέλοι
893 1239 1112 1309 γαμεῖν,
1140 1237 1302 1290 πάλιν
1331 1233 1408 1305 τῷ
1426 1233 1530 1304 τῆς
1563 1231 1842 1313 ὑποταγῆς
1870 1229 1960 1285 νό-

290 1310 374 1392 μῳ
402 1310 469 1373 τὰ
493 1321 590 1390 τῆς
617 1319 905 1390 δμοτιμίας
925 1318 1263 1387 λυμαίνεται,
1294 1315 1386 1368 τοῦ
1412 1315 1511 1384 τῆς
1540 1311 1729 1392 οὐσίας
1759 1310 1960 1392 μέτρου

289 1387 564 1461 πείθοντος
617 1387 789 1468 αὐτὴν
838 1395 1148 1463 ἐξισοῦσθαι
1194 1395 1273 1466 τῷ
1315 1394 1489 1466 ἀνδρί.
1530 1392 1596 1445 Τί
1647 1387 1740 1444 οὖν
1771 1391 1835 1445 ἀν
1877 1405 1961 1450 τις

289 1481 532 1550 ποιήσειε
565 1475 830 1548 τοσαύτης
862 1475 1149 1538 δυσκολίας
1189 1473 1470 1544 πανταχοῦ
1506 1471 1708 1550 οὐσηςς
1735 1470 1824 1550 Μᾷὴ
1844 1468 1960 1550 γάρ

290 1547 413 1630 μοι,
433 1556 586 1610 είπου
617 1554 819 1625 σφόδρα
849 1553 1019 1622 ὀλίγοι
1051 1555 1144 1608 καὶ
1177 1552 1534 1630 εὐαρίθμητοι
1577 1549 1750 1630 ταῦτα
1775 1547 1960 1630 διέφυ-

289 1624 384 1705 γον
411 1636 599 1706 γάμοι,
629 1624 852 1697 τούτους
893 1635 973 1695 είς
1010 1631 1176 1704 μέσον
1210 1624 1445 1702 ἀγάγῃς
1475 1629 1537 1682 οὐ
1572 1628 1682 1699 γάρ
1711 1625 1819 1681 ἀπὸ
1847 1624 1961 1678 τῶν

290 1713 678 1778 σπανιζόντων,
708 1711 821 1764 ἀλλ’
854 1710 963 1765 ἀπὸ
989 1711 1095 1763 τῶν
1136 1711 1223 1764 ἀεὶ
1248 1708 1657 1779 συμϐαινόντων
1685 1723 1963 1780 χαρακτη-

291 1796 460 1866 ρίζειν
483 1793 550 1846 τά
589 1790 886 1862 πράγματα
919 1791 1207 1861 προσήκει.
1245 1788 1369 1842 Ἐπὶ
1406 1787 1505 1858 μὲν
1541 1787 1652 1858 7&9
1681 1787 1781 1866 τῆς
1816 1803 1963 1857 παρ-

289 1865 470 1935 θενίας
498 1871 753 1925 δύσκολον
791 1870 962 1924 ταῦτα
1003 1867 1282 1938 γενέσθαι,
1325 1867 1526 1938 μᾶλλον
1573 1868 1632 1921 δὲ
1679 1865 1960 1930 ἀδύνατον,

290 1953 384 2006 ἐπὶ
411 1952 468 2006 δὲ
488 1951 598 2004 τῶν
629 1951 824 2021 γάμων
842 1947 1101 2004 δύσκολον
1139 1948 1214 2018 μὴ
1245 1944 1520 2016 γενέσθαι.

361 2083 505 2153 NQ".
530 2086 590 2138 El
610 2084 666 2137 δέ
699 2084 790 2137 ἐπὶ
817 2087 929 2148 τοῖς
944 2082 1194 2137 δοκοῦσιν
1226 2079 1366 2136 εἶναι
1393 2083 1672 2155 χρηστοῖς,
1703 2077 1964 2134 τοσαῦται

289 2165 565 2219 τίκτονται
588 2163 768 2235 ἀηδίαι
792 2164 887 2216 καὶ
909 2163 1270 2234 συμφοραὶ,τί
1299 2162 1364 2218 ἀν
1392 2180 1476 2227 τις
1505 2161 1598 2216 ἐπὶ
1618 2163 1732 2224 τοῖς
1755 2158 1964 2230 ὡμολο-

290 2244 551 2317 γημένοις
577 2244 720 2296 εῐποι
741 2242 1039 2313 λυπηροῖς;
1071 2242 1146 2294 υύ
1178 2240 1287 2312 7&9
1313 2241 1454 2313 ὑπὲρ
1486 2241 1605 2304 ἐνδς
1636 2240 1842 2317 δέδοικε
1877 2237 1968 2291 θα⁸

293 2315 456 2379 νάτου
486 2323 666 2393 μόνον,
698 2319 875 2374 καίτοι
897 2336 960 2389 γε
989 2319 1140 2386 ἅπαξ
1161 2320 1426 2391 μέλλουσα
1448 2315 1899 2374 ἐναποθανεῖσθαι
1921 2326 1964 2380 ⁸,

292 2403 412 2458 οὐδὲ
432 2402 571 2474 ὑπὲρ
605 2402 734 2472 μιᾶς
753 2401 1030 2470 φροντίζει
1059 2399 1238 2472 ψυχῆς
1261 2403 1389 2472 μίαν
1420 2399 1620 2471 έχουσα
1659 2399 1849 2470 μόνην,
1871 2396 1968 2451 ἀλ·-

295 2482 363 2538 )ἀ
394 2483 584 2553 τρέμει
627 2480 728 2552 μὲν
770 2481 910 2551 ὑπὲρ
951 2481 1165 2552 ἀνδρὸς.
1205 2480 1400 2552 τρέμει
1449 2479 1507 2533 δὲ
1559 2479 1700 2550 ὑπὲρ
1738 2476 1968 2540 παίδων,

291 2562 485 2635 τρέμει
536 2562 594 2616 δέ
641 2561 782 2632 ὑπὲρ
827 2561 935 2614 τῶν
984 2560 1215 2624 ἐκείνοις
1269 2560 1655 2632 προσηκόντων
1687 2556 1968 2629 γυναικῶν

294 2642 458 2696 πάλιν
490 2643 583 2696 καὶ
618 2640 844 2704 παίδων,
871 2639 966 2694 καὶ
994 2640 1212 2710 ὅσῳπερ
1240 2637 1307 2693 ἂν
1334 2641 1414 2704 είς
1440 2638 1696 2701 πλείονας
1721 2636 1970 2706 ἐκτείνη-

293 2737 386 2777 ται
444 2721 670 2784 κλάδους
725 2721 760 2792 ἡ
813 2719 958 2792 ῥίζα,
989 2718 1230 2790 τοσούτῳ
1278 2717 1564 2782 πλεονάζει
1621 2715 1716 2772 καὶ
1761 2717 1830 2772 τά
1863 2716 1970 2770 τῶν

297 2801 591 2875 φροντίδων
628 2801 785 2872 αὐτῇ⁸
834 2800 926 2853 καὶ
972 2798 1094 2852 καθ’
1128 2799 1359 2852 ἕκαστον
1409 2797 1612 2853 τούτων
1650 2797 1762 2850 εῐτε
1797 2795 1971 2867 ζημία

297 2882 616 2954 χρημάτων,
637 2880 745 2932 εἴτε
781 2876 1033 2950 σώματος
1059 2877 1362 2949 ἀρρωστία,
1391 2877 1500 2930 εῖτε
1529 2875 1717 2947 ἐτερόν
1741 2893 1794 2929 τι
1831 2891 1971 2954 συμ-

297 2961 424 3032 ϐαίη
453 2959 562 3013 τῶν
591 2957 926 3028 ἀϐουλήτων,
954 2956 1167 3028 ἀνάγκη
1199 2956 1492 3011 κόπτεσθαι
1514 2957 1609 3011 καὶ
1629 2955 1847 3027 θρηνεῖν
1861 2953 1971 3008 τῶν

298 3039 616 3111 πασχόντων
653 3038 752 3109 οὐχ
792 3034 955 3109 ἦττον
997 3036 1197 3091 αὐτῶν⁶
1239 3035 1346 3091 κᾶν
1387 3037 1486 3107 μὲν
1552 3034 1972 3109 προαπέλθωσιν

298 3121 558 3186 ἅπαντες,
594 3118 866 3191 ἀφόρητον
898 3118 960 3172 τὸ
992 3117 1206 3182 πένθος·
1238 3117 1304 3171 ἂν
1331 3116 1390 3170 δὲ
1419 3118 1468 3170 οί
1502 3117 1599 3188 μὲν
1634 3117 1892 3188 μένωσιν,
1920 3115 1970 3168 οί

297 3199 355 3254 δὲ
373 3199 575 3272 ἀώροις
604 3196 942 3268 ἀπενεχθῶσι
977 3197 1248 3261 θανάτοις,
1270 3196 1394 3250 οὐδὲ
1423 3195 1567 3249 οὕτω
1599 3195 1848 3272 καθαρὰν
1881 3191 1973 3272 εὖτ-

303 3296 386 3352 ροι
420 3271 504 3341 τις
532 3276 599 3331 ἂν
627 3273 999 3347 παραμυθίαν.
1047 3275 1106 3328 '0
1145 3275 1256 3346 7&9
1289 3275 1430 3344 6&9
1472 3273 1581 3327 τῶν
1618 3271 1836 3336 ζώντων
1882 3271 1973 3325 ἀεὶ

300 3358 464 3428 φόϐος
512 3355 816 3411 κατασείων
865 3355 966 3425 τὴν
1007 3354 1188 3426 ψυχὴν
1224 3357 1325 3408 οὐκ
1352 3354 1592 3408 ἐλάττων
1617 3353 1715 3423 τῆς
1737 3352 1830 3405 ἐπὶ
1858 3353 1973 3414 τοῖς

303 3437 711 3504 τετελευτηκόσι
735 3438 959 3508 γίνεται
989 3436 1186 3506 λύπης,
1220 3435 1336 3490 ἀλλ’
1362 3437 1411 3490 εί
1453 3436 1532 3490 δεῖ
1558 3453 1613 3489 τι
1638 3434 1734 3488 καὶ
1759 3433 1973 3504 θαυμα-
1997 3465 2001 3468 -

303 3521 424 3576 στδν
454 3523 648 3586 είπεῖν,
677 3517 1074 3591 χαλεπώτερος.
1101 3516 1210 3587 Τὴν
1247 3515 1350 3586 μὲν
1389 3514 1496 3587 7&9
1524 3514 1618 3568 ἐπὶ
1643 3517 1757 3578 τοῖς
1791 3529 1974 3567 κεκοι-

304 3601 568 3672 μημένοις
593 3599 842 3670 ,ἀθυμίαν
876 3597 906 3650 6
938 3595 1131 3667 χρόνος
1167 3593 1431 3666 ἐμάλαξε,
1468 3592 1658 3672 τάςδὲ
1695 3592 1836 3672 ὐπέρ
1863 3592 1974 3672 τῶν

302 3671 518 3744 ζώντων
559 3677 843 3750 φροντίδας
879 3673 1061 3744 μένειν
1092 3675 1306 3746 ἀνάγκη
1341 3671 1658 3735 διαπαντὸς,
1756 3671 1973 3750 θανάτῳ

302 3748 613 3812 παύσασθαι
641 3755 807 3828 μόνῳ.
842 3753 903 3807 ΕΞ
935 3753 992 3806 δὲ
1036 3755 1150 3816 τοῖς
1185 3752 1409 3816 οίκείοις
1445 3752 1545 3806 οὐκ
1586 3748 1736 3822 [516]
1768 3748 1974 3828 ἀρκοῦ-

305 3851 407 3905 μεν
439 3827 656 3899 πάθεσι,
695 3835 846 3886 ποῖον
883 3829 1192 3902 βιωσόμεθα
1225 3830 1338 3900 βίον
1378 3828 1477 3892 τάς
1509 3829 1713 3901 ἐτέρων
1761 3827 1974 3883 πενθεῖν

301 3912 733 3984 ἀναγκαζόμενοι
759 3910 1074 3982 συμφοράς;
1100 3908 1300 3964 Πολλαὶ
1333 3907 1593 3971 πολλάκις
1623 3906 1870 3976 ἐγένοντο
1890 3923 1978 3976 γο-

303 3993 439 4047 νέων
465 3987 752 4065 λαμπρῶν,
783 3992 1165 4063 ἀνετράφησαν
1194 3987 1338 4060 μετά
1367 3986 1570 4059 πολλῆς
1595 3987 1696 4057 τῆς
1731 3985 1972 4065 τρυφῇς,

304 4060 632 4144 ἐξεδόθησάν
674 4088 782 4125 τινι
826 4060 935 4124 τῶν
989 4068 1199 4140 μεγάλα
1230 4067 1544 4138 δυναμένων
1585 4065 1818 4144 ἀνδρῶν,
1855 4060 1976 4144 εἶτα

305 4142 566 4222 ἐξαίφνης
587 4152 718 4224 πρὶν
741 4150 834 4202 ἐπὶ
854 4147 1066 4210 τούτοις
1096 4146 1524 4218 μακαρισθῆναι,
1555 4143 1805 4198 κινδύνου
1830 4142 1978 4208 τινὸς

307 4231 556 4300 καθάπερ
585 4227 896 4296 καταιγίδος
929 4226 964 4296 ἢ
996 4224 1309 4296 πνεύματος
1357 4224 1788 4297 προσπεσόντος,
1841 4239 1976 4276 κατ-

307 4307 501 4363 έδυσαν
535 4308 630 4362 καὶ
664 4302 845 4368 αὗται,
888 4305 984 4358 καὶ
1013 4302 1122 4356 τῶν
1164 4304 1258 4358 τοῦ
1305 4303 1567 4373 ναυαγίου
1596 4301 1974 4373 συμμετέσχον

305 4387 514 4455 δεινῶν,
540 4388 636 4442 καὶ
669 4384 874 4457 μυρίων
902 4382 1008 4454 πρὸ
1032 4379 1127 4434 τοῦ
1165 4382 1344 4452 γάμου
1371 4379 1552 4435 καλῶν
1579 4378 1974 4446 ἀπολαύουσαι,

306 4466 443 4538 πρὸς
466 4469 562 4538 τὴν
591 4465 825 4535 ἐσχάτην
858 4461 966 4515 ἀπὸ
987 4458 1081 4513 τοῦ
1110 4459 1290 4538 γάμου
1321 4458 1628 4538 κατέπεσαν
1667 4459 1971 4538 συμφοράν.

319 4537 461 4599 Ἀλλ’
483 4537 544 4598 οὐ
577 4542 769 4605 ταῦτα,
803 4540 957 4611 φησὶ,
984 4538 1172 4611 πᾶσιν,
1207 4537 1328 4592 οὐδέ
1371 4537 1460 4594 ἀεὶ
1487 4538 1820 4608 συμπίπτειν
1853 4537 1976 4591 είω-

309 4627 422 4689 θεν,
447 4623 559 4679 ἀλλ’
588 4621 707 4675 οὐδὲ
737 4606 952 4674 πάντων
970 4606 1300 4697 κεχώρῖσται
1329 4617 1445 4697 (καὶ
1472 4606 1582 4697 7&9
1609 4613 1976 4697 671b_':&_&_6:&

308 4707 472 4762 πάλιν
501 4703 655 4776 ἐρῶ),
690 4699 826 4754 ἀλλά
853 4699 966 4776 τοῖς
993 4693 1094 4766 μὲν
1117 4696 1211 4749 καὶ
1233 4695 1320 4776 διὰ
1347 4695 1449 4776 τῆς
1473 4695 1672 4776 πείρας
1715 4693 1971 4776 ἐπῆλθον,

307 4785 422 4838 ὅσοι
447 4783 505 4836 δὲ
533 4773 631 4846 τὴν
657 4779 852 4849 πεῖραν
875 4775 1152 4844 διέφυγον,
1175 4774 1397 4836 τούτους
1415 4775 1504 4829 διά
1522 4775 1624 4845 τῆς
1651 4773 1976 4845 προσδοκίας

308 4863 518 4933 ἠνίασε.
546 4857 818 4930 Παρθένος
836 4854 890 4907 δὲ
916 4855 1065 4907 πᾶσα
1099 4855 1192 4907 καὶ
1218 4855 1316 4926 τῆς
1341 4854 1536 4926 πείρας
1562 4853 1656 4908 καὶ
1679 4852 1778 4924 τῆς
1806 4869 1979 4925 προσ..

310 4941 495 5004 δοκίας
516 4939 664 4992 ἐστὶν
695 4933 964 5006 ἀνωτέρα.

373 5063 496 5117 NZ'.
515 5055 661 5127 Πλὴν
675 5055 787 5112 ἀλλ’
810 5057 856 5109 εί
884 5054 1029 5110 δοκεῖ
1054 5057 1235 5110 ἐκεῖνα
1265 5056 1562 5126 ἀφέντες,ἀ
1589 5054 1973 5125 συγκεκλήρω·

306 5169 400 5207 ται
434 5149 593 5221 φύσει
619 5147 697 5219 τῷ
725 5145 908 5216 γάμῳ,
945 5144 1039 5198 καὶ
1067 5145 1211 5216 ἅπερ
1240 5144 1416 5208 οὐδεὶς
1448 5146 1515 5199 ἂν
1535 5143 1658 5198 οὕτε
1684 5143 1826 5199 ἐκῶν
1850 5144 1972 5199 οὕτε

307 5243 456 5296 ἄκων
495 5235 770 5306 διαφύγοι,
807 5232 980 5287 ταῦτα
1020 5230 1440 5302 διασκεψώμεθα
1474 5230 1570 5284 νῦν
1597 5231 1645 5286 δ.
1707 5231 1841 5285 Τίνα
1881 5227 1976 5287 οὖν

311 5335 429 5387 ἐστι
451 5327 658 5393 ταύτῃ
697 5323 893 5385 Ὠδῖνες
940 5321 1033 5374 καὶ
1081 5319 1231 5373 τόκοι
1273 5319 1368 5372 καὶ
1412 5319 1620 5373 παιδία.
1657 5319 1876 5373 Μᾶλλον
1917 5319 1976 5372 δὲ

310 5417 564 5488 ἀνωτέρω
603 5415 696 5470 τδν
731 5413 886 5480 λόγον
919 5409 1238 5478 ἀγάγωμεν,
1276 5409 1370 5460 καὶ
1405 5405 1474 5460 τά
1513 5407 1620 5478 1:96
1655 5405 1751 5461 τοῦ
1791 5407 1972 5479 γάμου
2002 5433 2007 5436 -

370 5640 396 5670 ⁸
423 5639 538 5688 Haec
560 5647 638 5687 est
661 5635 899 5697 scriptura
921 5635 1110 5686 Savilii.
1129 5635 1242 5687 Alio
1265 5641 1336 5689 et.
1360 5641 1415 5684 ul
1439 5636 1651 5693 videtur.
1681 5636 1844 5684 uinus
1865 5635 1973 5684 ido-

304 5718 400 5754 non
421 5713 567 5752 sensu
594 5699 757 5750 Monlf.
796 5700 947 5746 καίτοι
964 5711 1017 5760 7_e
1038 5698 1140 5757 μέλ.
1173 5697 1548 5748 έναποθανεῖσθαι
1572 5699 1706 5760 μόνη.
1740 5699 1870 5749 Eon.

370 5764 400 5814 υ
423 5765 541 5826 Reg.
572 5762 934 5824 ἐπισκεψώμεθα
955 5757 1054 5806 νῦν.

1134 170 1194 229 S.
1232 168 1522 227 JOANNIS
1555 157 2046 224 CllBYSOSTOliI
2084 155 2405 216 ARCIIIEP.
2450 153 2997 216 CONSTANTINOP.

3627 149 3734 206 578

2056 276 2466 348 καταμάθωμεν
2501 273 2579 339 ὡς
2613 271 2859 328 δυνατόν’
2893 266 3029 342 μετά
3079 267 3366 344 ἀκριϐείας
3397 268 3508 341 γὰρ
3545 269 3596 322 οί
3625 283 3735 348 πα-

2057 347 2242 422 θόντες
2285 347 2432 411 ίσασι
2473 355 2644 424 μόνοι.
2699 352 2935 422 Ἑπέστη
2967 350 3068 421 τῆς
3109 349 3404 421 μνηστείας
3449 349 3480 402 6
3517 347 3733 418 καιρόςο

2060 441 2156 492 καὶ
2180 437 2459 510 φροντίδες
2497 432 2697 496 εὐθέως
2721 429 3012 502 ἐπάλληλοι
3049 428 3444 510 καὶποικίλαι,
3477 427 3600 510 τίνα
3627 429 3736 510 ἀρα

2054 507 2284 590 λήψεται
2325 515 2516 584 ἀνδρα,
2565 514 2639 585 μὴ
2685 511 2938 590 δυσγενῆ,
2979 510 3055 582 μὴ
3100 508 3452 590 τῶνγάτίμων
3480 507 3737 590 τινάημὴ

2056 587 2286 669 αὐθάδη,
2319 595 2394 668 μὴ
2424 591 2739 658 ἀπατεῶνα,
2780 591 2855 663 μὴ
2877 588 3133 669 ἀλαζόνα,
3169 589 3245 661 μὴ
3279 587 3508 669 θρασὺν,
3538 587 3614 660 μὴ
3634 587 3736 669 ζηο

2019 711 2030 724 ο
2055 667 2329 740 λότυπον,
2357 673 2431 745 μὴ
2465 671 2785 744 μικρολόγον
2818 668 2962 734 τινὰ,
3002 669 3077 742 μὴ
3121 669 3312 741 εὐήθη,
3361 667 3436 742 μὴ
3477 668 3736 741 πονηρὸν,

2062 755 2137 826 μὴ
2167 751 2420 824 σκληρὸν,
2461 750 2536 823 μὴ
2570 749 2850 820 ἄνανδρον.
2887 747 3074 803 Ταῦτα
3105 748 3214 820 7&9
3245 748 3461 803 ἅπαντα
3503 747 3738 820 συμϐαί-

2062 857 2173 894 νειν
2205 838 2302 909 μὲν
2332 838 2432 891 οὐκ
2475 835 2689 906 ἀνάγκη
2731 837 2851 899 ταῖς
2894 834 3272 906 γαμουμέναις
3324 834 3588 899 ἀπάσαις,
3635 851 3737 905 με-

2065 919 2262 990 ριμνᾷν
2296 918 2354 973 δὲ
2387 917 2602 986 ἀνάγκη
2629 915 2722 970 καὶ
2761 912 3068 986 φροντίζειν
3097 913 3316 990 ἀπαντα
3345 924 3396 952 ε·
3437 913 3591 968 οῡπω
3628 915 3740 988 γάρ

2061 988 2216 1062 δντος
2255 996 2349 1051 τοῦ
2376 992 2866 1068 κληρωθησομένου
2896 991 3076 1064 δήλου,
3102 988 3217 1048 ἀλλ’
3243 992 3325 1047 ἐτι
3369 990 3464 1066 τῆς
3520 992 3740 1060 ἐλπίδος

2065 1076 2343 1149 μετεώρου
2378 1076 2667 1149 μενούσης,
2695 1075 2872 1130 πάντα
2902 1078 2935 1146 ἡ
2964 1075 3112 1147 ψυχὴ
3134 1074 3342 1130 δέδοικε
3390 1076 3486 1129 καὶ
3519 1076 3737 1148 τρέμει,

2063 1160 2155 1213 καὶ
2174 1159 2327 1213 οὐδέν
2346 1157 2494 1212 ἐστιν
2518 1157 2655 1229 ὅπερ
2676 1157 2738 1210 οὐ
2759 1155 3029 1225 λογίζεται
3057 1155 3281 1210 τούτων.
3308 1155 3371 1209 Εἰ
3395 1152 3451 1209 δέ
3479 1155 3628 1226 λέγοι
3653 1175 3742 1223 τις

2061 1241 2143 1294 δτι
2173 1240 2267 1293 καὶ
2290 1238 2358 1292 τά
2381 1237 2599 1292 ἐναντία
2623 1237 2980 1310 προσδοκῶσα
3004 1234 3387 1306 εὐφραίνεσθαι
3413 1233 3618 1290 δύναιτ’
3649 1237 3740 1301 ἀν,

2063 1317 2123 1376 εὖ
2159 1323 2292 1376 ῐστω
2309 1319 2393 1372 ὅτι
2418 1318 2518 1390 οὐχ
2549 1317 2723 1382 οὕτως
2750 1318 2898 1388 ἡμᾶς
2918 1318 2973 1371 αἱ
2999 1314 3108 1369 τῶν
3141 1313 3362 1384 ἀγαθῶν
3393 1315 3608 1380 ἐλπίδες
3635 1333 3743 1370 πα-

2066 1396 2452 1471 ραμυθοῦνται,
2480 1396 2557 1460 ὼς
2595 1397 2650 1450 αί
2683 1396 2793 1449 τῶν
2821 1396 3077 1467 πονηρῶν
3127 1393 3446 1466 προσδοκίαι
3485 1393 3738 1449 λυποῦσι.

2061 1481 2145 1533 Τά
2181 1479 2278 1550 μὲν
2309 1478 2418 1548 7&9
2457 1477 2638 1544 ἀγαθά
2683 1475 2812 1530 ὅταν
2857 1475 3086 1545 ἐλπισθῇ
3127 1472 3382 1545 βεϐαίως,
3414 1473 3538 1528 τότε
3579 1475 3744 1545 μόνον

2061 1558 2235 1612 τίκτει
2266 1557 2366 1628 τὴν
2396 1556 2607 1628 ἡδονήν·
2645 1553 2714 1608 τά
2751 1553 2810 1608 δέ
2859 1553 3008 1608 κακά
3051 1552 3154 1606 κᾶν
3192 1552 3507 1624 ὑποπτευθῇ
3557 1553 3742 1624 μόνον.

2063 1635 2264 1700 εὐθέως
2301 1634 2522 1706 συνέχεε
2573 1637 2666 1689 καὶ
2701 1633 3033 1706 συνετάραξε
3078 1633 3178 1706 τὴν
3209 1633 3411 1705 ψυχήν.
3448 1634 3662 1706 Ὥσπερ
3684 1633 3745 1688 δέ

2063 1717 2159 1770 ἐπὶ
2195 1713 2304 1769 τῶν
2333 1713 2680 1786 ἀνδραπόδων
2717 1715 2749 1784 ἠ
2779 1713 2887 1766 τῶν
2917 1713 3192 1784 ἐσομένων
3236 1713 3432 1784 ἀδηλία
3465 1711 3746 1768 δεσποτῶν

2063 1795 2164 1850 οὐκ
2186 1794 2410 1865 ἀφίησιν
2437 1792 2714 1865 ἠρεμῆσαι
2744 1792 2843 1864 τὴν
2869 1792 3092 1846 ἐκείνων
3117 1789 3319 1864 ψυχὴν,
3350 1791 3493 1846 οὕτω
3521 1793 3616 1845 καὶ
3649 1792 3747 1846 ἐπὶ

2061 1875 2170 1929 τῶν
2226 1873 2513 1943 παρθένων
2565 1873 2745 1926 πάντα
2788 1872 2880 1925 τὸν
2926 1872 3034 1924 ἀπὸ
3069 1871 3170 1941 τῆς
3211 1871 3508 1942 μνηστείας
3547 1869 3746 1940 καιρὸν

2065 1953 2450 2027 χειμαζομένῳ
2495 1951 2667 2022 πλοίῳ
2723 1951 3046 2024 προσέοικεν
3105 1948 3287 2006 αὐτῶν
3333 1951 3367 2021 ἡ
3400 1948 3570 2021 ψυχὴ,
3617 1950 3724 2027 καθ

2065 2025 2302 2104 ἐίκάστην
2355 2031 2568 2103 ἡμέραν
2625 2031 2732 2084 τῶν
2771 2031 2976 2099 γονέων
3021 2031 3149 2095 τοὺς
3179 2031 3278 2101 μὲν
3322 2028 3670 2101 κρατούντων
3689 2025 3745 2089 ἀ,

2065 2113 2191 2176 τοὺς
2214 2112 2272 2166 δὲ
2302 2109 2695 2165 ἐκϐαλλόντων.
2720 2109 2824 2162 Τὸν
2849 2111 2960 2179 7&9
2979 2111 3280 2180 νικήσαντα
3307 2107 3434 2179 χθὲς
3461 2106 3570 2160 τῶν
3605 2123 3746 2177 μνη-

2068 2194 2282 2264 στήρων
2315 2191 2554 2260 σήμερον
2583 2187 3055 2258 παρευδοκίμησεν
3079 2189 3285 2259 ἐτερος,
3312 2186 3408 2240 καὶ
3434 2183 3620 2244 τοῦτον
3639 2186 3749 2264 πάξ

2066 2261 2434 2336 λινέξέϐαλεν
2465 2265 2646 2330 ἀλλος.
2692 2267 2848 2320 Ἐστι
2879 2265 2936 2320 δὲ
2968 2267 3057 2320 ὅτε
3093 2268 3188 2320 καὶ
3239 2265 3377 2336 πρὸς
3409 2265 3602 2327 αὐταῖς
3644 2261 3748 2319 τοῦ

2066 2349 2248 2419 γάμου
2277 2349 2394 2411 ταῖς
2433 2344 2626 2417 θύραις
2655 2345 2684 2397 6
2725 2346 2825 2416 μὲν
2859 2343 3253 2418 προσδοκηθεὶς
3290 2343 3522 2413 νυμφίος
3557 2343 3748 2405 κεναῖς

2067 2427 2280 2497 ἀπῆλθε
2315 2425 2492 2496 χερσὶ,
2522 2422 2600 2493 τῷ
2635 2423 2694 2476 δὲ
2733 2423 2809 2494 μὴ
2842 2422 3149 2477 ἐλπισθέντι
3177 2423 3278 2492 τὴν
3307 2421 3478 2493 κόρην
3499 2419 3750 2491 παρέδω-

2069 2523 2171 2560 καν
2203 2507 2251 2560 οί
2281 2505 2478 2574 γονεῖς.
2507 2503 2584 2558 Οὐ
2620 2504 2877 2571 γυναῖκες
2919 2502 2977 2555 δὲ
3020 2501 3201 2573 μόνον,
3235 2500 3371 2556 ἀλλά
3423 2500 3516 2554 καί⁸
3554 2499 3750 2574 ἀνδρες

2068 2586 2312 2660 χαλεπάς
2354 2585 2537 2657 έχουσι
2571 2584 2672 2648 τὰς
2709 2583 3013 2655 φροντίδας.
3061 2582 3298 2647 Τούτους
3343 2580 3444 2653 μὲν
3486 2582 3595 2651 7&9
3631 2579 3750 2660 ,καὶ

2070 2658 2547 2740 πολυπραγμονεῖν
2586 2665 2785 2730 ἔνεστι,
2829 2663 2928 2736 τὴν
2965 2663 3021 2717 δέ
3054 2663 3204 2717 ἐνδον
3242 2658 3751 2732 συγκεκλεισμένην

2067 2746 2363 2810 διαπαντὸς
2410 2745 2528 2810 πῶς
2555 2746 2622 2800 ἀν
2662 2762 2746 2810 τις
2786 2747 3209 2816 περιεργάσαιτο
3236 2743 3455 2814 τρόπων
3487 2742 3677 2796 ἐνεκεν
3711 2741 3749 2811 ἢ

2073 2825 2321 2898 μορφῆς;
2351 2824 2462 2878 Καὶ
2475 2823 2650 2878 ταῦτα
2682 2823 2782 2895 μὲν
2807 2823 2948 2878 κατά
2972 2825 3063 2878 τὸν
3083 2822 3182 2894 τῆς
3209 2823 3504 2895 μνηστείας
3527 2817 3747 2892 καιρόν·

2069 2906 2197 2960 ὅταν
2223 2904 2279 2958 δὲ
2309 2906 2338 2957 6
2363 2901 2458 2957 τοῦ
2486 2902 2668 2973 γάμου
2691 2902 3084 2974 παραγίνηται,
3115 2901 3425 2956 ἐπιδίδωσιν
3449 2905 3483 2973 ή
3512 2901 3748 2969 ἀγωνία,

2071 2984 2168 3039 καὶ
2196 2983 2296 3054 τῆς
2324 2983 2522 3054 ἡδονῆς
2551 2981 2751 3037 πλείων
2783 2983 2813 3035 6
2845 2981 3031 3052 φόϐος,
3075 2983 3285 3054 μήποτε
3317 2981 3411 3035 ἀπ’
3445 2982 3614 3054 αὐτῆς
3647 2980 3753 3050 τῆς

2071 3061 2313 3135 ἑσπέρας
2341 3063 2512 3136 ἀηδής
2541 3079 2627 3126 τις
2654 3055 2794 3116 εῖναι
2821 3060 2969 3133 δόξῃ,
2998 3063 3094 3116 καὶ
3119 3060 3223 3132 τῆς
3255 3061 3586 3132 προσδοκίας
3617 3057 3756 3112 πολ-

2070 3141 2150 3213 λῷ
2178 3141 2596 3213 καταδεεστέρα.
2621 3140 2732 3212 Τὴν
2766 3141 2866 3212 μὲν
2892 3141 3000 3214 γάρ
3027 3140 3179 3210 παρὰ
3206 3140 3306 3213 τὴν
3334 3140 3508 3213 ἀρχὴν
3533 3139 3752 3194 εὐδοκι-

2076 3222 2327 3293 μήσασαν
2359 3220 2585 3292 ὕστερον
2621 3218 3103 3291 καταφρονηθῆναι
3128 3221 3384 3292 φορητόν·
3411 3222 3541 3275 ὅταν
3569 3220 3626 3273 δὲ
3651 3217 3752 3272 ἀπ’

2073 3301 2267 3371 αὐτῆς,
2299 3300 2376 3365 ὡς
2410 3301 2477 3356 ἀν
2509 3302 2653 3355 εῖποι
2689 3316 2795 3364 τις,
2838 3298 2939 3370 τῆς
2982 3299 3248 3371 γραμμῆς
3290 3298 3444 3372 [517]
3491 3299 3760 3370 φαίνηται

2074 3380 2408 3452 προσκορὴς,
2453 3379 2584 3434 πότε
2624 3379 2911 3450 δυνήσεται
2949 3377 3328 3451 θαυμασθῆναι
3384 3379 3602 3444 λοιπόν;
3635 3381 3757 3434 Καὶ

2078 3460 2152 3531 μή
2196 3477 2285 3531 μοι
2328 3459 2488 3514 τοῦτο
2522 3458 2704 3536 εἴπῃς,
2741 3460 2808 3513 Τί
2840 3458 2921 3522 δὲ,
2962 3459 3029 3514 ἀν
3066 3456 3340 3530 εὔμορφος
3385 3454 3520 3512 οὖσα
3572 3458 3754 3530 τύχῃς

2075 3537 2210 3594 Οὐδὲ
2242 3537 2351 3610 7&9
2379 3537 2522 3592 οὕτω
2551 3537 2754 3611 ταύτης
2781 3537 3123 3610 ἀπήλλακται
3149 3538 3247 3610 τῆς
3277 3537 3577 3609 φροντίδος.
3605 3539 3754 3593 Πολ-

2074 3616 2165 3672 λαὶ⁸
2218 3617 2348 3688 γοῦν
2388 3617 2761 3690 διαλάμψασαι
2811 3617 3015 3689 σφόδρα
3053 3616 3194 3670 κατά
3237 3617 3337 3686 τὴν
3369 3615 3464 3670 τοῦ
3497 3615 3756 3686 σώματος

2074 3696 2225 3769 ὤραν
2261 3697 2363 3750 οὐκ
2400 3696 2628 3768 ἴσχυσαν
2658 3698 2784 3760 τοὺς
2818 3697 3018 3768 ἀνδρας
3042 3695 3250 3749 ἑαυτῶν
3276 3696 3434 3762 ἑλεῖν,
3469 3693 3605 3749 ἀλλά
3641 3696 3755 3764 ἀφ-

2076 3777 2227 3842 έντες
2256 3778 2423 3850 αύτάς
2446 3779 2640 3832 ἐκεῖνοι
2669 3779 2789 3840 ταῖς
2811 3777 3017 3847 σφόδρα
3047 3775 3401 3846 λειπομέναις
3431 3775 3610 3829 αὐτῶν
3656 3775 3753 3842 ἐξ-

2075 3857 2284 3912 έδωκαν
2314 3858 2556 3921 ἑαυτούς.
2592 3858 2705 3911 Καὶ
2740 3855 2944 3926 ταύτης
2971 3855 3028 3908 δὲ
3055 3854 3156 3925 τῆς
3185 3855 3464 3926 φροντίδος
3493 3855 3755 3924 λυθείσης

2077 3937 2240 4008 ἐτέρα
2271 3936 2436 3991 πάλιν
2468 3935 2848 4007 ἐπεισέρχεται
2876 3933 3039 4004 ἀηδία
3071 3935 3131 3987 ἐν
3157 3935 3223 4004 τῇ
3257 3933 3357 4002 τῆς
3384 3932 3611 4004 προικὸς
3648 3952 3757 3989 κα·

2075 4015 2298 4086 ταϐολῇ,
2341 4015 2370 4068 δ
2397 4031 2468 4068 τε
2506 4013 2774 4085 κηδεστὴς
2811 4013 2874 4066 ού
2909 4011 3048 4084 μετὰ
3085 4012 3394 4084 προθυμίας
3442 4013 3755 4080 ἀποδιδοὺς,

2077 4102 2173 4157 ἆτε
2203 4104 2403 4173 προῖκα
2422 4100 2755 4164 κατατιθεὶς,
2795 4101 2824 4154 ὃ
2853 4117 2914 4153 τε
2943 4099 3178 4170 νυμφίος
3210 4100 3385 4154 πάντα
3409 4098 3509 4170 μὲν
3538 4099 3757 4154 ἀπολα-

2076 4184 2191 4239 ϐεῖν
2231 4184 2496 4249 σπεύδων,
2539 4183 2639 4254 τὴν
2677 4183 2734 4237 δέ
2762 4181 3047 4255 εἴσπραξιν
3085 4181 3225 4253 μετά
3263 4181 3447 4246 αίδοῦς
3474 4181 3759 4236 ποιεῖσθαι

2075 4267 2535 4338 ἀναγκαζόμενος.
2561 4266 2597 4337 ἢ
2623 4283 2682 4319 τε
2704 4265 2840 4336 γυνὴ
2872 4267 2929 4319 ἐν
2956 4268 3021 4336 τῇ
3049 4265 3150 4402 τῆξ
3172 4263 3427 4328 ἐκτίσεως
3467 4276 3491 4304 ε
3510 4264 3758 4337 ἀναϐολῇ

2076 4349 2441 4402 αίσγυνοιιένη
2488 4348 2584 4402 καὶ
2623 4347 2934 4402 ἐρυθριῶσα
2979 4349 3071 4402 τὸν
3141 4347 3270 4402 νδοα
3305 4348 3507 4402 παντὸς
3545 4347 3758 4402 μᾶλλον

2076 4349 2442 4421 αἰσχυνομένη
2488 4348 2584 4403 καὶ
2623 4347 2934 4419 ἐρυθριῶσα
2979 4349 3071 4403 τὸν
3103 4347 3270 4417 ἀνδρα
3305 4348 3507 4411 παντὸς
3545 4347 3760 4418 μᾶλλον

2075 4433 2390 4504 ἀγνώμονος
2424 4432 2719 4502 δφειλέτου·
2756 4432 2992 4503 παρίημι
3022 4430 3138 4485 νῦν.
3190 4430 3351 4484 Ἀλλά
3380 4431 3490 4501 7&9
3529 4431 3759 4502 ἐκείνης

2074 4512 2174 4584 τῆς
2204 4513 2481 4584 φροντίδος
2509 4511 2763 4582 λυθείσης
2790 4513 2818 4565 6
2842 4512 2940 4582 τῆς
2971 4509 3226 4572 ἀπαιδίας
3266 4508 3470 4573 εὐθέως
3499 4510 3763 4583 ἐπεισέρ-

2077 4612 2232 4667 χεται
2271 4595 2455 4666 φόϐος,
2480 4596 2576 4649 καὶ
2609 4593 2746 4666 πρὸς
2779 4594 2954 4667 τούτῳ
2982 4595 3143 4650 πάλιν
3175 4595 3208 4664 ἠ
3241 4593 3344 4664 τῆς
3386 4592 3763 4659 πολυπαιδίας

2078 4696 2115 4748 φ
2121 4677 2320 4750 ροντὶς,
2350 4679 2443 4732 καὶ
2462 4676 2674 4741 οὐδενὸς
2695 4679 2864 4732 ὄντων
2885 4678 3090 4732 τούτων
3111 4677 3325 4732 οὐδέπω
3345 4675 3608 4749 φανεροῦ,
3626 4679 3759 4742 ταῖς

2077 4761 2403 4833 ἀμφοτέρων
2445 4761 2506 4826 ἐξ
2540 4757 2718 4830 ἀρχῆς
2761 4761 3120 4832 ταράττονται
3175 4759 3444 4830 φροντίσι.
3492 4759 3612 4812 Κάν
3649 4759 3762 4828 μὲν

2076 4843 2507 4915 εὐθέωςκυήσῃ.
2563 4844 2701 4915 μετά
2750 4845 2913 4913 φόϐου
2957 4844 3118 4898 πάλιν
3173 4844 3208 4914 ἡ
3241 4843 3383 4913 χαρά
3415 4842 3598 4908 (οὐδὲν
3637 4843 3762 4915 γὰρ

2076 4927 2186 4981 τῶν
2219 4930 2277 4981 ἐν
2305 4926 2384 4997 τῷ
2411 4928 2574 4999 γάμῳ
2599 4927 2778 4982 καλῶν
2801 4927 2967 4997 φόϐου
2989 4927 3202 4999 χωρίς)ο
3228 4926 3257 4978 6
3279 4925 3336 4980 δὲ
3359 4925 3544 4996 φόϐος,
3573 4927 3764 4998 μήπο-

2075 5025 2136 5062 τε
2180 5009 2480 5080 γενομένης
2517 5009 2851 5080 ἀμϐλώσεως
2889 5009 3160 5081 διαφθαρῇ
3199 5008 3295 5079 μὲν
3323 5008 3385 5062 τὸ
3418 5009 3761 5081 συλληφθὲν,

2077 5096 2392 5169 κινδυνεύσῃ
2422 5099 2477 5152 δὲ
2500 5098 2628 5171 1:591
2651 5098 2760 5151 τῶν
2789 5097 3029 5169 ἐσχάτων
3053 5100 3086 5168 ἡ
3117 5097 3342 5150 κύουσα.
3368 5095 3467 5150 Ἂν
3486 5097 3543 5150 δὲ
3581 5098 3762 5164 πολὺς

2081 5185 2282 5255 μεταξύ
2313 5187 2537 5257 γένηται
2574 5185 2784 5258 χρόνος,
2811 5185 3259 5256 ἀπαρρησίαστος
3295 5187 3329 5256 ή
3363 5187 3526 5259 γυνὴ,
3557 5185 3760 5259 ῶσπερ

2078 5271 2215 5344 αὐτὴ
2245 5273 2407 5344 κυρία
2433 5269 2569 5326 οὖσα
2593 5271 2687 5326 τοῦ
2710 5275 2906 5326 τεκεῖν.
2936 5273 3103 5327 Ὅταν
3123 5272 3178 5326 δὲ
3199 5275 3228 5327 6
3249 5269 3343 5326 τοῦ
3364 5273 3530 5327 τόκου
3557 5275 3763 5349 καιρὸς

2077 5359 2294 5430 ἐπιστῇ,
2329 5359 2679 5414 διακόπτουσι
2712 5360 2812 5429 μὲν
2834 5361 2930 5414 καὶ
2948 5359 3217 5414 διασπῶσι
3246 5359 3344 5430 τὴν
3377 5361 3471 5414 ἐπὶ
3505 5363 3762 5435 τοσούτῳ

2141 5579 2166 5639 έ
2196 5579 2318 5639 Reg.
2339 5577 2562 5639 ἅπαντας.

2138 5638 2166 5677 τι
2188 5637 2311 5702 Reg.
2339 5648 2392 5702 cl
2423 5638 2571 5702 Savil.
2597 5637 2916 5702 ζγκρινόντων.

2079 5713 2164 5812 ﬂ:
2188 5699 2314 5808 ἱιιεξζ.
2341 5701 2577 5750 ἐκτίσεως.
2603 5699 2754 5749 Paulo
2773 5708 2880 5760 post
2902 5701 3024 5762 Reg.
3051 5700 3291 5762 ὸφειλέτου
3314 5701 3493 5765 πατρὸς
3512 5702 3753 5768 τυχοῦσα.

2159 5781 2182 5829 ςι
2202 5780 2304 5825 τιμι.
