3886 6222
453 177 557 233 579

440 292 600 345 dente
638 288 813 343 alt-um
855 294 1003 343 tanto
1042 288 1151 355 jam
1181 292 1424 356 tempore
1465 284 1770 339 aillictatam
1809 281 2027 337 dolores

439 382 779 449 disrumpunt
818 393 881 433 ac
907 378 1187 441 divellunt,
1215 378 1305 446 qui
1337 375 1423 430 vel
1450 372 1551 428 soli
1590 378 1804 429 emnem
1844 371 2028 427 matri-

440 471 607 527 monii
654 473 979 542 voluptatem
1016 470 1296 526 oll'uscent.
1338 468 1475 536 Quin
1518 475 1576 522 et
1615 466 1736 522 alia:
1774 465 2027 534 deinceps

440 579 586 618 cum
624 579 743 619 eam
786 562 1093 618 sollicitant.
1134 558 1346 614 Etenim
1390 557 1583 612 misera
1625 564 1681 612 et
1725 570 2026 613 aerumnosa

441 655 637 723 puella,
669 653 767 709 etsi
802 651 1267 708 vehementissime
1310 649 1374 703 iis
1408 647 1730 704 cruciatibus
1770 647 2024 711 distenta,

440 745 607 802 nihilo
633 745 715 799 his
744 745 918 799 minus
948 742 1217 805 formidat,
1250 757 1317 796 ne
1347 756 1444 810 pro
1470 738 1706 809 perfecto
1730 746 1784 793 ct
1818 738 2028 806 integro

442 836 665 890 vitiosus
704 844 863 903 atque
902 834 1119 889 mutilus
1148 833 1323 888 infans
1352 831 1594 901 prodeat,
1635 846 1703 885 ne
1745 844 1844 898 pro
1879 843 2027 882 mare

443 927 655 982 femina.
689 927 868 996 Neque
894 926 1040 981 enim
1076 925 1191 980 bme
1229 939 1322 979 eas
1350 920 1649 977 sollicitudo
1688 920 1857 975 levius
1887 928 2022 985 tum,

445 1036 608 1093 quam
648 1018 885 1081 dnlures,
930 1025 1179 1082 exercet;
1219 1032 1338 1086 quae
1380 1030 1489 1070 non
1538 1012 1701 1069 modo
1740 1016 1791 1069 in
1833 1011 2025 1081 quibus

442 1122 634 1161 noxam
679 1111 1036 1172 committant,
1085 1108 1181 1163 sed
1226 1108 1385 1163 etiam
1438 1107 1493 1161 in
1534 1104 1727 1176 quibus
1776 1108 1951 1160 absmt
1993 1116 2024 1156 a

443 1199 620 1268 culpa,
645 1200 696 1253 in
727 1199 812 1253 bis
837 1217 943 1254 non
971 1202 1146 1254 minus
1174 1214 1333 1269 quam
1365 1198 1416 1251 in
1446 1197 1552 1252 illis
1578 1197 1721 1251 viros
1749 1202 2021 1257 metuant;

442 1291 494 1345 in
534 1306 706 1362 eaque
744 1300 1057 1362 tempestate
1100 1292 1283 1346 salutis
1318 1305 1428 1345 sua!
1471 1287 1648 1345 studio
1688 1287 1912 1348 omisso,
1956 1299 2025 1343 ne

442 1382 568 1453 quid
610 1384 725 1439 viro
765 1385 974 1439 accidat
1013 1386 1299 1455 ingratum,
1332 1392 1605 1438 verentur.
1635 1381 1753 1438 Jam
1794 1379 1941 1437 edito
1968 1378 2022 1435 in

442 1488 603 1528 auras
645 1472 862 1539 infante,
895 1492 957 1530 ac
986 1477 1208 1546 primani
1238 1490 1428 1531 vocem
1453 1472 1633 1537 eﬂato,
1665 1471 1782 1527 alite
1809 1485 2022 1527 rursum

442 1579 584 1617 curae
604 1567 874 1635 excipiunt
895 1567 1277 1621 incolumitatis
1298 1577 1457 1637 atque
1479 1563 1830 1621 educationis.
1860 1562 1918 1618 Si
1943 1561 2025 1615 in~

440 1657 563 1712 dole
588 1667 669 1713 est
700 1659 904 1714 liberali
931 1669 986 1714 et
1013 1660 1078 1715 ad
1106 1661 1353 1715 virtutem
1377 1669 1707 1730 comparata,
1736 1659 1931 1712 iterum
1967 1656 2022 1711 in

441 1756 584 1801 metu
612 1761 878 1817 parentes,
903 1766 970 1805 ne
999 1752 1125 1820 quid
1147 1752 1420 1806 sinistrum
1449 1752 1702 1821 patiatur,
1734 1764 1801 1804 ne
1828 1750 2021 1805 imma-

442 1848 557 1893 tura
597 1852 772 1896 morte
811 1843 988 1909 obeat,
1029 1858 1098 1898 ne
1134 1844 1189 1898 in
1225 1844 1410 1904 vitium
1444 1842 1658 1914 aliquod
1695 1842 2018 1911 degeneret;

440 1947 562 1985 nam
589 1948 693 1988 non
716 1934 886 1988 Solum
915 1952 978 1989 ex
1008 1936 1263 2003 improbis
1292 1935 1463 2006 probi,
1491 1935 1585 1991 sed
1611 1936 1771 1989 ctiam
1798 1950 1867 1990 ex
1896 1949 2022 2003 pro-

440 2022 523 2077 bis
550 2024 775 2092 improbi
804 2040 868 2080 ac
906 2025 1153 2096 ﬂagitiosi
1190 2026 1342 2081 fiunt.
1372 2028 1613 2095 Quorum
1643 2028 1688 2081 si
1726 2025 1854 2096 quid
1893 2038 2020 2079 eve-

444 2116 556 2168 niat
580 2117 826 2183 invisum,
859 2118 1244 2176 intolerabilius
1282 2121 1479 2175 malum
1514 2128 1617 2186 est,
1647 2135 1805 2191 quam
1835 2118 1879 2173 si
1907 2118 2023 2175 lue

441 2207 509 2262 ab
537 2208 686 2262 initio
701 2211 1080 2281 contigissent:
1104 2214 1186 2266 sin
1205 2212 1384 2266 omnia
1406 2212 1458 2266 in
1486 2227 1552 2266 eo
1579 2211 1832 2282 praeclara
1851 2209 2021 2265 stabi-

441 2299 507 2354 lia
530 2314 891 2369 permaneant,
906 2305 1279 2359 atmutationis
1300 2305 1456 2360 timor
1471 2304 1681 2360 assidue
1699 2311 1893 2375 priests
1913 2312 2017 2370 est,

441 2404 716 2462 parentum
741 2396 949 2451 animos
974 2410 1195 2451 versans
1215 2411 1566 2467 magnamque
1590 2394 1877 2465 voluptatis
1903 2408 2021 2464 par—

441 2494 547 2539 tem
587 2486 927 2541 detruncans.
974 2488 1045 2542 At
1084 2504 1189 2543 non
1229 2489 1480 2544 omnibus
1518 2489 1722 2543 maritis
1756 2488 2023 2557 contingit

438 2576 637 2631 liberos
667 2578 885 2633 habere.
916 2579 1095 2650 Itaque
1134 2580 1262 2634 mihi
1301 2581 1459 2634 aliam
1502 2594 1713 2636 rursum
1750 2579 2016 2650 inquietu-

436 2666 576 2721 dinis
601 2682 816 2722 causam
858 2683 1061 2723 narras.
1086 2669 1263 2736 Quare
1292 2671 1336 2723 si
1372 2681 1428 2724 et
1456 2670 1716 2739 susceptis
1744 2669 1929 2724 liberis
1955 2683 2020 2723 ac

436 2771 543 2811 non
565 2759 850 2827 susceptis,
878 2768 933 2814 et
955 2760 1134 2828 probis
1153 2775 1216 2814 ac
1236 2758 1532 2830 ﬂagitiosis,
1559 2760 1723 2813 variis
1740 2758 2017 2813 doloribus

434 2856 597 2918 atque
615 2848 757 2903 curis
777 2850 1141 2917 continentur,
1166 2851 1306 2906 unde
1327 2851 1436 2921 jam
1462 2866 1625 2922 porro
1648 2850 2015 2905 suavissimam

433 2940 717 3011 conjugum
756 2942 921 2997 vitam
966 2944 1313 2999 vocabimus?
1342 2944 1458 2999 Jatn
1500 2944 1546 2998 si
1587 2943 1853 3014 conjugati
1880 2959 2013 2998 con-

431 3032 625 3088 cordes
660 3033 822 3089 vitam
862 3036 1096 3107 exigant,
1133 3037 1362 3093 formido
1390 3037 1491 3092 erit
1533 3052 1601 3092 ne
1630 3037 1841 3093 irruens
1870 3052 2017 3093 mors

432 3122 758 3192 voluptatem
808 3125 1060 3196 dissipet;
1112 3126 1220 3181 imo
1270 3142 1398 3182 vero
1447 3142 1554 3182 non
1605 3127 1833 3182 formido
1875 3128 2012 3191 erit,

432 3228 605 3285 neque
646 3215 700 3270 id
747 3218 945 3272 malum
986 3218 1333 3274 metuendum
1372 3219 1651 3274 dumtaxat
1692 3219 1869 3283 fuerit,
1917 3218 2013 3273 sed

430 3307 652 3359 oumiuo
690 3309 980 3362 necessitas
1007 3310 1110 3364 erit
1148 3308 1433 3379 aliquando
1468 3310 1521 3364 in
1548 3318 1723 3364 actum
1760 3310 2010 3380 prodire;

430 3411 590 3451 nemo
605 3399 748 3452 enim
765 3401 936 3467 potuit
960 3408 1242 3472 utrumque
1262 3417 1368 3456 uno
1388 3403 1476 3458 die
1495 3403 1813 3458 exstinctum
1833 3411 2015 3458 osten-

428 3486 576 3542 dere.
606 3488 758 3554 Quod
781 3490 825 3543 si
846 3506 953 3545 non
971 3492 1263 3563 contingat,
1289 3490 1431 3564 quod
1453 3503 1697 3564 superest
1718 3496 2013 3552 necessitas

428 3579 531 3633 erit
558 3580 641 3634 vel
679 3590 850 3636 morte
886 3583 1213 3639 acerbiorem
1256 3585 1417 3640 vitam
1462 3587 1748 3651 sustinere,
1789 3603 1882 3643 seu
1921 3588 2011 3644 diu

429 3685 547 3724 cum
590 3686 652 3725 ea
680 3676 978 3740 consuevit,
1009 3688 1105 3730 seu
1148 3690 1359 3747 parum.
1400 3677 1533 3731 Nam
1572 3676 1662 3732 ille
1698 3693 1807 3748 quo
1842 3681 2010 3749 magis

428 3759 721 3828 periculum
767 3763 913 3825 fecit,
940 3779 1009 3819 ce
1039 3766 1297 3835 majorem
1336 3766 1496 3823 habet
1533 3766 1807 3833 dolorem,
1852 3770 2009 3839 longa

424 3854 812 3911 consuetudine
860 3856 1196 3915 intolerabile
1241 3859 1522 3915 dissidium
1572 3859 1830 3916 reddente
1872 3861 2009 3918 :bic

424 3945 730 4016 priusquam
756 3962 992 4003 amorem
1012 3952 1309 4021 gustaverit
1331 3966 1395 4007 ac
1414 3952 1731 4021 expleverit,
1761 3951 2006 4009 fervente

420 4035 596 4092 adhuc
634 4038 904 4095 desiderio
942 4056 1006 4097 ea
1050 4043 1326 4112 spoliatus,
1374 4042 1603 4113 idipsum
1634 4043 2005 4099 vehementius

424 4128 596 4199 luget;
626 4139 787 4200 atque
806 4148 872 4187 ex
892 4133 1176 4190 contrariis
1194 4135 1369 4189 causis
1392 4135 1577 4190 eadem
1601 4143 1823 4205 uterque
1844 4136 2005 4191 mise-

421 4218 499 4273 ria
528 4228 753 4273 tenetur.
782 4220 919 4287 Quid
945 4221 1055 4290 jam
1093 4222 1298 4287 dicam,
1328 4238 1448 4291 qme
1481 4224 1697 4278 interim
1738 4223 1999 4290 incidunt,

420 4309 802 4377 separatimtes,
835 4310 1117 4368 diuturnas
1158 4313 1632 4384 peregrinationes,
1672 4329 1900 4385 angores
1938 4317 2003 4372 iis

418 4398 752 4469 coniunctos,
781 4402 1034 4457 morbos?
1062 4402 1197 4469 Quid
1226 4404 1326 4459 hoc
1354 4404 1420 4458 ad
1438 4405 1886 4461 matrimonium?
1912 4407 1998 4461 in-

416 4490 549 4559 quit.
578 4487 737 4545 Certe
765 4492 945 4546 multa:
971 4507 1114 4562 saepe
1134 4495 1250 4564 ejus
1278 4508 1441 4564 opera
1466 4496 1835 4565 aegritudinem
1863 4512 1997 4553 con-

418 4590 693 4639 traxerunt
729 4601 742 4636 :
784 4583 975 4654 injuria
1020 4587 1164 4641 enim
1206 4586 1412 4643 affecta:
1452 4598 1507 4643 et
1546 4589 1766 4644 irritatae
1800 4591 1996 4660 partim

417 4673 514 4737 ira,
549 4675 738 4742 partim
770 4690 1022 4741 mmrore,
1049 4692 1265 4747 gravem
1307 4679 1497 4735 febrim
1532 4681 1888 4736 concitarunt.
1914 4682 1996 4739 Ac

414 4767 659 4832 quamvis
695 4782 761 4821 eo
791 4778 1054 4836 prmsente
1091 4769 1223 4825 nihil
1262 4771 1525 4841 ejusmodi
1566 4775 1855 4844 patiantur,
1896 4774 1992 4830 sed

412 4852 551 4909 facili
585 4866 842 4926 perpetuo
868 4866 1101 4924 utantur,
1137 4862 1660 4932 peregrinationibus
1688 4864 1740 4920 in
1767 4880 1827 4919 ea
1848 4865 1992 4921 mala

411 4961 623 5001 rursum
665 4958 950 5018 coguntur.
991 4950 1098 5006 Sed
1136 4951 1252 5008 haec
1293 4955 1473 5011 omnia
1519 4956 1680 5011 missa
1711 4957 1999 5023 faciamus,

410 5050 511 5093 nec
547 5039 942 5094 matrimonium
966 5041 1242 5110 culpemus
1274 5060 1289 5098 :
1326 5052 1383 5099 at
1425 5060 1530 5100 non
1570 5046 1672 5102 hoc
1709 5062 1861 5118 teque
1886 5047 1989 5102 cri-

413 5142 537 5183 men
566 5127 800 5198 ell‘ugere
840 5132 1029 5199 possit.
1066 5131 1384 5198 Quodnam?
1423 5134 1577 5202 Quod
1613 5150 1801 5191 sanum
1841 5153 1987 5207 agro

408 5217 574 5271 nihilo
615 5218 803 5274 melius
829 5218 1085 5283 aﬂ'ectum‘
1114 5221 1379 5289 demittat,
1425 5225 1520 5280 sed
1556 5225 1623 5280 ad
1665 5241 1845 5296 parem
1884 5226 1986 5283 de-

403 5309 674 5365 cumhenti
701 5310 1121 5381 inquietudinem
1150 5316 1461 5384 compellat.

476 5403 655 5458 LVIII.
701 5403 1079 5460 Matrimonium
1107 5408 1220 5461 licet
1249 5426 1419 5463 onum
1465 5411 1691 5464 miserias
1732 5410 1939 5481 effugiat
1964 5453 1979 5478 ,

400 5494 529 5548 nihil
558 5511 791 5563 magnum
814 5496 1248 5554 habere—Visne
1278 5499 1392 5554 hzec
1412 5501 1569 5555 etiam
1590 5513 1778 5557 cuncta
1806 5501 1984 5557 dimit-

401 5592 606 5654 tamus,
648 5600 709 5641 ac
735 5602 851 5658 quae
880 5587 996 5644 ﬁeri
1032 5600 1297 5661 nequeant
1345 5606 1705 5663 suppanamus
1725 5634 1753 5665 ,_
1780 5603 1835 5649 et
1864 5609 1979 5648 ma-

1216 170 1275 227 S.
1315 171 1593 229 JOANNIS
1629 136 2110 225 CllRYSOSTOMI
2147 168 2466 227 ARCIIIEP.
2508 171 3043 229 CONSTANTINOP.

2136 283 2439 338 trimunium
2489 284 2679 339 demus
2729 287 2907 341 omnia
2954 288 3112 343 simul
3155 288 3294 347 bona
3337 289 3716 361 complexum,

2131 373 2337 442 prolem
2376 391 2716 440 numerosam
2746 419 2762 443 ,
2799 379 2964 435 seitos
2989 380 3186 435 liberos
3213 422 3229 449 ,
3260 395 3390 451 opes
3414 423 3431 447 ,
3462 391 3715 439 matrem-

2132 462 2357 519 familias
2383 464 2517 535 frugi
2542 507 2556 531 ,
2589 466 2876 523 formosam
2898 510 2913 533 ,
2940 480 3211 528 strenuam
3234 513 3248 537 ,
3272 474 3712 539 consensionem,

2133 554 2425 624 longaevam
2477 559 2845 613 senectutem?
2889 560 3028 615 addo
3058 571 3112 619 et
3137 563 3348 633 generis
3385 563 3674 621 claritatem
3696 606 3712 631 ,

2130 655 2185 698 et
2226 648 2473 715 patentia:
2516 650 2930 718 magnitudinem
2964 669 2978 706 :
3031 668 3129 709 nec
3165 653 3246 707 vel
3289 668 3574 713 Commune
3617 657 3715 713 hoc

2132 748 2333 795 natura:
2362 740 2561 795 malum
2591 756 2685 796 eos
2729 742 3010 808 sollicitet,
3044 743 3234 801 harum
3273 760 3452 805 rerum
3495 762 3710 802 conver-

2096 898 2109 923 ι
2130 829 2298 884 sionis
2324 829 2548 885 formido
2565 872 2581 897 ,
2622 832 2717 887 sed
2742 834 2916 887 omnis
2944 836 3191 891 mmroris
3209 877 3224 899 .
3251 838 3427 893 omnis
3452 848 3624 896 metus
3653 855 3714 895 ac

2130 936 2382 981 curarum
2432 938 2589 979 causa
2616 930 2907 995 proscripta
2956 928 3055 994 sit,
3101 944 3274 999 neque
3321 939 3413 985 aut
3453 931 3556 985 alia
3607 932 3713 987 ulla

2130 1013 2244 1077 vis,
2285 1022 2377 1067 aut
2422 1029 2568 1071 mors
2610 1016 2891 1071 immatura
2917 1019 3313 1075 tttntrimonium
3340 1021 3586 1084 dirimat,
3618 1024 3712 1078 sed

2130 1119 2246 1161 eam
2277 1121 2490 1177 quoque
2517 1124 2704 1164 omnes
2732 1110 2923 1165 eodem
2959 1110 3046 1166 die
3074 1113 3308 1179 obeant,
3344 1124 3435 1169 aut
3466 1116 3607 1184 quod
3645 1131 3714 1170 eo

2130 1194 2288 1264 longe
2315 1195 2630 1253 fortunatius
2660 1200 2903 1267 videtur,
2944 1201 3091 1257 liberi
3122 1203 3360 1259 ltmredes
3404 1206 3672 1274 supersint
3694 1246 3712 1272 ,

2129 1295 2402 1354 parentem
2426 1297 2712 1359 utrumque
2751 1290 2801 1345 in
2831 1300 3068 1346 extrema
3095 1303 3367 1348 senectute
3392 1296 3549 1353 simul
3572 1313 3713 1365 pra:-

2129 1378 2383 1434 mittant:
2410 1395 2567 1449 quem
2600 1381 2816 1438 tandem
2861 1382 3019 1438 linem
3061 1396 3487 1455 consequentur,
3514 1396 3570 1441 et
3604 1403 3712 1457 quo

2128 1466 2341 1525 demum
2371 1486 2437 1527 ex
2463 1470 2563 1527 hac
2592 1481 2733 1526 tanta
2760 1473 3031 1543 voluptate
3058 1485 3280 1545 accepto
3308 1477 3670 1542 emolumento
3694 1521 3709 1543 ,

2127 1571 2193 1611 co
2233 1559 2554 1616 discedent?
2604 1563 2736 1618 Nam
2767 1565 2964 1622 mullos
3008 1566 3204 1624 liberos
3229 1568 3540 1639 reliquisse,
3574 1585 3709 1623 uxo-

2127 1666 2239 1704 rem
2268 1665 2545 1710 venustam
2585 1672 2707 1711 cum
2753 1657 2959 1716 deliciis
2987 1661 3299 1731 cazterisque
3320 1663 3570 1719 omnibus
3589 1679 3710 1732 qius

2125 1740 2235 1817 jam
2274 1748 2556 1814 percensui
2589 1758 2845 1805 tractasse
2866 1794 2879 1815 ,
2910 1754 2976 1805 ad
3024 1762 3292 1807 senectam
3338 1753 3547 1823 longam
3582 1771 3705 1808 eva-

2126 1834 2280 1901 sisse,
2314 1839 2503 1908 ecquid
2534 1841 2688 1897 nobis
2709 1843 2775 1897 ad
2821 1843 3050 1901 tribunal
3079 1846 3205 1901 illud
3247 1846 3476 1915 pnesidii
3517 1847 3711 1902 afferre

2128 1928 2326 1997 possit,
2381 1930 2433 1983 in
2486 1932 2626 1987 veris
2679 1934 2998 2005 internisque
3042 1935 3250 1990 rebus?
3311 1935 3471 1991 Nihil.
3526 1936 3713 2007 Itaque

2126 2018 2312 2075 umbra
2358 2031 2483 2076 sunt
2511 2021 2664 2091 hare,
2709 2034 2867 2093 atque
2907 2028 3209 2099 somnium;
3258 2029 3453 2099 quippe
3496 2044 3617 2083 cum
3658 2030 3713 2084 in

2127 2111 2447 2177 perennibus
2490 2113 2592 2167 illis
2640 2115 2884 2182 sazculis,
2937 2132 3055 2186 qua:
3104 2126 3215 2171 tum
3264 2133 3362 2172 nos
3405 2119 3710 2187 excipient,

2125 2200 2254 2255 nihil
2281 2216 2347 2256 ex
2374 2200 2459 2256 his
2487 2202 2687 2258 fructus
2706 2246 2720 2270 ,
2748 2205 2876 2259 nihil
2903 2206 3077 2260 solatii
3120 2208 3442 2275 sperandum
3469 2208 3573 2274 sit;
3613 2210 3709 2278 qui

2126 2289 2209 2347 his
2248 2291 2445 2361 potitus
2470 2299 2574 2360 est,
2618 2293 2807 2350 eodem
2838 2295 2955 2353 loco
2975 2308 3058 2352 εει
3086 2297 3357 2353 habendus
3380 2314 3487 2369 quo
3513 2314 3714 2369 aper-

2125 2390 2225 2438 tes.
2254 2383 2438 2454 Neque
2463 2386 2606 2441 enim
2638 2387 2683 2442 si
2708 2388 2827 2458 quis
2859 2389 2911 2443 in
2943 2389 3090 2446 mille
3123 2390 3277 2445 anuis
3303 2402 3513 2447 noctem
3544 2408 3712 2453 unam

2124 2490 2287 2531 suave
2329 2479 2595 2533 somnium
2646 2464 2814 2548 vidit,
2852 2482 2971 2551 plus
2998 2482 3248 2554 quiddam
3294 2483 3490 2539 habere
3517 2484 3710 2539 dicen-

2122 2566 2223 2623 dus
2261 2577 2369 2633 est,
2409 2584 2567 2639 quam
2610 2571 2698 2641 qui
2724 2572 2841 2641 ejus
2867 2574 2966 2629 visi
2999 2589 3197 2644 expers
3221 2573 3399 2631 fuerit.
3444 2575 3552 2630 Imo
3579 2592 3714 2632 vero

2123 2674 2225 2715 nec
2246 2670 2499 2731 quantum
2526 2664 2765 2720 volebam
2796 2666 3048 2735 loquutus
3074 2682 3212 2725 sum.
3246 2667 3374 2722 Nam
3414 2683 3510 2725 nec
3538 2685 3702 2738 quam

2123 2760 2233 2809 tum
2261 2756 2399 2807 veris
2417 2752 2616 2810 distant
2639 2757 2843 2810 somnia
2861 2798 2877 2825 ,
2903 2766 3104 2813 tantum
3129 2757 3245 2813 btcc
3267 2758 3334 2814 ab
3358 2758 3462 2814 illis
3476 2759 3708 2825 absunt,

2120 2843 2214 2898 sed
2240 2844 2408 2900 multo
2432 2848 2660 2916 amplius
2685 2866 2699 2902 :
2747 2864 2847 2903 nec
2874 2849 3016 2919 quod
3047 2850 3098 2904 in
3125 2851 3269 2906 mille
3291 2851 3445 2905 annis
3470 2867 3571 2905 una
3598 2867 3707 2907 nox

2118 2946 2234 3005 est,
2266 2939 2592 2995 tantumdem
2624 2941 2816 2997 hocad
2863 2942 3095 2999 futurum
3142 2944 3397 3000 saeculum
3449 2953 3565 3008 est,
3604 2944 3707 3000 sed

2120 3027 2207 3083 hic
2250 3044 2463 3085 rursum
2489 3032 2647 3087 etiam
2678 3033 2795 3103 plus
2827 3034 3044 3091 interest
3074 3035 3414 3093 discriminis.
3447 3038 3516 3091 At
3544 3038 3707 3108 virgi-

2119 3117 2257 3173 nitas
2303 3136 2409 3175 non
2446 3130 2530 3177 est
2571 3123 2872 3192 ejusmodi;
2919 3127 3045 3195 quin
3071 3126 3211 3180 facto
3259 3126 3444 3195 grandi
3492 3139 3709 3196 quaestu

2117 3210 2359 3267 discedit.
2387 3213 2490 3271 Sed
2522 3230 2632 3270 rem
2660 3231 2872 3271 omnem
2901 3233 2929 3270 a
2960 3219 3132 3288 capite
3160 3219 3532 3288 disquiramus.

2202 3302 2338 3357 LIX.
2409 3304 2755 3377 Virginitatem
2802 3308 3003 3375 facilem
3053 3309 3416 3365 esse.—Non
3477 3326 3707 3366 necesse

2117 3390 2280 3448 habet
2308 3394 2359 3451 in
2391 3408 2644 3464 sponsum
2678 3396 2946 3467 inquirere
2966 3440 2982 3465 ,
3010 3413 3109 3454 nec
3133 3398 3312 3455 fucum
3346 3400 3528 3456 timet:
3560 3401 3706 3455 Deus

2114 3490 2198 3537 est
2237 3484 2380 3538 enim
2429 3501 2533 3541 non
2575 3485 2765 3552 homo,
2810 3487 3069 3543 Dominus
3105 3504 3213 3543 non
3261 3504 3569 3547 conservus.
3623 3492 3707 3547 Ac

2114 3586 2430 3643 sponsorum
2475 3574 2576 3632 hoc
2603 3576 2890 3633 discrimen
2917 3588 3001 3635 est
3030 3598 3043 3635 :
3074 3580 3194 3635 vide
3216 3590 3394 3636 autem
3424 3590 3477 3636 et
3505 3582 3707 3652 quibus

2114 3664 2275 3719 rebus
2322 3665 2773 3738 despondeantur.
2823 3669 2939 3726 Non
2962 3672 3221 3743 mancipia
3244 3713 3261 3738 ,
3295 3689 3399 3728 non
3427 3683 3584 3729 teme
3610 3675 3704 3744 ju-

2112 3770 2271 3825 gera,
2322 3774 2427 3812 non
2476 3769 2555 3815 tot
2594 3776 2658 3815 ac
2704 3762 2922 3817 totidem
2958 3764 3071 3819 auri
3104 3765 3331 3834 talenta,
3363 3767 3455 3821 sed
3482 3769 3603 3821 czeli
3646 3780 3705 3824 ct

2112 3847 2340 3905 cmlestia
2368 3850 2503 3904 bona
2522 3894 2536 3918 ,
2570 3867 2779 3923 sponsa:
2810 3855 2965 3927 hujus
2989 3856 3185 3911 dotalia
3229 3867 3374 3913 sttnt.
3429 3859 3704 3916 Prmtcrea

2110 3940 2303 4009 conjux
2366 3954 2591 3999 mortem
2642 3946 2900 4015 trepidat',
2954 3962 3075 4003 cum
3125 3958 3345 4019 prepter
3396 3951 3534 4018 alia,
3582 3962 3703 4010 tum

2108 4034 2249 4104 quod
2296 4051 2356 4091 se
2384 4051 2414 4091 a
2456 4039 2820 4095 contubernali
2847 4040 3131 4112 disjungat.
3177 4042 3340 4115 Virgo
3378 4054 3432 4100 et
3460 4055 3700 4101 mortem

2108 4124 2408 4195 desiderat,
2440 4136 2495 4183 et
2519 4130 2621 4183 vita
2663 4141 2945 4200 gravatur,
2973 4147 3230 4201 sponsum
3276 4149 3511 4204 prmseus
3556 4151 3703 4206 prc-

2107 4227 2310 4274 sentem
2342 4218 2571 4286 intueri,
2600 4236 2768 4290 caque
2797 4221 2962 4291 gloria
2992 4222 3092 4277 frui
3123 4239 3433 4293 properans.

2177 4307 2292 4363 LX.
2345 4308 2690 4379 Virginitatem
2729 4313 2917 4366 nullius
2945 4330 3088 4383 egere
3114 4315 3249 4384 quod
3290 4315 3341 4367 in
3368 4316 3510 4369 nobis
3544 4319 3703 4391 posi-

2106 4408 2211 4453 tum
2250 4415 2349 4452 non
2394 4400 2572 4454 sit.—-
2613 4400 2724 4455 Nec
2752 4416 2879 4455 vero
2903 4403 2982 4465 ci,
3028 4412 3085 4457 ut
3124 4404 3174 4458 in
3220 4406 3591 4470 matrimonio,
3645 4409 3702 4464 in

2103 4488 2280 4557 inopia
2328 4487 2525 4558 degere
2567 4491 2853 4562 quidquam
2909 4491 3080 4547 fraudi
3136 4509 3258 4550 esse
3299 4505 3510 4564 potest;
3562 4500 3701 4567 quin

2105 4580 2281 4648 potius
2318 4580 2461 4651 quod
2504 4582 2646 4638 ultro
2685 4584 2980 4651 sustineat,
3026 4598 3222 4654 sponso
3268 4585 3319 4642 id
3361 4602 3477 4642 eam
3512 4588 3702 4647 reddit

2103 4672 2406 4728 cariorem:
2451 4688 2553 4729 nec
2606 4674 2821 4729 sordide
2872 4686 3049 4730 natam
3100 4690 3250 4744 esse,
3296 4692 3393 4731 nec
3441 4681 3697 4747 corporis

2103 4774 2382 4820 venustate
2449 4781 2556 4821 non
2602 4767 2921 4833 excellere;
2984 4784 3157 4836 neque
3211 4768 3354 4825 aliud
3395 4768 3696 4839 quidquam

2100 4857 2294 4913 simile.
2344 4858 2410 4917 Et
2433 4858 2559 4928 quid
2604 4858 2720 4914 haec
2767 4874 3128 4914 commemoro
3154 4859 3177 4913 ?
3206 4859 3337 4915 Nam
3385 4869 3441 4915 et
3485 4860 3531 4914 si
3585 4877 3699 4918 nec

2099 4948 2263 5003 libera
2294 4949 2404 5015 sit,
2446 4964 2617 5020 neque
2640 4948 2696 5005 id
2722 4949 2940 5019 quidem
2988 4949 3106 5019 ejus
3153 4950 3487 5021 sponsalibus
3525 4950 3700 5007 dero-

2096 5048 2223 5110 gat,
2262 5039 2357 5095 sed
2384 5039 2582 5096 sufﬁcit
2612 5041 2848 5097 animum
2889 5042 3169 5113 pulchrum
3198 5050 3481 5111 prtestare,
3512 5053 3573 5097 ut
3603 5046 3699 5101 vel

2097 5131 2297 5201 primas
2320 5141 2695 5201 consequatur.
2729 5132 2847 5186 Non
2882 5131 2969 5187 hic
2999 5133 3261 5205 zelotypia
3298 5133 3537 5189 timenda
3564 5144 3656 5189 est
3676 5177 3695 5203 ,

2096 5240 2202 5279 non
2249 5225 2467 5280 alterius
2532 5225 2783 5294 fontium,
2830 5235 2889 5282 ut
2926 5226 3138 5282 clariori
3181 5226 3295 5280 viro
3340 5225 3693 5296 conjugatm,

2093 5317 2289 5373 invidia
2326 5318 2657 5377 dolendum:
2699 5334 2871 5389 neque
2898 5318 3041 5375 enim
3085 5318 3134 5373 ci
3180 5319 3455 5390 quisquam
3493 5319 3697 5374 similis

2094 5422 2252 5482 atque
2280 5427 2373 5481 par
2395 5421 2513 5476 est,
2544 5428 2645 5467 nec
2688 5427 2820 5466 vero
2860 5426 3022 5481 parvo
3066 5411 3342 5467 intervallo
3382 5411 3691 5494 proximus.

2094 5506 2162 5557 At
2199 5504 2251 5557 itt
2292 5503 2633 5558 matrimonio
2672 5512 3010 5573 quantumvis
3037 5501 3361 5573 pratdivitem
3388 5512 3442 5557 et
3470 5516 3693 5573 prmpo.

2096 5604 2295 5657 tentem
2323 5596 2495 5652 virum
2520 5595 2713 5657 mulier
2740 5604 2893 5652 nacta
2923 5595 3020 5665 sit,
3046 5594 3206 5652 altam
3243 5605 3421 5651 tamen
3448 5593 3694 5667 reperiet
