3884 6214
133 224 216 281 579
1541 224 1634 280 DE
1671 222 2144 284 VIRGINITATE.

126 342 287 414 κράνει»
335 339 668 412 πονηθεῖσαν
705 339 867 410 νηδὺν
920 337 1132 406 ὠδῖνες,
1177 342 1232 395 αἳ
1268 344 1360 396 καὶ
1405 341 1565 412 μόναι
1608 343 1794 397 ἱκαναὶ

126 429 289 483 πάντα
339 429 632 484 συσκιάσαι
671 428 739 482 τά
785 428 880 481 τοῦ
917 429 1098 499 γάμου
1128 431 1361 500 χρηστά.
1392 430 1692 499 Θορυϐοῦσι
1735 430 1792 484 δὲ

124 517 280 587 αὐτὴν
306 519 404 570 καὶ
434 517 590 571 ἀλλαι
627 516 768 588 μετά
798 517 1004 570 τούτων
1033 519 1334 588 φροντίδες.
1375 518 1442 571 Ἥ
1485 517 1595 588 γὰρ
1637 519 1795 573 ἀθλία

124 606 206 658 καὶ
247 605 597 677 ταλαίπωρος
638 606 800 677 κόρη,
836 606 1013 660 καίτοι
1061 605 1206 659 οὕτω
1252 605 1502 677 σφοδρῶς
1553 606 1658 660 ὑπὸ
1687 607 1797 661 τῶν

122 694 424 764 ἀλγηδόνων
475 693 696 748 ἐκείνων
729 694 1186 766 κατατεινομένη,
1221 695 1427 748 δέδοικε
1458 694 1667 748 τούτων
1696 695 1796 764 οὐχ

122 779 294 854 ἧττον,
341 785 552 855 μήποτε
591 783 969 855 λελωϐημένον
997 785 1093 838 καὶ
1127 783 1411 855 ἀνάπηρον
1445 785 1568 837 ἀντὶ
1601 783 1792 854 ἀρτίου

125 872 209 924 καὶ
238 870 428 938 ὑγιοῦς
481 871 742 942 προέλθῃ,
793 872 1002 942 μήποτε
1048 871 1171 924 ἀντὶ⁹
1221 871 1454 942 ἄρρενος
1497 869 1650 940 θῆλυ.
1688 871 1798 923 Καὶ

126 960 222 1030 γὰρ
245 956 388 1038 αὐτη
421 958 522 1030 οὐχ
547 953 709 1029 ἦττον
741 958 912 1016 αὑτὰς
941 957 1051 1011 τῶν
1075 957 1280 1010 ὠδίνων
1319 958 1353 1027 ἠ
1393 958 1601 1027 ἀγωνία
1635 957 1798 1030 θορυ-

129 1047 203 1099 ϐεῖ
231 1047 378 1098 τότε·
424 1047 549 1100 οὐδέ
593 1046 701 1116 γὰρ
741 1047 799 1098 ἐν
826 1039 908 1106 οἷς
948 1048 1086 1098 εἰσιν
1115 1043 1410 1098 ὑπεύθυνοι
1449 1043 1632 1114 μόνον,
1661 1042 1800 1097 ἀλλά

129 1136 212 1187 καὶ
230 1127 304 1188 ὧν
338 1134 443 1203 τῆς
472 1133 654 1196 αίτίας
687 1134 958 1202 ἀφεῖνται,
985 1133 1088 1186 κάν
1121 1131 1334 1196 τούτοις
1368 1130 1642 1184 δεδοίκασι
1672 1129 1802 1194 τοὺς

129 1223 310 1294 ἄνδρας
344 1223 450 1274 οὐκ
478 1221 696 1274 ἔλαττον
738 1221 771 1292 ἡ
814 1223 872 1274 ἐν
905 1220 1155 1284 ἐκείνοις,
1190 1219 1285 1273 καὶ
1317 1218 1416 1289 τὴν
1459 1217 1802 1288 ίδίαν⁶ἀσφά-

127 1313 262 1364 λειαν
310 1312 539 1380 ἀφεῖσαι
583 1313 803 1364 σκοπεῖν
850 1313 906 1363 ἐν
931 1308 1172 1379 τοσούτῳ
1205 1306 1456 1371 κλύδωνι,
1485 1305 1797 1377 μεριμνῶσι

133 1402 198 1470 μή
234 1417 286 1452 τι
330 1399 524 1470 τάνδρὶ
559 1397 669 1451 τῶν
700 1397 1016 1467 ἀϐουλήτων
1052 1397 1298 1467 γένηται.
1332 1394 1440 1448 Τοῦ
1484 1393 1540 1447 δέ
1584 1393 1798 1447 παιδίου

130 1488 375 1551 πεσόντος
399 1491 482 1550 είς
507 1487 606 1558 τὴν
628 1488 728 1558 γῆν
761 1487 854 1540 καὶ
877 1486 1097 1556 πρώτην
1122 1486 1350 1554 ἀφέντος
1378 1482 1581 1554 φωνὴν,
1611 1483 1796 1554 ἕτεραι

132 1577 276 1630 πάλιν
309 1575 649 1646 διαδέχονται
685 1574 981 1646 φροντίδες,
1013 1575 1067 1626 αί
1095 1577 1195 1644 τῆς
1227 1572 1521 1643 σωτηρίας,
1557 1572 1613 1624 αἱ
1642 1571 1743 1642 τῆς
1773 1583 1798 1610 ι

130 1665 449 1736 ἀνατροφῆς.
493 1663 608 1716 Κάν
651 1663 748 1734 μὲν
783 1661 983 1731 εὐφυὲς
1018 1660 1078 1713 ὃν
1110 1661 1248 1732 τύχῃ
1283 1660 1378 1714 καὶ
1426 1659 1565 1731 πρὸς
1597 1658 1800 1730 ἀρετὴν

130 1754 448 1824 ἐπιτήδειον,
476 1751 638 1805 πάλιν
669 1754 726 1804 ἐν
757 1749 940 1819 φόϐοις
971 1750 1019 1801 οί
1043 1747 1294 1811 τεκόντες
1333 1748 1405 1818 μή
1438 1765 1490 1799 τι
1520 1745 1670 1818 πάθῃ
1695 1746 1802 1799 δει-

131 1842 209 1894 νὸν
230 1842 290 1893 τὸ
315 1839 531 1910 τεχθὲν,
566 1840 641 1910 μὴ
669 1838 897 1891 θάνατον
924 1837 1102 1908 ἄωρον
1139 1837 1376 1905 ὐποστῇ,
1414 1833 1488 1906 μὴ
1521 1833 1802 1905 μεταϐάλῃ

129 1931 256 2000 πρὸς
281 1928 487 1982 κακίαν
507 1926 649 1981 τινά.
681 1926 815 1979 Οὐδέ
849 1925 957 1998 γὰρ
997 1928 1062 1979 ἐκ
1090 1923 1342 1995 πονηρῶν
1366 1923 1594 1993 χρηστοὶ
1621 1922 1800 1991 γίνον-

128 2035 210 2070 ται
239 2017 420 2086 μόνον,
449 2013 584 2067 ἀλλά
615 2015 710 2067 καὶ
741 2011 848 2066 ἀπὸ
871 2011 1179 2065 σπουδαίων
1210 2009 1406 2080 φαῦλοι
1428 2010 1524 2063 καὶ
1553 2009 1800 2080 πονηροί.

132 2105 240 2157 Κάν
274 2103 375 2173 μὲν
405 2101 611 2154 τούτων
640 2117 694 2152 τι
725 2101 947 2170 γένηται
977 2098 1084 2152 τῶν
1111 2097 1424 2164 ἀπευκτῶν,
1469 2096 1804 2168 ἀφορητοτέ-

135 2209 224 2261 ραν
249 2191 362 2260 ἔχει
391 2190 490 2260 τὴν
518 2187 717 2259 λύπην,
744 2186 776 2257 ἦ
807 2189 855 2240 εί
897 2185 1048 2257 παρά
1089 2186 1188 2258 τὴν
1231 2185 1406 2256 ἀρχὴν
1441 2184 1619 2239 ταῦτα
1676 2202 1804 2238 συν-

132 2281 337 2332 ἐπεσενο
359 2279 424 2332 ἂν
449 2279 503 2331 δὲ
527 2279 744 2331 ἅπαντα
785 2276 921 2348 μένῃ
947 2275 1016 2328 τὰ
1039 2273 1254 2346 χρηστά
1281 2271 1684 2345 βέϐαια,όγοῦν
1698 2273 1808 2327 ἀπὸ

132 2369 220 2436 τῆς
252 2365 556 2437 μεταϐολῆς
607 2365 694 2416 ἀεὶ
743 2363 1003 2432 πάρεστιν
1045 2363 1228 2424 αὐτοῖς
1276 2360 1463 2430 φόϐος,
1502 2360 1807 2413 κατασείων

129 2453 220 2524 τὴν
264 2453 444 2523 ψυχὴν
492 2451 601 2503 τῶν
643 2449 932 2512 τεκόντων,
969 2449 1062 2501 καὶ
1097 2448 1231 2502 πολύ
1260 2447 1360 2518 τῆς
1388 2447 1580 2518 ἡδονῆς
1611 2447 1806 2498 ὑποτε-

131 2542 396 2612 μνόμενος
437 2540 623 2610 μέρος.
677 2538 814 2591 Ἀλλ’
838 2539 899 2590 οὐ
930 2539 1065 2590 πᾶσι
1093 2539 1208 2600 τοῖς
1230 2535 1575 2606 γεγαμηκόσι
1614 2533 1809 2596 παῖδας

127 2631 269 2700 ἔχειν
301 2628 614 2698 συμϐαίνει.
654 2625 861 2679 Οὐκοῦν
892 2625 1085 2695 ἑτέραν
1137 2641 1224 2694 μοι
1255 2623 1437 2691 λέγεις
1473 2622 1634 2676 πάλιν
1674 2621 1806 2675 ἀθυ-

129 2721 256 2788 μίας
281 2716 560 2771 ὑπόθεσιν.
595 2715 764 2768 Ὅταν
790 2711 882 2766 οὖν
913 2714 1006 2766 καὶ
1037 2712 1243 2766 παίδων
1267 2711 1437 2764 ὄντων
1473 2710 1567 2764 καὶ
1601 2709 1700 2763 οὐκ
1721 2709 1809 2762 δν-

123 2824 252 2869 των,
289 2804 390 2858 καὶ
427 2801 684 2874 χρηστῶν
713 2801 1019 2870 γενομένων
1066 2799 1160 2852 καὶ
1209 2797 1485 2869 πονηρῶν,
1527 2797 1810 2867 διαφόροις

126 2894 464 2962 συνέχωνται
493 2889 689 2951 λύπαις
719 2889 813 2941 καὶ
845 2887 1114 2958 φροντίσι,
1155 2886 1317 2939 πόθεν
1352 2885 1540 2938 λοιπδν
1586 2884 1811 2955 ἡδίστην

125 2982 432 3050 καλέσομεν
473 2979 571 3050 τὴν
606 2979 663 3029 ἐν
705 2975 784 3046 τῷ
813 2975 975 3046 γάμῳ
1004 2974 1180 3044 ζωὴνς
1210 2975 1398 3037 Πάλιν,
1443 2973 1510 3026 ἂν
1543 2973 1642 3044 μὲν
1677 2975 1810 3043 ὁμο-

127 3068 374 3131 νοοῦντες
407 3065 557 3137 [518]
586 3067 633 3118 οἱ
668 3063 1040 3124 συνοικοῦντες
1065 3061 1370 3123 διατελῶσι,
1396 3061 1560 3131 φόϐος
1599 3061 1675 3132 μὴ
1713 3060 1811 3113 θά-

129 3174 283 3220 νατος
333 3154 590 3224 ἐμπεσὼν
639 3151 872 3222 διακόζνῃ
907 3151 1008 3221 τὴν
1047 3150 1262 3220 ἡδονήν’
1297 3149 1497 3220 μᾶλλον
1540 3148 1596 3200 δὲ
1629 3149 1814 3202 οὐκέτι

132 3244 293 3314 φόϐος
322 3242 485 3296 τοῦτο
516 3241 695 3310 μόνον,
725 3239 844 3292 οὐδὲ
871 3238 1035 3309 μέχρι
1066 3237 1398 3307 προσδοκίας
1419 3237 1478 3290 τδ
1509 3236 1701 3300 δεινὸν,
1731 3237 1816 3290 ἀλ-

128 3333 194 3388 λά
216 3334 314 3386 καὶ
347 3332 427 3394 είς
450 3330 608 3400 ἔργον
635 3329 767 3382 αὐτὸ
797 3326 1078 3397 προελθεῖν
1101 3326 1318 3388 πάντως
1355 3326 1591 3395 ἀνάγκη.
1629 3325 1816 3388 Οὐδεὶς

133 3421 235 3492 γάρ
262 3420 422 3490 ἔσχεν
455 3416 720 3480 ἐπιδεῖξαί
751 3432 880 3467 ποτε
913 3415 970 3466 ἐν
995 3413 1180 3484 ἡμέρᾳ
1219 3415 1319 3484 μιᾷ
1347 3414 1693 3483 ἀμφοτέρους
1732 3430 1819 3465 τε-

133 3509 519 3577 λευτήσαντας·
553 3503 744 3557 τούτου
778 3502 833 3554 δὲ
858 3501 958 3553 οὐκ
987 3500 1139 3563 ὄντος
1162 3500 1222 3552 τὸ
1253 3499 1575 3569 λειπόμενον
1599 3499 1815 3567 ἀνάγκη

137 3596 266 3648 πολῦ
298 3592 396 3648 τοῦ
435 3591 665 3645 Θανάτου
708 3588 1094 3659 χαλεπωτέραν
1127 3587 1422 3658 ὑπομένειν
1459 3585 1628 3657 ζωὴν,
1657 3586 1723 3640 ἀν
1754 3603 1812 3639 τε

138 3683 300 3736 πολὺν
348 3679 492 3750 τύχῃ
519 3675 850 3747 συνῳκηκὼς
887 3675 1098 3746 χρόνον,
1131 3675 1197 3729 ἀν
1234 3691 1293 3727 τε
1324 3673 1525 3742 ὀλίγον.
1573 3674 1820 3736 Ἐκεῖνος

144 3772 234 3837 μὲν
265 3769 378 3840 γὰρ
407 3769 517 3834 ὅσῳ
543 3765 766 3818 πλείονα
785 3763 882 3834 τὴν
908 3765 1102 3833 πεῖραν
1123 3761 1307 3826 ἔλαϐε,
1331 3761 1572 3832 τοσούτῳ
1599 3761 1820 3832 μείζονα

138 3859 247 3928 ἔχει
269 3858 371 3927 τὴν
400 3854 615 3923 ὀδύνην,
651 3851 752 3920 τῆς
781 3850 983 3920 πολλῆς
1017 3849 1308 3919 συνηθείας
1336 3851 1610 3922 ἀφόρητον
1643 3848 1823 3902 ποιού-

141 3963 236 4016 σης
261 3945 359 3999 τὸν
383 3940 680 4013 χωρισμόν’
704 3940 733 3990 6
756 3938 812 3991 δὲ
841 3939 970 4008 πρὶν
996 3939 1030 4010 ἢ
1056 3937 1357 4007 γεύσασθαι
1385 3939 1478 3992 καὶ
1501 3936 1823 4008 ἐμπλησθῆ-

140 4050 223 4086 ναι
267 4031 370 4102 τῆς
413 4029 614 4099 φιλίας,
650 4023 1007 4096 ἀκμαζούσης
1041 4025 1123 4078 ἔτι
1173 4029 1272 4096 τῆς
1307 4023 1624 4094 ἐπιθυμίας,
1654 4021 1823 4094 αὐτὴν

139 4118 484 4190 ἀφαιρεθεὶς,
517 4116 650 4170 αὐτὸ
685 4113 844 4168 τοῦτο
895 4113 1094 4185 μᾶλλον
1142 4113 1351 4167 ἐκείνου
1396 4111 1603 4174 πενθεῖ,
1650 4111 1745 4164 καὶ
1765 4110 1826 4174 ἐξ

138 4205 455 4266 ὑποθέσεως
484 4203 510 4243 b
545 4201 805 4255 ἐναντίων
834 4199 972 4263 ἴσοις
1011 4199 1312 4270 ἀμφότεροι
1348 4197 1666 4268 συνέχονται
1711 4199 1826 4259 τοῖς

139 4294 426 4365 λυπηροῖς.
462 4291 530 4344 Τί
562 4289 618 4342 δέ
654 4289 761 4360 χρὴ
793 4288 973 4356 λέγειν
1000 4289 1126 4349 τοὺς
1158 4286 1217 4338 ἐν
1255 4284 1332 4357 τῷ
1372 4285 1577 4358 μεταξὺ
1608 4283 1826 4354 γινομέ-

140 4397 262 4443 νους
300 4377 644 4450 χωρισμους,
692 4391 791 4438 τας
833 4375 1049 4446 μακράς
1085 4373 1416 4444 ἀποδημίας,
1452 4373 1552 4436 τὰς
1583 4372 1828 4437 συνεζευ-

141 4484 348 4538 γμένας
379 4468 564 4527 αὐτοῖς
586 4461 848 4532 ἀγωνίας,
873 4461 971 4525 τὰς
997 4461 1222 4527 νόσους;
1263 4461 1374 4514 Καὶ
1410 4460 1464 4514 τί
1493 4460 1652 4513 τοῦτο
1690 4460 1828 4532 πρὸς

143 4555 229 4607 τὸν
253 4557 470 4624 γάμους
499 4551 651 4621 φησί.
685 4549 938 4602 Μάλιστα
971 4549 1068 4617 μὲν
1103 4548 1198 4602 καὶ
1240 4548 1347 4601 ἀπὸ
1379 4549 1477 4618 τῆς
1515 4547 1693 4610 αίτίας
1729 4547 1830 4617 τῆς

143 4640 333 4694 τούτου
370 4638 562 4692 πολλαὶ
590 4636 849 4698 πολλάκις
876 4634 1261 4707 ἡρῤὡστησαν.
1290 4636 1400 4688 Καὶ
1429 4633 1536 4706 γὰρ
1559 4632 1833 4705 ὑϐρισθεῖ-

149 4746 234 4781 σαι
281 4729 384 4782 καὶ
419 4725 758 4798 όργισθείσαι
786 4723 910 4776 τοτέ
943 4725 1039 4794 μὲν
1078 4723 1182 4775 ὑπὸ
1214 4720 1305 4775 τοῦ
1345 4721 1541 4793 θυμοῦ,
1575 4721 1696 4774 1012-:
1723 4721 1777 4775 δὲ
1804 4732 1826 4761 ο

146 4815 250 4868 ὑπὸ
276 4816 383 4885 τῆς
409 4813 649 4882 ἀθυμίας
679 4811 906 4874 πολλοὺς
942 4809 1129 4863 ἔτεκον
1150 4808 1438 4878 πυρετούς.
1487 4809 1612 4862 Ἐἀν
1648 4809 1704 4862 δέ
1737 4810 1830 4861 καὶ

148 4903 417 4974 παρόντος
454 4900 622 4970 μηδὲν
647 4898 861 4952 πάθωσι
895 4896 1160 4962 τοιοῦτον,
1199 4895 1334 4950 ἀλλά
1363 4896 1672 4968 προσηνοῦς
1696 4896 1831 4949 ἀπο·

145 4990 391 5043 λαύσωσι
417 4987 732 5050 διαπαντὸς,
768 4985 872 5039 ὑπὸ
897 4985 998 5054 τῆς
1020 4983 1332 5055 ἀποδημίας
1356 4984 1437 5048 εἰς
1465 4985 1640 5038 ταῦτα
1670 4983 1831 5038 πάλιν

147 5077 530 5147 περιίστανται
564 5074 631 5127 τὰ
667 5071 834 5127 κακά.
873 5071 1020 5142 Πλὴν
1046 5070 1182 5124 ἀλλὰ
1208 5071 1380 5125 ταῦτα
1422 5072 1601 5125 πάντα
1642 5071 1832 5144 παρεί-

150 5164 280 5229 σθω,
315 5163 418 5216 καὶ
454 5160 622 5230 μηδὲν
669 5158 990 5229 ἐγκαλῶμεν
1036 5159 1114 5229 τῷ
1161 5159 1346 5229 γάμῳ,
1379 5159 1492 5212 ἀλλ’
1527 5159 1649 5229 οὐχὶ
1694 5159 1832 5229 μετά

149 5251 355 5304 τούτων
373 5247 632 5317 κάκείνης
653 5247 813 5302 αὐτὸν
837 5246 1145 5312 ἀπαλλάξαι
1160 5245 1500 5317 δυνησόμεθα
1515 5249 1613 5317 τῆς
1631 5245 1827 5308 αἰτίας.

153 5339 319 5400 Ποίας
365 5337 430 5407 δὴ
469 5335 709 5405 ταύτης;
744 5337 867 5388 Ὀτι
907 5335 996 5388 τὸν
1041 5334 1354 5402 ὑγιαίνοντα
1406 5333 1557 5387 οὐδὲν
1607 5333 1833 5404 ἀφίησιν

153 5425 376 5495 ἀμεινον
412 5422 506 5476 τοῦ
552 5421 854 5492 κάμνοντος
893 5421 1219 5482 διακεῖσθαι,
1259 5420 1375 5474 ἀλλ’
1411 5423 1489 5485 είς
1534 5422 1630 5492 τὴν
1664 5421 1833 5492 αὐτὴν

158 5513 231 5583 τῷ
253 5511 496 5581 κειμένῳ
530 5509 852 5579 καθίστησιν
881 5507 1141 5578 ἀθυμίαν.

214 5603 258 5654 Ν
269 5603 348 5654 Η’.
364 5601 527 5654 Βούλε
537 5619 553 5652 ι
569 5596 846 5652 καὶταῦτα
863 5597 1042 5650 πάντα
1055 5596 1382 5662 ἐκϐαλόντες
1395 5596 1576 5668 θῶμεν
1593 5595 1676 5668 τῷ
1691 5597 1833 5670 λόγῳ

216 5729 243 5790 _‘
272 5729 394 5790 Reg.
426 5728 543 5790 ὑπὲρ
563 5734 646 5785 τῆς
668 5725 904 5790 σωτηρίας
926 5727 1006 5773 καὶ
1024 5731 1122 5783 τῆς.

217 5787 250 5828 δ
265 5787 390 5849 Reg.
413 5791 460 5843 ἐξ
482 5787 768 5836 ὑποθέσεων.

220 5853 243 5881 τ
268 5846 390 5911 Reg.
414 5851 523 5899 τότε
547 5852 630 5910 μὲν
652 5850 744 5896 ὑπὸ
767 5846 853 5896 τοῦ
878 5848 1062 5911 ἀνδρὸς,
1087 5848 1196 5896 τότε
1224 5847 1295 5896 δέ.

569 5938 838 5999 ΡΑτιιοι.
883 5940 998 6000 Gn.
1041 5940 1303 6001 XLV'Jll.

3459 234 3565 292 580

1906 343 1972 396 τά
2009 343 2269 407 ἀδύνατα,
2303 343 2396 397 καὶ
2429 345 2874 416 συγχωρήσωμεν
2902 345 3154 415 γενέσθαι
3183 347 3358 418 γάμον
3390 349 3565 404 πάντα

1897 432 2034 502 ὁμοῦ
2069 433 2260 504 ἔχοντα
2285 433 2353 486 τὰ
2399 432 2604 500 ἀγαθὰ,
2645 433 3026 499 πολυπαιδίαν,
3063 433 3370 499 εὐπαιδίαν,
3404 433 3567 490 πλοῦ-

1898 537 2010 587 τον,
2056 521 2317 590 γυναικὸς
2359 521 2737 594 σωφροσύνην,
2771 514 2988 584 κάλλος,
3024 520 3259 586 σύνεσιν,
3289 521 3565 593 ὁμόνοιαν,

1899 610 2076 680 γῆρας
2108 610 2351 680 μακρόν;
2387 609 2670 681 προσέστω
2699 609 2792 662 καὶ
2823 609 3014 678 γένους
3068 611 3419 682 περιφάνεια,
3470 613 3568 664 καὶ

1898 696 2219 762 δυναστείας
2258 699 2507 770 μέγεθος,
2539 699 2631 752 καὶ
2673 697 2806 769 μηδέ
2833 698 2894 751 τὸ
2927 699 3104 752 κοινὸν
3140 698 3296 752 τοῦτο
3329 699 3428 770 τῆς
3461 698 3565 768 φύ-

1905 803 2042 845 σεως
2087 785 2311 856 ὀχλείτω
2341 785 2530 851 πάθος,
2580 786 2610 838 6
2639 785 2804 854 φόϐος
2850 785 2948 858 τῆς
2987 785 3192 840 τούτων
3237 785 3560 858 μεταϐολῆς,

1901 872 2014 926 ἀλλ’
2047 873 2328 945 ἐξωρίσθω
2375 875 2523 927 πᾶσα
2569 874 2668 944 μὲν
2714 873 2954 945 ἀθυμίας
3003 873 3283 938 ὑπόθεσις,
3326 875 3480 928 πᾶσα
3504 874 3564 927 δὲ

1901 961 2178 1032 φροντίδος
2225 963 2319 1014 καὶ
2357 961 2629 1033 μερίμνης
2670 962 2923 1034 ἀφορμὴ,
2969 961 3062 1015 καὶ
3109 961 3249 1032 μήτε
3295 961 3430 1031 άλλη
3483 978 3570 1024 τις

1901 1049 2069 1111 αίτία,
2111 1053 2246 1121 μήτε
2300 1050 2529 1114 θάνατος
2579 1049 2758 1122 ἄωρος
2807 1048 3175 1118 διαζευγνύτω
3216 1048 3309 1101 τὸν
3361 1049 3563 1119 γάμον,

1901 1136 2038 1190 ἀλλά
2077 1137 2172 1191 καὶ
2199 1136 2389 1192 τοῦτον
2424 1141 2481 1190 ἐν
2516 1138 2615 1209 μιᾷ
2644 1137 2846 1199 πάντες
2875 1136 3216 1206 δεχέσθωσαν
3257 1136 3462 1208 ἡμέρα,
3506 1135 3566 1206 ἡ.

1901 1224 1930 1277 ὃ
1958 1223 2166 1278 τούτων
2202 1225 2382 1296 πολλῷ
2432 1223 2848 1296 μακαριώτερον
2881 1219 3020 1277 εἶναι
3050 1223 3216 1287 δοκεῖ,
3259 1223 3570 1293 μενέτωσαν

1905 1312 2004 1382 μὲν
2032 1314 2080 1365 οἱ
2121 1313 2306 1376 παῖδες
2359 1312 2711 1384 κληρονόμοι,
2759 1313 2886 1374 τοὺς
2923 1311 2979 1364 δέ
3013 1313 3193 1378 γονεῖς
3227 1309 3572 1381 ἀμφοτέρους

1902 1400 2038 1470 ὁμοῦ
2087 1401 2521 1472 προπεμπόντων
2556 1400 2581 1439 ἀ
2623 1399 2762 1472 μετά
2812 1399 2990 1470 γῆρας
3024 1398 3234 1469 μακρόν
3259 1415 3272 1428 ο
3305 1397 3399 1451 καὶ
3425 1396 3479 1450 τί
3507 1397 3568 1450 τὸ

1904 1488 2076 1557 πέρας
2104 1505 2117 1553 ;
2150 1489 2299 1542 ποῖον
2329 1489 2390 1541 τὸ
2427 1488 2615 1560 κέρδος
2638 1490 2702 1541 ἐκ
2747 1487 2951 1558 ταύτης
2995 1489 3094 1557 τῆς
3141 1486 3343 1555 πολλῆς
3383 1485 3572 1558 ἡδονῆς

1903 1573 2117 1643 ἔχοντες
2141 1575 2529 1630 ἀπελεύσονται
2564 1577 2713 1641 ἐκεῖ;
2745 1575 2820 1628 Τὸ
2845 1575 2953 1646 γάρ
2987 1573 3216 1637 πολλοὺς
3248 1574 3444 1637 παῖδας
3473 1591 3576 1625 κα-

1901 1659 2152 1713 ταλιπεῖν
2182 1663 2276 1714 καὶ
2319 1661 2494 1730 καλῆς
2532 1660 2840 1714 ἀπολαῦσαι
2887 1659 3146 1728 γυναικὸς
3189 1659 3330 1730 μετά
3361 1658 3573 1730 τρυφῆς
3623 1691 3626 1694 -

1905 1750 1998 1802 καὶ
2034 1747 2142 1802 τῶν
2175 1749 2348 1803 ἄλλων
2376 1750 2629 1802 ἁπάντων
2653 1740 2727 1801 ὧν
2746 1748 2868 1819 ἀρτι
2890 1747 3128 1816 διῆλθον,
3160 1749 3255 1802 καὶ
3283 1748 3363 1811 είς
3393 1747 3575 1818 γῆρας

1905 1837 2097 1891 ἐλάσαι
2123 1837 2355 1908 μακρὸν,
2393 1837 2446 1888 τί
2477 1836 2612 1908 πρὸς
2646 1835 2708 1888 τὸ
2728 1836 3082 1907 δικαστήριον
3109 1837 3256 1907 ἡμᾶς
3287 1831 3572 1903 ὠφελῆσαι

1903 1925 2188 1996 δυνήσεται
2221 1926 2398 1977 ἐκεῖνο
2430 1926 2488 1978 ἐν
2523 1925 2636 1986 τοῖς
2669 1923 2910 1986 αἰωνίοις
2943 1922 3235 1995 πράγμασι
3259 1923 3354 1976 καὶ
3380 1919 3572 1992 ἀληθι-

1905 2015 2052 2077 νοίς;
2090 2012 2272 2066 Οὐδέν.
2308 2009 2517 2065 Οὐκοῦν
2549 2010 2676 2064 σκιά
2722 2009 2893 2064 ταῦτα
2931 2011 3025 2064 καλ⁸
3067 2011 3222 2080 ϐναρ.
3263 2009 3431 2062 Ὀταν
3466 2007 3577 2078 γὰρ

1906 2101 1964 2152 ἐν
1994 2103 2110 2164 τοῖς
2141 2100 2258 2153 ἐκεῖ
2286 2097 2682 2168 διαδεξομένοις
2728 2097 2879 2168 ἡμᾶς
2922 2097 3084 2150 αἱῶσι
3129 2097 3225 2149 καὶ
3259 2095 3434 2167 πέρας
3476 2096 3578 2148 οὐκ

1907 2188 2089 2259 έχουσι
2119 2187 2282 2258 μηδὲν
2305 2187 2413 2242 ἀπὸ
2428 2186 2633 2239 τούτων
2659 2185 2974 2256 δυνηθῶμεν
2995 2184 3277 2256 κερδᾶναι,
3311 2184 3448 2255 μήτε
3473 2200 3577 2237 πα-

1910 2277 2184 2350 ραμυθίας
2219 2274 2526 2330 ἀπολαῦσαί
2567 2291 2733 2336 τινος,
2766 2275 2822 2326 ἐν
2853 2273 2952 2342 ῐσῳ
2992 2274 3105 2331 τοῖς
3146 2272 3206 2325 οὑ
3247 2269 3578 2343 μετασχοῦσι

1907 2365 1998 2419 τὸν
2031 2363 2368 2435 μετασχόντα
2396 2361 2600 2415 θετέον.
2632 2361 2767 2414 Οὐδὲ
2795 2359 2902 2430 γὰρ
2923 2357 3082 2434 εἴτις
3115 2360 3173 2412 ἐν
3215 2357 3409 2429 χιλίοις
3433 2357 3580 2412 ἔτεσι

1912 2453 2043 2521 μίαν
2073 2451 2246 2504 νύκτα
2275 2449 2444 2520 μόνην
2474 2445 2615 2502 εἶδεν
2644 2447 2777 2520 ὄναρ
2821 2446 3082 2518 χρηστὸν,
3117 2445 3279 2499 πλέον
3311 2463 3364 2498 τι
3391 2445 3581 2498 τοῦτον

1910 2539 2053 2609 ἔχειν
2096 2540 2339 2609 φήσομεν
2376 2535 2471 2590 τοῦ
2512 2536 2586 2607 μὴ
2616 2535 2819 2606 ταύτης
2843 2533 3272 2596 ἀπολελαυκότος
3299 2531 3452 2604 [319]
3483 2531 3582 2600 τῆς

1909 2627 2104 2694 ὅψεως.
2139 2625 2330 2679 Καίτοι
2368 2640 2431 2693 γε
2466 2623 2587 2676 οὐδέ
2611 2623 2735 2676 ὅσον
2775 2621 3077 2690 ἐϐουλόμην
3107 2615 3282 2674 εἷπον.
3309 2617 3445 2672 Οὐδέ
3475 2618 3583 2688 γὰρ

1911 2715 2035 2767 ὅσον
2069 2714 2136 2766 τά
2178 2712 2428 2784 ὀνείρατα
2478 2709 2834 2764 ἀπολείπεται
2873 2710 2972 2780 τῆς
3001 2706 3285 2780 ἀληθείας,
3331 2703 3585 2759 τοσοῦτον

1911 2802 1980 2855 τά
2022 2800 2252 2854 ἐνταῦθα
2303 2799 2582 2871 ἀφέστηκε
2622 2797 2730 2851 τῶν
2754 2798 2892 2861 ἐκεῖ,
2924 2796 3040 2849 ἀλλ’
3067 2795 3147 2850 ἔτι
3197 2795 3428 2866 μᾶλλον·
3461 2791 3585 2846 οὐδὲ

1911 2891 2048 2962 ὅπερ
2078 2888 2226 2942 ἐστὶν
2257 2888 2313 2939 ἐν
2341 2886 2484 2939 ἔτεσι
2528 2885 2722 2955 χιλίοις
2753 2883 2853 2954 μία
2896 2884 3012 2950 νὺξ,
3039 2883 3292 2937 τοσοῦτον
3336 2884 3364 2936 6
3395 2878 3586 2950 παρὼν

1915 2980 2049 3031 αἰὼν
2082 2977 2219 3047 πρὸς
2261 2975 2352 3027 τὸν
2385 2974 2665 3044 μέλλοντα,
2694 2972 2830 3025 ἀλλά
2857 2972 2958 3024 κάν
2989 2970 3164 3040 τούτῳ
3199 2969 3379 3040 πολλῷ
3419 2968 3583 3021 πλέον
3643 3011 3658 3025 .

1916 3066 2074 3120 πάλιν
2099 3065 2160 3117 τὸ
2193 3064 2377 3134 μέσον.
2423 3062 2563 3115 Ἀλλ’
2585 3062 2645 3114 οὐ
2667 3061 2737 3113 τά
2757 3062 2855 3130 τῆς
2883 3059 3152 3128 παρθένου
3183 3058 3430 3118 τοιαῦτα,
3451 3056 3588 3110 ἀλλὰ

1917 3155 2116 3224 πολλὴν
2143 3153 2362 3207 ἄπεισιν
2392 3151 2590 3220 ἔχουσα
2617 3150 2715 3221 τὴν
2748 3148 3014 3219 ἐμπορίαν
3031 3163 3043 3176 ·
3078 3147 3277 3218 μᾶλλον
3296 3147 3353 3200 δὲ
3379 3146 3470 3199 τὸν
3497 3146 3586 3199 λό-

1916 3262 2011 3312 γον
2044 3241 2251 3298 ἄνωθεν
2279 3239 2646 3310 ἐξετάσωμεν.

1972 3327 2598 3397 ΝΘ’.Οὐκάναγκάζεται
2617 3327 3092 3398 πολυπραγμονεῖν
3107 3324 3196 3378 τὸν
3210 3340 3272 3377 νυ
3282 3320 3588 3392 μφίον,οὑδέ

1922 3419 2140 3488 μήτινα
2169 3415 2385 3486 ἀπάτην
2411 3416 2680 3485 ὑπομείνῃ
2706 3414 2942 3468 δέδοικεν
2962 3430 2976 3444 ·
3010 3413 3143 3476 Θεὸς
3171 3411 3281 3481 γάρ
3311 3410 3458 3462 ἐστιν
3491 3408 3592 3461 οὐκ

1918 3505 2224 3574 ἅνθρωπος,
2253 3501 2521 3573 δεσπότης
2547 3501 2647 3572 οὐχ
2674 3500 2984 3572 όμόδουλος.
3021 3500 3132 3553 Καὶ
3166 3499 3273 3552 τῶν
3313 3497 3412 3568 μὲν
3449 3513 3592 3566 νυμ-

1921 3594 2058 3662 φίων
2086 3593 2146 3647 τὸ
2177 3593 2340 3664 μέσον
2367 3589 2618 3645 τοσοῦτον
2638 3605 2653 3620 °
2687 3589 2878 3643 σκόπει
2912 3587 2969 3641 δὲ
2995 3588 3090 3641 καὶ
3123 3587 3215 3640 ἐπ)⁵
3248 3585 3391 3638 τίσιν
3419 3583 3594 3656 ἀρμόο

1925 3682 2133 3747 ςονται.
2161 3681 2236 3734 Οὐ
2269 3680 2376 3752 γὰρ
2406 3676 2734 3750 ἀνδράποδα,
2771 3675 2890 3730 οὐδέ
2925 3674 3030 3745 γῆς
3047 3673 3278 3744 πλέθρα,
3309 3671 3429 3739 οὐδὲ
3457 3671 3592 3724 τόσα

1922 3771 2017 3824 καὶ
2037 3771 2169 3824 τόσα
2194 3768 2416 3839 χρυσίου
2445 3767 2702 3828 τάλαντα,
2733 3762 2847 3816 ἀλλ’
2877 3762 3100 3833 οὐρανοὶ⁴
3125 3760 3222 3814 καὶ
3245 3758 3313 3813 τὰ
3339 3759 3398 3811 ἐν
3429 3757 3594 3828 οὐρα-

1923 3859 2034 3920 νοῖς
2065 3855 2248 3925 ἀγαθὰ
2283 3855 2354 3908 τά
2378 3855 2504 3907 ’έδνα
2530 3852 2736 3923 ταύτης
2765 3851 2867 3920 τῆς
2894 3849 3114 3918 νύμφης
3140 3845 3275 3900 ἐστί.
3303 3845 3447 3916 Πρὸς
3473 3843 3594 3897 τού-

1923 3944 2096 4014 τοιςὴ
2149 3943 2246 4013 μέν
2286 3942 2638 4010 γεγαμηκυῖα
2679 3937 2892 4008 φρίττει
2939 3936 3030 3988 τὸν
3085 3934 3316 3988 θάνατον
3369 3931 3480 3984 τῶν
3533 3947 3594 3983 τε

1925 4031 2098 4085 ἄλλων
2126 4029 2332 4089 ἕνεκεν,
2364 4028 2458 4080 καὶ¹
2487 4027 2570 4079 ὅτι
2596 4024 2690 4078 τοῦ
2723 4021 3098 4085 συνοικοῦντος
3129 4018 3297 4089 αὐτὴν
3335 4029 3359 4056 ο
3383 4017 3598 4080 διαζευο

1922 4133 2143 4185 γνυσιν·
2175 4118 2208 4186 ἡ
2245 4115 2302 4168 δέ
2337 4112 2602 4185 παρθένος
2631 4111 2726 4165 καὶ
2756 4109 2916 4163 ποθεῖ
2939 4110 3038 4179 τὴν
3069 4106 3346 4176 τελευτὴν,
3375 4103 3472 4157 καλ¹
3502 4103 3596 4173 βα-

1927 4207 2147 4278 ρύνεται
2172 4207 2238 4275 τῇ
2268 4204 2403 4274 ζωῇ,
2436 4200 2741 4254 σπεύδουσα
2770 4198 2862 4251 τὸν
2891 4195 3124 4266 νυμφίον
3151 4195 3279 4249 ίδεῖν
3304 4192 3596 4262 πρόσωπον

1928 4293 2064 4365 πρὸς
2096 4291 2411 4363 πρόσωπον,
2453 4288 2548 4342 καὶ
2574 4288 2672 4358 τῆς
2699 4285 2857 4355 δόξης
2883 4282 3190 4338 ἀπολαῦσαι
3225 4281 3462 4353 ἐκείνης.

1989 4381 2062 4434 Ξ’.
2078 4379 2215 4433 Οὑτε
2233 4378 2291 4431 δέ
2315 4377 2376 4430 τὸ
2406 4376 2565 4447 πενίᾳ.
2593 4373 2761 4444 συζῇν
2791 4371 3040 4442 καθάπερ
3066 4370 3158 4422 ἐπὶ
3175 4368 3268 4422 τοῦ
3291 4368 3470 4438 γάμου
3493 4385 3599 4422 πα-

1931 4466 2203 4538 ραϐλάψαι
2241 4463 2445 4520 δύναιτ’
2480 4462 2548 4516 ἂν
2596 4460 2790 4529 αὐτὴν,
2823 4459 2960 4513 ἀλλά
2995 4459 3092 4512 καὶ
3126 4455 3324 4528 μᾶλλον
3354 4454 3598 4508 ποθεινοο

1929 4556 2090 4626 τέραν
2119 4553 2196 4624 τῷ
2226 4553 2448 4623 νυμφίῳ
2473 4549 2570 4620 τὴν
2601 4547 2834 4602 ἐκοῦσαν
2862 4545 3019 4599 τοῦτο
3036 4543 3410 4615 ὑπομένουσαν
3433 4543 3596 4606 ποιεῖ,

1929 4643 2050 4697 οὔτε
2090 4643 2152 4696 τὸ
2177 4643 2242 4694 ἐκ
2273 4637 2546 4694 ταπεινῶν
2577 4636 2877 4705 γεγονέναι,
2910 4632 3036 4687 οὕτε
3067 4631 3130 4685 τὸ
3167 4630 3241 4702 μὴ
3267 4629 3600 4700 διαλάμπειν

1929 4732 2027 4802 τὴν
2065 4730 2156 4783 τοῦ
2189 4728 2443 4799 σώματος
2481 4725 2652 4796 ὥραν,
2689 4720 2813 4776 οὐτε
2842 4721 2970 4777 ἄλλο
3003 4720 3111 4774 τῶν
3143 4717 3399 4773 τοιούτων
3426 4717 3601 4772 οὐδέν.

1931 4821 2040 4875 Καὶ
2067 4819 2119 4872 τί
2145 4818 2288 4886 λέγω
2312 4815 2483 4870 ταῦτα
2508 4831 2521 4877 ;
2550 4813 2654 4868 κᾶν
2693 4811 2801 4881 γὰρ
2834 4811 2969 4882 μηδέ
2993 4807 3252 4880 ἐλευθέρα
3279 4804 3416 4862 οὖσα
3439 4807 3602 4879 τύχῃ.

1936 4908 2056 4961 οὐδέ
2090 4905 2248 4960 τοῦτο
2286 4904 2456 4974 αὐτῆς
2485 4901 2808 4973 λυμαίνεται
2835 4899 2934 4970 τὴν
2961 4897 3276 4968 μνηστείαν,
3303 4897 3418 4951 ἀλλ’
3443 4896 3608 4969 ἀρκεῖ

1930 4995 2105 5065 ψυχὴν
2143 4989 2513 5058 ἐπιδείξασθαι
2549 4989 2740 5060 καλὴν,
2789 4987 2883 5041 καὶ
2915 4987 3024 5039 τῶν
3069 4985 3354 5057 πρωτείων
3393 4986 3601 5055 τυχεῖν.

1933 5083 2047 5136 Οὐκ
2085 5081 2232 5135 ἔστιν
2271 5081 2388 5132 ἐκεῖ
2413 5077 2715 5148 φοϐηθῆναι
2747 5075 3103 5148 ζηλοτυπίαν,
3135 5075 3234 5128 οὐκ
3255 5073 3403 5128 ἐστιν
3435 5073 3605 5143 ἀλγῆ-

1933 5187 2024 5222 σαι
2052 5165 2512 5238 διαφθονουμένην
2540 5165 2704 5237 ἐτέρᾳ
2732 5163 2952 5234 γυναικὶ
2981 5163 3058 5227 ὡς
3090 5162 3458 5234 λαμπροτέρῳ
3485 5179 3607 5215 συν·

1935 5255 2240 5326 εζευγμένῃ
2263 5255 2440 5326 ἀνδρί.
2479 5254 2553 5308 Οὐ
2584 5254 2693 5325 γάρ
2726 5254 2874 5306 ἐστιν
2914 5254 3098 5322 ὅμοιος
3133 5251 3281 5320 αὑτῷ
3327 5249 3447 5303 οὐδὲ
3488 5251 3604 5312 ῐσος

1934 5344 2130 5408 οὐδεὶς,
2166 5343 2279 5397 ἀλλ’
2322 5343 2443 5397 οὐδέ
2486 5343 2624 5396 κατά
2662 5341 2860 5412 μικρὸν
2901 5340 3103 5408 ἐγγύς·
3149 5341 3207 5392 ἐν
3239 5338 3296 5390 δέ
3325 5337 3402 5407 τῷ
3440 5337 3606 5407 γάμῳ

1936 5431 2040 5484 κάν
2083 5430 2192 5484 τῶν
2228 5425 2432 5501 σφόδρα
2465 5430 2840 5483 πλουτούντων
2888 5428 2981 5481 καὶ
3036 5426 3250 5496 μεγάλα
3288 5424 3605 5494 δυναμένων

1935 5519 2032 5588 ἔχῃ
2081 5535 2168 5581 τις
2221 5516 2410 5588 ἄνδρα,
2448 5517 2562 5570 ἀλλ’
2616 5517 2767 5586 ὅμως
2809 5512 3011 5568 δύναιτ’
3053 5511 3120 5565 ἂν
3172 5511 3366 5582 ἑτέραν
3423 5507 3606 5578 εὑρεῖν

1937 5605 2116 5677 πολλῷ
2161 5604 2384 5676 μείζονα
2414 5604 2663 5674 ἔχουσαν.
2692 5605 2805 5674 Οὐχ
2849 5602 2924 5663 ὼς
2966 5599 3126 5670 ἔτυχε
3160 5598 3218 5652 δέ
3263 5597 3476 5652 ἐλαττοῖ
3507 5594 3607 5665 τὴν

2002 5720 2030 5760 ιι
2051 5720 2223 5770 Morel.
2248 5727 2302 5770 et
2320 5719 2471 5769 Savil.
2501 5720 2549 5768 in
2575 5725 2716 5768 textu
2739 5717 3131 5781 προπεμπόντων,
3153 5715 3280 5780 Reg.
3303 5719 3355 5766 et
3379 5714 3532 5767 Savil.
3559 5710 3611 5761 ill

1934 5798 1982 5834 m
1999 5797 2088 5857 Erg;
2113 5783 2558 5857 προπεμπέτωσαν.-

1999 5846 2017 5869 ⁹
2046 5842 2177 5905 Βίης.
2200 5842 2308 5899 τοὺς
2341 5842 2672 5899 συνοικοῦντας
2691 5842 2833 5906 αὐτῇ.

3173 5925 3214 5987 4
