3884 6214
268 222 367 280 581

269 341 334 394 ἐκ
362 337 463 407 τῆς
487 333 597 388 τῶν
626 332 863 406 ἡττόνων
899 332 1174 405 ὑπεροχῆς
1203 334 1399 406 ἡδονὴν
1432 335 1465 405 ή
1490 333 1599 387 τῶν
1629 333 1892 404 μειζόνων
1914 343 1940 371 ι

268 414 567 486 ὑπερϐολή.
607 412 748 466 Ἀλλ’
792 414 826 483 ή
866 411 1034 483 πολλὴ
1077 413 1257 484 τρυφὴ
1285 414 1395 467 τῶν
1441 412 1680 483 χρυσίων
1711 412 1803 467 καὶ
1835 408 1943 464 τῶν

269 494 503 566 ἱματίων
530 494 623 547 καί
660 492 762 562 τῆς
797 491 1074 562 τραπέζης
1103 492 1196 545 καὶ
1223 493 1326 563 τῆς
1355 492 1520 563 ἄλλης
1565 492 1750 557 ἀδείας
1786 493 1945 563 ἰκανὴ

269 572 521 628 δελεάσαι
567 571 745 641 ψυχὴν
776 569 870 623 καὶ
905 570 1345 639 ἐφελκύσασθαις
1385 573 1495 625 Kal
1525 572 1690 625 πόσαι
1738 570 1945 625 τούτων

268 650 604 706 ἀπολαύουσι
636 652 928 715 γυναῖκες;
963 651 1022 702 τὸ
1067 651 1174 723 7&9
1208 650 1458 705 πλεῖστον
1487 650 1594 705 τῶν
1641 650 1945 722 ἀνθρώπων

272 730 439 803 μέρος
471 729 633 800 πενίᾳ
667 726 801 798 συζῇ
848 730 940 781 καὶ
987 729 1390 801 ταλαιπωρίαις
1424 732 1520 785 καὶ
1557 732 1763 794 πόνοις.
1798 732 1858 783 Εἰ
1887 729 1945 783 δέ

269 825 415 872 τινες
444 803 551 860 εἶεν
576 808 632 859 αί
662 804 882 882 τούτων
902 808 1248 879 μετέχουσαι,
1284 810 1488 882 σφόδρα
1520 812 1620 882 μέν
1644 809 1822 879 ὀλίγαι
1852 809 1947 863 καὶ

270 884 651 956 εὐαρίθμητοι,
683 885 775 936 καὶ
821 880 981 939 αὗται
1023 887 1081 941 δὲ
1123 889 1277 961 παρά
1319 888 1380 941 τὸ
1421 880 1669 960 τῴθεῷ
1715 887 1943 943 δοκοῦν·

269 965 444 1019 οὐδενὶ
467 964 576 1036 γὰρ
606 964 817 1033 ἐφίεται
849 966 908 1018 ἐν
936 965 1148 1031 τούτοις
1172 969 1404 1039 τρυφᾷν,
1427 968 1503 1032 ὼς
1541 970 1634 1021 καὶ
1661 966 1947 1031 ἀπεδείξα-

273 1060 374 1113 μεν
399 1044 456 1095 ἐν
483 1045 596 1105 τοῖς
624 1043 861 1115 πρόσθεν
888 1044 1069 1113 λόγοις
1093 1045 1141 1098 ι».

323 1136 445 1192 ΞΝ.
462 1138 608 1210 Πλὴν
618 1139 755 1192 ἀλλά
769 1139 952 1210 θῶμεν
972 1141 1134 1193 πάλιν
1149 1139 1381 1211 τῷλόγῳ
1396 1141 1491 1193 καὶ
1508 1140 1711 1210 ταύτην
1728 1159 1945 1213 συγχω-

274 1218 487 1285 ρεῖσθαι
516 1218 616 1288 τὴν
642 1219 875 1290 τρυφὴν,
913 1219 1007 1272 καὶ
1048 1220 1183 1290 μήτε
1217 1219 1309 1272 τὸν
1338 1221 1647 1291 προφήτην,
1683 1222 1821 1293 μήτε
1853 1220 1945 1274 τὸν

270 1294 486 1350 Παῦλον
502 1295 908 1366 ἀπεχθάνεσθαι
931 1297 1068 1369 πρὸς
1086 1300 1191 1361 τάς
1213 1296 1480 1368 χλιδώσας
1498 1299 1607 1351 τῶν
1630 1299 1910 1366 γυναικῶν
1930 1320 1944 1335 ·

268 1374 323 1426 τί
357 1374 419 1427 τὸ
453 1374 645 1443 ὄφελος
682 1376 790 1429 τῶν
825 1375 1034 1430 πολλῶν
1060 1376 1339 1447 χρυσίων;
1380 1377 1609 1449 Ἕτερον
1643 1378 1741 1448 μέν
1769 1378 1943 1447 οὐδὲν,

273 1453 542 1522 βασκανία
580 1452 636 1506 δὲ
669 1456 763 1508 καὶ
796 1456 1019 1526 φροντὶς
1070 1456 1168 1508 καὶ
1214 1456 1379 1525 φόόος
1418 1458 1517 1526 οὐχ
1560 1458 1588 1509 ό
1615 1456 1813 1526 τυχών.
1869 1459 1944 1512 Ού

270 1532 380 1603 γὰρ
413 1532 575 1604 μόνον
608 1533 738 1588 ὅταν
778 1537 856 1598 είς
883 1536 943 1588 τὸ
977 1534 1232 1589 κιϐώτιον
1262 1536 1404 1590 αὐτὰ
1453 1536 1788 1601 ἀποθῶνται,
1824 1538 1946 1592 οὐδὲ

271 1614 466 1676 νυκτὸς
517 1613 935 1684 καταλαϐούσης
978 1616 1138 1687 μόνον
1175 1614 1539 1688 ταράττονται
1574 1619 1693 1680 ταῖς
1727 1617 1946 1687 φροντί-

271 1707 378 1771 σιν,
407 1693 542 1747 ἀλλά
569 1695 663 1747 καὶ
690 1695 817 1749 ὅταν
846 1695 986 1749 αὺτά
1013 1696 1377 1767 περικέωνται
1401 1707 1451 1761 ε,
1481 1697 1575 1749 καὶ
1602 1697 1731 1749 ὅταν
1762 1697 1947 1771 ἡμέρα

268 1766 327 1844 ἦν
359 1771 458 1842 τὴν
496 1773 667 1843 αὐτὴν
699 1774 1033 1845 ὑπομένουσι
1079 1766 1372 1847 μέριμναν,
1409 1776 1610 1846 μᾶλλον
1635 1777 1693 1830 δέ
1724 1766 1818 1830 καί
1850 1766 1949 1848 χα-

269 1849 608 1924 λεπωτέραν.
642 1853 752 1907 Καὶ
790 1852 897 1925 7&9
925 1854 984 1908 ἐν
1008 1854 1316 1924 βαλανείοις
1359 1855 1455 1908 καὶ
1484 1854 1805 1926 ἐκκλησίαις
1838 1874 1946 1910 πα-

273 1930 585 2001 ραγίνονται
611 1932 669 1984 αἰ
692 1932 763 1986 τὰ
796 1932 1021 1987 τοιαῦτα
1049 1932 1201 2005 [520]
1230 1934 1634 2005 κακουργοῦσαι
1654 1938 1945 2004 γυναῖκες’

272 2009 543 2063 κάκείνων
566 2010 624 2063 δέ
649 2010 910 2075 πολλάκις
957 2012 1127 2082 χωρὶς
1165 2013 1270 2065 ὑπὸ
1296 2012 1389 2064 τοῦ
1427 2014 1665 2083 πλήθους
1700 2013 1948 2085 ὠθούμε-

272 2104 361 2140 ναι
388 2087 481 2140 καί
521 2087 844 2159 πιεζόμεναι
872 2091 929 2142 αί
976 2090 1414 2161 χρυσοφορούσαι
1444 2091 1568 2144 οὑδέ
1600 2092 1947 2147 αἰσθάνονται

275 2165 600 2231 ἐκπεσόντος
634 2166 827 2231 αὐταῖς
855 2165 962 2220 τῶν
994 2168 1235 2238 χρυσίων
1268 2169 1436 2232 τινός.
1465 2169 1625 2223 υῦτω
1663 2171 1793 2239 γοῦν
1820 2170 1950 2224 πολ-

272 2244 363 2300 λαὶ
395 2246 456 2298 ού
486 2243 658 2299 ταῦτα
678 2245 870 2316 μόνον,
911 2245 1049 2299 ἀλλά
1079 2246 1260 2318 πολλῷ
1287 2248 1493 2301 τούτων
1535 2248 1615 2302 ἐτι
1645 2248 1950 2321 τιμιώτερα

275 2322 598 2396 περιδέραια
627 2320 740 2377 ἀπὸ
758 2323 959 2394 τιμίων
986 2325 1321 2398 συγκείμενα
1352 2326 1515 2380 λίθων
1544 2326 1948 2381 διασπασθέντα

275 2404 371 2458 καί¹
396 2402 702 2458 ἐκπεσόντα
725 2403 1039 2459 ἀπώλεσαν.

326 2499 446 2555 ΞΒ.
464 2501 611 2573 Πλὴν
628 2499 766 2555 ἀλλά
789 2500 924 2573 μηδὲ
948 2494 1105 2565 οὗτος
1121 2502 1261 2556 έστω
1287 2504 1315 2556 ό
1333 2502 1517 2572 φόϐος,
1536 2502 1673 2557 ἀλλά
1686 2504 1780 2558 καὶ
1807 2502 1947 2575 αὕτη

276 2579 560 2653 ἐξῃρήσθω
614 2581 648 2650 ή
690 2581 942 2652 φροντὶς,
994 2582 1047 2635 τί
1087 2582 1150 2635 τὸ
1192 2581 1419 2651 ὑφελος;
1468 2577 1621 2635 Εἷδεν
1660 2580 1688 2621 ιι
1733 2581 1947 2652 ἕτερος,

276 2659 431 2728 φησὶ,
457 2657 553 2710 καὶ
594 2657 924 2729 ἐθαύμασεν.
964 2659 1126 2713 Ἀλλά
1155 2662 1216 2713 οὐ
1245 2661 1343 2730 τὴν
1375 2663 1783 2731 περικειμένην,
1811 2660 1948 2715 ἀλλά

274 2736 344 2790 τὰ
382 2736 764 2807 περικείμενα,
792 2738 1010 2808 ἐκείνην
1036 2737 1093 2792 δέ
1121 2739 1208 2793 διά
1231 2739 1405 2792 ταῦτα
1438 2741 1533 2793 καὶ
1567 2741 1794 2794 ἐκάκισε
1829 2739 1951 2794 πολ-

275 2816 455 2884 λάκις,
484 2815 671 2890 ὥσπερ
694 2818 845 2890 παρὰ
871 2819 972 2890 τὴν
999 2817 1157 2884 ἀξίαν
1185 2818 1572 2889 κοσμουμένην
1602 2819 1809 2882 αὐτοῖς.
1852 2820 1949 2872 Ἂν

279 2895 379 2967 μὲν
415 2896 524 2967 7&9
562 2895 840 2969 εὔμορφος
885 2892 944 2973 ᾖ,
988 2897 1312 2968 λυμαίνεται
1354 2896 1434 2967 τῷ
1467 2898 1657 2951 κάλλει
1695 2897 1795 2969 τῆς
1848 2897 1950 2967 φύ-

276 2991 445 3039 σεωςο
484 2977 513 3028 ὁ
553 2975 724 3040 πολὺς
772 2977 884 3049 γὰρ
922 2977 1131 3048 κόσμος
1177 2978 1385 3040 ἐκεῖνος
1413 2977 1515 3030 οὐκ
1553 2977 1779 3047 ἀφίησιν
1818 2977 1950 3030 αὐτὸ

276 3054 564 3123 φαίνεσθαι
606 3054 816 3125 γυμνὸν
845 3054 907 3108 τὸ
935 3056 1188 3109 πλεῖστον
1211 3053 1377 3108 αὐτοῦ
1412 3056 1579 3125 μέρος
1604 3053 1950 3126 ἀφαιρούμεο

278 3149 370 3195 νος
401 3143 455 3171 ο·
495 3132 591 3186 ἐὰν
638 3132 696 3186 δέ
738 3134 986 3205 ἄμορφος
1087 3133 1183 3187 καὶ
1226 3134 1495 3207 δυσειδὴς,
1540 3134 1950 3207 ἀτερπεστέραν

275 3210 562 3277 ἀπέδειξεν
606 3211 751 3265 οῦτω
793 3213 990 3282 μᾶλλον
1030 3213 1220 3284 αὑτήν.
1281 3214 1347 3266 Ἠ
1377 3213 1486 3283 7&9
1529 3214 1777 3285 ἀμορφία
1810 3230 1949 3268 παν-

271 3288 440 3359 ταχοῦ
489 3289 612 3342 καθ’
656 3290 855 3361 ἐαυτὴν
895 3292 993 3361 μὲν
1045 3292 1347 3362 φαινομένη
1379 3293 1504 3346 ὅσον
1543 3293 1662 3345 ἐστὶ
1696 3291 1951 3362 φαίνεται

278 3367 469 3437 μόνον’
505 3368 632 3420 ὅταν
673 3367 731 3421 δὲ
770 3368 907 3439 αὐτῇ
962 3367 1381 3440 παραϐάλληται
1419 3368 1585 3441 λίθων
1623 3370 1950 3441 λαμπρότης

274 3431 368 3502 καὶ
403 3446 598 3517 ἐτέρας
638 3446 783 3510 τινὸς
804 3431 934 3515 ὕλης
971 3431 1187 3513 κάλλος,
1213 3431 1543 3501 ἐπιτείνετιῖι
1572 3449 1653 3512 εἰς
1682 3431 1951 3503 δυσειδίαν

278 3527 560 3597 μειζόνως.
589 3526 663 3578 Τό
698 3542 755 3577 τε
795 3525 906 3597 7&9
938 3526 1032 3579 τοῦ
1064 3526 1317 3598 σώματος
1346 3526 1517 3597 μέλαν
1540 3526 1722 3598 πολλῷ
1754 3527 1952 3598 μελάν-

273 3622 432 3676 τερον
477 3604 750 3658 δείκνυσιν
792 3605 1141 3676 ἐπικείμενον
1193 3605 1287 3659 τοῦ
1335 3606 1680 3676 μαργαρίτου
1728 3606 1789 3660 τὸ
1834 3607 1951 3676 φῶς

273 3685 367 3737 καὶ
422 3682 612 3753 ὥσπερ
654 3683 712 3735 ἐν
754 3683 932 3754 σκότῳ
978 3684 1224 3747 στίλϐον,
1275 3684 1337 3738 τό
1395 3702 1455 3738 τε
1510 3685 1606 3739 τοῦ
1652 3685 1949 3757 προσώπου

274 3761 704 3816 δυσδιάπλαστον
741 3762 811 3814 τά
835 3762 943 3814 τῶν
981 3763 1214 3831 ἱματίων
1238 3762 1373 3834 ἀνθη
1413 3763 1547 3818 πολὺ
1588 3765 1783 3819 κάκιον
1813 3765 1945 3818 ἀπο-

273 3842 477 3910 φαίνει,
511 3841 610 3894 ούκ
646 3841 875 3911 ἀφιέντα
907 3842 1031 3895 καθ’
1077 3842 1271 3897 ἐαυτὸν
1297 3843 1665 3911 ἀγωνίζεσθαι
1716 3845 1810 3898 τὸν
1848 3844 1950 3916 τῆς

270 3919 448 3989 Mm»;
478 3918 649 3972 τύπον
692 3920 844 3992 παρά
872 3922 985 3983 τοῖς
1026 3921 1271 3987 θεαταῖς,
1314 3922 1453 3976 ἀλλὰ
1488 3922 1625 3992 πρὸς
1651 3922 1714 3976 τὸ
1763 3940 1949 3995 χειρο-

274 4000 498 4072 ποίητον
544 4000 719 4054 ἐκεῖνο
748 4000 843 4054 καὶ
896 4001 1182 4072 ἀμήχανον
1232 4002 1453 4066 κάλλος,
1491 4001 1615 4055 ὅθεν
1661 4003 1694 4073 ή
1744 4001 1950 4073 μείζων

269 4076 411 4150 ἧττα
454 4079 684 4147 γίνεται.
742 4079 801 4133 '0
848 4078 958 4151 7&9
996 4080 1397 4155 διεσπαρμένος
1450 4079 1509 4132 ἐν
1551 4084 1666 4143 τοῖς
1712 4082 1952 4150 ἱματίοις

271 4157 493 4227 χρυσὸς,
538 4158 633 4209 καὶ
675 4159 707 4226 ἡ
740 4156 909 4225 πολλὴ
932 4157 1042 4209 τῶν
1062 4158 1135 4212 τά
1162 4158 1389 4211 τοιαῦτα
1420 4158 1807 4228 ἐργαζομένων
1837 4177 1953 4213 ποι-

272 4235 441 4297 κιλία,
492 4235 587 4287 καὶ
619 4234 647 4285 ὁ
686 4234 873 4297 λοιπὸς
915 4235 1119 4304 κόσμος
1158 4235 1326 4299 ἀπας,
1364 4236 1617 4307 καθάπερ
1660 4254 1746 4300 τις
1780 4238 1952 4307 ἀθλη-

270 4315 370 4385 τὴς
411 4313 660 4380 γενναῖος
692 4310 932 4365 εύεκτῶν
967 4303 1061 4366 καὶ
1094 4314 1342 4385 σφριγῶν
1376 4303 1663 4384 ψωραλέον
1700 4314 1822 4368 τινά
1857 4303 1951 4369 κᾶὶ

271 4392 496 4464 αἰσχρὸν
534 4393 631 4444 καὶ
671 4390 1011 4461 λιμώττοντα
1044 4393 1443 4462 παρωσάμενος
1512 4392 1949 4464 ἀνταγωνιστὴν,

272 4471 416 4525 οὑτω
442 4470 542 4542 τὴν
574 4469 667 4522 τοῦ
699 4466 994 4538 προσώπου
1026 4469 1183 4534 δόξαν
1208 4470 1305 4541 τῆς
1346 4470 1744 4541 περικειμένης
1776 4488 1951 4526 κατα-

272 4548 451 4604 ϐαλὼν
477 4550 615 4621 πρὸς
628 4549 831 4604 ἐαυτὸν
865 4548 1163 4603 ἐπισπᾶται
1189 4549 1318 4612 τοὺς
1347 4547 1571 4612 θεατάς,
1604 4549 1820 4620 ἐκείνην
1849 4548 1951 4619 μὲν

272 4628 676 4711 καταγελᾶσθαι
702 4626 987 4711 μειζόνως,
1018 4627 1196 4681 ἀὑτὸν
1221 4626 1280 4680 δὲ
1313 4626 1432 4698 μεθ’
1471 4626 1780 4701 ὑπερϐολῆς
1814 4627 1951 4681 θαυ-

275 4708 541 4779 μάζεσθαι
582 4705 1044 4777 παρασκευάζων.

340 4804 458 4859 ΞΡ.
493 4804 632 4857 Ἀλλ’
665 4803 766 4874 οὐχ
791 4803 821 4855 ὁ
852 4803 955 4873 τῆς
989 4801 1290 4875 παρθενίας
1328 4801 1535 4874 κόσμος
1566 4800 1831 4866 τοιοῦτος.
1868 4800 1948 4857 Οὐ

270 4883 384 4956 γὰρ
398 4882 715 4952 λυμαίνεται
731 4883 798 4953 τῇ
816 4897 883 4934 πε
890 4897 1033 4953 ρικει
1040 4882 1198 4954 μένῃ,
1213 4880 1402 4953 ἐπειδὴ
1424 4881 1548 4953 μηδ’
1565 4880 1684 4934 ἐστι
1709 4897 1953 4952 σωματι-

270 4962 389 5027 κὺς,
421 4959 559 5015 ἀλλά
583 4959 685 5031 τῆς
714 4959 896 5032 ψυχῆς
923 4960 1069 5024 ὅλος*
1107 4960 1205 5015 καὶ
1231 4959 1325 5015 διά
1350 4959 1532 5022 τοῦτο.
1567 4961 1635 5015 ἀν
1673 4977 1733 5013 τε
1772 4960 1952 5013 δυσει-

269 5040 366 5113 δῂς
392 5036 449 5115 ᾖ,
482 5037 747 5112 μετέϐαλε
770 5039 869 5112 τὴν
890 5038 1159 5095 δυσειδίαν
1195 5039 1402 5104 εὐθέως
1426 5039 1625 5102 κάλλος
1650 5038 1899 5111 περιθεὶς
1926 5036 1947 5077 ι

271 5119 576 5192 ἀμήχανόν,
603 5116 668 5173 ἀν
684 5135 743 5172 τε
760 5117 943 5190 ὡραία
973 5120 1070 5172 καὶ
1092 5118 1319 5190 φαιδρὰ,
1338 5118 1736 5191 λαμπροτέραν
1755 5115 1953 5189 εἰργά-

334 5303 522 5372 ⁸Ᾱιζρι
551 5306 789 5372 ὑπεροχὴν
816 5307 862 5372 ﬁ
891 5304 1034 5372 δόξαν
1064 5305 1252 5372 ἡητῶν.
1274 5306 1405 5372 μειζ.
1442 5300 1571 5372 Infra
1609 5301 1734 5372 Rgg.
1770 5299 1952 5372 τούτων

612 5357 1067 5418 οῖὶίῖίπολάύουσαι.
1087 5357 1215 5415 ’Μοι
1238 5357 1382 5414 idem?
1395 5364 1577 5420 πενίαις
1598 5357 1716 5426 συζῇ
1738 5363 1820 5411 καὶ
1865 5378 1954 5410 τα-

272 5424 550 5496 λαιπωρίαις
568 5431 650 5496 καί
669 5430 855 5496 κόποις.
953 5488 990 5496 _
1060 5489 1073 5496 _
1223 5486 1284 5496 ,,,
1390 5488 1437 5496 -
1472 5484 1495 5496 ..

338 5488 367 5556 ζ’
393 5486 513 5556 [ὣς.
528 5492 755 5556 πρότερον
765 5490 942 5551 λόγοις.
953 5488 1110 5539 Paulo
1126 5491 1241 5550 post
1252 5486 1377 5548 Reg.
1390 5486 1585 5536 Παῦλον
1602 5486 1952 5551 ἀποφήνασθαι.

337 5553 363 5617 ‘_
391 5552 498 5617 [ἰοᾷ
538 5552 906 5617 περικεῇξσονται]

336 5609 366 5689 ς
389 5609 509 5689 ﬂag}
536 5615 583 5689 τί
605 5609 671 5662 ’τό
690 5614 857 5689 ὄφελος
878 5613 933 5660 ἐκ
982 5609 1039 5658 οῦ
1058 5610 1399 5673 χρυσοφορεῖις
1421 5609 1558 5658 είδει.

335 5674 365 5738 '_
389 5673 509 5738 Beg-
528 5673 892 5738 ἀποφερόμεγης-

321 5730 671 5851 0(.8Ic'ci9linie
686 5730 839 5786 'Saivil.
862 5771 874 5795 ,
895 5732 1093 5797 περιθείς
1111 5732 1173 5783 ad
1194 5732 1375 5790 κόσμος
1396 5731 1636 5783 referens.
1662 5730 1829 5781 Momf.
1857 5748 1943 5781 πι-

350 5814 471 5850 eum
539 5810 629 5846 οιτ.

277 5810 471 5866 ριθεισα.
500 5810 629 5847 ινιτ.

1123 217 1181 275 S.
1215 216 1505 275 JOANNIS
1536 213 2035 275 CIIRYSOSTOMI
2076 210 2399 270 ARCHIEP.
2441 207 2998 268 CONSTAN'I‘INOP.

3616 207 3726 263 582

2054 346 2205 384 σατο.
2241 329 2314 381 ού
2350 327 2459 399 7&9
2493 327 2632 381 λίθοι
2657 327 2754 382 καὶ
2796 325 3020 396 χρυσὸς,
3051 323 3174 378 οὐδὲ
3225 322 3461 396 ἱματίων
3487 320 3717 376 πολυτέ-

2047 411 2187 476 λεια,
2215 409 2337 464 ούδέ
2368 410 2676 481 χρωμάτων
2700 409 2967 479 πολυτελῆ
2999 407 3135 479 ἄνθη
3157 407 3413 479 διάφορα,
3440 406 3562 460 οὐδὲ
3591 405 3721 461 ἀλλο

2044 489 2288 543 τοιοῦτον
2318 490 2472 543 οὐδὲν
2492 489 2601 542 τῶν
2632 487 2889 558 φθαρτῶν
2920 486 3144 541 ἐκείνων
3174 489 3370 556 κοσμεῖ
3390 484 3492 549 τὰς
3515 484 3718 556 ψυχὰς,

2046 568 2161 622 ἀλλ’
2191 569 2313 623 ἀντὶ
2344 567 2551 622 τούτων
2589 570 2857 638 νηστείαι,
2891 566 3215 637 παννυχίδες
3247 566 3411 636 ἱεραὶ,
3445 565 3718 636 πραότης,

2047 649 2337 711 ἐπιείκεια,
2375 649 2554 724 πενία,
2603 646 2843 718 ἀνδρεία,
2890 644 3383 717 ταπεινοφροσύνη,
3429 642 3717 715 καρτερία,

2048 726 2265 782 πάντων
2285 727 2474 791 ἀπλῶς
2501 726 2611 781 τῶν
2634 728 2692 781 ἐν
2721 726 2800 797 τῷ
2825 725 3053 797 παρόντι
3083 724 3184 796 βίῳ
3200 724 3542 796 πραγμάτων
3555 724 3720 793 ὑπερ-

2046 806 2197 875 οψία.
2254 809 2364 860 Καὶ
2414 798 2523 877 7&9
2573 805 2852 877 ὀφθαλμὸς
2884 804 3023 876 αὐτῇ
3073 803 3216 857 οὓτω
3260 804 3357 873 μὲν
3402 803 3569 866 καλὸς
3620 802 3719 854 καὶ

2047 886 2347 959 εὐπρεπὴς,
2376 886 2450 949 ώς
2482 886 2603 940 ἀντὶ
2632 884 2935 956 ἀνθρώπων
2967 883 3067 946 τὰς
3099 882 3425 953 ἀσωμάτους
3457 882 3717 953 δυνάμεις

2048 966 2142 1017 καὶ
2171 965 2263 1017 τὸν
2290 964 2497 1017 τούτων
2531 963 2811 1033 Δεσπότην
2846 962 2991 1033 ἔχειν
3031 962 3302 1033 ἐραστήν
3346 962 3489 1015 οὕτω
3517 961 3573 1013 δέ
3613 977 3718 1012 κα-

2047 1042 2214 1113 θαρὸς
2243 1045 2337 1097 καὶ
2364 1043 2584 1114 διειδὴς,
2603 1043 2678 1107 ὡς
2704 1044 2826 1095 ἀντὶ¹
2852 1041 2963 1094 τῶν
2995 1040 3323 1110 σωματικῶν
3351 1041 3419 1093 τὰ
3447 1039 3718 1109 ἀσώματα

2048 1122 2217 1190 κάλλη
2243 1121 2505 1176 δύνασθαι
2539 1122 2781 1193 καθορᾷν
2800 1138 2815 1152 ·
2845 1120 2989 1172 οὑτω
3016 1119 3072 1172 δὲ
3106 1119 3313 1191 ἥμερος
3336 1121 3431 1173 καὶ
3458 1118 3715 1187 γαληνὸς,

2046 1199 2123 1262 ὡς
2154 1201 2290 1270 μηδὲ
2330 1201 2467 1272 πρὸς
2491 1202 2618 1264 τοὺς
2650 1200 2971 1263 ἀδικοῦντας
3003 1199 3098 1251 καὶ
3145 1199 3386 1269 συνεχῶς
3413 1197 3719 1260 λυποῦντας

2048 1280 2355 1351 ἀγριαίνειν
2393 1281 2490 1332 καὶ
2534 1278 2929 1341 διανίστασθαι,
2975 1276 3111 1331 ἀλλά
3162 1279 3256 1330 καὶ
3302 1279 3440 1349 πρὸς
3488 1276 3716 1339 τούτους

2049 1359 2147 1431 ήδὺ
2178 1360 2273 1413 καὶ
2314 1360 2555 1431 μείλιχον
2588 1368 2614 1406 ε
2648 1360 2802 1431 δρᾷν.
2851 1356 3162 1428 Κοσμιότης
3209 1356 3267 1411 δὲ
3309 1359 3447 1427 αὐτῇ
3477 1356 3717 1423 τοσαύτη

2049 1440 2379 1511 περίκειται,
2427 1443 2502 1503 ὡς
2543 1439 2639 1493 καὶ
2677 1440 2802 1501 τοὺς
2846 1436 3177 1499 ἀκολάστους
3225 1436 3577 1507 αἰσχύνεσθαι
3622 1434 3717 1488 καί⁵

2048 1519 2306 1590 ἐρυθριᾷν
2338 1520 2559 1589 καὶτῆς
2607 1518 2817 1581 οἰκείας
2858 1516 3116 1575 ἐνδιδόναι
3164 1516 3381 1585 μανίας,
3413 1517 3541 1569 ὅταν
3579 1513 3718 1585 πρὸς

2049 1597 2219 1669 αὐτὴν
2256 1598 2438 1651 ἴδωσιν
2471 1597 2734 1670 ἀκριϐῶς.
2773 1596 2983 1667 ’Ὠσπερ
3014 1593 3073 1649 δὲ
3102 1596 3324 1670 γυναικὶ
3374 1594 3578 1666 κοσμία
3617 1594 3718 1662 τὴν

2047 1676 2476 1748 διακονουμένην
2506 1676 2843 1749 θεράπαιναν
2874 1676 2969 1728 καὶ
2993 1674 3165 1744 αὐτὴν
3185 1669 3326 1727 εἶναι
3351 1674 3503 1746 [521]
3538 1672 3720 1726 τοιαύ-

2049 1775 2149 1827 την
2196 1758 2433 1827 ἀνάγκη,
2471 1757 2575 1810 κᾶν
2632 1756 2706 1827 μὴ
2746 1755 3031 1826 βούληταιο
3064 1753 3209 1807 οὕτω
3246 1755 3341 1808 καὶ
3388 1754 3485 1825 τὴν
3538 1753 3720 1823 σάρκα

2049 1837 2147 1907 τῆς
2162 1835 2303 1889 οὑτω
2328 1834 2722 1904 φιλοσοφούσης
2749 1833 2927 1903 ψυχῆς
2953 1833 3088 1904 πρὸς
3115 1833 3184 1885 τά
3206 1833 3420 1903 ἐκείνης
3441 1834 3722 1902 κινήματα

2050 1913 2254 1977 καὶτὰς
2274 1915 2482 1977 οἰκείας
2507 1912 2720 1980 ἀνάγκη
2739 1911 3021 1983 ῥυθμίζειν
3050 1911 3248 1981 ὁρμάς.
3269 1912 3378 1964 Καὶ
3393 1910 3503 1981 7&9
3519 1907 3723 1978 ὀφθαλ-

2053 1992 2171 2063 μὸς,
2223 1994 2318 2047 καὶ
2371 1994 2587 2061 γλῶττα
2611 2032 2625 2056 ,
2663 1993 2758 2044 καὶ
2795 1990 2983 2061 σχῆμα
3002 2033 3015 2053 ,
3046 1992 3140 2043 καί
3170 1990 3396 2061 βάδισις.
3422 1990 3518 2043 καὶ
3544 1990 3725 2043 πάντα

2050 2070 2237 2134 ἁπλῶς
2280 2073 2416 2143 πρὸς
2446 2073 2544 2142 τὴν
2591 2071 2739 2124 ἔνδον
2782 2070 3034 2136 εὐταξίαν
3085 2070 3585 2143 χαρακτηρίζεται·
3626 2070 3727 2123 καὶ

2052 2151 2303 2223 καθάπερ
2331 2152 2502 2224 μύρον
2536 2150 2857 2222 βαρύτιμον,
2883 2149 2986 2203 κᾶν
3015 2150 3095 2213 εἰς
3134 2150 3304 2218 ἄγγος
3338 2150 3723 2220 ἀποκλείηται,

2050 2231 2142 2285 τὸν
2170 2231 2308 2303 ἀέρα
2340 2232 2438 2303 τῆς
2463 2232 2669 2295 οἰκείας
2702 2229 3027 2301 ἀναχρῶσαν
3064 2229 3311 2293 εὐωδίας,
3340 2230 3400 2283 οὐ
3423 2231 3548 2293 τοὺς
3573 2230 3727 2283 ἔνδον

2052 2312 2147 2364 καὶ
2177 2310 2405 2382 πλησίον
2429 2310 2673 2374 ἑστῶτας
2705 2309 2887 2379 μόνον,
2924 2307 3060 2362 ἀλλά
3091 2308 3187 2361 καί⁵
3220 2309 3347 2372 τοὺς
3373 2308 3478 2375 ἔξω
3511 2310 3727 2374 πάντας

2052 2390 2357 2461 ἐμπίπλησι
2387 2390 2486 2461 τῆς
2510 2390 2705 2463 ἡδονῆς
2723 2406 2737 2419 ’
2769 2388 2911 2443 οὓτω
2938 2388 3033 2441 καὶ
3061 2389 3094 2457 ή
3128 2388 3226 2457 τῆς
3258 2388 3592 2459 παρθενικῆς
3620 2388 3729 2457 ψυ-

2054 2468 2155 2538 χῆς
2179 2469 2379 2524 εὐωδία
2399 2472 2519 2533 ταῖς
2546 2470 2833 2539 αἰσθήσεσι
2862 2469 3232 2538 περιρρέουσα
3261 2466 3596 2521 ἐνδείκνυται
3622 2467 3729 2538 τὴν

2052 2546 2200 2600 ἔνδον
2237 2548 2609 2619 ἀποκειμένην
2645 2548 2865 2619 ἀρετὴν,
2919 2547 3014 2598 καὶ
3046 2547 3145 2608 τὰς
3185 2547 3393 2616 χρυσᾶς
3428 2545 3528 2615 τῆς
3564 2545 3728 2599 εύκο-

2055 2626 2222 2697 σμίας
2270 2627 2638 2681 ἐπιϐάλλουσα
2687 2628 2848 2679 πᾶσιν
2895 2623 3048 2696 ήνίας
3082 2625 3139 2677 ἐν
3175 2623 3341 2694 πολλῇ
3381 2623 3488 2676 τῶν
3536 2624 3728 2677 ἵππων

2052 2707 2280 2759 ἐκαστον
2303 2706 2573 2777 εὐρυθμίᾳ
2595 2705 2859 2777 διατηρεῖ,
2888 2704 2983 2757 καί
3010 2701 3132 2756 οὔτε
3161 2702 3263 2772 τὴν
3287 2702 3529 2771 γλῶτταν
3560 2703 3728 2773 ἀφίη-

2056 2803 2139 2839 σιν
2175 2784 2387 2855 άπηχές
2431 2801 2486 2836 τι
2531 2785 2627 2837 καὶ
2674 2785 3016 2854 ἀνάρμοστον
3064 2780 3419 2849 φθέγξασθαι,
3471 2780 3595 2834 οὔτε
3629 2780 3727 2835 τὸν

2052 2863 2331 2933 ὀφθαλμὸν
2366 2863 2525 2933 μόνον
2546 2862 2920 2932 ἀναισχύντως
2948 2861 3042 2916 καί
3075 2859 3330 2922 ὑπόπτως
3360 2859 3571 2924 ἐνιδεῖν,
3595 2858 3726 2912 οὕτε

2053 2942 2151 3012 τὴν
2176 2940 2348 3011 ἀκοὴν
2378 2940 2633 3006 δέξασθαί
2659 2959 2709 2993 τι
2738 2941 2848 2993 τῶν
2881 2940 2941 2993 ού
2973 2938 3358 3010 προσηκόντων
3383 2938 3579 3008 μελῶν.
3612 2938 3728 2991 Καὶ

2054 3019 2231 3073 ποδῶν
2259 3020 2316 3072 δέ
2356 3019 2493 3091 αὐτῇ
2528 3020 2714 3091 μέλει,
2773 3019 2915 3072 ὥστε
2969 3019 3044 3090 μὴ
3085 3018 3297 3072 ἄτακτα
3343 3017 3577 3087 βαδίζειν
3624 3019 3728 3071 καὶ

2052 3097 2515 3170 διατεθρυμμένα,
2564 3097 2678 3151 ἀλλ’
2713 3096 2987 3154 ἀπλασιόν
3020 3113 3143 3149 τινα
3181 3097 3274 3150 καὶ
3303 3096 3728 3166 ἀνεπιτήδευτον

2054 3178 2201 3247 ἐχειν
2229 3177 2327 3247 τὴν
2365 3176 2571 3246 βάδισιν
2590 3193 2602 3204 ·
2641 3178 2734 3229 καὶ
2762 3178 2851 3230 τὸν
2887 3176 2993 3229 ἀπὸ
3021 3174 3128 3229 τῶν
3159 3174 3389 3245 ἱματίων
3420 3174 3477 3230 δέ
3506 3174 3724 3228 καλλω-

2055 3260 2257 3330 πισμὸν
2288 3260 2634 3330 περικόψασα
2671 3260 2761 3313 καὶ
2781 3258 2860 3329 τῷ
2883 3257 3162 3328 προσώπῳ
3190 3259 3451 3328 παραινεῖ
3482 3258 3730 3329 συνεχῶς

2056 3339 2130 3410 μὴ
2147 3337 2448 3407 διαχεῖσθαι
2472 3337 2550 3409 τῷ
2568 3338 2785 3407 γέλωτι,
2809 3337 2944 3391 ἀλλά
2975 3337 3111 3409 μηδὲ
3130 3336 3312 3407 ἠρέμα
3341 3338 3572 3408 μειδιᾷν,
3604 3336 3729 3390 ἀλλ’

2053 3416 2367 3471 ἐπισκύνιον
2399 3417 2678 3488 αἰδέσιμον
2724 3418 2811 3470 ἀεὶ
2844 3417 2937 3470 καί
2984 3416 3256 3487 αὐστηρὸν
3288 3416 3724 3480 ἐπιδείκνυσθαι,

2053 3497 2148 3551 καὶ
2191 3496 2330 3566 πρὸς
2360 3496 2571 3567 δάκρυα
2606 3494 3052 3568 παρεσκευάσθαι
3084 3493 3401 3558 διαπαντὸς,
3450 3495 3587 3567 πρὸς
3629 3495 3727 3565 γέο

2052 3576 2199 3629 λωτα
2237 3574 2294 3628 δέ
2331 3574 2621 3646 μηδέποτε.

2123 3704 2239 3761 ΞΝ.
2268 3707 2438 3761 Ὅταν
2476 3706 2533 3760 δέ
2572 3704 2825 3777 δακρύων
2869 3704 3129 3778 ἀκούσῃς,
3161 3703 3325 3777 μηδὲν
3372 3701 3729 3773 ὑποπτεύσῃς

2054 3786 2681 3859 σκυθρωπόψτοσαύτην
2703 3786 2811 3857 7&9
2835 3786 2948 3856 ἔχει
2966 3785 3035 3839 τὰ
3050 3786 3259 3857 δάκρυα
3272 3786 3452 3837 ἐκεῖνα
3474 3783 3573 3853 τὴν
3598 3783 3696 3852 ἡδο
3714 3812 3731 3822 —

2053 3868 2169 3938 νὴν,
2208 3867 2339 3936 ὅσην
2378 3865 2500 3917 ούδέ
2542 3868 2571 3918 ὁ
2603 3864 2777 3932 γέλως
2820 3863 2915 3916 τοῦ
2945 3864 3150 3933 κόσμου
3184 3864 3394 3917 τούτου.
3421 3864 3482 3915 Εἰ
3511 3862 3568 3915 δὲ
3596 3863 3735 3914 ἀπι-

2055 3948 2220 4008 στεῖς,
2242 3945 2475 3999 ἄκουσον
2494 3944 2588 3998 τοῦ
2622 3944 2808 3997 Δουκί
2834 3943 3105 4010 λέγοντος.
3147 3941 3229 3995 ὃτι
3259 3940 3645 4011 μαστιχθέντες
3675 3940 3735 3994 οἱ

2053 4023 2340 4081 ἀπόστολοι
2371 4022 2678 4094 ἀνεχώρουν
2722 4022 2831 4075 ἀπὸ
2865 4020 3158 4093 προσώπου
3176 4020 3270 4073 τοῦ
3303 4019 3580 4091 συνεδρίου
3608 4019 3738 4089 χαί-

2056 4121 2261 4181 ροντες⁹
2301 4104 2478 4158 καίτοι
2504 4121 2567 4173 γε
2599 4104 2662 4156 ού
2684 4102 2907 4181 τοιαύτη
2938 4100 3048 4181 τῶν
3084 4100 3363 4181 μαστίγων
3395 4097 3733 4181 ήφύσιςοῂοὐ

2052 4176 2161 4257 γάρ
2187 4183 2375 4256 ἡδονὴν
2402 4185 2496 4237 καὶ
2511 4200 2578 4253 χα
2589 4184 2705 4253 ράν,
2732 4181 2844 4234 ἀλλ’
2863 4179 3056 4249 ὀδύνην
3085 4180 3177 4233 καὶ
3198 4178 3362 4257 ,πόνον
3394 4176 3733 4250 ἐργάζεσθαι

2054 4256 2262 4320 εἴωθεν.
2308 4263 2505 4332 Ἀλλ“ή
2546 4262 2644 4332 μὲν
2684 4260 2791 4313 τῶν
2824 4260 3105 4329 μαστίγων
3138 4256 3299 4326 φύσις
3323 4258 3384 4310 ού
3413 4257 3657 4327 τοιαύτη,
3688 4258 3733 4328 ἡ

2053 4346 2110 4400 δέ
2150 4345 2229 4406 είς
2254 4341 2489 4414 Χριστὸν
2523 4341 2704 4403 πίστις
2731 4336 2986 4407 τοιαύτη,
3016 4336 3092 4397 ώς
3119 4336 3215 4388 κα)⁵
3239 4338 3340 4406 τῆς
3374 4335 3587 4406 φύσεως
3629 4335 3737 4388 αὺ-

2054 4425 2151 4495 τῆς
2183 4422 2289 4475 τῶν
2338 4421 2682 4491 πραγμάτων
2727 4418 2971 4488 κρατεῖν.
3018 4415 3080 4466 Εἰ
3126 4415 3183 4467 δέ
3228 4416 3490 4495 μάστιγες
3531 4414 3737 4495 ἡδονὴν

2054 4493 2238 4557 ἔτεκον
2269 4500 2355 4555 διά
2400 4501 2491 4555 τὸν
2539 4497 2794 4570 Χριστὸν,
2832 4497 2883 4549 τί
2926 4494 3237 4564 θαυμαστὸν
3259 4494 3284 4533 h
3320 4496 3369 4548 εί
3412 4495 3504 4548 καί
3536 4493 3605 4547 τὰ
3635 4494 3737 4547 δά-

2053 4599 2197 4653 κρυα
2238 4581 2300 4634 τὸ
2334 4580 2465 4634 αὐτὸ
2498 4576 2790 4649 ἐργάζεται
2836 4575 2923 4628 διὰ
2953 4573 3044 4629 τὸν
3092 4574 3285 4653 αὐτόν;
3327 4573 3427 4627 Διά
3468 4573 3626 4627 τοῦτο
3659 4574 3735 4644 ἢν

2056 4652 2247 4731 στενὴν
2291 4660 2387 4712 καὶ
2415 4656 2785 4727 τεθλιμμένην
2829 4653 3088 4707 ἐκάλεσεν
3136 4652 3273 4715 ὁδὸν,
3319 4653 3523 4724 ταύτην
3563 4653 3737 4705 πάλιν

2051 4743 2211 4798 καλεῖ
2238 4744 2333 4795 καὶ
2368 4740 2530 4809 ζυγὸν
2561 4736 2796 4809 χρηστὸν
2838 4737 2933 4790 καὶ
2966 4736 3185 4807 φορτίον
3222 4737 3476 4806 ἐλαφρόν.
3516 4736 3594 4806 Τῇ
3630 4736 3739 4805 μὲν

2054 4828 2162 4900 7&9
2193 4826 2352 4895 φύσει
2385 4824 2447 4877 τὸ
2480 4824 2715 4895 πρᾶγμα
2754 4820 2993 4874 τοιοῦτόν
3030 4822 3176 4883 ἐστι,
3213 4822 3280 4890 τῇ
3307 4818 3363 4873 δέ
3394 4818 3502 4872 τῶν
3530 4836 3739 4890 κατορο

2054 4911 2290 4966 θούντων
2320 4907 2640 4980 προαιρέσει
2668 4907 2764 4959 καί
2789 4907 2910 4968 ταῖς
2941 4903 3121 4956 ἐλπίσι
3146 4904 3270 4965 ταῖς
3300 4902 3565 4973 χρησταῖς
3598 4901 3742 4970 σφό-

2052 4996 2153 5067 δρα
2184 4995 2391 5063 γίνεται
2421 4990 2641 5060 κοῦφον.
2665 4990 2757 5044 Διὸ
2777 4989 2876 5059 τῆς
2892 4986 3204 5060 εύρυχώρου
3224 4987 3318 5039 καὶ
3348 4984 3608 5048 πλατείας
3629 4984 3739 5055 τὴν

2056 5083 2249 5154 στενὴν
2278 5082 2372 5136 καὶ
2407 5078 2778 5149 τεθλιμμένην
2814 5075 2951 5146 μετά
2980 5074 3225 5137 πλείονος
3259 5074 3323 5128 ἀν
3351 5090 3436 5136 τις
3465 5072 3563 5126 ἴδοι
3592 5089 3738 5143 προ-

2055 5166 2255 5237 θυμίας
2283 5163 2566 5226 ὁδεύοντας
2589 5163 2714 5225 τοὺς
2755 5159 3046 5229 ἑλομένους
3077 5157 3271 5228 αὐτὴν,
3298 5157 3357 5210 ού
3392 5156 3479 5209 διά
3524 5155 3603 5237 το
3649 5156 3734 5228 μὴ

2055 5236 2356 5313 θλίϐεσθαι,
2390 5245 2525 5299 ἀλλά
2563 5244 2651 5299 διά
2677 5243 2738 5297 τὸ
2782 5242 2892 5296 τῶν
2944 5241 3178 5311 θλίψεων
3214 5240 3518 5310 ἀνωτέρους
3561 5236 3733 5305 εἶναι,

2054 5333 2150 5387 καὶ
2191 5332 2357 5403 μηδὲν
2386 5332 2616 5402 πάσχειν
2642 5328 2733 5382 ὑπ’
2763 5326 2965 5390 αὐτῶν,
2998 5322 3111 5403 οἷον
3148 5325 3243 5378 καὶ
3276 5325 3401 5386 τοὺς
3425 5321 3617 5385 ἄλλους
3647 5325 3737 5376 εί-

2054 5417 2169 5479 κός.
2192 5400 2357 5485 ’Ἔχει
2383 5414 2482 5486 μὲν
2502 5400 2629 5485 ’γὰρ
2651 5410 2858 5480 θλίψεις
2888 5409 2983 5464 καὶ
3025 5400 3182 5471 οὗτος
3211 5410 3240 5461 ὁ
3278 5406 3410 5477 βίος,
3447 5405 3564 5459 ἀλλ’
3597 5404 3736 5459 ὅταν

2055 5505 2225 5567 αὐτάς
2252 5502 2390 5574 πρὸς
2419 5503 2519 5564 τὰς
2554 5500 2646 5554 τοῦ
2682 5500 2862 5570 γάμου
2899 5495 3331 5569 παραϐάλωμεν,
3362 5492 3483 5547 ούδέ
3520 5489 3738 5562 θλίψεις

2054 5589 2159 5660 χρὴ
2185 5587 2390 5640 καλεῖν.

2122 5736 2146 5773 κ
2175 5733 2296 5794 Reg.
2324 5732 2569 5794 μειλίχιον.

2126 5794 2154 5833 ι
2192 5796 2310 5857 Reg.
2334 5794 2384 5841 τί
2406 5794 2673 5846 θαυμάζεις.
