3886 6222
291 237 397 292 585

293 459 386 512 per
411 459 622 498 omnem
651 445 810 499 vitam
840 446 991 528 virgo
1019 449 1266 514 sustinet,
1289 448 1445 518 quale
1470 462 1607 517 pene
1628 448 1679 502 in
1709 463 1879 504 annos

294 535 483 604 conjux
519 536 793 593 doloribus
828 550 1012 609 partus
1045 555 1106 595 ac
1151 541 1396 596 lamentis
1442 540 1714 596 cruciata?
1746 539 1878 596 Nam

293 632 439 680 tanta
468 635 551 682 est
566 627 683 698 ejus
709 629 977 684 cruciatus
1003 630 1362 697 vehementia,
1396 640 1453 686 ut
1481 645 1648 687 sacrae
1689 631 1877 700 literae,

295 734 414 772 cum
445 721 715 787 exsilium,
748 722 963 787 famem,
996 730 1224 792 pestem,
1255 733 1311 779 et
1341 724 1694 780 intolerabilia
1739 725 1879 779 mala

291 810 574 881 designare
597 813 797 877 volunt,
838 829 898 866 ea
925 816 1105 870 omnia
1131 799 1346 872 dolores
1370 825 1553 887 partus
1582 816 1879 871 nominent.

297 901 435 955 Deus
457 916 668 972 quoque
695 902 748 956 id
771 904 1015 972 supplicii
1047 920 1110 962 ac
1130 905 1517 961 maledictionis
1542 908 1656 962 vice
1673 906 1882 961 mulieri

295 990 566 1061 irrogavit,
599 1007 708 1048 non
746 1009 952 1065 parere,
1004 996 1240 1066 inquam,
1271 996 1365 1051 sed
1403 997 1481 1051 sic
1512 1011 1720 1066 parcre,
1760 1011 1882 1052 cum

297 1085 551 1141 azrnmnis
604 1094 651 1141 et
707 1085 1022 1142 doloribus:
1065 1087 1193 1143 Cum
1246 1089 1422 1143 dolore
1475 1091 1650 1156 enim,
1692 1089 1881 1159 inquit,

296 1175 462 1243 paries
492 1177 627 1243 ﬁlios
655 1175 804 1248 (Gen.
836 1180 888 1232 5-
923 1179 1032 1250 I6).
1065 1180 1136 1234 At
1165 1180 1313 1250 virgo
1341 1180 1406 1234 iis
1445 1179 1576 1234 diris
1598 1195 1664 1236 ac
1697 1179 1886 1236 dolore

301 1267 565 1323 excelsior
598 1279 681 1324 cst
711 1287 726 1324 ς
759 1286 878 1324 nam
909 1272 998 1340 qui
1034 1272 1167 1343 legis
1191 1272 1336 1326 diras
1367 1273 1678 1342 antiquavit,
1708 1281 1764 1328 et
1787 1271 1885 1327 has

301 1373 403 1411 una
425 1359 585 1413 etiam
607 1361 838 1414 sustulit.

375 1447 556 1502 LXVI.
596 1447 885 1505 Jucundius
921 1468 1026 1506 esse
1059 1452 1267 1522 pedibus
1309 1453 1384 1508 ire
1413 1470 1565 1525 quam
1593 1453 1743 1508 mulis
1782 1453 1884 1507 cir-

298 1540 546 1594 cumvehi.
575 1569 648 1581 -
673 1540 779 1596 Sed
811 1542 969 1597 mulis
995 1543 1049 1597 in
1093 1544 1206 1599 foro
1233 1544 1558 1600 circumvehi
1593 1543 1884 1614 jucundum

298 1639 400 1687 est.
423 1630 534 1685 Iino
565 1631 616 1686 id
655 1633 827 1687 inanis
872 1642 1072 1689 tantum
1118 1634 1284 1691 fastus
1322 1644 1404 1691 est
1439 1635 1707 1705 voluptate
1742 1636 1887 1691 onmi

300 1738 490 1778 carens
508 1742 521 1778 :
539 1732 700 1794 atque
716 1732 777 1779 ut
797 1740 896 1781 nec
917 1727 1150 1782 tenebrae
1165 1741 1321 1796 qnam
1339 1728 1448 1791 lux,
1467 1741 1564 1781 nec
1579 1726 1888 1781 conclusum

300 1832 457 1885 quam
488 1816 718 1872 solutum
775 1831 915 1882 esse,
963 1833 1062 1874 nec
1105 1819 1285 1874 multis
1325 1834 1483 1889 quam
1515 1819 1662 1874 nullo
1707 1833 1886 1890 cgere,

303 1908 492 1964 melius
517 1917 598 1964 est
625 1927 638 1963 :
668 1912 746 1965 sic
776 1909 899 1965 huic
935 1926 1146 1981 quoque
1181 1911 1293 1966 suis
1331 1911 1554 1980 pedibus
1584 1926 1688 1965 non
1722 1910 1886 1965 utenti

304 1999 468 2053 nihilo
509 2000 700 2055 melius
735 2010 838 2054 est.
883 2001 1084 2055 Omitto
1117 2001 1259 2055 enim
1300 2001 1576 2056 molestias
1605 2015 1738 2071 quas
1767 2000 1892 2057 hinc

304 2089 568 2144 sustinere
592 2097 676 2145 est
712 2105 953 2145 necesse.
987 2089 1119 2144 Nam
1161 2105 1260 2145 nec
1293 2106 1414 2144 cuin
1463 2090 1594 2155 vult,
1639 2090 1688 2144 ei
1732 2090 1894 2145 domo

307 2181 520 2252 prodire
545 2182 690 2248 licet,
713 2181 809 2237 sed
824 2181 1135 2252 plerumque
1156 2196 1275 2236 cum
1300 2190 1356 2235 ut
1373 2180 1498 2236 inde
1517 2189 1680 2236 exeat
1704 2195 1892 2251 magna

304 2273 481 2344 aliqua
511 2272 709 2328 utilitas
733 2272 1006 2343 efflagitat,
1034 2273 1178 2327 domi
1207 2287 1423 2328 manere
1461 2272 1690 2343 cogitur,
1722 2272 1892 2340 velut,

307 2362 537 2418 mendici
564 2363 656 2434 qui
689 2364 908 2433 pedibus
930 2363 1097 2418 mutili
1124 2378 1228 2418 non
1253 2361 1452 2418 habent
1475 2377 1581 2432 quo
1605 2362 1894 2418 vehantur.

307 2455 459 2524 Quod
501 2456 544 2511 si
576 2457 658 2511 vir
699 2457 874 2510 mulos
918 2455 1007 2510 alii
1049 2457 1166 2510 usui
1219 2453 1580 2521 mandaverit,
1631 2453 1894 2520 simultas,

307 2548 599 2611 contentio,
633 2547 873 2616 pertinax
915 2547 1182 2602 silentium
1211 2562 1225 2599 :
1257 2545 1339 2600 sin
1381 2546 1492 2614 ipsa
1529 2545 1691 2600 futuri
1717 2546 1896 2615 ignara

312 2637 450 2692 idem
491 2635 696 2705 fecerit,
739 2638 940 2692 omisso
969 2637 1105 2702 viro,
1149 2637 1201 2690 in
1227 2650 1286 2690 se
1312 2635 1444 2689 iram
1473 2635 1650 2702 vertit,
1686 2633 1899 2689 assidue

309 2745 373 2785 ea
399 2745 458 2785 se
497 2729 686 2799 injuria
721 2745 1064 2786 consumens.
1092 2729 1158 2783 Et
1183 2736 1381 2798 quanto
1411 2728 1576 2781 salius
1604 2735 1720 2780 erat
1750 2725 1901 2795 pedi-

312 2820 413 2875 bus
441 2828 676 2875 utentem
699 2819 844 2893 (nam
866 2835 924 2874 ea
947 2834 1108 2874 causa
1135 2819 1289 2874 nobis
1321 2833 1418 2873 eos
1445 2819 1584 2873 Deus
1613 2817 1901 2871 fabricatus

312 2909 416 2980 es:)
447 2909 575 2964 nihil
607 2909 793 2964 horum
817 2909 1080 2964 malorum
1108 2909 1309 2975 subire,
1335 2923 1492 2978 quam
1523 2907 1748 2962 mollitie
1778 2907 1897 2970 hac,

314 3001 367 3054 in
407 3010 604 3055 tant-ni
640 3000 868 3055 miseriae
893 3015 957 3054 ac
983 3000 1229 3056 maeroris
1256 3001 1628 3054 necessitatem
1658 3014 1718 3054 se
1748 2999 1901 3054 indu-

314 3093 472 3148 cere?
499 3091 682 3162 Neque
711 3095 851 3148 enim
881 3095 961 3146 ha:
981 3093 1110 3147 sola:
1129 3107 1302 3147 causa:
1332 3107 1424 3146 eas
1444 3089 1588 3146 OmlII
1608 3091 1899 3155 continent;

316 3183 410 3238 sed
439 3197 532 3238 seu
560 3192 804 3253 uterque,
834 3199 927 3238 seu
963 3175 1102 3238 alter
1130 3182 1265 3238 forte
1291 3183 1467 3238 mulus
1491 3183 1713 3253 pedibus
1735 3183 1902 3249 dolet,

322 3277 461 3330 idem
493 3277 750 3346 contingit
782 3293 794 3330 :
836 3285 891 3330 et
917 3292 1038 3330 cum
1071 3277 1122 3330 in
1151 3291 1340 3346 pascua
1362 3276 1693 3329 dimittuntur
1717 3273 1800 3343 (fit
1818 3289 1906 3328 au-

321 3377 427 3423 tem
460 3368 512 3422 id
537 3369 843 3437 quotannis,
872 3376 1032 3436 atque
1059 3366 1112 3420 in
1138 3367 1336 3420 multos
1360 3365 1521 3436 dies),
1546 3379 1756 3419 rursum
1781 3373 1905 3418 tam-

319 3475 479 3530 quam
509 3461 699 3514 vinclae
723 3458 868 3514 domi
894 3459 1214 3514 manendum
1236 3467 1337 3523 est,
1360 3467 1529 3512 etnec
1555 3457 1766 3528 negotio
1788 3458 1906 3528 qni-

320 3551 444 3604 dem
473 3550 776 3604 necessario
799 3559 1021 3604 vocante
1046 3549 1250 3606 ardibus
1273 3549 1660 3619 prodeundum.
1690 3549 1842 3617 Quod
1862 3551 1906 3605 si

319 3641 439 3711 quis
462 3641 623 3706 dicat,
646 3656 762 3694 eam
793 3656 822 3693 a
851 3641 1190 3696 salutantium
1236 3641 1391 3696 turba
1432 3640 1734 3710 expeditam
1763 3655 1905 3704 esse,

324 3747 429 3785 non
477 3739 716 3786 coactam
753 3740 1003 3785 notorum
1032 3731 1199 3786 oculis
1231 3740 1412 3800 patere
1452 3746 1516 3786 ac
1554 3730 1831 3801 pudclieri,
1863 3731 1908 3786 is

325 3823 477 3878 valde
516 3824 760 3893 ignorare
809 3822 939 3876 mihi
987 3822 1215 3889 videtur,
1257 3838 1376 3892 qua:
1419 3821 1661 3878 muliebri
1702 3829 1910 3876 natura:

325 3915 579 3985 pudorem
612 3923 668 3969 et
688 3914 924 3968 adimant
966 3922 1020 3968 et
1042 3913 1312 3968 afferant:
1355 3912 1616 3983 siquidem
1654 3928 1760 3968 non
1779 3926 1910 3968 coa-

323 4004 454 4076 spici
492 4014 584 4059 aut
618 4005 784 4060 latere
819 4005 870 4059 id
899 4005 1089 4073 efﬁcit,
1129 4004 1224 4060 sed
1265 4003 1395 4059 illud
1439 4005 1726 4075 petulantia
1767 4004 1912 4061 intus

325 4099 560 4152 animum
592 4097 889 4166 possidens,
939 4095 1042 4152 hoc
1087 4095 1344 4152 modestia
1372 4105 1531 4166 atque
1570 4095 1911 4152 verecundia.

327 4190 508 4260 Itaque
535 4189 714 4244 multa:
742 4204 804 4244 ea
832 4190 1068 4244 custodia
1092 4190 1300 4253 solutze,
1331 4203 1394 4244 ac
1423 4205 1520 4259 per
1545 4189 1772 4244 mediam
1800 4199 1915 4246 tur-

331 4281 452 4334 bant
483 4281 534 4333 in
576 4279 694 4333 foro
731 4278 1055 4348 gradientes,
1087 4294 1191 4334 non
1219 4279 1390 4333 solum
1422 4279 1474 4332 in
1499 4294 1558 4334 se
1581 4289 1918 4336 accusatores

331 4386 439 4425 non
463 4369 821 4433 concitarunt,
852 4367 946 4422 sed
980 4368 1175 4424 multos
1201 4368 1360 4422 etiam
1385 4368 1660 4424 modestia:
1689 4370 1920 4424 admira-

334 4469 479 4516 tores
534 4462 842 4520 habuerunt
880 4477 893 4513 ε
954 4473 1072 4528 qua:
1109 4469 1163 4513 et
1189 4457 1368 4513 habitu
1395 4467 1450 4514 et
1475 4460 1715 4530 ingressu
1741 4469 1798 4514 et
1823 4476 1918 4516 ve-

333 4551 494 4604 stium
534 4549 776 4620 neglectu
813 4547 1137 4603 luculentum
1165 4556 1432 4618 tamquam
1462 4551 1669 4604 radium
1694 4551 1921 4605 internae

337 4641 616 4711 probitatis
639 4641 945 4696 emitterent
971 4655 986 4694 :
1011 4656 1109 4696 nec
1137 4656 1319 4711 pauca:
1344 4642 1485 4696 intus
1511 4643 1812 4698 desidentes
1845 4643 1918 4696 si-

341 4731 560 4785 nistram
610 4729 712 4784 sibi
758 4730 1061 4800 Opinionem
1118 4737 1516 4786 contraxerunt.
1560 4732 1741 4787 Potest
1776 4733 1918 4787 enim

339 4839 458 4893 qua:
479 4823 726 4878 conclusa
768 4823 857 4886 sit,
903 4823 1060 4878 etiam
1091 4824 1257 4893 magis
1290 4838 1448 4893 quam
1491 4837 1609 4892 qua:
1639 4822 1918 4892 prodeant,

343 4917 640 4970 volentibus
669 4915 878 4985 egregie
911 4917 1231 4984 petulantem
1257 4929 1316 4969 se
1351 4924 1404 4968 ct
1443 4915 1800 4984 impudentem
1829 4930 1923 4969 ex-

345 5007 546 5062 hibere.

415 5096 624 5152 LXVII.
667 5096 939 5151 Molestum
981 5112 1086 5152 esse
1114 5097 1295 5150 multas
1340 5096 1559 5167 famulas
1606 5097 1805 5151 habere.
1848 5125 1920 5138 —

351 5190 456 5248 Sed
485 5190 660 5246 forsan
685 5190 993 5245 ancillarum
1015 5205 1143 5260 grex
1164 5189 1430 5260 jucundus
1453 5201 1554 5244 est.
1580 5189 1686 5244 Hac
1711 5189 1925 5260 quidem

354 5283 621 5352 voluptate
650 5281 780 5336 nihil
811 5281 984 5351 pejus,
1010 5291 1210 5335 tantum
1234 5281 1392 5336 habet
1416 5296 1662 5335 curarum
1685 5299 1698 5334 :
1726 5297 1847 5334 nam
1875 5291 1929 5336 et

349 5370 664 5441 a~gritudine
705 5371 961 5441 cujusque
997 5380 1051 5426 et
1075 5380 1243 5426 morte
1274 5371 1473 5425 turbari
1501 5381 1658 5439 atque
1699 5371 1820 5441 angi
1848 5381 1930 5426 est

352 5478 592 5518 necesse.
620 5465 696 5517 Ac
724 5473 844 5518 sunt
875 5464 989 5518 lucc
1032 5463 1166 5517 forte
1211 5463 1522 5527 tolerabilia,
1568 5478 1774 5517 necnon
1812 5478 1929 5530 qtae

357 5555 440 5609 his
463 5556 621 5610 etiam
639 5557 878 5627 graviora
899 5564 1038 5621 sunt,
1063 5554 1298 5626 quotidie
1321 5557 1460 5611 curis
1485 5554 1734 5622 distendi,
1757 5556 1932 5623 segni-

357 5647 484 5705 tiem
522 5648 846 5719 castigando,
893 5647 1175 5718 nequitiam
1210 5645 1462 5710 tollendo,
1501 5646 1640 5700 rixas
1675 5645 1924 5710 sedando,

1011 237 1067 292 S.
1100 235 1384 293 JOANNIS
1421 238 1894 300 CIIRYSOS'I'OMI

2010 239 2247 297 ιυιιιΕΡ.
2287 241 2824 300 CONS'I'ANTINOP.

291 354 376 419 qui
409 353 700 423 conjugittm
727 353 1052 431 comitantur.
1074 386 1145 396 —
1169 356 1305 424 Quid
1331 357 1496 420 enim,
1523 373 1705 427 qmeso
1727 399 1742 422 ,
1774 358 1892 412 laie

3487 257 3586 313 fi8i

1988 372 2308 430 omnemque
2335 359 2588 429 reliquam
2611 361 2952 416 vitiositatem
2981 363 3332 432 corrigendo:
3359 375 3412 418 at
3444 366 3575 422 illud

1985 459 2132 508 certe
2159 451 2398 506 omnium
2419 453 2792 522 gravissimum
2821 462 2922 516 est,
2950 453 3091 524 quod
3111 455 3324 525 quidem
3351 458 3432 511 vel
3459 473 3576 512 ma-

1987 542 2129 598 xime
2157 543 2212 598 in
2237 542 2499 613 ejusmodi
2541 543 2786 599 famulitii
2829 546 2982 615 copia
3025 548 3240 602 evenire
3265 548 3422 615 solet,
3450 549 3494 603 si
3524 551 3575 604 in

1986 649 2053 690 eo
2079 649 2240 705 grege
2279 636 2452 706 aliqua
2504 647 2725 692 venusta
2768 637 2870 694 sit:
2903 638 2956 692 id
2995 640 3139 694 enim
3167 642 3388 696 omnino
3427 643 3480 698 ia
3511 659 3575 698 ea

1987 726 2324 782 multitudine
2353 727 2593 783 accidere
2621 743 2840 784 necesse
2877 739 2978 794 est,
3024 729 3275 785 divitibus
3300 747 3404 786 non
3433 733 3577 786 mul-

1989 824 2071 870 tas
2096 817 2289 884 solum,
2321 817 2414 872 sed
2439 818 2599 874 etiam
2625 834 2776 890 aeque
2801 821 3059 875 formosas
3084 821 3320 878 studiose
3341 825 3576 892 paranti-

1988 905 2107 962 bus.
2153 905 2334 978 Itaque
2363 908 2407 963 si
2439 909 2576 964 inter
2599 925 2694 964 eas
2724 911 2825 965 ulla
2855 920 3112 981 praestans
3140 912 3227 977 sit,
3271 928 3364 968 seu
3395 929 3578 968 amore

1990 1001 2069 1055 sui
2119 1000 2305 1056 herum
2337 1002 2530 1070 capiat,
2561 1016 2656 1057 seu
2687 1002 2815 1057 nihil
2855 1003 3077 1058 ulterius
3105 1003 3303 1073 possit,
3333 1020 3487 1073 quam
3521 1013 3579 1059 ut

1989 1094 2328 1149 admirationi
2370 1096 2459 1160 sit,
2491 1095 2617 1150 hera
2645 1111 2796 1167 teque
2823 1097 3042 1162 dolebit,
3075 1095 3213 1166 quod
3239 1097 3304 1150 ab
3329 1111 3390 1151 ea
3413 1111 3575 1166 supc-

1990 1194 2159 1253 retur,
2186 1186 2231 1241 si
2274 1201 2378 1240 non
2405 1201 2608 1254 amore,
2636 1197 2689 1241 at
2713 1189 2954 1258 corporis
2992 1196 3268 1242 venustate
3295 1197 3457 1257 atque
3479 1187 3578 1242 ad-

1993 1279 2291 1333 miratione.
2324 1279 2500 1346 Quare
2523 1280 2566 1333 si
2597 1280 2649 1334 in
2681 1280 2744 1334 iis
2781 1297 2901 1351 qum
2943 1280 3082 1349 apud
3127 1295 3222 1336 eos
3262 1282 3486 1336 illustria
3511 1297 3577 1337 ac

1993 1368 2245 1435 prazclara
2276 1368 2591 1436 habeantur,
2627 1379 2828 1425 tantum
2868 1371 3006 1426 inest
3043 1386 3417 1437 aerumnarum,
3450 1372 3576 1442 quid

1993 1460 2058 1513 de
2079 1459 2284 1515 acerbis
2305 1460 2586 1514 dicendum
2608 1459 2630 1513 ?

2065 1549 2292 1606 LXVIII.
2331 1549 2414 1605 De
2436 1551 2798 1621 tranquillitate
2823 1566 2937 1622 qua
2960 1551 3229 1623 virginitati
3249 1553 3395 1607 inest.
3418 1581 3489 1592 —
3509 1553 3578 1606 At

1996 1658 2101 1698 non
2127 1642 2276 1714 virgo
2323 1643 2511 1698 horum
2542 1642 2830 1714 quidquam
2877 1645 3093 1713 patitur,
3123 1643 3246 1713 quin
3275 1651 3328 1698 et
3352 1643 3577 1696 domuno

1995 1735 2112 1789 cnla
2145 1734 2315 1789 turbis
2344 1735 2508 1790 libera
2554 1743 2656 1802 est,
2696 1744 2750 1788 et
2793 1735 2995 1788 clamor
3035 1734 3208 1788 omnis
3233 1734 3576 1803 profligatus:

1995 1827 2252 1898 quasique
2281 1826 2334 1882 in
2364 1827 2645 1898 tranquillo
2683 1826 2913 1897 quodam
2944 1837 3097 1896 portu
3134 1829 3311 1882 omnia
3339 1828 3478 1882 intus
3507 1828 3581 1881 si-

1999 1917 2219 1972 lentium
2248 1917 2505 1988 possidet,
2529 1926 2583 1972 et
2611 1917 2692 1972 vel
2721 1918 2936 1972 silentio
2971 1918 3144 1987 major
3167 1918 3399 1971 animum
3428 1929 3582 1971 sere-

1998 2008 2156 2074 nitas,
2184 2008 2380 2078 qnippe
2411 2007 2539 2062 nihil
2565 2007 2852 2062 lnnnamun
2883 2017 3217 2071 tractantem,
3249 2007 3341 2061 sed
3369 2005 3583 2061 assidue

1997 2115 2118 2154 cum
2151 2100 2258 2154 Deo
2286 2100 2698 2169 colloquentem,
2731 2110 2890 2168 atque
2919 2098 2972 2152 in
3010 2113 3133 2152 eum
3179 2098 3282 2151 fixe
3319 2106 3582 2150 contuen-

2003 2200 2128 2244 tem.
2165 2189 2227 2243 Et
2253 2189 2374 2259 quis
2411 2204 2530 2244 eam
2575 2189 2900 2257 voluptatem
2947 2186 3227 2242 metiatur?
3268 2202 3385 2256 qua:
3411 2185 3584 2240 oratio

2003 2282 2196 2335 mentis
2240 2281 2317 2334 sic
2358 2279 2560 2334 alfcctm
2608 2280 2841 2334 hetitiam
2889 2278 3270 2348 repraesentet?
3318 2276 3576 2346 Equidem

2003 2371 2168 2435 nulla,
2218 2370 2312 2425 sed
2349 2371 2380 2423 ii
2413 2370 2507 2424 soli
2544 2370 2632 2440 qui
2662 2369 2714 2422 in
2749 2369 2856 2423 Deo
2902 2368 3119 2423 delicias
3160 2376 3359 2436 ponant
3401 2382 3585 2421 carum

2005 2462 2421 2532 magnitudinem
2450 2462 2642 2524 sciunt,
2687 2469 2740 2514 et
2765 2468 2963 2530 quanto
2988 2474 3198 2514 omnem
3225 2458 3587 2526 comparatio-

2004 2571 2123 2608 nem
2166 2555 2380 2608 vincant
2407 2562 2716 2624 agnoscunt.
2755 2553 2820 2606 At
2866 2553 3053 2621 ingens
3083 2552 3284 2621 argenti
3320 2551 3398 2605 vis
3427 2549 3587 2603 undi-

2003 2659 2106 2713 que
2145 2645 2427 2714 conspicua
2457 2643 2607 2697 valde
2633 2643 2817 2696 oculos
2843 2641 3094 2707 oblectat,
3136 2650 3190 2694 ct
3230 2649 3426 2710 quanto
3451 2654 3593 2708 piae-

2003 2735 2194 2789 clarins
2230 2743 2311 2788 est
2341 2735 2392 2786 in
2419 2731 2612 2789 caelum
2643 2731 2940 2800 suspicere,
2989 2738 3146 2798 atque
3177 2729 3297 2783 imle
3328 2732 3586 2796 majorem

2007 2823 2160 2894 longe
2187 2824 2509 2892 voluptatem
2533 2821 2757 2890 capere?
2801 2819 2933 2874 Nam
2965 2828 3162 2890 quanto
3187 2836 3370 2873 aurum
3399 2829 3594 2874 stanno

2005 2922 2060 2967 et
2103 2913 2334 2982 plumbo,
2389 2920 2536 2965 tanto
2575 2909 2765 2965 calum
2808 2925 2960 2975 auro,
3002 2918 3220 2980 argento
3245 2920 3402 2979 atque
3442 2911 3588 2962 omni

2009 3005 2227 3059 materia
2261 3003 2514 3058 illustrius
2540 3016 2603 3056 ae
2624 3001 2953 3070 splendidius
2977 3012 3056 3055 est
3079 3000 3238 3068 :quin
3258 2999 3591 3068 contempla-

2011 3096 2084 3148 tio
2114 3095 2228 3149 ha.-c
2254 3095 2398 3148 curis
2425 3107 2590 3148 vacua
2609 3102 2712 3157 est,
2742 3092 2830 3146 illa
2858 3091 3140 3146 admodum
3172 3091 3416 3157 sollicita,
3446 3090 3590 3160 quod

2008 3187 2221 3256 quidem
2254 3185 2337 3238 vel
2365 3186 2592 3238 maxime
2622 3184 3101 3253 concupiscentiam
3129 3181 3362 3237 cohibet.
3392 3183 3460 3236 At
3479 3197 3590 3236 non

2012 3279 2090 3333 vis
2110 3279 2162 3332 in
2187 3276 2378 3332 caelum
2404 3275 2684 3345 spectare?
2713 3275 2834 3328 licet
2859 3273 3157 3343 depositum
3185 3273 3235 3326 in
3259 3273 3374 3326 foro
3403 3288 3599 3341 argen-

2011 3380 2120 3424 tum
2151 3383 2394 3425 cernere.
2438 3366 2517 3421 Ad
2559 3366 2909 3420 verecundiam
2951 3375 3165 3419 vestram
3217 3365 3329 3419 dico
3363 3365 3436 3434 (I.
3469 3363 3594 3418 Car.

2011 3462 2066 3516 6.
2094 3460 2174 3531 5),
2203 3469 2262 3515 ut
2284 3474 2405 3514 cum
2444 3458 2600 3512 beato
2629 3457 2790 3512 Paulo
2821 3457 3036 3527 loquar:
3067 3457 3313 3526 quoniam
3345 3456 3601 3525 pecunia-

2014 3568 2129 3606 rum
2159 3566 2340 3606 amore
2369 3559 2476 3605 tam
2505 3549 2634 3604 estis
2662 3547 2878 3618 stupidi.
2918 3548 3092 3618 Atque
3131 3547 3219 3602 hic
3244 3547 3369 3617 quid
3413 3545 3594 3601 dicam

2014 3643 2212 3698 nescio.
2243 3641 2410 3696 Valde
2435 3641 2578 3696 enim
2607 3654 2694 3694 me
2730 3638 3011 3708 scrupulus
3050 3637 3264 3708 quidam
3295 3637 3595 3706 suspendit,

2015 3747 2115 3788 nec
2155 3731 2332 3796 video,
2376 3747 2473 3786 cur
2499 3745 2659 3784 omne
2689 3743 2823 3798 pene
2853 3728 3126 3783 hominum
3153 3742 3340 3796 genus,
3367 3743 3488 3781 cum
3520 3727 3603 3780 fa-

2015 3824 2119 3879 cile
2162 3839 2225 3878 ac
2261 3822 2494 3893 jucunde
2533 3821 2787 3876 obiectari
2818 3820 2996 3887 liceat,
3026 3819 3077 3874 id
3108 3834 3207 3874 nec
3232 3819 3284 3872 in
3327 3819 3605 3888 voluptate

2016 3915 2232 3986 quidem
2268 3923 2497 3984 ponant;
2547 3913 2600 3967 in
2643 3911 3022 3978 sollicitudine,
3067 3911 3411 3966 distractione
3438 3918 3606 3980 atque

2018 4007 2161 4062 curis
2187 4006 2518 4077 potissimum
2565 4003 2850 4075 gaudeant.
2880 4001 3010 4057 Nam
3055 4017 3152 4056 cur
3191 4017 3297 4055 non
3326 4016 3419 4056 eos
3446 4015 3608 4070 mque

2020 4098 2318 4168 depositum
2351 4095 2404 4150 in
2430 4093 2547 4149 foro
2575 4102 2850 4162 argenturm
2881 4107 2944 4147 ac
2967 4091 3319 4146 domesticum
3345 4091 3605 4155 oblectat,

2019 4186 2162 4259 quod
2185 4184 2399 4257 quidem
2420 4192 2474 4239 et
2493 4183 2765 4254 prohatius
2793 4183 2884 4249 sit,
2906 4190 2960 4237 et
2982 4184 3216 4236 animum
3238 4196 3434 4251 angore
3454 4183 3610 4236 omni

2023 4281 2246 4336 liberum
2271 4277 2537 4333 dimittat?
2579 4275 2862 4341 Quoniam,
2895 4273 3086 4344 inquit,
3131 4272 3258 4326 illud
3289 4287 3463 4327 mcmn
3496 4287 3609 4326 non

2022 4379 2126 4437 est,
2157 4369 2260 4423 hoc
2286 4382 2463 4422 meum
2503 4375 2606 4421 est.
2649 4365 2882 4420 Avaritia
2927 4363 3086 4434 igitur
3114 4361 3342 4432 jucunda
3369 4369 3468 4424 est,
3498 4374 3612 4415 non

2027 4460 2232 4531 argenti
2262 4437 2483 4514 natura:
2509 4456 2651 4528 quod
2679 4456 2725 4512 si
2753 4465 2915 4524 esset,
2945 4455 3068 4510 inde
3087 4455 3247 4510 etiam
3279 4468 3427 4521 mque
3453 4452 3613 4506 oble-

2025 4552 2157 4606 ctari
2184 4550 2482 4620 oportebat.
2513 4549 2606 4604 Sin
2632 4547 2798 4613 dicas,
2831 4563 2956 4602 usus
2979 4547 3170 4617 gratia,
3200 4545 3368 4599 multo
3390 4551 3616 4614 prrcstat

2025 4644 2258 4696 vitrum:
2287 4650 2446 4711 atque
2474 4640 2527 4694 id
2556 4639 2748 4694 divites
2791 4637 2890 4707 ipsi
2936 4637 3272 4697 confirmant,
3317 4637 3406 4704 qni
3446 4648 3514 4687 ex
3541 4647 3613 4687 ca

2029 4732 2249 4787 materia
2293 4731 2481 4801 pocula
2523 4739 2582 4784 ut
2627 4729 2913 4799 plurimum
2964 4737 3172 4796 parant.
3204 4725 3356 4793 Quod
3394 4723 3438 4777 si
3470 4722 3617 4778 fastu

2028 4821 2258 4893 quodam
2285 4823 2442 4876 etiam
2469 4835 2539 4875 ex
2581 4827 2801 4888 argento
2850 4816 3095 4871 fabricari
3139 4825 3413 4883 cogantur,
3461 4813 3619 4882 prius

2031 4913 2166 4966 vitro
2189 4911 2436 4966 ‘interius
2473 4909 2760 4965 constituto
2800 4909 2870 4962 ita
2901 4914 3119 4976 argento
3165 4905 3399 4960 extet-ins
3437 4903 3621 4957 ωιληε-

2030 5015 2176 5068 cunt,
2207 5001 2549 5056 ostendentes
2588 4999 2717 5053 illud
2743 4998 2806 5052 ad
2840 5007 3020 5067 potum
3051 4996 3265 5050 suavius
3291 5003 3344 5049 et
3370 5007 3620 5047 commo-

2032 5096 2150 5150 dius
2169 5108 2307 5158 esse,
2337 5092 2439 5146 hoc
2463 5091 2529 5145 ad
2560 5089 2754 5144 fastum
2781 5089 2952 5143 solum
2976 5095 3030 5142 et
3058 5087 3270 5140 inanem
3292 5085 3617 5138 ostentatio—

2038 5201 2180 5242 nem.
2209 5184 2346 5252 Quid
2371 5191 2452 5237 est
2473 5191 2649 5236 autem
2677 5180 2798 5246 hoc,
2831 5179 3005 5233 Meum
3036 5185 3090 5232 ct
3115 5191 3220 5231 non
3251 5174 3461 5230 meum?
3479 5173 3621 5228 Nam

2033 5278 2280 5349 equidem
2310 5290 2432 5331 cum
2482 5273 2642 5328 verba
2688 5272 2803 5326 haec
2829 5270 3125 5325 accuratius
3163 5267 3430 5337 expendo,
3456 5280 3626 5320 voces

2036 5381 2234 5425 tantum
2258 5382 2376 5423 esse
2396 5365 2524 5420 mihi
2551 5365 2812 5420 videntur.
2844 5362 2988 5416 Multi
3011 5359 3150 5415 enim
3173 5357 3302 5414 illud
3323 5357 3625 5413 dominium

2036 5474 2190 5516 suum
2213 5458 2477 5528 refugiens
2499 5471 2597 5512 nec
2620 5456 2728 5510 vivi
2756 5456 2982 5509 retinere
3004 5459 3321 5522 potucrant;
3347 5457 3400 5504 et
3419 5449 3624 5518 quibus

2037 5537 2099 5604 ad
2131 5550 2288 5606 finem
2317 5563 2486 5618 usque
2511 5559 2818 5615 permansrt.
2851 5544 2882 5598 II
2906 5549 3146 5597 volentes
3170 5543 3412 5595 nolentes
3435 5540 3631 5594 mortis

2042 5654 2278 5714 tempore
2304 5642 2419 5712 ejus
2445 5647 2703 5713 potestate
2729 5637 3058 5694 exciderunt.
3094 5633 3203 5689 Nec
3227 5632 3400 5688 solum
3446 5630 3498 5685 in
3532 5645 3628 5683 ar-
