3884 6214
167 274 268 331 58ιῆ

169 387 426 460 λουτρῶν,
454 390 550 445 καὶ
595 391 687 445 ἐπὶ
715 392 823 446 τῶν
855 395 1219 466 παραδείσων,
1250 396 1343 451 καὶ
1392 399 1449 450 ἐν
1492 398 1617 464 ταῖς
1639 398 1840 462 οἰκίαις

165 475 227 529 τὸ
262 478 422 548 Ἐμὸν
460 480 554 534 καὶ
593 481 694 534 οὐκ
724 482 877 552 ἐμὸν,
906 483 1064 536 τοῦτο
1097 485 1249 554 ῥῆμα
1281 485 1346 539 ἀν
1374 503 1460 551 τις
1517 489 1616 542 ἴδοι
1678 488 1837 558 μόνον

165 565 338 632 ψιλόν.
383 567 446 620 Ἡ
488 569 592 639 μὲν
614 569 721 640 γὰρ
745 570 941 642 χρῆσις
971 571 1121 642 κοινὴ
1171 573 1391 627 πάντων
1414 577 1584 638 ἐστὶν,
1615 575 1838 628 πλεονε-

169 652 354 705 κτοῦσι
387 653 443 706 δὲ
471 656 517 707 οί
552 655 838 720 δοκοῦντες
861 657 1040 711 αὐτῶν
1083 654 1222 712 εἶναι
1263 659 1445 733 κύριοι
1479 661 1590 715 τῶν
1623 663 1723 714 οὐκ
1751 661 1838 714 δν-

165 753 273 792 των
297 741 395 811 τὴν
420 742 559 813 ὑπὲρ
593 743 774 797 αὐτῶν
825 746 1100 815 φροντίδα.
1133 749 1196 799 Ol
1224 749 1322 816 μὲν
1365 750 1473 822 γάρ
1504 750 1838 804 ἀπολαύουσι

169 826 330 896 μόνον
357 829 620 895 αὑτῶν,οί
646 832 702 885 δὲ
726 831 866 902 μετά
893 834 987 888 τοῦ
1009 836 1282 890 ποιεῖσθαι
1301 838 1500 910 πολλὴν
1517 839 1615 911 τὴν
1641 839 1836 910 ἐπιμέ-

167 911 316 968 λειαν
352 917 411 970 τὺ
445 919 578 972 αὐτὸ
620 919 778 975 τοῦτο
825 922 1186 993 καρποῦνται,
1216 925 1244 979 ὃ
1271 926 1407 996 μετὰ
1450 927 1546 998 τῆς
1577 927 1839 998 ἀμελείας

167 1003 382 1059 ἐκεῖνοι.

219 1091 337 1144 ΞΘ’.
361 1095 422 1146 ΕΞ
447 1095 504 1147 δέ
527 1114 610 1160 τις
625 1098 722 1169 τὴν
741 1099 939 1171 πολλὴν
963 1100 1235 1173 θαυμάζοι
1254 1104 1486 1174 τρυφὴν,
1508 1099 1620 1158 οἷον
1639 1105 1699 1158 τὸ
1730 1105 1838 1157 τῶν

164 1187 661 1254 κατακοπτομένων
684 1189 890 1259 πλῆθος
918 1192 1122 1261 κρεῶν,
1154 1193 1253 1264 τὴν
1287 1195 1548 1266 περιττὴν
1578 1195 1672 1248 τοῦ
1691 1195 1836 1248 οἴνου

162 1267 427 1341 δαπάνην,
453 1273 563 1326 τῶν
584 1279 1020 1347 καρυκευμάτων
1061 1281 1162 1350 τὴν
1191 1283 1538 1353 περιεργίαν,
1563 1285 1836 1355 τραπεζο-

164 1356 335 1411 ποιῶν
362 1360 455 1412 καὶ
485 1364 774 1418 σιτοποιῶν
816 1367 1013 1437 τέχνας
1057 1380 1106 1432 α,
1147 1369 1465 1440 παρασίτων
1515 1373 1610 1424 καὶ
1657 1372 1837 1425 δαιτυο

167 1445 344 1514 μόνων
394 1447 568 1519 δχλον,
604 1444 670 1505 εῦ
700 1452 832 1506 ἵστω
875 1455 958 1508 ὅτι
998 1456 1109 1508 τῶν
1164 1457 1444 1529 μαγείρων
1474 1459 1656 1513 αὐτῶν
1683 1459 1836 1512 οὐδὲν

161 1534 382 1604 ἄμεινον
398 1539 455 1590 ἐν
468 1541 576 1600 τοῖς
593 1539 850 1603 τοιούτοις
874 1543 923 1594 οἱ
947 1543 1301 1607 πλουτοῦντες
1323 1545 1642 1599 διάκεινται.
1659 1547 1838 1600 Καθά-

163 1639 270 1694 περ
321 1623 430 1694 γάρ
475 1627 682 1691 ἐκεῖνος
734 1629 860 1691 τοὺς
899 1629 1187 1695 δεσπότας,
1227 1631 1371 1685 οὕτω
1399 1633 1528 1696 τοὺς
1558 1634 1834 1705 κεκλημέ-

161 1726 286 1774 νους
333 1713 488 1766 αὐτοὶ
522 1714 816 1780 δεδοίκασι,
855 1718 928 1788 μή
970 1735 1116 1782 τινος
1151 1719 1518 1774 ἐπιλάϐωνται
1548 1722 1658 1776 τῶν
1696 1723 1836 1792 μετά

162 1797 358 1852 πολλοῦ
399 1800 566 1856 πόνου
603 1802 697 1856 καὶ
721 1803 966 1874 δαπάνης
1002 1807 1571 1876 παρασκευασθέντων
1622 1810 1830 1872 αὐτοῖς.

162 1884 272 1938 Καὶ
305 1885 479 1957 τούτῳ
509 1889 606 1958 μὲν
628 1888 930 1953 ἐξισοῦνται
954 1895 1066 1955 τοῖς
1100 1895 1386 1965 μαγείροις
1420 1895 1471 1960 b,
1509 1895 1629 1948 καθ’
1647 1897 1834 1968 ἕτερον

160 1973 216 2026 δέ
244 1974 339 2028 καὶ
367 1976 779 2032 πλεονεκτοῦσιν
811 1981 990 2034 αὐτῶν
1013 1996 1027 2010 ·
1063 1982 1125 2034 οὐ
1153 1983 1261 2053 γὰρ
1295 1983 1457 2053 μόνον
1492 1985 1834 2056 κατηγόρους

161 2062 379 2128 ἐκεῖνοι,
420 2063 557 2117 ἀλλά
596 2067 690 2118 καὶ
745 2066 1047 2136 βασκάνους
1097 2069 1389 2124 δεδοίκασι.
1451 2072 1672 2136 Πολλοῖς
1725 2074 1832 2145 γάρ

160 2150 422 2216 πολλάκις
451 2154 558 2208 ἀπὸ
601 2154 710 2207 τῶν
737 2156 993 2210 τοιούτων
1032 2159 1351 2229 συμποσίων
1377 2159 1571 2232 ἐτέχθη
1603 2161 1824 2231 φθόνος,

160 2238 254 2290 καὶ
310 2239 372 2292 οὐ
415 2240 682 2312 πρότερον
719 2242 887 2314 ἔστη,
931 2243 1037 2308 ἕως
1079 2245 1359 2309 κινδύνους
1403 2247 1655 2318 ἐπήγαγε
1704 2253 1841 2314 τοὺς

159 2326 440 2395 ἐσχάτους.
480 2328 638 2382 Ἀλλά
673 2330 937 2385 σιτεῖσθαι
960 2331 1132 2385 πολλὰ
1152 2332 1410 2397 πολλάκις
1425 2335 1545 2406 ἡδύ.
1579 2338 1792 2407 Ἀπαγε
1815 2356 1827 2368 ⁸

157 2411 285 2467 ὅταν
318 2415 673 2487 καρηϐαρίαι,
715 2418 806 2471 καὶ
837 2419 1074 2490 γαστρὸς
1101 2420 1368 2487 διάτασις,
1393 2423 1488 2476 καὶ
1521 2424 1831 2496 πνεύματος

158 2498 450 2570 ἐμφραξις,
484 2503 578 2556 καὶ
610 2506 951 2571 σκοτοδινίαι,
985 2507 1079 2560 καὶ
1105 2507 1327 2576 ῐλιγγοι,
1364 2511 1459 2562 καὶ
1485 2509 1706 2580 ἀχλύες,
1736 2514 1830 2564 καὶ

157 2587 226 2640 τὰ
261 2586 342 2640 ἔτι
370 2589 574 2643 τούτων
599 2591 923 2664 ἀτοπώτερα
953 2594 1062 2646 ἀπὸ
1087 2595 1184 2666 τῆς
1219 2595 1432 2666 τρυφῆς
1461 2597 1665 2669 ταύτης
1695 2601 1828 2652 ἀνα-

157 2670 432 2747 ϐλαστάνῃ
457 2677 626 2732 δεινά,
668 2679 778 2732 Καὶ
799 2679 910 2733 εἴθε
941 2680 1102 2752 μέχρι
1126 2681 1234 2734 τῶν
1260 2686 1388 2755 παρ’
1414 2684 1628 2756 ἡμέραν
1656 2686 1830 2756 λυπη-

163 2759 276 2830 ρῶν
323 2761 392 2816 τά
435 2765 533 2834 τῆς
577 2765 966 2838 ἀσχημοσύνης
1006 2768 1223 2840 ἐκείνης
1270 2771 1364 2824 καὶ
1395 2771 1465 2825 τά
1496 2772 1594 2844 τῆς
1627 2773 1828 2845 ζημίας

157 2848 346 2902 ῖστατο
397 2850 586 2920 μόνον·
623 2854 742 2905 νυνὶ
768 2853 825 2906 δὲ
853 2855 911 2906 αί
955 2855 1190 2925 μάλιστα
1224 2855 1333 2909 τῶν
1386 2858 1556 2911 νόσων
1589 2861 1827 2914 δυσίατοι

154 2936 264 2990 ἀπὸ
293 2937 400 2990 τῶν
433 2939 688 2992 τοιούτων
717 2941 1006 3011 τραπεζῶν
1029 2941 1210 3014 έχουσι
1236 2943 1334 3016 τὴν
1357 2945 1554 3017 ἀρχήν.
1587 2949 1697 3002 Kal
1722 2949 1828 3020 γὰρ

155 3024 460 3092 ποδαλγίαι,
498 3026 592 3079 καὶ
642 3027 803 3098 φθόη,
859 3030 954 3081 καὶ
1009 3031 1182 3097 νόσος,
1235 3032 1329 3085 καὶ
1361 3033 1687 3106 παράλυσις,
1737 3039 1824 3090 καὶ

155 3111 324 3174 πολλά
356 3112 437 3168 ἔτι
469 3115 671 3170 τούτων
693 3115 1054 3189 χαλεπώτερα
1076 3119 1418 3175 ἀπολαϐόντα
1457 3123 1517 3176 τὸ
1549 3125 1709 3194 σῶμα
1741 3144 1828 3179 πο·

153 3197 362 3270 λιορκεῖ
382 3203 462 3265 είς
487 3203 723 3274 ἐσχάτας
752 3205 1051 3269 ἀναπνοάς.
1075 3206 1210 3259 Τίνα
1230 3203 1322 3260 οὖν
1357 3208 1422 3262 ἄν
1444 3227 1528 3273 τις
1563 3210 1675 3281 ἔχοι
1707 3212 1828 3265 τού-

155 3302 260 3340 των
289 3288 617 3362 ἀντίρροπον
647 3291 756 3344 τῶν
803 3291 996 3348 κακῶν
1037 3293 1236 3364 ἡδονὴν
1287 3297 1497 3361 είπεῖν;
1557 3300 1715 3353 ποίαν
1769 3293 1835 3354 δὲ’

150 3373 252 3428 οὐκ
279 3375 344 3429 άν
369 3394 452 3440 τις
471 3377 645 3432 ἐλοιτο
672 3380 1094 3452 σκληραγωγίαν
1129 3381 1269 3452 ὑπὲρ
1297 3383 1398 3454 τῆς
1415 3384 1620 3440 τούτων
1649 3387 1828 3440 ἀπαλ-

151 3459 348 3534 λαγῆς;

205 3553 282 3606 0’.
301 3551 440 3606 Ἀλλ’
457 3554 556 3625 οὐχ
573 3557 607 3625 ἡ
630 3557 874 3611 εὐτέλεια
889 3560 1132 3632 τοιαύτη,
1155 3562 1292 3617 ἀλλά
1302 3563 1490 3635 πόρρω
1505 3565 1706 3619 τούτων
1723 3566 1821 3634 ἀφο

152 3638 350 3708 έστηκε
363 3641 470 3695 τῶν
483 3642 782 3715 δυσχερῶν,
806 3647 1019 3715 ὑγιείας
1036 3649 1130 3702 καὶ
1155 3649 1369 3716 εὐεξίας
1382 3647 1516 3706 οὖσα
1539 3656 1822 3724 ποιητική.

151 3726 215 3779 Εἰ
244 3727 304 3780 δὲ
334 3730 649 3814 καὶῄἡδονήν
688 3751 774 3798 τις
806 3735 1116 3809 ἐπιζητοίη,
1154 3741 1248 3794 καὶ
1273 3741 1480 3812 ταύτην
1528 3745 1660 3812 παρ’
1684 3744 1822 3814 αὐτῇ

154 3814 377 3902 μείζονα
391 3813 556 3873 οὖσαν
579 3822 802 3893 εὑρήσει
825 3825 924 3896 τῆς
941 3827 1156 3899 τρυφῆς
1176 3845 1189 3859 ·
1223 3830 1320 3882 καὶ
1352 3831 1566 3900 πρῶτον
1594 3832 1690 3902 μὲν
1719 3813 1827 3885 ἀπὸ

149 3901 244 3988 τοῦ
266 3905 538 3976 ἐρρῶσθαι
553 3910 648 3963 καὶ
676 3911 864 3980 μηδενὶ
883 3913 990 3966 τῶν
1009 3916 1196 3971 κακῶν
1217 3918 1553 3988 ἐνοχλεῖσθαι
1577 3921 1821 3984 ἐκείνων,

151 3982 228 4043 ὧν
275 3992 504 4049 ἕκαστον
535 3999 629 4051 καὶ
668 4000 789 4054 καθ’
841 4003 1007 4058 ἑαυτὸ
1071 4007 1253 4060 πᾶσαν
1289 4007 1476 4060 ἱκανὸν
1508 4008 1697 4060 σϐέσαι
1730 4011 1825 4062 καὶ

153 4079 453 4152 ἀνατρέψαι
480 4086 543 4138 ἐκ
573 4086 787 4159 βάθρων
812 4091 1004 4162 ἡδονήν
1022 4111 1034 4122 ·
1072 4093 1324 4164 δεύτερον
1371 4095 1427 4148 δέ
1459 4097 1553 4148 καὶ
1583 4096 1690 4148 ἀπὸ
1719 4097 1824 4150 τῶν

152 4167 339 4222 σιτίων
387 4173 588 4238 αὐτῶν.
621 4177 774 4243 Πῶς;
813 4180 934 4232 Ὅτι
977 4180 1170 4251 ἡδονῆς
1204 4183 1487 4251 ποιητικὸν
1520 4183 1813 4253 ἐπιθυμία·

151 4255 448 4328 ἐπιθυμίαν
481 4262 536 4316 δὲ
566 4266 664 4335 οὐχ
691 4268 719 4318 6
749 4267 928 4337 κόρος,
963 4269 1085 4326 οὐδὲ
1125 4271 1158 4340 ἡ
1185 4271 1506 4340 πλησμονὴ,
1534 4273 1649 4324 ἀλλ’
1683 4275 1714 4342 ἡ
1740 4273 1828 4324 ἐν·

149 4342 267 4398 δεια
297 4347 448 4419 καὶὴ
483 4351 676 4416 σπάνις
717 4356 883 4408 ποιεῖ.
926 4355 1075 4427 Αὕτη
1109 4357 1166 4410 δὲ
1215 4359 1316 4411 οὐκ
1342 4360 1399 4411 ἐν
1445 4359 1678 4424 ἐκείνοις
1712 4365 1826 4424 τοῖς

153 4435 479 4503 συμποσίοις
509 4441 622 4504 τοῖς
648 4441 757 4494 τῶν
775 4441 1170 4511 πλουτούντων,
1205 4445 1318 4499 ἀλλ’
1355 4449 1412 4499 ἐν
1441 4450 1550 4510 τοῖς
1581 4448 1690 4502 τῶν
1725 4467 1820 4503 πε-

151 4521 390 4591 νομένων
411 4527 498 4580 άεὶ
519 4529 770 4600 πάρεστι,
796 4532 997 4596 παντὸς
1017 4536 1414 4612 τραπεζοποιοῦ
1439 4539 1534 4590 καὶ
1558 4541 1823 4609 μαγείρου

154 4611 353 4680 μᾶλλον
379 4616 745 4680 ἐπιστάζουσα
774 4620 908 4672 πολὺ
949 4624 1060 4684 τοῖς
1093 4611 1475 4694 προκειμένοις
1494 4626 1556 4678 τὸ
1590 4628 1731 4698 μέλι.
1761 4630 1824 4683 OE

153 4699 252 4767 μὲν
285 4701 393 4773 γὰρ
417 4702 775 4768 πλουτοῦντες
801 4706 926 4760 οὕτε
950 4709 1246 4774 πεινῶντες
1268 4712 1530 4774 ἐσθίουσι,
1548 4718 1640 4768 καὶ
1655 4717 1825 4787 χωρὶς

149 4786 245 4840 τοῦ
275 4789 450 4859 διψεῖν
487 4791 726 4858 πίνουσι,
767 4795 858 4847 καὶ
886 4797 1014 4866 πρὶν
1058 4799 1303 4869 σφοδρῶς
1355 4801 1541 4864 αὐτοῖς
1573 4786 1823 4856 ἐπελθεῖν

155 4873 308 4947 [325]
338 4877 437 4946 τὴν
481 4878 728 4950 ἀνάγκην
756 4881 849 4935 τοῦ
879 4882 1046 4937 ὕπνου
1098 4877 1452 4941 καθεύδουσιν
1475 4905 1484 4918 ·
1510 4881 1655 4944 οῦτοι
1677 4891 1731 4944 δὲ
1765 4893 1822 4950 ἐν

150 4963 310 5035 χρείᾳ
339 4964 544 5020 τούτων
568 4967 957 5040 καθιστάμενοι
987 4973 1247 5045 πρότερον
1263 4974 1436 5040 οὑτως
1459 4976 1639 5031 αὐτῶν
1697 4995 1824 5048 μετ-

147 5041 398 5120 έχουσιν·
433 5052 462 5106 δ
487 5055 724 5125 μάλιστα
759 5057 976 5113 πάντων
1003 5041 1252 5127 dogma;
1273 5062 1371 5134 τῆς
1392 5063 1605 5133 ἡδονῆς.
1641 5041 1739 5119 Δίά
1769 5066 1822 5118 τί

151 5138 281 5213 γὰρ,
331 5142 452 5196 είπέ
503 5159 614 5213 μοι,
650 5144 745 5198 καὶ
791 5147 818 5199 ό
867 5146 1120 5218 Σολομὼν
1152 5149 1244 5202 τὸν
1273 5148 1440 5204 ὕπνον
1493 5151 1585 5204 τοῦ
1634 5151 1820 5205 δούλου

153 5228 319 5296 φησὶν
334 5225 473 5285 εἶναι
491 5232 639 5301 ἡδὺν,
655 5232 856 5286 οὑτωσὶ
877 5234 1074 5304 λέγων,
1101 5236 1273 5301 Ἠδὺς
1294 5238 1479 5303 ὕπνος
1502 5235 1580 5300 τῷ
1599 5238 1821 5307 δούλῳ,

153 5312 232 5366 ἂν
261 5331 321 5368 τε
347 5317 526 5383 πολὺ,
555 5318 632 5372 ἄν
660 5336 724 5374 τε
749 5321 959 5390 ὀλίγον
984 5322 1184 5392 φάγῃς
1229 5321 1377 5395 *Αρα
1402 5324 1490 5378 διὰ
1521 5325 1618 5395 τὴν
1657 5343 1824 5396 στρω-

157 5401 297 5470 μνὴν
329 5403 428 5473 τὴν
455 5405 672 5476 ἀπαλὴν
693 5424 707 5472 ;
732 5409 844 5461 Καὶ
870 5409 977 5480 μὴν
1013 5404 1106 5461 ἐπὶ
1138 5410 1421 5481 ὲδάφουςῆ
1451 5413 1541 5464 ἐπὶ
1574 5413 1823 5478 στιϐάδος

153 5487 202 5538 οί
237 5488 456 5553 πλείους
507 5493 883 5550 καθεύδουσιν.
938 5495 1102 5550 Ἀλλά
1137 5497 1226 5550 διὰ
1262 5499 1362 5569 τὴν
1408 5501 1626 5562 ἄδειαν;
1681 5502 1822 5555 Ἀλλ’

153 5575 276 5631 οὐδὲ
312 5581 517 5648 μικρᾶς
553 5581 748 5652 καιροῦ
787 5583 960 5653 ῥοπῆς
989 5587 1095 5637 εἰσι
1145 5584 1347 5655 κύριοι.
1391 5587 1551 5640 Ἀλλά
1598 5589 1687 5642 διά
1725 5590 1821 5660 τὴν

161 5662 480 5739 ῥᾳστώνην;
524 5668 661 5720 Ἀλλ’
689 5670 751 5722 οὐ
780 5670 1202 5742 διαλιμπάνουσι
1245 5675 1465 5745 μόχθοις
1496 5679 1821 5750 κοπτόμενοι

214 5790 244 5861 ξ
266 5791 388 5861 B93.
413 5797 668 5861 σιτοποιῶν
691 5798 771 5843 καὶ
783 5797 1028 5861 μαγείρων
1051 5802 1233 5861 τέχνας.

217 5848 247 5892 δ
271 5848 375 5916 Βθέ
417 5855 516 5911 τοῖς
537 5857 753 5917 οἰκέταις,
781 5848 950 5908 Κὶοέειξ
978 5867 1029 5909 el
1053 5848 1325 5920 δειῗ’ἱί.’τοῖς
1349 5863 1600 5934 μαγείροις.

993 276 1050 332 S.
1090 276 1376 336 JOANNIS
1413 278 1912 339 CHRYSOSTOMI
1947 282 2272 344 ARCHIEP.
2313 285 2864 344 CONSTANTINOP.

3508 293 3612 350 586

1943 400 2038 452 καὶ
2067 403 2482 475 ταλαιπωρίαις.
2509 406 2574 458 Τί
2603 407 2720 458 ποτ’
2749 398 2842 458 οῦν
2881 406 2998 457 ἐστι
3029 404 3088 457 τὸ
3122 405 3308 460 ποιοῦν
3327 407 3418 460 τὸν
3444 407 3612 464 ὕπνον

1945 488 2094 557 ἡδὺν,
2119 491 2151 560 ἢ
2183 491 2244 543 τὸ
2264 492 2529 562 πρότερον
2559 495 2636 555 είς
2667 493 2856 564 χρείαν
2880 504 2901 530 ο
2931 493 3306 558 καταστάντας
3326 493 3496 559 οὕτως
3517 497 3616 548 αὑ-

1943 575 2038 628 τοῦ
2064 578 2536 648 μεταλαμϐάνειν;
2573 581 2712 642 Τοὺς
2760 580 2817 633 δὲ
2859 581 3228 644 πλουτοῦντας
3263 581 3328 635 ἂν
3363 582 3438 653 μὴ
3472 584 3610 655 μέθῃ

1947 661 2394 736 βαπτισθένταςὴ
2419 666 2516 732 νὺξ
2534 666 2838 739 καταλάϐῃ,
2877 668 3092 736 ἀνάγκη
3123 669 3415 732 διαπαντὸς
3441 671 3613 740 ἀγρυ-

1946 752 2098 802 πνεῖν
2147 751 2242 804 καὶ
2281 753 2709 824 ἐπιστρέφεσθαι
2737 757 2831 808 καὶ
2865 755 3049 808 ἀλύειν
3079 756 3173 808 ἐπὶ
3203 756 3309 810 τῶν
3351 757 3614 828 μαλακῶν

1945 838 2229 907 κειμένους
2259 841 2614 912 στρωμάτων.

2015 925 2135 980 OA'.
2174 927 2329 998 Ἐνῆν
2355 928 2448 982 καὶ
2466 928 2730 999 ἑτέρωθεν
2756 929 2924 994 δεῖξαι
2953 932 3050 1001 τῆς
3069 933 3280 1003 τρυφῆς
3299 931 3397 1003 τὴν
3415 932 3607 1002 ἀηδίαν

1945 1015 2038 1067 καὶ
2095 1015 2196 1086 τὴν
2250 1015 2454 1087 ζημίαν
2493 1019 2588 1070 καὶ
2642 1017 2740 1088 τὴν
2792 1019 3216 1090 ἀσχημοσύνην,
3273 1021 3370 1084 τὰς
3419 1020 3606 1081 νόσους

1945 1101 2308 1170 καταλέγοντα
2362 1107 2494 1167 ὅσας
2571 1105 3042 1176 ἐναπομόργνυται
3097 1110 3162 1178 τῇ
3223 1107 3369 1178 ψυχῇ
3431 1106 3608 1176 πολλῷ

1943 1190 2161 1254 πλείους
2220 1192 2314 1244 καὶ
2365 1192 2755 1263 χαλεπωτέρας
2792 1192 2958 1256 οῦσας
2979 1194 3086 1246 τῶν
3122 1193 3448 1262 σωματικῶν
3499 1195 3607 1246 Καὶ

1944 1277 2052 1348 γάρ
2080 1279 2375 1348 μαλακοὺς,
2414 1280 2508 1331 καὶ
2531 1279 2846 1348 ἀνάνδρους,
2877 1282 2970 1333 καὶ
3009 1281 3248 1351 θρασεῖς,
3285 1283 3379 1334 καὶ
3409 1281 3606 1343 ἀλαζό-

1945 1383 2066 1430 νας,
2092 1369 2185 1418 καὶ
2225 1367 2494 1435 ἀσελγεῖς,
2532 1369 2624 1420 καὶ
2663 1365 2944 1438 ὑϐριστὰς,
2985 1370 3080 1422 καὶ
3116 1371 3472 1433 ἀκολάστους,
3511 1370 3607 1422 καὶ

1945 1453 2294 1523 ἀκροχόλους,
2328 1455 2423 1506 καὶ
2469 1454 2673 1524 ὠμοὺς,
2707 1455 2802 1507 καὶ
2829 1457 3092 1522 ἀγεννεῖς,
3123 1457 3216 1509 καὶ
3253 1457 3602 1522 πλεονέκτας,

1943 1541 2037 1594 καὶ
2067 1541 2477 1611 δουλοπρεπεῖς,
2512 1543 2606 1594 καὶ
2637 1543 2770 1612 πρὸς
2797 1542 2939 1596 ἅπαν
2971 1546 3142 1596 εἰπεῖν
3173 1544 3280 1596 τῶν
3315 1546 3602 1616 χρησίμων

1941 1628 2034 1679 καὶ
2051 1629 2362 1695 ἀναγκαίων
2379 1630 2686 1700 ἀχρήστους
2702 1630 3041 1699 καθίστησιν·
3060 1624 3134 1683 ῶν
3151 1632 3407 1684 τάναντία
3432 1633 3606 1687 πάντα

1941 1714 1972 1782 ἡ
2003 1714 2305 1784 αὐτάρκεια
2332 1719 2495 1767 ποιεῖ.
2541 1715 2699 1768 Ἀλλά
2729 1716 2824 1769 νῦν
2863 1717 3000 1787 πρὸς
3018 1718 3202 1788 ἕτερον
3237 1719 3365 1788 ἡμῖν
3394 1721 3422 1772 6
3450 1720 3606 1787 λόγος

1941 1800 2221 1867 ἐπείγεται
2246 1818 2262 1832 σ
2298 1802 2379 1854 διὸ
2409 1803 2568 1872 μόνον
2592 1804 2768 1856 ἐκεῖνο
2808 1803 3133 1874 προσθέντες
3176 1804 3285 1858 τῶν
3317 1808 3605 1859 ἀποστολι-

1940 1887 2052 1939 κῶν
2084 1889 2246 1941 πάλιν
2266 1889 2534 1958 ἁψώμεθα
2562 1890 2841 1960 ῥημάτων.
2874 1892 2933 1943 Εί
2959 1891 3068 1962 γὰρ
3098 1893 3164 1945 τά
3179 1892 3440 1946 δοκοῦντα
3467 1891 3607 1947 εῗναι

1941 1973 2154 2043 ζηλωτὰ
2184 1975 2450 2028 τοσούτων
2487 1977 2644 2046 γέμει
2681 1977 2885 2035 κακῶν,
2923 1979 3015 2032 καὶ
3064 1978 3319 2034 τοσοῦτον
3360 1983 3427 2051 τῇ
3449 1981 3604 2054 ψυχῇ

1932 2048 2032 2114 ’καὶ
2052 2061 2128 2132 τῷ
2157 2062 2366 2134 σώματι
2396 2065 2487 2116 τὸν
2519 2065 2734 2134 νιφετὸν
2764 2065 2962 2132 ἐπάγει
2989 2065 3098 2119 τῶν
3123 2068 3469 2138 νοσημάτων,
3497 2069 3601 2122 ποῦ

1937 2148 2005 2202 τὰ
2050 2149 2269 2221 λυπηρά
2315 2152 2590 2222 θὴσομεν;
2643 2145 2753 2204 οἷον
2804 2153 3080 2223 ἀρχόντων
3141 2154 3371 2222 φόϐους,
3417 2156 3606 2227 δὴμων

1936 2237 2134 2306 ὁρμὰς,
2159 2239 2512 2307 συκοφαντῶν
2532 2239 2625 2292 καὶ
2649 2237 2936 2308 βασκάνων
2964 2239 3255 2305 ἐπιϐουλάς
3277 2259 3288 2272 ⁸
3309 2241 3343 2296 ἀ
3373 2243 3607 2312 μάλιστα

1936 2324 2062 2387 τοὺς
2092 2325 2457 2390 πλουτοῦντας
2495 2326 2986 2397 περιστοιχίζεται·
3035 2331 3092 2380 ὲν
3132 2323 3213 2391 οἷς
3245 2330 3339 2382 καὶ
3365 2331 3460 2393 τὰς
3505 2348 3606 2398 γυ-

1937 2414 2128 2475 ναῖκας
2161 2413 2421 2482 μειζόνως
2438 2414 2544 2466 τῶν
2577 2414 2762 2468 κακῶν
2785 2415 2996 2485 ἀνάγκη
3033 2419 3308 2469 κοινωνεῖν
3326 2417 3412 2470 διὰ
3439 2418 3499 2471 τὸ
3523 2420 3601 2490 μὴ

1939 2500 2195 2567 γενναίως
2220 2501 2318 2563 τὰς
2344 2501 2600 2566 τοιαύτας
2629 2503 2814 2573 φέρειν
2843 2502 3167 2573 μεταϐολάς.

1989 2589 2107 2641 OB'.
2129 2589 2236 2640 Καὶ
2263 2589 2316 2641 τί
2340 2589 2482 2656 λέγω
2501 2592 2766 2658 γυναῖκας
2785 2607 2799 2654 ;
2823 2592 2918 2644 καὶ
2939 2591 3046 2660 γάρ
3065 2592 3218 2644 αὐτοὶ
3238 2594 3286 2644 οί
3309 2592 3498 2664 ἄνδρες
3517 2611 3606 2649 τα·

1933 2674 2227 2746 λαιπὼρως
2256 2675 2360 2729 ὑπὸ
2387 2677 2496 2730 τῶν
2517 2677 2773 2730 τοιούτων
2809 2678 3144 2733 ἁλίσκονται.
3189 2679 3245 2732 ’0
3277 2681 3375 2749 μὲν
3406 2682 3516 2752 γάρ
3547 2684 3609 2735 ἐν

1941 2763 2233 2834 αὐταρκείᾳ
2269 2762 2375 2827 ζῶν
2401 2763 2656 2834 οὐδεμίαν
2699 2765 3048 2835 μετάπτωσιν
3103 2766 3338 2819 δέδοικεν
3361 2785 3373 2798 ’
3406 2771 3434 2820 ὁ
3455 2768 3512 2820 δὲ
3547 2771 3607 2822 ἐν

1932 2850 2127 2920 ἐκείνῳ
2144 2849 2221 2920 τῷ
2249 2851 2398 2921 ὑγρῷ
2419 2851 2511 2904 καὶ
2532 2851 2909 2922 διακεχυμένῳ
2926 2851 3024 2923 βίῳ
3046 2853 3395 2923 δαπανηθεὶς,
3414 2856 3601 2909 εἴποτε

1925 2928 2174 3009 ’συμϐαίη
2207 2939 2350 2992 κατά
2382 2939 2704 3012 περίστασίν
2737 2957 2858 2994 τινα
2888 2941 2980 2993 καὶ
3012 2940 3262 3011 ἀνάγκην
3293 2943 3607 3013 παραδοθῆ-

1932 3039 2018 3077 ναι
2047 3027 2229 3096 πενίᾳ,
2254 3025 2573 3098 τεθνήξεται
2601 3029 2865 3099 πρότερον
2899 3028 2930 3098 ἦ
2965 3028 3169 3100 ταύτην
3205 3029 3339 3082 οίσει
3384 3030 3478 3100 τὴν
3511 3048 3609 3100 με-

1929 3112 2184 3183 ταϐολὴν,
2220 3113 2306 3166 διά
2331 3113 2390 3166 τὸ
2420 3114 2752 3184 ἀμελέτητον
2780 3115 2874 3167 καὶ
2908 3115 3394 3186 ἀγύμναστονΔιά
3431 3117 3607 3172 ταῦτα

1929 3201 1958 3252 ό
1991 3201 2257 3272 μακάριος
2309 3199 2521 3265 Παῦλος
2555 3201 2706 3269 ἔλεγε
2729 3219 2741 3231 ο
2775 3202 2995 3270 Θλῖψιν
3035 3201 3111 3271 τῇ
3136 3204 3312 3271 σαρκὶ
3350 3204 3604 3268 ἕξουσιν

1929 3292 1982 3342 οὶ
2018 3287 2272 3341 τοιοῦτοι
2293 3304 2307 3317 ·
2346 3287 2460 3357 ἐγὼ
2483 3288 2551 3340 δὲ
2589 3287 2760 3357 ὑμῶν
2785 3289 3079 3358 φείδομαι.
3112 3287 3243 3342 Εἶτα
3274 3291 3413 3360 μετά
3445 3291 3606 3347 τοῦτό

1931 3391 2125 3445 φησιν’
2166 3375 2228 3428 '0
2272 3375 2475 3444 καιρὸς
2514 3376 3010 3446 συνεσταλμένος
3042 3379 3108 3430 τὸ
3160 3380 3381 3432 λοιπόν
3407 3380 3603 3436 ἐστιν.

2001 3463 2119 3516 0P.
2154 3463 2265 3517 Καὶ
2289 3463 2342 3517 τί
2372 3463 2530 3516 τοῦτο
2556 3463 2691 3535 πρὸς
2712 3465 2802 3517 τὸν
2831 3465 3045 3535 γάμον;
3081 3466 3210 3528 ἴσως
3241 3465 3308 3518 ἂν
3329 3466 3470 3520 είποι
3499 3485 3604 3532 τις.

1932 3543 2046 3599 Καὶ
2059 3546 2266 3617 σφόδρα
2283 3546 2380 3618 μὲν
2405 3545 2498 3601 οὖν
2521 3547 2656 3618 πρὸς
2671 3548 2850 3601 αὐτόν.
2871 3548 2932 3600 Et
2949 3547 3057 3616 γάρ
3087 3549 3144 3600 ἐν
3166 3547 3242 3617 τῷ
3264 3549 3488 3619 παρόντι
3505 3550 3607 3620 βίῳ

1932 3625 2370 3694 συγκέκλεισται,
2404 3629 2461 3680 ἐν
2489 3627 2546 3679 δὲ
2579 3626 2656 3696 τῷ
2712 3627 2960 3696 μέλλοντι
3009 3625 3131 3679 οὕτε
3170 3630 3441 3699 γαμοῦσιν
3476 3629 3602 3684 οὕτε

1929 3707 2272 3776 γαμίζονται,
2301 3709 2330 3760 6
2353 3707 2410 3759 δὲ
2437 3704 2624 3778 παρὼν
2650 3709 2843 3778 καιρὸς
2874 3707 3010 3777 πρὸς
3037 3707 3098 3759 τὸ
3123 3707 3276 3771 τέλος
3297 3710 3601 3778 ἐπείγεται,

1930 3786 2023 3838 καὶ
2053 3785 2146 3838 ἐπὶ
2174 3783 2368 3854 θύραις
2401 3782 2471 3836 τά
2497 3783 2609 3852 τῆς.
2627 3784 2976 3847 ἀναστάσεως
3004 3784 3259 3854 ἕστηκεν,
3313 3787 3374 3838 οὐ
3402 3788 3604 3856 γάμων

1930 3866 2120 3936 καιρὸς
2147 3865 2265 3918 οὑδέ
2292 3863 2589 3934 κτημάτων
2637 3863 2751 3916 ἀλλ’
2773 3865 2979 3927 ἐνδείας
3006 3865 3099 3916 καὶ
3121 3865 3221 3934 τῆς
3253 3865 3420 3936 ἄλλης
3450 3867 3603 3936 φιλο-

1930 3944 2120 4013 σοφίας
2150 3944 2369 4014 άπάσης
2400 3944 2501 4012 τῆς
2555 3944 2672 3995 ἐκεῖ
2717 3945 3162 4014 χρησιμευούσης
3203 3946 3356 4014 ἡμῖν.
3392 3946 3606 4018 Ὥσπερ

1928 4021 2036 4092 γάρ
2068 4024 2100 4092 ἡ
2125 4021 2393 4092 παρθένος
2423 4021 2526 4082 ἓως
2554 4019 2652 4090 μὲν
2672 4018 2738 4072 ἀν
2753 4021 2889 4075 οἴκοι
2918 4022 3052 4092 μένῃ
3083 4020 3220 4091 μετά
3247 4023 3345 4092 τῆς
3376 4024 3602 4094 μητρὸς,

1928 4100 2128 4170 πολλὴν
2171 4099 2278 4153 τῶν
2313 4098 2576 4152 παιδικῶν
2611 4097 2867 4152 ἀπάντων
2911 4102 3143 4151 ποιεῖται
3199 4100 3476 4169 φροντίδα,
3509 4103 3605 4154 καὶ

1928 4176 2179 4231 κιϐώτιον
2204 4179 2261 4230 ἐν
2290 4177 2367 4247 τῷ
2411 4175 2644 4246 ταμιείῳ
2701 4176 3048 4246 καταθεμένη
3092 4177 3199 4228 τῶν
3222 4179 3607 4248 ἀποκειμένων

1929 4258 2062 4319 ἐκεῖ,
2117 4258 2207 4308 καὶ
2245 4256 2344 4327 τὴν
2378 4256 2526 4308 κλεῖν
2555 4255 2694 4326 αὐτὴ
2747 4255 3030 4325 κέκτηται,
3073 4256 3165 4308 καὶ
3209 4255 3310 4326 τὴν
3352 4256 3606 4322 ἐξουσίαν

1929 4335 2145 4389 ἃπασαν
2178 4335 2311 4406 ἔχει,
2341 4337 2434 4388 καὶ
2461 4334 2730 4403 τοσαύτην
2765 4334 2906 4403 ὑπὲρ
2935 4333 3037 4404 τῆς
3065 4333 3172 4386 τῶν
3199 4333 3412 4405 μικρῶν
3447 4333 3602 4386 ἐκεί-

1928 4430 2032 4465 νων
2089 4416 2183 4466 καὶ
2233 4413 2451 4482 φαύλων
2487 4412 2635 4484 [326]
2669 4411 2916 4481 φυλακῆς
2945 4411 3262 4481 ἀναδέχεται
3301 4412 3598 4482 μέριμναν,

1927 4493 2058 4561 ὅσην
2093 4494 2142 4544 οί
2185 4491 2283 4554 τὰς
2319 4491 2559 4562 μεγάλας
2607 4493 3058 4561 ἐπιτροπεύοντες
3079 4509 3090 4521 ·
3127 4491 3342 4544 ἐπειδὰν
3377 4491 3434 4543 δέ
3463 4509 3606 4562 μνη-

1929 4571 2213 4624 στεύεσθαι
2251 4571 2346 4643 δέῃ
2393 4571 2485 4624 καὶ
2514 4571 2542 4622 ὁ
2573 4568 2665 4623 τοῦ
2711 4571 2894 4639 γάμου
2944 4571 3135 4639 καιρὸς
3180 4569 3464 4639 ἀναγκάζῃ
3501 4569 3607 4638 τὴν

1928 4649 2186 4721 πατρῴαν
2243 4652 2420 4702 οἰκίαν
2468 4651 2711 4718 ἀφεῖναι,
2764 4649 2885 4702 τότε
2938 4651 3036 4718 τῆς
3073 4649 3349 4712 εὐτελείας
3383 4647 3604 4716 ἐκείνης

1928 4729 2300 4796 ἀπαλλαγεῖσα
2341 4729 2434 4781 καὶ
2464 4728 2563 4798 τῆς
2595 4729 3004 4797 ταπεινότητος,
3040 4727 3216 4790 οἰκίας
3243 4725 3601 4798 προστασίαν,

1927 4810 2020 4860 καὶ
2053 4809 2346 4878 κτημάτων
2371 4807 2464 4859 καὶ
2495 4807 2842 4876 ἀνδραπόδων
2892 4806 3112 4874 πλῆθος,
3153 4807 3246 4859 καὶ
3278 4805 3470 4874 ἀνδρὸς
3507 4804 3602 4856 θε-

1930 4889 2192 4957 ραπείαν,
2245 4886 2340 4939 καὶ
2395 4885 2463 4938 τά
2516 4885 2651 4939 ἄλλα
2695 4886 2762 4938 τά
2801 4884 3008 4938 τούτων
3048 4886 3272 4956 μείζονα
3329 4884 3602 4954 μεριμνᾷν

1927 4966 2326 5035 ἀναγκάζεται·
2359 4963 2502 5016 οὕτω
2533 4964 2627 5017 καὶ
2656 4966 2803 5034 ἡμᾶς
2839 4964 2966 5035 χρὴ,
2999 4963 3187 5035 ἐπειδὴ
3224 4965 3357 5034 πρὸς
3389 4963 3480 5015 τὸν
3509 4961 3604 5014 τέ-

1925 5045 2066 5098 λειον
2097 5045 2339 5115 ἀγόμεθα
2371 5044 2483 5114 βίον
2513 5044 2605 5097 καὶ
2631 5044 2721 5096 τὸν
2743 5043 2970 5114 ἀνδράσι
3006 5046 3374 5115 προσήκοντα,
3405 5041 3473 5094 τὰ
3505 5041 3602 5094 ἐπὶ

1925 5125 2026 5192 τῆς
2059 5126 2160 5193 γῆς
2196 5126 2373 5178 πάντα
2410 5124 2648 5191 ἀφέντας
2680 5124 2748 5175 τὰ
2793 5123 2962 5187 ὅντως
3018 5124 3245 5177 παιδικά
3285 5121 3600 5192 ἀθύρματα,

1929 5202 2292 5270 φαντάζεσθαι
2326 5201 2418 5254 τὸν
2467 5201 2696 5272 οὐρανὸν
2743 5201 2836 5254 καὶ
2866 5202 2964 5271 τῆς
3012 5203 3129 5255 ἐκεῖ
3166 5199 3448 5270 διατριϐῆς
3498 5199 3599 5265 τὴν

1925 5279 2284 5352 λαμπρότητα
2321 5281 2416 5333 καὶ
2450 5279 2547 5350 τὴν
2578 5279 2736 5345 δόξαν
2778 5280 3016 5333 ἃπασαν.
3059 5279 3446 5350 Ἠρμόσθημεν
3488 5278 3601 5346 γὰρ

1927 5363 2019 5416 καὶ
2066 5365 2225 5432 ἡμεῖς
2267 5361 2484 5430 νυμφίῳ
2522 5357 2695 5420 οὕτως
2743 5357 2997 5428 ζητοῦντι
3025 5361 3154 5429 παρ’
3180 5359 3339 5428 ἡμῶν
3376 5360 3598 5425 ἀγαπᾶ-

1927 5444 2072 5506 σθαι,
2099 5444 2173 5504 ὡς
2200 5443 2272 5511 μὴ
2306 5440 2412 5492 τῶν
2438 5441 2493 5490 ἐν
2515 5441 2580 5507 τῇ
2605 5441 2674 5507 γῇ
2711 5441 2890 5507 μόνον,
2919 5439 3051 5508 μηδὲ
3086 5438 3192 5491 τῶν
3227 5436 3438 5508 μικρῶν
3472 5435 3598 5488 τούς

1924 5540 2034 5575 των
2056 5523 2148 5575 καί
2175 5519 2429 5580 εὐτελῶν,
2463 5516 2598 5570 ἀλλά
2629 5518 2720 5568 καὶ
2737 5517 2836 5584 τῆς
2869 5519 3046 5588 ψυχῆς
3070 5518 3238 5588 αὐτῆς
3267 5514 3599 5578 ἀφίστασθαι

1923 5603 1989 5656 δι’
2020 5601 2200 5664 αὐτὸν,
2229 5600 2354 5652 ὅταν
2377 5598 2492 5669 δέῃ.
2547 5596 2700 5648 Ἐπεί
2727 5591 2820 5649 οὖν
2858 5598 2973 5650 ἐκεῖ
3005 5597 3189 5651 λοιπὸν
3224 5596 3439 5649 ἀπιέναι
3466 5595 3596 5665 χρὴ.

1927 5680 2322 5748 ἀπαλλάξωμεν
2349 5676 2572 5736 ἐαυτοὺς
2602 5673 2703 5743 τῆς
2737 5677 3013 5747 φροντίδος
3041 5677 3140 5745 τῆς
3169 5675 3438 5743 εὐτελοῦς.
3460 5675 3597 5727 Οὑδέ

1928 5766 2036 5837 γάρ
2063 5766 2141 5826 είς
2165 5761 2440 5832 βασιλείαν
2473 5757 2827 5828 μεθίστασθαι
2861 5760 3144 5829 μέλλοντες
3181 5759 3289 5813 ἀπὸ
3337 5759 3598 5830 πενιχρᾶς

1993 5867 2015 5897 ⁶
2041 5865 2160 5926 Reg.
2185 5864 2328 5921 ἡδύνς
2351 5865 2393 5911 οἱ
2415 5860 2567 5910 πόνοι.
2593 5859 2669 5905 καὶ
2694 5859 2748 5908 τὸ
2775 5861 2999 5927 πρότερον
3021 5863 3084 5918 εἰς
3102 5860 3281 5926 χρείαν.
