3886 6222
211 333 312 388 585

205 449 361 508 gento
382 447 436 493 et
457 452 609 504 auro,
643 437 734 492 sed
757 437 808 491 iu
841 435 1044 492 balneis
1074 451 1306 506 quoque,
1338 434 1528 500 hortis,
1561 435 1784 500 aedibus,

207 529 374 584 Ileum
401 538 454 583 et
482 545 588 584 non
608 544 808 594 meum,
833 527 994 582 verba
1022 527 1192 581 solum
1225 540 1369 580 mera
1396 525 1784 596 deprehendas.

207 621 333 675 Nam
360 635 488 675 usus
509 619 754 673 omnibus
782 619 1081 673 communis
1107 627 1218 671 est:
1246 627 1447 670 tantum
1474 616 1562 686 qui
1588 615 1789 670 domini

208 712 504 776 videantur,
535 709 635 765 hoc
664 711 783 780 plus
809 709 1006 764 habent
1031 725 1187 778 quam
1211 709 1298 778 qui
1323 723 1426 761 non
1455 709 1582 772 sint,
1602 721 1788 760 eorum

209 804 420 871 inquam
443 816 644 856 curam.
670 801 729 854 lii
757 801 900 854 enim
926 797 1174 853 fruuntur
1195 806 1426 864 tantum;
1457 797 1530 851 illi
1548 793 1788 850 adhibito

207 893 390 962 grandi
419 892 596 946 studio
619 891 948 946 tantumdem
973 897 1390 958 consequuntur,
1433 897 1689 959 quantum
1733 887 1788 942 hi

210 985 337 1039 citra
361 985 618 1040 studium.

281 1076 463 1131 LXIX.
505 1077 840 1147 Sumptuosas
854 1091 1052 1129 mensas
1068 1089 1267 1144 magna:
1287 1072 1603 1127 insuavitatis
1618 1071 1794 1142 plenas

215 1185 331 1230 esse.
359 1199 427 1208 —-
455 1167 606 1234 Quod
649 1168 692 1220 si
731 1168 851 1236 quis
881 1183 1116 1220 summas
1145 1167 1366 1220 delicias
1395 1165 1636 1230 miretur,
1670 1173 1790 1234 pttta

216 1263 538 1316 :oncisarum
563 1261 799 1314 carnium
825 1259 1236 1325 multitudinem,
1257 1259 1494 1313 inutilem
1519 1259 1624 1311 viui
1649 1274 1796 1312 sum-

212 1362 377 1422 ptum,
410 1351 672 1421 exquisita
702 1352 1062 1416 condimenta,
1107 1359 1428 1405 structorum
1457 1364 1553 1405 seu
1581 1364 1795 1404 mensa-

213 1444 410 1496 riorum
442 1451 496 1496 et
529 1443 784 1510 pistorum
806 1442 822 1473 ¹
867 1442 1110 1505 artiﬁcia,
1156 1441 1508 1510 parasitorum
1539 1450 1593 1494 et
1617 1440 1797 1494 convi-

214 1547 395 1586 varum
429 1533 656 1598 turbam,
681 1533 832 1597 sciat,
865 1531 1055 1587 divites
1077 1533 1128 1585 in
1158 1531 1240 1585 his
1263 1531 1429 1584 nihilo
1447 1531 1652 1585 meliori
1675 1545 1796 1585 esse

213 1626 329 1679 loco
349 1640 506 1694 quam
534 1639 754 1693 coquos.
779 1623 912 1678 Nam
941 1633 998 1677 ut
1022 1624 1073 1678 hi
1099 1623 1366 1686 dominos,
1399 1623 1476 1677 sic
1515 1623 1589 1676 illi
1617 1622 1798 1690 hospi-

217 1727 295 1770 tes
322 1725 594 1779 verentur,
627 1731 693 1767 ne
721 1714 846 1783 quid
886 1729 1070 1769 eorum
1113 1729 1230 1783 quae
1278 1728 1503 1782 operose
1547 1722 1602 1768 et
1647 1726 1799 1766 sum-

217 1817 403 1876 ptuose
430 1807 491 1860 iis
520 1816 768 1875 apparata
787 1807 913 1872 sint,
943 1805 1332 1875 reprehendant
1361 1813 1414 1859 et
1440 1814 1678 1874 carpant.
1704 1809 1799 1859 At-

217 1912 318 1966 que
349 1896 445 1950 hac
475 1897 524 1949 in
557 1907 704 1965 parte
741 1897 964 1966 coquis'
993 1905 1340 1964 exzequanlur
1367 1913 1380 1948 :
1415 1895 1465 1949 in
1504 1897 1607 1950 alia
1638 1896 1800 1951 etiam

218 1995 490 2055 superant.
523 1986 703 2056 Neque
731 1988 872 2041 enim
900 1987 1070 2040 solum
1117 1994 1475 2050 accusatores,
1509 1985 1602 2040 sed
1629 2001 1799 2040 aemu-

220 2079 300 2132 los
323 2079 481 2132 etiam
513 2079 732 2131 timent:
765 2078 1026 2147 siquidem
1059 2078 1239 2131 multis
1268 2091 1410 2146 smpe
1445 2092 1512 2132 ex
1539 2077 1799 2146 ejusmodi

221 2169 474 2223 conviviis
519 2169 711 2222 invidia
742 2178 917 2222 creata
961 2177 1062 2233 est,
1109 2183 1207 2221 nec
1233 2178 1356 2221 ante
1395 2167 1618 2228 destitit,
1643 2183 1802 2236 quam

221 2275 314 2315 eos
354 2261 406 2314 in
443 2261 628 2328 capitis
659 2261 948 2329 periculum
987 2260 1223 2314 adduxit.
1277 2261 1346 2314 At
1395 2259 1615 2314 helluari
1663 2276 1804 2330 saepe

223 2364 385 2404 suave
409 2360 511 2404 est.
537 2352 826 2421 Apagesis:
859 2351 1072 2421 quando
1092 2366 1159 2404 ex
1183 2350 1284 2404 hoc
1310 2350 1434 2404 luxu
1463 2359 1518 2404 et
1545 2352 1799 2421 gravedo,

222 2453 278 2496 et
303 2444 500 2497 ventris
519 2443 771 2506 obesitas,
791 2452 843 2498 et
865 2444 1082 2512 spiritus
1108 2443 1420 2509 obstruetio,
1451 2451 1506 2497 et
1529 2443 1803 2497 oculorum

224 2535 542 2602 obscuritas,
573 2544 630 2590 et
654 2537 878 2605 vertigo,
920 2544 975 2590 et
1021 2537 1210 2606 caligo,
1255 2535 1464 2605 aliaque
1513 2535 1598 2589 his
1644 2536 1803 2590 etiam

225 2626 446 2680 foediora
477 2627 611 2680 mala
640 2627 917 2696 pullulant.
950 2628 1121 2696 Atque
1148 2628 1352 2680 utinam
1385 2640 1448 2680 ea
1479 2625 1804 2680 immodera-

230 2718 304 2772 tio
329 2733 392 2771 ac
426 2718 632 2787 jactura
676 2719 997 2788 quotidianis
1036 2727 1238 2773 tantum
1270 2717 1544 2773 doloribus
1573 2719 1803 2773 circum-

226 2811 420 2880 scripta
449 2812 553 2865 sit:
585 2827 726 2866 nunc
754 2811 923 2866 morbi
953 2811 1064 2866 fere
1091 2810 1410 2865 incurabiles
1444 2825 1511 2864 ex
1541 2809 1625 2864 his
1652 2825 1808 2864 men-

225 2901 302 2954 sis
346 2902 605 2969 originem
652 2901 899 2965 trahunt;
931 2917 1054 2954 nam
1085 2909 1140 2956 et
1169 2899 1423 2970 podagra,
1469 2908 1524 2954 et
1555 2899 1724 2965 tabes,
1755 2910 1810 2953 et

225 3007 381 3047 sacer
407 2993 640 3058 morbus,
672 3002 726 3046 et
769 2993 1046 3062 paralysis,
1079 2991 1350 3061 multaque
1392 2993 1477 3044 his
1501 2992 1661 3045 etiam
1691 3006 1808 3060 gra-

226 3085 372 3138 viora
401 3099 597 3154 corpus
637 3099 884 3154 aggressa
934 3083 999 3138 ad
1041 3092 1338 3138 extremum
1382 3083 1624 3152 spiritum
1672 3083 1809 3138 infe-

225 3184 388 3230 stant.
419 3176 620 3242 Quibus
651 3175 805 3230 malis
834 3190 950 3245 quae
995 3190 1091 3244 par
1127 3175 1379 3244 explicari
1409 3174 1651 3243 voluptas
1681 3189 1808 3242 pos-

226 3267 334 3320 sit?
358 3282 475 3336 quae
504 3282 610 3320 non
638 3267 758 3320 vitae
781 3265 1002 3321 durities
1025 3263 1092 3319 ad
1116 3279 1301 3319 eorum
1331 3263 1582 3333 effugium
1621 3263 1806 3319 ineun-

227 3357 296 3408 da
325 3355 431 3409 sit?

302 3446 465 3501 LXX.
507 3447 836 3502 Sobrietalem
874 3448 1069 3502 deliciis
1097 3456 1144 3501 et
1170 3447 1423 3500 utiliorem
1458 3455 1504 3499 et
1531 3445 1811 3500 suaviorem

229 3557 354 3594 esse.
385 3571 458 3580 —
477 3541 546 3595 At
571 3541 831 3609 ejusmodi
854 3555 957 3595 non
983 3551 1065 3594 est
1091 3539 1382 3609 frugalitas,
1413 3539 1507 3594 sed
1533 3538 1601 3592 ab
1625 3538 1711 3592 bis
1733 3538 1813 3591 in-

231 3632 418 3685 faustis
439 3632 622 3700 procul
650 3640 873 3696 retnota,
906 3631 1148 3685 sanitatis
1173 3639 1330 3699 atque
1357 3626 1670 3682 valetudinis
1687 3641 1813 3682 cau-

229 3737 312 3775 sa.
339 3721 492 3788 Quod
522 3722 564 3776 si
603 3722 721 3792 quis
749 3722 1070 3791 voluptatem
1116 3720 1275 3774 etiam
1323 3719 1576 3788 requirat,
1629 3717 1682 3771 in
1725 3732 1810 3784 ea,

231 3829 390 3884 quam
419 3814 470 3868 in
500 3814 648 3877 luxu,
681 3814 935 3882 majorem
981 3812 1244 3866 inveniet:
1276 3825 1340 3864 ac
1368 3810 1594 3879 primum
1635 3823 1703 3864 ex
1746 3822 1814 3862 eo

232 3905 376 3976 quod
408 3905 568 3960 homo
597 3906 792 3970 valeat,
822 3919 995 3974 neque
1026 3903 1214 3956 horum
1254 3901 1518 3955 malorum
1548 3912 1814 3969 quoquam

233 3995 552 4064 exagitetur,
575 4009 800 4064 quorum
822 3994 906 4048 vel
933 3992 1140 4062 singula
1166 3991 1392 4046 seorsim
1421 3990 1552 4043 satis
1571 3988 1678 4042 sint
1696 4002 1815 4056 qua:

233 4088 558 4155 voluptatem
587 4085 946 4155 exstinguant,
993 4093 1048 4137 et
1090 4091 1358 4151 tamquam
1387 4095 1418 4133 a
1455 4078 1816 4135 fundamentis

233 4185 508 4232 evertant:
538 4177 730 4231 deinde
755 4191 818 4230 ex
846 4175 980 4230 cibis
1008 4174 1156 4244 ipsis.
1187 4173 1304 4238 Quo
1332 4171 1520 4240 pacto?
1558 4169 1812 4239 Volupta~

234 4277 345 4322 tem
371 4266 535 4322 efficit
569 4268 868 4336 appetitus:
895 4263 1186 4334 appetitum
1213 4278 1320 4316 non
1353 4262 1605 4317 saturitas
1643 4275 1709 4316 ac
1734 4274 1800 4316 sa

237 4361 415 4425 tietas,
446 4359 539 4414 sed
565 4368 773 4429 egestas
800 4366 856 4413 et
884 4357 1059 4426 inopia
1105 4355 1264 4424 parit.
1305 4353 1381 4407 Ea
1420 4361 1598 4408 autem
1627 4367 1734 4407 non
1765 4351 1812 4406 it

235 4451 482 4515 divitum,
515 4449 610 4504 sed
640 4450 691 4503 in
723 4463 1010 4518 pauperum
1057 4446 1228 4502 omnis
1256 4443 1469 4499 assidue
1496 4452 1689 4513 praesto
1714 4451 1821 4499 est.

237 4541 413 4610 epulis
435 4540 623 4610 quovis
641 4548 905 4594 structore
927 4546 983 4593 et
1001 4551 1174 4608 coquo
1191 4535 1392 4607 gratius
1411 4534 1517 4589 mel
1532 4532 1818 4588 instillans.

237 4631 514 4702 Siquidem
544 4631 736 4686 divites
760 4645 860 4684 nec
899 4629 1196 4685 esurientes
1237 4627 1415 4681 cibum
1456 4623 1694 4692 capiunt,
1721 4636 1823 4677 nec

238 4726 485 4780 sitientes
513 4723 716 4788 bibunt,
739 4731 794 4776 et
817 4730 1101 4790 antequam
1126 4717 1414 4773 vehemens
1442 4715 1613 4770 somni
1639 4726 1825 4768 neces-

239 4817 375 4871 sitas
399 4815 478 4870 eis
494 4811 1114 4884 ingruat,cons0piuntur
1137 4826 1150 4862 :
1176 4809 1229 4861 hi
1257 4821 1442 4862 eorum
1465 4805 1612 4875 prius
1633 4801 1819 4872 indigi,

239 4905 315 4959 ita
343 4904 556 4958 demum
581 4917 644 4957 ea
675 4901 970 4971 percipiunt
1009 4916 1022 4951 :
1053 4897 1195 4968 quod
1236 4896 1448 4966 quidem
1497 4893 1824 4962 voluptatem

237 5003 404 5066 anget
430 4994 680 5048 maxime.
711 4993 817 5047 Cur
842 4991 984 5046 enim
1029 4998 1085 5044 et
1127 4989 1378 5045 Salomon
1413 4984 1554 5041 servi
1578 4997 1824 5040 somnum

238 5086 458 5142 dulcem
484 5084 763 5140 confirmat
794 5082 876 5136 his
901 5081 1116 5136 verbis:
1150 5078 1324 5132 Dulcis
1345 5085 1415 5131 est
1433 5091 1574 5131 servo
1597 5089 1822 5139 somnus,

236 5178 350 5231 sive
373 5173 588 5228 multum
611 5176 714 5228 sive
739 5188 918 5243 parum
955 5169 1224 5224 comederit
1256 5167 1479 5237 (Eccles.
1508 5166 1562 5220 5.
1591 5164 1718 5236 ii)?
1745 5163 1826 5218 An

240 5273 468 5336 propter
493 5264 708 5319 mollem
739 5261 951 5317 torum?
978 5263 1049 5315 At
1075 5259 1240 5325 humi,
1289 5265 1382 5311 aut
1424 5271 1585 5325 super
1627 5254 1830 5323 cespite

241 5363 308 5410 ut
329 5355 618 5425 plurimum
641 5354 932 5409 dormiunt.
955 5353 1035 5406 An
1057 5359 1275 5422 propter
1291 5345 1625 5403 libertatem?
1649 5345 1832 5400 Atnec

244 5446 509 5516 temporis
553 5454 884 5500 momentum
938 5444 1138 5498 habent
1191 5442 1438 5496 liberum.
1480 5441 1562 5494 An
1616 5445 1834 5509 propter

245 5537 461 5594 otium?
487 5539 556 5592 At
580 5537 852 5592 laboribus
879 5545 934 5591 et
958 5535 1212 5590 arumnis
1236 5532 1448 5588 assidue
1490 5529 1828 5586 afflictantur.

317 5692 337 5757 ἶ
374 5697 512 5757 ’ΨΒ-ν
532 5695 859 5757 “MM”?!
879 5686 1104 5757 WW9
1181 5746 1212 5757 ..

317 5753 340 5784 ²
370 5746 628 5802 sic'iorel.
649 5746 702 5802 e't
720 5748 860 5802 savii.
883 5746 1022 5813 Beg'.,
1043 5746 1252 5813 (anulis.

1563 320 1652 375 DE
1694 319 2153 376 VIRGINITATE.

3385 321 3488 378 586

1898 435 2036 503 Quid
2067 444 2150 490 est
2170 435 2329 507 igitur
2352 437 2494 508 quod
2524 451 2770 493 somnum
2797 437 3006 495 dulcem
3053 437 3246 504 reddit,
3293 438 3394 494 nisi
3423 437 3490 491 ad

1899 527 2273 582 necessitatem
2305 528 2450 597 prius
2473 529 2780 598 compulsos
2806 529 2877 584 ita
2906 543 3028 583 eum
3058 526 3290 597 denique
3319 526 3492 582 inire?

1898 615 2166 672 Caeterum
2193 616 2445 672 divitibus
2475 618 2574 672 nisi
2599 618 2760 674 ebriis
2786 617 2888 674 no:
2913 618 3141 690 ingruat,
3163 616 3492 688 pervigilan-

1899 705 2026 760 dum
2053 717 2153 770 est,
2182 716 2237 762 ct
2266 709 2316 762 in
2349 707 2598 764 mollibus
2625 709 3127 781 stragulisjacentes
3150 718 3317 764 azstua
3331 707 3492 761 udum

1900 811 1963 851 ac
1981 797 2289 854 dolendum.

1971 887 2160 942 LXXI.
2198 887 2433 942 Atiinmm
2478 889 2628 944 etiam
2668 889 2786 944 ιωάὶ
2815 889 3035 945 deliciis.
3063 920 3137 931 —
3160 889 3406 945 Poteram
3442 897 3497 942 et

1901 979 2116 1034 aliunde
2145 979 2454 1036 deliciarum
2489 982 2889 1049 insuavitatem,
2919 982 3275 1048 incommoda,
3326 980 3488 1037 foedi-

1903 1081 2066 1126 tatem
2110 1072 2416 1140 ostendere,
2464 1074 2701 1142 morbos,
2745 1075 2938 1144 quibus
2962 1076 3193 1128 animam
3226 1075 3486 1138 imbuant,

1902 1164 2270 1232 corporalibus
2296 1164 2452 1234 longe
2481 1174 2534 1220 et
2563 1165 2742 1235 plures
2768 1175 2823 1220 et
2841 1167 3112 1236 graviores
3141 1181 3486 1236 perecnsens.

1906 1254 2114 1307 Etenim
2146 1255 2356 1319 molles,
2385 1254 2741 1324 ell'eminatos,
2765 1256 3019 1322 audaces,
3045 1266 3381 1326 arrogantes,
3415 1255 3494 1310 la-

1903 1347 2097 1413 scivos,
2129 1347 2371 1417 iujurios,
2404 1347 2722 1418 impudicos,
2753 1349 3055 1413 iracundos,
3093 1347 3359 1413 crudeles,
3389 1347 3494 1402 illi-

1905 1439 2132 1505 beralcs,
2159 1455 2370 1506 avaros,
2402 1440 2664 1506 sordidos,
2693 1441 2759 1495 ad
2785 1451 2974 1495 cuncta
3013 1442 3162 1495 utilia
3207 1457 3270 1494 ac
3303 1454 3488 1494 neces-

1905 1536 2042 1589 saria
2073 1537 2280 1604 ineptos
2302 1546 2554 1606 prrcstat:
2587 1537 2782 1606 quibus
2809 1537 3020 1591 diversa
3045 1535 3226 1590 omnia
3271 1535 3491 1604 frugali-

1907 1637 1988 1683 tas
2009 1628 2194 1684 efficit.
2224 1628 2329 1683 Sed
2353 1630 2464 1698 jam
2495 1629 2600 1684 alio
2625 1629 2756 1682 mihi
2801 1637 3052 1699 properat
3089 1629 3279 1682 oratio.
3312 1627 3492 1696 Itaque

1909 1720 2008 1774 hoc
2031 1735 2136 1774 uno
2157 1719 2357 1785 addito,
2378 1736 2588 1775 rursum
2615 1721 2904 1790 apostolica
2924 1720 3087 1775 verba
3116 1727 3489 1773 retractemus.

1906 1810 2059 1878 Quod
2085 1812 2129 1865 si
2159 1826 2278 1880 qua:
2304 1810 2599 1879 expetenda
2630 1811 2932 1878 videantur,
2967 1818 3043 1864 tot
3067 1808 3222 1864 malis
3251 1818 3374 1862 sunt
3403 1824 3490 1862 re-

1909 1905 2063 1970 ferta,
2098 1910 2270 1957 tantas
2291 1913 2346 1958 et
2374 1903 2555 1958 animo
2590 1911 2646 1958 et
2685 1903 2896 1972 corpori
2926 1901 3232 1956 morborum
3277 1901 3494 1968 pruinas

1908 2002 2220 2058 accersunt,
2270 2009 2378 2064 quo
2403 1995 2520 2049 loco
2547 1993 2739 2048 acerba
2767 1982 2871 2047 sint
2901 1991 3142 2047 habenda
3165 2034 3180 2058 ,
3213 1991 3493 2060 magistra-

1909 2096 2058 2140 tuum
2106 2093 2300 2152 terror,
2333 2086 2646 2156 populorum
2691 2095 2889 2152 motus,
2939 2083 3386 2156 syc0phantarum
3441 2092 3492 2136 et

1912 2177 2226 2231 aemulorum
2276 2177 2481 2231 insidia:
2523 2192 2642 2246 qua:
2688 2176 2744 2231 in
2802 2175 2984 2246 primis
3029 2174 3222 2229 divites
3267 2174 3496 2228 circum-

1911 2267 2092 2321 stant?
2119 2266 2324 2335 Quibus
2353 2267 2510 2321 malis
2538 2266 2791 2321 mulieres
2831 2279 2962 2320 sane
3009 2265 3170 2319 etiam
3210 2262 3496 2317 vehemen-

1913 2360 2016 2412 tius
2039 2359 2159 2428 angi
2185 2367 2266 2412 est
2293 2372 2535 2425 necesse,
2566 2356 2706 2428 quod
2749 2370 2843 2412 cas
2881 2354 3274 2410 vicissitudines
3321 2353 3493 2422 impo-

1913 2451 2110 2508 tentius
2137 2451 2330 2506 ferant.
3275 2461 3278 2464 ’

1983 2541 2191 2598 LXXII.
2237 2541 2456 2596 Delicias
2475 2557 2588 2596 cum
2609 2539 2726 2595 aliis
2751 2539 2899 2594 malis
2919 2539 3034 2594 vita:
3057 2536 3496 2592 commutationem

1911 2635 2114 2703 aﬂ'erre.
2143 2665 2214 2676 —-
2244 2633 2313 2688 Et
2348 2632 2476 2703 quid
2524 2633 2776 2688 mulieres
2816 2631 2960 2699 dico,
2989 2646 3109 2686 cum
3152 2629 3235 2684 vel
3266 2627 3364 2682 viri
3388 2628 3497 2682 mi-

1911 2741 2030 2783 sere
2061 2727 2124 2781 iis
2151 2726 2457 2794 capiantur;
2485 2739 2609 2779 nam
2645 2724 2734 2794 qui
2780 2723 3053 2794 frugaliter
3081 2722 3230 2788 vivit,
3258 2736 3498 2776 commu—

1918 2819 2176 2872 tationem
2203 2817 2401 2871 nullam
2431 2815 2647 2880 horret;
2678 2815 2769 2886 qui
2798 2813 3041 2884 frigidam
3063 2813 3206 2868 illam
3228 2828 3290 2868 ac
3316 2812 3492 2867 disso-

1914 2910 2076 2964 lutam
2099 2910 2261 2962 vitam
2289 2907 2474 2978 exigit,
2501 2922 2625 2961 eum
2651 2907 2694 2960 si
2717 2921 2820 2976 qua
2851 2905 3095 2960 incidens
3115 2905 3390 2959 calamitas
3417 2912 3497 2958 at-

1914 3017 2017 3072 que
2035 3001 2115 3056 vis
2135 3000 2326 3069 inopim
2345 2998 2538 3066 tradat,
2559 3005 2743 3067 utpote
2763 2997 2854 3066 qui
2880 2996 3027 3051 rudis
3043 3007 3098 3050 et
3118 2994 3498 3050 inexercitatus

1912 3093 2003 3160 sit,
2029 3099 2152 3146 ante
2177 3089 2452 3156 moriatur,
2499 3102 2656 3158 quam
2706 3086 2854 3142 vices
2894 3101 2986 3142 eas
3028 3083 3279 3154 perferat.
3320 3082 3501 3153 Itaque

1912 3185 2099 3240 beatus
2121 3181 2317 3238 Paulus
2337 3179 2432 3246 ait,
2455 3177 2852 3234 Tribulationem
2873 3177 3041 3231 carnis
3061 3174 3306 3230 habebunt
3321 3175 3502 3245 hujus-

1913 3277 2072 3341 modi,
2097 3290 2190 3346 ego
2217 3282 2383 3328 autem
2405 3270 2543 3325 vobis
2583 3285 2735 3339 parco
2767 3269 2840 3341 (i.
2874 3267 2992 3324 Cor.
3033 3267 3088 3322 7.
3128 3264 3261 3334 28):
3290 3279 3352 3320 ac
3381 3273 3502 3334 post

1914 3365 2083 3431 addit,
2109 3362 2331 3434 Tempus
2351 3361 2494 3415 breve
2522 3368 2618 3416 est.

1985 3455 2220 3512 LXXIII.
2265 3453 2387 3509 Non
2415 3469 2522 3508 esse
2548 3460 2744 3522 tempus
2763 3449 2857 3504 hoc
2877 3447 3186 3503 matrimonii
3211 3457 3500 3518 lemma.—

1917 3549 1983 3602 Et
2010 3546 2136 3615 quid
2166 3544 2269 3600 hoc
2293 3543 2360 3598 ad
2389 3540 2826 3598 matrimonium?
2851 3539 2994 3595 dicat
3019 3537 3304 3608 quispiam.
3331 3535 3500 3592 Valde

1917 3651 2044 3694 sane
2063 3635 2130 3691 ad
2157 3635 2330 3706 ipsum
2361 3632 2626 3703 pertinet;
2658 3631 2702 3685 si
2743 3631 2887 3685 enim
2914 3629 3020 3683 vita
3058 3628 3159 3683 hac
3187 3626 3500 3682 conclusum

1918 3737 2018 3796 est,
2047 3737 2101 3783 et
2127 3728 2179 3781 in
2200 3725 2378 3781 futuro
2406 3738 2508 3779 nec
2535 3723 2737 3778 ducunt
2759 3735 2860 3776 nec
2885 3721 3172 3785 ducuntur,
3213 3725 3375 3788 atque
3398 3717 3503 3772 hoc

1921 3831 2154 3886 praesens
2183 3824 2393 3884 tempus
2419 3812 2486 3868 ad
2513 3812 2670 3866 linem
2700 3809 2956 3877 decurrit,
2981 3809 3238 3878 quasique
3257 3821 3356 3876 pro
3375 3804 3505 3860 fori-

1921 3909 2020 3966 bus
2057 3906 2378 3963 resurrectio
2405 3911 2509 3969 est,
2551 3917 2657 3957 non
2695 3901 2807 3970 jam
2838 3908 3049 3968 tempus
3073 3906 3157 3952 est
3182 3893 3506 3951 matrimonii

1921 4016 1982 4056 ac
2001 3999 2364 4072 pecuniarum,
2388 3995 2482 4050 sed
2507 3993 2779 4065 egestatis,
2801 3999 2855 4046 et
2880 3990 2934 4045 id
2959 4004 3126 4060 genus
3146 3987 3363 4057 reliqua:
3380 3987 3504 4055 phi-

1922 4091 2200 4161 i030phite,
2225 4103 2344 4160 qua:
2363 4087 2472 4142 illic
2497 4085 2649 4140 nobis
2669 4083 2941 4154 profutura
2967 4081 3058 4135 sit.
3086 4079 3220 4136 Nam
3249 4076 3507 4148 quemado

1922 4181 2138 4238 modum
2181 4179 2330 4248 virgo
2377 4175 2631 4248 quamdiu
2675 4172 2819 4229 domi
2869 4179 3049 4226 manet
3087 4167 3228 4238 apud
3255 4178 3502 4232 matrem,

1922 4287 2167 4342 magnam
2197 4267 2481 4340 puerilium
2505 4265 2741 4320 omnium
2766 4276 2949 4317 curam
2979 4259 3221 4329 suscipit,
3247 4265 3303 4313 et
3327 4257 3504 4314 arcula

1925 4364 1980 4418 in
2007 4376 2201 4432 penum
2221 4359 2460 4430 deposita
2486 4371 2671 4412 eorum
2699 4351 2942 4424 qumillic
2966 4349 3177 4405 condita
3202 4348 3311 4402 sint
3328 4357 3382 4403 et
3396 4347 3511 4402 cla-

1924 4468 2045 4510 vem
2065 4443 2176 4524 ipsa
2205 4450 2461 4523 possidet,
2488 4458 2543 4504 et
2561 4446 2833 4503 arbitrium
2852 4458 3011 4498 omne
3037 4448 3200 4507 tenet,
3222 4440 3290 4496 de
3309 4440 3506 4496 levium

1926 4546 2138 4600 illorum
2160 4552 2215 4598 et
2235 4542 2461 4596 futilium
2483 4537 2722 4594 custodia
2743 4548 2895 4605 aeque
2916 4533 3140 4588 sollicita
3161 4545 3223 4586 ac
3238 4529 3328 4600 qui
3346 4545 3508 4600 gran-

1925 4639 2048 4694 dem
2078 4635 2328 4691 familiam
2349 4631 2751 4692 administrant;
2775 4641 2896 4682 cum
2923 4633 3101 4680 autem
3127 4622 3398 4692 sponsalia
3417 4620 3511 4676 ad-

1927 4734 2074 4793 sunt,
2121 4734 2371 4795 paternas
2412 4721 2558 4777 aedes
2601 4717 2870 4774 dimittere
2911 4721 3116 4780 coacta,
3149 4721 3259 4766 tum
3288 4725 3418 4766 vero
3447 4709 3511 4766 iis
3548 4709 3554 4728 "

1929 4817 2083 4887 nugis
2133 4824 2189 4871 et
2237 4813 2477 4868 minutiis
2525 4810 2767 4871 liberata,
2816 4804 3009 4860 domus
3050 4801 3509 4872 gubernationem,

1930 4921 2078 4976 Opes,
2111 4913 2167 4960 et
2191 4901 2514 4972 mancipium
2541 4909 2906 4960 numerosum,
2931 4892 3027 4947 viri
3057 4891 3279 4954 cultum,
3301 4888 3514 4957 aliaque

1931 4998 2017 5054 his
2044 4995 2247 5065 majora
2269 4998 2523 5063 procuret
2561 5001 2784 5043 necesse
2813 4993 2933 5040 est:
2957 4983 3028 5037 ita
3057 4990 3113 5037 et
3139 4978 3296 5034 nobis
3315 4977 3514 5032 adultis

1931 5098 2092 5158 atque
2115 5092 2276 5142 aetate
2300 5081 2460 5148 virili,
2505 5079 2736 5134 terrenis
2761 5074 3030 5137 omnibus,
3066 5084 3199 5127 vere
3221 5067 3514 5139 puerilibus

1933 5177 2173 5242 ludicris,
2204 5173 2438 5237 omissis,
2465 5171 2534 5226 de
2559 5169 2690 5225 caalo
2716 5165 3049 5234 caelestisque
3071 5161 3195 5216 vita:
3230 5158 3516 5229 splendore

1933 5282 1990 5328 et
2015 5271 2182 5344 gloria
2201 5263 2538 5338 cogitandum
2563 5270 2669 5319 est.
2694 5255 2955 5327 Desponsi
2977 5255 3119 5311 enim
3143 5265 3327 5308 sumus
3343 5258 3518 5344 et-nos

1937 5339 2156 5436 sponso,
2185 5376 2306 5417 eum
2331 5372 2362 5412 a
2388 5356 2542 5412 nobis
2565 5366 2802 5408 amorem
2825 5346 3102 5419 ﬂagitanti,
3121 5353 3179 5399 ut
3202 5357 3309 5398 non
3337 5339 3514 5436 solum

1939 5430 2283 5511 terrestribus
2310 5457 2365 5504 et
2389 5445 2594 5504 levibus
2636 5442 2721 5498 his
2763 5439 3018 5503 futilibus,
3070 5435 3166 5490 sed
3214 5433 3372 5488 etiam
3405 5430 3516 5484 vita

1941 5552 2157 5618 propter
2181 5557 2328 5609 eum,
2359 5539 2404 5595 si
2430 5553 2562 5608 opus
2591 5536 2681 5604 sit,
2711 5533 2981 5590 cedamus.
3026 5527 3205 5618 Quare
3233 5538 3366 5618 cum
3396 5521 3520 5618 illuc

1943 5613 2326 5692 discedendum
2351 5632 2441 5696 sit,
2469 5627 2662 5684 exilem
2694 5625 2831 5681 hanc
2858 5634 3039 5677 curam
3066 5633 3096 5672 a
3123 5616 3274 5677 nobis
3299 5613 3520 5686 propul-

1945 5741 2156 5794 semus;
2197 5739 2319 5782 nam
2349 5735 2449 5779 nec
2484 5720 2540 5777 in
2566 5729 2788 5789 regnum
2825 5728 2892 5772 ex
2930 5710 3071 5781 inopi
3099 5709 3260 5766 domo
3286 5703 3520 5762 transfe-
