  <div class='ocr_page' id='page_1' title='image "/cluster/home/n/w/nwhite01/storage/ocr_20150623/48/nnc1.0046978267/067.png"; bbox 0 0 3886 6222; ppageno 0'>
   <div class='ocr_carea' id='block_1_1' title="bbox 406 282 506 335">
    <p class='ocr_par' dir='ltr' id='par_1_1' title="bbox 406 282 506 335">
     <span class='ocr_line' id='line_1_1' title="bbox 406 282 506 335; baseline -0.02 0"><span class='ocrx_word' id='word_1_1' title='bbox 406 282 506 335; x_wconf 79' lang='lat'><strong>587</strong></span> 
     </span>
    </p>
   </div>
   <div class='ocr_carea' id='block_1_2' title="bbox 403 391 1985 464">
    <p class='ocr_par' dir='ltr' id='par_1_2' title="bbox 403 391 1985 464">
     <span class='ocr_line' id='line_1_2' title="bbox 403 391 1985 464; baseline -0.001 -16"><span class='ocrx_word' id='word_1_2' title='bbox 403 394 575 461; x_wconf 75' lang='lat' dir='ltr'><strong>tendi,</strong></span> <span class='ocrx_word' id='word_1_3' title='bbox 601 405 670 449; x_wconf 83' lang='lat' dir='ltr'><strong>de</strong></span> <span class='ocrx_word' id='word_1_4' title='bbox 699 393 963 457; x_wconf 87' lang='lat' dir='ltr'><strong>fictilibus,</strong></span> <span class='ocrx_word' id='word_1_5' title='bbox 996 394 1168 464; x_wconf 77' lang='lat' dir='ltr'><strong>lignis.</strong></span> <span class='ocrx_word' id='word_1_6' title='bbox 1216 391 1544 458; x_wconf 76' lang='lat' dir='ltr'><strong>utensilibus,</strong></span> <span class='ocrx_word' id='word_1_7' title='bbox 1587 401 1640 448; x_wconf 88' lang='lat' dir='ltr'><strong>et</strong></span> <span class='ocrx_word' id='word_1_8' title='bbox 1662 392 1864 464; x_wconf 87' lang='lat' dir='ltr'><strong>reliqua</strong></span> <span class='ocrx_word' id='word_1_9' title='bbox 1889 392 1985 446; x_wconf 88' lang='lat' dir='ltr'><strong>do-</strong></span> 
     </span>
    </p>
   </div>
   <div class='ocr_carea' id='block_1_3' title="bbox 404 483 1984 556">
    <p class='ocr_par' dir='ltr' id='par_1_3' title="bbox 404 483 1984 556">
     <span class='ocr_line' id='line_1_3' title="bbox 404 483 1984 556; baseline 0 -17"><span class='ocrx_word' id='word_1_10' title='bbox 404 486 622 542; x_wconf 77' lang='lat' dir='ltr'><strong>meStica</strong></span> <span class='ocrx_word' id='word_1_11' title='bbox 657 486 912 541; x_wconf 91' lang='lat' dir='ltr'><strong>tenuitate</strong></span> <span class='ocrx_word' id='word_1_12' title='bbox 941 485 1322 540; x_wconf 79' lang='lat' dir='ltr'><strong>laboraremus.</strong></span> <span class='ocrx_word' id='word_1_13' title='bbox 1356 485 1532 556; x_wconf 90' lang='lat' dir='ltr'><strong>Itaque</strong></span> <span class='ocrx_word' id='word_1_14' title='bbox 1556 499 1652 538; x_wconf 90' lang='lat' dir='ltr'><strong>nec</strong></span> <span class='ocrx_word' id='word_1_15' title='bbox 1677 483 1787 554; x_wconf 89' lang='lat' dir='ltr'><strong>jam</strong></span> <span class='ocrx_word' id='word_1_16' title='bbox 1813 494 1984 539; x_wconf 87' lang='lat' dir='ltr'><strong>terre-</strong></span> 
     </span>
    </p>
   </div>
   <div class='ocr_carea' id='block_1_4' title="bbox 407 576 1986 649">
    <p class='ocr_par' dir='ltr' id='par_1_4' title="bbox 407 576 1986 649">
     <span class='ocr_line' id='line_1_4' title="bbox 407 576 1986 649; baseline 0.001 -18"><span class='ocrx_word' id='word_1_17' title='bbox 407 594 472 632; x_wconf 90' lang='lat' dir='ltr'><strong>na</strong></span> <span class='ocrx_word' id='word_1_18' title='bbox 501 594 770 640; x_wconf 86' lang='lat' dir='ltr'><strong>curemus,</strong></span> <span class='ocrx_word' id='word_1_19' title='bbox 801 587 1041 649; x_wconf 86' lang='lat' dir='ltr'><strong>tempore</strong></span> <span class='ocrx_word' id='word_1_20' title='bbox 1071 592 1168 633; x_wconf 91' lang='lat' dir='ltr'><strong>nos</strong></span> <span class='ocrx_word' id='word_1_21' title='bbox 1193 578 1301 646; x_wconf 90' lang='lat' dir='ltr'><strong>jam</strong></span> <span class='ocrx_word' id='word_1_22' title='bbox 1331 577 1397 631; x_wconf 88' lang='lat' dir='ltr'><strong>ad</strong></span> <span class='ocrx_word' id='word_1_23' title='bbox 1427 576 1614 633; x_wconf 66' lang='lat' dir='ltr'><strong>cadum</strong></span> <span class='ocrx_word' id='word_1_24' title='bbox 1643 587 1898 644; x_wconf 91' lang='lat' dir='ltr'><strong>vocante;</strong></span> <span class='ocrx_word' id='word_1_25' title='bbox 1930 588 1986 632; x_wconf 92' lang='lat' dir='ltr'><strong>ut</strong></span> 
     </span>
    </p>
   </div>
   <div class='ocr_carea' id='block_1_5' title="bbox 403 666 1985 732">
    <p class='ocr_par' dir='ltr' id='par_1_5' title="bbox 403 666 1985 732">
     <span class='ocr_line' id='line_1_5' title="bbox 403 666 1985 732; baseline -0.001 -9"><span class='ocrx_word' id='word_1_26' title='bbox 403 677 459 723; x_wconf 87' lang='lat' dir='ltr'><strong>et</strong></span> <span class='ocrx_word' id='word_1_27' title='bbox 503 668 688 723; x_wconf 89' lang='lat' dir='ltr'><strong>beatus</strong></span> <span class='ocrx_word' id='word_1_28' title='bbox 731 669 920 724; x_wconf 82' lang='lat' dir='ltr'><strong>Paulus</strong></span> <span class='ocrx_word' id='word_1_29' title='bbox 966 668 1219 724; x_wconf 79' lang='lat' dir='ltr'><strong>Romanis</strong></span> <span class='ocrx_word' id='word_1_30' title='bbox 1247 668 1482 723; x_wconf 88' lang='lat' dir='ltr'><strong>scribens</strong></span> <span class='ocrx_word' id='word_1_31' title='bbox 1526 667 1618 732; x_wconf 91' lang='lat' dir='ltr'><strong>ait,</strong></span> <span class='ocrx_word' id='word_1_32' title='bbox 1661 666 1815 722; x_wconf 87' lang='lat' dir='ltr'><strong>Nunc</strong></span> <span class='ocrx_word' id='word_1_33' title='bbox 1853 668 1985 724; x_wconf 88' lang='lat' dir='ltr'><strong>enim</strong></span> 
     </span>
    </p>
   </div>
   <div class='ocr_carea' id='block_1_6' title="bbox 407 757 1987 829">
    <p class='ocr_par' dir='ltr' id='par_1_6' title="bbox 407 757 1987 829">
     <span class='ocr_line' id='line_1_6' title="bbox 407 757 1987 829; baseline -0.001 -18"><span class='ocrx_word' id='word_1_34' title='bbox 407 761 616 828; x_wconf 79' lang='lat' dir='ltr'><strong>propior</strong></span> <span class='ocrx_word' id='word_1_35' title='bbox 662 768 735 813; x_wconf 89' lang='lat' dir='ltr'><strong>est</strong></span> <span class='ocrx_word' id='word_1_36' title='bbox 777 767 949 813; x_wconf 90' lang='lat' dir='ltr'><strong>nostra</strong></span> <span class='ocrx_word' id='word_1_37' title='bbox 990 759 1148 826; x_wconf 90' lang='lat' dir='ltr'><strong>salus,</strong></span> <span class='ocrx_word' id='word_1_38' title='bbox 1179 775 1329 829; x_wconf 87' lang='lat' dir='ltr'><strong>quam</strong></span> <span class='ocrx_word' id='word_1_39' title='bbox 1359 775 1472 812; x_wconf 88' lang='lat' dir='ltr'><strong>cum</strong></span> <span class='ocrx_word' id='word_1_40' title='bbox 1513 757 1818 812; x_wconf 88' lang='lat' dir='ltr'><strong>credidimus</strong></span> <span class='ocrx_word' id='word_1_41' title='bbox 1840 773 1859 811; x_wconf 91' lang='lat'><strong><em>:</em></strong></span> <span class='ocrx_word' id='word_1_42' title='bbox 1884 773 1987 811; x_wconf 71' lang='lat' dir='ltr'><strong>nos:</strong></span> 
     </span>
    </p>
   </div>
   <div class='ocr_carea' id='block_1_7' title="bbox 406 849 1983 922">
    <p class='ocr_par' dir='ltr' id='par_1_7' title="bbox 406 849 1983 922">
     <span class='ocr_line' id='line_1_7' title="bbox 406 849 1983 922; baseline 0 -19"><span class='ocrx_word' id='word_1_43' title='bbox 406 852 681 920; x_wconf 78' lang='lat' dir='ltr'><strong>prwcessit,</strong></span> <span class='ocrx_word' id='word_1_44' title='bbox 727 851 834 905; x_wconf 88' lang='lat' dir='ltr'><strong>dies</strong></span> <span class='ocrx_word' id='word_1_45' title='bbox 875 860 1042 904; x_wconf 85' lang='lat' dir='ltr'><strong>autent</strong></span> <span class='ocrx_word' id='word_1_46' title='bbox 1069 851 1489 922; x_wconf 78' lang='lat' dir='ltr'><strong>appropinquavit</strong></span> <span class='ocrx_word' id='word_1_47' title='bbox 1529 849 1702 920; x_wconf 88' lang='lat' dir='ltr'><strong>(Rom.</strong></span> <span class='ocrx_word' id='word_1_48' title='bbox 1736 851 1822 904; x_wconf 75' lang='grc'><strong>15.</strong></span> <span class='ocrx_word' id='word_1_49' title='bbox 1857 849 1983 919; x_wconf 81' lang='lat' dir='ltr'><strong>H);</strong></span> 
     </span>
    </p>
   </div>
   <div class='ocr_carea' id='block_1_8' title="bbox 405 937 1985 1012">
    <p class='ocr_par' dir='ltr' id='par_1_8' title="bbox 405 937 1985 1012">
     <span class='ocr_line' id='line_1_8' title="bbox 405 937 1985 1012; baseline -0.002 -17"><span class='ocrx_word' id='word_1_50' title='bbox 405 949 460 995; x_wconf 87' lang='lat' dir='ltr'><strong>et</strong></span> <span class='ocrx_word' id='word_1_51' title='bbox 503 958 732 1004; x_wconf 87' lang='lat' dir='ltr'><strong>rursum,</strong></span> <span class='ocrx_word' id='word_1_52' title='bbox 780 939 1002 1012; x_wconf 78' lang='lat' dir='ltr'><strong>Tempus</strong></span> <span class='ocrx_word' id='word_1_53' title='bbox 1027 941 1170 995; x_wconf 83' lang='lat' dir='ltr'><strong>breve</strong></span> <span class='ocrx_word' id='word_1_54' title='bbox 1195 950 1268 995; x_wconf 92' lang='lat' dir='ltr'><strong>est</strong></span> <span class='ocrx_word' id='word_1_55' title='bbox 1309 941 1384 1010; x_wconf 78' lang='lat' dir='ltr'><strong>(l.</strong></span> <span class='ocrx_word' id='word_1_56' title='bbox 1430 940 1548 995; x_wconf 84' lang='lat' dir='ltr'><strong>Cor.</strong></span> <span class='ocrx_word' id='word_1_57' title='bbox 1582 940 1634 994; x_wconf 90' lang='lat'><strong>7.</strong></span> <span class='ocrx_word' id='word_1_58' title='bbox 1661 937 1778 1012; x_wconf 73' lang='lat'><strong>29),</strong></span> <span class='ocrx_word' id='word_1_59' title='bbox 1809 947 1865 994; x_wconf 94' lang='lat' dir='ltr'><strong>ut</strong></span> <span class='ocrx_word' id='word_1_60' title='bbox 1895 940 1985 1009; x_wconf 88' lang='lat' dir='ltr'><strong>qui</strong></span> 
     </span>
    </p>
   </div>
   <div class='ocr_carea' id='block_1_9' title="bbox 406 1029 1984 1101">
    <p class='ocr_par' dir='ltr' id='par_1_9' title="bbox 406 1029 1984 1101">
     <span class='ocr_line' id='line_1_9' title="bbox 406 1029 1984 1101; baseline 0 -17"><span class='ocrx_word' id='word_1_61' title='bbox 406 1045 599 1085; x_wconf 82' lang='lat' dir='ltr'><strong>uxores</strong></span> <span class='ocrx_word' id='word_1_62' title='bbox 622 1031 816 1086; x_wconf 81' lang='lat' dir='ltr'><strong>habent</strong></span> <span class='ocrx_word' id='word_1_63' title='bbox 844 1029 1062 1101; x_wconf 85' lang='lat' dir='ltr'><strong>perinde</strong></span> <span class='ocrx_word' id='word_1_64' title='bbox 1088 1031 1195 1085; x_wconf 93' lang='lat' dir='ltr'><strong>sint</strong></span> <span class='ocrx_word' id='word_1_65' title='bbox 1221 1046 1284 1086; x_wconf 87' lang='lat' dir='ltr'><strong>ac</strong></span> <span class='ocrx_word' id='word_1_66' title='bbox 1307 1031 1351 1084; x_wconf 89' lang='lat' dir='ltr'><strong>si</strong></span> <span class='ocrx_word' id='word_1_67' title='bbox 1378 1046 1482 1084; x_wconf 91' lang='lat' dir='ltr'><strong>non</strong></span> <span class='ocrx_word' id='word_1_68' title='bbox 1510 1029 1787 1085; x_wconf 86' lang='lat' dir='ltr'><strong>haberent.</strong></span> <span class='ocrx_word' id='word_1_69' title='bbox 1809 1029 1984 1098; x_wconf 83' lang='lat' dir='ltr'><strong>Quor-</strong></span> 
     </span>
    </p>
   </div>
   <div class='ocr_carea' id='block_1_10' title="bbox 405 1122 1986 1192">
    <p class='ocr_par' dir='ltr' id='par_1_10' title="bbox 405 1122 1986 1192">
     <span class='ocr_line' id='line_1_10' title="bbox 405 1122 1986 1192; baseline 0.001 -16"><span class='ocrx_word' id='word_1_70' title='bbox 405 1136 522 1176; x_wconf 86' lang='lat' dir='ltr'><strong>sum</strong></span> <span class='ocrx_word' id='word_1_71' title='bbox 556 1122 712 1192; x_wconf 81' lang='lat' dir='ltr'><strong>igitur</strong></span> <span class='ocrx_word' id='word_1_72' title='bbox 739 1123 1133 1178; x_wconf 85' lang='lat' dir='ltr'><strong>matrimonium</strong></span> <span class='ocrx_word' id='word_1_73' title='bbox 1163 1138 1228 1178; x_wconf 91' lang='lat' dir='ltr'><strong>co</strong></span> <span class='ocrx_word' id='word_1_74' title='bbox 1258 1138 1362 1178; x_wconf 90' lang='lat' dir='ltr'><strong>non</strong></span> <span class='ocrx_word' id='word_1_75' title='bbox 1405 1124 1601 1186; x_wconf 90' lang='lat' dir='ltr'><strong>usuris,</strong></span> <span class='ocrx_word' id='word_1_76' title='bbox 1647 1122 1740 1179; x_wconf 87' lang='lat' dir='ltr'><strong>sed</strong></span> <span class='ocrx_word' id='word_1_77' title='bbox 1768 1123 1986 1192; x_wconf 80' lang='lat' dir='ltr'><strong>perinde</strong></span> 
     </span>
    </p>
   </div>
   <div class='ocr_carea' id='block_1_11' title="bbox 406 1212 1984 1286">
    <p class='ocr_par' dir='ltr' id='par_1_11' title="bbox 406 1212 1984 1286">
     <span class='ocr_line' id='line_1_11' title="bbox 406 1212 1984 1286; baseline 0 -18"><span class='ocrx_word' id='word_1_78' title='bbox 406 1228 470 1269; x_wconf 86' lang='lat' dir='ltr'><strong>ac</strong></span> <span class='ocrx_word' id='word_1_79' title='bbox 495 1215 538 1268; x_wconf 92' lang='lat' dir='ltr'><strong>si</strong></span> <span class='ocrx_word' id='word_1_80' title='bbox 565 1229 670 1268; x_wconf 89' lang='lat' dir='ltr'><strong>non</strong></span> <span class='ocrx_word' id='word_1_81' title='bbox 716 1213 971 1270; x_wconf 85' lang='lat' dir='ltr'><strong>haberent</strong></span> <span class='ocrx_word' id='word_1_82' title='bbox 1001 1215 1224 1270; x_wconf 87' lang='lat' dir='ltr'><strong>futuris?</strong></span> <span class='ocrx_word' id='word_1_83' title='bbox 1260 1229 1512 1284; x_wconf 86' lang='lat' dir='ltr'><strong>quorsum</strong></span> <span class='ocrx_word' id='word_1_84' title='bbox 1541 1212 1707 1286; x_wconf 87' lang='lat' dir='ltr'><strong>opes?</strong></span> <span class='ocrx_word' id='word_1_85' title='bbox 1729 1229 1984 1285; x_wconf 86' lang='lat' dir='ltr'><strong>quorsum</strong></span> 
     </span>
    </p>
   </div>
   <div class='ocr_carea' id='block_1_12' title="bbox 406 1307 1988 1379">
    <p class='ocr_par' dir='ltr' id='par_1_12' title="bbox 406 1307 1988 1379">
     <span class='ocr_line' id='line_1_12' title="bbox 406 1307 1988 1379; baseline 0 -17"><span class='ocrx_word' id='word_1_86' title='bbox 406 1307 640 1379; x_wconf 62' lang='lat' dir='ltr'><strong>praedia?</strong></span> <span class='ocrx_word' id='word_1_87' title='bbox 660 1323 912 1378; x_wconf 89' lang='lat' dir='ltr'><strong>quorsum</strong></span> <span class='ocrx_word' id='word_1_88' title='bbox 936 1309 1054 1363; x_wconf 73' lang='lat' dir='ltr'><strong>vita:</strong></span> <span class='ocrx_word' id='word_1_89' title='bbox 1075 1308 1340 1378; x_wconf 68' lang='lat' dir='ltr'><strong>praesidia,</strong></span> <span class='ocrx_word' id='word_1_90' title='bbox 1363 1323 1587 1379; x_wconf 90' lang='lat' dir='ltr'><strong>quorum</strong></span> <span class='ocrx_word' id='word_1_91' title='bbox 1610 1321 1735 1363; x_wconf 88' lang='lat' dir='ltr'><strong>usus</strong></span> <span class='ocrx_word' id='word_1_92' title='bbox 1753 1307 1988 1362; x_wconf 86' lang='lat' dir='ltr'><strong>caducus</strong></span> 
     </span>
    </p>
   </div>
   <div class='ocr_carea' id='block_1_13' title="bbox 408 1400 1986 1473">
    <p class='ocr_par' dir='ltr' id='par_1_13' title="bbox 408 1400 1986 1473">
     <span class='ocr_line' id='line_1_13' title="bbox 408 1400 1986 1473; baseline -0.001 -17"><span class='ocrx_word' id='word_1_93' title='bbox 408 1417 568 1471; x_wconf 89' lang='lat' dir='ltr'><strong>porro</strong></span> <span class='ocrx_word' id='word_1_94' title='bbox 589 1411 746 1473; x_wconf 85' lang='lat' dir='ltr'><strong>atque</strong></span> <span class='ocrx_word' id='word_1_95' title='bbox 777 1403 1181 1473; x_wconf 89' lang='lat' dir='ltr'><strong>intempestivus</strong></span> <span class='ocrx_word' id='word_1_96' title='bbox 1208 1403 1313 1457; x_wconf 88' lang='lat' dir='ltr'><strong>sit?</strong></span> <span class='ocrx_word' id='word_1_97' title='bbox 1342 1401 1475 1456; x_wconf 88' lang='lat' dir='ltr'><strong>Nam</strong></span> <span class='ocrx_word' id='word_1_98' title='bbox 1515 1402 1560 1456; x_wconf 92' lang='lat' dir='ltr'><strong>si</strong></span> <span class='ocrx_word' id='word_1_99' title='bbox 1587 1400 1728 1471; x_wconf 87' lang='lat' dir='ltr'><strong>apud</strong></span> <span class='ocrx_word' id='word_1_100' title='bbox 1771 1415 1870 1456; x_wconf 90' lang='lat' dir='ltr'><strong>nos</strong></span> <span class='ocrx_word' id='word_1_101' title='bbox 1895 1400 1986 1470; x_wconf 90' lang='lat' dir='ltr'><strong>qui</strong></span> 
     </span>
    </p>
   </div>
   <div class='ocr_carea' id='block_1_14' title="bbox 403 1493 1986 1562">
    <p class='ocr_par' dir='ltr' id='par_1_14' title="bbox 403 1493 1986 1562">
     <span class='ocr_line' id='line_1_14' title="bbox 403 1493 1986 1562; baseline 0 -14"><span class='ocrx_word' id='word_1_102' title='bbox 403 1493 618 1562; x_wconf 89' lang='lat' dir='ltr'><strong>judiciis</strong></span> <span class='ocrx_word' id='word_1_103' title='bbox 641 1495 862 1549; x_wconf 89' lang='lat' dir='ltr'><strong>sistendi</strong></span> <span class='ocrx_word' id='word_1_104' title='bbox 891 1502 1033 1560; x_wconf 89' lang='lat' dir='ltr'><strong>sunt,</strong></span> <span class='ocrx_word' id='word_1_105' title='bbox 1067 1495 1329 1551; x_wconf 88' lang='lat' dir='ltr'><strong>scelerum</strong></span> <span class='ocrx_word' id='word_1_106' title='bbox 1359 1510 1572 1549; x_wconf 81' lang='lat' dir='ltr'><strong>causam</strong></span> <span class='ocrx_word' id='word_1_107' title='bbox 1595 1493 1810 1558; x_wconf 88' lang='lat' dir='ltr'><strong>dicturi,</strong></span> <span class='ocrx_word' id='word_1_108' title='bbox 1837 1493 1986 1562; x_wconf 84' lang='lat' dir='ltr'><strong>capi-</strong></span> 
     </span>
    </p>
   </div>
   <div class='ocr_carea' id='block_1_15' title="bbox 407 1585 1987 1654">
    <p class='ocr_par' dir='ltr' id='par_1_15' title="bbox 407 1585 1987 1654">
     <span class='ocr_line' id='line_1_15' title="bbox 407 1585 1987 1654; baseline -0.001 -14"><span class='ocrx_word' id='word_1_109' title='bbox 407 1586 498 1640; x_wconf 90' lang='lat' dir='ltr'><strong>tali</strong></span> <span class='ocrx_word' id='word_1_110' title='bbox 519 1585 606 1641; x_wconf 91' lang='lat' dir='ltr'><strong>die</strong></span> <span class='ocrx_word' id='word_1_111' title='bbox 634 1585 847 1642; x_wconf 89' lang='lat' dir='ltr'><strong>instanti</strong></span> <span class='ocrx_word' id='word_1_112' title='bbox 877 1602 982 1642; x_wconf 92' lang='lat' dir='ltr'><strong>non</strong></span> <span class='ocrx_word' id='word_1_113' title='bbox 1010 1590 1193 1644; x_wconf 81' lang='lat' dir='ltr'><strong>uxoris</strong></span> <span class='ocrx_word' id='word_1_114' title='bbox 1221 1596 1447 1654; x_wconf 91' lang='lat' dir='ltr'><strong>tantum,</strong></span> <span class='ocrx_word' id='word_1_115' title='bbox 1485 1587 1579 1642; x_wconf 88' lang='lat' dir='ltr'><strong>sed</strong></span> <span class='ocrx_word' id='word_1_116' title='bbox 1606 1587 1765 1642; x_wconf 88' lang='lat' dir='ltr'><strong>etiam</strong></span> <span class='ocrx_word' id='word_1_117' title='bbox 1803 1585 1906 1641; x_wconf 85' lang='lat' dir='ltr'><strong>cibi</strong></span> <span class='ocrx_word' id='word_1_118' title='bbox 1933 1593 1987 1640; x_wconf 87' lang='lat' dir='ltr'><strong>et</strong></span> 
     </span>
    </p>
   </div>
   <div class='ocr_carea' id='block_1_16' title="bbox 406 1677 1987 1749">
    <p class='ocr_par' dir='ltr' id='par_1_16' title="bbox 406 1677 1987 1749">
     <span class='ocr_line' id='line_1_16' title="bbox 406 1677 1987 1749; baseline -0.001 -18"><span class='ocrx_word' id='word_1_119' title='bbox 406 1685 585 1748; x_wconf 82' lang='lat' dir='ltr'><strong>potus,</strong></span> <span class='ocrx_word' id='word_1_120' title='bbox 613 1687 772 1749; x_wconf 90' lang='lat' dir='ltr'><strong>atque</strong></span> <span class='ocrx_word' id='word_1_121' title='bbox 795 1679 938 1734; x_wconf 91' lang='lat' dir='ltr'><strong>omni</strong></span> <span class='ocrx_word' id='word_1_122' title='bbox 980 1679 1278 1749; x_wconf 88' lang='lat' dir='ltr'><strong>posthabita</strong></span> <span class='ocrx_word' id='word_1_123' title='bbox 1306 1693 1461 1744; x_wconf 90' lang='lat' dir='ltr'><strong>cura,</strong></span> <span class='ocrx_word' id='word_1_124' title='bbox 1495 1677 1866 1740; x_wconf 80' lang='lat' dir='ltr'><strong>defensionem</strong></span> <span class='ocrx_word' id='word_1_125' title='bbox 1894 1691 1987 1731; x_wconf 78' lang='lat' dir='ltr'><strong>so-</strong></span> 
     </span>
    </p>
   </div>
   <div class='ocr_carea' id='block_1_17' title="bbox 408 1766 1984 1838">
    <p class='ocr_par' dir='ltr' id='par_1_17' title="bbox 408 1766 1984 1838">
     <span class='ocr_line' id='line_1_17' title="bbox 408 1766 1984 1838; baseline 0 -18"><span class='ocrx_word' id='word_1_126' title='bbox 408 1766 514 1821; x_wconf 91' lang='lat' dir='ltr'><strong>lum</strong></span> <span class='ocrx_word' id='word_1_127' title='bbox 536 1768 790 1838; x_wconf 86' lang='lat' dir='ltr'><strong>cogitant,</strong></span> <span class='ocrx_word' id='word_1_128' title='bbox 817 1769 982 1823; x_wconf 88' lang='lat' dir='ltr'><strong>multo</strong></span> <span class='ocrx_word' id='word_1_129' title='bbox 1009 1769 1176 1838; x_wconf 88' lang='lat' dir='ltr'><strong>magis</strong></span> <span class='ocrx_word' id='word_1_130' title='bbox 1203 1768 1374 1835; x_wconf 91' lang='lat' dir='ltr'><strong>nobis,</strong></span> <span class='ocrx_word' id='word_1_131' title='bbox 1408 1781 1512 1822; x_wconf 91' lang='lat' dir='ltr'><strong>non</strong></span> <span class='ocrx_word' id='word_1_132' title='bbox 1543 1777 1754 1822; x_wconf 90' lang='lat' dir='ltr'><strong>terreno</strong></span> <span class='ocrx_word' id='word_1_133' title='bbox 1776 1766 1984 1822; x_wconf 87' lang='lat' dir='ltr'><strong>cuidam</strong></span> 
     </span>
    </p>
   </div>
   <div class='ocr_carea' id='block_1_18' title="bbox 405 1855 1986 1926">
    <p class='ocr_par' dir='ltr' id='par_1_18' title="bbox 405 1855 1986 1926">
     <span class='ocr_line' id='line_1_18' title="bbox 405 1855 1986 1926; baseline 0.001 -16"><span class='ocrx_word' id='word_1_134' title='bbox 405 1855 546 1921; x_wconf 86' lang='lat' dir='ltr'><strong>foro,</strong></span> <span class='ocrx_word' id='word_1_135' title='bbox 569 1857 664 1912; x_wconf 91' lang='lat' dir='ltr'><strong>sed</strong></span> <span class='ocrx_word' id='word_1_136' title='bbox 692 1858 892 1912; x_wconf 67' lang='lat' dir='ltr'><strong>caelesti</strong></span> <span class='ocrx_word' id='word_1_137' title='bbox 926 1858 1174 1914; x_wconf 90' lang='lat' dir='ltr'><strong>tribunali</strong></span> <span class='ocrx_word' id='word_1_138' title='bbox 1204 1856 1476 1921; x_wconf 89' lang='lat' dir='ltr'><strong>sistendis,</strong></span> <span class='ocrx_word' id='word_1_139' title='bbox 1503 1865 1559 1913; x_wconf 93' lang='lat' dir='ltr'><strong>et</strong></span> <span class='ocrx_word' id='word_1_140' title='bbox 1577 1856 1860 1925; x_wconf 91' lang='lat' dir='ltr'><strong>dictorum,</strong></span> <span class='ocrx_word' id='word_1_141' title='bbox 1890 1871 1986 1926; x_wconf 89' lang='lat' dir='ltr'><strong>ge-</strong></span> 
     </span>
    </p>
   </div>
   <div class='ocr_carea' id='block_1_19' title="bbox 407 1947 1988 2018">
    <p class='ocr_par' dir='ltr' id='par_1_19' title="bbox 407 1947 1988 2018">
     <span class='ocr_line' id='line_1_19' title="bbox 407 1947 1988 2018; baseline 0.001 -18"><span class='ocrx_word' id='word_1_142' title='bbox 407 1955 631 2011; x_wconf 89' lang='lat' dir='ltr'><strong>storum,</strong></span> <span class='ocrx_word' id='word_1_143' title='bbox 656 1948 1004 2018; x_wconf 83' lang='lat' dir='ltr'><strong>cogitatorum</strong></span> <span class='ocrx_word' id='word_1_144' title='bbox 1027 1948 1286 2004; x_wconf 91' lang='lat' dir='ltr'><strong>rationem</strong></span> <span class='ocrx_word' id='word_1_145' title='bbox 1313 1947 1617 2012; x_wconf 89' lang='lat' dir='ltr'><strong>reddituris,</strong></span> <span class='ocrx_word' id='word_1_146' title='bbox 1648 1948 1716 2004; x_wconf 89' lang='lat' dir='ltr'><strong>ab</strong></span> <span class='ocrx_word' id='word_1_147' title='bbox 1739 1947 1988 2002; x_wconf 89' lang='lat' dir='ltr'><strong>omnibus</strong></span> 
     </span>
    </p>
   </div>
   <div class='ocr_carea' id='block_1_20' title="bbox 407 2037 1988 2109">
    <p class='ocr_par' dir='ltr' id='par_1_20' title="bbox 407 2037 1988 2109">
     <span class='ocr_line' id='line_1_20' title="bbox 407 2037 1988 2109; baseline 0.002 -18"><span class='ocrx_word' id='word_1_148' title='bbox 407 2037 780 2093; x_wconf 81' lang='lat' dir='ltr'><strong>abstinendum</strong></span> <span class='ocrx_word' id='word_1_149' title='bbox 807 2047 909 2105; x_wconf 90' lang='lat' dir='ltr'><strong>est,</strong></span> <span class='ocrx_word' id='word_1_150' title='bbox 934 2047 988 2094; x_wconf 91' lang='lat' dir='ltr'><strong>et</strong></span> <span class='ocrx_word' id='word_1_151' title='bbox 1015 2038 1209 2109; x_wconf 90' lang='lat' dir='ltr'><strong>gaudio</strong></span> <span class='ocrx_word' id='word_1_152' title='bbox 1235 2047 1290 2094; x_wconf 90' lang='lat' dir='ltr'><strong>et</strong></span> <span class='ocrx_word' id='word_1_153' title='bbox 1310 2038 1520 2094; x_wconf 85' lang='lat' dir='ltr'><strong>tristitia</strong></span> <span class='ocrx_word' id='word_1_154' title='bbox 1547 2053 1724 2093; x_wconf 89' lang='lat' dir='ltr'><strong>rerum</strong></span> <span class='ocrx_word' id='word_1_155' title='bbox 1751 2053 1988 2108; x_wconf 62' lang='lat' dir='ltr'><strong>praesen-</strong></span> 
     </span>
    </p>
   </div>
   <div class='ocr_carea' id='block_1_21' title="bbox 410 2127 1981 2194">
    <p class='ocr_par' dir='ltr' id='par_1_21' title="bbox 410 2127 1981 2194">
     <span class='ocr_line' id='line_1_21' title="bbox 410 2127 1981 2194; baseline 0 -12"><span class='ocrx_word' id='word_1_156' title='bbox 410 2127 562 2194; x_wconf 91' lang='lat' dir='ltr'><strong>tium,</strong></span> <span class='ocrx_word' id='word_1_157' title='bbox 587 2142 651 2183; x_wconf 86' lang='lat' dir='ltr'><strong>ac</strong></span> <span class='ocrx_word' id='word_1_158' title='bbox 674 2129 813 2183; x_wconf 89' lang='lat' dir='ltr'><strong>circa</strong></span> <span class='ocrx_word' id='word_1_159' title='bbox 843 2129 1131 2185; x_wconf 89' lang='lat' dir='ltr'><strong>terribilem</strong></span> <span class='ocrx_word' id='word_1_160' title='bbox 1171 2129 1314 2183; x_wconf 84' lang='lat' dir='ltr'><strong>illam</strong></span> <span class='ocrx_word' id='word_1_161' title='bbox 1355 2128 1496 2184; x_wconf 91' lang='lat' dir='ltr'><strong>diem</strong></span> <span class='ocrx_word' id='word_1_162' title='bbox 1541 2128 1696 2184; x_wconf 89' lang='lat' dir='ltr'><strong>unice</strong></span> <span class='ocrx_word' id='word_1_163' title='bbox 1738 2137 1981 2183; x_wconf 85' lang='lat' dir='ltr'><strong>metuen-</strong></span> 
     </span>
    </p>
   </div>
   <div class='ocr_carea' id='block_1_22' title="bbox 406 2216 1984 2292">
    <p class='ocr_par' dir='ltr' id='par_1_22' title="bbox 406 2216 1984 2292">
     <span class='ocr_line' id='line_1_22' title="bbox 406 2216 1984 2292; baseline -0.001 -19"><span class='ocrx_word' id='word_1_164' title='bbox 406 2216 557 2273; x_wconf 85' lang='lat' dir='ltr'><strong>dum.</strong></span> <span class='ocrx_word' id='word_1_165' title='bbox 589 2218 651 2272; x_wconf 89' lang='lat' dir='ltr'><strong>Si</strong></span> <span class='ocrx_word' id='word_1_166' title='bbox 676 2219 787 2286; x_wconf 87' lang='lat' dir='ltr'><strong>quis</strong></span> <span class='ocrx_word' id='word_1_167' title='bbox 815 2219 980 2284; x_wconf 91' lang='lat' dir='ltr'><strong>enim,</strong></span> <span class='ocrx_word' id='word_1_168' title='bbox 1003 2219 1190 2289; x_wconf 90' lang='lat' dir='ltr'><strong>inquit,</strong></span> <span class='ocrx_word' id='word_1_169' title='bbox 1219 2221 1350 2274; x_wconf 80' lang='lat' dir='ltr'><strong>venit</strong></span> <span class='ocrx_word' id='word_1_170' title='bbox 1373 2219 1441 2274; x_wconf 89' lang='lat' dir='ltr'><strong>ad</strong></span> <span class='ocrx_word' id='word_1_171' title='bbox 1468 2236 1570 2288; x_wconf 85' lang='lat' dir='ltr'><strong>me,</strong></span> <span class='ocrx_word' id='word_1_172' title='bbox 1591 2236 1682 2275; x_wconf 88' lang='lat' dir='ltr'><strong>nec</strong></span> <span class='ocrx_word' id='word_1_173' title='bbox 1710 2235 1856 2275; x_wconf 86' lang='lat' dir='ltr'><strong>suum</strong></span> <span class='ocrx_word' id='word_1_174' title='bbox 1888 2236 1984 2292; x_wconf 87' lang='lat' dir='ltr'><strong>pa-</strong></span> 
     </span>
    </p>
   </div>
   <div class='ocr_carea' id='block_1_23' title="bbox 409 2311 1986 2381">
    <p class='ocr_par' dir='ltr' id='par_1_23' title="bbox 409 2311 1986 2381">
     <span class='ocr_line' id='line_1_23' title="bbox 409 2311 1986 2381; baseline 0.002 -20"><span class='ocrx_word' id='word_1_175' title='bbox 409 2319 556 2376; x_wconf 89' lang='lat' dir='ltr'><strong>trem,</strong></span> <span class='ocrx_word' id='word_1_176' title='bbox 581 2318 629 2363; x_wconf 88' lang='lat' dir='ltr'><strong>et</strong></span> <span class='ocrx_word' id='word_1_177' title='bbox 651 2319 880 2375; x_wconf 84' lang='lat' dir='ltr'><strong>matrem,</strong></span> <span class='ocrx_word' id='word_1_178' title='bbox 902 2320 949 2364; x_wconf 89' lang='lat' dir='ltr'><strong>et</strong></span> <span class='ocrx_word' id='word_1_179' title='bbox 968 2327 1196 2378; x_wconf 74' lang='lat' dir='ltr'><strong>uxorem,</strong></span> <span class='ocrx_word' id='word_1_180' title='bbox 1225 2322 1272 2367; x_wconf 88' lang='lat' dir='ltr'><strong>et</strong></span> <span class='ocrx_word' id='word_1_181' title='bbox 1297 2313 1453 2381; x_wconf 80' lang='lat' dir='ltr'><strong>ﬁlios,</strong></span> <span class='ocrx_word' id='word_1_182' title='bbox 1475 2321 1523 2366; x_wconf 88' lang='lat' dir='ltr'><strong>et</strong></span> <span class='ocrx_word' id='word_1_183' title='bbox 1542 2311 1746 2381; x_wconf 75' lang='lat' dir='ltr'><strong>fratres,</strong></span> <span class='ocrx_word' id='word_1_184' title='bbox 1771 2319 1820 2365; x_wconf 89' lang='lat' dir='ltr'><strong>et</strong></span> <span class='ocrx_word' id='word_1_185' title='bbox 1844 2327 1986 2364; x_wconf 85' lang='lat' dir='ltr'><strong>soro-</strong></span> 
     </span>
    </p>
   </div>
   <div class='ocr_carea' id='block_1_24' title="bbox 407 2399 1988 2472">
    <p class='ocr_par' dir='ltr' id='par_1_24' title="bbox 407 2399 1988 2472">
     <span class='ocr_line' id='line_1_24' title="bbox 407 2399 1988 2472; baseline 0.002 -20"><span class='ocrx_word' id='word_1_186' title='bbox 407 2415 510 2463; x_wconf 88' lang='lat' dir='ltr'><strong>res,</strong></span> <span class='ocrx_word' id='word_1_187' title='bbox 537 2399 743 2469; x_wconf 83' lang='lat' dir='ltr'><strong>insuper</strong></span> <span class='ocrx_word' id='word_1_188' title='bbox 764 2409 810 2455; x_wconf 89' lang='lat' dir='ltr'><strong>et</strong></span> <span class='ocrx_word' id='word_1_189' title='bbox 833 2401 1055 2454; x_wconf 83' lang='lat' dir='ltr'><strong>animant</strong></span> <span class='ocrx_word' id='word_1_190' title='bbox 1086 2418 1229 2455; x_wconf 85' lang='lat' dir='ltr'><strong>suam</strong></span> <span class='ocrx_word' id='word_1_191' title='bbox 1257 2402 1382 2469; x_wconf 90' lang='lat' dir='ltr'><strong>odit,</strong></span> <span class='ocrx_word' id='word_1_192' title='bbox 1413 2418 1515 2456; x_wconf 88' lang='lat' dir='ltr'><strong>non</strong></span> <span class='ocrx_word' id='word_1_193' title='bbox 1535 2411 1696 2472; x_wconf 85' lang='lat' dir='ltr'><strong>potest</strong></span> <span class='ocrx_word' id='word_1_194' title='bbox 1724 2417 1862 2456; x_wconf 87' lang='lat' dir='ltr'><strong>meus</strong></span> <span class='ocrx_word' id='word_1_195' title='bbox 1881 2418 1988 2456; x_wconf 86' lang='lat' dir='ltr'><strong>esse</strong></span> 
     </span>
    </p>
   </div>
   <div class='ocr_carea' id='block_1_25' title="bbox 411 2488 1986 2560">
    <p class='ocr_par' dir='ltr' id='par_1_25' title="bbox 411 2488 1986 2560">
     <span class='ocr_line' id='line_1_25' title="bbox 411 2488 1986 2560; baseline 0.002 -20"><span class='ocrx_word' id='word_1_196' title='bbox 411 2488 710 2558; x_wconf 74' lang='lat' dir='ltr'><strong>discipulus.</strong></span> <span class='ocrx_word' id='word_1_197' title='bbox 740 2488 806 2543; x_wconf 87' lang='lat' dir='ltr'><strong>Et</strong></span> <span class='ocrx_word' id='word_1_198' title='bbox 821 2491 908 2558; x_wconf 91' lang='lat' dir='ltr'><strong>qui</strong></span> <span class='ocrx_word' id='word_1_199' title='bbox 928 2506 1030 2543; x_wconf 89' lang='lat' dir='ltr'><strong>non</strong></span> <span class='ocrx_word' id='word_1_200' title='bbox 1050 2500 1216 2560; x_wconf 83' lang='lat' dir='ltr'><strong>portat</strong></span> <span class='ocrx_word' id='word_1_201' title='bbox 1245 2507 1443 2544; x_wconf 88' lang='lat' dir='ltr'><strong>crucem</strong></span> <span class='ocrx_word' id='word_1_202' title='bbox 1459 2508 1620 2556; x_wconf 89' lang='lat' dir='ltr'><strong>suam,</strong></span> <span class='ocrx_word' id='word_1_203' title='bbox 1647 2501 1694 2545; x_wconf 89' lang='lat' dir='ltr'><strong>et</strong></span> <span class='ocrx_word' id='word_1_204' title='bbox 1722 2508 1800 2546; x_wconf 89' lang='lat' dir='ltr'><strong>me</strong></span> <span class='ocrx_word' id='word_1_205' title='bbox 1821 2494 1986 2559; x_wconf 88' lang='lat' dir='ltr'><strong>sequi-</strong></span> 
     </span>
    </p>
   </div>
   <div class='ocr_carea' id='block_1_26' title="bbox 408 2581 1982 2653">
    <p class='ocr_par' dir='ltr' id='par_1_26' title="bbox 408 2581 1982 2653">
     <span class='ocr_line' id='line_1_26' title="bbox 408 2581 1982 2653; baseline 0.005 -22"><span class='ocrx_word' id='word_1_206' title='bbox 408 2588 510 2645; x_wconf 87' lang='lat' dir='ltr'><strong>tur,</strong></span> <span class='ocrx_word' id='word_1_207' title='bbox 542 2596 641 2632; x_wconf 88' lang='lat' dir='ltr'><strong>non</strong></span> <span class='ocrx_word' id='word_1_208' title='bbox 667 2591 825 2650; x_wconf 83' lang='lat' dir='ltr'><strong>potest</strong></span> <span class='ocrx_word' id='word_1_209' title='bbox 847 2597 986 2636; x_wconf 78' lang='lat' dir='ltr'><strong>meus</strong></span> <span class='ocrx_word' id='word_1_210' title='bbox 1013 2597 1119 2635; x_wconf 86' lang='lat' dir='ltr'><strong>esse</strong></span> <span class='ocrx_word' id='word_1_211' title='bbox 1143 2581 1422 2652; x_wconf 82' lang='lat' dir='ltr'><strong>discipulus</strong></span> <span class='ocrx_word' id='word_1_212' title='bbox 1451 2581 1600 2653; x_wconf 86' lang='lat' dir='ltr'><strong>(Luc.</strong></span> <span class='ocrx_word' id='word_1_213' title='bbox 1633 2583 1718 2636; x_wconf 73' lang='grc'><strong>14.</strong></span> <span class='ocrx_word' id='word_1_214' title='bbox 1751 2581 1841 2637; x_wconf 71' lang='grc'><strong>26.</strong></span> <span class='ocrx_word' id='word_1_215' title='bbox 1867 2581 1982 2653; x_wconf 73' lang='lat'><strong>27).</strong></span> 
     </span>
    </p>
   </div>
   <div class='ocr_carea' id='block_1_27' title="bbox 403 2667 1982 2741">
    <p class='ocr_par' dir='ltr' id='par_1_27' title="bbox 403 2667 1982 2741">
     <span class='ocr_line' id='line_1_27' title="bbox 403 2667 1982 2741; baseline 0.003 -18"><span class='ocrx_word' id='word_1_216' title='bbox 403 2667 488 2723; x_wconf 83' lang='lat' dir='ltr'><strong>&#39;l‘u</strong></span> <span class='ocrx_word' id='word_1_217' title='bbox 516 2684 644 2723; x_wconf 89' lang='lat' dir='ltr'><strong>vero</strong></span> <span class='ocrx_word' id='word_1_218' title='bbox 666 2670 842 2740; x_wconf 80' lang='lat' dir='ltr'><strong>segnis</strong></span> <span class='ocrx_word' id='word_1_219' title='bbox 869 2672 1051 2726; x_wconf 88' lang='lat' dir='ltr'><strong>uxoris</strong></span> <span class='ocrx_word' id='word_1_220' title='bbox 1077 2671 1373 2741; x_wconf 88' lang='lat' dir='ltr'><strong>cupiditati,</strong></span> <span class='ocrx_word' id='word_1_221' title='bbox 1405 2673 1556 2738; x_wconf 86' lang='lat' dir='ltr'><strong>risui,</strong></span> <span class='ocrx_word' id='word_1_222' title='bbox 1589 2673 1852 2739; x_wconf 91' lang='lat' dir='ltr'><strong>mollitiei,</strong></span> <span class='ocrx_word' id='word_1_223' title='bbox 1884 2673 1982 2728; x_wconf 90' lang='lat' dir='ltr'><strong>de-</strong></span> 
     </span>
    </p>
   </div>
   <div class='ocr_carea' id='block_1_28' title="bbox 405 2756 1985 2831">
    <p class='ocr_par' dir='ltr' id='par_1_28' title="bbox 405 2756 1985 2831">
     <span class='ocr_line' id='line_1_28' title="bbox 405 2756 1985 2831; baseline 0.004 -20"><span class='ocrx_word' id='word_1_224' title='bbox 405 2756 542 2811; x_wconf 90' lang='lat' dir='ltr'><strong>liciis</strong></span> <span class='ocrx_word' id='word_1_225' title='bbox 590 2758 784 2813; x_wconf 87' lang='lat' dir='ltr'><strong>vacas?</strong></span> <span class='ocrx_word' id='word_1_226' title='bbox 833 2757 1084 2816; x_wconf 81' lang='lat' dir='ltr'><strong>Dominus</strong></span> <span class='ocrx_word' id='word_1_227' title='bbox 1135 2777 1291 2831; x_wconf 81' lang='lat' dir='ltr'><strong>prope</strong></span> <span class='ocrx_word' id='word_1_228' title='bbox 1317 2771 1424 2816; x_wconf 89' lang='lat' dir='ltr'><strong>est:</strong></span> <span class='ocrx_word' id='word_1_229' title='bbox 1459 2763 1588 2817; x_wconf 82' lang='lat' dir='ltr'><strong>nihil</strong></span> <span class='ocrx_word' id='word_1_230' title='bbox 1635 2764 1840 2818; x_wconf 81' lang='lat' dir='ltr'><strong>solliciti</strong></span> <span class='ocrx_word' id='word_1_231' title='bbox 1877 2764 1985 2818; x_wconf 86' lang='lat' dir='ltr'><strong>sitis</strong></span> 
     </span>
    </p>
   </div>
   <div class='ocr_carea' id='block_1_29' title="bbox 407 2843 1984 2920">
    <p class='ocr_par' dir='ltr' id='par_1_29' title="bbox 407 2843 1984 2920">
     <span class='ocr_line' id='line_1_29' title="bbox 407 2843 1984 2920; baseline 0.004 -21"><span class='ocrx_word' id='word_1_232' title='bbox 407 2843 665 2918; x_wconf 80' lang='lat' dir='ltr'><strong>(Philipp.</strong></span> <span class='ocrx_word' id='word_1_233' title='bbox 692 2847 747 2901; x_wconf 67' lang='grc'><strong>4.</strong></span> <span class='ocrx_word' id='word_1_234' title='bbox 788 2848 842 2903; x_wconf 88' lang='lat'><strong>5.</strong></span> <span class='ocrx_word' id='word_1_235' title='bbox 871 2847 949 2919; x_wconf 88' lang='lat'><strong>6).</strong></span> <span class='ocrx_word' id='word_1_236' title='bbox 978 2847 1057 2905; x_wconf 82' lang='lat' dir='ltr'><strong>Tu</strong></span> <span class='ocrx_word' id='word_1_237' title='bbox 1086 2848 1154 2904; x_wconf 93' lang='lat' dir='ltr'><strong>de</strong></span> <span class='ocrx_word' id='word_1_238' title='bbox 1181 2851 1417 2920; x_wconf 90' lang='lat' dir='ltr'><strong>pecuniis</strong></span> <span class='ocrx_word' id='word_1_239' title='bbox 1441 2866 1596 2907; x_wconf 88' lang='lat' dir='ltr'><strong>curas</strong></span> <span class='ocrx_word' id='word_1_240' title='bbox 1635 2867 1698 2907; x_wconf 92' lang='lat' dir='ltr'><strong>ac</strong></span> <span class='ocrx_word' id='word_1_241' title='bbox 1725 2852 1984 2908; x_wconf 63' lang='lat' dir='ltr'><strong>sollicTtus</strong></span> 
     </span>
    </p>
   </div>
   <div class='ocr_carea' id='block_1_30' title="bbox 405 2935 1985 3017">
    <p class='ocr_par' dir='ltr' id='par_1_30' title="bbox 405 2935 1985 3017">
     <span class='ocr_line' id='line_1_30' title="bbox 405 2935 1985 3017; baseline 0.004 -27"><span class='ocrx_word' id='word_1_242' title='bbox 405 2935 500 2990; x_wconf 84' lang='lat' dir='ltr'><strong>es?</strong></span> <span class='ocrx_word' id='word_1_243' title='bbox 539 2935 762 2992; x_wconf 66' lang='lat' dir='ltr'><strong>Caeleste</strong></span> <span class='ocrx_word' id='word_1_244' title='bbox 790 2953 1006 3008; x_wconf 80' lang='lat' dir='ltr'><strong>regnum</strong></span> <span class='ocrx_word' id='word_1_245' title='bbox 1039 2939 1219 2994; x_wconf 86' lang='lat' dir='ltr'><strong>instat.</strong></span> <span class='ocrx_word' id='word_1_246' title='bbox 1252 2939 1328 2994; x_wconf 90' lang='lat' dir='ltr'><strong>Tu</strong></span> <span class='ocrx_word' id='word_1_247' title='bbox 1359 2941 1523 3009; x_wconf 76' lang='lat' dir='ltr'><strong>mdes,</strong></span> <span class='ocrx_word' id='word_1_248' title='bbox 1549 2941 1729 2996; x_wconf 90' lang='lat' dir='ltr'><strong>luxum</strong></span> <span class='ocrx_word' id='word_1_249' title='bbox 1765 2951 1820 3017; x_wconf 85' lang='lat' dir='ltr'><strong>et</strong></span> <span class='ocrx_word' id='word_1_250' title='bbox 1861 2943 1985 2997; x_wconf 91' lang='lat' dir='ltr'><strong>reli-</strong></span> 
     </span>
    </p>
   </div>
   <div class='ocr_carea' id='block_1_31' title="bbox 403 3028 1984 3104">
    <p class='ocr_par' dir='ltr' id='par_1_31' title="bbox 403 3028 1984 3104">
     <span class='ocr_line' id='line_1_31' title="bbox 403 3028 1984 3104; baseline 0.006 -26"><span class='ocrx_word' id='word_1_251' title='bbox 403 3040 562 3096; x_wconf 88' lang='lat' dir='ltr'><strong>quam</strong></span> <span class='ocrx_word' id='word_1_252' title='bbox 581 3028 904 3099; x_wconf 89' lang='lat' dir='ltr'><strong>voluptatem</strong></span> <span class='ocrx_word' id='word_1_253' title='bbox 918 3029 1171 3099; x_wconf 87' lang='lat' dir='ltr'><strong>dispicis?</strong></span> <span class='ocrx_word' id='word_1_254' title='bbox 1194 3028 1428 3085; x_wconf 72' lang='lat' dir='ltr'><strong>Prwterit</strong></span> <span class='ocrx_word' id='word_1_255' title='bbox 1445 3033 1612 3104; x_wconf 83' lang='lat' dir='ltr'><strong>ﬁgura</strong></span> <span class='ocrx_word' id='word_1_256' title='bbox 1639 3033 1790 3103; x_wconf 82' lang='lat' dir='ltr'><strong>hujus</strong></span> <span class='ocrx_word' id='word_1_257' title='bbox 1807 3033 1984 3087; x_wconf 88' lang='lat' dir='ltr'><strong>mundi</strong></span> 
     </span>
    </p>
   </div>
   <div class='ocr_carea' id='block_1_32' title="bbox 403 3115 1985 3194">
    <p class='ocr_par' dir='ltr' id='par_1_32' title="bbox 403 3115 1985 3194">
     <span class='ocr_line' id='line_1_32' title="bbox 403 3115 1985 3194; baseline 0.004 -23"><span class='ocrx_word' id='word_1_258' title='bbox 403 3117 481 3188; x_wconf 84' lang='grc' dir='ltr'><strong>(ι.</strong></span> <span class='ocrx_word' id='word_1_259' title='bbox 509 3115 625 3170; x_wconf 88' lang='lat' dir='ltr'><strong>Cor.</strong></span> <span class='ocrx_word' id='word_1_260' title='bbox 655 3117 706 3170; x_wconf 87' lang='lat'><strong>7.</strong></span> <span class='ocrx_word' id='word_1_261' title='bbox 735 3117 846 3189; x_wconf 75' lang='grc'><strong>51).</strong></span> <span class='ocrx_word' id='word_1_262' title='bbox 876 3119 1013 3188; x_wconf 85' lang='lat' dir='ltr'><strong>Quid</strong></span> <span class='ocrx_word' id='word_1_263' title='bbox 1040 3129 1092 3176; x_wconf 90' lang='lat' dir='ltr'><strong>te</strong></span> <span class='ocrx_word' id='word_1_264' title='bbox 1116 3120 1184 3176; x_wconf 89' lang='lat' dir='ltr'><strong>de</strong></span> <span class='ocrx_word' id='word_1_265' title='bbox 1208 3121 1392 3176; x_wconf 89' lang='lat' dir='ltr'><strong>mundi</strong></span> <span class='ocrx_word' id='word_1_266' title='bbox 1422 3123 1580 3178; x_wconf 86' lang='lat' dir='ltr'><strong>rebus</strong></span> <span class='ocrx_word' id='word_1_267' title='bbox 1601 3139 1703 3178; x_wconf 92' lang='lat' dir='ltr'><strong>non</strong></span> <span class='ocrx_word' id='word_1_268' title='bbox 1735 3125 1985 3194; x_wconf 89' lang='lat' dir='ltr'><strong>perenni-</strong></span> 
     </span>
    </p>
   </div>
   <div class='ocr_carea' id='block_1_33' title="bbox 400 3206 1985 3282">
    <p class='ocr_par' dir='ltr' id='par_1_33' title="bbox 400 3206 1985 3282">
     <span class='ocr_line' id='line_1_33' title="bbox 400 3206 1985 3282; baseline 0.004 -20"><span class='ocrx_word' id='word_1_269' title='bbox 400 3206 522 3274; x_wconf 86' lang='lat' dir='ltr'><strong>bus,</strong></span> <span class='ocrx_word' id='word_1_270' title='bbox 546 3207 639 3262; x_wconf 90' lang='lat' dir='ltr'><strong>sed</strong></span> <span class='ocrx_word' id='word_1_271' title='bbox 660 3208 892 3275; x_wconf 87' lang='lat' dir='ltr'><strong>caducis,</strong></span> <span class='ocrx_word' id='word_1_272' title='bbox 922 3213 1233 3280; x_wconf 89' lang='lat' dir='ltr'><strong>perennium</strong></span> <span class='ocrx_word' id='word_1_273' title='bbox 1250 3227 1313 3266; x_wconf 91' lang='lat' dir='ltr'><strong>ac</strong></span> <span class='ocrx_word' id='word_1_274' title='bbox 1328 3213 1594 3268; x_wconf 90' lang='lat' dir='ltr'><strong>stabilium</strong></span> <span class='ocrx_word' id='word_1_275' title='bbox 1621 3215 1840 3282; x_wconf 89' lang='lat' dir='ltr'><strong>oblitus,</strong></span> <span class='ocrx_word' id='word_1_276' title='bbox 1861 3231 1985 3271; x_wconf 89' lang='lat' dir='ltr'><strong>eru-</strong></span> 
     </span>
    </p>
   </div>
   <div class='ocr_carea' id='block_1_34' title="bbox 401 3296 1981 3375">
    <p class='ocr_par' dir='ltr' id='par_1_34' title="bbox 401 3296 1981 3375">
     <span class='ocr_line' id='line_1_34' title="bbox 401 3296 1981 3375; baseline 0.008 -25"><span class='ocrx_word' id='word_1_277' title='bbox 401 3296 546 3352; x_wconf 81' lang='lat' dir='ltr'><strong>clas?</strong></span> <span class='ocrx_word' id='word_1_278' title='bbox 565 3297 680 3352; x_wconf 84' lang='lat' dir='ltr'><strong>Non</strong></span> <span class='ocrx_word' id='word_1_279' title='bbox 703 3299 813 3368; x_wconf 85' lang='lat' dir='ltr'><strong>jam</strong></span> <span class='ocrx_word' id='word_1_280' title='bbox 839 3301 1259 3365; x_wconf 86' lang='lat' dir='ltr'><strong>matrimonium,</strong></span> <span class='ocrx_word' id='word_1_281' title='bbox 1293 3317 1400 3358; x_wconf 92' lang='lat' dir='ltr'><strong>non</strong></span> <span class='ocrx_word' id='word_1_282' title='bbox 1421 3303 1634 3359; x_wconf 86' lang='lat' dir='ltr'><strong>dolores</strong></span> <span class='ocrx_word' id='word_1_283' title='bbox 1651 3316 1852 3375; x_wconf 90' lang='lat' dir='ltr'><strong>partus,</strong></span> <span class='ocrx_word' id='word_1_284' title='bbox 1875 3323 1981 3362; x_wconf 91' lang='lat' dir='ltr'><strong>non</strong></span> 
     </span>
    </p>
   </div>
   <div class='ocr_carea' id='block_1_35' title="bbox 399 3389 1979 3468">
    <p class='ocr_par' dir='ltr' id='par_1_35' title="bbox 399 3389 1979 3468">
     <span class='ocr_line' id='line_1_35' title="bbox 399 3389 1979 3468; baseline 0.009 -27"><span class='ocrx_word' id='word_1_285' title='bbox 399 3389 644 3458; x_wconf 73' lang='lat' dir='ltr'><strong>voluptas</strong></span> <span class='ocrx_word' id='word_1_286' title='bbox 671 3399 726 3445; x_wconf 89' lang='lat' dir='ltr'><strong>et</strong></span> <span class='ocrx_word' id='word_1_287' title='bbox 753 3391 945 3460; x_wconf 89' lang='lat' dir='ltr'><strong>coitus,</strong></span> <span class='ocrx_word' id='word_1_288' title='bbox 977 3408 1082 3448; x_wconf 90' lang='lat' dir='ltr'><strong>non</strong></span> <span class='ocrx_word' id='word_1_289' title='bbox 1127 3394 1428 3449; x_wconf 85' lang='lat' dir='ltr'><strong>divitiarum</strong></span> <span class='ocrx_word' id='word_1_290' title='bbox 1478 3397 1650 3466; x_wconf 89' lang='lat' dir='ltr'><strong>copia,</strong></span> <span class='ocrx_word' id='word_1_291' title='bbox 1695 3413 1801 3454; x_wconf 90' lang='lat' dir='ltr'><strong>non</strong></span> <span class='ocrx_word' id='word_1_292' title='bbox 1841 3414 1979 3468; x_wconf 83' lang='lat' dir='ltr'><strong>prae-</strong></span> 
     </span>
    </p>
   </div>
   <div class='ocr_carea' id='block_1_36' title="bbox 401 3479 1982 3560">
    <p class='ocr_par' dir='ltr' id='par_1_36' title="bbox 401 3479 1982 3560">
     <span class='ocr_line' id='line_1_36' title="bbox 401 3479 1982 3560; baseline 0.006 -24"><span class='ocrx_word' id='word_1_293' title='bbox 401 3479 611 3536; x_wconf 88' lang='lat' dir='ltr'><strong>diorum</strong></span> <span class='ocrx_word' id='word_1_294' title='bbox 632 3481 888 3549; x_wconf 91' lang='lat' dir='ltr'><strong>studium,</strong></span> <span class='ocrx_word' id='word_1_295' title='bbox 913 3498 1020 3541; x_wconf 92' lang='lat' dir='ltr'><strong>non</strong></span> <span class='ocrx_word' id='word_1_296' title='bbox 1039 3485 1210 3551; x_wconf 90' lang='lat' dir='ltr'><strong>cibus,</strong></span> <span class='ocrx_word' id='word_1_297' title='bbox 1237 3501 1342 3541; x_wconf 92' lang='lat' dir='ltr'><strong>non</strong></span> <span class='ocrx_word' id='word_1_298' title='bbox 1361 3495 1685 3559; x_wconf 74' lang='lat' dir='ltr'><strong>tegumenta,</strong></span> <span class='ocrx_word' id='word_1_299' title='bbox 1715 3505 1818 3545; x_wconf 90' lang='lat' dir='ltr'><strong>non</strong></span> <span class='ocrx_word' id='word_1_300' title='bbox 1841 3492 1982 3560; x_wconf 83' lang='lat' dir='ltr'><strong>agri-</strong></span> 
     </span>
    </p>
   </div>
   <div class='ocr_carea' id='block_1_37' title="bbox 401 3572 1977 3652">
    <p class='ocr_par' dir='ltr' id='par_1_37' title="bbox 401 3572 1977 3652">
     <span class='ocr_line' id='line_1_37' title="bbox 401 3572 1977 3652; baseline 0.01 -27"><span class='ocrx_word' id='word_1_301' title='bbox 401 3572 610 3630; x_wconf 86' lang='lat' dir='ltr'><strong>cultura</strong></span> <span class='ocrx_word' id='word_1_302' title='bbox 631 3588 694 3629; x_wconf 90' lang='lat' dir='ltr'><strong>ac</strong></span> <span class='ocrx_word' id='word_1_303' title='bbox 719 3577 1004 3646; x_wconf 78' lang='lat' dir='ltr'><strong>navigatio,</strong></span> <span class='ocrx_word' id='word_1_304' title='bbox 1027 3592 1133 3632; x_wconf 90' lang='lat' dir='ltr'><strong>non</strong></span> <span class='ocrx_word' id='word_1_305' title='bbox 1157 3587 1301 3634; x_wconf 85' lang='lat' dir='ltr'><strong>artes</strong></span> <span class='ocrx_word' id='word_1_306' title='bbox 1320 3588 1375 3635; x_wconf 90' lang='lat' dir='ltr'><strong>et</strong></span> <span class='ocrx_word' id='word_1_307' title='bbox 1397 3579 1643 3648; x_wconf 64' lang='lat' dir='ltr'><strong>mdilicia,</strong></span> <span class='ocrx_word' id='word_1_308' title='bbox 1669 3596 1775 3638; x_wconf 92' lang='lat' dir='ltr'><strong>non</strong></span> <span class='ocrx_word' id='word_1_309' title='bbox 1798 3584 1977 3652; x_wconf 91' lang='lat' dir='ltr'><strong>urbes,</strong></span> 
     </span>
    </p>
   </div>
   <div class='ocr_carea' id='block_1_38' title="bbox 402 3663 1980 3741">
    <p class='ocr_par' dir='ltr' id='par_1_38' title="bbox 402 3663 1980 3741">
     <span class='ocr_line' id='line_1_38' title="bbox 402 3663 1980 3741; baseline 0.01 -26"><span class='ocrx_word' id='word_1_310' title='bbox 402 3676 508 3716; x_wconf 76' lang='lat' dir='ltr'><strong>non</strong></span> <span class='ocrx_word' id='word_1_311' title='bbox 533 3663 694 3728; x_wconf 73' lang='lat' dir='ltr'><strong>mdes,</strong></span> <span class='ocrx_word' id='word_1_312' title='bbox 725 3664 818 3719; x_wconf 88' lang='lat' dir='ltr'><strong>sed</strong></span> <span class='ocrx_word' id='word_1_313' title='bbox 847 3665 984 3722; x_wconf 90' lang='lat' dir='ltr'><strong>alius</strong></span> <span class='ocrx_word' id='word_1_314' title='bbox 1007 3667 1221 3738; x_wconf 88' lang='lat' dir='ltr'><strong>quidam</strong></span> <span class='ocrx_word' id='word_1_315' title='bbox 1261 3678 1430 3724; x_wconf 87' lang='lat' dir='ltr'><strong>status</strong></span> <span class='ocrx_word' id='word_1_316' title='bbox 1467 3681 1627 3741; x_wconf 90' lang='lat' dir='ltr'><strong>atque</strong></span> <span class='ocrx_word' id='word_1_317' title='bbox 1656 3673 1763 3727; x_wconf 90' lang='lat' dir='ltr'><strong>vita</strong></span> <span class='ocrx_word' id='word_1_318' title='bbox 1789 3688 1980 3730; x_wconf 88' lang='lat' dir='ltr'><strong>conse-</strong></span> 
     </span>
    </p>
   </div>
   <div class='ocr_carea' id='block_1_39' title="bbox 401 3752 1977 3826">
    <p class='ocr_par' dir='ltr' id='par_1_39' title="bbox 401 3752 1977 3826">
     <span class='ocr_line' id='line_1_39' title="bbox 401 3752 1977 3826; baseline 0.01 -21"><span class='ocrx_word' id='word_1_319' title='bbox 401 3758 624 3821; x_wconf 89' lang='lat' dir='ltr'><strong>quetur;</strong></span> <span class='ocrx_word' id='word_1_320' title='bbox 654 3752 769 3810; x_wconf 80' lang='lat' dir='ltr'><strong>haec</strong></span> <span class='ocrx_word' id='word_1_321' title='bbox 793 3755 954 3826; x_wconf 89' lang='lat' dir='ltr'><strong>paulo</strong></span> <span class='ocrx_word' id='word_1_322' title='bbox 992 3766 1110 3826; x_wconf 89' lang='lat' dir='ltr'><strong>post</strong></span> <span class='ocrx_word' id='word_1_323' title='bbox 1148 3767 1344 3816; x_wconf 86' lang='lat' dir='ltr'><strong>cuncta</strong></span> <span class='ocrx_word' id='word_1_324' title='bbox 1383 3759 1692 3817; x_wconf 91' lang='lat' dir='ltr'><strong>interibunt.</strong></span> <span class='ocrx_word' id='word_1_325' title='bbox 1732 3762 1790 3818; x_wconf 91' lang='lat' dir='ltr'><strong>ld</strong></span> <span class='ocrx_word' id='word_1_326' title='bbox 1834 3766 1977 3821; x_wconf 89' lang='lat' dir='ltr'><strong>enim</strong></span> 
     </span>
    </p>
   </div>
   <div class='ocr_carea' id='block_1_40' title="bbox 400 3843 1976 3926">
    <p class='ocr_par' dir='ltr' id='par_1_40' title="bbox 400 3843 1976 3926">
     <span class='ocr_line' id='line_1_40' title="bbox 400 3843 1976 3926; baseline 0.01 -29"><span class='ocrx_word' id='word_1_327' title='bbox 400 3853 502 3912; x_wconf 90' lang='lat' dir='ltr'><strong>est,</strong></span> <span class='ocrx_word' id='word_1_328' title='bbox 540 3843 769 3901; x_wconf 65' lang='lat' dir='ltr'><strong>Praeterit</strong></span> <span class='ocrx_word' id='word_1_329' title='bbox 793 3848 961 3918; x_wconf 76' lang='lat' dir='ltr'><strong>ﬁgura</strong></span> <span class='ocrx_word' id='word_1_330' title='bbox 992 3849 1144 3919; x_wconf 85' lang='lat' dir='ltr'><strong>hujus</strong></span> <span class='ocrx_word' id='word_1_331' title='bbox 1169 3852 1366 3906; x_wconf 86' lang='lat' dir='ltr'><strong>mundi.</strong></span> <span class='ocrx_word' id='word_1_332' title='bbox 1397 3852 1534 3922; x_wconf 88' lang='lat' dir='ltr'><strong>Quid</strong></span> <span class='ocrx_word' id='word_1_333' title='bbox 1563 3853 1723 3926; x_wconf 86' lang='lat' dir='ltr'><strong>igitur</strong></span> <span class='ocrx_word' id='word_1_334' title='bbox 1749 3858 1895 3914; x_wconf 88' lang='lat' dir='ltr'><strong>velut</strong></span> <span class='ocrx_word' id='word_1_335' title='bbox 1923 3859 1976 3913; x_wconf 91' lang='lat' dir='ltr'><strong>in</strong></span> 
     </span>
    </p>
   </div>
   <div class='ocr_carea' id='block_1_41' title="bbox 399 3935 1979 4006">
    <p class='ocr_par' dir='ltr' id='par_1_41' title="bbox 399 3935 1979 4006">
     <span class='ocr_line' id='line_1_41' title="bbox 399 3935 1979 4006; baseline 0.009 -18"><span class='ocrx_word' id='word_1_336' title='bbox 399 3935 578 3990; x_wconf 88' lang='lat' dir='ltr'><strong>omnia</strong></span> <span class='ocrx_word' id='word_1_337' title='bbox 605 3936 799 3992; x_wconf 73' lang='lat' dir='ltr'><strong>sarcula</strong></span> <span class='ocrx_word' id='word_1_338' title='bbox 828 3936 915 3992; x_wconf 92' lang='lat' dir='ltr'><strong>hic</strong></span> <span class='ocrx_word' id='word_1_339' title='bbox 941 3940 1198 4006; x_wconf 88' lang='lat' dir='ltr'><strong>mansuri,</strong></span> <span class='ocrx_word' id='word_1_340' title='bbox 1231 3941 1304 3996; x_wconf 89' lang='lat' dir='ltr'><strong>ita</strong></span> <span class='ocrx_word' id='word_1_341' title='bbox 1346 3941 1399 3996; x_wconf 92' lang='lat' dir='ltr'><strong>in</strong></span> <span class='ocrx_word' id='word_1_342' title='bbox 1441 3957 1626 3998; x_wconf 88' lang='lat' dir='ltr'><strong>earum</strong></span> <span class='ocrx_word' id='word_1_343' title='bbox 1657 3959 1834 4001; x_wconf 91' lang='lat' dir='ltr'><strong>rerum</strong></span> <span class='ocrx_word' id='word_1_344' title='bbox 1864 3956 1979 4002; x_wconf 88' lang='lat' dir='ltr'><strong>stu-</strong></span> 
     </span>
    </p>
   </div>
   <div class='ocr_carea' id='block_1_42' title="bbox 397 4021 1974 4107">
    <p class='ocr_par' dir='ltr' id='par_1_42' title="bbox 397 4021 1974 4107">
     <span class='ocr_line' id='line_1_42' title="bbox 397 4021 1974 4107; baseline 0.011 -30"><span class='ocrx_word' id='word_1_345' title='bbox 397 4021 506 4092; x_wconf 80' lang='lat' dir='ltr'><strong>dio,</strong></span> <span class='ocrx_word' id='word_1_346' title='bbox 537 4039 566 4078; x_wconf 87' lang='lat' dir='ltr'><strong>a</strong></span> <span class='ocrx_word' id='word_1_347' title='bbox 596 4027 786 4096; x_wconf 87' lang='lat' dir='ltr'><strong>quibus</strong></span> <span class='ocrx_word' id='word_1_348' title='bbox 806 4041 949 4099; x_wconf 63' lang='lat' dir='ltr'><strong>saepe</strong></span> <span class='ocrx_word' id='word_1_349' title='bbox 976 4039 1100 4086; x_wconf 90' lang='lat' dir='ltr'><strong>ante</strong></span> <span class='ocrx_word' id='word_1_350' title='bbox 1129 4045 1408 4102; x_wconf 79' lang='lat' dir='ltr'><strong>veSperam</strong></span> <span class='ocrx_word' id='word_1_351' title='bbox 1436 4033 1840 4092; x_wconf 89' lang='lat' dir='ltr'><strong>descisceudum</strong></span> <span class='ocrx_word' id='word_1_352' title='bbox 1884 4041 1974 4107; x_wconf 85' lang='lat' dir='ltr'><strong>sit,</strong></span> 
     </span>
    </p>
   </div>
   <div class='ocr_carea' id='block_1_43' title="bbox 397 4119 1976 4201">
    <p class='ocr_par' dir='ltr' id='par_1_43' title="bbox 397 4119 1976 4201">
     <span class='ocr_line' id='line_1_43' title="bbox 397 4119 1976 4201; baseline 0.013 -35"><span class='ocrx_word' id='word_1_353' title='bbox 397 4129 602 4168; x_wconf 90' lang='lat' dir='ltr'><strong>summa</strong></span> <span class='ocrx_word' id='word_1_354' title='bbox 632 4130 733 4186; x_wconf 89' lang='lat' dir='ltr'><strong>ope</strong></span> <span class='ocrx_word' id='word_1_355' title='bbox 763 4119 1019 4173; x_wconf 84' lang='lat' dir='ltr'><strong>nitimur?</strong></span> <span class='ocrx_word' id='word_1_356' title='bbox 1057 4121 1185 4192; x_wconf 93' lang='lat' dir='ltr'><strong>quid</strong></span> <span class='ocrx_word' id='word_1_357' title='bbox 1223 4121 1546 4180; x_wconf 87' lang='lat' dir='ltr'><strong>laboriosam</strong></span> <span class='ocrx_word' id='word_1_358' title='bbox 1577 4127 1741 4182; x_wconf 89' lang='lat' dir='ltr'><strong>vitam</strong></span> <span class='ocrx_word' id='word_1_359' title='bbox 1783 4129 1976 4201; x_wconf 87' lang='lat' dir='ltr'><strong>deligi-</strong></span> 
     </span>
    </p>
   </div>
   <div class='ocr_carea' id='block_1_44' title="bbox 396 4202 1974 4287">
    <p class='ocr_par' dir='ltr' id='par_1_44' title="bbox 396 4202 1974 4287">
     <span class='ocr_line' id='line_1_44' title="bbox 396 4202 1974 4287; baseline 0.012 -31"><span class='ocrx_word' id='word_1_360' title='bbox 396 4215 535 4267; x_wconf 89' lang='lat' dir='ltr'><strong>mus,</strong></span> <span class='ocrx_word' id='word_1_361' title='bbox 557 4202 768 4259; x_wconf 86' lang='lat' dir='ltr'><strong>Christo</strong></span> <span class='ocrx_word' id='word_1_362' title='bbox 791 4205 857 4259; x_wconf 89' lang='lat' dir='ltr'><strong>ad</strong></span> <span class='ocrx_word' id='word_1_363' title='bbox 895 4208 1120 4262; x_wconf 89' lang='lat' dir='ltr'><strong>otiosam</strong></span> <span class='ocrx_word' id='word_1_364' title='bbox 1147 4225 1245 4265; x_wconf 91' lang='lat' dir='ltr'><strong>nos</strong></span> <span class='ocrx_word' id='word_1_365' title='bbox 1275 4213 1534 4267; x_wconf 89' lang='lat' dir='ltr'><strong>vocante?</strong></span> <span class='ocrx_word' id='word_1_366' title='bbox 1564 4212 1688 4270; x_wconf 85' lang='lat' dir='ltr'><strong>Volo</strong></span> <span class='ocrx_word' id='word_1_367' title='bbox 1713 4219 1876 4287; x_wconf 90' lang='lat' dir='ltr'><strong>enim,</strong></span> <span class='ocrx_word' id='word_1_368' title='bbox 1897 4222 1974 4274; x_wconf 73' lang='lat' dir='ltr'><strong>in~</strong></span> 
     </span>
    </p>
   </div>
   <div class='ocr_carea' id='block_1_45' title="bbox 369 4290 1976 4372">
    <p class='ocr_par' dir='ltr' id='par_1_45' title="bbox 369 4290 1976 4372">
     <span class='ocr_line' id='line_1_45' title="bbox 369 4290 1976 4372; baseline 0.012 -28"><span class='ocrx_word' id='word_1_369' title='bbox 369 4340 372 4344; x_wconf 31' lang='grc' dir='ltr'><em>ί</em></span> <span class='ocrx_word' id='word_1_370' title='bbox 397 4290 532 4358; x_wconf 87' lang='lat' dir='ltr'><strong>quit,</strong></span> <span class='ocrx_word' id='word_1_371' title='bbox 562 4303 648 4343; x_wconf 79' lang='lat' dir='ltr'><strong>vos</strong></span> <span class='ocrx_word' id='word_1_372' title='bbox 671 4292 779 4346; x_wconf 87' lang='lat' dir='ltr'><strong>sine</strong></span> <span class='ocrx_word' id='word_1_373' title='bbox 803 4293 1144 4350; x_wconf 88' lang='lat' dir='ltr'><strong>sollicitudine</strong></span> <span class='ocrx_word' id='word_1_374' title='bbox 1166 4313 1293 4352; x_wconf 87' lang='lat' dir='ltr'><strong>esse.</strong></span> <span class='ocrx_word' id='word_1_375' title='bbox 1324 4298 1427 4366; x_wconf 85' lang='lat' dir='ltr'><strong>Qui</strong></span> <span class='ocrx_word' id='word_1_376' title='bbox 1444 4302 1554 4356; x_wconf 88' lang='lat' dir='ltr'><strong>sine</strong></span> <span class='ocrx_word' id='word_1_377' title='bbox 1572 4318 1729 4358; x_wconf 70' lang='lat' dir='ltr'><strong>uxore</strong></span> <span class='ocrx_word' id='word_1_378' title='bbox 1751 4315 1842 4372; x_wconf 86' lang='lat' dir='ltr'><strong>est,</strong></span> <span class='ocrx_word' id='word_1_379' title='bbox 1866 4306 1976 4364; x_wconf 87' lang='lat' dir='ltr'><strong>Do-</strong></span> 
     </span>
    </p>
   </div>
   <div class='ocr_carea' id='block_1_46' title="bbox 395 4375 1268 4458">
    <p class='ocr_par' dir='ltr' id='par_1_46' title="bbox 395 4375 1268 4458">
     <span class='ocr_line' id='line_1_46' title="bbox 395 4375 1268 4458; baseline 0.013 -27"><span class='ocrx_word' id='word_1_380' title='bbox 395 4375 520 4431; x_wconf 86' lang='lat' dir='ltr'><strong>mini</strong></span> <span class='ocrx_word' id='word_1_381' title='bbox 547 4393 626 4431; x_wconf 89' lang='lat' dir='ltr'><strong>res</strong></span> <span class='ocrx_word' id='word_1_382' title='bbox 645 4390 789 4434; x_wconf 87' lang='lat' dir='ltr'><strong>curat</strong></span> <span class='ocrx_word' id='word_1_383' title='bbox 817 4383 894 4453; x_wconf 77' lang='lat' dir='ltr'><strong>(l.</strong></span> <span class='ocrx_word' id='word_1_384' title='bbox 922 4381 1040 4437; x_wconf 90' lang='lat' dir='ltr'><strong>Cor.</strong></span> <span class='ocrx_word' id='word_1_385' title='bbox 1070 4385 1121 4438; x_wconf 90' lang='lat'><strong>7.</strong></span> <span class='ocrx_word' id='word_1_386' title='bbox 1152 4385 1268 4458; x_wconf 77' lang='lat'><strong>52).</strong></span> 
     </span>
    </p>
   </div>
   <div class='ocr_carea' id='block_1_47' title="bbox 464 4467 1974 4560">
    <p class='ocr_par' dir='ltr' id='par_1_47' title="bbox 464 4467 1974 4560">
     <span class='ocr_line' id='line_1_47' title="bbox 464 4467 1974 4560; baseline 0.016 -38"><span class='ocrx_word' id='word_1_387' title='bbox 464 4467 699 4526; x_wconf 78' lang='lat' dir='ltr'><strong>LXXIV.</strong></span> <span class='ocrx_word' id='word_1_388' title='bbox 737 4468 841 4560; x_wconf 74' lang='lat' dir='ltr'><strong>Cur</strong></span> <span class='ocrx_word' id='word_1_389' title='bbox 861 4488 978 4528; x_wconf 91' lang='lat' dir='ltr'><strong>cum</strong></span> <span class='ocrx_word' id='word_1_390' title='bbox 1002 4476 1119 4530; x_wconf 77' lang='lat' dir='ltr'><strong>uelit</strong></span> <span class='ocrx_word' id='word_1_391' title='bbox 1145 4494 1236 4533; x_wconf 90' lang='lat' dir='ltr'><strong>nos</strong></span> <span class='ocrx_word' id='word_1_392' title='bbox 1262 4481 1371 4535; x_wconf 83' lang='lat' dir='ltr'><strong>sine</strong></span> <span class='ocrx_word' id='word_1_393' title='bbox 1395 4484 1728 4542; x_wconf 87' lang='lat' dir='ltr'><strong>sollicitudine</strong></span> <span class='ocrx_word' id='word_1_394' title='bbox 1750 4504 1874 4555; x_wconf 87' lang='lat' dir='ltr'><strong>esse,</strong></span> <span class='ocrx_word' id='word_1_395' title='bbox 1882 4491 1974 4560; x_wconf 74' lang='lat' dir='ltr'><strong>ju~</strong></span> 
     </span>
    </p>
   </div>
   <div class='ocr_carea' id='block_1_48' title="bbox 395 4555 1975 4644">
    <p class='ocr_par' dir='ltr' id='par_1_48' title="bbox 395 4555 1975 4644">
     <span class='ocr_line' id='line_1_48' title="bbox 395 4555 1975 4644; baseline 0.016 -35"><span class='ocrx_word' id='word_1_396' title='bbox 395 4555 508 4611; x_wconf 83' lang='lat' dir='ltr'><strong>beat</strong></span> <span class='ocrx_word' id='word_1_397' title='bbox 530 4574 638 4613; x_wconf 87' lang='lat' dir='ltr'><strong>esse</strong></span> <span class='ocrx_word' id='word_1_398' title='bbox 657 4559 920 4616; x_wconf 87' lang='lat' dir='ltr'><strong>sollicitos.</strong></span> <span class='ocrx_word' id='word_1_399' title='bbox 941 4592 1013 4615; x_wconf 93' lang='lat'><strong>—.</strong></span> <span class='ocrx_word' id='word_1_400' title='bbox 1035 4564 1313 4644; x_wconf 87' lang='lat' dir='ltr'><strong>Quomodo</strong></span> <span class='ocrx_word' id='word_1_401' title='bbox 1339 4570 1497 4642; x_wconf 88' lang='lat' dir='ltr'><strong>igitur</strong></span> <span class='ocrx_word' id='word_1_402' title='bbox 1520 4587 1618 4629; x_wconf 92' lang='lat' dir='ltr'><strong>nos</strong></span> <span class='ocrx_word' id='word_1_403' title='bbox 1642 4576 1756 4632; x_wconf 90' lang='lat' dir='ltr'><strong>sine</strong></span> <span class='ocrx_word' id='word_1_404' title='bbox 1775 4555 1975 4634; x_wconf 82' lang='lat' dir='ltr'><strong>sollici-</strong></span> 
     </span>
    </p>
   </div>
   <div class='ocr_carea' id='block_1_49' title="bbox 395 4645 1974 4738">
    <p class='ocr_par' dir='ltr' id='par_1_49' title="bbox 395 4645 1974 4738">
     <span class='ocr_line' id='line_1_49' title="bbox 395 4645 1974 4738; baseline 0.016 -37"><span class='ocrx_word' id='word_1_405' title='bbox 395 4645 577 4703; x_wconf 89' lang='lat' dir='ltr'><strong>tudine</strong></span> <span class='ocrx_word' id='word_1_406' title='bbox 596 4662 717 4705; x_wconf 86' lang='lat' dir='ltr'><strong>esse</strong></span> <span class='ocrx_word' id='word_1_407' title='bbox 731 4650 834 4719; x_wconf 85' lang='lat' dir='ltr'><strong>vis,</strong></span> <span class='ocrx_word' id='word_1_408' title='bbox 855 4666 990 4722; x_wconf 91' lang='lat' dir='ltr'><strong>quos</strong></span> <span class='ocrx_word' id='word_1_409' title='bbox 1009 4654 1061 4709; x_wconf 88' lang='lat' dir='ltr'><strong>in</strong></span> <span class='ocrx_word' id='word_1_410' title='bbox 1089 4656 1244 4713; x_wconf 90' lang='lat' dir='ltr'><strong>aliam</strong></span> <span class='ocrx_word' id='word_1_411' title='bbox 1266 4659 1456 4718; x_wconf 88' lang='lat' dir='ltr'><strong>iterum</strong></span> <span class='ocrx_word' id='word_1_412' title='bbox 1482 4677 1661 4719; x_wconf 91' lang='lat' dir='ltr'><strong>curam</strong></span> <span class='ocrx_word' id='word_1_413' title='bbox 1682 4669 1974 4738; x_wconf 88' lang='lat' dir='ltr'><strong>conjicias?</strong></span> 
     </span>
    </p>
   </div>
   <div class='ocr_carea' id='block_1_50' title="bbox 393 4740 1974 4832">
    <p class='ocr_par' dir='ltr' id='par_1_50' title="bbox 393 4740 1974 4832">
     <span class='ocr_line' id='line_1_50' title="bbox 393 4740 1974 4832; baseline 0.018 -40"><span class='ocrx_word' id='word_1_414' title='bbox 393 4740 525 4806; x_wconf 81' lang='lat' dir='ltr'><strong>Quia</strong></span> <span class='ocrx_word' id='word_1_415' title='bbox 540 4745 640 4800; x_wconf 90' lang='lat' dir='ltr'><strong>hoc</strong></span> <span class='ocrx_word' id='word_1_416' title='bbox 651 4760 716 4800; x_wconf 93' lang='lat' dir='ltr'><strong>ne</strong></span> <span class='ocrx_word' id='word_1_417' title='bbox 730 4761 918 4805; x_wconf 90' lang='lat' dir='ltr'><strong>curare</strong></span> <span class='ocrx_word' id='word_1_418' title='bbox 929 4749 1139 4820; x_wconf 87' lang='lat' dir='ltr'><strong>quidem</strong></span> <span class='ocrx_word' id='word_1_419' title='bbox 1153 4764 1253 4821; x_wconf 91' lang='lat' dir='ltr'><strong>est,</strong></span> <span class='ocrx_word' id='word_1_420' title='bbox 1267 4759 1709 4832; x_wconf 87' lang='lat' dir='ltr'><strong>quemadmodum</strong></span> <span class='ocrx_word' id='word_1_421' title='bbox 1727 4779 1825 4820; x_wconf 90' lang='lat' dir='ltr'><strong>nec</strong></span> <span class='ocrx_word' id='word_1_422' title='bbox 1839 4764 1974 4820; x_wconf 83' lang='lat' dir='ltr'><strong>afﬂi-</strong></span> 
     </span>
    </p>
   </div>
   <div class='ocr_carea' id='block_1_51' title="bbox 392 4834 1971 4928">
    <p class='ocr_par' dir='ltr' id='par_1_51' title="bbox 392 4834 1971 4928">
     <span class='ocr_line' id='line_1_51' title="bbox 392 4834 1971 4928; baseline 0.02 -43"><span class='ocrx_word' id='word_1_423' title='bbox 392 4834 524 4887; x_wconf 85' lang='lat' dir='ltr'><strong>ctari</strong></span> <span class='ocrx_word' id='word_1_424' title='bbox 551 4845 770 4907; x_wconf 88' lang='lat' dir='ltr'><strong>propter</strong></span> <span class='ocrx_word' id='word_1_425' title='bbox 792 4839 1060 4899; x_wconf 90' lang='lat' dir='ltr'><strong>Christum</strong></span> <span class='ocrx_word' id='word_1_426' title='bbox 1092 4845 1365 4913; x_wconf 89' lang='lat' dir='ltr'><strong>afllictari;</strong></span> <span class='ocrx_word' id='word_1_427' title='bbox 1396 4866 1502 4906; x_wconf 90' lang='lat' dir='ltr'><strong>non</strong></span> <span class='ocrx_word' id='word_1_428' title='bbox 1531 4863 1730 4911; x_wconf 88' lang='lat' dir='ltr'><strong>mutata</strong></span> <span class='ocrx_word' id='word_1_429' title='bbox 1756 4857 1971 4928; x_wconf 89' lang='lat' dir='ltr'><strong>quidem</strong></span> 
     </span>
    </p>
   </div>
   <div class='ocr_carea' id='block_1_52' title="bbox 390 4931 1973 5018">
    <p class='ocr_par' dir='ltr' id='par_1_52' title="bbox 390 4931 1973 5018">
     <span class='ocr_line' id='line_1_52' title="bbox 390 4931 1973 5018; baseline 0.019 -42"><span class='ocrx_word' id='word_1_430' title='bbox 390 4937 569 4979; x_wconf 89' lang='lat' dir='ltr'><strong>rerum</strong></span> <span class='ocrx_word' id='word_1_431' title='bbox 589 4937 798 5018; x_wconf 87' lang='lat' dir='ltr'><strong>natura,</strong></span> <span class='ocrx_word' id='word_1_432' title='bbox 821 4931 916 4987; x_wconf 87' lang='lat' dir='ltr'><strong>sed</strong></span> <span class='ocrx_word' id='word_1_433' title='bbox 937 4947 1122 4990; x_wconf 90' lang='lat' dir='ltr'><strong>eorum</strong></span> <span class='ocrx_word' id='word_1_434' title='bbox 1147 4939 1235 5008; x_wconf 92' lang='lat' dir='ltr'><strong>qui</strong></span> <span class='ocrx_word' id='word_1_435' title='bbox 1259 4953 1321 4996; x_wconf 90' lang='lat' dir='ltr'><strong>ea</strong></span> <span class='ocrx_word' id='word_1_436' title='bbox 1345 4954 1465 4997; x_wconf 93' lang='lat' dir='ltr'><strong>cum</strong></span> <span class='ocrx_word' id='word_1_437' title='bbox 1488 4943 1754 5017; x_wconf 85' lang='lat' dir='ltr'><strong>voluptate</strong></span> <span class='ocrx_word' id='word_1_438' title='bbox 1768 4949 1973 5018; x_wconf 84' lang='lat' dir='ltr'><strong>patian-</strong></span> 
     </span>
    </p>
   </div>
   <div class='ocr_carea' id='block_1_53' title="bbox 391 5017 1969 5108">
    <p class='ocr_par' dir='ltr' id='par_1_53' title="bbox 391 5017 1969 5108">
     <span class='ocr_line' id='line_1_53' title="bbox 391 5017 1969 5108; baseline 0.018 -40"><span class='ocrx_word' id='word_1_439' title='bbox 391 5022 483 5070; x_wconf 87' lang='lat' dir='ltr'><strong>tur</strong></span> <span class='ocrx_word' id='word_1_440' title='bbox 507 5017 684 5074; x_wconf 91' lang='lat' dir='ltr'><strong>studio</strong></span> <span class='ocrx_word' id='word_1_441' title='bbox 710 5021 794 5076; x_wconf 90' lang='lat' dir='ltr'><strong>vel</strong></span> <span class='ocrx_word' id='word_1_442' title='bbox 823 5037 1001 5078; x_wconf 90' lang='lat' dir='ltr'><strong>rerum</strong></span> <span class='ocrx_word' id='word_1_443' title='bbox 1040 5037 1283 5084; x_wconf 90' lang='lat' dir='ltr'><strong>naturam</strong></span> <span class='ocrx_word' id='word_1_444' title='bbox 1316 5031 1580 5090; x_wconf 83' lang='lat' dir='ltr'><strong>vincente.</strong></span> <span class='ocrx_word' id='word_1_445' title='bbox 1621 5036 1751 5100; x_wconf 85' lang='lat' dir='ltr'><strong>Nam</strong></span> <span class='ocrx_word' id='word_1_446' title='bbox 1773 5017 1870 5108; x_wconf 84' lang='lat' dir='ltr'><strong>qui</strong></span> <span class='ocrx_word' id='word_1_447' title='bbox 1906 5055 1969 5098; x_wconf 89' lang='lat' dir='ltr'><strong>ea</strong></span> 
     </span>
    </p>
   </div>
   <div class='ocr_carea' id='block_1_54' title="bbox 389 5111 1970 5197">
    <p class='ocr_par' dir='ltr' id='par_1_54' title="bbox 389 5111 1970 5197">
     <span class='ocr_line' id='line_1_54' title="bbox 389 5111 1970 5197; baseline 0.018 -36"><span class='ocrx_word' id='word_1_448' title='bbox 389 5115 576 5174; x_wconf 89' lang='lat' dir='ltr'><strong>curet,</strong></span> <span class='ocrx_word' id='word_1_449' title='bbox 604 5111 796 5181; x_wconf 88' lang='lat' dir='ltr'><strong>quibus</strong></span> <span class='ocrx_word' id='word_1_450' title='bbox 822 5128 928 5170; x_wconf 92' lang='lat' dir='ltr'><strong>non</strong></span> <span class='ocrx_word' id='word_1_451' title='bbox 960 5115 1173 5188; x_wconf 89' lang='lat' dir='ltr'><strong>longum</strong></span> <span class='ocrx_word' id='word_1_452' title='bbox 1205 5131 1413 5193; x_wconf 87' lang='lat' dir='ltr'><strong>tempus</strong></span> <span class='ocrx_word' id='word_1_453' title='bbox 1441 5124 1694 5184; x_wconf 83' lang='lat' dir='ltr'><strong>fruiturus</strong></span> <span class='ocrx_word' id='word_1_454' title='bbox 1721 5131 1827 5197; x_wconf 88' lang='lat' dir='ltr'><strong>sit,</strong></span> <span class='ocrx_word' id='word_1_455' title='bbox 1861 5133 1970 5189; x_wconf 91' lang='lat' dir='ltr'><strong>imo</strong></span> 
     </span>
    </p>
   </div>
   <div class='ocr_carea' id='block_1_55' title="bbox 389 5202 1970 5292">
    <p class='ocr_par' dir='ltr' id='par_1_55' title="bbox 389 5202 1970 5292">
     <span class='ocr_line' id='line_1_55' title="bbox 389 5202 1970 5292; baseline 0.02 -42"><span class='ocrx_word' id='word_1_456' title='bbox 389 5209 660 5292; x_wconf 75' lang='lat' dir='ltr'><strong>stcpeuec</strong></span> <span class='ocrx_word' id='word_1_457' title='bbox 685 5202 986 5275; x_wconf 91' lang='lat' dir='ltr'><strong>minimum,</strong></span> <span class='ocrx_word' id='word_1_458' title='bbox 1015 5222 1204 5267; x_wconf 86' lang='lat' dir='ltr'><strong>curare</strong></span> <span class='ocrx_word' id='word_1_459' title='bbox 1241 5215 1433 5270; x_wconf 89' lang='lat' dir='ltr'><strong>merito</strong></span> <span class='ocrx_word' id='word_1_460' title='bbox 1457 5215 1697 5286; x_wconf 87' lang='lat' dir='ltr'><strong>dicetur;</strong></span> <span class='ocrx_word' id='word_1_461' title='bbox 1727 5222 1816 5292; x_wconf 90' lang='lat' dir='ltr'><strong>qui</strong></span> <span class='ocrx_word' id='word_1_462' title='bbox 1841 5235 1970 5280; x_wconf 90' lang='lat' dir='ltr'><strong>vero</strong></span> 
     </span>
    </p>
   </div>
   <div class='ocr_carea' id='block_1_56' title="bbox 387 5291 1969 5390">
    <p class='ocr_par' dir='ltr' id='par_1_56' title="bbox 387 5291 1969 5390">
     <span class='ocr_line' id='line_1_56' title="bbox 387 5291 1969 5390; baseline 0.018 -48"><span class='ocrx_word' id='word_1_463' title='bbox 387 5301 420 5390; x_wconf 53' lang='grc' dir='ltr'>ς</span> <span class='ocrx_word' id='word_1_464' title='bbox 445 5291 590 5346; x_wconf 89' lang='lat' dir='ltr'><strong>curis</strong></span> <span class='ocrx_word' id='word_1_465' title='bbox 628 5292 884 5362; x_wconf 88' lang='lat' dir='ltr'><strong>majorem</strong></span> <span class='ocrx_word' id='word_1_466' title='bbox 913 5296 1140 5354; x_wconf 85' lang='lat' dir='ltr'><strong>fructum</strong></span> <span class='ocrx_word' id='word_1_467' title='bbox 1184 5313 1434 5374; x_wconf 89' lang='lat' dir='ltr'><strong>capturus</strong></span> <span class='ocrx_word' id='word_1_468' title='bbox 1463 5308 1561 5374; x_wconf 90' lang='lat' dir='ltr'><strong>sit,</strong></span> <span class='ocrx_word' id='word_1_469' title='bbox 1591 5312 1737 5365; x_wconf 89' lang='lat' dir='ltr'><strong>omni</strong></span> <span class='ocrx_word' id='word_1_470' title='bbox 1764 5314 1969 5372; x_wconf 88' lang='lat' dir='ltr'><strong>ratione</strong></span> 
     </span>
    </p>
   </div>
   <div class='ocr_carea' id='block_1_57' title="bbox 387 5384 1968 5463">
    <p class='ocr_par' dir='ltr' id='par_1_57' title="bbox 387 5384 1968 5463">
     <span class='ocr_line' id='line_1_57' title="bbox 387 5384 1968 5463; baseline 0.021 -32"><span class='ocrx_word' id='word_1_471' title='bbox 387 5384 527 5435; x_wconf 88' lang='lat' dir='ltr'><strong>inter</strong></span> <span class='ocrx_word' id='word_1_472' title='bbox 541 5397 634 5438; x_wconf 91' lang='lat' dir='ltr'><strong>eos</strong></span> <span class='ocrx_word' id='word_1_473' title='bbox 654 5384 742 5453; x_wconf 89' lang='lat' dir='ltr'><strong>qui</strong></span> <span class='ocrx_word' id='word_1_474' title='bbox 763 5386 879 5443; x_wconf 86' lang='lat' dir='ltr'><strong>sine</strong></span> <span class='ocrx_word' id='word_1_475' title='bbox 897 5390 1249 5450; x_wconf 83' lang='lat' dir='ltr'><strong>sollicitudine</strong></span> <span class='ocrx_word' id='word_1_476' title='bbox 1268 5406 1392 5452; x_wconf 87' lang='lat' dir='ltr'><strong>sunt</strong></span> <span class='ocrx_word' id='word_1_477' title='bbox 1415 5403 1794 5460; x_wconf 89' lang='lat' dir='ltr'><strong>numerabitur.</strong></span> <span class='ocrx_word' id='word_1_478' title='bbox 1824 5406 1968 5463; x_wconf 66' lang='lat' dir='ltr'><strong>Pras-</strong></span> 
     </span>
    </p>
   </div>
   <div class='ocr_carea' id='block_1_58' title="bbox 385 5477 1967 5564">
    <p class='ocr_par' dir='ltr' id='par_1_58' title="bbox 385 5477 1967 5564">
     <span class='ocr_line' id='line_1_58' title="bbox 385 5477 1967 5564; baseline 0.02 -40"><span class='ocrx_word' id='word_1_479' title='bbox 385 5477 530 5564; x_wconf 76' lang='lat' dir='ltr'><strong>tcrca</strong></span> <span class='ocrx_word' id='word_1_480' title='bbox 557 5483 732 5533; x_wconf 91' lang='lat' dir='ltr'><strong>autem</strong></span> <span class='ocrx_word' id='word_1_481' title='bbox 761 5480 1034 5554; x_wconf 91' lang='lat' dir='ltr'><strong>utriusque</strong></span> <span class='ocrx_word' id='word_1_482' title='bbox 1060 5499 1201 5550; x_wconf 72' lang='lat' dir='ltr'><strong>curas</strong></span> <span class='ocrx_word' id='word_1_483' title='bbox 1237 5497 1439 5546; x_wconf 91' lang='lat' dir='ltr'><strong>tantum</strong></span> <span class='ocrx_word' id='word_1_484' title='bbox 1465 5502 1549 5548; x_wconf 87' lang='lat' dir='ltr'><strong>est</strong></span> <span class='ocrx_word' id='word_1_485' title='bbox 1571 5493 1875 5564; x_wconf 86' lang='lat' dir='ltr'><strong>discrimen,</strong></span> <span class='ocrx_word' id='word_1_486' title='bbox 1908 5509 1967 5556; x_wconf 92' lang='lat' dir='ltr'><strong>ut</strong></span> 
     </span>
    </p>
   </div>
   <div class='ocr_carea' id='block_1_59' title="bbox 387 5558 1961 5656">
    <p class='ocr_par' dir='ltr' id='par_1_59' title="bbox 387 5558 1961 5656">
     <span class='ocr_line' id='line_1_59' title="bbox 387 5558 1961 5656; baseline 0.018 -41"><span class='ocrx_word' id='word_1_487' title='bbox 387 5558 502 5656; x_wconf 65' lang='lat' dir='ltr'><strong>bare</strong></span> <span class='ocrx_word' id='word_1_488' title='bbox 529 5579 649 5656; x_wconf 83' lang='lat' dir='ltr'><strong>cum</strong></span> <span class='ocrx_word' id='word_1_489' title='bbox 677 5567 766 5624; x_wconf 91' lang='lat' dir='ltr'><strong>illa</strong></span> <span class='ocrx_word' id='word_1_490' title='bbox 804 5585 1108 5644; x_wconf 88' lang='lat' dir='ltr'><strong>comparata</strong></span> <span class='ocrx_word' id='word_1_491' title='bbox 1151 5594 1219 5634; x_wconf 93' lang='lat' dir='ltr'><strong>ne</strong></span> <span class='ocrx_word' id='word_1_492' title='bbox 1261 5595 1385 5638; x_wconf 88' lang='lat' dir='ltr'><strong>cura</strong></span> <span class='ocrx_word' id='word_1_493' title='bbox 1414 5584 1629 5652; x_wconf 90' lang='lat' dir='ltr'><strong>quidem</strong></span> <span class='ocrx_word' id='word_1_494' title='bbox 1673 5558 1961 5656; x_wconf 82' lang='lat' dir='ltr'><strong>habeatur;</strong></span> 
     </span>
    </p>
   </div>
   <div class='ocr_carea' id='block_1_60' title="bbox 386 5649 1960 5752">
    <p class='ocr_par' dir='ltr' id='par_1_60' title="bbox 386 5649 1960 5752">
     <span class='ocr_line' id='line_1_60' title="bbox 386 5649 1960 5752; baseline 0.02 -46"><span class='ocrx_word' id='word_1_495' title='bbox 386 5649 518 5709; x_wconf 87' lang='lat' dir='ltr'><strong>adeo</strong></span> <span class='ocrx_word' id='word_1_496' title='bbox 545 5655 632 5712; x_wconf 83' lang='lat' dir='ltr'><strong>illa</strong></span> <span class='ocrx_word' id='word_1_497' title='bbox 657 5665 712 5713; x_wconf 89' lang='lat' dir='ltr'><strong>et</strong></span> <span class='ocrx_word' id='word_1_498' title='bbox 735 5658 902 5719; x_wconf 85' lang='lat' dir='ltr'><strong>levior</strong></span> <span class='ocrx_word' id='word_1_499' title='bbox 921 5673 1026 5736; x_wconf 85' lang='lat' dir='ltr'><strong>est,</strong></span> <span class='ocrx_word' id='word_1_500' title='bbox 1047 5676 1100 5724; x_wconf 89' lang='lat' dir='ltr'><strong>et</strong></span> <span class='ocrx_word' id='word_1_501' title='bbox 1126 5669 1304 5727; x_wconf 91' lang='lat' dir='ltr'><strong>multis</strong></span> <span class='ocrx_word' id='word_1_502' title='bbox 1326 5649 1564 5742; x_wconf 74' lang='lat' dir='ltr'><strong>partibus</strong></span> <span class='ocrx_word' id='word_1_503' title='bbox 1584 5675 1804 5735; x_wconf 76' lang='lat' dir='ltr'><strong>facilior.</strong></span> 
     </span>
    </p>
   </div>
   <div class='ocr_carea' id='block_1_61' title="bbox 1109 277 1979 337">
    <p class='ocr_par' dir='ltr' id='par_1_61' title="bbox 1109 277 1979 337">
     <span class='ocr_line' id='line_1_61' title="bbox 1109 277 1979 337; baseline -0.003 0"><span class='ocrx_word' id='word_1_504' title='bbox 1109 280 1166 337; x_wconf 70' lang='grc' dir='ltr'><strong>ὃ.</strong></span> <span class='ocrx_word' id='word_1_505' title='bbox 1207 280 1484 337; x_wconf 75' lang='lat' dir='ltr'><strong>JOANNIS</strong></span> <span class='ocrx_word' id='word_1_506' title='bbox 1513 277 1979 337; x_wconf 76' lang='lat' dir='ltr'><strong>CHRYSOSTOMI</strong></span> 
     </span>
    </p>
   </div>
   <div class='ocr_carea' id='block_1_62' title="bbox 2085 277 2914 337">
    <p class='ocr_par' dir='ltr' id='par_1_62' title="bbox 2085 277 2914 336">
     <span class='ocr_line' id='line_1_62' title="bbox 2085 277 2914 336; baseline 0 -2"><span class='ocrx_word' id='word_1_507' title='bbox 2085 277 2341 334; x_wconf 74' lang='lat' dir='ltr'><strong>RCHIEP.</strong></span> <span class='ocrx_word' id='word_1_508' title='bbox 2381 277 2914 336; x_wconf 71' lang='lat' dir='ltr'><strong>CONSTANTINOP.</strong></span> 
     </span>
    </p>
   </div>
   <div class='ocr_carea' id='block_1_63' title="bbox 3541 273 3636 331">
    <p class='ocr_par' dir='ltr' id='par_1_63' title="bbox 3541 273 3636 331">
     <span class='ocr_line' id='line_1_63' title="bbox 3541 273 3636 331; baseline 0 0"><span class='ocrx_word' id='word_1_509' title='bbox 3541 273 3636 331; x_wconf 69' lang='lat'><strong>583</strong></span> 
     </span>
    </p>
   </div>
   <div class='ocr_carea' id='block_1_64' title="bbox 2092 390 3654 463">
    <p class='ocr_par' dir='ltr' id='par_1_64' title="bbox 2092 390 3654 463">
     <span class='ocr_line' id='line_1_64' title="bbox 2092 390 3654 463; baseline -0.001 -17"><span class='ocrx_word' id='word_1_510' title='bbox 2092 406 2190 446; x_wconf 88' lang='lat' dir='ltr'><strong>nos</strong></span> <span class='ocrx_word' id='word_1_511' title='bbox 2210 398 2387 446; x_wconf 85' lang='lat' dir='ltr'><strong>omnia</strong></span> <span class='ocrx_word' id='word_1_512' title='bbox 2410 393 2657 463; x_wconf 86' lang='lat' dir='ltr'><strong>superius</strong></span> <span class='ocrx_word' id='word_1_513' title='bbox 2678 392 3026 446; x_wconf 85' lang='lat' dir='ltr'><strong>ostendimus.</strong></span> <span class='ocrx_word' id='word_1_514' title='bbox 3045 390 3143 456; x_wconf 91' lang='lat' dir='ltr'><strong>Qui</strong></span> <span class='ocrx_word' id='word_1_515' title='bbox 3163 391 3270 445; x_wconf 87' lang='lat' dir='ltr'><strong>sine</strong></span> <span class='ocrx_word' id='word_1_516' title='bbox 3290 405 3445 444; x_wconf 73' lang='lat' dir='ltr'><strong>uxore</strong></span> <span class='ocrx_word' id='word_1_517' title='bbox 3468 399 3558 456; x_wconf 90' lang='lat' dir='ltr'><strong>est,</strong></span> <span class='ocrx_word' id='word_1_518' title='bbox 3575 394 3654 446; x_wconf 80' lang='lat' dir='ltr'><strong>sol</strong></span> 
     </span>
    </p>
   </div>
   <div class='ocr_carea' id='block_1_65' title="bbox 2091 485 3662 558">
    <p class='ocr_par' dir='ltr' id='par_1_65' title="bbox 2091 485 3662 558">
     <span class='ocr_line' id='line_1_65' title="bbox 2091 485 3662 558; baseline -0.003 -18"><span class='ocrx_word' id='word_1_519' title='bbox 2091 487 2256 541; x_wconf 79' lang='lat' dir='ltr'><strong>licitas</strong></span> <span class='ocrx_word' id='word_1_520' title='bbox 2277 500 2347 540; x_wconf 89' lang='lat' dir='ltr'><strong>est</strong></span> <span class='ocrx_word' id='word_1_521' title='bbox 2379 503 2492 558; x_wconf 76' lang='lat' dir='ltr'><strong>qua:</strong></span> <span class='ocrx_word' id='word_1_522' title='bbox 2523 487 2726 540; x_wconf 86' lang='lat' dir='ltr'><strong>Domini</strong></span> <span class='ocrx_word' id='word_1_523' title='bbox 2759 493 2910 549; x_wconf 88' lang='lat' dir='ltr'><strong>sunt;</strong></span> <span class='ocrx_word' id='word_1_524' title='bbox 2948 485 3034 555; x_wconf 87' lang='lat' dir='ltr'><strong>qui</strong></span> <span class='ocrx_word' id='word_1_525' title='bbox 3061 493 3229 538; x_wconf 83' lang='lat' dir='ltr'><strong>autem</strong></span> <span class='ocrx_word' id='word_1_526' title='bbox 3263 499 3375 537; x_wconf 84' lang='lat' dir='ltr'><strong>cum</strong></span> <span class='ocrx_word' id='word_1_527' title='bbox 3404 499 3560 536; x_wconf 74' lang='lat' dir='ltr'><strong>uxore</strong></span> <span class='ocrx_word' id='word_1_528' title='bbox 3577 494 3662 548; x_wconf 80' lang='lat' dir='ltr'><strong>est,</strong></span> 
     </span>
    </p>
   </div>
   <div class='ocr_carea' id='block_1_66' title="bbox 2087 573 3669 648">
    <p class='ocr_par' dir='ltr' id='par_1_66' title="bbox 2087 573 3669 648">
     <span class='ocr_line' id='line_1_66' title="bbox 2087 573 3669 648; baseline -0.003 -16"><span class='ocrx_word' id='word_1_529' title='bbox 2087 577 2336 632; x_wconf 87' lang='lat' dir='ltr'><strong>sollicitus</strong></span> <span class='ocrx_word' id='word_1_530' title='bbox 2362 587 2435 632; x_wconf 89' lang='lat' dir='ltr'><strong>est</strong></span> <span class='ocrx_word' id='word_1_531' title='bbox 2461 593 2574 648; x_wconf 78' lang='lat' dir='ltr'><strong>qua:</strong></span> <span class='ocrx_word' id='word_1_532' title='bbox 2601 586 2716 632; x_wconf 91' lang='lat' dir='ltr'><strong>sunt</strong></span> <span class='ocrx_word' id='word_1_533' title='bbox 2745 576 2941 630; x_wconf 87' lang='lat' dir='ltr'><strong>mundi.</strong></span> <span class='ocrx_word' id='word_1_534' title='bbox 2973 576 3042 630; x_wconf 85' lang='lat' dir='ltr'><strong>At</strong></span> <span class='ocrx_word' id='word_1_535' title='bbox 3075 574 3161 628; x_wconf 93' lang='lat' dir='ltr'><strong>hic</strong></span> <span class='ocrx_word' id='word_1_536' title='bbox 3189 574 3330 637; x_wconf 88' lang='lat' dir='ltr'><strong>abit,</strong></span> <span class='ocrx_word' id='word_1_537' title='bbox 3361 573 3449 627; x_wconf 91' lang='lat' dir='ltr'><strong>ille</strong></span> <span class='ocrx_word' id='word_1_538' title='bbox 3478 588 3669 628; x_wconf 82' lang='lat' dir='ltr'><strong>manet.</strong></span> 
     </span>
    </p>
   </div>
   <div class='ocr_carea' id='block_1_67' title="bbox 2090 665 3670 741">
    <p class='ocr_par' dir='ltr' id='par_1_67' title="bbox 2090 665 3670 741">
     <span class='ocr_line' id='line_1_67' title="bbox 2090 665 3670 741; baseline -0.004 -16"><span class='ocrx_word' id='word_1_539' title='bbox 2090 671 2281 725; x_wconf 82' lang='lat' dir='ltr'><strong>Annon</strong></span> <span class='ocrx_word' id='word_1_540' title='bbox 2304 669 2461 741; x_wconf 86' lang='lat' dir='ltr'><strong>igitur</strong></span> <span class='ocrx_word' id='word_1_541' title='bbox 2481 670 2566 725; x_wconf 87' lang='lat' dir='ltr'><strong>vel</strong></span> <span class='ocrx_word' id='word_1_542' title='bbox 2593 672 2695 725; x_wconf 93' lang='lat' dir='ltr'><strong>hoc</strong></span> <span class='ocrx_word' id='word_1_543' title='bbox 2718 670 2889 722; x_wconf 91' lang='lat' dir='ltr'><strong>solum</strong></span> <span class='ocrx_word' id='word_1_544' title='bbox 2911 667 3140 722; x_wconf 83' lang='lat' dir='ltr'><strong>sufﬁciat</strong></span> <span class='ocrx_word' id='word_1_545' title='bbox 3163 666 3229 721; x_wconf 88' lang='lat' dir='ltr'><strong>ad</strong></span> <span class='ocrx_word' id='word_1_546' title='bbox 3259 666 3574 736; x_wconf 81' lang='lat' dir='ltr'><strong>virginitatis</strong></span> <span class='ocrx_word' id='word_1_547' title='bbox 3598 665 3670 719; x_wconf 86' lang='lat' dir='ltr'><strong>di-</strong></span> 
     </span>
    </p>
   </div>
   <div class='ocr_carea' id='block_1_68' title="bbox 2089 758 3670 831">
    <p class='ocr_par' dir='ltr' id='par_1_68' title="bbox 2089 758 3670 831">
     <span class='ocr_line' id='line_1_68' title="bbox 2089 758 3670 831; baseline -0.004 -15"><span class='ocrx_word' id='word_1_548' title='bbox 2089 761 2347 831; x_wconf 87' lang='lat' dir='ltr'><strong>gnitatem</strong></span> <span class='ocrx_word' id='word_1_549' title='bbox 2372 760 2940 817; x_wconf 86' lang='lat' dir='ltr'><strong>commonstrandam?</strong></span> <span class='ocrx_word' id='word_1_550' title='bbox 2967 759 3174 828; x_wconf 89' lang='lat' dir='ltr'><strong>Quanto</strong></span> <span class='ocrx_word' id='word_1_551' title='bbox 3194 759 3335 814; x_wconf 88' lang='lat' dir='ltr'><strong>enim</strong></span> <span class='ocrx_word' id='word_1_552' title='bbox 3360 758 3501 812; x_wconf 85' lang='lat' dir='ltr'><strong>Deus</strong></span> <span class='ocrx_word' id='word_1_553' title='bbox 3529 773 3670 812; x_wconf 87' lang='lat' dir='ltr'><strong>mun-</strong></span> 
     </span>
    </p>
   </div>
   <div class='ocr_carea' id='block_1_69' title="bbox 2091 849 3671 921">
    <p class='ocr_par' dir='ltr' id='par_1_69' title="bbox 2091 849 3671 921">
     <span class='ocr_line' id='line_1_69' title="bbox 2091 849 3671 921; baseline -0.002 -16"><span class='ocrx_word' id='word_1_554' title='bbox 2091 851 2161 905; x_wconf 92' lang='lat' dir='ltr'><strong>do</strong></span> <span class='ocrx_word' id='word_1_555' title='bbox 2192 861 2438 920; x_wconf 84' lang='lat' dir='ltr'><strong>praestat,</strong></span> <span class='ocrx_word' id='word_1_556' title='bbox 2471 859 2618 906; x_wconf 87' lang='lat' dir='ltr'><strong>tanto</strong></span> <span class='ocrx_word' id='word_1_557' title='bbox 2647 851 2764 906; x_wconf 73' lang='lat' dir='ltr'><strong>iure</strong></span> <span class='ocrx_word' id='word_1_558' title='bbox 2807 851 2894 905; x_wconf 89' lang='lat' dir='ltr'><strong>illa</strong></span> <span class='ocrx_word' id='word_1_559' title='bbox 2923 851 3097 921; x_wconf 87' lang='lat' dir='ltr'><strong>potior</strong></span> <span class='ocrx_word' id='word_1_560' title='bbox 3122 863 3250 904; x_wconf 90' lang='lat' dir='ltr'><strong>cura</strong></span> <span class='ocrx_word' id='word_1_561' title='bbox 3277 858 3378 903; x_wconf 88' lang='lat' dir='ltr'><strong>est.</strong></span> <span class='ocrx_word' id='word_1_562' title='bbox 3419 849 3526 903; x_wconf 85' lang='lat' dir='ltr'><strong>Cur</strong></span> <span class='ocrx_word' id='word_1_563' title='bbox 3549 862 3671 918; x_wconf 88' lang='lat' dir='ltr'><strong>ergo</strong></span> 
     </span>
    </p>
   </div>
   <div class='ocr_carea' id='block_1_70' title="bbox 2091 940 3674 1012">
    <p class='ocr_par' dir='ltr' id='par_1_70' title="bbox 2091 940 3674 1012">
     <span class='ocr_line' id='line_1_70' title="bbox 2091 940 3674 1012; baseline -0.003 -16"><span class='ocrx_word' id='word_1_564' title='bbox 2091 941 2487 996; x_wconf 86' lang='lat' dir='ltr'><strong>matrimonium</strong></span> <span class='ocrx_word' id='word_1_565' title='bbox 2517 942 2792 1012; x_wconf 89' lang='lat' dir='ltr'><strong>permittit,</strong></span> <span class='ocrx_word' id='word_1_566' title='bbox 2819 940 2960 1011; x_wconf 90' lang='lat' dir='ltr'><strong>quod</strong></span> <span class='ocrx_word' id='word_1_567' title='bbox 2987 950 3040 995; x_wconf 92' lang='lat' dir='ltr'><strong>et</strong></span> <span class='ocrx_word' id='word_1_568' title='bbox 3065 941 3208 996; x_wconf 90' lang='lat' dir='ltr'><strong>curis</strong></span> <span class='ocrx_word' id='word_1_569' title='bbox 3237 955 3332 994; x_wconf 92' lang='lat' dir='ltr'><strong>nos</strong></span> <span class='ocrx_word' id='word_1_570' title='bbox 3361 940 3674 1010; x_wconf 64' lang='lat' dir='ltr'><strong>obStringat,</strong></span> 
     </span>
    </p>
   </div>
   <div class='ocr_carea' id='block_1_71' title="bbox 2091 1030 3673 1100">
    <p class='ocr_par' dir='ltr' id='par_1_71' title="bbox 2091 1030 3673 1100">
     <span class='ocr_line' id='line_1_71' title="bbox 2091 1030 3673 1100; baseline -0.003 -14"><span class='ocrx_word' id='word_1_571' title='bbox 2091 1039 2146 1086; x_wconf 88' lang='lat' dir='ltr'><strong>et</strong></span> <span class='ocrx_word' id='word_1_572' title='bbox 2173 1047 2203 1086; x_wconf 91' lang='lat' dir='ltr'><strong>a</strong></span> <span class='ocrx_word' id='word_1_573' title='bbox 2231 1032 2593 1100; x_wconf 88' lang='lat' dir='ltr'><strong>spiritualibus</strong></span> <span class='ocrx_word' id='word_1_574' title='bbox 2620 1031 2888 1088; x_wconf 80' lang='lat' dir='ltr'><strong>abducat?</strong></span> <span class='ocrx_word' id='word_1_575' title='bbox 2917 1030 3039 1086; x_wconf 91' lang='lat' dir='ltr'><strong>Ideo</strong></span> <span class='ocrx_word' id='word_1_576' title='bbox 3067 1033 3248 1096; x_wconf 91' lang='lat' dir='ltr'><strong>enim,</strong></span> <span class='ocrx_word' id='word_1_577' title='bbox 3283 1031 3488 1100; x_wconf 90' lang='lat' dir='ltr'><strong>inquit,</strong></span> <span class='ocrx_word' id='word_1_578' title='bbox 3520 1030 3626 1084; x_wconf 81' lang='lat' dir='ltr'><strong>dixi</strong></span> <span class='ocrx_word' id='word_1_579' title='bbox 3660 1047 3673 1082; x_wconf 90' lang='lat'>:</span> 
     </span>
    </p>
   </div>
   <div class='ocr_carea' id='block_1_72' title="bbox 2091 1120 3676 1195">
    <p class='ocr_par' dir='ltr' id='par_1_72' title="bbox 2091 1120 3676 1195">
     <span class='ocr_line' id='line_1_72' title="bbox 2091 1120 3676 1195; baseline -0.006 -15"><span class='ocrx_word' id='word_1_580' title='bbox 2091 1123 2160 1180; x_wconf 90' lang='lat' dir='ltr'><strong>Ut</strong></span> <span class='ocrx_word' id='word_1_581' title='bbox 2180 1125 2268 1195; x_wconf 91' lang='lat' dir='ltr'><strong>qui</strong></span> <span class='ocrx_word' id='word_1_582' title='bbox 2295 1139 2487 1178; x_wconf 88' lang='lat' dir='ltr'><strong>uxores</strong></span> <span class='ocrx_word' id='word_1_583' title='bbox 2517 1123 2716 1178; x_wconf 87' lang='lat' dir='ltr'><strong>habent</strong></span> <span class='ocrx_word' id='word_1_584' title='bbox 2742 1122 2960 1192; x_wconf 83' lang='lat' dir='ltr'><strong>perinde</strong></span> <span class='ocrx_word' id='word_1_585' title='bbox 2978 1126 3085 1178; x_wconf 92' lang='lat' dir='ltr'><strong>sint</strong></span> <span class='ocrx_word' id='word_1_586' title='bbox 3108 1136 3173 1176; x_wconf 92' lang='lat' dir='ltr'><strong>ac</strong></span> <span class='ocrx_word' id='word_1_587' title='bbox 3200 1121 3244 1176; x_wconf 91' lang='lat' dir='ltr'><strong>si</strong></span> <span class='ocrx_word' id='word_1_588' title='bbox 3272 1137 3376 1176; x_wconf 90' lang='lat' dir='ltr'><strong>non</strong></span> <span class='ocrx_word' id='word_1_589' title='bbox 3403 1120 3676 1185; x_wconf 83' lang='lat' dir='ltr'><strong>haberent,</strong></span> 
     </span>
    </p>
   </div>
   <div class='ocr_carea' id='block_1_73' title="bbox 2091 1212 3676 1285">
    <p class='ocr_par' dir='ltr' id='par_1_73' title="bbox 2091 1212 3676 1285">
     <span class='ocr_line' id='line_1_73' title="bbox 2091 1212 3676 1285; baseline -0.003 -16"><span class='ocrx_word' id='word_1_590' title='bbox 2091 1225 2150 1270; x_wconf 92' lang='lat' dir='ltr'><strong>ut</strong></span> <span class='ocrx_word' id='word_1_591' title='bbox 2176 1215 2265 1285; x_wconf 86' lang='lat' dir='ltr'><strong>qui</strong></span> <span class='ocrx_word' id='word_1_592' title='bbox 2299 1215 2408 1282; x_wconf 88' lang='lat' dir='ltr'><strong>jam</strong></span> <span class='ocrx_word' id='word_1_593' title='bbox 2435 1213 2596 1268; x_wconf 89' lang='lat' dir='ltr'><strong>vincti</strong></span> <span class='ocrx_word' id='word_1_594' title='bbox 2627 1223 2790 1280; x_wconf 91' lang='lat' dir='ltr'><strong>sunt,</strong></span> <span class='ocrx_word' id='word_1_595' title='bbox 2820 1223 2909 1268; x_wconf 89' lang='lat' dir='ltr'><strong>aut</strong></span> <span class='ocrx_word' id='word_1_596' title='bbox 2939 1223 3057 1283; x_wconf 90' lang='lat' dir='ltr'><strong>post</strong></span> <span class='ocrx_word' id='word_1_597' title='bbox 3087 1212 3351 1268; x_wconf 87' lang='lat' dir='ltr'><strong>vinciendi</strong></span> <span class='ocrx_word' id='word_1_598' title='bbox 3379 1221 3503 1266; x_wconf 89' lang='lat' dir='ltr'><strong>sunt</strong></span> <span class='ocrx_word' id='word_1_599' title='bbox 3525 1253 3538 1275; x_wconf 91' lang='lat'><strong>,</strong></span> <span class='ocrx_word' id='word_1_600' title='bbox 3568 1212 3676 1266; x_wconf 88' lang='lat' dir='ltr'><strong>alio</strong></span> 
     </span>
    </p>
   </div>
   <div class='ocr_carea' id='block_1_74' title="bbox 2090 1301 3673 1376">
    <p class='ocr_par' dir='ltr' id='par_1_74' title="bbox 2090 1301 3673 1376">
     <span class='ocr_line' id='line_1_74' title="bbox 2090 1301 3673 1376; baseline -0.003 -16"><span class='ocrx_word' id='word_1_601' title='bbox 2090 1308 2338 1376; x_wconf 90' lang='lat' dir='ltr'><strong>quopiam</strong></span> <span class='ocrx_word' id='word_1_602' title='bbox 2361 1305 2519 1360; x_wconf 91' lang='lat' dir='ltr'><strong>modo</strong></span> <span class='ocrx_word' id='word_1_603' title='bbox 2536 1305 2803 1360; x_wconf 90' lang='lat' dir='ltr'><strong>vinculum</strong></span> <span class='ocrx_word' id='word_1_604' title='bbox 2831 1305 3090 1359; x_wconf 86' lang='lat' dir='ltr'><strong>relaxent.</strong></span> <span class='ocrx_word' id='word_1_605' title='bbox 3113 1303 3244 1358; x_wconf 86' lang='lat' dir='ltr'><strong>Nam</strong></span> <span class='ocrx_word' id='word_1_606' title='bbox 3269 1304 3515 1372; x_wconf 90' lang='lat' dir='ltr'><strong>quoniam</strong></span> <span class='ocrx_word' id='word_1_607' title='bbox 3535 1301 3673 1356; x_wconf 90' lang='lat' dir='ltr'><strong>haud</strong></span> 
     </span>
    </p>
   </div>
   <div class='ocr_carea' id='block_1_75' title="bbox 2091 1393 3676 1467">
    <p class='ocr_par' dir='ltr' id='par_1_75' title="bbox 2091 1393 3676 1467">
     <span class='ocr_line' id='line_1_75' title="bbox 2091 1393 3676 1467; baseline -0.004 -15"><span class='ocrx_word' id='word_1_608' title='bbox 2091 1397 2172 1453; x_wconf 79' lang='lat' dir='ltr'><strong>fas</strong></span> <span class='ocrx_word' id='word_1_609' title='bbox 2191 1406 2275 1453; x_wconf 91' lang='lat' dir='ltr'><strong>est</strong></span> <span class='ocrx_word' id='word_1_610' title='bbox 2295 1397 2460 1453; x_wconf 88' lang='lat' dir='ltr'><strong>semel</strong></span> <span class='ocrx_word' id='word_1_611' title='bbox 2485 1395 2884 1467; x_wconf 90' lang='lat' dir='ltr'><strong>circumjectum</strong></span> <span class='ocrx_word' id='word_1_612' title='bbox 2913 1410 3180 1466; x_wconf 88' lang='lat' dir='ltr'><strong>rumpere.</strong></span> <span class='ocrx_word' id='word_1_613' title='bbox 3211 1393 3534 1449; x_wconf 87' lang='lat' dir='ltr'><strong>tolerabilius</strong></span> <span class='ocrx_word' id='word_1_614' title='bbox 3559 1393 3676 1447; x_wconf 83' lang='lat' dir='ltr'><strong>red-</strong></span> 
     </span>
    </p>
   </div>
   <div class='ocr_carea' id='block_1_76' title="bbox 2089 1484 3675 1559">
    <p class='ocr_par' dir='ltr' id='par_1_76' title="bbox 2089 1484 3675 1559">
     <span class='ocr_line' id='line_1_76' title="bbox 2089 1484 3675 1559; baseline -0.004 -16"><span class='ocrx_word' id='word_1_615' title='bbox 2089 1487 2178 1544; x_wconf 89' lang='lat' dir='ltr'><strong>de.</strong></span> <span class='ocrx_word' id='word_1_616' title='bbox 2204 1487 2478 1559; x_wconf 90' lang='lat' dir='ltr'><strong>Siquidem</strong></span> <span class='ocrx_word' id='word_1_617' title='bbox 2507 1487 2654 1553; x_wconf 91' lang='lat' dir='ltr'><strong>licet,</strong></span> <span class='ocrx_word' id='word_1_618' title='bbox 2683 1486 2730 1542; x_wconf 89' lang='lat' dir='ltr'><strong>si</strong></span> <span class='ocrx_word' id='word_1_619' title='bbox 2759 1487 3005 1550; x_wconf 88' lang='lat' dir='ltr'><strong>velimus,</strong></span> <span class='ocrx_word' id='word_1_620' title='bbox 3034 1498 3360 1555; x_wconf 84' lang='lat' dir='ltr'><strong>supervacua</strong></span> <span class='ocrx_word' id='word_1_621' title='bbox 3391 1484 3566 1537; x_wconf 88' lang='lat' dir='ltr'><strong>omnia</strong></span> <span class='ocrx_word' id='word_1_622' title='bbox 3587 1499 3675 1536; x_wconf 90' lang='lat' dir='ltr'><strong>re-</strong></span> 
     </span>
    </p>
   </div>
   <div class='ocr_carea' id='block_1_77' title="bbox 2089 1575 3676 1650">
    <p class='ocr_par' dir='ltr' id='par_1_77' title="bbox 2089 1575 3676 1650">
     <span class='ocr_line' id='line_1_77' title="bbox 2089 1575 3676 1650; baseline -0.006 -13"><span class='ocrx_word' id='word_1_623' title='bbox 2089 1580 2270 1637; x_wconf 87' lang='lat' dir='ltr'><strong>cidere</strong></span> <span class='ocrx_word' id='word_1_624' title='bbox 2288 1621 2303 1646; x_wconf 92' lang='lat'><strong>,</strong></span> <span class='ocrx_word' id='word_1_625' title='bbox 2334 1595 2434 1636; x_wconf 90' lang='lat' dir='ltr'><strong>nec</strong></span> <span class='ocrx_word' id='word_1_626' title='bbox 2463 1589 2640 1636; x_wconf 90' lang='lat' dir='ltr'><strong>nostra</strong></span> <span class='ocrx_word' id='word_1_627' title='bbox 2671 1580 2905 1650; x_wconf 91' lang='lat' dir='ltr'><strong>ipsorum</strong></span> <span class='ocrx_word' id='word_1_628' title='bbox 2933 1578 3141 1648; x_wconf 85' lang='lat' dir='ltr'><strong>ignavia</strong></span> <span class='ocrx_word' id='word_1_629' title='bbox 3171 1577 3273 1631; x_wconf 90' lang='lat' dir='ltr'><strong>alia</strong></span> <span class='ocrx_word' id='word_1_630' title='bbox 3301 1575 3453 1631; x_wconf 90' lang='lat' dir='ltr'><strong>nobis</strong></span> <span class='ocrx_word' id='word_1_631' title='bbox 3481 1575 3676 1630; x_wconf 84' lang='lat' dir='ltr'><strong>addere</strong></span> 
     </span>
    </p>
   </div>
   <div class='ocr_carea' id='block_1_78' title="bbox 2091 1667 3297 1742">
    <p class='ocr_par' dir='ltr' id='par_1_78' title="bbox 2091 1667 3297 1742">
     <span class='ocr_line' id='line_1_78' title="bbox 2091 1667 3297 1742; baseline -0.006 -14"><span class='ocrx_word' id='word_1_632' title='bbox 2091 1673 2156 1730; x_wconf 84' lang='lat' dir='ltr'><strong>iis</strong></span> <span class='ocrx_word' id='word_1_633' title='bbox 2183 1673 2346 1739; x_wconf 91' lang='lat' dir='ltr'><strong>curis,</strong></span> <span class='ocrx_word' id='word_1_634' title='bbox 2377 1687 2510 1742; x_wconf 92' lang='lat' dir='ltr'><strong>quas</strong></span> <span class='ocrx_word' id='word_1_635' title='bbox 2539 1672 2616 1727; x_wconf 88' lang='lat' dir='ltr'><strong>rei</strong></span> <span class='ocrx_word' id='word_1_636' title='bbox 2643 1680 2831 1726; x_wconf 88' lang='lat' dir='ltr'><strong>natura</strong></span> <span class='ocrx_word' id='word_1_637' title='bbox 2861 1668 3047 1739; x_wconf 86' lang='lat' dir='ltr'><strong>pariat,</strong></span> <span class='ocrx_word' id='word_1_638' title='bbox 3075 1667 3297 1736; x_wconf 87' lang='lat' dir='ltr'><strong>majora.</strong></span> 
     </span>
    </p>
   </div>
   <div class='ocr_carea' id='block_1_79' title="bbox 2160 1759 3676 1834">
    <p class='ocr_par' dir='ltr' id='par_1_79' title="bbox 2160 1759 3676 1834">
     <span class='ocr_line' id='line_1_79' title="bbox 2160 1759 3676 1834; baseline -0.008 -10"><span class='ocrx_word' id='word_1_639' title='bbox 2160 1767 2371 1824; x_wconf 79' lang='lat' dir='ltr'><strong>LXXV.</strong></span> <span class='ocrx_word' id='word_1_640' title='bbox 2393 1767 2526 1834; x_wconf 83' lang='lat' dir='ltr'><strong>Quid</strong></span> <span class='ocrx_word' id='word_1_641' title='bbox 2539 1766 2601 1821; x_wconf 88' lang='lat' dir='ltr'><strong>sit</strong></span> <span class='ocrx_word' id='word_1_642' title='bbox 2620 1765 2882 1820; x_wconf 82' lang='lat' dir='ltr'><strong>habentem</strong></span> <span class='ocrx_word' id='word_1_643' title='bbox 2901 1779 3106 1817; x_wconf 77' lang='lat' dir='ltr'><strong>uxorem</strong></span> <span class='ocrx_word' id='word_1_644' title='bbox 3122 1778 3224 1815; x_wconf 89' lang='lat' dir='ltr'><strong>non</strong></span> <span class='ocrx_word' id='word_1_645' title='bbox 3240 1760 3514 1815; x_wconf 87' lang='lat' dir='ltr'><strong>habere.—</strong></span> <span class='ocrx_word' id='word_1_646' title='bbox 3525 1759 3676 1826; x_wconf 87' lang='lat' dir='ltr'><strong>Quod</strong></span> 
     </span>
    </p>
   </div>
   <div class='ocr_carea' id='block_1_80' title="bbox 2091 1850 3675 1931">
    <p class='ocr_par' dir='ltr' id='par_1_80' title="bbox 2091 1850 3675 1931">
     <span class='ocr_line' id='line_1_80' title="bbox 2091 1850 3675 1931; baseline -0.007 -16"><span class='ocrx_word' id='word_1_647' title='bbox 2091 1860 2134 1916; x_wconf 89' lang='lat' dir='ltr'><strong>si</strong></span> <span class='ocrx_word' id='word_1_648' title='bbox 2161 1860 2280 1931; x_wconf 91' lang='lat' dir='ltr'><strong>quis</strong></span> <span class='ocrx_word' id='word_1_649' title='bbox 2299 1859 2459 1914; x_wconf 86' lang='lat' dir='ltr'><strong>etiam</strong></span> <span class='ocrx_word' id='word_1_650' title='bbox 2479 1858 2679 1914; x_wconf 90' lang='lat' dir='ltr'><strong>clarius</strong></span> <span class='ocrx_word' id='word_1_651' title='bbox 2705 1856 3003 1925; x_wconf 83' lang='lat' dir='ltr'><strong>intelligere</strong></span> <span class='ocrx_word' id='word_1_652' title='bbox 3025 1854 3158 1921; x_wconf 87' lang='lat' dir='ltr'><strong>vult,</strong></span> <span class='ocrx_word' id='word_1_653' title='bbox 3183 1852 3309 1923; x_wconf 90' lang='lat' dir='ltr'><strong>quid</strong></span> <span class='ocrx_word' id='word_1_654' title='bbox 3331 1853 3419 1917; x_wconf 90' lang='lat' dir='ltr'><strong>sit,</strong></span> <span class='ocrx_word' id='word_1_655' title='bbox 3444 1850 3675 1907; x_wconf 80' lang='lat' dir='ltr'><strong>Uxorem</strong></span> 
     </span>
    </p>
   </div>
   <div class='ocr_carea' id='block_1_81' title="bbox 2093 1943 3678 2020">
    <p class='ocr_par' dir='ltr' id='par_1_81' title="bbox 2093 1943 3678 2020">
     <span class='ocr_line' id='line_1_81' title="bbox 2093 1943 3678 2020; baseline -0.008 -13"><span class='ocrx_word' id='word_1_656' title='bbox 2093 1953 2377 2008; x_wconf 90' lang='lat' dir='ltr'><strong>habentem</strong></span> <span class='ocrx_word' id='word_1_657' title='bbox 2405 1949 2624 2020; x_wconf 90' lang='lat' dir='ltr'><strong>perinde</strong></span> <span class='ocrx_word' id='word_1_658' title='bbox 2646 1963 2766 2006; x_wconf 84' lang='lat' dir='ltr'><strong>esse</strong></span> <span class='ocrx_word' id='word_1_659' title='bbox 2791 1963 2855 2002; x_wconf 91' lang='lat' dir='ltr'><strong>ac</strong></span> <span class='ocrx_word' id='word_1_660' title='bbox 2883 1947 2928 2002; x_wconf 91' lang='lat' dir='ltr'><strong>si</strong></span> <span class='ocrx_word' id='word_1_661' title='bbox 2957 1962 3063 2001; x_wconf 89' lang='lat' dir='ltr'><strong>non</strong></span> <span class='ocrx_word' id='word_1_662' title='bbox 3085 1945 3328 2010; x_wconf 87' lang='lat' dir='ltr'><strong>haberet,</strong></span> <span class='ocrx_word' id='word_1_663' title='bbox 3354 1945 3398 1997; x_wconf 93' lang='lat' dir='ltr'><strong>is</strong></span> <span class='ocrx_word' id='word_1_664' title='bbox 3423 1943 3552 1997; x_wconf 89' lang='lat' dir='ltr'><strong>mihi</strong></span> <span class='ocrx_word' id='word_1_665' title='bbox 3574 1957 3678 1996; x_wconf 91' lang='lat' dir='ltr'><strong>non</strong></span> 
     </span>
    </p>
   </div>
   <div class='ocr_carea' id='block_1_82' title="bbox 2093 2033 3678 2111">
    <p class='ocr_par' dir='ltr' id='par_1_82' title="bbox 2093 2033 3678 2111">
     <span class='ocr_line' id='line_1_82' title="bbox 2093 2033 3678 2111; baseline -0.006 -13"><span class='ocrx_word' id='word_1_666' title='bbox 2093 2042 2354 2098; x_wconf 84' lang='lat' dir='ltr'><strong>habentes</strong></span> <span class='ocrx_word' id='word_1_667' title='bbox 2391 2051 2550 2111; x_wconf 90' lang='lat' dir='ltr'><strong>atque</strong></span> <span class='ocrx_word' id='word_1_668' title='bbox 2579 2039 2869 2095; x_wconf 87' lang='lat' dir='ltr'><strong>crucifixos</strong></span> <span class='ocrx_word' id='word_1_669' title='bbox 2898 2038 3126 2107; x_wconf 86' lang='lat' dir='ltr'><strong>cogitet,</strong></span> <span class='ocrx_word' id='word_1_670' title='bbox 3166 2034 3434 2104; x_wconf 92' lang='lat' dir='ltr'><strong>quomodo</strong></span> <span class='ocrx_word' id='word_1_671' title='bbox 3462 2033 3678 2103; x_wconf 80' lang='lat' dir='ltr'><strong>degant.</strong></span> 
     </span>
    </p>
   </div>
   <div class='ocr_carea' id='block_1_83' title="bbox 2090 2125 3674 2201">
    <p class='ocr_par' dir='ltr' id='par_1_83' title="bbox 2090 2125 3674 2201">
     <span class='ocr_line' id='line_1_83' title="bbox 2090 2125 3674 2201; baseline -0.006 -13"><span class='ocrx_word' id='word_1_672' title='bbox 2090 2132 2368 2201; x_wconf 82' lang='lat' dir='ltr'><strong>Quomodo</strong></span> <span class='ocrx_word' id='word_1_673' title='bbox 2397 2132 2556 2201; x_wconf 86' lang='lat' dir='ltr'><strong>igitur</strong></span> <span class='ocrx_word' id='word_1_674' title='bbox 2581 2128 2812 2200; x_wconf 84' lang='lat' dir='ltr'><strong>degunt?</strong></span> <span class='ocrx_word' id='word_1_675' title='bbox 2843 2128 2955 2184; x_wconf 84' lang='lat' dir='ltr'><strong>Non</strong></span> <span class='ocrx_word' id='word_1_676' title='bbox 2987 2142 3208 2183; x_wconf 62' lang='lat' dir='ltr'><strong>necesse</strong></span> <span class='ocrx_word' id='word_1_677' title='bbox 3240 2125 3436 2180; x_wconf 87' lang='lat' dir='ltr'><strong>habent</strong></span> <span class='ocrx_word' id='word_1_678' title='bbox 3461 2125 3674 2179; x_wconf 71' lang='lat' dir='ltr'><strong>ancilla-</strong></span> 
     </span>
    </p>
   </div>
   <div class='ocr_carea' id='block_1_84' title="bbox 2090 2217 3678 2296">
    <p class='ocr_par' dir='ltr' id='par_1_84' title="bbox 2090 2217 3678 2296">
     <span class='ocr_line' id='line_1_84' title="bbox 2090 2217 3678 2296; baseline -0.007 -16"><span class='ocrx_word' id='word_1_679' title='bbox 2090 2242 2208 2281; x_wconf 91' lang='lat' dir='ltr'><strong>rum</strong></span> <span class='ocrx_word' id='word_1_680' title='bbox 2245 2240 2459 2296; x_wconf 85' lang='lat' dir='ltr'><strong>gregem</strong></span> <span class='ocrx_word' id='word_1_681' title='bbox 2499 2237 2780 2288; x_wconf 86' lang='lat' dir='ltr'><strong>coemere,</strong></span> <span class='ocrx_word' id='word_1_682' title='bbox 2811 2236 2915 2276; x_wconf 87' lang='lat' dir='ltr'><strong>uou</strong></span> <span class='ocrx_word' id='word_1_683' title='bbox 2960 2235 3148 2274; x_wconf 89' lang='lat' dir='ltr'><strong>aurum</strong></span> <span class='ocrx_word' id='word_1_684' title='bbox 3190 2233 3253 2274; x_wconf 91' lang='lat' dir='ltr'><strong>ac</strong></span> <span class='ocrx_word' id='word_1_685' title='bbox 3291 2217 3539 2283; x_wconf 88' lang='lat' dir='ltr'><strong>monilia,</strong></span> <span class='ocrx_word' id='word_1_686' title='bbox 3573 2231 3678 2271; x_wconf 87' lang='lat' dir='ltr'><strong>non</strong></span> 
     </span>
    </p>
   </div>
   <div class='ocr_carea' id='block_1_85' title="bbox 2090 2310 3680 2386">
    <p class='ocr_par' dir='ltr' id='par_1_85' title="bbox 2090 2310 3680 2386">
     <span class='ocr_line' id='line_1_85' title="bbox 2090 2310 3680 2386; baseline -0.006 -14"><span class='ocrx_word' id='word_1_687' title='bbox 2090 2317 2233 2372; x_wconf 79' lang='lat' dir='ltr'><strong>:cdes</strong></span> <span class='ocrx_word' id='word_1_688' title='bbox 2259 2315 2566 2386; x_wconf 85' lang='lat' dir='ltr'><strong>magnificas</strong></span> <span class='ocrx_word' id='word_1_689' title='bbox 2585 2322 2640 2368; x_wconf 91' lang='lat' dir='ltr'><strong>et</strong></span> <span class='ocrx_word' id='word_1_690' title='bbox 2667 2313 2891 2381; x_wconf 90' lang='lat' dir='ltr'><strong>amplas,</strong></span> <span class='ocrx_word' id='word_1_691' title='bbox 2919 2326 3027 2367; x_wconf 92' lang='lat' dir='ltr'><strong>non</strong></span> <span class='ocrx_word' id='word_1_692' title='bbox 3057 2319 3132 2365; x_wconf 91' lang='lat' dir='ltr'><strong>tot</strong></span> <span class='ocrx_word' id='word_1_693' title='bbox 3156 2324 3220 2365; x_wconf 88' lang='lat' dir='ltr'><strong>ac</strong></span> <span class='ocrx_word' id='word_1_694' title='bbox 3244 2318 3321 2364; x_wconf 91' lang='lat' dir='ltr'><strong>tot</strong></span> <span class='ocrx_word' id='word_1_695' title='bbox 3350 2317 3505 2363; x_wconf 84' lang='lat' dir='ltr'><strong>terrae</strong></span> <span class='ocrx_word' id='word_1_696' title='bbox 3527 2310 3680 2379; x_wconf 89' lang='lat' dir='ltr'><strong>juge-</strong></span> 
     </span>
    </p>
   </div>
   <div class='ocr_carea' id='block_1_86' title="bbox 2091 2401 3681 2474">
    <p class='ocr_par' dir='ltr' id='par_1_86' title="bbox 2091 2401 3681 2474">
     <span class='ocr_line' id='line_1_86' title="bbox 2091 2401 3681 2474; baseline -0.006 -10"><span class='ocrx_word' id='word_1_697' title='bbox 2091 2425 2178 2474; x_wconf 90' lang='lat' dir='ltr'><strong>ra;</strong></span> <span class='ocrx_word' id='word_1_698' title='bbox 2211 2409 2306 2464; x_wconf 88' lang='lat' dir='ltr'><strong>sed</strong></span> <span class='ocrx_word' id='word_1_699' title='bbox 2332 2409 2398 2463; x_wconf 91' lang='lat' dir='ltr'><strong>iis</strong></span> <span class='ocrx_word' id='word_1_700' title='bbox 2418 2407 2666 2462; x_wconf 88' lang='lat' dir='ltr'><strong>omnibus</strong></span> <span class='ocrx_word' id='word_1_701' title='bbox 2691 2404 2924 2460; x_wconf 85' lang='lat' dir='ltr'><strong>dimissis</strong></span> <span class='ocrx_word' id='word_1_702' title='bbox 2952 2403 3203 2457; x_wconf 91' lang='lat' dir='ltr'><strong>amictum</strong></span> <span class='ocrx_word' id='word_1_703' title='bbox 3230 2417 3393 2455; x_wconf 89' lang='lat' dir='ltr'><strong>unum</strong></span> <span class='ocrx_word' id='word_1_704' title='bbox 3419 2409 3578 2468; x_wconf 85' lang='lat' dir='ltr'><strong>atque</strong></span> <span class='ocrx_word' id='word_1_705' title='bbox 3606 2401 3681 2454; x_wconf 86' lang='lat' dir='ltr'><strong>vi-</strong></span> 
     </span>
    </p>
   </div>
   <div class='ocr_carea' id='block_1_87' title="bbox 2089 2489 3679 2569">
    <p class='ocr_par' dir='ltr' id='par_1_87' title="bbox 2089 2489 3679 2569">
     <span class='ocr_line' id='line_1_87' title="bbox 2089 2489 3679 2569; baseline -0.008 -14"><span class='ocrx_word' id='word_1_706' title='bbox 2089 2509 2231 2555; x_wconf 91' lang='lat' dir='ltr'><strong>ctum</strong></span> <span class='ocrx_word' id='word_1_707' title='bbox 2260 2507 2562 2569; x_wconf 89' lang='lat' dir='ltr'><strong>procurant.</strong></span> <span class='ocrx_word' id='word_1_708' title='bbox 2597 2497 2744 2551; x_wconf 87' lang='lat' dir='ltr'><strong>Licet</strong></span> <span class='ocrx_word' id='word_1_709' title='bbox 2767 2505 2942 2550; x_wconf 90' lang='lat' dir='ltr'><strong>autem</strong></span> <span class='ocrx_word' id='word_1_710' title='bbox 2974 2506 3195 2548; x_wconf 88' lang='lat' dir='ltr'><strong>uxorem</strong></span> <span class='ocrx_word' id='word_1_711' title='bbox 3234 2490 3448 2545; x_wconf 90' lang='lat' dir='ltr'><strong>habenti</strong></span> <span class='ocrx_word' id='word_1_712' title='bbox 3472 2489 3537 2544; x_wconf 92' lang='lat' dir='ltr'><strong>ad</strong></span> <span class='ocrx_word' id='word_1_713' title='bbox 3561 2506 3679 2544; x_wconf 81' lang='lat' dir='ltr'><strong>eam</strong></span> 
     </span>
    </p>
   </div>
   <div class='ocr_carea' id='block_1_88' title="bbox 2089 2583 3682 2661">
    <p class='ocr_par' dir='ltr' id='par_1_88' title="bbox 2089 2583 3682 2661">
     <span class='ocr_line' id='line_1_88' title="bbox 2089 2583 3682 2661; baseline -0.008 -13"><span class='ocrx_word' id='word_1_714' title='bbox 2089 2607 2149 2648; x_wconf 87' lang='lat' dir='ltr'><strong>se</strong></span> <span class='ocrx_word' id='word_1_715' title='bbox 2188 2591 2578 2661; x_wconf 85' lang='lat' dir='ltr'><strong>philosophiam</strong></span> <span class='ocrx_word' id='word_1_716' title='bbox 2617 2588 2891 2651; x_wconf 85' lang='lat' dir='ltr'><strong>reducere.</strong></span> <span class='ocrx_word' id='word_1_717' title='bbox 2919 2585 3050 2640; x_wconf 82' lang='lat' dir='ltr'><strong>Nam</strong></span> <span class='ocrx_word' id='word_1_718' title='bbox 3090 2583 3230 2654; x_wconf 92' lang='lat' dir='ltr'><strong>quod</strong></span> <span class='ocrx_word' id='word_1_719' title='bbox 3273 2599 3434 2652; x_wconf 84' lang='lat' dir='ltr'><strong>supra</strong></span> <span class='ocrx_word' id='word_1_720' title='bbox 3465 2583 3569 2648; x_wconf 90' lang='lat' dir='ltr'><strong>ait,</strong></span> <span class='ocrx_word' id='word_1_721' title='bbox 3600 2583 3682 2635; x_wconf 64' lang='lat' dir='ltr'><strong>A‘e</strong></span> 
     </span>
    </p>
   </div>
   <div class='ocr_carea' id='block_1_89' title="bbox 2090 2676 3681 2756">
    <p class='ocr_par' dir='ltr' id='par_1_89' title="bbox 2090 2676 3681 2756">
     <span class='ocr_line' id='line_1_89' title="bbox 2090 2676 3681 2756; baseline -0.009 -18"><span class='ocrx_word' id='word_1_722' title='bbox 2090 2683 2390 2756; x_wconf 80' lang='lat' dir='ltr'><strong>defraudate</strong></span> <span class='ocrx_word' id='word_1_723' title='bbox 2424 2683 2553 2744; x_wconf 82' lang='lat' dir='ltr'><strong>alter</strong></span> <span class='ocrx_word' id='word_1_724' title='bbox 2576 2682 2794 2736; x_wconf 86' lang='lat' dir='ltr'><strong>alterum</strong></span> <span class='ocrx_word' id='word_1_725' title='bbox 2822 2678 2869 2753; x_wconf 89' lang='grc' dir='ltr'>(Ι</span> <span class='ocrx_word' id='word_1_726' title='bbox 2894 2718 2905 2732; x_wconf 94' lang='grc'><strong>.</strong></span> <span class='ocrx_word' id='word_1_727' title='bbox 2938 2676 3058 2734; x_wconf 85' lang='lat' dir='ltr'><strong>Cor.</strong></span> <span class='ocrx_word' id='word_1_728' title='bbox 3087 2678 3138 2731; x_wconf 91' lang='lat'><strong>7.</strong></span> <span class='ocrx_word' id='word_1_729' title='bbox 3171 2678 3263 2748; x_wconf 85' lang='lat'><strong>5),</strong></span> <span class='ocrx_word' id='word_1_730' title='bbox 3292 2676 3358 2730; x_wconf 88' lang='lat' dir='ltr'><strong>de</strong></span> <span class='ocrx_word' id='word_1_731' title='bbox 3384 2677 3528 2730; x_wconf 80' lang='lat' dir='ltr'><strong>coitu</strong></span> <span class='ocrx_word' id='word_1_732' title='bbox 3557 2677 3681 2729; x_wconf 75' lang='grc' dir='ltr'><strong>δοΙιι</strong></span> 
     </span>
    </p>
   </div>
   <div class='ocr_carea' id='block_1_90' title="bbox 2089 2767 3680 2837">
    <p class='ocr_par' dir='ltr' id='par_1_90' title="bbox 2089 2767 3680 2837">
     <span class='ocr_line' id='line_1_90' title="bbox 2089 2767 3680 2837; baseline -0.008 -7"><span class='ocrx_word' id='word_1_733' title='bbox 2089 2774 2287 2830; x_wconf 90' lang='lat' dir='ltr'><strong>dictum</strong></span> <span class='ocrx_word' id='word_1_734' title='bbox 2317 2781 2400 2829; x_wconf 89' lang='lat' dir='ltr'><strong>est</strong></span> <span class='ocrx_word' id='word_1_735' title='bbox 2429 2791 2443 2830; x_wconf 91' lang='lat'><strong>:</strong></span> <span class='ocrx_word' id='word_1_736' title='bbox 2473 2773 2524 2830; x_wconf 92' lang='lat' dir='ltr'><strong>in</strong></span> <span class='ocrx_word' id='word_1_737' title='bbox 2551 2787 2619 2828; x_wconf 89' lang='lat' dir='ltr'><strong>eo</strong></span> <span class='ocrx_word' id='word_1_738' title='bbox 2648 2771 2788 2826; x_wconf 90' lang='lat' dir='ltr'><strong>enim</strong></span> <span class='ocrx_word' id='word_1_739' title='bbox 2818 2769 3044 2824; x_wconf 87' lang='lat' dir='ltr'><strong>invicem</strong></span> <span class='ocrx_word' id='word_1_740' title='bbox 3070 2767 3476 2837; x_wconf 87' lang='lat' dir='ltr'><strong>obsequijubet,</strong></span> <span class='ocrx_word' id='word_1_741' title='bbox 3508 2781 3680 2834; x_wconf 84' lang='lat' dir='ltr'><strong>neque</strong></span> 
     </span>
    </p>
   </div>
   <div class='ocr_carea' id='block_1_91' title="bbox 2087 2857 3674 2930">
    <p class='ocr_par' dir='ltr' id='par_1_91' title="bbox 2087 2857 3674 2930">
     <span class='ocr_line' id='line_1_91' title="bbox 2087 2857 3674 2930; baseline -0.009 -7"><span class='ocrx_word' id='word_1_742' title='bbox 2087 2868 2403 2928; x_wconf 87' lang='lat' dir='ltr'><strong>alterutrum</strong></span> <span class='ocrx_word' id='word_1_743' title='bbox 2427 2867 2507 2922; x_wconf 91' lang='lat' dir='ltr'><strong>sui</strong></span> <span class='ocrx_word' id='word_1_744' title='bbox 2533 2866 2806 2921; x_wconf 91' lang='lat' dir='ltr'><strong>dominum</strong></span> <span class='ocrx_word' id='word_1_745' title='bbox 2836 2879 2957 2920; x_wconf 89' lang='lat' dir='ltr'><strong>esse</strong></span> <span class='ocrx_word' id='word_1_746' title='bbox 2981 2863 3108 2918; x_wconf 90' lang='lat' dir='ltr'><strong>sinit</strong></span> <span class='ocrx_word' id='word_1_747' title='bbox 3137 2878 3150 2914; x_wconf 91' lang='lat'><strong>:</strong></span> <span class='ocrx_word' id='word_1_748' title='bbox 3183 2863 3232 2915; x_wconf 92' lang='lat' dir='ltr'><strong>in</strong></span> <span class='ocrx_word' id='word_1_749' title='bbox 3264 2861 3468 2930; x_wconf 88' lang='lat' dir='ltr'><strong>reliquo</strong></span> <span class='ocrx_word' id='word_1_750' title='bbox 3501 2857 3674 2928; x_wconf 83' lang='lat' dir='ltr'><strong>philo-</strong></span> 
     </span>
    </p>
   </div>
   <div class='ocr_carea' id='block_1_92' title="bbox 2087 2949 3671 3028">
    <p class='ocr_par' dir='ltr' id='par_1_92' title="bbox 2087 2949 3671 3028">
     <span class='ocr_line' id='line_1_92' title="bbox 2087 2949 3671 3028; baseline -0.008 -14"><span class='ocrx_word' id='word_1_751' title='bbox 2087 2957 2292 3028; x_wconf 77' lang='lat' dir='ltr'><strong>sophia:</strong></span> <span class='ocrx_word' id='word_1_752' title='bbox 2316 2957 2590 3024; x_wconf 84' lang='lat' dir='ltr'><strong>exercitio,</strong></span> <span class='ocrx_word' id='word_1_753' title='bbox 2624 2956 2838 3018; x_wconf 91' lang='lat' dir='ltr'><strong>vestitu,</strong></span> <span class='ocrx_word' id='word_1_754' title='bbox 2873 2955 3034 3020; x_wconf 81' lang='lat' dir='ltr'><strong>victu,</strong></span> <span class='ocrx_word' id='word_1_755' title='bbox 3065 2961 3223 3022; x_wconf 88' lang='lat' dir='ltr'><strong>atque</strong></span> <span class='ocrx_word' id='word_1_756' title='bbox 3252 2951 3370 3006; x_wconf 87' lang='lat' dir='ltr'><strong>aliis</strong></span> <span class='ocrx_word' id='word_1_757' title='bbox 3395 2949 3671 3012; x_wconf 90' lang='lat' dir='ltr'><strong>omnibus,</strong></span> 
     </span>
    </p>
   </div>
   <div class='ocr_carea' id='block_1_93' title="bbox 2087 3041 3679 3111">
    <p class='ocr_par' dir='ltr' id='par_1_93' title="bbox 2087 3041 3679 3111">
     <span class='ocr_line' id='line_1_93' title="bbox 2087 3041 3679 3111; baseline -0.006 -8"><span class='ocrx_word' id='word_1_758' title='bbox 2087 3049 2224 3104; x_wconf 85' lang='lat' dir='ltr'><strong>alter</strong></span> <span class='ocrx_word' id='word_1_759' title='bbox 2244 3048 2396 3104; x_wconf 90' lang='lat' dir='ltr'><strong>alteri</strong></span> <span class='ocrx_word' id='word_1_760' title='bbox 2419 3062 2523 3103; x_wconf 91' lang='lat' dir='ltr'><strong>non</strong></span> <span class='ocrx_word' id='word_1_761' title='bbox 2552 3055 2634 3102; x_wconf 89' lang='lat' dir='ltr'><strong>est</strong></span> <span class='ocrx_word' id='word_1_762' title='bbox 2654 3045 2936 3111; x_wconf 90' lang='lat' dir='ltr'><strong>obnoxius,</strong></span> <span class='ocrx_word' id='word_1_763' title='bbox 2966 3043 3058 3098; x_wconf 90' lang='lat' dir='ltr'><strong>sed</strong></span> <span class='ocrx_word' id='word_1_764' title='bbox 3082 3052 3136 3099; x_wconf 89' lang='lat' dir='ltr'><strong>et</strong></span> <span class='ocrx_word' id='word_1_765' title='bbox 3161 3043 3288 3097; x_wconf 90' lang='lat' dir='ltr'><strong>viris</strong></span> <span class='ocrx_word' id='word_1_766' title='bbox 3312 3041 3389 3096; x_wconf 91' lang='lat' dir='ltr'><strong>fas</strong></span> <span class='ocrx_word' id='word_1_767' title='bbox 3409 3050 3489 3094; x_wconf 91' lang='lat' dir='ltr'><strong>est</strong></span> <span class='ocrx_word' id='word_1_768' title='bbox 3509 3053 3679 3094; x_wconf 83' lang='lat' dir='ltr'><strong>uxore</strong></span> 
     </span>
    </p>
   </div>
   <div class='ocr_carea' id='block_1_94' title="bbox 2087 3134 3677 3195">
    <p class='ocr_par' dir='ltr' id='par_1_94' title="bbox 2087 3134 3677 3195">
     <span class='ocr_line' id='line_1_94' title="bbox 2087 3134 3677 3195; baseline -0.006 -1"><span class='ocrx_word' id='word_1_769' title='bbox 2087 3139 2250 3195; x_wconf 88' lang='lat' dir='ltr'><strong>invita</strong></span> <span class='ocrx_word' id='word_1_770' title='bbox 2272 3139 2490 3194; x_wconf 87' lang='lat' dir='ltr'><strong>delicias</strong></span> <span class='ocrx_word' id='word_1_771' title='bbox 2516 3153 2704 3193; x_wconf 92' lang='lat' dir='ltr'><strong>omnes</strong></span> <span class='ocrx_word' id='word_1_772' title='bbox 2729 3153 2792 3192; x_wconf 94' lang='lat' dir='ltr'><strong>ac</strong></span> <span class='ocrx_word' id='word_1_773' title='bbox 2813 3134 3268 3191; x_wconf 86' lang='lat' dir='ltr'><strong>circumfluentem</strong></span> <span class='ocrx_word' id='word_1_774' title='bbox 3290 3147 3534 3188; x_wconf 87' lang='lat' dir='ltr'><strong>curarum</strong></span> <span class='ocrx_word' id='word_1_775' title='bbox 3559 3142 3677 3185; x_wconf 87' lang='lat' dir='ltr'><strong>tur-</strong></span> 
     </span>
    </p>
   </div>
   <div class='ocr_carea' id='block_1_95' title="bbox 2087 3224 3681 3297">
    <p class='ocr_par' dir='ltr' id='par_1_95' title="bbox 2087 3224 3681 3297">
     <span class='ocr_line' id='line_1_95' title="bbox 2087 3224 3681 3297; baseline -0.009 -8"><span class='ocrx_word' id='word_1_776' title='bbox 2087 3233 2208 3289; x_wconf 89' lang='lat' dir='ltr'><strong>bam</strong></span> <span class='ocrx_word' id='word_1_777' title='bbox 2229 3232 2468 3297; x_wconf 88' lang='lat' dir='ltr'><strong>amoliri;</strong></span> <span class='ocrx_word' id='word_1_778' title='bbox 2491 3239 2545 3287; x_wconf 90' lang='lat' dir='ltr'><strong>et</strong></span> <span class='ocrx_word' id='word_1_779' title='bbox 2571 3231 2722 3285; x_wconf 87' lang='lat' dir='ltr'><strong>uxori</strong></span> <span class='ocrx_word' id='word_1_780' title='bbox 2749 3228 2981 3284; x_wconf 88' lang='lat' dir='ltr'><strong>vicissim</strong></span> <span class='ocrx_word' id='word_1_781' title='bbox 3010 3242 3115 3282; x_wconf 91' lang='lat' dir='ltr'><strong>non</strong></span> <span class='ocrx_word' id='word_1_782' title='bbox 3141 3236 3222 3281; x_wconf 90' lang='lat' dir='ltr'><strong>est</strong></span> <span class='ocrx_word' id='word_1_783' title='bbox 3251 3239 3490 3289; x_wconf 87' lang='lat' dir='ltr'><strong>necesse,</strong></span> <span class='ocrx_word' id='word_1_784' title='bbox 3513 3224 3556 3278; x_wconf 94' lang='lat' dir='ltr'><strong>si</strong></span> <span class='ocrx_word' id='word_1_785' title='bbox 3579 3239 3681 3277; x_wconf 76' lang='lat' dir='ltr'><strong>no-</strong></span> 
     </span>
    </p>
   </div>
   <div class='ocr_carea' id='block_1_96' title="bbox 2087 3321 3675 3392">
    <p class='ocr_par' dir='ltr' id='par_1_96' title="bbox 2087 3321 3675 3392">
     <span class='ocr_line' id='line_1_96' title="bbox 2087 3321 3675 3392; baseline -0.008 -14"><span class='ocrx_word' id='word_1_786' title='bbox 2087 3324 2164 3390; x_wconf 91' lang='lat' dir='ltr'><strong>lit,</strong></span> <span class='ocrx_word' id='word_1_787' title='bbox 2187 3325 2346 3389; x_wconf 90' lang='lat' dir='ltr'><strong>comi,</strong></span> <span class='ocrx_word' id='word_1_788' title='bbox 2371 3323 2580 3377; x_wconf 91' lang='lat' dir='ltr'><strong>inanem</strong></span> <span class='ocrx_word' id='word_1_789' title='bbox 2609 3321 2833 3392; x_wconf 88' lang='lat' dir='ltr'><strong>gloriam</strong></span> <span class='ocrx_word' id='word_1_790' title='bbox 2859 3326 3094 3390; x_wconf 88' lang='lat' dir='ltr'><strong>captare,</strong></span> <span class='ocrx_word' id='word_1_791' title='bbox 3116 3329 3440 3386; x_wconf 85' lang='lat' dir='ltr'><strong>supervacua</strong></span> <span class='ocrx_word' id='word_1_792' title='bbox 3460 3328 3675 3368; x_wconf 88' lang='lat' dir='ltr'><strong>curare.</strong></span> 
     </span>
    </p>
   </div>
   <div class='ocr_carea' id='block_1_97' title="bbox 2085 3404 3676 3482">
    <p class='ocr_par' dir='ltr' id='par_1_97' title="bbox 2085 3404 3676 3482">
     <span class='ocr_line' id='line_1_97' title="bbox 2085 3404 3676 3482; baseline -0.008 -13"><span class='ocrx_word' id='word_1_793' title='bbox 2085 3413 2197 3470; x_wconf 86' lang='lat' dir='ltr'><strong>Nec</strong></span> <span class='ocrx_word' id='word_1_794' title='bbox 2224 3413 2447 3482; x_wconf 89' lang='lat' dir='ltr'><strong>injuria;</strong></span> <span class='ocrx_word' id='word_1_795' title='bbox 2477 3427 2598 3468; x_wconf 90' lang='lat' dir='ltr'><strong>nam</strong></span> <span class='ocrx_word' id='word_1_796' title='bbox 2625 3410 2887 3480; x_wconf 89' lang='lat' dir='ltr'><strong>cupiditas</strong></span> <span class='ocrx_word' id='word_1_797' title='bbox 2912 3407 3126 3478; x_wconf 90' lang='lat' dir='ltr'><strong>quidem</strong></span> <span class='ocrx_word' id='word_1_798' title='bbox 3157 3406 3245 3460; x_wconf 90' lang='lat' dir='ltr'><strong>illa</strong></span> <span class='ocrx_word' id='word_1_799' title='bbox 3273 3404 3528 3460; x_wconf 86' lang='lat' dir='ltr'><strong>naturalis</strong></span> <span class='ocrx_word' id='word_1_800' title='bbox 3553 3414 3676 3468; x_wconf 87' lang='lat' dir='ltr'><strong>est;</strong></span> 
     </span>
    </p>
   </div>
   <div class='ocr_carea' id='block_1_98' title="bbox 2085 3495 3681 3574">
    <p class='ocr_par' dir='ltr' id='par_1_98' title="bbox 2085 3495 3681 3574">
     <span class='ocr_line' id='line_1_98' title="bbox 2085 3495 3681 3574; baseline -0.007 -15"><span class='ocrx_word' id='word_1_801' title='bbox 2085 3505 2264 3574; x_wconf 90' lang='lat' dir='ltr'><strong>itaque</strong></span> <span class='ocrx_word' id='word_1_802' title='bbox 2285 3504 2334 3560; x_wconf 90' lang='lat' dir='ltr'><strong>ei</strong></span> <span class='ocrx_word' id='word_1_803' title='bbox 2366 3502 2607 3558; x_wconf 87' lang='lat' dir='ltr'><strong>nonnihil</strong></span> <span class='ocrx_word' id='word_1_804' title='bbox 2636 3500 2996 3556; x_wconf 89' lang='lat' dir='ltr'><strong>condonatum</strong></span> <span class='ocrx_word' id='word_1_805' title='bbox 3038 3505 3153 3560; x_wconf 89' lang='lat' dir='ltr'><strong>est,</strong></span> <span class='ocrx_word' id='word_1_806' title='bbox 3195 3511 3295 3551; x_wconf 90' lang='lat' dir='ltr'><strong>nec</strong></span> <span class='ocrx_word' id='word_1_807' title='bbox 3337 3503 3512 3565; x_wconf 87' lang='lat' dir='ltr'><strong>potest</strong></span> <span class='ocrx_word' id='word_1_808' title='bbox 3537 3495 3681 3548; x_wconf 81' lang='lat' dir='ltr'><strong>alter</strong></span> 
     </span>
    </p>
   </div>
   <div class='ocr_carea' id='block_1_99' title="bbox 2084 3586 3676 3654">
    <p class='ocr_par' dir='ltr' id='par_1_99' title="bbox 2084 3586 3676 3654">
     <span class='ocr_line' id='line_1_99' title="bbox 2084 3586 3676 3654; baseline -0.007 -4"><span class='ocrx_word' id='word_1_809' title='bbox 2084 3594 2305 3650; x_wconf 89' lang='lat' dir='ltr'><strong>alterum</strong></span> <span class='ocrx_word' id='word_1_810' title='bbox 2335 3595 2602 3648; x_wconf 85' lang='lat' dir='ltr'><strong>nolentem</strong></span> <span class='ocrx_word' id='word_1_811' title='bbox 2640 3589 2956 3647; x_wconf 83' lang='lat' dir='ltr'><strong>defraudare</strong></span> <span class='ocrx_word' id='word_1_812' title='bbox 2981 3606 2997 3654; x_wconf 89' lang='lat'><strong>;</strong></span> <span class='ocrx_word' id='word_1_813' title='bbox 3040 3589 3152 3642; x_wconf 65' lang='lat' dir='ltr'><strong>hinc</strong></span> <span class='ocrx_word' id='word_1_814' title='bbox 3183 3601 3309 3642; x_wconf 91' lang='lat' dir='ltr'><strong>vero</strong></span> <span class='ocrx_word' id='word_1_815' title='bbox 3336 3586 3676 3647; x_wconf 88' lang='lat' dir='ltr'><strong>deliciarum,</strong></span> 
     </span>
    </p>
   </div>
   <div class='ocr_carea' id='block_1_100' title="bbox 2085 3677 3673 3754">
    <p class='ocr_par' dir='ltr' id='par_1_100' title="bbox 2085 3677 3673 3754">
     <span class='ocr_line' id='line_1_100' title="bbox 2085 3677 3673 3754; baseline -0.006 -14"><span class='ocrx_word' id='word_1_816' title='bbox 2085 3684 2396 3754; x_wconf 88' lang='lat' dir='ltr'><strong>supervacui</strong></span> <span class='ocrx_word' id='word_1_817' title='bbox 2420 3683 2613 3750; x_wconf 90' lang='lat' dir='ltr'><strong>cultus,</strong></span> <span class='ocrx_word' id='word_1_818' title='bbox 2651 3682 2847 3736; x_wconf 89' lang='lat' dir='ltr'><strong>inutilis</strong></span> <span class='ocrx_word' id='word_1_819' title='bbox 2862 3695 3023 3746; x_wconf 73' lang='lat' dir='ltr'><strong>curre,</strong></span> <span class='ocrx_word' id='word_1_820' title='bbox 3051 3694 3152 3734; x_wconf 92' lang='lat' dir='ltr'><strong>non</strong></span> <span class='ocrx_word' id='word_1_821' title='bbox 3179 3693 3208 3732; x_wconf 90' lang='lat' dir='ltr'><strong>a</strong></span> <span class='ocrx_word' id='word_1_822' title='bbox 3233 3687 3419 3731; x_wconf 87' lang='lat' dir='ltr'><strong>natura</strong></span> <span class='ocrx_word' id='word_1_823' title='bbox 3448 3677 3673 3745; x_wconf 82' lang='lat' dir='ltr'><strong>prolici-</strong></span> 
     </span>
    </p>
   </div>
   <div class='ocr_carea' id='block_1_101' title="bbox 2084 3765 3665 3844">
    <p class='ocr_par' dir='ltr' id='par_1_101' title="bbox 2084 3765 3665 3844">
     <span class='ocr_line' id='line_1_101' title="bbox 2084 3765 3665 3844; baseline -0.005 -15"><span class='ocrx_word' id='word_1_824' title='bbox 2084 3777 2268 3842; x_wconf 91' lang='lat' dir='ltr'><strong>scitur,</strong></span> <span class='ocrx_word' id='word_1_825' title='bbox 2287 3775 2380 3830; x_wconf 89' lang='lat' dir='ltr'><strong>sed</strong></span> <span class='ocrx_word' id='word_1_826' title='bbox 2398 3790 2462 3830; x_wconf 82' lang='lat' dir='ltr'><strong>ex</strong></span> <span class='ocrx_word' id='word_1_827' title='bbox 2480 3773 2686 3844; x_wconf 85' lang='lat' dir='ltr'><strong>ignavia</strong></span> <span class='ocrx_word' id='word_1_828' title='bbox 2707 3781 2760 3827; x_wconf 88' lang='lat' dir='ltr'><strong>et</strong></span> <span class='ocrx_word' id='word_1_829' title='bbox 2796 3771 2983 3840; x_wconf 89' lang='lat' dir='ltr'><strong>insigni</strong></span> <span class='ocrx_word' id='word_1_830' title='bbox 3003 3769 3236 3838; x_wconf 91' lang='lat' dir='ltr'><strong>nequitia</strong></span> <span class='ocrx_word' id='word_1_831' title='bbox 3262 3776 3458 3822; x_wconf 86' lang='lat' dir='ltr'><strong>manat.</strong></span> <span class='ocrx_word' id='word_1_832' title='bbox 3477 3765 3665 3834; x_wconf 85' lang='lat' dir='ltr'><strong>Quare</strong></span> 
     </span>
    </p>
   </div>
   <div class='ocr_carea' id='block_1_102' title="bbox 2085 3859 3674 3937">
    <p class='ocr_par' dir='ltr' id='par_1_102' title="bbox 2085 3859 3674 3937">
     <span class='ocr_line' id='line_1_102' title="bbox 2085 3859 3674 3937; baseline -0.007 -15"><span class='ocrx_word' id='word_1_833' title='bbox 2085 3883 2257 3937; x_wconf 89' lang='lat' dir='ltr'><strong>neque</strong></span> <span class='ocrx_word' id='word_1_834' title='bbox 2278 3867 2328 3920; x_wconf 93' lang='lat' dir='ltr'><strong>in</strong></span> <span class='ocrx_word' id='word_1_835' title='bbox 2357 3866 2460 3932; x_wconf 91' lang='lat' dir='ltr'><strong>his,</strong></span> <span class='ocrx_word' id='word_1_836' title='bbox 2485 3875 2540 3919; x_wconf 92' lang='lat' dir='ltr'><strong>ut</strong></span> <span class='ocrx_word' id='word_1_837' title='bbox 2567 3866 2618 3920; x_wconf 90' lang='lat' dir='ltr'><strong>in</strong></span> <span class='ocrx_word' id='word_1_838' title='bbox 2643 3865 2766 3929; x_wconf 88' lang='lat' dir='ltr'><strong>illis,</strong></span> <span class='ocrx_word' id='word_1_839' title='bbox 2789 3864 3042 3933; x_wconf 88' lang='lat' dir='ltr'><strong>conjuges</strong></span> <span class='ocrx_word' id='word_1_840' title='bbox 3067 3863 3290 3916; x_wconf 87' lang='lat' dir='ltr'><strong>invicem</strong></span> <span class='ocrx_word' id='word_1_841' title='bbox 3315 3859 3480 3915; x_wconf 89' lang='lat' dir='ltr'><strong>teneri</strong></span> <span class='ocrx_word' id='word_1_842' title='bbox 3503 3861 3674 3929; x_wconf 88' lang='lat' dir='ltr'><strong>cogit.</strong></span> 
     </span>
    </p>
   </div>
   <div class='ocr_carea' id='block_1_103' title="bbox 2084 3951 3675 4026">
    <p class='ocr_par' dir='ltr' id='par_1_103' title="bbox 2084 3951 3675 4026">
     <span class='ocr_line' id='line_1_103' title="bbox 2084 3951 3675 4026; baseline -0.008 -12"><span class='ocrx_word' id='word_1_843' title='bbox 2084 3957 2196 4014; x_wconf 84' lang='lat' dir='ltr'><strong>lloc</strong></span> <span class='ocrx_word' id='word_1_844' title='bbox 2224 3957 2383 4026; x_wconf 88' lang='lat' dir='ltr'><strong>igitur</strong></span> <span class='ocrx_word' id='word_1_845' title='bbox 2410 3965 2527 4023; x_wconf 89' lang='lat' dir='ltr'><strong>est,</strong></span> <span class='ocrx_word' id='word_1_846' title='bbox 2559 3955 2788 4011; x_wconf 84' lang='lat' dir='ltr'><strong>Uxorem</strong></span> <span class='ocrx_word' id='word_1_847' title='bbox 2831 3953 3086 4009; x_wconf 88' lang='lat' dir='ltr'><strong>habentes</strong></span> <span class='ocrx_word' id='word_1_848' title='bbox 3128 3951 3346 4021; x_wconf 85' lang='lat' dir='ltr'><strong>perinde</strong></span> <span class='ocrx_word' id='word_1_849' title='bbox 3383 3965 3502 4006; x_wconf 89' lang='lat' dir='ltr'><strong>esse</strong></span> <span class='ocrx_word' id='word_1_850' title='bbox 3530 3965 3596 4003; x_wconf 90' lang='lat' dir='ltr'><strong>ac</strong></span> <span class='ocrx_word' id='word_1_851' title='bbox 3629 3965 3675 4003; x_wconf 75' lang='lat' dir='ltr'><strong>sn</strong></span> 
     </span>
    </p>
   </div>
   <div class='ocr_carea' id='block_1_104' title="bbox 2083 4040 3676 4114">
    <p class='ocr_par' dir='ltr' id='par_1_104' title="bbox 2083 4040 3676 4114">
     <span class='ocr_line' id='line_1_104' title="bbox 2083 4040 3676 4114; baseline -0.006 -12"><span class='ocrx_word' id='word_1_852' title='bbox 2083 4062 2192 4102; x_wconf 86' lang='lat' dir='ltr'><strong>non</strong></span> <span class='ocrx_word' id='word_1_853' title='bbox 2229 4047 2484 4101; x_wconf 87' lang='lat' dir='ltr'><strong>haberent</strong></span> <span class='ocrx_word' id='word_1_854' title='bbox 2503 4085 2518 4111; x_wconf 93' lang='lat'><strong>,</strong></span> <span class='ocrx_word' id='word_1_855' title='bbox 2549 4059 2905 4114; x_wconf 89' lang='lat' dir='ltr'><strong>supervacuas</strong></span> <span class='ocrx_word' id='word_1_856' title='bbox 2935 4044 3054 4096; x_wconf 91' lang='lat' dir='ltr'><strong>illas</strong></span> <span class='ocrx_word' id='word_1_857' title='bbox 3079 4051 3292 4112; x_wconf 82' lang='lat' dir='ltr'><strong>propter</strong></span> <span class='ocrx_word' id='word_1_858' title='bbox 3323 4057 3543 4096; x_wconf 82' lang='lat' dir='ltr'><strong>uxorum</strong></span> <span class='ocrx_word' id='word_1_859' title='bbox 3583 4040 3676 4094; x_wconf 82' lang='lat' dir='ltr'><strong>fu-</strong></span> 
     </span>
    </p>
   </div>
   <div class='ocr_carea' id='block_1_105' title="bbox 2081 4135 3674 4201">
    <p class='ocr_par' dir='ltr' id='par_1_105' title="bbox 2081 4135 3674 4201">
     <span class='ocr_line' id='line_1_105' title="bbox 2081 4135 3674 4201; baseline -0.004 -6"><span class='ocrx_word' id='word_1_860' title='bbox 2081 4153 2202 4195; x_wconf 88' lang='lat' dir='ltr'><strong>cum</strong></span> <span class='ocrx_word' id='word_1_861' title='bbox 2229 4154 2291 4194; x_wconf 89' lang='lat' dir='ltr'><strong>ac</strong></span> <span class='ocrx_word' id='word_1_862' title='bbox 2325 4138 2604 4193; x_wconf 87' lang='lat' dir='ltr'><strong>mollitiem</strong></span> <span class='ocrx_word' id='word_1_863' title='bbox 2645 4152 2802 4192; x_wconf 92' lang='lat' dir='ltr'><strong>curas</strong></span> <span class='ocrx_word' id='word_1_864' title='bbox 2841 4152 2946 4192; x_wconf 91' lang='lat' dir='ltr'><strong>non</strong></span> <span class='ocrx_word' id='word_1_865' title='bbox 2987 4135 3268 4192; x_wconf 87' lang='lat' dir='ltr'><strong>admittere</strong></span> <span class='ocrx_word' id='word_1_866' title='bbox 3289 4176 3305 4201; x_wconf 94' lang='lat'><strong>,</strong></span> <span class='ocrx_word' id='word_1_867' title='bbox 3336 4135 3430 4190; x_wconf 84' lang='lat' dir='ltr'><strong>sed</strong></span> <span class='ocrx_word' id='word_1_868' title='bbox 3461 4146 3674 4189; x_wconf 89' lang='lat' dir='ltr'><strong>tantum</strong></span> 
     </span>
    </p>
   </div>
   <div class='ocr_carea' id='block_1_106' title="bbox 2081 4227 3678 4298">
    <p class='ocr_par' dir='ltr' id='par_1_106' title="bbox 2081 4227 3678 4298">
     <span class='ocr_line' id='line_1_106' title="bbox 2081 4227 3678 4298; baseline -0.001 -12"><span class='ocrx_word' id='word_1_869' title='bbox 2081 4245 2329 4286; x_wconf 90' lang='lat' dir='ltr'><strong>curarum</strong></span> <span class='ocrx_word' id='word_1_870' title='bbox 2357 4229 2650 4286; x_wconf 86' lang='lat' dir='ltr'><strong>auctarium</strong></span> <span class='ocrx_word' id='word_1_871' title='bbox 2677 4229 2949 4298; x_wconf 90' lang='lat' dir='ltr'><strong>suscipere</strong></span> <span class='ocrx_word' id='word_1_872' title='bbox 2972 4268 2987 4292; x_wconf 92' lang='lat'><strong>,</strong></span> <span class='ocrx_word' id='word_1_873' title='bbox 3017 4235 3270 4296; x_wconf 87' lang='lat' dir='ltr'><strong>quantum</strong></span> <span class='ocrx_word' id='word_1_874' title='bbox 3301 4242 3394 4296; x_wconf 87' lang='lat' dir='ltr'><strong>par</strong></span> <span class='ocrx_word' id='word_1_875' title='bbox 3416 4227 3484 4280; x_wconf 80' lang='lat' dir='ltr'><strong>sit</strong></span> <span class='ocrx_word' id='word_1_876' title='bbox 3509 4228 3678 4285; x_wconf 80' lang='lat' dir='ltr'><strong>unius</strong></span> 
     </span>
    </p>
   </div>
   <div class='ocr_carea' id='block_1_107' title="bbox 2080 4317 3677 4390">
    <p class='ocr_par' dir='ltr' id='par_1_107' title="bbox 2080 4317 3677 4390">
     <span class='ocr_line' id='line_1_107' title="bbox 2080 4317 3677 4390; baseline -0.004 -14"><span class='ocrx_word' id='word_1_877' title='bbox 2080 4321 2269 4390; x_wconf 87' lang='lat' dir='ltr'><strong>capitis</strong></span> <span class='ocrx_word' id='word_1_878' title='bbox 2293 4318 2676 4384; x_wconf 79' lang='lat' dir='ltr'><strong>additamenta,</strong></span> <span class='ocrx_word' id='word_1_879' title='bbox 2703 4327 2863 4390; x_wconf 82' lang='lat' dir='ltr'><strong>atque</strong></span> <span class='ocrx_word' id='word_1_880' title='bbox 2889 4320 3006 4387; x_wconf 88' lang='lat' dir='ltr'><strong>ejus</strong></span> <span class='ocrx_word' id='word_1_881' title='bbox 3031 4317 3394 4387; x_wconf 84' lang='lat' dir='ltr'><strong>philosophice</strong></span> <span class='ocrx_word' id='word_1_882' title='bbox 3417 4331 3481 4371; x_wconf 90' lang='lat' dir='ltr'><strong>ac</strong></span> <span class='ocrx_word' id='word_1_883' title='bbox 3503 4321 3677 4372; x_wconf 82' lang='lat' dir='ltr'><strong>tenui-</strong></span> 
     </span>
    </p>
   </div>
   <div class='ocr_carea' id='block_1_108' title="bbox 2080 4409 3676 4468">
    <p class='ocr_par' dir='ltr' id='par_1_108' title="bbox 2080 4409 3676 4468">
     <span class='ocr_line' id='line_1_108' title="bbox 2080 4409 3676 4468; baseline -0.001 0"><span class='ocrx_word' id='word_1_884' title='bbox 2080 4421 2162 4468; x_wconf 86' lang='lat' dir='ltr'><strong>ter</strong></span> <span class='ocrx_word' id='word_1_885' title='bbox 2185 4413 2348 4467; x_wconf 88' lang='lat' dir='ltr'><strong>vitam</strong></span> <span class='ocrx_word' id='word_1_886' title='bbox 2378 4411 2722 4468; x_wconf 88' lang='lat' dir='ltr'><strong>instituentis.</strong></span> <span class='ocrx_word' id='word_1_887' title='bbox 2753 4410 2809 4466; x_wconf 90' lang='lat' dir='ltr'><strong>ld</strong></span> <span class='ocrx_word' id='word_1_888' title='bbox 2837 4411 2980 4465; x_wconf 82' lang='lat' dir='ltr'><strong>enim</strong></span> <span class='ocrx_word' id='word_1_889' title='bbox 3007 4425 3066 4466; x_wconf 89' lang='lat' dir='ltr'><strong>se</strong></span> <span class='ocrx_word' id='word_1_890' title='bbox 3094 4411 3231 4466; x_wconf 88' lang='lat' dir='ltr'><strong>velle</strong></span> <span class='ocrx_word' id='word_1_891' title='bbox 3255 4410 3537 4464; x_wconf 87' lang='lat' dir='ltr'><strong>corollario</strong></span> <span class='ocrx_word' id='word_1_892' title='bbox 3564 4409 3676 4466; x_wconf 86' lang='lat' dir='ltr'><strong>hoc</strong></span> 
     </span>
    </p>
   </div>
   <div class='ocr_carea' id='block_1_109' title="bbox 2079 4499 3675 4572">
    <p class='ocr_par' dir='ltr' id='par_1_109' title="bbox 2079 4499 3675 4572">
     <span class='ocr_line' id='line_1_109' title="bbox 2079 4499 3675 4572; baseline -0.002 -15"><span class='ocrx_word' id='word_1_893' title='bbox 2079 4502 2373 4572; x_wconf 82' lang='lat' dir='ltr'><strong>signiﬁcat,</strong></span> <span class='ocrx_word' id='word_1_894' title='bbox 2407 4501 2472 4557; x_wconf 83' lang='lat' dir='ltr'><strong>Et</strong></span> <span class='ocrx_word' id='word_1_895' title='bbox 2497 4501 2582 4571; x_wconf 85' lang='lat' dir='ltr'><strong>qui</strong></span> <span class='ocrx_word' id='word_1_896' title='bbox 2617 4501 2740 4570; x_wconf 78' lang='lat' dir='ltr'><strong>ﬂent</strong></span> <span class='ocrx_word' id='word_1_897' title='bbox 2777 4509 3033 4571; x_wconf 79' lang='lat' dir='ltr'><strong>tamquam</strong></span> <span class='ocrx_word' id='word_1_898' title='bbox 3069 4517 3170 4554; x_wconf 90' lang='lat' dir='ltr'><strong>non</strong></span> <span class='ocrx_word' id='word_1_899' title='bbox 3195 4501 3370 4569; x_wconf 83' lang='lat' dir='ltr'><strong>ﬂentes</strong></span> <span class='ocrx_word' id='word_1_900' title='bbox 3401 4501 3419 4571; x_wconf 94' lang='lat'>(</span> <span class='ocrx_word' id='word_1_901' title='bbox 3445 4499 3582 4555; x_wconf 84' lang='lat' dir='ltr'><strong>Ibid.</strong></span> <span class='ocrx_word' id='word_1_902' title='bbox 3620 4517 3675 4554; x_wconf 82' lang='grc' dir='ltr'><strong>υ.</strong></span> 
     </span>
    </p>
   </div>
   <div class='ocr_carea' id='block_1_110' title="bbox 2078 4589 3672 4664">
    <p class='ocr_par' dir='ltr' id='par_1_110' title="bbox 2078 4589 3672 4664">
     <span class='ocr_line' id='line_1_110' title="bbox 2078 4589 3672 4664; baseline -0.004 -14"><span class='ocrx_word' id='word_1_903' title='bbox 2078 4593 2204 4664; x_wconf 75' lang='grc'><strong>50),</strong></span> <span class='ocrx_word' id='word_1_904' title='bbox 2232 4602 2287 4648; x_wconf 87' lang='lat' dir='ltr'><strong>et</strong></span> <span class='ocrx_word' id='word_1_905' title='bbox 2310 4593 2398 4662; x_wconf 91' lang='lat' dir='ltr'><strong>qui</strong></span> <span class='ocrx_word' id='word_1_906' title='bbox 2428 4593 2479 4648; x_wconf 91' lang='lat' dir='ltr'><strong>in</strong></span> <span class='ocrx_word' id='word_1_907' title='bbox 2512 4589 2725 4661; x_wconf 78' lang='lat' dir='ltr'><strong>prtediis</strong></span> <span class='ocrx_word' id='word_1_908' title='bbox 2754 4590 3008 4660; x_wconf 87' lang='lat' dir='ltr'><strong>gaudent,</strong></span> <span class='ocrx_word' id='word_1_909' title='bbox 3036 4604 3101 4646; x_wconf 90' lang='lat' dir='ltr'><strong>ac</strong></span> <span class='ocrx_word' id='word_1_910' title='bbox 3128 4591 3173 4644; x_wconf 91' lang='lat' dir='ltr'><strong>si</strong></span> <span class='ocrx_word' id='word_1_911' title='bbox 3203 4606 3308 4644; x_wconf 91' lang='lat' dir='ltr'><strong>non</strong></span> <span class='ocrx_word' id='word_1_912' title='bbox 3327 4590 3632 4659; x_wconf 82' lang='lat' dir='ltr'><strong>gauderent</strong></span> <span class='ocrx_word' id='word_1_913' title='bbox 3659 4609 3672 4644; x_wconf 91' lang='lat'><strong>:</strong></span> 
     </span>
    </p>
   </div>
   <div class='ocr_carea' id='block_1_111' title="bbox 2077 4681 3675 4754">
    <p class='ocr_par' dir='ltr' id='par_1_111' title="bbox 2077 4681 3675 4754">
     <span class='ocr_line' id='line_1_111' title="bbox 2077 4681 3675 4754; baseline 0 -16"><span class='ocrx_word' id='word_1_914' title='bbox 2077 4699 2198 4740; x_wconf 87' lang='lat' dir='ltr'><strong>nam</strong></span> <span class='ocrx_word' id='word_1_915' title='bbox 2215 4699 2313 4739; x_wconf 91' lang='lat' dir='ltr'><strong>nec</strong></span> <span class='ocrx_word' id='word_1_916' title='bbox 2323 4685 2413 4754; x_wconf 89' lang='lat' dir='ltr'><strong>qui</strong></span> <span class='ocrx_word' id='word_1_917' title='bbox 2430 4698 2532 4739; x_wconf 89' lang='lat' dir='ltr'><strong>non</strong></span> <span class='ocrx_word' id='word_1_918' title='bbox 2544 4681 2794 4754; x_wconf 87' lang='lat' dir='ltr'><strong>gaudent,</strong></span> <span class='ocrx_word' id='word_1_919' title='bbox 2812 4681 3010 4752; x_wconf 74' lang='lat' dir='ltr'><strong>praedia</strong></span> <span class='ocrx_word' id='word_1_920' title='bbox 3025 4682 3285 4737; x_wconf 89' lang='lat' dir='ltr'><strong>curabunt</strong></span> <span class='ocrx_word' id='word_1_921' title='bbox 3301 4699 3314 4747; x_wconf 92' lang='lat'><strong>;</strong></span> <span class='ocrx_word' id='word_1_922' title='bbox 3335 4698 3432 4738; x_wconf 90' lang='lat' dir='ltr'><strong>nec</strong></span> <span class='ocrx_word' id='word_1_923' title='bbox 3447 4684 3536 4753; x_wconf 92' lang='lat' dir='ltr'><strong>qui</strong></span> <span class='ocrx_word' id='word_1_924' title='bbox 3555 4698 3675 4738; x_wconf 89' lang='lat' dir='ltr'><strong>non</strong></span> 
     </span>
    </p>
   </div>
   <div class='ocr_carea' id='block_1_112' title="bbox 2076 4771 3675 4844">
    <p class='ocr_par' dir='ltr' id='par_1_112' title="bbox 2076 4771 3675 4844">
     <span class='ocr_line' id='line_1_112' title="bbox 2076 4771 3675 4844; baseline -0.003 -10"><span class='ocrx_word' id='word_1_925' title='bbox 2076 4773 2206 4834; x_wconf 83' lang='lat' dir='ltr'><strong>ﬂent</strong></span> <span class='ocrx_word' id='word_1_926' title='bbox 2222 4815 2237 4838; x_wconf 96' lang='lat'><strong>,</strong></span> <span class='ocrx_word' id='word_1_927' title='bbox 2270 4781 2362 4828; x_wconf 88' lang='lat' dir='ltr'><strong>aut</strong></span> <span class='ocrx_word' id='word_1_928' title='bbox 2389 4773 2620 4844; x_wconf 89' lang='lat' dir='ltr'><strong>inopiam</strong></span> <span class='ocrx_word' id='word_1_929' title='bbox 2647 4773 2868 4828; x_wconf 89' lang='lat' dir='ltr'><strong>horrere</strong></span> <span class='ocrx_word' id='word_1_930' title='bbox 2886 4815 2902 4841; x_wconf 89' lang='lat'><strong>,</strong></span> <span class='ocrx_word' id='word_1_931' title='bbox 2927 4780 3020 4828; x_wconf 91' lang='lat' dir='ltr'><strong>aut</strong></span> <span class='ocrx_word' id='word_1_932' title='bbox 3044 4771 3397 4843; x_wconf 85' lang='lat' dir='ltr'><strong>frugalitatem</strong></span> <span class='ocrx_word' id='word_1_933' title='bbox 3419 4777 3675 4829; x_wconf 86' lang='lat' dir='ltr'><strong>aversari</strong></span> 
     </span>
    </p>
   </div>
   <div class='ocr_carea' id='block_1_113' title="bbox 2075 4863 3676 4934">
    <p class='ocr_par' dir='ltr' id='par_1_113' title="bbox 2075 4863 3676 4934">
     <span class='ocr_line' id='line_1_113' title="bbox 2075 4863 3676 4934; baseline 0.001 -15"><span class='ocrx_word' id='word_1_934' title='bbox 2075 4871 2346 4934; x_wconf 89' lang='lat' dir='ltr'><strong>poterunt.</strong></span> <span class='ocrx_word' id='word_1_935' title='bbox 2374 4863 2486 4920; x_wconf 81' lang='lat' dir='ltr'><strong>Hoc</strong></span> <span class='ocrx_word' id='word_1_936' title='bbox 2517 4879 2646 4918; x_wconf 91' lang='lat' dir='ltr'><strong>vero</strong></span> <span class='ocrx_word' id='word_1_937' title='bbox 2683 4871 2766 4918; x_wconf 90' lang='lat' dir='ltr'><strong>est</strong></span> <span class='ocrx_word' id='word_1_938' title='bbox 2797 4878 3019 4919; x_wconf 87' lang='lat' dir='ltr'><strong>uxorem</strong></span> <span class='ocrx_word' id='word_1_939' title='bbox 3057 4863 3256 4919; x_wconf 89' lang='lat' dir='ltr'><strong>habere</strong></span> <span class='ocrx_word' id='word_1_940' title='bbox 3292 4878 3390 4918; x_wconf 87' lang='lat' dir='ltr'><strong>nec</strong></span> <span class='ocrx_word' id='word_1_941' title='bbox 3421 4863 3629 4921; x_wconf 84' lang='lat' dir='ltr'><strong>habere</strong></span> <span class='ocrx_word' id='word_1_942' title='bbox 3656 4905 3676 4932; x_wconf 90' lang='lat'><strong>,</strong></span> 
     </span>
    </p>
   </div>
   <div class='ocr_carea' id='block_1_114' title="bbox 2075 4955 3678 5022">
    <p class='ocr_par' dir='ltr' id='par_1_114' title="bbox 2075 4955 3678 5022">
     <span class='ocr_line' id='line_1_114' title="bbox 2075 4955 3678 5022; baseline 0.002 -10"><span class='ocrx_word' id='word_1_943' title='bbox 2075 4956 2273 5012; x_wconf 90' lang='lat' dir='ltr'><strong>mundo</strong></span> <span class='ocrx_word' id='word_1_944' title='bbox 2299 4956 2375 5012; x_wconf 89' lang='lat' dir='ltr'><strong>uti</strong></span> <span class='ocrx_word' id='word_1_945' title='bbox 2403 4970 2504 5012; x_wconf 88' lang='lat' dir='ltr'><strong>nec</strong></span> <span class='ocrx_word' id='word_1_946' title='bbox 2525 4955 2688 5012; x_wconf 88' lang='lat' dir='ltr'><strong>abuti.</strong></span> <span class='ocrx_word' id='word_1_947' title='bbox 2719 4955 2822 5022; x_wconf 87' lang='lat' dir='ltr'><strong>Qui</strong></span> <span class='ocrx_word' id='word_1_948' title='bbox 2857 4972 2973 5010; x_wconf 90' lang='lat' dir='ltr'><strong>cum</strong></span> <span class='ocrx_word' id='word_1_949' title='bbox 2997 4971 3154 5011; x_wconf 69' lang='lat' dir='ltr'><strong>uxore</strong></span> <span class='ocrx_word' id='word_1_950' title='bbox 3180 4966 3290 5022; x_wconf 90' lang='lat' dir='ltr'><strong>est,</strong></span> <span class='ocrx_word' id='word_1_951' title='bbox 3317 4957 3563 5013; x_wconf 86' lang='lat' dir='ltr'><strong>sollicitus</strong></span> <span class='ocrx_word' id='word_1_952' title='bbox 3593 4971 3678 5016; x_wconf 83' lang='lat' dir='ltr'><strong>est</strong></span> 
     </span>
    </p>
   </div>
   <div class='ocr_carea' id='block_1_115' title="bbox 2073 5045 3678 5118">
    <p class='ocr_par' dir='ltr' id='par_1_115' title="bbox 2073 5045 3678 5118">
     <span class='ocr_line' id='line_1_115' title="bbox 2073 5045 3678 5118; baseline 0.004 -18"><span class='ocrx_word' id='word_1_953' title='bbox 2073 5063 2187 5116; x_wconf 70' lang='lat' dir='ltr'><strong>quia</strong></span> <span class='ocrx_word' id='word_1_954' title='bbox 2213 5055 2330 5101; x_wconf 90' lang='lat' dir='ltr'><strong>sunt</strong></span> <span class='ocrx_word' id='word_1_955' title='bbox 2353 5047 2528 5102; x_wconf 88' lang='lat' dir='ltr'><strong>mundi</strong></span> <span class='ocrx_word' id='word_1_956' title='bbox 2555 5045 2716 5115; x_wconf 83' lang='lat' dir='ltr'><strong>(Ibid.</strong></span> <span class='ocrx_word' id='word_1_957' title='bbox 2759 5062 2807 5100; x_wconf 86' lang='grc' dir='ltr'><strong>υ.</strong></span> <span class='ocrx_word' id='word_1_958' title='bbox 2832 5046 2958 5118; x_wconf 74' lang='lat'><strong>&#39;53).</strong></span> <span class='ocrx_word' id='word_1_959' title='bbox 2991 5046 3173 5117; x_wconf 88' lang='lat' dir='ltr'><strong>Itaque</strong></span> <span class='ocrx_word' id='word_1_960' title='bbox 3219 5064 3341 5104; x_wconf 89' lang='lat' dir='ltr'><strong>cum</strong></span> <span class='ocrx_word' id='word_1_961' title='bbox 3380 5060 3433 5104; x_wconf 88' lang='lat' dir='ltr'><strong>et</strong></span> <span class='ocrx_word' id='word_1_962' title='bbox 3477 5049 3564 5105; x_wconf 91' lang='lat' dir='ltr'><strong>hic</strong></span> <span class='ocrx_word' id='word_1_963' title='bbox 3613 5062 3678 5107; x_wconf 88' lang='lat' dir='ltr'><strong>ct</strong></span> 
     </span>
    </p>
   </div>
   <div class='ocr_carea' id='block_1_116' title="bbox 2073 5137 3678 5208">
    <p class='ocr_par' dir='ltr' id='par_1_116' title="bbox 2073 5137 3678 5208">
     <span class='ocr_line' id='line_1_116' title="bbox 2073 5137 3678 5208; baseline 0.004 -16"><span class='ocrx_word' id='word_1_964' title='bbox 2073 5138 2181 5193; x_wconf 90' lang='lat' dir='ltr'><strong>illic</strong></span> <span class='ocrx_word' id='word_1_965' title='bbox 2206 5145 2440 5202; x_wconf 85' lang='lat' dir='ltr'><strong>curetur,</strong></span> <span class='ocrx_word' id='word_1_966' title='bbox 2463 5147 2620 5208; x_wconf 90' lang='lat' dir='ltr'><strong>atque</strong></span> <span class='ocrx_word' id='word_1_967' title='bbox 2645 5137 2731 5192; x_wconf 91' lang='lat' dir='ltr'><strong>hic</strong></span> <span class='ocrx_word' id='word_1_968' title='bbox 2753 5138 2912 5192; x_wconf 90' lang='lat' dir='ltr'><strong>etiam</strong></span> <span class='ocrx_word' id='word_1_969' title='bbox 2943 5147 3142 5194; x_wconf 86' lang='lat' dir='ltr'><strong>temere</strong></span> <span class='ocrx_word' id='word_1_970' title='bbox 3163 5149 3217 5195; x_wconf 90' lang='lat' dir='ltr'><strong>et</strong></span> <span class='ocrx_word' id='word_1_971' title='bbox 3237 5140 3449 5205; x_wconf 86' lang='lat' dir='ltr'><strong>frustra,</strong></span> <span class='ocrx_word' id='word_1_972' title='bbox 3477 5144 3589 5197; x_wconf 89' lang='lat' dir='ltr'><strong>imo</strong></span> <span class='ocrx_word' id='word_1_973' title='bbox 3613 5153 3678 5199; x_wconf 77' lang='lat' dir='ltr'><strong>et</strong></span> 
     </span>
    </p>
   </div>
   <div class='ocr_carea' id='block_1_117' title="bbox 2072 5230 3673 5307">
    <p class='ocr_par' dir='ltr' id='par_1_117' title="bbox 2072 5230 3673 5307">
     <span class='ocr_line' id='line_1_117' title="bbox 2072 5230 3673 5307; baseline 0.005 -21"><span class='ocrx_word' id='word_1_974' title='bbox 2072 5231 2296 5286; x_wconf 88' lang='lat' dir='ltr'><strong>moleste</strong></span> <span class='ocrx_word' id='word_1_975' title='bbox 2322 5240 2376 5286; x_wconf 90' lang='lat' dir='ltr'><strong>et</strong></span> <span class='ocrx_word' id='word_1_976' title='bbox 2401 5231 2598 5285; x_wconf 90' lang='lat' dir='ltr'><strong>misere</strong></span> <span class='ocrx_word' id='word_1_977' title='bbox 2629 5231 2784 5301; x_wconf 89' lang='lat' dir='ltr'><strong>(nam</strong></span> <span class='ocrx_word' id='word_1_978' title='bbox 2829 5230 3217 5286; x_wconf 86' lang='lat' dir='ltr'><strong>Tribulatianem</strong></span> <span class='ocrx_word' id='word_1_979' title='bbox 3246 5232 3422 5305; x_wconf 84' lang='lat' dir='ltr'><strong>[Ibid.</strong></span> <span class='ocrx_word' id='word_1_980' title='bbox 3450 5251 3499 5288; x_wconf 74' lang='grc' dir='ltr'><strong>ο.</strong></span> <span class='ocrx_word' id='word_1_981' title='bbox 3521 5234 3598 5291; x_wconf 72' lang='lat'><strong>28</strong></span> <span class='ocrx_word' id='word_1_982' title='bbox 3628 5234 3673 5307; x_wconf 71' lang='grc' dir='ltr'><strong>Ῑ.</strong></span> 
     </span>
    </p>
   </div>
   <div class='ocr_carea' id='block_1_118' title="bbox 2071 5321 3677 5398">
    <p class='ocr_par' dir='ltr' id='par_1_118' title="bbox 2071 5321 3677 5398">
     <span class='ocr_line' id='line_1_118' title="bbox 2071 5321 3677 5398; baseline 0.004 -20"><span class='ocrx_word' id='word_1_983' title='bbox 2071 5322 2259 5393; x_wconf 90' lang='lat' dir='ltr'><strong>inquit,</strong></span> <span class='ocrx_word' id='word_1_984' title='bbox 2287 5324 2454 5378; x_wconf 86' lang='lat' dir='ltr'><strong>carnis</strong></span> <span class='ocrx_word' id='word_1_985' title='bbox 2483 5321 2732 5378; x_wconf 80' lang='lat' dir='ltr'><strong>habebunt</strong></span> <span class='ocrx_word' id='word_1_986' title='bbox 2759 5323 3109 5395; x_wconf 69' lang='lat' dir='ltr'><strong>huiusmodi),</strong></span> <span class='ocrx_word' id='word_1_987' title='bbox 3142 5326 3267 5392; x_wconf 92' lang='lat' dir='ltr'><strong>illic,</strong></span> <span class='ocrx_word' id='word_1_988' title='bbox 3298 5326 3439 5395; x_wconf 91' lang='lat' dir='ltr'><strong>quod</strong></span> <span class='ocrx_word' id='word_1_989' title='bbox 3469 5327 3677 5398; x_wconf 69' lang='lat' dir='ltr'><strong>ingens</strong></span> 
     </span>
    </p>
   </div>
   <div class='ocr_carea' id='block_1_119' title="bbox 2067 5411 3674 5486">
    <p class='ocr_par' dir='ltr' id='par_1_119' title="bbox 2067 5411 3674 5486">
     <span class='ocr_line' id='line_1_119' title="bbox 2067 5411 3674 5486; baseline 0.003 -18"><span class='ocrx_word' id='word_1_990' title='bbox 2067 5411 2265 5468; x_wconf 84' lang='lat' dir='ltr'><strong>bonum</strong></span> <span class='ocrx_word' id='word_1_991' title='bbox 2298 5413 2386 5481; x_wconf 91' lang='lat' dir='ltr'><strong>sit,</strong></span> <span class='ocrx_word' id='word_1_992' title='bbox 2416 5429 2513 5469; x_wconf 89' lang='lat' dir='ltr'><strong>cur</strong></span> <span class='ocrx_word' id='word_1_993' title='bbox 2541 5429 2646 5469; x_wconf 90' lang='lat' dir='ltr'><strong>non</strong></span> <span class='ocrx_word' id='word_1_994' title='bbox 2676 5415 2817 5470; x_wconf 90' lang='lat' dir='ltr'><strong>illam</strong></span> <span class='ocrx_word' id='word_1_995' title='bbox 2844 5417 3021 5486; x_wconf 90' lang='lat' dir='ltr'><strong>potius</strong></span> <span class='ocrx_word' id='word_1_996' title='bbox 3057 5417 3406 5472; x_wconf 87' lang='lat' dir='ltr'><strong>adsciscimus</strong></span> <span class='ocrx_word' id='word_1_997' title='bbox 3428 5432 3624 5473; x_wconf 86' lang='lat' dir='ltr'><strong>curam</strong></span> <span class='ocrx_word' id='word_1_998' title='bbox 3654 5462 3674 5485; x_wconf 90' lang='lat'><strong>,</strong></span> 
     </span>
    </p>
   </div>
   <div class='ocr_carea' id='block_1_120' title="bbox 2068 5504 3671 5576">
    <p class='ocr_par' dir='ltr' id='par_1_120' title="bbox 2068 5504 3671 5576">
     <span class='ocr_line' id='line_1_120' title="bbox 2068 5504 3671 5576; baseline 0.005 -20"><span class='ocrx_word' id='word_1_999' title='bbox 2068 5517 2188 5572; x_wconf 64' lang='lat' dir='ltr'><strong>quae</strong></span> <span class='ocrx_word' id='word_1_1000' title='bbox 2215 5517 2320 5558; x_wconf 90' lang='lat' dir='ltr'><strong>non</strong></span> <span class='ocrx_word' id='word_1_1001' title='bbox 2349 5504 2521 5559; x_wconf 90' lang='lat' dir='ltr'><strong>solum</strong></span> <span class='ocrx_word' id='word_1_1002' title='bbox 2553 5513 2630 5559; x_wconf 91' lang='lat' dir='ltr'><strong>tot</strong></span> <span class='ocrx_word' id='word_1_1003' title='bbox 2658 5520 2721 5560; x_wconf 92' lang='lat' dir='ltr'><strong>ac</strong></span> <span class='ocrx_word' id='word_1_1004' title='bbox 2751 5515 2924 5561; x_wconf 85' lang='lat' dir='ltr'><strong>tantas</strong></span> <span class='ocrx_word' id='word_1_1005' title='bbox 2950 5506 3410 5564; x_wconf 85' lang='lat' dir='ltr'><strong>remunerationes</strong></span> <span class='ocrx_word' id='word_1_1006' title='bbox 3438 5508 3671 5576; x_wconf 86' lang='lat' dir='ltr'><strong>habeat,</strong></span> 
     </span>
    </p>
   </div>
   <div class='ocr_carea' id='block_1_121' title="bbox 2067 5591 3675 5666">
    <p class='ocr_par' dir='ltr' id='par_1_121' title="bbox 2067 5591 3675 5666">
     <span class='ocr_line' id='line_1_121' title="bbox 2067 5591 3675 5666; baseline 0.004 -21"><span class='ocrx_word' id='word_1_1007' title='bbox 2067 5591 2161 5646; x_wconf 87' lang='lat' dir='ltr'><strong>sed</strong></span> <span class='ocrx_word' id='word_1_1008' title='bbox 2187 5591 2287 5647; x_wconf 89' lang='lat' dir='ltr'><strong>hac</strong></span> <span class='ocrx_word' id='word_1_1009' title='bbox 2316 5603 2504 5649; x_wconf 89' lang='lat' dir='ltr'><strong>natura</strong></span> <span class='ocrx_word' id='word_1_1010' title='bbox 2545 5597 2704 5650; x_wconf 88' lang='lat' dir='ltr'><strong>etiam</strong></span> <span class='ocrx_word' id='word_1_1011' title='bbox 2741 5597 2908 5653; x_wconf 89' lang='lat' dir='ltr'><strong>levior</strong></span> <span class='ocrx_word' id='word_1_1012' title='bbox 2937 5597 3037 5651; x_wconf 89' lang='lat' dir='ltr'><strong>sit?</strong></span> <span class='ocrx_word' id='word_1_1013' title='bbox 3061 5597 3196 5666; x_wconf 88' lang='lat' dir='ltr'><strong>Quid</strong></span> <span class='ocrx_word' id='word_1_1014' title='bbox 3220 5599 3363 5654; x_wconf 90' lang='lat' dir='ltr'><strong>enim</strong></span> <span class='ocrx_word' id='word_1_1015' title='bbox 3389 5609 3545 5653; x_wconf 88' lang='lat' dir='ltr'><strong>curat</strong></span> <span class='ocrx_word' id='word_1_1016' title='bbox 3578 5602 3675 5654; x_wconf 78' lang='grc' dir='ltr'><strong>ἰιιο</strong></span> 
     </span>
    </p>
   </div>
   <div class='ocr_carea' id='block_1_122' title="bbox 2068 5685 3670 5764">
    <p class='ocr_par' dir='ltr' id='par_1_122' title="bbox 2068 5685 3670 5764">
     <span class='ocr_line' id='line_1_122' title="bbox 2068 5685 3670 5764; baseline 0.006 -26"><span class='ocrx_word' id='word_1_1017' title='bbox 2068 5685 2273 5753; x_wconf 85' lang='lat' dir='ltr'><strong>nupta?</strong></span> <span class='ocrx_word' id='word_1_1018' title='bbox 2299 5701 2366 5741; x_wconf 86' lang='lat' dir='ltr'><strong>an</strong></span> <span class='ocrx_word' id='word_1_1019' title='bbox 2395 5701 2544 5757; x_wconf 82' lang='lat' dir='ltr'><strong>opes,</strong></span> <span class='ocrx_word' id='word_1_1020' title='bbox 2573 5703 2638 5742; x_wconf 91' lang='lat' dir='ltr'><strong>an</strong></span> <span class='ocrx_word' id='word_1_1021' title='bbox 2668 5705 2857 5746; x_wconf 82' lang='lat' dir='ltr'><strong>vernas</strong></span> <span class='ocrx_word' id='word_1_1022' title='bbox 2881 5731 2894 5758; x_wconf 89' lang='lat'><strong>,</strong></span> <span class='ocrx_word' id='word_1_1023' title='bbox 2926 5705 2994 5746; x_wconf 89' lang='lat' dir='ltr'><strong>an</strong></span> <span class='ocrx_word' id='word_1_1024' title='bbox 3019 5706 3348 5759; x_wconf 75' lang='lat' dir='ltr'><strong>mconomos,</strong></span> <span class='ocrx_word' id='word_1_1025' title='bbox 3380 5708 3445 5747; x_wconf 90' lang='lat' dir='ltr'><strong>an</strong></span> <span class='ocrx_word' id='word_1_1026' title='bbox 3468 5708 3670 5764; x_wconf 74' lang='lat' dir='ltr'><strong>agnis,</strong></span> 
     </span>
    </p>
   </div>
  </div>
