3886 6222
121 296 215 351 589

120 420 182 459 an
200 403 448 474 reliqua?
469 421 536 460 an
558 406 776 478 ecquis,
803 408 1126 469 textoribus,
1152 417 1348 463 caetero
1371 407 1596 462 servitio
1618 407 1696 460 in-

109 498 257 552 stat?
291 498 511 554 Minime
529 500 768 570 gentium
792 518 806 566 ;
831 503 963 570 quin
985 500 1120 554 nihil
1148 501 1341 555 borum
1360 500 1443 554 vel
1467 500 1688 570 cogitat,

106 591 196 646 sed
223 607 393 645 unum
421 591 474 644 id
500 593 734 655 laborat,
768 601 826 646 ut
859 594 1096 646 animam
1131 607 1287 646 suam
1315 600 1524 646 tantum
1557 591 1692 644 tedi-

107 679 249 743 ficet,
275 689 330 736 et
367 683 626 751 templum
659 683 791 738 illud
825 690 1074 738 sanctum
1126 685 1202 752 (l.
1233 682 1356 737 Cor.
1381 683 1552 753 5.17)
1584 698 1692 736 non

103 772 520 838 eineinnis,aut
551 788 706 836 auro,
726 782 820 828 aut
854 775 1309 844 margaritis,uon
1343 773 1568 836 intritis,
1605 788 1699 834 aut

105 863 419 932 pigmentis,
441 879 549 918 non
564 865 614 918 id
633 880 804 935 genus
826 865 1091 920 molestiis
1110 874 1163 921 et
1183 865 1441 920 aerumnis
1459 865 1533 935 (1.
1554 863 1690 918 Tim.

106 954 160 1009 2.
186 953 254 1022 9)
281 955 378 1010 sed
401 957 566 1010 animi
585 969 749 1027 atque
767 958 1015 1026 corporis
1041 959 1407 1013 sanctimonia
1439 965 1689 1014 exornet.

109 1050 177 1102 At
202 1047 606 1118 Nupta,inquit,
629 1058 770 1101 curat
793 1057 848 1100 ut
871 1048 976 1100 viro
1005 1047 1216 1116 placeat.
1249 1048 1323 1119 (l.
1345 1043 1464 1101 Cor.
1489 1047 1539 1100 7.
1566 1048 1630 1101 5i
1652 1048 1693 1114 ).

107 1140 410 1196 Admodum
439 1141 707 1211 sapienter
732 1140 794 1194 ad
830 1141 1060 1208 ipsarum
1107 1157 1283 1194 rerum
1327 1155 1548 1194 examen
1590 1156 1694 1193 non

108 1232 405 1299 descendit,
435 1248 606 1301 neque
631 1247 690 1286 ea
717 1232 1174 1297 commemoravit,
1203 1249 1320 1300 quzc
1347 1239 1405 1285 ut
1431 1231 1560 1284 viris
1586 1231 1697 1299 pla—

107 1334 264 1380 ceant
291 1333 344 1380 et
369 1340 592 1395 corpore
617 1332 672 1378 et
695 1325 872 1390 animo
900 1325 1185 1392 patiuntur,
1213 1321 1340 1378 illud
1363 1331 1692 1392 torquentes,

106 1415 599 1485 oblinentes,atque
614 1416 732 1468 aliis
752 1416 902 1469 malis
923 1415 1258 1482 mulctantes,
1275 1415 1417 1470 hunc
1434 1415 1696 1468 illiberali-

109 1506 928 1572 tate,adulatione,simulatione,
947 1505 1236 1568 simultate,
1254 1506 1445 1574 ineptis
1462 1514 1515 1560 et
1532 1505 1694 1558 inuti-

108 1598 246 1652 libus
269 1599 412 1653 curis
439 1600 752 1668 implentes;
784 1599 876 1654 sed
907 1613 1008 1652 uno
1032 1598 1199 1652 verbo
1220 1597 1337 1652 hazc
1361 1599 1536 1652 omnia
1564 1597 1694 1650 sub-

108 1688 348 1744 indicaus
381 1690 718 1758 recogitanda
745 1691 1044 1744 auditorum
1071 1691 1410 1744 conscientia:
1445 1689 1692 1758 reliquit;

105 1789 267 1849 atque
285 1780 355 1834 ita
368 1780 681 1850 virginitatis
707 1779 1065 1849 prmstautiam
1087 1779 1382 1841 declarans,
1403 1779 1469 1833 ad
1487 1781 1699 1833 czelum-

103 1885 211 1939 que
225 1885 342 1924 eam
361 1871 570 1934 tollens,
590 1887 798 1925 rursum
824 1886 1124 1926 sermonem
1148 1872 1212 1925 ad
1231 1871 1550 1925 matrimonii
1573 1887 1694 1940 per-

103 1963 417 2018 missionem
441 1963 675 2029 confert;
709 1964 902 2033 ubique
933 1964 1214 2029 sollicitus,
1239 1980 1305 2016 ne
1329 1963 1378 2017 id
1411 1964 1691 2032 quisquam

103 2064 429 2123 prteceptum
456 2069 576 2108 esse
615 2054 980 2109 arbitraretur.
1011 2054 1368 2122 Quamobrem
1407 2069 1505 2107 nec
1534 2069 1696 2122 supe-

102 2145 338 2200 rioribus
363 2144 819 2199 cohortationibus
844 2155 1146 2209 contentus,
1177 2161 1296 2199 cum
1323 2145 1562 2209 dixisset,
1593 2143 1697 2196 Do-

101 2239 235 2290 ntini
256 2249 558 2308 prteceptum
575 2254 673 2290 non
694 2238 882 2299 habeo;
904 2247 976 2301 et,
1002 2239 1061 2292 Si
1085 2239 1252 2305 nupsit
1275 2239 1434 2307 virgo,
1460 2254 1558 2290 non
1583 2253 1697 2305 pec-

101 2330 238 2382 carit
266 2331 493 2383 :iterum
523 2329 609 2383 hic
643 2329 748 2394 ait,
781 2327 903 2382 Non
943 2338 998 2382 ut
1037 2329 1268 2398 laqueum
1307 2328 1441 2382 vobis
1470 2329 1696 2395 iniiciam

101 2418 282 2488 (Ibid.
310 2435 356 2473 υ.
378 2419 467 2474 25.
488 2421 578 2475 23.
612 2421 678 2475 55
699 2421 737 2490 ).

179 2510 414 2564 LXXVI.
476 2510 598 2564 Non
636 2512 1005 2581 virginitatem,
1055 2509 1144 2564 sed
1191 2518 1413 2563 nostram
1464 2509 1698 2562 inertiam

97 2617 216 2654 esse
251 2601 506 2670 laqueum.
531 2632 602 2641 —
629 2599 686 2655 In
718 2616 823 2671 quo
865 2602 1055 2655 merito
1086 2601 1185 2654 hoc
1211 2601 1364 2654 alicui
1392 2601 1696 2668 scrupulum

96 2703 341 2758 moveat,
369 2711 475 2764 quo
498 2704 651 2764 pacto
676 2695 764 2764 qui
792 2709 905 2748 rem
933 2708 1092 2762 supra
1123 2693 1451 2746 vinculorum
1480 2692 1700 2746 solutio-

98 2801 232 2839 nem
261 2795 450 2851 vocet,
481 2796 535 2840 et
563 2785 629 2839 ad
670 2785 950 2840 utilitatem
994 2795 1231 2839 nostram
1273 2799 1388 2837 eam
1420 2783 1699 2838 consulere

97 2877 267 2940 dicat,
303 2891 369 2930 ue
400 2876 642 2930 miserias
668 2875 976 2938 habeamus,
1007 2884 1064 2928 ut
1089 2875 1204 2928 sine
1236 2873 1592 2928 sollicitudine
1621 2875 1698 2928 si-

100 2982 228 3022 mus
249 3009 264 3033 ,
296 2979 348 3021 et
377 2969 519 3037 quod
550 2967 702 3021 nobis
729 2977 968 3038 parceret
992 3009 1006 3033 ,
1038 2977 1195 3036 atque
1227 2968 1290 3020 iis
1316 2967 1560 3022 omnibus
1585 2967 1699 3035 ejus

99 3061 374 3115 levitatem
412 3075 474 3114 ac
500 3058 803 3113 facilitatem
837 3066 1016 3125 notet,
1051 3058 1137 3112 hic
1171 3058 1348 3124 dicat,
1382 3057 1501 3112 Non
1535 3067 1590 3111 ut
1620 3060 1699 3111 la-

98 3168 292 3223 queum
307 3151 441 3205 vobis
458 3151 681 3222 injiciam
699 3151 716 3218 (
732 3149 870 3204 Ibid.
899 3167 946 3204 υ.
971 3152 1037 3206 55
1055 3151 1110 3223 )?
1131 3151 1264 3216 Quid
1286 3152 1439 3221 igitur
1450 3161 1530 3205 est
1545 3152 1566 3204 ?
1584 3151 1698 3206 Non

103 3244 466 3313 virginitatem
495 3259 507 3294 :
540 3258 707 3312 apage
738 3260 750 3294 :
783 3243 876 3297 sed
906 3242 954 3296 vi
981 3252 1034 3296 et
1064 3244 1336 3296 coactione
1366 3243 1561 3296 bonum
1593 3243 1695 3298 hoc

99 3333 392 3402 amplecti,
435 3333 486 3386 id
533 3333 777 3401 laqueum
805 3342 979 3387 vocat.
1022 3332 1153 3386 Nam
1194 3333 1262 3386 ita
1292 3347 1352 3387 se
1381 3349 1466 3388 res
1495 3332 1654 3388 habet
1683 3351 1695 3386 :

99 3422 367 3494 quidquid
391 3423 696 3492 compulsus
733 3432 788 3477 et
826 3423 1020 3477 invitus
1043 3421 1300 3492 suscipias
1320 3463 1335 3488 ,
1362 3423 1699 3492 quantumvis

101 3517 230 3571 leve
243 3515 330 3582 sit,
349 3514 711 3570 difficillimum
731 3513 990 3577 redditur,
1009 3515 1155 3569 etvel
1177 3525 1318 3570 reste
1329 3514 1540 3584 gravius
1557 3529 1700 3568 men-

103 3617 220 3662 tem
241 3606 550 3676 strangulat.
581 3603 703 3658 Ideo
727 3605 819 3670 ait,
837 3603 956 3657 Non
972 3615 1024 3657 ut
1047 3605 1276 3673 laqueum
1299 3603 1434 3658 vobis
1454 3605 1698 3673 iujiciam.

101 3697 167 3752 Id
196 3706 311 3762 est,
341 3695 656 3765 virginitatis
683 3695 821 3749 bona
851 3695 1026 3749 omnia
1072 3695 1321 3764 preposui
1354 3705 1406 3749 et
1432 3694 1695 3763 explicui,

100 3799 271 3857 atque
310 3787 520 3842 interim
561 3795 680 3856 post
716 3785 831 3840 htec
873 3787 1048 3840 omnia
1091 3787 1360 3855 optionem
1393 3786 1540 3840 vobis
1582 3801 1699 3854 per-

100 3879 287 3941 mitto.
313 3893 416 3933 non
445 3879 635 3932 invitos
660 3877 725 3932 ad
753 3877 998 3932 virtutem
1027 3878 1208 3940 traho;
1238 3893 1411 3946 neque
1439 3879 1578 3931 enim
1604 3892 1700 3931 vos

100 3973 369 4029 afﬂictare
398 3973 583 4028 volens
621 3973 734 4028 haec
771 3974 1050 4039 consului,
1087 3974 1178 4028 scd
1210 3989 1278 4028 ne
1307 3974 1525 4028 honesta
1562 3975 1697 4028 assi-

101 4065 284 4120 duitas
325 4063 568 4116 ltumanis
596 4065 753 4118 rebus
797 4063 1086 4133 frangatur.
1117 4064 1320 4118 Videtis
1358 4075 1536 4119 autem
1569 4065 1697 4118 mihi

103 4165 168 4211 et
197 4155 281 4210 hic
326 4155 472 4209 Pauli
504 4155 831 4224 prudentiam
853 4196 868 4221 ,
895 4165 952 4209 ut
993 4156 1455 4225 deprecationihus
1490 4171 1697 4210 rursom

103 4243 536 4301 exhortationem
578 4245 770 4310 addat,
804 4260 867 4300 ac
908 4247 1219 4315 permittens
1261 4247 1522 4302 consulat.
1568 4247 1698 4302 Nam

104 4337 205 4408 qui
235 4338 393 4401 dicit,
431 4335 549 4390 Non
570 4353 694 4408 cogo
716 4379 731 4403 ,
762 4338 850 4392 sed
876 4338 1084 4402 hortor;
1111 4353 1174 4391 ac
1207 4339 1448 4403 subjicit',
1480 4339 1701 4408 Propter

108 4429 419 4482 honestatem
457 4437 503 4480 et
539 4427 876 4482 assiduitatem
917 4428 1091 4498 (Ibid.
1151 4445 1198 4482 υ.
1244 4429 1348 4501 '55)
1391 4430 1701 4499 virginitatis

106 4517 576 4573 admirabilitatem
601 4527 756 4588 atque
784 4518 1043 4584 fructum,
1070 4520 1158 4590 qui
1197 4536 1262 4575 ex
1284 4536 1346 4575 ea
1375 4520 1442 4575 ad
1468 4521 1697 4576 divinam

107 4609 273 4662 vitam
293 4619 489 4675 manat,
508 4610 755 4664 ostendit.
782 4611 962 4680 Neque
983 4611 1122 4664 enim
1139 4619 1310 4677 potest
1324 4627 1439 4681 qua:
1459 4613 1700 4668 humanis

109 4701 257 4754 curis
279 4701 594 4769 implicatur,
618 4709 672 4756 et
698 4701 798 4755 huc
826 4702 948 4756 illuc
967 4701 1300 4767 distrahitur,
1324 4703 1534 4756 assidua
1557 4718 1696 4768 esse,

107 4791 292 4847 studio
321 4793 465 4847 omni
492 4802 648 4862 atque
672 4794 780 4847 otio
809 4794 860 4846 in
889 4795 1047 4847 multa
1085 4794 1384 4860 distributo,
1419 4795 1467 4847 in
1501 4795 1696 4861 virum,

108 4900 178 4940 ac
205 4883 416 4937 familia:
447 4899 628 4938 curam
649 4925 664 4952 ,
697 4887 903 4956 aliaque
939 4894 1127 4941 cuncta
1157 4901 1274 4956 qua:
1305 4889 1699 4943 matrimonium

104 4973 389 5030 attrahere
415 4974 570 5029 solet.

185 5063 445 5119 LXXVII.
481 5064 608 5131 Qua:
635 5065 696 5118 de
720 5065 928 5120 terrenis
965 5067 1110 5122 rebus
1154 5068 1369 5122 sollicita
1393 5069 1493 5134 sit,
1535 5069 1692 5139 virgi-

104 5172 221 5209 nem
238 5171 337 5208 non
353 5155 694 5223 esse.—Quid
714 5171 856 5218 vero,
873 5157 1059 5227 inquit,
1075 5158 1119 5212 si
1132 5167 1186 5212 et
1203 5159 1346 5228 virgo
1359 5158 1424 5212 de
1437 5158 1616 5214 multis
1634 5159 1702 5215 Ia-

103 5250 283 5317 boret,
299 5259 455 5318 atque
473 5249 698 5303 humana
721 5250 904 5304 curet?
923 5252 1129 5320 Apage:
1153 5251 1240 5320 qui
1258 5251 1516 5322 virginum
1535 5252 1700 5308 choro

104 5357 225 5396 eam
245 5341 526 5396 exemeris.
541 5341 809 5407 Siquidem
827 5342 892 5397 ad
914 5344 1167 5412 virginem
1187 5344 1537 5412 prmstandam
1559 5343 1699 5398 haud

109 5435 244 5487 satis
283 5444 365 5487 est
391 5449 496 5487 non
545 5435 824 5504 nupsisse,
870 5435 963 5490 sed
1005 5436 1167 5490 animi
1198 5451 1408 5506 quoque
1457 5436 1699 5490 castitate

103 5541 243 5593 opus
287 5535 407 5592 est;
454 5527 750 5580 castitatem
787 5537 962 5582 autem
994 5528 1265 5598 intelligo,
1310 5543 1413 5581 non
1446 5527 1582 5582 fmda
1630 5543 1698 5583 ac

104 5612 370 5684 flagitiosa
402 5617 572 5670 solum
601 5615 820 5672 libidine
841 5656 856 5682 ,
886 5625 1105 5683 ornatu,
1139 5618 1445 5672 curiositate
1469 5633 1693 5684 vacare;

102 5704 203 5760 scd
242 5705 364 5760 vita:
393 5706 550 5760 etiam
578 5709 720 5762 curis
749 5705 975 5762 solutam
1017 5707 1142 5764 esse
1166 5723 1228 5764 ac
1255 5707 1478 5765 liberam
1505 5727 1518 5764 :
1551 5708 1694 5778 quod

1493 296 1578 350 DE
1623 293 1956 352 VIIIGINITJ
1965 294 2075 349 TE.

3281 310 3391 365 590

1802 407 1852 459 ni
1879 406 1982 468 sit,
2009 421 2259 476 quorsum
2289 411 2526 480 corporis
2565 413 2901 468 caStitatetn?
2925 413 3054 468 Nam
3093 425 3146 468 ut
3174 417 3338 472 milite
3358 459 3374 484 ,

1798 497 1885 566 qui
1907 496 2125 567 abjectis
2150 500 2314 554 armis
2338 501 2389 554 in
2420 502 2626 570 pepinis
2648 513 2955 572 occupetur,
2997 505 3124 558 nihil
3151 507 3378 576 turpius:

1799 587 1869 640 ita
1917 603 2015 642 nec
2059 589 2264 658 virgine
2297 589 2419 644 vita:
2461 593 2602 648 curis
2630 594 2885 649 obstricta
2911 595 3197 666 quidquam
3231 599 3383 652 inho-

1799 679 2020 733 nestlus.
2066 681 2273 736 Etenim
2317 683 2550 754 quinque
2594 685 2700 739 illa;
2728 694 2782 740 et
2829 687 3073 741 lucernas
3113 687 3380 743 habelnnt

1799 769 1818 834 (
1845 771 2031 826 Matth.
2061 772 2129 827 9.5
2154 772 2174 844 )
2200 815 2214 838 ,
2257 784 2314 830 et
2340 777 2695 844 virginitatem
2740 791 3120 835 exercuerant:
3153 799 3379 852 quorum

1799 863 1925 916 nihil
1949 865 2027 919 eis
2047 866 2260 934 profuit,
2291 868 2384 922 sed
2406 869 2598 924 clausis
2619 870 2820 926 foribus
2835 873 3064 929 exclusm
3088 878 3358 946 perierunt

1797 953 2001 1024 Quippe
2021 957 2090 1010 ob
2117 957 2167 1011 id
2189 971 2444 1026 praestans
2465 970 2546 1015 est
2567 962 2860 1030 virginitas,
2886 965 3024 1033 quod
3047 981 3258 1022 omnem
3286 984 3346 1022 su

1800 1061 2072 1115 pervacuae
2088 1065 2228 1103 curae
2245 1066 2428 1105 ansam
2454 1053 2732 1120 przecedat,
2754 1055 2916 1108 otium
2933 1073 3088 1110 omne
3105 1068 3262 1127 atque
3275 1069 3361 1112 stu

1798 1137 1942 1190 ditttn
1977 1139 2169 1192 divinis
2195 1143 2446 1210 operibus
2474 1159 2832 1199 cousecrans:
2863 1147 3004 1215 quod
3033 1149 3130 1202 nisi
3163 1149 3377 1216 habeat,

1798 1229 2136 1281 matrimonio
2165 1230 2318 1299 longe
2345 1231 2577 1286 deterior
2612 1243 2726 1298 est,
2771 1235 2948 1303 spinas
2977 1237 3026 1289 in
3069 1239 3245 1292 animo
3272 1241 3350 1292 cir

1797 1318 2122 1385 cumferens,
2149 1331 2200 1373 et
2227 1322 2516 1391 legitimum
2547 1340 2610 1378 ac
2637 1326 2851 1380 ca-leSIe
2880 1343 3061 1383 semen
3093 1330 3356 1386 summatis

1870 1411 2147 1467 LXXVIII.
2175 1411 2276 1468 Cur
2301 1432 2399 1468 non
2442 1418 2623 1470 acriter
2651 1434 2763 1470 eum
2811 1429 2987 1490 carpat
3012 1462 3025 1484 ,
3082 1423 3167 1491 qui
3194 1423 3244 1476 in
3273 1425 3375 1475 vir-

1798 1501 1912 1570 gine
1928 1518 2020 1554 sua
2041 1503 2329 1556 indecorum
2350 1521 2402 1557 se
2421 1521 2526 1558 esse
2547 1515 2706 1577 putat.
2723 1538 2791 1548 —
2817 1510 2874 1561 Si
2895 1512 3004 1577 quis
3027 1522 3214 1575 autem,
3262 1513 3335 1566 ait
3361 1555 3376 1577 ,

1803 1601 2000 1660 turpem
2033 1609 2085 1646 se
2109 1593 2266 1648 videri
2294 1597 2542 1648 existimat
2587 1615 2737 1668 super
2773 1601 2962 1670 virgine
2988 1619 3079 1654 sua
3101 1642 3114 1663 ,
3149 1603 3284 1670 quod
3317 1606 3380 1657 sit

1797 1684 2144 1750 suprraduita,
2175 1697 2324 1756 atque
2347 1690 2416 1740 ita
2439 1690 2732 1757 faciendum
2762 1703 2852 1753 est.
2881 1695 3016 1761 quod
3047 1696 3171 1747 volet
3198 1697 3374 1765 faciat,

1799 1790 1900 1826 non
1941 1787 2140 1842 pereat:
2167 1778 2354 1830 nubant
2379 1780 2395 1846 (
2421 1781 2444 1833 1
2477 1779 2595 1832 Cor.
2622 1782 2674 1834 7.
2703 1781 2770 1836 36
2793 1781 2830 1848 ).
2877 1783 3049 1849 Itane,
3081 1785 3227 1849 Quod
3255 1788 3381 1840 volat

1800 1867 1996 1935 faciat?
2035 1884 2130 1922 nec
2157 1869 2339 1922 falsam
2383 1873 2826 1928 existimationem
2869 1876 3090 1946 corrigis
3115 1919 3128 1941 ,
3162 1877 3254 1931 sed
3285 1894 3380 1933 nu-

1799 1957 1927 2012 bere
1969 1960 2271 2026 permittis?
2313 1961 2418 2016 Cur
2439 1964 2577 2018 enim
2614 1981 2716 2019 non
2747 1966 2954 2031 dixisti,
2984 1969 3133 2033 Quod
3179 1971 3223 2023 si
3256 1973 3377 2039 quis

1801 2049 1851 2102 in
1882 2051 2084 2118 virgine
2112 2066 2205 2105 sua
2239 2053 2543 2106 indecorum
2570 2071 2687 2109 esse
2716 2065 2894 2123 putat,
2927 2059 3086 2111 miser
3115 2068 3168 2112 et
3203 2059 3380 2113 infelix

1799 2151 1915 2205 est,
1951 2159 2060 2195 rem
2097 2153 2199 2196 tam
2239 2144 2604 2200 admirandam
2649 2147 2897 2201 infamem
2944 2149 3262 2203 arbitratus?
3291 2167 3386 2204 cur

1800 2249 1904 2288 non
1936 2237 2270 2300 consuluisti,
2301 2238 2548 2305 opinione
2573 2253 2634 2292 ea
2665 2238 2903 2304 dimissa,
2940 2241 3098 2293 tiliam
3128 2257 3156 2293 a
3187 2243 3374 2295 matri-

1801 2325 1978 2379 monio
2007 2327 2225 2380 arcere?
2254 2327 2386 2393 Quia
2411 2369 2425 2391 ,
2461 2329 2660 2396 inquiet
2683 2371 2698 2394 ,
2728 2329 2918 2383 anima:
2946 2330 3048 2384 illre
3093 2331 3376 2386 admodum

1801 2417 2023 2472 infirma:
2050 2427 2102 2472 et
2133 2419 2275 2472 ltumi
2306 2430 2553 2488 repentes
2581 2432 2764 2486 erant,
2819 2422 3025 2492 illzequc
3068 2425 3146 2478 sic
3175 2424 3376 2479 allectat

1800 2507 1976 2561 statim
2018 2508 2082 2560 ad
2115 2510 2426 2576 virginitatis
2463 2526 2740 2564 sermones
2769 2512 2958 2566 adduci
2987 2529 3088 2566 non
3121 2525 3384 2582 poterant.

1802 2598 1931 2652 Nam
1961 2601 2047 2667 qui
2076 2600 2142 2653 ad
2173 2601 2353 2654 mundi
2401 2618 2486 2656 res
2531 2611 2635 2655 tam
2667 2612 2748 2655 est
2799 2605 3057 2657 attonitus
3083 2644 3096 2668 ,
3147 2615 3199 2658 ct
3227 2605 3384 2673 hujus

1802 2691 1922 2744 vitae
1955 2691 2217 2755 laudator,
2253 2702 2309 2746 ιη
2343 2703 2461 2761 post
2491 2701 2692 2746 tantam
2739 2695 3170 2748 exhortationem
3200 2739 3212 2760 ,
3243 2697 3384 2764 quod

1802 2781 1935 2834 caelo
1979 2781 2194 2850 dignum
2224 2791 2381 2836 estet
2412 2784 2635 2852 angelici
2685 2785 2904 2837 instituti
2952 2785 3147 2850 affine,
3193 2787 3386 2854 probro

1807 2870 2096 2934 habuisset,
2129 2873 2407 2926 consilium
2429 2889 2491 2927 eo
2520 2873 2774 2928 inducens
2795 2875 2882 2943 qui
2911 2875 3152 2929 tulisset?
3179 2877 3239 2929 Et
3261 2878 3384 2945 quid

1804 2963 2018 3024 mirum,
2051 2963 2095 3016 si
2129 2963 2180 3016 id
2213 2965 2265 3016 in
2300 2979 2356 3017 re
2381 2979 2628 3018 concessa
2660 2965 2854 3017 Paulus
2881 2965 3026 3031 fecit,
3057 2968 3142 3036 qni
3167 2968 3303 3020 idem
3334 2969 3386 3022 in

1804 3055 1964 3108 vetita
1992 3062 2044 3107 et
2082 3053 2350 3122 illegitima
2393 3054 2582 3109 faciat?
2631 3056 2871 3125 Exempli
2901 3071 3057 3110 causa
3095 3075 3106 3112 :
3137 3059 3382 3114 ciborum

1803 3144 2066 3199 delectum
2099 3145 2316 3209 habere,
2346 3155 2398 3198 et
2424 3147 2555 3200 alios
2583 3147 2828 3216 probare,
2857 3148 2987 3202 alios
3018 3149 3259 3216 rejicere,
3288 3151 3382 3205 Ju-

1803 3237 1966 3290 daicm
1994 3237 2372 3292 imbecillitatis
2397 3238 2788 3306 erat;,quidam
2819 3249 2990 3293 tamen
3025 3242 3162 3310 apud
3195 3242 3386 3297 Roma-

1804 3343 1901 3381 nos
1926 3342 1990 3381 ea
2021 3327 2382 3384 imbecillitate
2424 3328 2771 3384 laborabant:
2815 3347 2947 3400 quos
2993 3333 3126 3387 adeo
3171 3349 3272 3388 non
3303 3335 3384 3388 in-

1802 3419 1964 3471 cessit
2005 3417 2385 3484 vehementer,
2436 3429 2490 3474 ut
2514 3421 2653 3474 aliud
2714 3421 2961 3490 quiddam
3011 3423 3182 3493 majus
3225 3426 3384 3479 etiam

1804 3509 1962 3564 faciat
1987 3527 2000 3575 ;
2039 3511 2251 3564 omissis
2276 3511 2416 3565 enim
2460 3512 2522 3565 iis
2552 3512 2640 3581 qui
2669 3524 2992 3581 peccassent,
3024 3517 3111 3584 qui
3139 3531 3230 3570 eos
3263 3532 3388 3586 pro-

1810 3601 1997 3655 ltihcre
2017 3601 2217 3656 vellent
2243 3602 2488 3670 obiurgat
2514 3601 2599 3655 his
2620 3603 2826 3666 verbis,
2857 3603 2937 3656 Tu
2961 3615 3126 3657 autem
3149 3607 3271 3674 quid
3290 3609 3387 3676 ju-

1803 3691 1942 3746 dicas
1967 3695 2176 3762 fratrem
2203 3701 2341 3744 tuum
2372 3692 2556 3764 (Rom.
2592 3694 2676 3746 14.
2711 3692 2815 3764 10)
2838 3693 2860 3747 ?
2886 3696 2954 3748 At
2975 3711 3077 3748 non
3099 3696 3385 3751 Colossen-

1803 3786 1950 3840 sibus
1995 3786 2234 3840 scribens
2263 3786 2400 3839 idem
2451 3785 2574 3839 facit
2598 3825 2611 3848 ,
2659 3785 2754 3840 sed
2783 3802 2968 3856 magna
2996 3790 3311 3844 auctoritate
3335 3800 3390 3845 et

1803 3891 1896 3931 eos
1925 3877 2127 3946 carpit,
2175 3885 2227 3928 et
2259 3875 2658 3944 philosophatur
2683 3877 2864 3931 dicens
2895 3895 2907 3930 :
2954 3880 3117 3932 Nemo
3146 3897 3262 3950 ergo
3304 3896 3390 3934 vos

1792 3970 1990 4035 judicet
2031 3971 2084 4022 in
2129 3969 2238 4022 cibo
2266 3979 2414 4035 atque
2440 3977 2561 4037 potu
2604 3970 2620 4036 (
2644 3968 2754 4022 Col.
2795 3969 2847 4022 2.
2893 3969 3018 4040 16).
3064 3971 3128 4024 Et
3157 3987 3387 4028 rursum:

1804 4062 1866 4117 Si
1892 4080 2012 4133 ergo
2039 4064 2222 4116 mortui
2249 4064 2364 4115 estis
2405 4079 2520 4115 cum
2547 4061 2744 4118 Christo
2788 4063 2852 4116 ab
2881 4065 3132 4118 elementis
3177 4067 3377 4128 mundi,

1802 4153 1921 4222 quid
1948 4163 2200 4222 tamquam
2222 4154 2432 4207 viventes
2456 4153 2508 4206 in
2534 4153 2720 4206 mundo
2745 4154 3044 4209 decernitis?
3069 4153 3149 4208 Ne
3176 4157 3390 4225 tangito,

1804 4261 1901 4298 neu
1943 4255 2163 4313 gustato,
2211 4261 2306 4297 neu
2349 4254 2654 4298 attrectato:
2697 4261 2810 4314 quw
2839 4246 3008 4299 omnia
3050 4263 3143 4300 usu
3177 4258 3387 4316 pereunt

1805 4334 1982 4407 (Ibid.
2014 4351 2063 4390 υ.
2092 4335 2182 4389 20.
2215 4334 2304 4388 21.
2347 4335 2416 4388 ‘22
2443 4337 2479 4403 ).
2523 4334 2627 4388 Cur
2659 4335 2812 4402 igitur
2857 4335 2908 4388 id
2957 4334 3116 4388 facit?
3151 4336 3301 4402 Quod
3335 4337 3391 4391 hi

1804 4428 2102 4483 confirmati
2127 4437 2344 4482 essent:
2378 4427 2598 4482 Romani
2625 4427 2798 4481 adhuc
2829 4443 3013 4497 magna
3064 4429 3385 4498 indulgentia

1805 4531 1940 4586 opus
1970 4517 2247 4582 haberent,
2275 4526 2329 4572 et
2351 4527 2658 4586 expectaret
2686 4517 2795 4580 ille,
2824 4517 2948 4570 dum
2978 4517 3107 4573 tidcs
3131 4520 3179 4572 in
3202 4535 3386 4574 eorum

1808 4610 1954 4678 prius
1983 4607 2176 4662 animis
2205 4608 2677 4662 eonstabiliretur:
2709 4609 2911 4661 veritus
2938 4623 3004 4662 ne
3033 4619 3153 4662 ante
3181 4618 3388 4678 tempus

1805 4709 1860 4755 et
1882 4715 2034 4769 atquo
2054 4699 2208 4753 citius
2228 4699 2425 4752 zizania
2445 4698 2701 4754 revellere
2722 4713 3000 4768 aggressos
3023 4697 3042 4771 (
3061 4698 3243 4752 Matth.
3273 4701 3390 4768 1⁸5),

1805 4808 1923 4847 cum
1970 4793 2029 4846 iis
2059 4806 2201 4845 same
2232 4790 2488 4845 doctrina:
2517 4792 2712 4860 stirpes
2743 4806 2845 4844 una
2888 4791 3047 4844 etiam
3073 4791 3374 4846 revelleret.

1804 4883 1984 4954 Itaque
2007 4899 2104 4938 nec
2126 4884 2318 4937 acriter
2346 4882 2579 4944 incessit,
2604 4897 2703 4936 nec
2723 4881 3125 4950 irreprehensos
3147 4883 3385 4951 dimittit,

1803 4975 1896 5030 sed
1917 4976 2051 5039 clam
2079 4983 2249 5028 etnec
2269 4974 2542 5043 opinantes
2571 4973 2622 5027 in
2647 4973 2764 5027 aliis
2787 4973 3108 5044 castigandis
3133 4975 3388 5044 perstrin-

1803 5069 1897 5138 git.
1921 5066 2051 5121 Nam
2083 5067 2170 5136 qui
2199 5066 2358 5128 dicat,
2390 5065 2497 5119 Suo
2527 5064 2730 5118 domino
2757 5073 2878 5128 stat,
2903 5074 2991 5117 aut
3019 5065 3156 5118 cadit
3185 5063 3378 5135 (Rom.

1806 5161 1892 5214 14.
1937 5159 2032 5226 4),
2078 5157 2164 5211 ille
2201 5154 2492 5224 increpanti
2539 5155 2806 5208 silentium
2846 5155 3118 5223 imponere
3156 5154 3384 5221 videtur,

1803 5250 1898 5306 sed
1920 5264 2100 5304 revera
2121 5246 2374 5316 increpati
2403 5246 2541 5300 illius
2557 5246 2788 5299 animum
2807 5246 3048 5301 vellicat:
3079 5245 3388 5310 ostendens,

1804 5340 1869 5394 iis
1895 5339 2050 5394 rebus
2070 5338 2188 5392 duci
2215 5352 2318 5390 non
2345 5335 2607 5390 stabilitnn
2635 5350 2755 5390 esse
2780 5344 2833 5389 et
2851 5335 3069 5390 ﬁrmiter
3090 5335 3385 5389 consisten-

1807 5430 1956 5487 tium.
1985 5429 2077 5483 sed
2101 5429 2188 5496 qui
2217 5428 2388 5481 adhuc
2413 5427 2660 5492 titubcnt,
2689 5427 3005 5496 quibusque,
3033 5427 3082 5480 ni
3111 5435 3267 5490 stent,
3297 5442 3387 5495 po-

1805 5525 2029 5578 riculum
2063 5529 2131 5576 sit
2165 5537 2231 5575 ne
2264 5529 2474 5575 cadant.
2508 5519 2760 5573 Eamdem
2793 5519 2958 5589 legem
3001 5528 3054 5571 et
3083 5519 3168 5572 hic
3212 5528 3390 5572 servat

1805 5624 2020 5687 pr0ptcr
2048 5614 2306 5683 insignem
2357 5611 2776 5666 imbecillitatem
2821 5625 3006 5664 eorum
3054 5609 3247 5679 quibus
3285 5626 3385 5680 pu-

1805 5705 2038 5763 dendum
2087 5713 2277 5762 esset:
2318 5717 2488 5773 neque
2515 5702 2656 5758 enim
2703 5709 2885 5772 aperte
2930 5715 3050 5755 eum
3098 5700 3248 5768 petit,
3290 5699 3389 5756 sed
