3886 6222
498 285 597 342 591

498 391 763 450 laudando
793 405 858 445 eo
880 390 971 460 qui
1000 403 1149 444 suam
1175 388 1430 457 virginem
1451 397 1632 443 servet
1656 388 1867 459 egregie
1890 388 2085 443 verbe-

498 495 599 541 rat.
641 484 774 540 Nam
805 484 930 553 quid
974 481 1091 536 ait?
1129 481 1236 536 Sed
1261 481 1348 551 qui
1383 490 1481 535 stat
1509 482 1685 548 ﬁrmas
1726 481 1779 534 in
1803 480 1954 534 corde
1992 496 2084 534 suo

497 582 516 645 (
544 578 598 633 ι.
629 574 744 629 Cor.
796 575 850 630 'l.
891 573 962 629 37
986 574 1007 645 )
1031 591 1044 627 :
1071 572 1213 643 quod
1248 571 1314 626 ad
1339 572 1733 627 distinctionem
1755 571 1957 627 dictum
2003 580 2088 627 est

498 669 636 737 ejus,
662 668 755 738 qui
779 666 1037 722 leviter‘et
1058 665 1213 722 facile
1236 665 1486 735 jactetur,
1515 679 1688 734 neque
1708 663 1882 719 adhuc
1903 664 2088 718 firmus

503 759 798 828 gradiatur,
825 773 924 814 nec
944 758 1168 813 viriliter
1193 766 1318 813 stet.
1352 756 1555 813 Deinde
1582 758 1704 827 quia
1733 755 1936 812 sciebat
1963 771 2084 809 ora—

499 848 707 904 tionem
748 862 867 904 eam
914 848 1044 903 satis
1079 862 1220 913 esse,
1272 857 1330 902 ut
1365 847 1481 917 ejus
1517 849 1750 902 animam
1794 858 2082 918 pangeret,

498 940 619 996 vide
649 953 707 996 ut
733 955 850 997 eam
876 955 1089 996 rursum
1118 940 1386 1004 obunbat,
1416 953 1630 994 causam
1661 938 1799 994 haud
1826 954 1956 996 sane
1998 955 2088 995 re-

499 1031 857 1101 prehensione
893 1030 1106 1102 dignam
1133 1029 1425 1086 aﬂ‘erendo.
1458 1029 1537 1084 Eo
1566 1029 1708 1085 enim
1750 1029 1893 1084 dicto
1917 1069 1933 1096 ,
1980 1028 2086 1084 Sed

497 1124 583 1195 qui
611 1132 708 1178 stat
731 1123 910 1193 ﬁrmus
934 1123 987 1177 in
1012 1122 1164 1176 corde
1187 1138 1301 1186 suo,
1343 1121 1526 1188 addit,
1558 1119 1681 1175 Non
1709 1120 1894 1176 habens
1920 1137 2088 1176 neces-

495 1220 691 1270 sitatem
714 1257 729 1279 ,
761 1224 1055 1286 potestatem
1091 1222 1260 1268 autem
1302 1213 1511 1268 habens.
1561 1214 1719 1284 Atqui
1756 1227 2087 1282 consequens

497 1316 612 1361 erat
643 1314 700 1360 ut
722 1307 946 1371 diceret,
976 1306 1082 1361 Sed
1109 1306 1199 1376 qui
1228 1314 1481 1361 constans
1504 1314 1587 1360 est
1608 1346 1623 1371 ,
1658 1320 1828 1375 neque
1859 1306 1908 1359 id
1939 1305 2088 1361 indc-

499 1412 685 1451 corum
726 1412 848 1452 esse
889 1406 1060 1467 putat.
1106 1395 1304 1452 Verum
1351 1396 1402 1451 id
1448 1397 1692 1451 acerbius
1719 1407 1855 1452 erat.
1904 1397 2088 1470 Itaque

502 1487 645 1543 aliud
672 1488 945 1544 substituit
963 1528 979 1552 ,
1009 1503 1131 1542 eum
1158 1488 1443 1542 consolans
1467 1498 1628 1558 atque
1654 1488 1723 1544 ad
1750 1489 1886 1544 hanc
1911 1490 2088 1560 potius

501 1593 719 1633 causam
751 1578 937 1633 venire
962 1593 1173 1649 passus.
1199 1577 1475 1649 Siquidem
1503 1580 1679 1634 minus
1708 1579 1981 1650 indignum
2004 1589 2088 1636 est

497 1678 763 1733 eoactum,
808 1684 970 1738 quam
998 1668 1248 1724 dedecori
1291 1668 1578 1724 habentem
1624 1669 1675 1724 id
1721 1681 1924 1725 vetare.
1951 1669 2084 1726 Nam

497 1757 631 1813 illud
671 1758 922 1814 imbecilli
949 1769 1004 1815 et
1034 1759 1213 1814 miseri
1240 1760 1404 1814 animi
1432 1769 1548 1823 est;
1583 1760 1684 1815 hoc
1712 1760 1870 1816 etiam
1897 1760 2088 1831 depra-

497 1850 645 1918 vati,
676 1866 776 1907 nec
802 1867 983 1907 rerum
1030 1861 1278 1907 naturam
1320 1863 1465 1907 recte
1492 1853 1800 1909 discernere
1845 1855 2084 1909 seientis.

494 1942 602 2000 Sed
624 1944 860 1999 nondum
891 1944 1008 2000 haec
1034 1944 1245 2000 dicendi
1274 1954 1390 2000 erat
1410 1946 1558 2002 locus
1593 1964 1606 2001 :
1639 1946 1835 2001 etenim
1860 1961 1959 2001 nec
1989 1963 2080 2001 ne-

491 2038 741 2090 cessitate
769 2035 1108 2091 incumbente
1144 2034 1224 2090 fas
1249 2050 1371 2091 esse
1396 2051 1540 2102 eam,
1569 2053 1689 2106 quae
1714 2037 1864 2107 virgo
1889 2037 2084 2107 degere

496 2126 802 2191 instituerit,
840 2141 1051 2191 arcere,
1086 2127 1181 2182 sed
1208 2127 1465 2182 adversus
1490 2127 1689 2189 omnia,
1721 2144 1840 2198 qua:
1869 2129 2086 2198 praei-la-

498 2232 620 2271 rum
658 2218 759 2273 hoc
778 2218 1010 2272 studium
1038 2218 1367 2289 impediant,
1395 2217 1605 2273 fortiter
1632 2218 1906 2274 nitendum
1934 2235 2082 2284 esse,

494 2309 615 2366 audi
642 2310 766 2381 quid
802 2309 1049 2365 Christus
1088 2318 1343 2365 censeat:
1377 2309 1478 2377 Qui
1514 2319 1712 2380 patrem
1753 2320 1841 2363 aut
1878 2319 2086 2365 matrem

490 2412 627 2457 amat
666 2419 822 2474 supra
847 2418 927 2456 me
949 2443 965 2466 ,
1010 2418 1113 2456 non
1149 2411 1220 2457 est
1244 2418 1323 2455 me
1347 2401 1532 2473 dignus
1565 2401 1584 2473 (
1607 2401 1802 2456 Matth.
1833 2402 1920 2458 '10.
1949 2402 2018 2457 57
2045 2404 2083 2473 ).

489 2497 694 2565 Quippe
720 2495 807 2550 ubi
832 2494 959 2566 quid
986 2494 1097 2551 Deo
1122 2505 1398 2564 acceptum
1438 2494 1826 2565 persequimur,
1847 2496 2087 2565 quisquis

489 2586 771 2657 prohibet,
797 2602 890 2642 seu
918 2593 1097 2655 pater,
1139 2601 1234 2641 seu
1262 2593 1463 2650 mater,
1493 2600 1586 2641 seu
1617 2586 1936 2655 quicumque
1974 2587 2072 2651 sit,

490 2678 659 2736 hostis
687 2689 844 2748 atque
876 2677 1121 2732 inimicus
1147 2687 1229 2732 est
1254 2676 1687 2733 habendus.'Sed
1719 2675 1835 2731 haec
1858 2676 2082 2742 Paulus,

492 2773 581 2843 qui
612 2773 914 2826 auditorum
943 2771 1395 2840 imperiectionem
1424 2769 1598 2825 adhuc
1621 2770 1926 2838 sustineret,
1957 2771 2086 2825 scri-

492 2866 593 2929 bit,
624 2864 866 2934 inquiens
889 2881 903 2917 :
932 2862 1039 2919 Sed
1060 2863 1146 2935 qui
1164 2872 1260 2918 stat
1281 2865 1460 2932 ﬁrmus
1484 2879 1584 2918 non
1609 2862 1799 2918 habens
1817 2864 2088 2918 necessita-

488 2966 606 3010 tem.
650 2956 832 3026 Neque
872 2955 959 3010 hic
995 2957 1176 3020 stetit,
1207 2956 1339 3018 etsi,
1373 2973 1475 3010 non
1501 2955 1688 3010 habens
1719 2958 2082 3025 necessitatem,

488 3058 564 3112 et,
593 3056 888 3119 potestatem
914 3046 1120 3112 habens,
1147 3046 1288 3102 idem
1315 3047 1453 3103 sint:
1481 3047 1574 3103 sed
1602 3049 1885 3104 sententiae
1911 3049 2078 3117 proli-

483 3139 671 3206 xitate,
694 3154 757 3194 ac
779 3139 1187 3210 permissionum
1212 3139 1545 3205 assiduitate,
1570 3139 1791 3195 fractam
1814 3150 1867 3195 et
1887 3142 2082 3195 exilem

483 3238 716 3283 tuentem
743 3230 976 3290 solatur;
1009 3239 1194 3298 postea
1227 3238 1292 3285 et
1316 3229 1540 3284 alteram
1583 3230 1788 3285 addens
1819 3245 2033 3285 causam
2064 3273 2080 3298 ,

490 3319 593 3388 Qui
619 3321 673 3374 iu
712 3320 865 3373 corde
908 3335 1000 3373 suo
1027 3319 1219 3372 statuit.
1248 3319 1429 3389 Neque
1467 3320 1609 3375 enim
1639 3320 1830 3376 sufﬁcit
1857 3321 2080 3377 liberum

484 3425 604 3466 esse
627 3452 642 3475 ,
673 3426 844 3481 neque
872 3411 995 3466 hinc
1020 3412 1193 3466 solum
1239 3412 1297 3466 fit
1339 3412 1602 3468 obnoxius
1628 3453 1644 3479 ,
1673 3414 1769 3469 sed
1804 3415 1888 3470 ubi
1924 3416 2083 3486 eligat

485 3511 644 3571 atque
661 3502 878 3568 stat’uat,
908 3511 1015 3556 tum
1047 3516 1177 3557 vero
1200 3510 1346 3557 recte
1370 3501 1517 3559 facit.
1546 3504 1747 3561 Deinde
1771 3522 1839 3561 ne
1867 3516 2083 3579 propter

482 3590 753 3662 ingentem
776 3590 1154 3661 indulgentiam
1183 3592 1314 3646 nihil
1350 3593 1612 3650 interesse
1655 3595 1933 3662 crederes,
1966 3597 2069 3652 ite-

482 3697 602 3737 rum
629 3681 914 3737 discrimen
941 3682 1080 3748 edit,
1114 3683 1300 3739 timide
1329 3684 1420 3740 ille
1445 3686 1682 3756 quidem,
1710 3689 1803 3744 sed
1843 3689 1952 3744 edit
1998 3700 2079 3743 ta-

483 3786 606 3826 men
635 3772 716 3827 his
740 3771 949 3828 verbis:
979 3772 1162 3842 Itaque
1186 3782 1236 3829 et
1263 3776 1351 3846 qui
1379 3777 1700 3832 matrimonio
1718 3779 1930 3850 jungit,
1960 3779 2083 3836 bene

483 3865 630 3935 facit,
657 3876 705 3920 et
724 3866 808 3937 qui
830 3882 929 3920 non
929 3866 1106 3937 jungit
1123 3867 1299 3921 melius
1331 3867 1452 3937 facit
1479 3865 1570 3941 (i.
1597 3868 1713 3925 Cor.
1735 3871 1790 3926 7.
1819 3872 1887 3927 58
1909 3872 1948 3942 ).
1972 3872 2081 3929 ϐω.

483 3967 654 4012 terum
683 3966 883 4027 quanto
921 3957 1025 4013 hoc
1053 3959 1245 4014 melius
1268 3959 1357 4027 sit,
1393 3960 1480 4015 hic
1503 3976 1609 4015 non
1633 3963 1865 4032 explicat
1885 3963 2072 4019 eadem

474 4050 548 4103 de
574 4065 766 4106 causa:
793 4050 935 4121 quod
966 4050 1010 4105 si
1041 4051 1183 4107 scire
1221 4052 1326 4119 vis,
1358 4052 1484 4107 andi
1513 4053 1780 4110 dicentem
1806 4056 2076 4113 Christum

481 4139 595 4195 Nec
618 4141 828 4203 ducunt,
856 4158 946 4195 nec
973 4140 1247 4207 ducuntur,
1270 4143 1360 4197 sed
1385 4153 1503 4197 sunt
1528 4145 1657 4198 sicut
1680 4145 1849 4217 angeli
1872 4147 1923 4200 in
1954 4148 2079 4202 caelo

485 4230 505 4301 (
530 4229 717 4284 Matth.
745 4229 839 4284 22.
867 4231 937 4285 30
954 4228 996 4301 ).
1043 4231 1232 4287 Vidisti
1258 4232 1546 4287 discrimen
1572 4273 1589 4299 ,
1642 4249 1749 4303 quo
1795 4237 2076 4305 virginitas

481 4322 759 4377 mortalem
788 4333 1008 4394 repente
1028 4325 1246 4390 attollit,
1279 4325 1437 4379 modo
1463 4341 1587 4381 vera
1615 4328 1685 4380 sit
1710 4328 2023 4397 virginitas?

552 4413 788 4469 LXXIX.
822 4413 984 4470 Nulla
1008 4432 1062 4469 re
1088 4417 1377 4487 inferiorem
1404 4417 1561 4488 fuisse
1591 4417 1797 4489 Angelis
1826 4418 1993 4474 Eliam
2020 4430 2070 4476 et

480 4506 566 4576 qui
591 4506 699 4575 ejus
724 4505 933 4570 similes,
963 4504 1114 4576 idque
1140 4506 1441 4577 virginitatis
1480 4509 1737 4578 beneﬁcio.
1762 4541 1835 4551 -—
1858 4510 2070 4566 Etenim

479 4613 582 4667 qua
620 4612 679 4653 re
711 4596 779 4652 ab
811 4596 1013 4668 angelis
1047 4596 1362 4653 dill‘erebant
1398 4596 1578 4663 Elias,
1621 4599 1880 4668 Eliszeus,
1912 4601 2075 4657 Joan-

481 4702 599 4754 nes,
621 4688 857 4758 germani
884 4687 937 4741 hi
962 4688 1278 4758 virginitatis
1301 4689 1603 4744 amatores?
1629 4688 1781 4745 Nulla
1808 4692 1906 4746 nisi
1929 4691 2070 4762 quod

483 4781 689 4834 mortali
711 4788 896 4835 natura
920 4789 1074 4836 erant
1092 4780 1330 4837 obstricti
1356 4798 1371 4837 :
1394 4791 1586 4837 caetera
1613 4783 1656 4837 si
1683 4783 1803 4850 quis
1825 4792 2072 4840 accurate

483 4871 731 4943 iuquirat,
755 4873 921 4927 nihilo
941 4874 1005 4929 iis
1023 4872 1257 4929 deterius
1276 4873 1494 4931 aﬂ'ectos
1515 4875 1766 4939 inveniet,
1789 4885 1947 4946 atque
1968 4876 2072 4932 hoc

484 4964 685 5033 ipsum,
720 4979 825 5034 quo
862 4964 1140 5019 inferiores
1177 4964 1524 5031 videbantur,
1551 4966 1706 5021 valde
1745 4967 1812 5021 ad
1859 4965 2068 5023 laudem

481 5052 626 5110 facit.
666 5054 797 5110 Nam
823 5054 875 5110 in
912 5064 1049 5110 terra
1075 5055 1357 5125 degentes,
1383 5069 1448 5110 ac
1475 5057 1713 5111 mortalis
1741 5066 1942 5112 natura‘
1971 5073 2069 5114 ne-

478 5147 714 5203 cessitati
734 5146 1019 5217 subjectos,
1044 5147 1106 5201 ad
1138 5162 1257 5201 eam
1280 5147 1529 5203 virtutem
1555 5147 1784 5202 evadere
1809 5149 2065 5217 potuisse,

479 5239 601 5295 vide
641 5248 853 5311 quantm
894 5238 1251 5303 fortitudinis,
1286 5248 1498 5309 quanta:
1539 5239 1884 5309 philosophia:
1929 5252 2064 5297 erat.

480 5331 550 5386 At
577 5328 930 5401 virginitatem
969 5345 1062 5385 eos
1100 5328 1235 5385 tales
1272 5343 1645 5399 comparasse,
1692 5329 1814 5385 hinc
1857 5333 2066 5401 perspi-

479 5438 638 5478 cuum
666 5431 768 5479 est.
794 5421 850 5478 Si
881 5420 1023 5477 enim
1051 5422 1304 5491 conjuges
1330 5431 1488 5492 atque
1516 5423 1710 5478 liberos
1739 5423 2065 5490 habuissent,

482 5530 587 5570 non
618 5523 725 5569 tam
758 5513 910 5570 facile
939 5514 1149 5570 deserta
1176 5513 1530 5582 habitassent,
1561 5530 1661 5570 nec
1686 5514 1829 5572 mdes
1857 5526 1908 5571 et
1938 5518 2066 5573 reli-

482 5620 642 5676 quum
666 5606 786 5661 vita:
811 5615 1120 5675 apparatum
1150 5605 1530 5675 neglexissent.
1556 5603 1706 5661 Nunc
1730 5606 1795 5661 iis
1820 5607 2067 5664 omnibus

484 5698 705 5753 vinculis
745 5697 933 5768 soluti,
965 5698 1020 5754 in
1049 5707 1186 5753 terra
1218 5697 1357 5753 velut
1398 5698 1449 5752 in
1487 5700 1617 5754 caelo
1643 5698 1898 5770 degentes
1935 5715 2060 5771 age-

1241 275 1298 333 S.
1336 276 1614 333 JOANNIS
1647 274 2126 334 CHRYSOSTOMI
2152 275 2466 334 ARCHIEP.
2491 277 3031 336 CONSTANTINOP.

2176 667 2353 733 'bant,
2383 684 2446 724 ac
2471 686 2589 740 qua:
2624 687 2712 727 res
2747 673 2866 728 aliis
2901 676 3052 739 faunis
3088 691 3245 733 causa
3280 681 3549 750 videatur,
3583 686 3770 743 deserti

3665 293 3764 349 592

2195 390 2343 457 bant,
2369 407 2473 446 non
2503 393 2809 462 parietibus,
2832 412 2936 451 non
2965 406 3124 464 tecto,
3147 414 3251 454 non
3283 409 3418 470 toro,
3441 420 3548 460 non
3573 422 3766 477 mensa,
3855 424 3860 521 Ι

2197 498 2300 521 nnn
2341 485 2445 521 alin
2490 486 2539 521 ἰιΙ
2581 502 2745 521 annua
2785 488 2893 521 ulln
2935 490 3230 521 bula-Ana..-
3258 511 3273 521 .
3303 498 3422 521 ,ηε-
3469 502 3646 521 -.Αιηὼ
3681 517 3725 521 _,
3750 519 3761 521 -

2195 498 2301 538 non
2339 485 2445 539 alio
2489 486 2540 540 id
2579 502 2747 558 genus
2785 488 2894 543 ullo
2935 490 3273 562 indigentes:
3300 498 3424 567 quin
3462 502 3651 556 cadum
3681 517 3769 570 pro
3855 485 3860 553 ἔ

2199 583 2357 641 tecto,
2386 575 2602 631 humum
2633 594 2729 648 pro
2759 589 2894 646 toro,
2922 583 3259 640 solitudinem
3286 603 3385 657 pro
3406 605 3588 646 mensa
3616 593 3767 649 habe-

2195 761 2446 816 sterilitas
2463 802 2478 825 ,
2505 778 2564 818 ea
2594 767 2791 821 sanctis
2820 767 2923 824 illis
2947 769 3322 829 abundantiam
3349 777 3633 845 praestabat
3660 798 3673 833 :
3701 784 3771 834 si-

2194 851 2405 920 quidem
2435 868 2533 908 nee
2559 855 2777 923 vitibus,
2810 873 2908 913 nec
2929 860 3280 918 torcularibus
3300 864 3341 932 ί,
3375 881 3474 922 nec
3503 866 3738 941 frugibus
3756 911 3772 937 ,

2194 958 2294 999 nec
2320 960 2496 1002 messe
2523 962 2658 1017 opus
2687 949 2971 1016 habebant,
2996 954 3089 1008 sed
3118 956 3335 1012 uberem
3364 974 3428 1014 ac
3446 960 3655 1017 dulcem
3687 980 3777 1033 po-

2193 1045 2303 1090 tum
2340 1037 2547 1104 fontes,
2579 1048 2763 1111 stagna
2803 1052 2858 1098 et
2898 1042 3044 1100 ﬂuvii
3087 1049 3512 1118 suppeditabant.
3545 1053 3773 1111 Mensam

2193 1129 2285 1183 uni
2311 1130 2530 1200 angelus
2559 1133 2764 1201 paravit
2808 1135 3093 1191 inauditam
3119 1178 3135 1204 ,
3167 1139 3479 1198 insolentem
3499 1184 3515 1211 ,
3548 1144 3775 1201 humana

2201 1180 2285 1183 η-
2488 1180 2527 1184 ,τ
2561 1180 2764 1201 ,-.--..-
2808 1180 3093 1191 ...-η.........
3119 1180 3135 1204 ,
3167 1180 3478 1198 ...υη...,...υ...
3499 1184 3515 1211 ,
3549 1180 3775 1201 ,πηνα-..ι

2192 1221 2577 1276 consuetudine
2606 1223 2862 1294 majorem
2892 1243 2906 1278 :
2934 1225 3079 1282 Unus
3107 1230 3280 1296 enim,
3314 1231 3511 1302 inquit,
3540 1238 3690 1303 panis
3713 1239 3776 1291 ad

2192 1310 2529 1399 quadraginta
2545 1312 2749 1399 dierum
2784 1315 3008 1399 inediam
3038 1319 3217 1388 sumsit
3257 1320 3277 1393 (
3292 1323 3327 1376 5
3361 1296 3508 1396 [legs
3529 1296 3620 1382 l9.
3646 1327 3707 1382 6.
3733 1340 3775 1382 et
3852 1296 3860 1399 1

2196 1392 2518 1452 8.\:\lterum
2542 1394 2781 1464 Spiritus
2796 1398 2972 1468 gratia
2989 1414 3132 1469 saepe
3151 1401 3382 1459 mirifice
3399 1392 3569 1476 pavit,
3603 1427 3778 1483 neque

2189 1500 2315 1581 eum
2342 1487 2540 1551 solum,
2565 1489 2660 1544 sed
2683 1490 2822 1547 alios
2852 1492 3015 1548 etiam
3033 1492 3155 1563 ejus
3178 1510 3348 1552 causa
3376 1499 3540 1569 (Vide
3571 1504 3625 1557 4.
3646 1476 3770 1575 Reg.
3855 1476 3860 1581 Ῐ

2187 1580 2239 1635 4.
2259 1574 2645 1644 40).Ca3terum
2656 1583 2891 1643 Joannes
2908 1587 3032 1658 plus
3070 1604 3234 1658 quam
3273 1594 3529 1661 propheta
3550 1600 3572 1669 (
3590 1598 3770 1654 itaita.

2193 1670 2308 1745 li),
2335 1688 2442 1743 quo
2471 1674 2647 1730 nullus
2680 1674 2732 1730 in
2776 1678 3090 1734 feminarum
3132 1682 3268 1736 nalis
3307 1683 3478 1752 major
3517 1689 3776 1749 surrexit,
3851 1735 3860 1747 ,

2192 1778 2292 1819 nec
2325 1763 2543 1821 humani
2580 1768 2683 1824 cibi
2720 1770 2942 1840 indiguit
2974 1790 2987 1825 :
3016 1772 3106 1842 qui
3144 1788 3249 1828 non
3279 1773 3581 1843 frumento,
3624 1779 3775 1841 riuo,
3857 1808 3859 1859 ι

2192 1856 2341 1924 oleo,
2380 1858 2473 1912 sed
2512 1858 2733 1915 locustis
2768 1862 3124 1934 sylvestrique
3152 1867 3307 1922 melle
3340 1870 3584 1940 corporis
3624 1872 3780 1926 vitam

2198 1904 2341 1924 ----,
2380 1904 2473 1912 η-
2512 1904 2733 1915 ww"...
2768 1904 3124 1934 ..,..........,....
3152 1904 3307 1922 ...μην
3340 1904 3584 1940 “up...”
3629 1904 3780 1926 πω...

2191 1957 2533 2005 sustentaret.
2560 1952 2634 2006 En
2659 1962 2940 2010 terrestres
2958 1958 3195 2027 angelos,
3218 1973 3288 2015 en
3306 1961 3626 2031 virginitatis
3643 1965 3748 2018 vim
3768 1985 3780 2019 :
3856 1904 3860 2035 λ

2192 2039 2451 2096 efﬁciebat
2463 2052 2517 2095 nt
2532 2042 2776 2101 homines
2789 2062 2949 2103 carne
2966 2058 3122 2120 atque
3137 2053 3391 2123 sanguine
3405 2062 3781 2126 coagmentati,

2193 2130 2337 2186 lnnni
2367 2135 2687 2204 gradientes,
2716 2142 2953 2195 mortalis
2982 2156 3187 2200 natura:
3216 2149 3517 2204 necessitati
3542 2152 3782 2216 obnoxii.

2193 2232 2459 2293 tamquam
2501 2227 2833 2298 incorporei,
2877 2240 3144 2304 tamquam
3187 2237 3374 2292 caelum
3416 2238 3527 2310 jam
3568 2242 3781 2313 adepti,

2192 2321 2460 2386 tamquam
2492 2317 2942 2377 immortalitatem
2968 2328 3315 2396 consequuti,
3342 2339 3531 2385 cuncta
3567 2342 3782 2402 prmsta:
3856 2384 3860 2447 1

2192 2415 2306 2447 ron!

2190 2415 2329 2460 rent.

2261 2498 2477 2601 I..XXX.
2523 2502 2659 2567 Quid
2700 2507 2766 2560 sit
2809 2507 3041 2562 honestas
3081 2519 3127 2563 et
3165 2512 3435 2570 assiduitas
3477 2516 3690 2571 decora.
3717 2550 3779 2562 —
3857 2512 3860 2601 Ι

2191 2591 2396 2662 Quippe
2425 2605 2576 2649 erant
2613 2598 2675 2651 iis
2714 2608 2900 2654 cuncta
2933 2615 3256 2671 supervacua
3278 2646 3294 2671 ,
3329 2620 3432 2660 non
3464 2607 3585 2663 hare
3609 2610 3780 2665 solum
3857 2591 3859 2641 Ῑ

2190 2697 2309 2752 qum
2339 2699 2466 2740 vere
2492 2700 2817 2755 supervacua
2857 2700 3016 2756 sunt,
3044 2691 3280 2760 deliciae,
3311 2711 3469 2767 opes,
3510 2703 3780 2767 potentia,

2190 2775 2355 2843 gloria
2377 2818 2392 2839 ,
2442 2787 2499 2832 et
2526 2780 2724 2849 reliqua
2754 2783 3083 2837 somniorum
3115 2786 3137 2817 ³
3167 2785 3388 2842 istorum
3428 2790 3603 2845 series
3624 2833 3640 2856 ,
3691 2793 3781 2847 scd

2191 2868 2349 2922 etiam
2377 2885 2492 2938 quae
2517 2875 2815 2930 necessaria
2842 2875 3108 2945 videntur,
3135 2878 3300 2946 aedes,
3324 2881 3504 2949 urbes,
3534 2886 3779 2940 artiﬁcia.

2192 2957 2303 3013 lloc
2327 2968 2407 3014 est
2440 2961 2674 3018 honestas
2700 2975 2748 3018 et
2772 2966 2956 3021 decora
2993 2970 3264 3025 assiduitas
3283 3013 3297 3036 ,
3333 2973 3435 3028 hoc
3464 2975 3784 3045 virginitatis

2191 3051 2377 3107 virtus.
2408 3053 2540 3108 Nam
2571 3057 2761 3112 mirum
2791 3059 3002 3129 quidem
3032 3070 3086 3116 et
3115 3063 3295 3119 multis
3319 3067 3535 3122 coronis
3564 3069 3784 3138 dignum

2189 3150 2301 3205 est,
2332 3141 2608 3199 libidinum
2638 3147 2894 3203 inSaniam
2929 3150 3205 3221 frangere,
3237 3170 3300 3209 ac
3339 3155 3604 3213 furentem
3633 3172 3787 3217 natu-

2188 3247 2302 3286 ram
2330 3248 2580 3292 coercere
2608 3256 2621 3290 :
2652 3239 2749 3293 sed
2789 3250 2898 3295 tum
2939 3258 3066 3298 vere
3094 3245 3286 3300 mirum
3307 3288 3322 3312 ,
3351 3262 3471 3302 cum
3512 3249 3785 3320 ejusmodi

2188 3323 2346 3377 etiam
2372 3325 2474 3378 vita
2501 3328 2744 3394 accedit;
2772 3333 2995 3387 seorsim
3020 3344 3199 3390 autem
3226 3345 3282 3391 et
3305 3353 3400 3407 per
3422 3352 3481 3395 se
3505 3342 3654 3397 exile
3680 3354 3785 3403 est.

2192 3426 2359 3484 neque
2393 3431 2459 3471 eo
2501 3418 2754 3487 praeditos
2798 3437 3016 3478 servare
3053 3435 3248 3494 potest.
3293 3431 3463 3498 Atque
3500 3430 3593 3487 hic
3628 3435 3788 3489 nobis

2191 3517 2349 3562 testes
2378 3511 2484 3563 sint
2511 3521 2770 3583 quotquot
2808 3513 3069 3585 hodieque
3105 3519 3457 3589 virginitatem
3486 3538 3751 3581 exercent
3769 3570 3785 3590 ,

2184 3613 2304 3668 quae
2327 3607 2528 3654 tantum
2554 3603 2747 3660 absunt
2768 3604 2837 3660 ab
2859 3605 2971 3661 Elia
2994 3616 3047 3662 et
3066 3607 3262 3666 Elisreo
3284 3622 3339 3667 et
3359 3612 3591 3679 Joanne,
3614 3632 3788 3686 quan-

2185 3699 2296 3745 tum
2328 3702 2466 3747 terra
2497 3709 2525 3748 a
2561 3695 2714 3751 caelo.
2745 3697 2810 3753 Ut
2840 3700 2982 3754 enim
3003 3742 3019 3766 ,
3049 3702 3094 3757 si
3135 3703 3438 3759 honestatem
3462 3716 3510 3760 et
3540 3708 3787 3763 decorant

2183 3783 2534 3838 assiduitatem
2570 3787 2800 3857 eripias,
2840 3790 3157 3860 virginitatis
3200 3811 3391 3850 nervos
3433 3799 3739 3857 succideris
3771 3821 3783 3856 :

2184 3874 2254 3928 ita
2281 3876 2325 3928 si
2356 3891 2473 3931 eam
2498 3893 2619 3933 cum
2645 3880 2750 3935 vita
2777 3896 2936 3952 quam
2966 3884 3164 3954 optima
3194 3887 3504 3959 conjungas,
3538 3892 3784 3949 radicem

2182 3979 2246 4019 ac
2273 3963 2473 4022 fontem
2504 3967 2764 4025 bonorum
2794 3981 2963 4028 tenes.
2989 3973 3120 4029 Nam
3151 3979 3604 4046 quemadmodum
3632 3985 3784 4039 radi-

2182 4069 2298 4110 cem
2343 4066 2481 4112 tcrra
2527 4061 2734 4131 pinguis
2777 4078 2841 4118 ac
2878 4063 3101 4133 fertilis,
3139 4068 3217 4123 sic
3248 4070 3353 4125 vita
3383 4087 3544 4143 quam
3574 4078 3785 4147 optim:

2183 4145 2498 4215 virginitatis
2522 4149 2722 4207 fruetus
2752 4154 2954 4210 nutrire
2980 4158 3127 4212 novit
3156 4175 3169 4209 :
3199 4159 3307 4213 imo
3331 4168 3386 4215 et
3407 4161 3559 4217 radix
3589 4145 3651 4220 et
3677 4166 3790 4219 fru-

2180 4244 2298 4291 ctus
2316 4237 2633 4309 virginitatis
2658 4244 2764 4299 vita
2790 4245 3041 4301 crucifixa
3063 4256 3163 4303 est.
3187 4248 3314 4305 lia-c
3340 4267 3638 4321 generosos
3665 4258 3789 4312 illos

2181 4327 2245 4382 ad
2271 4330 2568 4388 mirabilem
2595 4349 2809 4391 cursum
2836 4338 3071 4402 inunxit.
3104 4340 3328 4397 vinculis
3351 4346 3605 4400 omnibus
3648 4353 3790 4405 reci-

2179 4421 2287 4489 sis,
2317 4421 2499 4479 liberis
2525 4440 2587 4480 ac
2625 4429 2927 4496 pernicibus
2960 4431 3184 4500 pedibus
3212 4440 3700 4506 tamquamalatos
3733 4445 3785 4496 in

2178 4513 2368 4568 cazlum
2390 4514 2693 4572 evolaturos
2717 4518 3006 4576 dimittens.
3034 4520 3135 4579 Ubi
3162 4524 3305 4579 enim
3333 4542 3430 4582 nec
3450 4530 3644 4584 uxoris
3672 4543 3791 4587 stu-

2178 4600 2323 4656 dium
2346 4643 2360 4668 ,
2389 4619 2490 4660 nec
2517 4604 2802 4661 liberorum
2829 4624 2955 4664 cura
2983 4610 3085 4674 sit,
3114 4612 3383 4682 perfacilis
3406 4623 3489 4671 est
3510 4629 3744 4689 egestas
3774 4640 3788 4674 :

2177 4702 2388 4763 egestas
2411 4703 2589 4751 autem
2617 4712 2717 4752 nos
2744 4699 2878 4753 carlo
2906 4701 3106 4755 vicinos
3136 4713 3383 4772 praestat,
3414 4721 3519 4761 non
3549 4714 3792 4766 terrori-

2176 4788 2277 4841 bus
2317 4786 2488 4842 solum
2529 4797 2585 4843 et
2625 4790 2768 4845 curis
2807 4806 2870 4847 ac
2909 4794 3187 4861 periculis,
3219 4796 3314 4851 sed
3354 4797 3576 4869 reliquis
3610 4804 3789 4858 etiam

2177 4879 2424 4935 omnibus
2453 4882 2710 4938 molestiis
2737 4884 2988 4941 liberans.

2246 4971 2482 5028 LXXXI.
2510 4974 2766 5041 Quantum
2794 4976 2976 5032 bonum
3001 4981 3065 5034 sit
3087 4992 3299 5052 egestas.
3322 5012 3393 5027 -
3412 4985 3545 5041 Nam
3576 4991 3677 5060 qui
3709 4994 3793 5047 ni—

2176 5061 2252 5117 hil
2283 5063 2460 5131 habct,
2491 5081 2589 5120 ceu
2615 5069 2793 5122 omnia
2825 5078 3012 5124 tenens
3033 5072 3209 5126 omnia
3237 5078 3553 5141 contemnit,
3578 5090 3636 5135 et
3667 5098 3789 5137 ma-

2174 5171 2274 5224 gna
2304 5155 2550 5212 libertate
2576 5158 2836 5215 adversus
2873 5163 3214 5232 magistratus
3236 5208 3250 5232 ,
3286 5168 3544 5237 primates
3563 5215 3581 5234 ,
3612 5184 3789 5245 atque

2176 5246 2345 5314 ipsum
2369 5246 2669 5303 diademate
2688 5259 2935 5306 ornatum
2966 5254 3147 5309 utitur.
3174 5256 3275 5324 Qui
3297 5273 3426 5328 opes
3445 5268 3783 5327 contemnit.

2173 5338 2371 5392 sensim
2412 5353 2728 5410 progressus
2768 5341 2923 5399 facile
2965 5354 3190 5402 mortem
3226 5349 3383 5403 etiam
3412 5362 3786 5413 contemnet:

2172 5438 2331 5500 atque
2358 5430 2440 5485 bis
2463 5433 2725 5488 excelsior
2747 5448 2935 5491 omnes
2960 5437 3222 5508 intrepide
3245 5441 3569 5514 alloquetur,
3600 5451 3762 5505 nerui

2174 5536 2294 5577 nem
2325 5537 2523 5592 pavens
2556 5538 2620 5580 ac
2657 5524 2969 5583 formidans.
2999 5529 3069 5584 At
3100 5531 3189 5601 qui
3220 5533 3408 5602 opibus
3437 5551 3753 5610 occupetur
3772 5585 3787 5611 ,

3856 876 3860 965 l

3857 1022 3859 1117 l

2235 5649 2260 5719 ξ
2288 5649 2360 5719 sic
2376 5648 2515 5712 juxta
2533 5650 2673 5719 Savil.
2697 5657 2748 5700 In
2769 5657 2840 5712 13.,
2863 5650 3043 5719 pratis,
3071 5668 3158 5715 pro
3175 5691 3188 5714 ,
3215 5657 3556 5719 torcularibus.
3608 5672 3676 5717 Il.

2237 5711 2260 5743 '
2292 5711 2399 5772 Pro,
2420 5711 2730 5773 somniorum,
2754 5711 2874 5777 ttng
2898 5711 3063 5778 habet,
3072 5711 3379 5770 'mortalitmt.
