3886 6222
52 278 136 333 591
1484 263 1578 318 DE
1619 259 2088 317 VIRGINITATE.

43 396 138 448 τῶν
191 384 672 460 ἐπαισχυνομένων
713 383 793 454 τῷ
829 383 1136 454 πράγματι.
1173 381 1246 434 Οὐ
1296 380 1404 452 γάρ
1453 376 1706 449 φανερῶς

43 483 167 553 πρὸς
191 480 353 532 αὐτὸν
401 473 770 531 ἀποτείνεται.
801 471 916 525 ἀλλ’
945 473 1003 522 ἐν
1029 472 1143 532 τοῖς
1187 467 1430 530 ἐπαίνοις
1477 465 1570 518 τοῦ
1606 465 1705 535 τὴν

1 569 16 592 ’
43 570 196 624 αὐτοῦ
222 563 608 638 διατηροῦντος
635 559 906 632 παρθένον
931 558 1145 611 δίδωσιν
1175 555 1324 624 αὐτῷ
1352 553 1584 624 σφοδρὰν
1611 554 1709 624 τήν

42 659 267 728 πληγήν.
301 654 367 707 Τί
397 652 504 724 γάρ
527 665 722 721 φησιν;
756 649 853 713 Ὃς
883 645 953 699 δὲ
981 644 1242 713 ἔστηκεν
1272 642 1507 711 ἑδραῖος
1536 642 1605 696 ἐν
1633 639 1712 710 τῇ

40 744 250 812 καρδίᾳ
289 740 498 796 αὐτοῦ.
538 735 711 790 Τοῦτο
750 735 807 788 δὲ
845 735 979 805 1:90;
1036 730 1441 800 ἀντιδιαστολήν
1494 729 1708 799 εἴρηται

39 834 128 886 τοῦ
159 830 397 892 εὐκόλως
433 827 526 882 καὶ
556 821 795 895 εὐχερῶς
834 821 1294 894 περιφερομένου,
1326 819 1421 872 καὶ
1453 816 1708 870 οὐδέποτε

40 919 231 989 βέϐαια
287 914 522 986 βαδίζειν
575 912 809 974 εἰδότος,
861 909 983 962 οὐδέ
1034 907 1257 960 ἑστάναι
1312 903 1452 975 μετὰ
1507 901 1709 971 πολλῆς

2 1019 6 1030 ’
38 1008 135 1076 τῆς
153 1003 422 1076 ἀνδρείας.
451 995 586 1055 Εἶτα
607 999 794 1070 ἐπειδὴ
827 997 1064 1051 συνεῖδεν
1089 994 1268 1048 ἱκανὸν
1294 993 1422 1046 ὄντα
1443 991 1534 1044 τὸν
1551 989 1711 1058 λόγον

38 1094 222 1145 δακεῖν
265 1091 364 1162 τὴν
403 1088 614 1142 ἐκείνου
659 1085 842 1156 ψυχὴν
864 1125 878 1146 ,
907 1085 1009 1155 δρα
1039 1082 1156 1146 πῶς
1199 1080 1362 1133 αὐτὸν
1389 1077 1712 1131 συνεσκίασε

2 1191 6 1222 '-
38 1182 222 1243 πάλιν,
252 1179 431 1232 αἰτίαν
470 1173 772 1244 ἐπαγαγὼν
815 1174 875 1226 οὐ
925 1170 1132 1240 σφόδρα
1159 1167 1491 1238 κατηγορίας
1533 1165 1709 1231 ἀξίαν.

40 1267 225 1322 Εἰπὼν
253 1267 383 1336 γὰρ,
415 1267 512 1330 Ὃς
533 1262 600 1316 δὲ
635 1261 894 1328 ἕστηκεν
923 1256 1156 1327 ἑδραῖος
1187 1257 1257 1309 ἐν
1281 1253 1353 1322 τῇ
1383 1252 1594 1321 καρδίᾳ
1614 1253 1715 1305 αὐ-

40 1357 165 1419 τοῦ,
235 1353 533 1426 προσέθηκε
560 1390 574 1415 ,
613 1350 710 1418 Μὴ
742 1348 902 1418 ἔχων
947 1345 1255 1415 ἀνάγκην,
1305 1341 1598 1406 ἐξουσίαν
1646 1337 1716 1391 δὲ

2 1459 4 1464 ·
39 1448 217 1515 ἔχων.
237 1442 428 1498 Καίτοι
446 1439 738 1495 ἀκόλουθον
752 1434 820 1509 ἦν
837 1437 1032 1489 είπεῖνο
1046 1436 1142 1497 Ὃς
1160 1431 1216 1484 δὲ
1231 1431 1462 1515 ἔστηκεν
1479 1428 1712 1515 ἑδραῖος,

2 1513 136 1586 ικαὶ
188 1532 263 1602 μὴ
315 1529 524 1600 νομίζει
572 1527 632 1581 τὺ
661 1527 892 1598 πρᾶγμα
936 1518 1322 1592 ἀσχημοσύνην
1377 1513 1548 1569 εἶναι·
1581 1514 1717 1568 ἀλλά

37 1620 200 1674 τοῦτο
227 1615 668 1690 πληκτικώτερον
691 1609 758 1685 ῆν
781 1630 795 1643 ο
829 1612 910 1666 διὸ
953 1610 1140 1680 ἕτερον
1182 1609 1303 1661 ἀντί
1331 1604 1523 1658 τούτου
1551 1619 1718 1676 προσ-

2 1733 12 1782 ς¹
39 1709 209 1779 έθηκε
240 1688 731 1777 παραμυθούμενος
777 1699 976 1760 αὐτὸν,
1020 1697 1114 1749 καὶ
1160 1693 1334 1755 διδοὺς
1381 1690 1580 1762 μᾶλλον
1626 1688 1718 1742 ἐπὶ

2 1780 12 1856 έ
38 1795 248 1863 ταύτην
269 1792 443 1846 ἐλθεῖν
471 1791 572 1861 τὴν
597 1788 797 1842 αἰτίαν.
823 1787 898 1840 Οὐ
925 1784 1034 1855 γάρ
1050 1782 1191 1836 οὑτω
1217 1781 1389 1834 δεινὸν
1409 1780 1468 1832 :0
1484 1781 1716 1848 πρᾶγμα

2 1923 6 1950 τ
41 1885 106 1938 δι’
140 1883 390 1951 ἀνάγκην
417 1877 668 1939 κωλύειν,
705 1876 780 1939 ὡς
822 1874 888 1928 δι’
937 1871 1224 1943 αἰσχύνην.
1261 1867 1431 1923 Τοῦτο
1471 1868 1568 1938 μὲν
1610 1867 1716 1937 γὰρ

3 1972 220 2042 Ξψυχῆς
267 1972 416 2023 ἐστιν
460 1966 722 2036 ἀνάνδρου
768 1965 861 2017 καὶ
910 1959 1282 2030 ταλαιπώρου,
1326 1959 1504 2010 ἐκεῖνο
1533 1955 1590 2008 δὲ
1624 1954 1718 2008 καὶ

2 2107 4 2110 .
35 2056 502 2131 διεστραμμένης,
526 2055 621 2108 καὶ
654 2053 773 2106 οὐδέ
794 2051 894 2121 τὴν
921 2049 1028 2103 τῶν
1055 2045 1396 2118 πραγμάτων
1415 2043 1575 2113 φύσιν
1604 2043 1721 2095 ἐπι-

2 2131 6 2216 ξ
41 2129 325 2218 σταμένης
372 2142 578 2216 κρίνειν
607 2139 802 2211 ὀρθῶς.
832 2135 990 2189 Ἀλλά
1017 2135 1219 2188 τούτων
1239 2130 1392 2185 οὐπω
1415 2129 1522 2182 τῶν
1546 2129 1719 2196 λόγων

2 2219 8 2310 ξ
39 2232 106 2304 ἦν
196 2235 390 2306 καιρός
411 2249 424 2263 ·
461 2231 584 2284 ἐπεὶ
615 2227 764 2300 [551]
792 2227 875 2280 ὅτι
908 2242 973 2294 γε
1002 2224 1124 2277 οὐδέ
1167 2219 1523 2290 ἐπικειμένης
1561 2217 1721 2288 θέμις

2 2305 139 2400 ξτὴν
171 2317 565 2393 προηρημένην
597 2313 953 2386 παρθενεύειν
1001 2308 1348 2370 κωλύεσθαι,
1399 2305 1536 2359 ἀλλά
1586 2305 1722 2376 1:90;

2 2391 8 2418 ⁵
37 2391 228 2463 πάντα
250 2391 502 2460 ἵστασθαι
527 2405 632 2475 χρὴ
657 2401 920 2472 γενναίως
949 2398 1018 2452 τά
1041 2397 1402 2451 διακόπτοντα
1425 2393 1524 2464 τὴν
1552 2391 1721 2462 καλὴν

35 2496 253 2566 ταύτην
281 2492 477 2565 ὁρμὴν,
505 2492 734 2545 ἄκουσον
768 2487 820 2540 τί
866 2503 1027 2557 φησιν
1059 2486 1088 2537 0
1126 2482 1415 2566 Χριστός-ς
1443 2481 1498 2532 '0
1529 2475 1724 2566 φαιῶν

36 2597 118 2632 :zu
129 2561 274 2647 τέρα
345 2561 572 2646 μητέρα
597 2573 750 2641 ὑπὲρ
770 2570 896 2640 ἐμὲ,
922 2571 1033 2622 οὐκ
1054 2566 1185 2621 ἔστι
1207 2582 1326 2634 μου
1343 2562 1531 2628 ἄξιος.
1554 2561 1724 2614 Ὅταν

2 2667 4 2694 ⁵
36 2668 150 2738 γάρ
178 2684 238 2719 τι
265 2664 538 2736 μετίωμεν
565 2657 766 2729 τῶντῷ
783 2655 901 2728 Θεῷ
926 2653 1248 2715 δοκούντων,
1278 2651 1423 2713 ἅπας
1450 2651 1477 2703 0
1497 2648 1724 2702 κωλύων

37 2736 242 2825 ἐχθρὸς
269 2753 408 2805 ἔστω
456 2750 547 2803 ml
583 2746 878 2817 πολέμιος,
924 2742 1028 2796 κᾶν
1062 2739 1243 2811 πατὴρ
1275 2736 1334 2812 ᾖ,
1370 2737 1472 2791 κᾶν
1508 2736 1723 2807 μήτηρ,

36 2823 155 2897 κᾶν.
202 2837 478 2894 ὁστισοῦν.
545 2835 684 2889 Ἀλλ’
719 2836 747 2887 0
798 2829 1007 2892 Παῦλος
1062 2828 1141 2881 ἐτι
1190 2825 1567 2888 διαϐαστάζων
1617 2823 1725 2876 τῶν

2 2929 8 2974 ἐ
35 2928 356 2984 ἀκουόντων
373 2927 432 2980 :0
453 2923 659 2986 ἀτελὲς,
677 2920 849 2975 ταῦτα
861 2921 1090 2989 έγραφε,
1115 2915 1316 2984 λέγων’
1344 2915 1442 2978 Ὃς
1463 2912 1532 2965 δὲ
1552 2912 1728 2980 ἐστη-

37 3034 148 3069 κεν
171 3014 413 3083 ἑδραῖος
434 3011 520 3083 μὴ
549 3011 706 3080 ἔχων
733 3007 1004 3077 ἀνάγκην
1025 3023 1037 3037 ·
1075 3003 1170 3057 καὶ
1204 3002 1325 3055 οὐδέ
1355 3001 1515 3072 μέχρι
1536 2998 1726 3052 τούτου

2 3129 8 3161 :
39 3104 131 3157 τὸν
160 3102 330 3171 λόγον
365 3101 562 3172 ἔστησε
583 3115 596 3126 ·
637 3097 815 3151 καίτοι
869 3111 933 3164 γε
982 3093 1075 3155 :0,
1108 3091 1203 3160 Μὴ
1233 3090 1392 3159 ἔχων
1431 3087 1726 3158 ἀνάγκην,

2 3245 6 3250 ,
38 3193 159 3253 καὶ,
225 3188 545 3254 Ἐξουσίαν
587 3185 776 3254 ἔχων,
823 3182 1016 3236 ταυτόν
1064 3181 1244 3232 ἐστιν·
1282 3175 1418 3229 ἀλλά
1451 3174 1527 3246 τῷ
1564 3175 1729 3246 μήκει

2 3317 6 3340 τ
38 3278 132 3330 τοῦ
165 3275 335 3344 λόγου
360 3275 456 3328 ml
477 3275 544 3344 τῇ
572 3270 825 3342 συνεχείᾳ
854 3268 960 3322 τῶν
983 3267 1382 3350 συγχωρήσεων
1415 3264 1514 3334 τὴν
1536 3260 1728 3334 εὐτελῆ

5 3366 137 3432 ςκαὶ
175 3362 386 3435 μικρὰν
436 3359 847 3431 παραμυθεῖται
889 3355 1148 3420 διάνοιαν,
1198 3352 1336 3425 μετ-ἀ
1383 3351 1586 3404 τούτων
1635 3351 1731 3405 καὶ

2 3505 6 3516 ,
39 3452 250 3522 ἑτέραν
272 3449 454 3502 αίτίαν
480 3447 737 3519 προσθεὶς
771 3444 852 3509 :0,
883 3445 978 3508 Ὃς
1009 3441 1284 3510 κέκρικεν
1311 3440 1381 3493 ἐν
1401 3437 1478 3508 τῇ
1516 3438 1730 3508 καρδίᾳ

2 3589 8 3606 ε
38 3536 260 3592 αὐτοῦ.
285 3537 360 3590 Οὐ
395 3536 504 3606 γάρ
531 3536 691 3606 ἀρκεῖ
726 3533 786 3586 τὸ
815 3531 1098 3602 ἐλεύθερον
1126 3524 1265 3582 εἶναι
1286 3567 1301 3591 ,
1333 3527 1452 3580 οὐδὲ
1475 3526 1583 3580 01:0
1607 3525 1728 3579 :00-

2 3680 9 3700 ,
37 3644 136 3679 του
171 3624 342 3696 μόνον
381 3622 680 3685 ὑπεύθυνός
698 3633 723 3661 ⁸
745 3623 912 3686 ἐστιν,
931 3618 1047 3673 ἀλλ’
1060 3618 1188 3672 ὅταν
1210 3616 1399 3687 ἕληται
1425 3614 1519 3668 ml
1543 3612 1726 3686 κρίνῃ,

2 3703 10 3788 ξ
37 3715 167 3767 τότε
195 3710 382 3774 καλῶς
419 3711 584 3764 ποιεῖ.
618 3704 750 3762 Εἶτα
782 3709 872 3761 ἵνα
915 3706 990 3778 μὴ
1021 3704 1250 3777 νομίσῃς
1277 3702 1366 3756 διὰ
1394 3703 1494 3774 τὴν
1528 3701 1728 3771 πολλὴν

2 3791 10 3884 ly
41 3799 468 3871 συγκατάϐασιν
487 3796 650 3869 μηδὲν
681 3793 894 3850 εἷναιτὺ
917 3792 1100 3865 μέσον,
1117 3792 1298 3862 τίθησι
1328 3790 1490 3844 πάλιν
1508 3789 1604 3861 τὴν
1617 3789 1730 3842 δια-

2 3879 8 3950 ῗ
41 3891 234 3962 φορὰν
265 3888 383 3960 μεθ’
403 3886 705 3956 ὑποστολῆς
726 3885 844 3956 μὲν,
860 3882 1041 3952 τίθησι
1067 3881 1112 3935 δ’
1135 3881 1306 3951 ὅμως,
1323 3879 1496 3948 λέγων
1517 3897 1526 3914 ε
1547 3879 1730 3931 Ὥστε

2 3965 147 4064 [καὶ
187 3980 226 4031 ό
253 3972 582 4046 ἐκγαμίζίον
627 3971 830 4037 καλῶς
881 3968 1055 4035 ποιεῖ,
1104 3971 1138 4022 ὀ
1182 3966 1250 4020 δὲ
1279 3965 1366 4036 μὴ
1404 3963 1732 4036 ὲκγαμίζων

3 4053 10 4084 :
38 4064 348 4135 κρεῖσσον
369 4061 546 4115 ποιεῖ.
596 4059 734 4112 Ἀλλ’
757 4056 989 4111 ἐνταῦθα
1021 4054 1120 4126 μὲν
1147 4055 1270 4108 ὅσον
1294 4053 1355 4106 :0
1369 4055 1615 4124 κρεῖττον
1629 4053 1731 4105 οὐκ

2 4145 10 4176 ί
36 4152 225 4219 ἔδειξε
254 4149 344 4203 διά
367 4149 466 4222 τήν
500 4149 672 4218 αὐτὴν
699 4145 860 4200 πάλιν
888 4144 1097 4198 αἰτίαν⁹
1139 4144 1204 4196 σύ
1228 4141 1285 4195 δὲ
1328 4142 1375 4194 εἰ
1421 4139 1596 4202 θέλεις
1626 4157 1730 4210 μα-

2 4267 6 4270 -
37 4243 191 4304 θεῖν,
228 4240 460 4294 ἄκουσον
488 4235 584 4290 τοῦ
637 4232 871 4304 Χριστοῦ
921 4232 1172 4300 λέγοντος
1191 4246 1205 4260 '
1237 4230 1384 4282 Οὔτε
1411 4226 1728 4298 γαμοῦσιν,

37 4329 197 4383 οὔτε
228 4323 603 4395 γαμίζονται,
636 4321 774 4376 ἀλλ’
807 4318 968 4374 εἰσίν
991 4318 1072 4386 ὡς
1093 4317 1336 4386 ἄγγελοι
1375 4315 1445 4368 ὲν
1475 4313 1728 4383 οὐρανῷ.

2 4421 9 4436 ‘
39 4415 211 4479 Εἶδες
243 4414 305 4468 :0
334 4413 518 4483 μέσον,
549 4409 650 4464 ποῦ
672 4409 762 4462 τὸν
785 4407 975 4480 θνητὸν
1001 4409 1033 4476 ή
1057 4403 1324 4481 παρθενία
1350 4402 1545 4474 ἀθρόον
1565 4402 1731 4473 αἴρει,

2 4517 10 4549 -‘
36 4509 185 4561 ὅταν
211 4502 381 4564 ὅντως
477 4498 779 4571 παρθενίας

3 4629 8 4632 -
120 4590 255 4646 υΘ¹.
272 4591 338 4644 Τί
355 4591 462 4664 γάρ
483 4588 591 4641 τῶν
613 4586 864 4656 ἀγγέλων
889 4585 1136 4656 ἀπεῖχον,
1152 4582 1274 4636 εἰπέ
1298 4600 1410 4654 μοι,
1427 4585 1456 4635 0
1486 4579 1732 4645 Ἠλίας,ὁ

2 4691 8 4726 ι
49 4681 398 4741 Ἐλισσαῖος,
426 4680 455 4730 0
499 4677 771 4744 Ἰωάννης,
805 4668 948 4728 οῦτοι
972 4673 1022 4725 οί
1049 4673 1259 4741 γνήσιοι
1299 4672 1398 4739 τῆς
1438 4666 1734 4739 παρθενίας

2 4785 6 4814 ι
36 4764 326 4839 ὲρασταίς
358 4762 524 4815 Οὐδὲν
556 4761 726 4831 ἀλλ’ἢ
761 4761 883 4813 ὅσον
916 4757 1084 4830 θνητῇ
1118 4756 1502 4828 προσεδέδεντο
1536 4753 1732 4823 φύσει·

2 4875 10 4910 ι
34 4857 118 4909 τὰ
151 4853 216 4906 δὲ
251 4851 387 4906 ἀλλα
411 4851 464 4903 εἴ
489 4867 572 4912 τις
601 4847 846 4920 ἀκριϐῶς
869 4846 1197 4911 ἐξετάσειεν,
1215 4844 1366 4898 οὐδὲν
1389 4845 1568 4914 χεῖρον
1589 4840 1737 4896 ἐκεί-

33 4960 164 4997 νων
203 4939 426 5011 εὑρήσει
457 4936 864 5006 διακειμένους·
899 4933 1171 4988 καὶτοῦτο
1192 4932 1250 4986 δὲ
1283 4932 1415 4985 αὐτὸ
1445 4931 1506 4984 τὸ
1544 4929 1736 4983 δοκοῦν

36 5033 352 5099 ἐλάττωμα
379 5024 536 5090 εἶναι,
569 5027 712 5098 μέγα
738 5026 817 5089 εἰς
841 5021 1116 5094 ἐγκωμίου
1152 5021 1308 5090 λόγον
1354 5019 1492 5075 ἐστί.
1527 5018 1601 5071 Τὸ
1627 5017 1734 5090 γάρ

2 5161 6 5174 .
36 5120 162 5190 γῆν
191 5113 498 5179 οίκοῦντας,
535 5115 630 5166 καὶ
655 5115 722 5184 τῇ
752 5112 849 5182 τῆς
870 5110 1072 5182 θνητῆς
1100 5108 1314 5183 φύσεῳς
1343 5106 1736 5176 ὑποκειμένους

2 5251 7 5286 ε.
36 5208 302 5277 ἀνάγκῃ,
331 5202 625 5273 δυνηθῆναι
652 5201 855 5271 φθάσαι
877 5200 1014 5271 πρὸς
1033 5197 1248 5268 ἐκείνην
1269 5197 1368 5266 τήν
1391 5196 1612 5267 ἀρετὴν,
1635 5195 1736 5265 ὅρα

2 5281 4 5356 ί
38 5296 240 5362 πόσης
273 5289 548 5362 ἀνδρείας,
574 5290 748 5361 πόσης
781 5287 1096 5357 φιλοσοφίας
1123 5281 1213 5356 ἦν.
1242 5285 1364 5338 Ὀτι
1387 5283 1445 5336 δέ
1473 5282 1670 5346 αὐτοὺς
1701 5285 1735 5354 ή

2 5439 4 5456 ι
39 5379 336 5452 παρθενία
363 5377 640 5441 τοιούτους
666 5376 912 5447 ἐποίησε,
947 5374 1105 5446 δῆλον
1144 5371 1386 5426 ἐκεῖθεν·
1416 5373 1466 5424 εί
1501 5369 1608 5443 γάρ
1641 5387 1738 5440 γυ-

2 5459 4 5538 ί
39 5475 228 5528 ναῖκα
280 5463 427 5537 εἶχον
479 5467 575 5520 ml
605 5465 822 5529 παῖδας,
856 5465 958 5518 οὐκ
985 5463 1053 5516 ἂν
1102 5461 1340 5524 εὐκόλως
1371 5459 1472 5531 τὴν
1501 5459 1736 5530 ἐρημίαν

36 5558 416 5632 ᾦκησαν,οὐκ
428 5557 493 5610 ἂν
515 5556 694 5618 οἰκίας
709 5552 1145 5623 κατεφρόνησαν,
1156 5550 1256 5602 οὐκ
1271 5548 1337 5602 ἀν
1349 5549 1448 5620 τῆς
1463 5547 1629 5619 ἀλλης
1643 5547 1737 5602 τοῦ

40 5655 178 5724 βίου
218 5644 597 5714 κατασκευῆς·
634 5643 731 5697 νῦν
781 5641 838 5694 δέ
881 5640 1099 5693 πάντων
1133 5636 1336 5691 τούτων
1376 5636 1738 5700 ἀπολυθέντες

3375 254 3482 312 592

1812 377 1911 447 τῆς
1939 376 2043 444 γῆς
2062 387 2084 404 ⁸
2106 376 2166 428 οὐ
2190 375 2382 445 τοίχων
2408 374 2637 437 ἐδέοντο,
2668 372 2770 425 οὐκ
2814 370 3015 442 ὀροφῆς
3038 411 3052 435 ,
3082 370 3143 424 οὐ
3183 370 3386 441 κλίνης,
3421 373 3484 424 οὐ

1813 463 2112 535 τραπέζης,
2149 465 2249 517 οὐκ
2271 463 2428 517 άλλου
2451 463 2558 516 τῶν
2592 461 2850 516 τοιούτων
2886 460 3051 523 τινὸς,
3099 459 3214 512 ἀλλ’
3238 459 3360 511 ἀντὶ
3388 459 3488 530 μὲν

1820 553 2018 622 στέγης
2041 545 2186 620 εἶχον
2213 552 2305 604 τὸν
2325 550 2573 622 οὐρανὸν,
2601 549 2720 602 ἀντὶ
2749 549 2806 601 δὲ
2833 547 3021 619 κλίνης
3067 547 3165 618 τὴν
3195 546 3299 616 γῆν
3321 588 3334 610 ,
3366 547 3490 600 ἀντὶ

1812 639 1869 693 δὲ
1921 638 2204 710 τραπέζης
2257 638 2356 708 τὴν
2381 637 2650 709 ἐρημίαν·
2681 637 2776 690 καί⁵
2821 639 3056 707 πρᾶγμα
3093 636 3122 689 0
3166 639 3280 698 τοῖς
3307 633 3490 697 ἄλλοις

1813 726 1986 780 αἴτιον
2015 722 2153 778 εἶναι
2180 725 2341 796 λιμοῦ
2368 725 2534 789 δοκεῖ,
2565 724 2667 794 τῆς
2708 725 2944 796 ἐρημίας
2969 727 3001 794 ή
3031 724 3303 795 ἀκαρπία,
3333 721 3492 776 τοῦτο

1813 816 1940 878 τοὺς
1973 815 2160 882 ἁγίους
2182 812 2424 877 ἐκείνους
2451 815 2509 867 ἐν
2531 813 2762 883 ἀφθονίᾳ
2788 811 3040 883 καθίστη.
3071 812 3144 864 Οὐ
3177 810 3286 882 γάρ
3312 810 3492 882 ἀμπέ-

1815 901 1924 956 λων
1969 903 2152 965 αύτοῖς
2197 901 2434 972 ἐδέησεν,
2468 899 2588 953 οὐδὲ
2626 900 2803 970 ληνῶν
2853 899 2880 939 ι)
2906 938 2921 963 ,
2956 899 3076 951 οὐδὲ
3128 898 3318 969 ληῖων,
3370 898 3491 951 οὐδὲ

1819 988 2028 1060 ἀμητοῦ
2050 1005 2064 1020 ο
2106 987 2240 1041 0110
2271 987 2330 1040 :0
2365 987 2464 1058 μὲν
2513 987 2676 1041 ποτὸν
2721 987 2904 1049 αὐτοῖς
2953 987 3183 1056 ἄφθονον
3231 988 3492 1056 παρεῖχον

1819 1079 1914 1131 ml
1947 1077 2044 1148 ήδύ
2079 1075 2254 1146 πηγαὶ
2289 1075 2382 1128 καὶ
2409 1076 2646 1146 ποταμοὶ
2668 1075 2764 1128 καὶ
2783 1074 2991 1143 λίμναι,
3021 1072 3298 1143 τράπεζαν
3327 1074 3384 1127 δὲ
3414 1073 3493 1143 τῷ

1824 1166 1920 1236 μὲν
1951 1163 2180 1232 ἄγγελος
2215 1161 2586 1227 κατεσκεύαζε
2613 1162 2937 1233 θαυμαστήν
2976 1179 3096 1215 τινα
3120 1162 3214 1215 ml
3252 1162 3491 1232 παράδο-

1823 1253 1932 1317 ξον,
1967 1252 2062 1306 καὶ
2087 1252 2306 1323 μείζονα
2333 1250 2365 1320 ἢ
2397 1253 2517 1303 κατ’
2550 1250 2899 1321 ἀνθρωπίνην
2930 1248 3222 1319 συνήθειαν
3247 1266 3260 1279 ·
3295 1251 3356 1300 '0
3384 1247 3493 1316 γὰρ

1819 1335 1908 1406 εἷς
1928 1339 2126 1408 ἄρτος,
2155 1340 2308 1409 φησὶ,
2341 1339 2493 1407 πρὸς
2518 1337 2974 1406 τεσσαράκοντα
3000 1335 3234 1405 ἡμερῶν
3255 1336 3496 1390 ἀσιτίαν

1820 1428 2044 1498 ἤρκεσε
2066 1445 2079 1458 ·
2107 1428 2197 1482 τὸν
2231 1428 2338 1497 δέή
2372 1426 2464 1480 τοῦ
2494 1425 2811 1497 Πνεύματος
2836 1426 2996 1496 χάρις
3029 1424 3287 1486 πολλάκις
3305 1423 3494 1495 Eme-{5

1823 1515 2337 1588 θαυματουργοῦσα,
2361 1515 2455 1568 καὶ⁵
2470 1515 2570 1568 οὐκ
2592 1514 2753 1567 αὐτὸν
2778 1513 2958 1584 μόνον,
2977 1511 3111 1565 0110
3140 1513 3232 1565 ml
3259 1511 3324 1564 δι’
3349 1509 3495 1564 ἐκεί-

1823 1626 1914 1661 νου
1937 1606 2179 1678 ἐτέρους.
2229 1606 2288 1658 Ὀ
2319 1605 2375 1657 δὲ
2407 1604 2689 1674 προφήτου
2726 1600 2887 1654 πλέον
2921 1600 3191 1670 Ἰωάννης,
3216 1593 3274 1653 οῦ
3297 1597 3496 1668 μείζων

1823 1697 1881 1748 ἐν
1919 1694 2196 1764 γεννητοῖς
2226 1689 2376 1764 [552]
2420 1688 2694 1759 γυναικῶν
2745 1689 2844 1740 οὐκ
2889 1687 3211 1758 ἐγήγερται,
3245 1685 3365 1738 οὐδέ
3411 1685 3498 1737 ἀνα

1825 1781 2102 1854 θρωπίνης
2133 1779 2324 1850 ἐδεήθη
2376 1777 2582 1850 τροφῆς
2603 1793 2615 1804 ·
2649 1777 2709 1829 οὐ
2748 1774 2854 1846 γὰρ
2890 1777 3035 1837 σῖτος
3065 1773 3160 1826 καὶ
3209 1765 3348 1834 οἶνος
3402 1773 3498 1826 καὶ

1824 1871 2022 1932 ἔλαιον,
2058 1867 2174 1922 ἀλλ’
2209 1865 2427 1936 ἀκρίδες
2468 1865 2562 1918 καὶ
2593 1863 2716 1935 μέλι
2767 1861 2958 1932 ἄγριον
2992 1859 3090 1930 τὴν
3123 1858 3217 1912 τοῦ
3243 1857 3493 1929 σώματος

1825 1955 1990 2011 αὐτοῦ
2029 1954 2348 2026 διεκράτουν
2393 1951 2560 2023 ζωήν.
2615 1945 2768 2013 Εἶδες
2798 1949 3064 2018 ἀγγέλους
3097 1948 3188 2000 ἐπὶ
3227 1947 3324 2016 τῆς
3355 1946 3494 2016 γῆςς

1826 2040 1965 2107 εἶδες
1997 2041 2296 2114 παρθενίας
2346 2038 2536 2108 ίσχύν;
2565 2039 2704 2100 Τούς
2737 2036 2930 2105 αἵματι
2971 2036 3064 2088 καὶ
3097 2033 3260 2105 σαρκὶ
3290 2049 3500 2103 συμπε-

1827 2131 2160 2202 πλεγμένους
2186 2170 2200 2194 ,
2235 2129 2360 2191 τούς
2389 2127 2564 2197 χαμαὶ
2589 2124 2939 2196 ἐρχομένουςζ
2983 2123 3111 2186 τοὺς
3141 2122 3355 2191 ἀνάγκη
3390 2119 3496 2189 φύ-

1828 2236 1966 2282 σεως
2004 2215 2400 2286 ὑποκειμένους
2429 2213 2649 2284 θνητῆς,
2677 2211 2753 2276 ὡς
2792 2211 3144 2282 ἀσωμάτους,
3171 2209 3246 2272 ὼς
3289 2207 3376 2260 τὸν
3412 2207 3501 2260 οὐ-

1829 2307 1988 2380 ρανὸν
2023 2306 2120 2378 ήδη
2149 2304 2428 2374 λαχόντας.
2462 2301 2537 2364 ὡς
2556 2300 2857 2354 ἀθανασίαν
2897 2293 3502 2369 μετειληφότας,οὐτω;

1827 2396 2045 2450 ἅπαντα
2069 2395 2243 2446 ποιεῖν
2275 2387 2675 2462 παρεσκεύασε.

1900 2484 1979 2538 Il'.
2006 2483 2193 2538 Πάντα
2217 2481 2326 2552 γὰρ
2355 2478 2583 2541 ἐκείνοις
2597 2474 2666 2549 ἧν
2697 2477 2945 2547 περιττὰ,
2969 2475 3030 2530 οὐ
3053 2473 3223 2529 ταῦτα
3251 2473 3409 2546 μόνον
3439 2470 3506 2524 τά

1827 2573 1997 2636 ὅντως
2027 2570 2159 2623 ὅντα
2179 2566 2429 2638 περιττὰ,
2463 2565 2666 2637 τρυφὴ,
2691 2565 2785 2618 καὶ
2807 2563 3056 2628 πλοῦτος,
3078 2564 3173 2616 καὶ
3195 2561 3501 2625 δυναστεία,

1829 2661 1924 2715 καὶ
1956 2660 2103 2724 δόξα,
2139 2657 2234 2710 καὶ
2269 2658 2298 2709 0
2333 2655 2517 2718 λοιπὸς
2540 2654 2648 2706 τῶν
2680 2652 2905 2724 ὀνείρων
2932 2651 3134 2704 τούτων
3168 2651 3193 2690 b
3227 2649 3466 2721 ὁρμαθός
3486 2667 3501 2682 ο

1829 2749 1965 2802 0110
2003 2747 2097 2800 καὶ
2123 2743 2191 2798 τά
2227 2741 2487 2798 δοκοῦντα
2514 2735 2652 2793 εἶναι
2693 2740 2987 2807 ἀναγκαῖα,
3037 2736 3233 2800 οίκίαι,
3271 2736 3365 2790 καὶ⁹
3409 2735 3508 2789 πό-

1830 2837 1961 2899 λεις,
1994 2835 2089 2887 ml
2112 2832 2325 2901 τέχναι·
2353 2829 2512 2882 τοῦτό
2536 2830 2682 2881 ἐστιν
2699 2827 3120 2894 τὸ,Εὔσχημον
3138 2823 3237 2880 καὶ
3254 2825 3508 2892 εὐπρόσ-

1830 2923 2008 2992 εδρον
2066 2915 2228 2983 εἶναι,
2275 2917 2433 2970 τοῦτο
2467 2915 2761 2986 παρθενίας
2793 2914 2983 2985 ἀρετή.
3030 2910 3352 2981 Θαυμαστὸν
3407 2910 3506 2980 μὲν

1831 3012 1940 3083 γὰρ
1970 3010 2065 3063 ml
2094 3004 2303 3061 πολλῶν
2336 3005 2614 3072 στεφάνων
2657 3001 2806 3066 ἀξιον
2852 3002 2944 3053 ml
2977 2999 3036 3052 :0
3056 3000 3154 3069 τῆς
3182 2997 3289 3051 τῶν
3316 2998 3506 3050 ἐπιθυ-

1837 3097 1977 3170 μιῶν
2005 3092 2384 3167 περιγενέσθαι
2411 3090 2630 3159 λύττης,
2664 3090 2758 3142 καὶ
2785 3087 3114 3158 μαινομένην
3140 3084 3392 3155 κατέχειν
3407 3085 3506 3154 τὴν

1834 3185 2014 3256 φύσιν,
2039 3181 2173 3237 ἀλλὰ.
2195 3180 2316 3234 τότε
2347 3179 2516 3240 ὅντως
2548 3177 2758 3245 γίνεται
2786 3174 3094 3245 θαυμαστὸν
3117 3213 3132 3236 ,
3168 3173 3293 3225 ὅταν
3326 3173 3354 3224 0
3394 3189 3505 3224 τοι-

1833 3272 1986 3336 οῦτος
2018 3270 2131 3342 βίος
2155 3269 2332 3339 προσῇ
2356 3285 2368 3298 ·
2397 3264 2529 3319 αὐτὸ
2572 3263 2628 3316 δὲ
2653 3263 2772 3316 καθ’
2800 3262 2960 3315 ἐαυτὸ
3000 3259 3244 3322 ἀσθενὲς,
3288 3260 3382 3314 καὶ
3409 3260 3508 3330 οὐχ

1838 3360 2022 3415 ἰκανὸν
2046 3357 2218 3411 σῶσαι
2243 3356 2371 3418 τοὺς
2404 3352 2643 3423 ἔχοντας.
2683 3349 2794 3402 Kal
2819 3349 3226 3420 μαρτυρήσειαν
3261 3347 3328 3401 ἂν
3375 3349 3507 3418 ἡμῖν

1833 3451 1956 3502 ὅσαι
1987 3444 2285 3518 παρθενίαν
2321 3441 2420 3513 μὲν
2441 3439 2666 3493 ἀσκοῦσι
2705 3437 2798 3491 ml
2837 3436 2962 3490 νῦν’
3003 3435 3260 3488 τοσοῦτον
3289 3434 3346 3488 δὲ
3375 3437 3510 3489 ἀπο-

1834 3536 2044 3589 δέουσιν
2071 3531 2255 3586 Ἢλίου
2280 3528 2374 3584 ml
2419 3525 2722 3581 Ἐλισσαίου
2767 3524 2861 3578 ml
2919 3522 3188 3586 Ἰωάννου,
3223 3523 3346 3576 ὅσον
3373 3523 3406 3592 ή
3438 3525 3510 3594 γῆ

1835 3624 1926 3678 τοῦ
1954 3619 2208 3692 οὐρανοῦ.
2242 3618 2453 3686 Ὥσπερ
2488 3613 2598 3683 γὰρ
2623 3612 2684 3664 1:0
2712 3612 3044 3679 Εὕσχημον
3087 3609 3190 3662 καὶ
3247 3611 3510 3678 εὐπρόσ-

1833 3713 2012 3781 εδρον
2045 3709 2111 3764 ἀν
2136 3705 2417 3778 περιέλῃς,
2445 3699 2668 3756 αὐτὰτὰ
2685 3697 2851 3770 νεῦρα
2875 3699 2973 3769 τῆς
3003 3696 3300 3769 παρθενίας
3332 3697 3512 3763 ἐξέκο-

1833 3799 1962 3870 ψας,
1994 3796 2165 3858 οὕτως
2187 3795 2314 3846 ὅταν
2341 3787 2508 3858 αὐτὴν
2568 3786 2706 3857 μετά
2739 3785 3014 3848 πολιτείας
3063 3784 3196 3856 ἔχῃς
3232 3785 3463 3856 ἀρίστης
3490 3825 3506 3849 ,

1835 3889 1931 3956 τὴν
1957 3882 2114 3954 ῥίζαν
2145 3879 2242 3933 ml
2268 3878 2366 3947 τὴν
2384 3874 2642 3928 ὑπόθεσιν
2666 3871 2810 3942 ἔχεις
2842 3871 2950 3924 τῶν
3004 3871 3205 3926 καλῶν.
3242 3870 3512 3942 Καθάπερ

1834 3954 1945 4042 γὰρ
1979 3968 2136 4042 ῥίζαν
2157 3965 2184 4005 d
2222 3967 2292 4036 γῆ
2324 3961 2530 4032 λιπαρά
2558 3961 2651 4014 ml
2675 3959 2918 4028 γόνιμος,
2949 3956 3122 4020 οὕτως
3145 3954 3285 4010 οἶδεν
3313 3957 3510 4029 ἀρίστη

1837 4057 2080 4112 πολιτεία
2107 4053 2329 4125 τρέφειν
2352 4049 2481 4112 τοὺς
2507 4048 2606 4118 τῆς
2645 4045 2945 4118 παρθενίας
2987 4043 3232 4114 καρπούς
3257 4061 3272 4075 ·
3313 4043 3512 4114 μᾶλλον

1836 4149 2007 4203 δὲκαὶ
2041 4143 2166 4217 ῥίζα
2196 4143 2290 4195 καὶ
2319 4137 2528 4212 καρπὸς
2559 4133 2856 4207 παρθενίας
2895 4134 2924 4185 0
2955 4127 3364 4217 ἐσταυρωμένος
3398 4128 3511 4198 βίος

1839 4237 2009 4290 ἐστίν.
2042 4214 2192 4302 Ἁύτη
2213 4231 2338 4291 τοὺς
2357 4226 2637 4295 γενναίους
2659 4220 2897 4282 ἐκείνους
2929 4216 3065 4289 πρὸς
3089 4215 3180 4269 τὸν
3203 4214 3512 4286 θαυμαστὸν

1837 4324 2024 4396 ἦλειψε
2050 4319 2269 4392 δρόμον,
2304 4315 2482 4368 πάντα
2513 4312 2611 4384 μὲν
2639 4308 2820 4364 αὐτῶν
2851 4307 2920 4360 τά
2938 4304 3113 4375 δεσμά
3146 4303 3510 4375 περικόψασα,

1837 4392 1967 4466 ποσὶ
1988 4412 2046 4464 δέ
2073 4407 2315 4470 εὐλύτοις
2344 4405 2438 4458 καὶ
2467 4401 2691 4470 κούφοις
2739 4396 2991 4466 καθάπερ
3031 4394 3270 4463 πτηνοὺς
3309 4392 3511 4461 ἀφεῖσα

1840 4498 2102 4555 πέτεσθαι
2162 4495 2298 4568 πρὸς
2342 4493 2434 4545 τὸν
2465 4489 2712 4562 οὐρανόν.
2749 4486 2924 4539 Ὅπου
2955 4483 3063 4555 γὰρ
3100 4479 3222 4534 οὐτε
3254 4479 3511 4548 γυναικὸς

1839 4588 2122 4662 θεραπεία,
2158 4585 2281 4640 οὐτε
2305 4583 2510 4638 παίδων
2538 4579 2845 4652 ἐπιμέλεια,
2878 4575 3046 4662 πολλὴ
3075 4575 3173 4644 τῆς
3197 4573 3514 4643 ἀκτημοσύ-

1838 4659 1935 4750 νης
1961 4679 1996 4748 ἡ
2023 4673 2240 4729 εὐκολία
2264 4689 2278 4704 ο
2303 4673 2442 4740 ἀκτη
2453 4669 2659 4740 μοσύνη
2690 4666 2746 4720 δέ
2765 4666 2932 4734 ἐγγὺς
2955 4659 3093 4716 εἶναι
3117 4663 3262 4713 ποιεῖ
3283 4659 3391 4712 τῶν
3421 4661 3512 4712 οὐ-

1841 4747 2042 4838 ρανῶν,
2069 4763 2130 4814 οὐ
2159 4759 2340 4830 φόϐων
2374 4758 2558 4830 μόνον,
2589 4755 2713 4808 οὐδὲ
2749 4751 3064 4824 φροντίδων,
3085 4748 3205 4802 οὐδὲ
3226 4747 3510 4812 κινδύνων,

1840 4836 1976 4906 ἀλλά
2013 4851 2107 4904 καὶ
2129 4850 2228 4919 τῆς
2254 4847 2420 4916 ἄλλης
2440 4843 2728 4904 δυσκολίας
2755 4841 2903 4912 ἡμᾶς
2932 4836 3367 4894 ἀπαλλάττουσα.

1910 4941 2039 4993 IlA'.
2056 4939 2113 4991 '0
2135 4938 2230 5007 μὲν
2245 4934 2354 5006 γάρ
2371 4933 2534 5005 μηδὲν
2550 4932 2687 5001 ἔχων
2701 4930 2774 4991 ὡς
2790 4928 2858 4981 τά
2874 4927 3050 4980 πάντα
3068 4925 3328 4994 κατέχων,
3341 4922 3512 4986 οὕτως

1841 5029 2099 5084 ἁπάντων
2139 5023 2489 5093 καταφρονεῖ,
2512 5019 2607 5072 ml
2629 5015 2911 5088 παρρησίᾳ
2937 5013 3201 5084 κέχρηται
3231 5010 3398 5083 πολλῇ
3417 5012 3514 5064 ml

1843 5117 1978 5189 1:90;
2003 5116 2270 5187 ἄρχοντας
2295 5111 2390 5165 ml
2419 5107 2555 5179 πρὸς
2575 5104 2841 5166 δυνάστας
2873 5102 2966 5154 καὶ
2993 5100 3128 5173 πρὸς
3149 5099 3310 5154 αὐτὸν
3332 5101 3424 5153 τὸν
3451 5098 3514 5151 :0

1839 5185 2079 5275 διάδημα
2122 5198 2525 5271 περικείμενον.
2571 5194 2629 5247 'O
2668 5191 2966 5264 χρημάτων
3017 5186 3372 5258 καταφρονῶν
3409 5185 3515 5257 ὁδῷ

1842 5274 2150 5363 προϐαίνων
2170 5289 2261 5342 ml
2284 5284 2516 5339 θανάτου
2545 5280 2946 5353 καταφρονήσει
2975 5277 3199 5349 ῥᾳδίως·
3225 5274 3428 5327 τούτων
3456 5274 3514 5328 δὲ

1841 5361 2130 5450 γενόμενος
2169 5375 2427 5445 ἀνωτέρω
2465 5373 2598 5426 πᾶσι
2659 5369 2796 5441 μετά
2825 5365 3135 5438 παρρησίας
3186 5361 3509 5427 διαλέξεται,

1840 5469 2031 5522 οὐδένα
2053 5464 2308 5528 δεδοικὼς
2336 5461 2458 5516 οὐδέ
2485 5460 2725 5532 τρέμων.
2763 5457 2821 5512 '0
2847 5457 2903 5510 δὲ
2923 5455 3052 5525 περὶ
3074 5453 3177 5524 χρή
3188 5467 3330 5521 ματι
3353 5450 3516 5519 ἠσχοο

1841 5559 1906 5630 λη
1916 5558 2074 5629 μένος
2101 5555 2163 5608 οὐ
2194 5553 2493 5628 χρημάεεων
2512 5549 2630 5603 ἐστὶ
2663 5549 2821 5619 μόνον
2848 5543 3050 5606 δοῦλος,
3079 5541 3214 5630 ἀλλά
3233 5537 3328 5592 ml.
3357 5536 3516 5608 δόξης

1965 5643 2130 5716 τιμῆς
2157 5644 2254 5696 καὶ
2280 5643 2379 5711 τῆς
2405 5637 2684 5710 παρούσης
2727 5634 2873 5704 ζωῆς
2895 5673 2909 5696 ,
2942 5631 3036 5684 ml
3078 5628 3293 5682 πάντων
3327 5627 3516 5692 ἁπλῶς

38 5711 167 5795 ἑῶν
211 5731 426 5803 δεσμῶν
451 5771 466 5797 ,
498 5711 575 5796 ὧς
609 5732 666 5786 ἐν
696 5731 945 5801 οὐρανοῖς
974 5727 1124 5792 ὄντες
1155 5725 1299 5780 οὑτω
1331 5724 1599 5797 διέτριϐον
1647 5727 1738 5778 ἐπὶ
1775 5711 1809 5757 ³
1906 5731 1934 5803 ξ’
1959 5711 2113 5803 ξονὶί.
2140 5730 2252 5803 οὐδέ
2281 5729 2452 5801 ληνῶν.
2481 5723 2647 5800 hjontf.
2673 5724 2784 5772 οὐδὲ
2802 5720 3062 5783 λειμώνων.
3089 5717 3226 5767 Εοιτ.

113 5889 134 5912 ι
162 5874 293 5934 Reg.
315 5872 454 5934 μόνον
475 5871 726 5935 ἐλεύθερος.

1909 5797 1931 5826 ο
1963 5795 2086 5851 Reg.
2111 5793 2206 5838 τῶν
2233 5792 2410 5846 θνητῶν
2432 5789 2629 5851 τούτων.

1913 5855 1940 5895 ιι
1961 5839 2188 5914 ἑὶοἾὶος.
2216 5856 2268 5901 et
2291 5839 2441 5900 Sam.
2466 5849 2531 5898 Αι
2558 5849 2770 5897 Planlin.
2795 5849 2850 5892 et
2873 5839 3047 5891 Morel.
3075 5839 3191 5902 ξίζα.
