3884 6214
397 222 509 279 593

392 338 569 392 είπεῖν
590 336 697 392 τῶν
720 337 1008 409 βιωτικῶν.
1032 340 1133 393 Διά
1163 341 1318 394 τοῦτο
1357 343 1514 412 ῥίζαν
1550 341 1714 415 αὑτὴν
1745 343 1851 397 τῶν
1878 343 2065 398 κακῶν

395 424 614 478 πάντων
642 426 669 478 6
694 424 905 489 Παῦλος
951 427 1239 481 ἐκάλεσενα
1280 428 1441 481 Ἀλλά
1480 430 1684 501 ταύτην
1719 430 1878 501 ἱκανὴ
1910 429 2074 500 ξηρᾶ-

394 528 484 565 ναι
516 512 613 582 τὴν
637 511 794 580 ῥίζαν
818 515 849 583 ἡ
875 514 1159 583 παρθενία,
1191 514 1284 567 καὶ
1306 515 1499 584 ἑτέραν
1527 518 1657 586 ἡμῖν
1684 515 1919 569 ἐνθεῖναι
1973 516 2072 587 τὴν

393 598 646 669 ἀρίστην,
670 599 765 670 τὴν
787 598 1002 652 ἅπαντα
1031 600 1441 669 βλαστάνουσαν
1459 601 1524 654 τά
1546 601 1705 663 καλὰ,
1736 601 2068 672 ἐλευθερίαν,

395 688 728 758 παρρησίαν,
763 689 1011 760 ἀνδρείαν
1032 729 1046 751 ,
1080 688 1239 759 ζῆλον
1283 692 1698 761 πεπυρωμένον,
1744 690 1928 762 ἔρωτα
1960 690 2070 743 τῶν

394 775 660 844 οὐρανίων
684 775 885 846 θερμὸν
904 816 917 839 ,
956 776 1256 846 ὑπεροψίαν
1282 779 1497 830 πάντων
1533 778 1639 831 τῶν
1671 779 1763 831 ἐπὶ
1803 779 1900 847 τῆς
1929 779 2033 849 γῆς
2057 794 2069 807 ·

394 862 534 915 οὑτω
565 864 626 915 τὸ
654 863 986 932 Εὔσχημον
1023 864 1120 917 καὶ
1152 865 1567 933 εὐπρόσεδρον
1592 867 1825 935 γίνεται.

465 983 589 1039 ΠΒ.
609 985 768 1039 Ἀλλά
792 987 877 1049 τίς
900 989 929 1040 6
949 988 1108 1056 σοφὸς
1137 989 1244 1041 τῶν
1264 989 1472 1041 πολλῶν
1498 988 1680 1056 λόγος;
1723 990 1779 1042 Ὀ
1803 990 2068 1060 πατριάρ-

395 1089 517 1142 χης,
536 1074 978 1145 φησὶν,’Δ6ραάμ
992 1078 1084 1129 καὶ
1102 1080 1334 1145 γυναῖκα
1348 1073 1482 1147 εἶχε,
1502 1078 1593 1131 καὶ
1611 1078 1819 1141 παῖδας,
1837 1079 1929 1131 καὶ
1944 1082 2071 1149 χρή-

397 1178 561 1231 ματα,
587 1164 680 1215 καὶ
706 1163 952 1233 ποίμνια,
971 1165 1065 1218 καλ⁵
1095 1164 1363 1233 βουκόλια·
1391 1168 1485 1219 καὶ
1515 1166 1655 1236 μετά
1681 1170 1857 1219 πάντα
1883 1167 2068 1220 ἐκεῖνα

406 1248 678 1319 Ἰωάννης,
698 1251 724 1301 ὅ
743 1267 802 1303 τε
825 1251 1156 1321 Βαπτιστὴς,
1181 1253 1210 1305 ὃ
1232 1268 1290 1304 τε
1315 1251 1740 1321 Εὑαγγελιστὴς,
1759 1250 1908 1323 [555]
1927 1269 2070 1323 παρ-

393 1334 537 1390 θένοι
557 1337 856 1408 ἀμφότεροι
877 1338 1253 1408 τυγχάνοντες,
1279 1340 1371 1393 καὶ
1390 1339 1599 1402 Παῦλος
1629 1340 1723 1393 καὶ
1754 1340 1956 1410 Πέτρος
1975 1341 2069 1394 ἐπὶ

390 1426 492 1495 τῆς
521 1426 846 1496 ἐγκρατείας
875 1426 1296 1497 διαλάμψαντες,
1333 1428 1412 1490 είς
1437 1427 1563 1490 τοὺς
1595 1428 1803 1480 ἐκείνου
1833 1427 2067 1492 κόλπους

390 1511 642 1584 εὔχονται
681 1513 878 1567 ἐλθεῖν.
912 1515 1009 1578 Τίς
1042 1515 1302 1568 σοιτοῦτο
1327 1510 1499 1580 εἶπεν,
1529 1509 1574 1568 ὦ
1623 1514 1888 1585 βέλτιστε,
1916 1519 2067 1580 ποῖος

391 1601 699 1672 προφήτης,
730 1602 813 1665 τίς
833 1602 1260 1672 εὑαγγελιστής;
1307 1602 1499 1666 Αὐτὸς,
1541 1604 1727 1673 φησὶν,
1748 1606 1776 1656 6
1804 1605 2060 1674 Χριστός.

390 1688 495 1742 Τὸν
523 1687 632 1760 γὰρ
656 1691 1057 1760 ἑκατοντάρχην
1096 1688 1216 1743 ίδὼν
1254 1688 1454 1761 πολλὴν
1478 1689 1673 1760 ἔχοντα
1713 1689 1914 1757 πίστιν,
1948 1691 2063 1745 ἐλε-

387 1793 485 1846 γεν
502 1793 516 1807 ο
544 1778 667 1831 Ὅτι
689 1779 905 1831 πολλοὶ
932 1778 1049 1832 ἀπὸ
1079 1776 1392 1833 ἀνατολῶν
1414 1779 1512 1831 καὶ
1537 1779 1787 1849 δυσμῶν
1815 1780 2057 1848 ἥξουσι,

386 1864 487 1919 καὶ
528 1864 1039 1932 ἀνακλιθήσονται
1079 1865 1231 1935 μετὰ
1288 1865 1535 1936 Ἀϐραὰμ
1574 1868 1672 1920 καὶ
1714 1867 1922 1923 Ἰσαὰκ
1965 1870 2059 1924 καὶ

384 1952 605 2006 Ἰακώϐ.
641 1952 750 2005 Καὶ
788 1955 817 2005 6
838 1953 1085 2023 Λάζαρος
1109 1953 1165 2006 δὲ
1217 1955 1335 2024 μετ’
1373 1953 1539 2007 αὑτοῦ
1571 1955 1691 2008 τότε
1716 1956 1908 2026 ὁρᾶται
1956 1956 2061 2010 ὑπὸ

383 2039 480 2093 τοῦ
516 2040 768 2094 πλουσίου
790 2039 1032 2112 τρυφῶν.
1058 2040 1169 2093 Καὶ
1192 2040 1245 2092 τί
1274 2041 1433 2094 τοῦτο
1470 2042 1605 2113 πρὸς
1656 2042 1890 2107 Παῦλον,
1923 2042 1975 2096 τί
2003 2042 2060 2097 δὲ

386 2129 523 2201 πρὸς
547 2129 775 2200 Πέτρον,
807 2130 860 2183 τί
898 2130 955 2183 δὲ
987 2131 1123 2201 πρὸς
1170 2132 1457 2203 ’ῐωάννην;
1486 2134 1560 2186 Οὑ
1597 2133 1704 2202 γάρ
1738 2134 1766 2184 6
1811 2134 2059 2206 Λάζαρος

383 2218 597 2281 Παῦλος
627 2219 720 2271 καὶ
759 2219 1011 2289 Ἰωάννης
1025 2214 1114 2290 ἦν,
1134 2219 1255 2272 οὑδέ
1282 2222 1330 2272 οἱ
1350 2221 1534 2273 πολλοὶ
1565 2224 1612 2274 οἱ
1642 2223 1749 2274 ἀπὸ
1782 2222 2058 2277 ἀνατολῶν

382 2306 476 2360 καὶ
504 2304 723 2376 δυσμῶν
760 2308 789 2359 6
819 2305 926 2360 τῶν
957 2306 1267 2362 ἀποστόλων
1294 2303 1433 2378 ἦσαν
1455 2309 1636 2380 χορός.
1675 2309 1841 2362 Ὥστε
1867 2327 2058 2383 περιτ-

379 2392 473 2456 τὸς
509 2393 635 2464 ὑμῖν
675 2385 831 2456 οὗτος
871 2392 900 2444 6
942 2392 1100 2462 λόγος
1133 2394 1226 2446 καὶ
1260 2396 1505 2465 μάταιος,
1532 2397 1595 2448 El
1637 2396 1694 2449 δὲ
1719 2395 1890 2461 θέλεις
1920 2399 2057 2464 ὅλως

379 2480 608 2534 ἀκοῦσαι
630 2480 697 2533 τά
722 2480 827 2534 τῶν
853 2482 1162 2535 ἀποστόλων
1196 2482 1427 2545 ἔπαθλα,
1446 2483 1679 2537 ἄκουσον
1705 2484 1799 2537 τοῦ
1835 2488 2056 2556 μέλλον-

378 2582 471 2630 τος
502 2567 642 2620 αὑτά
675 2567 905 2630 διδόναι,
938 2567 1191 2636 λέγοντος
1214 2585 1228 2599 ·
1274 2571 1612 2626 Καθίσεσθε
1643 2571 1743 2625 ἐπὶ
1768 2572 1997 2629 δώδεκα
2027 2589 2053 2619 ιι

378 2654 632 2722 θρόνους
661 2655 969 2722 κρίνοντες
997 2656 1104 2721 τὰς
1127 2655 1357 2710 δώδεκα
1386 2659 1586 2727 φυλὰς
1624 2660 1731 2715 τοῦ
1783 2661 2050 2732 Ἰσραήλ.

376 2743 487 2795 Καὶ
518 2742 751 2812 οὐδαμοῦ
782 2742 1017 2797 ἐνταῦθα
1053 2746 1082 2797 6
1113 2744 1384 2815 Ἀϐραάμ,
1425 2745 1551 2799 οὕτε
1595 2748 1623 2799 6
1670 2748 1862 2803 τούτου
1898 2755 2048 2817 παῖς,

373 2829 495 2882 οὑδὲ
528 2831 555 2881 6
576 2831 785 2883 ἐκείνου
809 2870 825 2894 ,
857 2830 981 2884 οὑδέ
1025 2831 1054 2882 6
1082 2831 1264 2903 λαχὼν
1300 2833 1496 2897 αὑτοὺς
1529 2835 1749 2905 κόλπος,
1782 2838 1897 2892 ἀλλ’
1926 2840 2052 2905 ἀξία

375 2915 554 2988 πολλῷ
586 2918 785 2987 μείζων
808 2917 1024 2990 ἐκείνης
1042 2935 1056 2949 ·
1076 2921 1203 2982 τοὺς
1223 2920 1331 2991 γὰρ
1348 2922 1572 2975 ἐκείνων
1602 2919 1746 2979 οὗτοι
1763 2927 2051 2983 καθεδοῦν-

372 3020 463 3058 ται
487 3004 798 3072 κρινοῦντες
816 3006 1103 3089 ἐκγόνους.
1140 3008 1213 3059 Οὑ
1249 3008 1422 3082 ταύτῃ
1450 3010 1507 3063 δέ
1547 3013 1708 3082 μόνον
1749 3017 1780 3085 ἡ
1815 3016 2047 3089 διαφορά

371 3090 527 3162 δήλη,
557 3091 671 3144 ἀλλ’
697 3093 779 3145 ὅτι
806 3086 880 3145 ὧν
907 3094 1003 3163 μὲν
1021 3096 1048 3147 ό
1083 3094 1333 3167 ’Λϐραάμ
1362 3098 1517 3168 ἐτυχε
1544 3101 1727 3153 πολλοὶ
1742 3086 2041 3169 τεύξονται·

373 3180 596 3233 Πολλοὶ
636 3182 745 3250 γὰρ
790 3181 1166 3247 ἐλεύσονται,
1223 3186 1407 3255 φησὶν,
1439 3186 1559 3240 ἀπὸ
1599 3189 1914 3244 ἀνατολῶν
1944 3195 2043 3250 καὶ

369 3264 635 3335 δυσμῶν,
659 3268 759 3322 καί
779 3268 1285 3338 ἀνακλιθήσονται
1303 3273 1449 3338 μετὰ
1468 3274 1715 3345 Ἀϐραὰμ
1730 3279 1830 3332 καὶ
1846 3281 2045 3336 Ἰσαὰκ

369 3355 468 3407 καὶ
490 3353 687 3407 Ἰακώϐ
701 3370 715 3385 ·
747 3355 854 3409 τῶν
878 3356 935 3409 δὲ
964 3356 1166 3427 θρόνων
1191 3359 1413 3413 ἐκείνων
1434 3361 1607 3426 οὐδεὶς
1638 3364 1825 3436 ἔτερος
1853 3370 2045 3441 ἐπιλή-

367 3440 547 3511 ψεται,
573 3442 711 3495 ἀλλά
737 3444 894 3513 μόνος
924 3444 952 3483 b
977 3446 1006 3497 6
1028 3444 1136 3497 τῶν
1151 3446 1321 3513 ἁγίων
1341 3446 1545 3501 τούτων
1570 3452 1752 3523 χορός.
1787 3456 1903 3509 Ἔτ’
1928 3440 2040 3524 οὖν,

369 3530 489 3582 εἰπέ
514 3547 623 3599 μοι,
648 3530 911 3601 ποιμνίων
937 3532 1235 3602 μέμνησθε,
1258 3536 1352 3587 καὶ
1376 3535 1693 3605 βουκολίων,
1717 3543 1812 3595 καὶ
1823 3544 2039 3615 γάμων,

369 3617 465 3669 καὶ
488 3616 723 3682 παίδων;
745 3618 809 3670 Τί
846 3615 959 3684 οῦν,
997 3621 1183 3690 φησὶν,
1237 3622 1365 3676 ὅταν
1412 3624 1523 3677 τῶν
1551 3629 2042 3698 παρθενευσάντων

369 3703 554 3756 πολλοὶ
594 3706 730 3774 μετά
772 3705 898 3769 τοὺς
930 3705 1158 3772 πολλοὺς
1209 3709 1443 3781 ἱδρῶτας
1479 3712 1745 3783 εὔχωνται
1793 3721 2039 3792 χωρῆσαι

368 3790 510 3860 ἐκκεῖ;
558 3790 697 3860 Ἐγὼ
721 3792 778 3845 δὲ
802 3792 991 3847 τούτου
1022 3796 1204 3865 μεῖζον
1239 3798 1370 3868 ἐρῶ,
1401 3801 1483 3852 ὅτι
1526 3803 1710 3858 πολλοὶ
1754 3807 1862 3860 τῶν
1896 3790 2040 3882 παρ-

369 3875 734 3934 θενευσάντων
777 3881 897 3934 οὑδέ
937 3882 1162 3937 ἐκείνων
1217 3886 1591 3954 ἐπιτεύξονται
1634 3892 1743 3947 τῶν
1796 3897 2035 3965 κόλπων,

364 3964 486 4019 οὐδὲ
510 3965 618 4019 τῶν
640 3967 957 4035 ἐλαττόνων,
981 3970 1094 4023 ἀλλ’
1122 3973 1201 4036 εἰς
1223 3974 1323 4043 τὴν
1344 3975 1565 4043 γέενναν
1598 3982 1767 4052 αὑτὴν
1801 3985 2036 4041 ἀπελεύ-

366 4080 570 4117 σονται.
618 4067 727 4119 Καὶ
755 4066 1009 4137 δηλοῦσιν
1035 4071 1090 4121 αἱ
1125 4069 1219 4123 τοῦ
1261 4072 1552 4143 νυμφῶνος
1589 4078 2033 4139 ἀποκλεισθεῖσαι

364 4160 644 4229 παρθένοι.
698 4159 822 4233 Ἆρ’
871 4160 963 4218 οὖν
1012 4165 1165 4236 παρά
1195 4166 1353 4221 τοῦτο
1381 4170 1481 4241 τῆς
1534 4175 1833 4245 παρθενίας
1863 4177 1978 4243 ἴσος
2004 4183 2033 4235 6

362 4257 613 4329 γάμος,ἢ
642 4259 735 4311 καὶ
768 4260 1001 4332 χείρων;
1033 4263 1094 4315 τὸ
1116 4264 1226 4336 γὰρ
1261 4266 1564 4339 ὑπόδειγμα
1593 4272 1654 4324 τὸ
1683 4274 1772 4326 σὺν
1793 4276 1887 4329 καὶ
1915 4279 2031 4347 χεί-

365 4369 493 4423 ρονα
518 4355 686 4426 αὑτὴν
714 4360 876 4411 ποιεῖ.
910 4360 973 4413 El
1005 4360 1114 4431 γὰρ
1142 4364 1171 4416 6
1200 4364 1299 4433 μὲν
1319 4367 1652 4439 γεγαμηκὼς
1691 4372 1943 4445 Ἀϐραάμ
1972 4379 2031 4431 ἐν

359 4447 540 4501 ἀνέσει
570 4450 662 4501 καὶ
688 4451 886 4520 τρυφῇ,
913 4452 962 4503 οἱ
988 4452 1045 4505 δὲ
1068 4454 1536 4526 παρθενεύσαντες
1557 4462 1614 4514 ἐν
1636 4464 1852 4537 γεέννῃ,
1871 4467 2029 4522 τοῦτο

358 4544 603 4601 λείπεται
632 4548 773 4601 κατά
796 4549 884 4602 τὸν
902 4549 1165 4623 ὑμέτερον
1187 4555 1522 4613 ὑποπτεῦσαι
1554 4561 1730 4630 λόγον.
1770 4565 1908 4620 Ἀλλ’
1928 4570 2028 4623 οὑκ

357 4636 477 4691 ἐστι
506 4640 696 4704 ταῦτα,
728 4644 825 4695 οὑκ
849 4644 1021 4698 ἐστιν·
1057 4646 1118 4699 οὑ
1150 4648 1260 4720 γὰρ
1291 4650 1450 4720 μόνον
1485 4653 1584 4706 οὑκ
1606 4656 1862 4726 ἐλάττων,
1889 4660 2028 4717 ἀλλά

358 4740 453 4792 καὶ
506 4741 683 4812 πολλῷ
710 4743 929 4813 βελτίων
973 4749 1006 4819 ἡ
1054 4749 1321 4821 παρθενία
1348 4752 1439 4805 τοῦ
1479 4754 1683 4825 γάμου.
1711 4758 1866 4825 Πῶς;
1901 4762 2022 4816 Ὀτι

355 4834 478 4888 οὔτε
509 4838 600 4891 τὸν
635 4839 884 4911 Ἀϐραάμ
903 4842 931 4893 6
946 4842 1121 4913 γάμος
1143 4843 1383 4900 τοιοῦτον
1400 4848 1673 4920 ἐποίησεν,
1692 4851 1866 4926 οὓτεὴ
1890 4872 2020 4929 παρ-

354 4930 506 4983 θενία
535 4933 634 4998 τὰς
659 4935 848 5000 ἀθλίας
875 4939 1088 5003 ἐκείνας
1122 4941 1431 4996 ἀπώλεσεν·
1467 4945 1606 4999 άλλά
1659 4949 1748 5003 καὶ
1785 4949 1873 5003 τὸν
1915 4969 2021 5006 πα-

351 5031 618 5104 τριάρχην
647 5036 679 5104 ἡ
716 5033 877 5107 λοιπὴ
923 5037 1021 5107 τῆς
1050 5038 1228 5110 ψυχῆς
1255 5042 1423 5115 ἀρετὴ
1451 5043 1702 5118 λαμπρὸν
1746 5049 2016 5119 ἀπέδειξε,

354 5128 447 5181 καὶ
480 5129 679 5195 ταύτας
705 5133 737 5203 ἡ
773 5131 931 5204 λοιπὴ
948 5134 1116 5188 κακία
1135 5135 1229 5190 τοῦ
1254 5136 1369 5207 βίου
1403 5140 1480 5211 τῷ
1511 5144 1644 5213 πυρὶ
1677 5145 2013 5216 παρέδωκεν.

364 5228 600 5295 Ἐκεῖνος
647 5231 744 5302 μὲν
791 5231 900 5305 γάρ
932 5235 1026 5289 καὶ
1059 5235 1117 5289 ἐν
1144 5237 1307 5309 γάμῳ
1339 5238 1447 5304 ζῶν
1485 5243 1786 5298 ἐσπούδασε
1822 5248 1891 5301 τά
1914 5249 2015 5320 τῆς

351 5330 647 5401 παρθενίας
695 5332 1036 5405 κατορθῶσαι
1083 5336 1243 5403 καλά,
1294 5339 1355 5392 τὸ
1384 5341 1711 5413 Εὔσχημον
1743 5347 1886 5416 λέγω
1912 5352 2010 5406 καί

410 5508 428 5531 ⁸
453 5510 651 5592 [leget
682 5513 837 5592 ,εἰμι
869 5512 1125 5592 ἱστόρεε.)
1165 5536 1189 5559 η
1222 5516 1375 5592 Ὑμτεξς
1399 5524 1459 5589 ,οἱ
1484 5522 1884 5592 ἀκολουθήσαντές
1908 5546 2006 5592 μοι,

339 5568 647 5652 ᾆτοινμκοῖθίρζ,
674 5568 1209 5652 όνϊίρςιτρῦῆἀνίῖρώπου
1238 5568 1312 5626 ἐπὶ
1333 5581 1493 5642 θρόνου
1532 5584 1664 5640 δόξης
1691 5568 1837 5637 αὑτοῦ
1853 5568 2006 5649 ,Ἄζιθέ

344 5625 501 5695 infit};
522 5634 601 5679 καὶ
623 5625 751 5695 ὑμεῖς
771 5637 846 5683 ἐπὶ
870 5638 979 5684 ἓσὸδ.
1012 5660 1030 5679 υ

402 5691 436 5735 δ
455 5690 563 5756 Reg
605 5690 706 5743 ἀλλ’
730 5697 759 5752 ἢ
784 5714 937 5758 μονος.

1171 226 1228 281 S.
1269 224 1555 282 JOANNIS
1592 226 2085 284 CHRYSOSTOMI
2124 225 2449 284 ARCHIEP.
2490 231 3036 295 CONSTANTINOP.

3740 244 3841 306 59$

2175 345 2583 417 εὐπρόσεδρον
2604 366 2617 380 ·
2642 345 2802 406 αὗται
2817 353 2874 407 δὲ
2899 355 2995 407 καὶ
3021 353 3321 427 παρθενίαν
3346 357 3621 429 ἑλόμεναι,
3652 364 3731 428 είς
3752 368 3838 421 τὸν

2171 430 2266 485 τοῦ
2303 433 2419 503 βίου
2471 436 2719 492 κλύδωνα
2767 441 2857 493 καὶ
2895 441 2992 505 τὰς
3031 444 3089 495 ἐν
3131 442 3211 514 τῷ
3251 445 3415 516 γάμῳ
3460 450 3842 522 πραγματείας

2172 520 2505 577 κατέπεσαν.
2547 526 2612 578 Τί
2655 523 2748 581 οὖν
2786 529 3008 595 κωλύει,
3034 531 3188 599 φησὶ,
3226 533 3321 585 καὶ
3343 533 3437 588 νῦν
3465 538 3603 605 μετά
3622 520 3722 593 τοῦ
3754 542 3842 609 γά-

2175 624 2276 677 μου
2313 611 2405 663 καὶ
2434 612 2540 664 τῶν
2573 616 2777 668 παίδων
2804 618 2899 669 καὶ
2939 618 3049 670 τῶν
3087 621 3383 690 χρημάτων
3417 624 3641 679 καὶτῶν
3672 626 3839 683 ἄλλων

2169 695 2427 749 ἀπάντων
2460 699 2522 751 τὸ
2549 700 2975 770 Εὺπρόσεδρον
3024 704 3320 773 διασῶσαι;
3370 708 3594 779 Πρῶτον
3632 711 3728 781 μὲν
3765 714 3843 767 ὅτι

2169 783 2345 848 οὐδεὶς
2385 788 2528 840 κατά
2565 788 2657 844 τὸν
2703 789 2954 861 ’Δϐραάμ
2987 793 3114 857 νῦν,
3155 793 3272 847 ἀλλ’
3302 795 3424 849 οὐδὲ
3471 798 3615 852 κατά
3649 801 3841 871 μικρὸν

2171 870 2359 940 ἐγγύς.
2417 874 2527 928 Καὶ
2573 876 2682 948 γὰρ
2735 877 2847 932 τῶν
2902 880 3290 954 ἀκτημοσύνην
3340 883 3657 941 ἀσκούντων
3714 870 3844 958 μάλ-

2169 958 2260 1013 λον
2294 963 2501 1025 ἐκεῖνος
2544 966 2845 1035 χρημάτων
2890 969 3286 1041 κατεφρόνησε,
3338 971 3584 1028 πλουτῶν
3611 977 3709 1029 καὶ
3746 994 3839 1045 γυ-

2168 1051 2331 1103 ναῖκα
2350 1050 2508 1120 ἔχων,
2535 1053 2628 1105 καὶ
2642 1053 2835 1124 ἡδονῆς
2864 1055 3063 1125 μᾶλλον
3084 1056 3195 1111 τῶν
3217 1058 3661 1128 παρθενευόντων
3686 1065 3842 1136 ἐκρά-

2168 1153 2269 1191 τει.
2319 1132 2479 1190 Οὗτοι
2519 1139 2618 1209 μὲν
2661 1141 2770 1211 γὰρ
2803 1142 2927 1195 καθ’
2973 1144 3213 1216 ἑκάστην
3246 1147 3353 1200 ὑπὸ
3396 1150 3496 1220 τῆς
3544 1132 3844 1223 ἐπιθυμίας

2169 1224 2458 1293 φλέγονται
2494 1228 2593 1299 τὴν
2637 1230 2886 1301 ἡμέραν·
2922 1233 3128 1299 ἐκεῖνος
3176 1234 3234 1287 δέ
3278 1235 3419 1290 οὕτω
3455 1237 3660 1312 ταύτην
3712 1259 3841 1296 κατ·

2168 1312 2385 1367 εσϐέκει
2408 1313 2505 1385 τὴν
2540 1315 2731 1384 φλόγα,
2763 1319 2858 1372 καὶ
2883 1318 3111 1392 οὐδεμιᾷ
3148 1324 3451 1378 συνεδέδετο
3476 1329 3839 1402 προσπαθείᾳ,

2166 1400 2242 1463 ὡς
2270 1402 2345 1473 μὴ
2380 1403 2540 1473 μόνον
2557 1404 2705 1476 [εει]
2736 1407 3072 1478 ἀποσχέσθαι
3101 1409 3201 1481 τῆς
3227 1412 3570 1479 παλλακίδος,
3593 1400 3842 1473 ἀλλὰκαὶ

2166 1487 2413 1542 ἐκϐαλεῖν
2437 1490 2611 1564 αὐτὴν
2637 1493 2739 1563 τῆς
2768 1495 2946 1560 οἰκίας
2974 1498 3114 1570 ὑπὲρ
3134 1497 3228 1553 τοῦ
3259 1501 3443 1573 μάχης
3471 1505 3565 1557 καὶ
3599 1506 3841 1570 στάσεως

2166 1576 2348 1630 πᾶσαν
2377 1577 2633 1632 ὑπόθεσιν
2650 1580 2863 1637 ἀνελεῖν
2881 1601 2899 1617 ι
2924 1582 3020 1638 νῦν
3045 1585 3102 1639 δὲ
3117 1586 3177 1640 οὑ
3198 1588 3406 1658 σφόδρα
3436 1589 3659 1646 εὔκολον
3683 1592 3838 1649 τοῦτο

2165 1664 2366 1736 εὑρεῖν.

2236 1787 2362 1841 Πιν.
2382 1788 2492 1840 Καὶ
2509 1790 2677 1861 χωρὶς
2700 1789 2906 1846 τούτων
2922 1793 3001 1860 δὲ,
3031 1796 3170 1868 ὅπερ
3194 1798 3288 1852 καὶ
3315 1799 3616 1873 ἀρχόμενος
3631 1802 3836 1875 ἔλεγον,

2161 1874 2320 1929 τοῦτο
2358 1878 2452 1931 καὶ
2476 1877 2571 1931 νῦν
2595 1878 2724 1950 ἐρῶ,
2753 1881 2834 1934 ὅτι
2869 1885 2930 1935 οὑ
2964 1883 3026 1937 τὸ
3057 1885 3189 1938 αὑτὸ
3223 1887 3322 1958 τῆς
3349 1890 3547 1961 ἀρετῆς
3575 1874 3840 1950 ἀπαιτού.

2164 1963 2304 2033 μεθα
2341 1965 2536 2037 μέτρον
2568 1968 2732 2038 ἡμεῖς
2762 1984 2821 2021 τε
2852 1970 3115 2026 κάκεῖνοι.
3172 1972 3289 2029 Νῦν
3333 1975 3432 2046 μὲν
3465 1976 3571 2049 γάρ
3602 1980 3703 2033 οὑκ
3726 1980 3841 2037 ἐστι

2159 2051 2360 2106 τέλειον
2383 2049 2520 2108 εἶναι
2546 2056 2621 2127 μὴ
2674 2055 2851 2110 πάντα
2890 2058 3238 2130 πωλήσαντα,
3272 2064 3345 2136 μὴ
3373 2066 3539 2120 πᾶσιν
3555 2069 3837 2138 ἀποταξά-

2163 2157 2344 2209 μενον,
2380 2142 2441 2194 οὑ
2470 2145 2714 2213 χρήμασι
2746 2144 2891 2213 λέγω
2934 2147 3095 2217 μόνον
3123 2150 3219 2203 καὶ
3246 2151 3414 2224 οἰκίᾳ,
3451 2154 3588 2209 ἀλλά
3627 2159 3726 2211 καὶ
3775 2162 3838 2232 τῇ

2157 2227 2300 2300 ψυχῇ
2331 2232 2397 2314 τῇ
2420 2230 2633 2284 ἐαυτοῦ·
2662 2231 2785 2285 τότε
2810 2232 2869 2286 δὲ
2910 2233 3062 2289 οὑπω
3099 2238 3367 2311 τοσαύτης
3395 2242 3683 2314 ἀκριϐείας
3714 2227 3838 2301 ἐπίί

2155 2314 2319 2384 δειξις
2364 2313 2452 2390 ἦν.
2483 2319 2548 2370 Τί
2571 2314 2700 2385 οὗν;
2752 2320 3142 2394 ἀκριϐέστερον
3192 2328 3374 2397 ἡμεῖς,
3420 2313 3575 2403 φησὶ,
3609 2333 3709 2387 τοῦ
3737 2352 3838 2389 πα-

2153 2404 2416 2476 τριάρχου
2452 2405 2672 2477 βιοῦμεν
2699 2407 2826 2474 νῦν;
2857 2409 3174 2483 Ὠφείλομεν
3206 2415 3325 2486 μὲν,
3359 2418 3632 2473 καὶτοῦτο
3661 2422 3839 2477 ἐπιτε-

2153 2492 2425 2562 τάγμεθα,
2460 2495 2521 2547 οὑ
2548 2494 2769 2568 βιοῦμεν
2793 2496 2870 2550 δέ·
2903 2499 2997 2552 καὶ
3034 2499 3121 2553 διὰ
3147 2503 3307 2557 τοῦτο
3338 2505 3474 2559 πολὺ
3503 2507 3597 2560 τοῦ
3619 2509 3835 2565 δικαίου

2153 2579 2450 2651 λειπόμεθα
2478 2594 2526 2622 ιι·
2548 2582 2669 2635 ἐπεὶ
2702 2585 2786 2637 ὅτι
2809 2602 2872 2653 γε
2897 2586 3120 2656 μείζονα
3141 2590 3271 2660 ἡμῖν
3290 2590 3359 2644 τὰ
3388 2594 3690 2666 σκάμματα
3708 2600 3837 2670 πρό·

2153 2686 2349 2731 κειται,
2412 2670 2575 2725 παντί
2618 2688 2718 2724 που
2764 2672 2924 2743 δῆλόν
2962 2674 3097 2729 ἐστι.
3132 2676 3234 2730 Διά
3268 2677 3426 2732 τοῦτο
3455 2683 3670 2737 καὶτὸν
3711 2687 3835 2739 Νῶε

2152 2757 2505 2829 θαυμάζουσα
2535 2761 2567 2830 ἡ
2595 2760 2784 2831 Γραφὴ
2815 2761 2912 2833 οὑχ
2948 2762 3134 2828 ἁπλῶς
3161 2763 3319 2820 τοῦτο
3347 2772 3510 2835 ποιεῖ,
3537 2770 3677 2825 ἀλλὰ
3697 2775 3835 2844 μετά

2151 2846 2470 2917 προσθήκης
2500 2848 2663 2911 τινός.
2694 2847 2822 2903 Νῶε
2840 2850 2969 2921 γὰρ,
3004 2852 3159 2923 φησὶ,
3208 2852 3458 2922 δίκαιος,
3487 2858 3722 2927 τέλειος
3752 2863 3835 2915 ῶν

2149 2934 2220 2986 ἐν
2240 2933 2313 3003 τῇ
2346 2932 2521 3004 γενεᾷ
2539 2935 2745 2999 αὑτοῦ,
2771 2934 2851 3001 τῷ
2883 2938 3005 3005 Θεῷ
3036 2942 3466 3010 εὐηρέστησεν.
3499 2947 3610 3017 Οὑχ
3643 2949 3835 3017 ἁπλῶς

2147 3022 2372 3087 τέλειος,
2414 3023 2528 3076 ἀλλ’
2553 3025 2610 3076 ἐν
2632 3023 2708 3092 τῷ
2745 3025 2865 3078 τότε
2902 3027 3096 3098 καιρῷ·
3145 3029 3329 3084 πολλοὶ
3360 3031 3468 3105 γάρ
3490 3035 3836 3110 τελειότητος

2146 3109 2337 3180 τρόποι
2371 3110 2510 3164 κατά
2530 3110 2818 3183 διαφόρους
2843 3112 3137 3185 ὡρισμένοι
3154 3118 3399 3186 καιρούς·
3426 3122 3520 3174 καὶ⁵
3558 3123 3669 3177 Τοῦ
3694 3109 3838 3194 χρό-

2145 3213 2257 3250 νου
2286 3199 2732 3265 προκόπτοντος
2765 3200 2833 3253 τὸ
2870 3202 3016 3255 ποτὲ
3048 3203 3283 3259 τέλειον
3316 3208 3529 3275 ἀτελὲς
3566 3211 3838 3283 ὕστερον

2145 3284 2388 3351 γίνεται.
2418 3281 2541 3339 Οἷόν
2572 3305 2624 3340 τι
2649 3287 2812 3356 λέγω·
2838 3289 3052 3354 Τέλειος
3072 3286 3141 3361 ἦν
3159 3310 3289 3347 ποτε
3317 3297 3345 3349 6
3377 3297 3517 3350 κατά
3550 3299 3638 3353 τόν
3664 3281 3836 3373 νόμον

2147 3370 2296 3440 βιῶν·
2344 3373 2405 3425 Ὀ
2428 3374 2691 3441 ποιήσας
2718 3375 2828 3445 γὰρ
2857 3379 3027 3443 αὐτὰ,
3062 3381 3213 3451 φησὶ,
3246 3379 3570 3451 ὥῇσεταιὲν
3594 3370 3829 3455 αὐτοῖς·

2144 3461 2258 3514 ἀλλ’
2284 3461 2455 3515 ἐλθὼν
2486 3466 2514 3517 6
2550 3464 2783 3534 Χριστὸς
2814 3464 2973 3519 τοῦτο
3022 3468 3082 3520 τὺ
3128 3469 3331 3523 τέλειον
3377 3471 3577 3540 ἔδειξεν
3608 3476 3830 3542 ἀτελές.

2156 3547 2298 3602 Ἐὰν
2322 3549 2432 3620 γὰρ
2454 3549 2541 3620 μὴ
2564 3553 2964 3622 περισσεύσῃ,
3004 3554 3187 3622 φησὶν,
3217 3556 3254 3624 ἠ
3278 3557 3630 3631 δικαιοσύνη
3657 3566 3833 3635 ὑμῶν

2140 3636 2353 3691 πλεῖον
2378 3637 2496 3690 τῶν
2528 3641 2910 3708 γραμματέων
2933 3642 3031 3694 καὶ
3049 3645 3405 3712 Φαρισαίων,
3423 3650 3494 3703 οὐ
3509 3650 3595 3719 μὴ
3623 3655 3833 3709 εἰσέλ-

2140 3726 2279 3791 θητε
2301 3726 2388 3791 εἰς
2411 3723 2525 3791 τὴν
2546 3726 2875 3789 ,Βασιλείαν
2911 3726 3032 3782 τῶν
3060 3730 3349 3799 οὐρανῶν.
3369 3733 3504 3788 Τότε
3535 3736 3697 3805 φόνος
3716 3742 3831 3795 ἐδό-

2138 3828 2223 3863 κει
2255 3813 2415 3897 μόνον
2435 3808 2573 3867 εἶναι
2602 3814 2793 3878 δεινὸν,
2826 3814 2922 3869 νῦν
2949 3816 3006 3870 δὲ
3019 3818 3112 3871 καὶ
3139 3820 3276 3892 ὀργὴ
3306 3822 3400 3875 καὶ
3416 3822 3654 3896 λοιδορία
3684 3831 3826 3901 μόνη

2136 3901 2200 3971 τῇ
2242 3887 2434 3972 γεέννῃ
2473 3902 2840 3974 παραπέμψαι
2872 3904 3072 3958 δύναιτ’
3105 3887 3189 3962 ἄν·
3219 3887 3341 3963 τότε
3375 3887 3594 3983 μοιχεία
3620 3887 3827 3971 ιέκιολάζ

2136 3986 2258 4051 ζετο
2294 3989 2474 4059 μόνον,
2498 3990 2592 4043 νῦν
2618 3991 2675 4045 δέ
2705 3993 2801 4045 καὶ
2823 3992 2884 4045 τὸ
2903 3995 3222 4061 ἀκολάστοις
3242 3997 3543 4072 ὀφθαλμοῖς
3578 4010 3826 4072 γυναῖκα

2138 4075 2267 4127 ίδεῖν
2315 4078 2414 4129 οὑκ
2445 4077 2786 4148 ἀπήλλακται
2833 4083 3125 4153 τιμωρίας·
3155 4085 3274 4138 τότε
3316 4089 3347 4159 ἡ
3386 4089 3644 4162 ἐπιορκία
3680 4096 3824 4170 μόνη

2133 4158 2202 4233 ἦν
2224 4164 2289 4217 ὲκ
2316 4163 2408 4216 τοῦ
2437 4164 2579 4236 ﬂow]
2590 4165 2704 4235 ροῦ,
2723 4166 2817 4221 νῦν
2843 4167 2901 4220 δὲ
2924 4172 3017 4223 καὶ
3046 4172 3106 4224 τὸ
3128 4158 3345 4243 ὀμόσαι·
3381 4175 3456 4231 Τὸ
3481 4158 3591 4251 γάρ
3607 4158 3827 4253 περισιί

2133 4252 2269 4316 σόν,
2290 4254 2443 4322 φησὶ,
2475 4255 2700 4307 τούτων
2718 4254 2787 4307 ἐκ
2815 4256 2919 4309 τοῦ
2933 4260 3206 4327 Πονηροῦ
3231 4262 3420 4317 ἐστιν.
3449 4267 3616 4322 Οὐδὲν
3647 4252 3822 4326 πλέον

2131 4336 2437 4409 ἀπῃτοῦντο
2465 4339 2513 4389 οἱ
2547 4339 2688 4404 τότε,
2730 4340 2762 4410 ἢ
2793 4341 2855 4394 τὸ
2891 4344 3017 4406 τοὺς
3047 4346 3334 4414 φιλοῦντας
3358 4351 3599 4423 ἀγαπᾷν·
3640 4357 3819 4411 νῦνδὲ

2128 4424 2189 4476 τὸ
2220 4424 2362 4499 μέγα
2378 4424 2536 4477 τοῦτο
2565 4427 2659 4479 καὶ
2684 4426 2996 4497 θαυμαστὸν
3024 4431 3197 4498 οὑτως
3213 4435 3359 4489 ἐστὶν
3383 4437 3592 4503 ἀτελὲς,
3619 4440 3701 4506 ὠς
3720 4445 3823 4498 καὶ

2132 4516 2267 4587 μετά
2300 4518 2398 4603 τῂν
2423 4518 2759 4590 κατόρθωσιν
2780 4523 2944 4576 αὑτοῦ
2972 4526 3140 4596 μηδὲν
3166 4528 3327 4584 πλέον
3354 4532 3502 4603 ἡμᾶς
3529 4533 3681 4603 ἔχειν
3702 4538 3823 4593 τῶν

2125 4612 2393 4666 τελωνῶν.

2179 4727 2299 4783 IIA'.
2317 4728 2381 4782 Τί
2396 4730 2596 4801 δήποτε
2611 4728 2704 4785 οὖν
2716 4732 2824 4787 τῶν
2836 4735 3016 4792 αὑτῶν
3036 4739 3475 4812 κατορθωμάτων
3489 4747 3588 4818 οὑχ
3598 4750 3627 4801 6
3641 4751 3823 4818 αὐτὸς

2124 4830 2296 4883 κεῖται
2329 4830 2517 4900 μισθὸς
2549 4833 2679 4902 ἡμῖν
2701 4833 2797 4886 καὶ
2824 4837 2938 4900 τοῖς
2971 4838 3029 4890 ἐν
3061 4842 3126 4911 τῇ
3157 4842 3387 4914 Παλαιᾷ,
3415 4845 3552 4900 ἀλλά
3574 4851 3819 4919 μείζονα

2123 4927 2522 4983 ἐπιδείκνυσθαι
2560 4929 2642 4983 δεῖ
2680 4932 2778 5001 τὴν
2806 4932 3027 5005 ἀρετὴν,
3065 4938 3114 4991 εί
3151 4937 3440 5011 μέλλοιμεν
3472 4943 3581 4999 τῶν
3618 4949 3818 5007 αὑτῶν

2120 5024 2349 5089 ἐκείνοις
2376 5027 2695 5097 τυγχάνειν;
2733 5029 2854 5084 Ὀτι
2886 5032 3053 5104 πολλὴ
3083 5035 3230 5107 ἡτοῦ
3264 5038 3581 5111 Πνεύματος
3635 5045 3814 5119 χάρις

2119 5120 2409 5191 ἐκκέχυται
2442 5121 2557 5185 νῦν,
2588 5124 2683 5177 καὶ
2717 5126 2928 5199 μεγάλη
2957 5129 3056 5200 τῆς
3098 5130 3194 5185 τοῦ
3219 5133 3456 5206 Χριστοῦ
3490 5143 3814 5210 παρουσίας

2117 5223 2151 5292 ἡ
2172 5223 2369 5294 δωρεά·
2401 5224 2597 5296 ἄνδρας
2640 5226 2745 5298 γὰρ
2775 5228 2913 5303 αὕτη
2948 5230 3184 5298 τελείους
3217 5236 3336 5311 ἀντξι
3364 5238 3573 5307 νηπίων
3602 5242 3813 5317 ἐποίη-

2118 5336 2227 5375 σεν.
2251 5322 2461 5395 Ὠσπερ
2482 5319 2575 5378 οὖν
2600 5326 2760 5397 ἡμεῖς
2779 5330 2906 5395 τοὺς
2936 5332 3132 5396 παῖδας
3152 5337 3280 5400 τοὺς
3307 5338 3631 5410 ἡμετέρους,
3664 5344 3809 5400 ὅταν

2114 5422 2384 5493 ήϐἡσωσι,
2418 5426 2597 5499 πολλῷ
2616 5428 2837 5499 μείζονα
2865 5432 3206 5507 ἀπαιτοῦμεν
3258 5437 3329 5492 τὰ
3360 5441 3803 5515 κατορθώματα,

2111 5525 2205 5578 καὶ
2238 5526 2274 5580 ἀ
2309 5528 2596 5594 ποιοῦντας
2620 5532 2884 5606 πρότερον
2921 5537 3226 5610 ἐπῃνοῦμεν
3256 5541 3398 5597 κατά
3428 5542 3526 5614 τὴν
3560 5545 3802 5622 πρώτην

2170 5725 2195 5753 ⁶
2218 5722 2317 5775 Ald
2342 5727 2705 5794 ἀπολειπόμεθα.
