3886 6222
193 226 299 282 593

185 354 297 397 non
322 356 483 412 opum
510 350 716 397 tantum
748 342 1069 413 mancipium
1099 351 1183 399 est
1201 385 1214 408 ,
1244 343 1340 399 sed
1376 343 1534 398 etiam
1563 343 1776 415 gloriae,

189 435 440 497 honoris,
475 435 753 504 prtesentis
779 436 929 499 vitae,
957 442 1117 505 atque
1146 442 1204 490 ut
1234 434 1402 490 semel
1428 434 1631 499 dicam,
1662 450 1782 489 om-

187 529 336 582 nium
357 543 478 596 qua:
502 526 567 581 ad
589 529 749 581 vitam
776 526 1062 597 pertinent.
1088 526 1270 598 Itaque
1292 528 1567 582 avaritiam
1591 529 1782 586 Paulus

186 621 449 676 malorum
492 622 728 675 omnium
766 622 998 675 radicem
1026 622 1163 676 dixit
1188 624 1239 684 (I
1273 622 1403 676 Tim.
1433 626 1487 679 6.
1533 624 1640 691 10).
1674 623 1782 681 Ve-

184 727 304 764 rutn
332 720 386 764 et
416 711 553 767 hanc
577 711 810 767 radicem
842 712 1116 782 virginitas
1142 714 1282 783 potis
1307 724 1390 769 est
1414 717 1701 783 exsiccare,
1728 726 1784 772 et

185 802 345 856 aliam
378 804 631 872 optimam
661 803 817 858 nobis
848 804 1030 859 indere
1053 846 1068 871 ,
1100 804 1240 860 unde
1270 804 1407 861 bona
1437 807 1614 861 omnia
1660 808 1781 876 pul-

186 894 378 963 lulent,
401 896 639 962 libertas,
672 896 883 960 fiducia,
908 896 1182 965 fortitudo,
1212 897 1358 951 zelus
1384 897 1597 965 ardens,
1627 899 1785 954 caele-

186 989 347 1041 stium
379 988 591 1052 fervens
626 1004 812 1052 amor,
843 990 1174 1043 terrestrium
1209 991 1448 1044 omnium
1474 990 1778 1061 despectus.

188 1077 267 1131 Ita
291 1077 526 1132 honestas
553 1088 598 1133 et
626 1079 810 1132 decora
836 1079 1109 1135 assiduitas
1140 1090 1372 1148 paratur.

262 1168 522 1224 LXXXII.
565 1168 752 1224 Contra
786 1187 871 1225 eos
913 1172 1000 1241 qui
1043 1170 1217 1225 dicunt
1260 1182 1437 1241 optare
1472 1174 1688 1245 virgines
1729 1175 1783 1229 in

190 1262 471 1316 Abrahami
513 1264 680 1317 sinum
709 1264 894 1318 venire.
922 1292 997 1304 --
1021 1264 1125 1319 Sed
1155 1281 1274 1335 quae
1311 1275 1395 1320 est
1433 1266 1547 1321 haec
1586 1269 1777 1323 multo.

189 1370 311 1410 rum
346 1354 560 1425 sapiens
598 1355 801 1410 oratio?
831 1355 1135 1411 Patriarcha
1155 1398 1169 1421 ,
1200 1357 1370 1426 inquit
1389 1399 1405 1417 .
1439 1358 1703 1414 Abraham
1730 1371 1786 1415 et

190 1460 415 1501 uxorem
444 1445 659 1510 habuit,
688 1456 741 1501 et
766 1446 966 1503 liberos
984 1489 1002 1513 ,
1023 1458 1079 1504 et
1100 1463 1261 1518 epes,
1286 1460 1341 1504 et
1363 1465 1582 1520 greges,
1611 1459 1666 1505 et
1692 1466 1782 1506 ar-

194 1548 371 1592 menta
400 1555 414 1590 :
443 1551 507 1592 ac
538 1547 653 1607 post
680 1553 743 1593 ea
769 1539 948 1593 omnia
973 1539 1206 1595 Joannes
1234 1548 1343 1596 tum
1382 1542 1637 1612 Baptista,
1671 1552 1783 1598 tum

195 1627 530 1696 Evangelista
554 1668 569 1692 ,
607 1636 833 1698 uterque
867 1629 1051 1699 virgo,
1088 1637 1145 1684 et
1189 1630 1384 1686 Paulus
1410 1641 1568 1702 atque
1596 1633 1785 1688 Petrus

190 1717 518 1772 continentia
551 1718 814 1783 illustres,
847 1719 900 1772 in
925 1720 1042 1790 ejus
1067 1721 1241 1776 sinum
1271 1723 1454 1778 venire
1482 1732 1685 1793 optant.
1719 1725 1786 1781 Et

193 1806 314 1874 quis
355 1817 533 1861 autem
577 1808 667 1862 tibi
717 1808 765 1862 id
806 1809 972 1875 dixit,
1017 1811 1157 1866 bone
1186 1813 1303 1867 vir?
1328 1815 1445 1884 quis
1484 1815 1784 1886 propheta?

191 1899 312 1968 quis
337 1900 698 1968 evangelista?
726 1899 843 1970 Ipse
862 1942 877 1965 ,
911 1901 1114 1971 inquit,
1144 1903 1406 1985 Christus.
1438 1905 1568 1961 Nam
1596 1916 1785 1963 centu-

193 1991 399 2046 rionem
437 1991 625 2047 videns
664 2007 873 2048 summa
914 1993 1107 2050 ﬁducia
1142 1997 1457 2065 praeditum,
1486 2000 1602 2054 ait:
1632 1999 1787 2055 Multi

191 2084 256 2137 ab
284 2082 488 2138 Oriente
510 2093 557 2138 et
581 2082 853 2139 Occidente
876 2086 1092 2151 venient,
1115 2095 1161 2141 et
1184 2093 1470 2142 recumbcut
1491 2107 1604 2143 cum
1625 2090 1789 2145 Abra-

193 2174 315 2227 ham
342 2182 389 2227 et
420 2172 570 2228 Isaac
592 2183 639 2228 et
667 2172 829 2228 Jacob
859 2173 1082 2247 (Matth.
1128 2176 1182 2231 8.
1224 2177 1285 2231 II
1308 2178 1350 2247 ).
1391 2178 1526 2245 Quin
1553 2179 1787 2237 Lazarus

187 2269 325 2359 cum.
351 2271 421 2359 eo
460 2269 592 2359 tu":
615 2261 883 2323 delicians
915 2282 946 2322 a
975 2269 1144 2327 divite
1175 2273 1394 2330 videtur
1449 2277 1601 2349 (Luc.
1640 2282 1706 2336 l6
1728 2280 1782 2359 ιο·

184 2342 327 2409 Quid
349 2347 449 2402 hoc
470 2351 535 2404 ad
554 2349 814 2410 Paulum?
831 2359 962 2426 quid
980 2361 1049 2416 ad
1064 2361 1329 2420 Petrum?
1355 2342 1485 2433 quid
1509 2371 1574 2423 ad
1604 2342 1765 2427 Joan:
1795 2374 1802 2380 “

190 2433 360 2486 nem?
406 2450 578 2503 neque
611 2437 753 2489 enim
799 2446 891 2492 aut
931 2438 1165 2495 Lazarus
1187 2482 1201 2507 ,
1245 2442 1439 2499 Paulus
1465 2460 1529 2500 ac
1552 2445 1786 2504 Joannes

189 2535 353 2591 erat,
384 2534 471 2580 aut
514 2526 665 2581 multi
692 2528 765 2582 illi
791 2528 860 2583 ab
885 2530 1102 2587 Oriente
1130 2542 1183 2586 et
1210 2532 1499 2592 Occidente
1520 2578 1536 2604 ,
1566 2548 1785 2608 aposto-

186 2616 365 2670 lorum
394 2616 594 2673 chorus
621 2629 796 2674 erant.
823 2620 1003 2692 Itaque
1032 2622 1146 2679 haec
1171 2625 1322 2679 vobis
1347 2641 1497 2682 cassa
1528 2637 1584 2684 et
1611 2628 1785 2686 inanis

186 2716 280 2762 cst
304 2710 493 2764 oratio.
524 2710 676 2778 Quod
705 2713 750 2769 si
777 2716 1137 2785 apostolorum
1168 2720 1384 2788 praemia
1415 2721 1571 2791 plane
1598 2724 1784 2779 audire

180 2799 308 2863 vis,
352 2815 415 2854 ea
478 2801 811 2858 distributuri
880 2809 1197 2862 sententiam
1254 2812 1486 2880 accipe:
1536 2813 1782 2868 Sedebitis

178 2907 342 2959 super
385 2892 593 2947 thronos
637 2896 941 2965 duodecim,
979 2900 1273 2970 judicantes
1319 2904 1579 2959 duodecim
1625 2908 1803 2962 tribus‘

180 2980 385 3036 Israel‘
416 2984 631 3055 (Matth.
664 2987 751 3041 19.
782 2987 915 3058 28).
955 2990 1224 3062 Nusquam
1259 2993 1344 3050 hic
1370 3006 1459 3049 aut
1485 2997 1777 3066 Abraham,

179 3083 282 3127 aut
304 3074 422 3144 ejus
448 3086 624 3145 natus,
649 3088 740 3134 aut
767 3096 953 3150 nepos,
986 3093 1075 3138 aut
1097 3085 1186 3154 qui
1206 3100 1299 3140 eos
1320 3088 1582 3157 acceperit
1609 3091 1776 3157 sinus,

178 3167 284 3220 sed
326 3166 557 3238 dignitas
601 3171 756 3241 longe
800 3172 899 3228 hac
944 3175 1265 3232 sublimior:
1305 3194 1426 3233 nam
1475 3179 1527 3234 hi
1568 3182 1776 3238 illorum

179 3265 429 3326 posteros
474 3260 761 3328 judicaturi
815 3264 1094 3320 sedebunt.
1148 3267 1328 3337 Neque
1377 3270 1462 3324 hic
1504 3271 1775 3327 dumtaxat

178 3347 404 3404 evidens
432 3349 716 3406 discrimen
745 3364 854 3418 est,
890 3354 983 3409 sed
1016 3359 1157 3427 quod
1184 3374 1303 3426 qua:
1334 3358 1665 3416 Abrahamus
1694 3372 1776 3418 est

178 3437 412 3508 adeptus
441 3442 591 3495 multi
625 3445 1034 3504 nanciscentur:
1068 3447 1218 3502 Multi
1250 3449 1392 3503 enim
1417 3492 1431 3514 ,
1475 3451 1675 3520 inquit,
1715 3452 1776 3505 ab

183 3527 399 3585 Oriente
431 3543 479 3605 et
505 3532 782 3606 Occidente
801 3537 1058 3604 venient’,
1099 3550 1145 3592 et
1179 3542 1463 3595 recumbent
1483 3559 1595 3595 cum
1619 3544 1775 3598 Abra-

181 3621 306 3697 ham
339 3630 384 3674 et
420 3620 569 3677 Isaac
608 3634 653 3677 et
696 3623 856 3678 Iacob
894 3619 1109 3689 (Matth.
1127 3626 1280 3698 8.“)
1302 3671 1315 3684 .
1344 3633 1565 3685 thronos
1598 3641 1772 3688 autem

180 3712 327 3773 illos,
363 3714 459 3768 nisi
492 3725 796 3769 sanctorum
828 3716 1016 3771 horum
1046 3718 1259 3782 chorus,
1291 3722 1567 3789 occupabit
1596 3738 1772 3777 nemo.

180 3802 257 3857 Et
278 3803 450 3858 adhuc
474 3820 681 3874 greges,
711 3816 975 3873 armenta,
1009 3808 1366 3875 matrimonia,
1401 3811 1594 3866 liberos
1623 3828 1771 3867 coms

178 3895 529 3949 memoratis?
574 3896 711 3964 Quid
754 3898 947 3968 igitur,
988 3899 1187 3970 inquit,
1232 3903 1275 3954 si
1318 3902 1578 3971 virginum
1623 3903 1771 3957 multi

177 3993 309 4053 post
331 4001 521 4055 graves
561 3987 780 4043 sudores
807 4004 873 4044 eo
903 3989 1084 4045 venire
1117 3992 1341 4060 optant?
1368 3992 1480 4061 Ego
1503 4009 1627 4048 vero
1657 4010 1770 4048 ma-

177 4078 271 4147 jus
299 4077 456 4132 etiam
485 4079 735 4148 quiddam
765 4080 938 4137 dicam
959 4121 976 4148 ,
1005 4082 1269 4153 virginum
1311 4084 1505 4138 multos
1545 4100 1645 4140 nec
1678 4100 1773 4140 eos

176 4168 397 4238 quidem
426 4170 610 4234 sinus,
640 4186 739 4226 nec
766 4172 967 4226 minora
997 4182 1445 4243 consequuturos,
1476 4174 1570 4228 sed
1599 4175 1649 4229 in
1680 4191 1772 4245 ge—

178 4258 415 4313 hennam
439 4259 772 4316 discessuros
796 4279 809 4315 :
833 4272 992 4332 atque
1019 4263 1070 4317 id
1096 4264 1324 4334 virgines
1344 4264 1631 4320 ostendunt
1657 4267 1771 4321 tha-

178 4349 327 4404 lamo
348 4350 601 4406 exclusae.
628 4351 771 4423 Ergo
800 4354 925 4408 hinc
947 4353 1233 4423 virginitati
1270 4370 1365 4424 par
1389 4363 1473 4409 est
1499 4356 1769 4410 matrimo-

180 4441 369 4507 nium,
415 4441 523 4495 imo
571 4441 686 4497 hate
730 4443 891 4498 etiam
937 4442 1172 4498 deterior
1202 4461 1215 4496 :
1243 4444 1543 4514 exemplum
1577 4444 1769 4515 quippe

181 4541 331 4585 tuum
357 4532 448 4587 illo
470 4531 789 4588 deteriorem
819 4533 961 4588 facit.
989 4532 1120 4588 Nam
1151 4535 1194 4590 si
1219 4534 1485 4589 Abraham
1516 4535 1771 4605 conjuga-

182 4632 271 4677 tus
294 4622 345 4677 in
374 4624 561 4693 requie
584 4632 639 4680 et
660 4624 864 4679 deliciis
882 4632 984 4689 est,
1006 4625 1240 4695 virgines
1262 4626 1314 4680 in
1336 4626 1597 4697 gehenna,
1625 4627 1676 4681 id
1701 4644 1767 4682 ex

181 4716 425 4771 oratione
449 4727 623 4771 vestra
651 4716 1052 4787 coniectandum
1075 4718 1409 4788 relinquitur.
1436 4717 1541 4774 Sed
1567 4735 1669 4772 non
1696 4720 1765 4773 ita

174 4813 285 4873 est,
310 4807 527 4876 inquam
555 4826 569 4863 ε
596 4807 724 4876 quin
750 4808 886 4863 adeo
911 4808 1247 4862 matrimonio
1270 4807 1502 4863 deterior
1528 4824 1633 4863 non
1662 4817 1763 4876 est,

177 4905 242 4952 ut
278 4896 435 4966 longe
462 4898 620 4953 etiam
658 4901 996 4969 praestantior
1024 4898 1109 4952 sit.
1142 4896 1461 4964 Quomodo?
1488 4898 1637 4964 Quod
1670 4915 1767 4954 nec

171 4988 449 5047 Abraham
487 4990 882 5045 matrimonium
916 4990 1077 5045 talem
1110 4991 1388 5060 praestitit,
1420 5006 1518 5046 nec
1546 4991 1766 5046 miseras

167 5082 296 5138 illas
331 5081 605 5151 virginitas
648 5081 909 5151 perdidit;
948 5082 1043 5138 sed
1079 5091 1134 5137 et
1170 5082 1524 5151 patriarcham
1566 5082 1763 5152 reliqua

166 5170 369 5225 animae
406 5172 576 5225 virtus
609 5171 866 5226 illustrem
895 5171 1158 5238 reddidit,
1189 5180 1243 5225 et
1280 5170 1375 5224 has
1412 5170 1613 5242 reliqua
1645 5171 1765 5226 vitre

167 5263 410 5334 nequitia
457 5262 566 5334 igni
610 5263 844 5319 tradidit.
886 5262 1158 5335 Siquidem
1200 5262 1288 5317 ille
1329 5262 1384 5317 in
1427 5262 1765 5317 matrimonio

239 5415 259 5447 ¹
293 5421 411 5487 κρείτ
449 5422 503 5465 ει
521 5412 673 5487 ,εανίιι
708 5415 758 5487 in
776 5415 1013 5487 ωιεείηει
1033 5422 1073 5465 ο
1236 5413 1318 5487 mei
1333 5426 1416 5487 me
1452 5413 1761 5487 sentiatis.

166 5473 441 5545 quando'in
463 5475 579 5545 solio
597 5476 770 5545 gloria
803 5473 954 5545 filius
979 5473 1657 5545 settebit,._sedebitis
1677 5473 1763 5545 su;

168 5535 265 5603 iter
287 5536 481 5603 thronos
498 5535 771 5603 duodecim,
788 5537 1070 5603 iudicantes
1089 5535 1346 5603 duodecim
1359 5535 1513 5603 tribus
1539 5538 1706 5588 Israel.

242 5600 265 5664 ξ
301 5598 688 5664 ληιήῃροριδονα,
714 5597 801 5651 est
816 5601 922 5662 ejus
942 5612 1093 5663 quem
1129 5613 1192 5650 ex
1229 5598 1435 5649 adverso
1472 5597 1756 5663 loquentem

168 5659 454 5714 Maxenti.

1534 225 1621 281 DE
1665 224 2119 286 \‘IRGINITA'I'E.

3368 244 3475 301 59L

1892 343 2114 415 degens,
2144 347 2460 418 virginitatis
2497 349 2652 405 bonis
2680 349 2920 423 perfungi
2949 353 3170 420 studuit,
3206 358 3475 426 Ionestate,

1890 437 2102 507 inquam
2124 479 2143 507 ,
2176 448 2233 495 et
2266 440 2452 497 decora
2492 443 2791 500 assiduitate
2819 462 2839 500 :
2867 446 2952 502 ha:
2976 448 3331 520 virginitatem
3357 468 3476 508 am-

1889 527 2093 597 plexae,
2126 532 2178 586 in
2207 531 2331 587 vita:
2371 534 2631 603 procellas
2655 545 2710 591 et
2748 539 3071 595 matrimonii
3099 545 3310 614 negotia
3339 546 3477 602 reci-

1887 620 2099 676 derunt.
2127 622 2262 691 Quid
2288 624 2467 695 igitur,
2490 626 2680 698 inquit,
2702 638 2758 684 et
2782 645 2926 686 nunc
2948 640 3093 688 vetat
3119 636 3392 704 maritum,
3416 653 3478 693 ac

1887 713 2070 769 liberis
2088 755 2104 781 ,
2129 716 2352 785 apibus,
2380 720 2692 790 caeterisque
2719 722 2968 779 omnibus
3004 725 3317 783 instructum
3338 770 3354 798 ,
3387 730 3471 783 de-

1887 821 2059 860 coram
2091 808 2440 864 assiduitatem
2480 813 2653 868 tueri?
2691 813 2929 870 Primum
2959 817 3100 887 quod
3140 834 3301 876 nemo
3338 837 3478 877 nunc

1888 911 1985 967 par
2009 906 2091 953 est
2119 900 2454 968 Abrahamo,
2494 904 2590 959 sed
2628 921 2729 960 nec
2768 922 2935 977 parvo
2973 909 3256 967 intervallo
3294 914 3476 983 proxi-

1887 1003 2024 1045 mus.
2049 988 2182 1045 Nam
2215 992 2332 1060 ille,
2358 995 2447 1063 qui
2476 1004 2530 1050 et
2553 1011 2685 1065 opes
2711 1009 2767 1053 et
2791 1014 3010 1054 uxorem
3038 1001 3288 1071 haberet,
3315 1005 3476 1062 etiam

1888 1083 2055 1151 magis
2085 1099 2243 1152 quam
2278 1086 2368 1155 qui
2406 1086 2638 1157 inepiam
2678 1090 3027 1159 profiteantur
3061 1096 3311 1163 pecunias
3348 1112 3479 1154 con-

1890 1176 2121 1244 tempsit.
2145 1185 2200 1231 et
2217 1178 2542 1246 voluptatem
2566 1180 2754 1237 fortius
2777 1199 2936 1253 quam
2959 1187 3191 1257 virgines
3216 1189 3474 1247 cohibuit.

1890 1263 1952 1318 Ili
1992 1268 2133 1320 enim
2172 1269 2408 1337 quotidie
2449 1271 2755 1329 libidinibus
2792 1275 3019 1343 ardent;
3059 1278 3151 1335 ille
3185 1280 3321 1338 adeo
3357 1298 3478 1340 eam

1888 1356 2155 1411 flammam
2183 1361 2530 1428 exstinxerat,
2564 1378 2735 1431 neque
2756 1365 2860 1420 ulla
2887 1367 3172 1437 cupiditate
3192 1371 3479 1429 obstrictus

1891 1448 2185 1514 tenebatur,
2213 1460 2271 1504 ut
2300 1466 2406 1506 non
2432 1454 2602 1508 solum
2636 1456 2826 1525 pellice
2851 1457 3166 1528 abstineret,
3196 1463 3291 1518 sed
3317 1465 3475 1521 etiam

1889 1541 2049 1595 domo
2076 1557 2192 1597 eam
2229 1544 2483 1612 pelleret,
2521 1561 2627 1617 quo
2665 1547 2772 1603 litis
2809 1565 2873 1604 ac
2906 1550 3112 1607 dissidii
3141 1556 3476 1613 occasionem

1889 1648 2103 1687 omnem
2135 1636 2363 1691 tolleret.
2392 1637 2542 1706 Quod
2580 1640 2824 1710 equidem
2863 1657 3004 1697 nunc
3038 1643 3177 1699 haud
3204 1643 3358 1704 facile
3389 1663 3478 1705 re-

1891 1726 2065 1794 perire
2090 1736 2191 1781 est.

1960 1819 2243 1875 LXXXIII.
2278 1820 2398 1875 Non
2429 1824 2656 1878 eumdem
2680 1825 2877 1879 virtutis
2903 1827 3108 1881 modum
3138 1827 3279 1883 nobis
3300 1838 3348 1884 et
3374 1846 3475 1884 an-

1890 1911 2041 1979 tiquis
2067 1913 2379 1982 propositum
2407 1930 2528 1968 esse.
2547 1945 2618 1955 -—
2638 1915 2902 1972 Prtrterea
2923 1927 3123 1985 autem,
3148 1920 3286 1989 quod
3322 1921 3474 1976 initio

1889 2003 2128 2058 dicebam
2151 2045 2164 2066 ,
2194 2013 2249 2059 et
2278 2020 2419 2059 nunc
2443 2017 2683 2075 repetam
2706 2047 2722 2073 ,
2752 2023 2859 2062 non
2891 2010 3137 2064 eumdem
3165 2026 3193 2064 a
3220 2012 3374 2066 nobis
3398 2022 3480 2067 at—

1890 2109 1995 2163 que
2036 2094 2104 2148 ab
2150 2095 2238 2149 illa
2282 2096 2492 2150 virtutis
2540 2098 2756 2152 modum
2803 2099 2960 2169 exigi.
3007 2099 3281 2171 Siquidem
3336 2119 3479 2159 nunc

1890 2184 2182 2254 perfectum
2208 2201 2326 2241 esse
2356 2203 2458 2239 non
2492 2187 2638 2248 licet.
2673 2188 2770 2243 nisi
2802 2190 3051 2246 omnibus
3081 2191 3339 2259 venditis,
3372 2195 3475 2249 nisi

1895 2273 2151 2327 omnibus
2171 2272 2351 2324 valere
2369 2270 2537 2338 jussis
2563 2268 2785 2333 (Matth.
2809 2271 2893 2341 t9)
2915 2289 3021 2327 non
3042 2276 3239 2343 opibus
3263 2285 3475 2334 tantum

1895 2371 1951 2421 et
1971 2363 2201 2425 aedibus,
2228 2362 2322 2415 sed
2349 2361 2529 2414 anima
2555 2361 2718 2414 etiam
2743 2377 2841 2416 sua
2865 2382 2877 2417 :
2901 2373 3014 2419 tum
3040 2370 3280 2424 nondum
3310 2379 3474 2428 tantae

1897 2454 2264 2510 accurationis
2286 2452 2562 2522 specimen
2589 2460 2726 2506 erat.
2752 2452 2894 2518 Quid
2921 2455 3128 2525 igitur?
3151 2459 3364 2530 inquit;
3390 2480 3476 2518 ac.

1897 2543 2142 2599 curatius
2182 2557 2327 2596 nunc
2360 2557 2523 2612 quam
2559 2544 2865 2610 patriarcha
2924 2547 3199 2603 vivimus?
3240 2551 3475 2610 Debere-

1889 2648 2006 2688 mus
2033 2644 2180 2689 certe
2200 2676 2215 2699 ,
2248 2646 2407 2705 atque
2454 2636 2505 2691 id
2543 2637 2818 2707 jubemur,
2847 2641 2940 2696 sed
2972 2657 3081 2696 non
3117 2656 3472 2714 priestamus:

1889 2725 2114 2796 ideoque
2141 2727 2298 2796 longe
2321 2743 2349 2782 a
2372 2729 2520 2797 justo
2553 2732 2927 2801 relinquimur.
2957 2734 3090 2790 Nam
3119 2736 3245 2805 quin
3274 2739 3473 2808 majora

1886 2818 2040 2872 nobis
2085 2820 2377 2874 certamina
2423 2822 2689 2891 proposita
2733 2823 2838 2878 sint
2865 2864 2878 2889 ,
2927 2825 3060 2881 nulli
3103 2827 3321 2883 dubium
3368 2841 3472 2884 est.

1885 2908 2067 2981 Itaque
2094 2911 2208 2968 Noe
2234 2913 2457 2968 laudans
2479 2914 2755 2983 Scriptura
2777 2957 2792 2983 ,
2825 2932 2930 2972 non
2961 2918 3276 2989 simpliciter
3309 2920 3361 2976 id
3395 2920 3470 2975 fa-

1884 3003 1996 3066 cit,
2038 3003 2132 3057 sed
2173 3018 2293 3057 cum
2334 3004 2697 3060 additamento
2738 3007 3007 3076 quodam:
3038 3025 3159 3064 nam
3201 3011 3274 3064 ait
3308 3029 3323 3067 :
3359 3011 3471 3066 Nec

1877 3095 2066 3166 justus,
2097 3099 2345 3167 perfectus
2369 3097 2420 3150 in
2447 3098 2772 3168 generatione
2807 3116 2903 3154 sua
2924 3141 2939 3165 ,
2973 3100 3078 3156 Deo
3107 3103 3295 3174 placuit
3318 3102 3468 3174 (Gen.

1888 3186 1942 3241 6.
1969 3183 2024 3258 9)
2051 3203 2066 3240 :
2092 3202 2193 3241 non
2223 3188 2539 3257 simpliciter
2575 3189 2844 3258 perfectus
2864 3231 2877 3253 ,
2906 3191 3000 3247 sed
3041 3191 3093 3245 in
3123 3195 3467 3263 generatione

1883 3294 1998 3333 sua.
2029 3278 2172 3334 Multi
2201 3280 2341 3334 enim
2373 3289 2498 3335 sunt
2527 3280 2870 3349 perfectionis
2919 3284 3102 3348 modi,
3150 3286 3267 3340 aliis
3309 3298 3467 3357 atque

1881 3371 2002 3423 aliis
2032 3371 2359 3438 temporibus
2377 3371 2580 3425 definiti
2608 3389 2621 3424 :
2646 3386 2708 3425 ac
2734 3371 2883 3439 Quod
2898 3373 3172 3442 aliquando
3196 3381 3469 3444 perfectum

1884 3460 2004 3529 fuit,
2031 3460 2273 3526 temporis
2294 3475 2567 3530 progressu
2587 3461 2645 3528 ﬁt
2670 3461 3047 3530 imperfectum.
3078 3460 3235 3514 Verbi
3258 3463 3455 3530 gratia:

1885 3550 2173 3618 aliquando
2205 3550 2481 3618 perfectus
2512 3560 2629 3605 erat
2663 3550 2754 3617 qui
2796 3551 2967 3620 legem
3010 3554 3409 3621 exsequebatur
3441 3571 3454 3607 :

1884 3642 2025 3695 Nam
2045 3643 2155 3695 hate
2170 3643 2258 3711 qui
2281 3643 2462 3712 faciat,
2494 3642 2685 3713 inquit,
2716 3659 2809 3711 per
2835 3659 2895 3695 ea
2925 3644 3153 3697 victurus
3173 3655 3246 3697 est
3270 3646 3454 3713 (Leuit.

1880 3736 1968 3790 I8.
1997 3734 2050 3805 5)
2088 3753 2099 3788 :
2137 3743 2193 3789 at
2214 3734 2463 3790 Christus
2484 3743 2705 3789 exortus
2736 3734 3035 3804 perfectum
3068 3736 3169 3789 hoc
3198 3737 3457 3806 imperfe-

1879 3837 2020 3882 ctum
2047 3828 2300 3881 ostendit.
2333 3827 2450 3881 Nisi
2475 3827 2616 3882 enim
2640 3870 2656 3894 ,
2689 3829 2889 3897 inquit,
2916 3831 3245 3884 abundaverit
3260 3833 3467 3900 justitia

1878 3929 2041 3974 vestra
2071 3920 2185 3988 plus
2208 3936 2361 3988 quant
2387 3919 2666 3972 scribarum
2687 3930 2734 3973 et
2755 3918 3155 3988 Pharisa'orum,
3179 3938 3279 3975 non
3306 3921 3466 3976 intra-

1878 4010 1992 4064 bitis
2020 4011 2073 4063 in
2094 4026 2303 4078 regnum
2323 4010 2560 4063 caelorum
2580 4007 2806 4081 (Matth.
2830 4009 2884 4065 5.
2908 4009 2980 4064 20
3002 4010 3042 4080 ).
3067 4010 3202 4065 Tum
3235 4010 3461 4065 homici—

1878 4101 2023 4156 dium
2053 4101 2227 4155 solum
2251 4110 2403 4154 atrox
2426 4099 2735 4165 videbatur;
2777 4114 2920 4155 nunc
2953 4100 3037 4154 vel
3078 4101 3154 4154 ira
3183 4099 3464 4155 dumtaxat

1877 4209 1940 4248 ac
1963 4194 2259 4248 convicium
2288 4193 2352 4246 ad
2379 4192 2679 4261 gehennam
2712 4207 2902 4260 rapere
2930 4203 3090 4262 queat
3114 4210 3127 4245 :
3156 4202 3266 4247 tum
3305 4194 3457 4248 adul-

1880 4287 2066 4342 terium
2099 4286 2268 4341 solum
2299 4285 2660 4354 plectebatur;
2693 4299 2832 4338 nunc
2857 4284 2941 4337 vel
2977 4283 3253 4354 ﬂagitiosis
3292 4285 3460 4341 oculis

1876 4379 2152 4433 mulierem
2185 4377 2444 4445 aspicere,
2484 4390 2593 4429 non
2621 4375 2773 4429 abest
2800 4390 2830 4429 a
2856 4375 3119 4442 supplicio
3148 4394 3161 4429 :
3196 4385 3306 4430 tum
3334 4391 3457 4446 per-

1870 4471 2070 4540 jurium
2088 4470 2258 4524 solum
2279 4482 2309 4521 a
2331 4469 2469 4522 malo
2490 4477 2636 4531 erat;
2664 4483 2802 4522 nunc
2817 4468 2900 4522 vel
2921 4467 3103 4537 jurare
3127 4484 3144 4524 :
3167 4466 3304 4523 Nam
3322 4471 3456 4539 quod

1875 4571 2055 4633 praeter
2071 4564 2177 4614 haec
2192 4569 2284 4618 est.
2304 4559 2491 4628 inquit,
2512 4574 2542 4611 a
2562 4557 2698 4611 malo
2714 4567 2784 4613 est
2803 4557 2907 4632 (Ib.
2931 4574 2982 4614 υ.
3008 4557 3122 4629 57).
3136 4559 3218 4613 Ab
3242 4560 3307 4613 iis
3327 4560 3457 4616 nihil

1874 4654 2099 4722 amplius
2129 4650 2517 4720 requirebatur,
2548 4663 2705 4718 quam
2736 4664 2917 4702 amare
2961 4663 3054 4703 eos
3093 4651 3181 4718 qui
3212 4665 3270 4703 se
3307 4665 3458 4704 ama-

1873 4755 2031 4809 rent:
2061 4758 2202 4797 nunc
2227 4756 2474 4810 magnum
2511 4739 2614 4794 hoc
2638 4747 2693 4795 et
2729 4739 3042 4809 praeclarum
3089 4747 3196 4794 tam
3225 4749 3311 4796 est
3352 4740 3449 4797 im-

1872 4838 2186 4910 perfectum,
2213 4842 2274 4889 ut
2302 4849 2368 4889 eo
2397 4833 2658 4905 perfuncti
2692 4832 2857 4887 nihilo
2898 4831 3194 4902 publicanis
3236 4844 3451 4903 praestev

1872 4948 2011 4986 mus.

1946 5018 2227 5074 LXXXIV.
2261 5017 2446 5073 Merito
2466 5016 2755 5071 earumdem
2778 5023 2909 5069 recte
2928 5014 3178 5084 factorum
3198 5031 3300 5069 non
3320 5015 3456 5071 idem

1873 5111 2133 5180 pranuium
2162 5108 2305 5163 nobis
2325 5117 2371 5162 et
2396 5108 2617 5178 antiquis
2647 5106 2959 5178 prepositum
2984 5121 3112 5160 esse.
3133 5135 3205 5148 —
3220 5106 3329 5161 Cur
3355 5107 3454 5176 igi-

1874 5211 1958 5255 tur
1988 5216 2093 5255 non
2128 5199 2265 5254 idem
2295 5202 2568 5270 praemium
2596 5197 2782 5254 iisdem
2811 5208 2958 5254 recte
2985 5196 3161 5262 factis,
3183 5209 3236 5252 et
3258 5199 3454 5253 nostris

1871 5300 1924 5349 et
1951 5293 2287 5361 antiquorum
2309 5331 2325 5357 ,
2353 5291 2684 5362 prepositum
2715 5300 2827 5356 est,
2870 5287 2966 5344 sed
3003 5291 3261 5358 majorem
3290 5289 3455 5343 virtu-

1872 5393 1978 5440 tem
2003 5384 2347 5439 exhibeamus
2378 5397 2596 5437 necesse
2622 5391 2739 5444 est,
2770 5381 2815 5438 si
2842 5379 3027 5436 eadem
3055 5395 3175 5449 qum.
3216 5379 3289 5433 illi
3326 5393 3453 5433 con-

1871 5474 2199 5545 SPqucmur?
2224 5473 2357 5541 Quia
2389 5489 2529 5528 nunc
2572 5474 2759 5543 ingens
2801 5470 3032 5541 Spiritus
3069 5471 3238 5540 gratia
3284 5467 3450 5524 effusa

1871 5573 1987 5630 est,
2040 5573 2094 5618 et
2148 5578 2397 5633 magnum
2442 5563 2703 5618 adventus
2738 5561 2935 5618 Christi
2979 5574 3214 5615 munus:
3243 5557 3451 5615 adultos

1871 5654 2066 5726 quippe
2091 5668 2187 5725 pro
2212 5653 2501 5709 infantibus
2525 5652 2774 5709 reddidit.
2798 5651 2981 5724 Itaque
3001 5648 3448 5723 quemadmodum
