3886 6222
435 248 542 302 595

427 367 527 408 nos
552 367 580 404 a
612 348 790 420 pueris
814 347 1010 402 nostris
1036 345 1324 415 puberibus
1352 343 1608 412 majorem
1631 341 1878 394 virtutem
1905 352 2002 407 po-

427 444 716 504 stulamus,
745 450 799 495 et
823 455 941 509 quae
979 438 1029 491 in
1062 437 1228 505 prima
1271 442 1428 489 astate
1466 433 1724 487 facientes
1763 428 2008 484 laudaba-

434 547 572 594 mus,
600 529 784 585 eadem
814 529 856 581 si
886 527 985 581 viri
1013 525 1186 580 ell‘ecti
1215 531 1467 592 prtestent
1495 536 1603 576 non
1645 535 1795 589 asque
1836 517 2009 572 admi-

435 634 635 685 ranmr,
663 617 758 671 sed
786 616 886 670 alia
916 615 1082 668 multo
1109 615 1172 667 iis
1193 613 1432 682 graviora
1452 611 1612 665 edere
1631 609 1877 679 jubemus
1900 625 1912 660 :
1938 607 2008 661 ita

430 720 488 765 et
531 709 598 764 ab
635 709 864 763 humana
909 713 1095 760 natura
1137 705 1273 758 Deus
1317 703 1490 772 primo
1527 715 1737 769 quoque
1771 707 2011 767 tempore

433 803 628 857 eximia
649 800 889 871 quaedam
919 799 1156 852 facinora
1183 811 1287 851 non
1311 793 1576 864 exigebat,
1605 801 1662 845 ut
1691 807 1809 860 qua:
1831 789 2007 858 pueri-

442 897 544 950 lius
568 893 753 950 affecta
780 901 922 947 esset
947 907 958 944 :
983 899 1038 944 at
1061 889 1147 943 ubi
1177 887 1481 958 prOpbetas,
1505 883 1773 953 apostolos
1791 881 2009 947 audivit,

437 987 666 1056 Spiritus
693 984 916 1054 gratiam
947 987 1271 1050 consequuta
1299 988 1400 1042 cst,
1433 976 1643 1030 virtutis
1671 974 1720 1028 ei
1747 972 2010 1041 magnitu-

440 1078 618 1132 dinem
647 1076 828 1131 auxit:
855 1088 954 1128 nec
983 1072 1194 1142 injuria.
1219 1069 1350 1124 Nam
1391 1077 1442 1120 et
1470 1065 1766 1120 mercedem
1794 1062 2016 1130 amplio-

441 1183 555 1223 rem
589 1175 643 1222 et
668 1164 884 1235 prtemia
910 1163 1076 1217 multo
1097 1160 1384 1215 illustriora
1412 1170 1553 1211 nunc
1580 1155 1851 1224 proiiosuit
1874 1171 1886 1206 :
1911 1168 2014 1206 non

444 1258 586 1311 enim
609 1257 835 1324 amplius
864 1263 1002 1308 terra
1027 1267 1090 1306 ac
1113 1261 1342 1311 terrena,
1365 1248 1458 1302 sed
1481 1247 1688 1307 caelum,
1719 1253 1772 1298 et
1799 1258 1914 1312 qua:
1937 1243 2018 1295 in-

453 1347 798 1417 telligentiam
827 1352 1077 1413 superent
1096 1343 1232 1397 bona
1261 1339 1561 1408 perfunctos
1585 1341 1912 1405 exspectant.
1938 1335 2016 1386 An

448 1453 555 1492 non
588 1439 746 1507 igitur
769 1434 1054 1489 absurdum
1087 1433 1172 1495 sit,
1201 1431 1410 1484 adultos
1439 1429 1612 1482 adhuc
1642 1427 1694 1480 in
1723 1426 1906 1479 eadem
1943 1423 2018 1476 in.

451 1529 614 1583 fantia
637 1527 960 1598 persistere?
982 1525 1112 1580 Nam
1136 1524 1364 1578 humana
1392 1531 1499 1575 tum
1529 1529 1714 1574 natura
1736 1517 2019 1572 adversum

453 1638 511 1676 se
541 1621 860 1676 factionibus
901 1618 1065 1672 divisa
1095 1625 1209 1671 erat
1231 1658 1245 1682 ,
1277 1615 1414 1670 bello
1444 1613 1637 1667 ardens
1673 1610 2020 1665 internecino.

451 1715 624 1782 Atque
653 1713 702 1766 id
729 1711 1037 1765 describens
1067 1709 1263 1763 Paulus
1292 1708 1386 1771 ait,
1419 1706 1584 1758 Aliam
1621 1703 1761 1755 video
1787 1701 1943 1770 legem
1967 1700 2021 1752 in

449 1803 681 1857 membris
704 1802 828 1856 meis
847 1842 861 1866 ,
888 1808 1249 1870 repugnantem
1278 1797 1374 1865 legi
1399 1795 1575 1848 mentis
1603 1807 1752 1854 mete,
1782 1799 1828 1844 et
1853 1789 2019 1858 capti—

451 1881 662 1947 vantem.
691 1909 769 1945 me
812 1891 909 1960 legi
949 1888 1169 1959 peccati,
1213 1903 1327 1953 qua:
1353 1886 1433 1939 lex
1457 1892 1528 1937 est
1565 1886 1618 1935 in
1643 1880 1875 1935 membris
1904 1878 2025 1932 meis

450 1985 643 2053 (Rom.
673 1985 725 2036 7.
753 1980 875 2052 25).
901 1983 968 2034 At
994 1994 1133 2032 nunc
1161 1980 1274 2032 hrcc
1301 1992 1407 2030 non
1432 1982 1574 2028 sunt.
1602 1972 1741 2026 Nam
1766 1969 1898 2039 quod
1924 1969 2025 2023 im-

455 2076 689 2138 possibile
729 2082 834 2126 erat
881 2072 1011 2141 legi,
1061 2072 1113 2122 in
1155 2085 1251 2141 quo
1290 2066 1641 2136 inﬁrmabatur
1675 2081 1761 2133 per
1798 2077 2023 2124 carnem,

454 2166 594 2220 Deus
621 2164 814 2217 Filium
837 2179 983 2217 suum
1010 2162 1208 2214 mittens
1235 2160 1287 2212 in
1313 2158 1692 2212 similitudinem
1718 2154 1884 2207 carnis
1907 2168 2025 2222 pec-

462 2257 582 2320 cati,
612 2265 657 2309 et
687 2256 748 2306 de
774 2261 976 2323 peccato
999 2251 1254 2302 damnavit
1285 2258 1541 2317 peccatum
1568 2246 1618 2297 in
1649 2260 1800 2297 earne
1832 2243 1851 2312 (
1879 2243 2025 2295 Rom.

458 2349 512 2404 8.
541 2348 620 2415 ὅ).
654 2347 726 2400 De
755 2345 925 2414 iisque
963 2343 1163 2411 gratias
1199 2355 1362 2410 agens
1392 2338 1587 2393 Paulus
1614 2335 1857 2390 diccbat:
1885 2332 2028 2403 Infe-

459 2440 533 2494 lia:
555 2453 644 2508 ego
671 2437 834 2498 homo,
859 2434 967 2501 quis
988 2448 1064 2486 me
1084 2430 1307 2485 liberabit
1333 2429 1395 2483 de
1420 2445 1631 2493 corpore
1652 2427 1821 2479 mortis
1855 2424 2031 2490 huius?

461 2531 568 2600 Ago
607 2529 709 2580 Deo
751 2525 938 2596 gratias
973 2540 1059 2591 per
1093 2521 1270 2575 Jesum
1307 2518 1559 2574 Christum
1594 2516 1786 2590 (Rom.
1816 2518 1867 2570 7.
1903 2514 2025 2585 24).

467 2620 649 2688 Itaque
692 2616 881 2671 merito
914 2613 1179 2682 punimur,
1224 2609 1380 2664 soluti
1427 2608 1754 2663 tantumdem
1794 2620 2030 2669 currere,

473 2719 730 2780 quantum
776 2704 1046 2774 impediti,
1076 2703 1337 2756 nolentes.
1364 2700 1691 2768 Quamquam
1722 2707 1776 2750 ut
1806 2705 2034 2750 tantum-

467 2801 586 2854 dem
617 2799 897 2868 possimus,
924 2809 1022 2848 ncc
1050 2794 1125 2847 sic
1153 2807 1307 2862 pinna
1338 2790 1593 2844 solvimur
1619 2807 1632 2842 :
1666 2804 1785 2842 nam
1817 2788 1902 2856 qui
1928 2787 2030 2840 alta

469 2904 600 2960 pace
626 2888 846 2951 fruatur,
876 2887 1032 2955 longe
1063 2885 1234 2951 majus
1271 2892 1325 2936 cl.
1363 2882 1616 2936 illustrius
1645 2891 1898 2950 troptcum
1929 2880 2034 2934 eri-

468 2995 591 3051 gcre
634 2994 731 3048 par
774 2985 883 3042 est,
915 2992 1070 3046 quam
1105 2975 1193 3046 qui
1221 2973 1505 3029 admodum
1538 2973 1674 3027 bello
1706 2979 1992 3043 prematur.

1133 231 1190 289 S.
1229 229 1508 289 IOANNIS
1545 223 2016 285 CHRYSOSTOMI
2056 225 2371 282 ARCHIEP.
2415 221 2946 279 CONSTANTINOP.

3583 225 3685 281 5’96

2118 336 2269 403 Quod
2294 337 2337 391 si
2364 337 2414 390 in
2439 335 2649 406 opibus,
2674 336 2896 402 deliciis,
2917 336 3198 405 conjugum
3225 336 3419 401 studio,
3445 340 3689 407 negotio-

2114 444 2232 482 rum
2260 443 2384 483 cura
2406 427 2618 483 assidue
2639 441 2937 495 versamur,
2961 429 3234 498 ecquando
3257 431 3352 482 viri
3377 430 3686 494 evademus,

2115 520 2302 590 Spiritu
2329 520 2588 584 vivemus,
2611 520 2815 573 Domini
2839 535 2924 574 res
2944 519 3248 575 curabimus
3266 520 3288 573 ?
3304 521 3384 573 An
3407 531 3685 590 postquam

2117 610 2241 664 hinc
2267 612 2547 680 migratum
2575 610 2708 664 erit?
2745 611 2815 664 At
2841 624 2945 664 non
2989 610 3039 663 id
3074 610 3312 664 laborum
3343 625 3406 664 ac
3439 612 3696 666 certami-

2117 701 2220 767 nis,
2244 700 2337 755 sed
2367 701 2707 770 praemiorum
2744 709 2798 754 et
2825 715 3100 770 poenarum
3146 709 3355 768 tempus
3401 701 3522 756 erit.
3553 701 3690 756 Tum

2116 807 2216 848 nec
2245 793 2428 863 virgini
2461 793 2639 847 oleum
2681 792 2734 846 in
2777 791 3009 846 lucernis
3054 807 3156 846 non
3203 791 3417 846 habenti
3460 794 3529 846 ab
3571 793 3690 848 aliis

2116 899 2326 939 sumere
2348 883 2546 949 licebit,
2573 883 2666 938 sed
2690 897 2751 938 ea
2781 881 2911 936 foris
2933 883 3168 937 manebit
3190 882 3400 955 (Matth.
3423 882 3514 952 25)
3543 900 3556 936 :
3584 897 3684 937 nec

2119 975 2206 1043 qui
2237 975 2463 1028 sordidis
2491 974 2706 1028 indutus
2729 973 2900 1028 adstet
2919 1015 2932 1038 ,
2969 988 3215 1042 egressus
3255 981 3460 1027 mutare
3481 985 3689 1027 vesmm

2120 1052 2339 1121 poterit,
2357 1052 2452 1107 sed
2465 1062 2532 1106 aa
2548 1054 2806 1121 gehennae
2818 1053 2995 1122 ignem
3013 1053 3314 1123 abripietur
3331 1054 3552 1124 (Matth.
3569 1058 3694 1128 22):

2117 1156 2220 1197 nec
2245 1142 2291 1198 si
2313 1143 2395 1197 vel
2418 1142 2788 1196 Abrahamum
2807 1143 3056 1212 imploret
3077 1143 3229 1216 (Luc.
3256 1145 3365 1216 16.)
3388 1148 3691 1218 quidquam

2115 1243 2230 1286 tum
2250 1232 2513 1302 proficiet.
2536 1232 2745 1302 Quippe
2761 1242 2878 1286 orta
2891 1233 3006 1302 jam
3023 1233 3110 1288 die
3127 1238 3365 1305 propria,
3391 1240 3572 1306 posito
3597 1241 3697 1293 tri-

2114 1323 2300 1378 bunali
2327 1364 2341 1388 ,
2382 1324 2604 1379 sedente
2632 1325 2849 1394 judice,
2881 1331 2934 1379 et
2973 1335 3226 1382 manante
3261 1330 3416 1397 quasi
3453 1332 3693 1400 quodam

2115 1420 2258 1491 ignis
2275 1420 2440 1476 lluvio
2464 1421 2482 1492 (
2506 1420 2648 1475 Dan.
2677 1421 2708 1474 7
2732 1421 2842 1491 10),
2863 1423 3048 1476 habita
3075 1424 3351 1479 actionum
3377 1436 3693 1482 nostrarum

2115 1517 2439 1586 quaestione,
2473 1532 2582 1570 non
2608 1517 2718 1585 jam
2755 1515 2954 1587 ﬂagitia
2977 1517 3160 1572 eluere
3189 1519 3453 1583 sincmur,
3490 1522 3586 1576 scd
3626 1523 3696 1577 ad

2118 1608 2465 1677 supplicium,
2497 1608 2565 1662 iis
2605 1607 2849 1663 debitum
2879 1608 3112 1664 velimus
3147 1610 3386 1667 nolimus
3424 1614 3700 1669 trahimur

2119 1700 2302 1763 modo,
2342 1702 2543 1756 nullius
2569 1709 2683 1756 tum
2707 1702 2960 1772 precibus
2984 1703 3252 1757 liberandi
3278 1722 3293 1772 ;
3320 1705 3414 1760 sed
3445 1708 3702 1775 quamvis

2119 1791 2246 1861 quis
2263 1792 2380 1862 pari
2406 1791 2606 1847 fiducia
2629 1795 2698 1847 sit
2723 1808 2845 1847 cum
2872 1795 3080 1864 magnis
3105 1802 3159 1850 et
3180 1795 3516 1852 admirandis
3541 1801 3702 1864 viris,

2131 1882 2526 1952 quamvisNoc,
2543 1881 2664 1956 Job,
2682 1882 2872 1938 Daniel
2894 1884 3232 1955 sit(Respicit
3246 1889 3314 1942 ad
3336 1888 3522 1944 Ezech.
3544 1908 3591 1944 c.
3612 1891 3702 1947 14.

2121 1991 2171 2030 υ.
2199 1975 2305 2046 ll),
2321 1976 2534 2031 etiamsi
2556 1991 2655 2047 pro
2679 1977 2865 2032 liberis
2883 1992 2945 2033 ac
2964 1978 3180 2034 liliabus
3197 1980 3541 2050 deprecetur.
3565 1984 3708 2038 nihil

2125 2076 2268 2138 agat,
2302 2069 2397 2122 sed
2422 2085 2647 2124 necesse
2673 2071 2778 2124 erit
2805 2080 3119 2139 peccatores
3147 2071 3482 2129 immortales
3511 2090 3710 2144 poenas

2121 2160 2450 2231 expendere,
2471 2170 2529 2216 ut
2545 2165 2635 2232 qui
2659 2171 2802 2219 recte
2820 2163 3083 2226 fecerunt,
3105 2164 3365 2220 boum-em
3393 2167 3546 2220 inire.
3567 2166 3709 2222 Nam

2125 2269 2303 2323 neque
2325 2253 2410 2308 his
2423 2269 2599 2323 neque
2616 2253 2723 2308 illis
2742 2253 2900 2308 tinem
2915 2252 3033 2310 fore
3051 2254 3300 2310 Christus
3315 2256 3632 2322 declaravit,
3651 2267 3712 2311 ut

2125 2346 2315 2411 vitam,
2344 2346 2425 2400 sic
2449 2345 2777 2416 supplicium
2815 2355 3078 2400 aiternum
3101 2362 3221 2402 esse
3243 2346 3432 2402 dicens
3463 2367 3479 2403 :
3519 2350 3616 2418 qui
3657 2358 3712 2404 et

2128 2437 2340 2492 dextris
2363 2435 2707 2501 collaudatis,
2729 2446 2780 2491 et
2804 2437 3047 2492 sinistris
3070 2438 3360 2504 damnatis,
3390 2441 3458 2492 ita
3481 2441 3709 2495 subdit:

2129 2527 2361 2582 Abibunt
2383 2528 2438 2581 hi
2453 2529 2506 2581 in
2527 2545 2734 2594 pomum
2755 2529 3301 2598 sempiternam,justi
3323 2547 3439 2584 vero
3463 2532 3518 2584 in
3544 2534 3714 2586 vitam

2125 2623 2496 2689 sempiternam
2515 2620 2734 2690 (Matth.
2750 2621 2838 2675 25.
2861 2620 2970 2691 46).
2991 2620 3175 2691 Itaque
3189 2622 3278 2676 hic
3291 2625 3436 2678 serio
3456 2624 3713 2679 laboran-

2126 2712 2254 2765 dum
2270 2721 2374 2775 est,
2396 2720 2448 2766 et
2472 2712 2801 2781 quiuxorem
2822 2714 3039 2778 habeat,
3059 2712 3106 2768 ci
3129 2713 3352 2783 perinde
3365 2715 3638 2784 agendum
3654 2730 3720 2770 ac

2128 2803 2173 2856 si
2191 2817 2302 2856 non
2324 2802 2548 2857 haberet
2571 2822 2583 2858 :
2611 2813 2664 2857 et
2686 2804 2778 2874 qui
2806 2819 2931 2860 vere
2957 2819 3063 2858 non
3091 2805 3308 2868 habeat,
3335 2805 3383 2860 ei
3403 2821 3527 2859 cum
3547 2807 3719 2876 virgi-

2128 2896 2298 2948 nitate
2322 2895 2543 2964 reliqua:
2565 2897 2729 2950 ctiam
2749 2911 2941 2950 omnes
2963 2895 3195 2952 virtutes
3219 2899 3536 2952 exercenda:
3560 2908 3717 2965 sunt,

2131 3001 2198 3039 nc
2225 2986 2648 3056 postdcccssum
2672 3004 2734 3043 ex
2755 2989 2855 3043 hac
2881 2989 2989 3043 vita
3009 2989 3288 3045 incassum
3317 2991 3711 3048 lamenlemur.
