3886 6222
421 254 521 309 597

1472 458 1501 459 γέ
1648 443 3651 459 μμ-ῌ--ᾠ-Α-Δ--φῌι-Μ

730 459 2610 482 m

432 460 723 475 m

434 479 727 490 -ο-ο-νο
746 481 761 486 -
782 480 923 488 υ-ο-ι...
943 477 1351 487 ,Μ’-ο*-
1366 476 1583 485 —.——_

1126 249 1184 305 S.
1224 248 1508 307 JOANNIS
1536 245 2023 305 CHRYSOSTOMI
2062 242 2381 300 ARCHIEP.
2421 242 2973 301 CONSTANTINOP.

3569 240 3663 298 598

3512 459 3649 470 —__—’-x

2610 466 3119 478 .————-——-————————
3142 466 3310 473 ..ι-ΑΨ-
3322 466 3337 473 σ
3350 465 3509 472 .-.νυ-..-

880 692 960 753 IN
993 689 1207 754 DUOS
1248 691 1710 767 SEQUENTES
1747 667 1854 752 AD
1904 690 2214 754 VIDUAM
2263 686 2670 752 JUNIOREM
2716 681 3193 747 TRACTATUS

1688 964 2410 1084 MONITUM.

467 1421 632 1497 ’[556]
682 1422 830 1477 Inter
869 1417 1317 1492 praestantissima
1370 1415 1429 1472 S.
1502 1414 1745 1470 doctoris
1805 1411 1985 1468 nostri
2033 1433 2047 1445 -

414 1514 681 1587 opuscula
707 1512 1125 1570 commemorari
1161 1510 1359 1565 debent
1393 1509 1446 1564 hi
1473 1510 1584 1564 duo
1612 1522 1705 1564 seu
1730 1504 1852 1561 libri
1889 1518 1985 1559 seu

413 1614 948 1676 tractatus,qnorum
973 1602 1124 1673 prior
1147 1610 1338 1673 praeter
1363 1600 1731 1670 pulcherrima
1756 1596 1984 1663 monita,

413 1698 817 1770 lectissimaqne
847 1696 1239 1754 consolationis
1267 1697 1450 1758 verba,
1493 1708 1601 1748 non
1630 1707 1806 1763 pauca
1859 1707 1984 1747 car-

411 1791 544 1862 ptim
576 1789 763 1859 refert,
823 1787 957 1843 tum'
995 1789 1062 1843 ad
1119 1786 1492 1859 (ΣΙιτγςοειοῐηί
1522 1786 1712 1850 vitam,
1761 1794 1877 1840 tum
1913 1783 1983 1839 ad

412 1880 695 1936 historiam
724 1879 871 1935 illius
909 1878 1169 1948 temporis
1216 1889 1545 1947 opportuna.
1606 1874 1681 1930 De
1739 1873 1984 1930 secundo

410 1981 589 2027 autem
618 1972 758 2028 libro
795 1971 936 2026 infra
968 1970 1308 2026 tractabitur.
1342 1967 1462 2036 Quo
1496 1976 1742 2037 tempore
1775 1967 1986 2036 primus

411 2062 650 2133 scriptus
686 2061 872 2126 fuerit,
900 2078 965 2117 ex
996 2062 1112 2131 ipsa
1148 2059 1387 2116 auctoris
1415 2057 1729 2141 narratione
1751 2056 1983 2126 diligen-

411 2165 493 2209 ter
526 2154 806 2225 explorata
871 2154 1142 2227 espiscari
1167 2164 1252 2209 sat
1303 2150 1588 2208 commode
1643 2165 1981 2222 possumus;

412 2247 505 2301 sed
532 2256 825 2318 antequam
851 2247 974 2318 ejus
1009 2246 1172 2302 verba
1226 2248 1568 2302 adducamus
1625 2244 1677 2298 in
1717 2244 1982 2309 medium,

413 2339 659 2408 quaedam
690 2337 759 2394 de
783 2346 1108 2410 argumento
1137 2337 1388 2407 opusculi
1419 2335 1749 2406 praelibanda
1777 2343 1928 2391 sunt.

480 2431 799 2494 Therasius,
826 2432 909 2487 vir
933 2431 1074 2486 inter
1116 2431 1409 2501 primarius
1439 2430 1526 2485 sui
1557 2428 1820 2500 temporis
1848 2443 1983 2483 con-

409 2525 648 2592 spicuus,
681 2539 878 2595 genere
905 2521 1367 2594 facultatibusque
1390 2523 1639 2593 insignis,
1667 2536 1830 2593 quem
1855 2536 1980 2592 spes

406 2624 526 2669 erat
553 2614 618 2670 ad
652 2613 1005 2685 praefecturas
1037 2625 1425 2685 perventurum
1448 2630 1590 2675 esse,
1624 2613 1691 2668 ad
1723 2614 1838 2669 hac
1862 2628 1983 2683 pro-

409 2706 596 2773 bitate,
640 2707 926 2773 modestia,
962 2709 1161 2777 pietate
1223 2717 1477 2774 ornatus,
1529 2708 1582 2761 in
1621 2707 1796 2762 aetatis
1847 2706 1980 2761 flore

409 2798 553 2853 diem
607 2799 743 2854 obiit
811 2810 1139 2865 extremum,
1193 2809 1478 2869 postquam
1529 2814 1705 2855 annos
1762 2807 1977 2853 tantum

408 2893 650 2962 quinque
675 2906 801 2946 cum
833 2907 1005 2947 uxore
1026 2902 1229 2962 egerat.
1262 2892 1436 2958 Quam
1481 2901 1537 2947 ut
1576 2890 1976 2955 consolaretur,

409 2983 553 3037 lume
588 2985 787 3038 librum
827 2983 997 3038 edidit
1027 2984 1498 3057 Chrysostomus:
1556 2991 1612 3038 et
1650 2982 1827 3053 primo
1880 2980 1977 3037 Dei

401 3074 729 3145 singularem
756 3076 935 3132 viduis
962 3076 1259 3131 exhibitam
1298 3093 1486 3132 curam
1520 3076 1591 3130 ob
1619 3076 1811 3131 ocu‘os
1869 3089 1967 3144 po-

402 3166 501 3229 nit,
527 3168 727 3237 quibus
754 3170 917 3224 etiam
945 3168 1049 3223 viri
1089 3167 1209 3222 loco
1234 3183 1355 3223 esse
1385 3168 1578 3237 probat
1605 3186 1616 3222 :
1647 3167 1777 3223 hinc
1810 3166 1975 3221 bone-

401 3268 499 3312 st:e
529 3259 808 3315 viduitatis
830 3261 1149 3332 dignitatem
1188 3276 1252 3314 es
1287 3259 1438 3315 Pauli
1490 3260 1671 3316 verbis
1703 3258 1971 3330 deprtedi-

401 3351 712 3421 cat,t|eque
740 3352 1033 3421 proborum
1087 3353 1241 3407 obitu
1305 3352 1649 3423 gaudendum
1716 3366 1838 3407 esse
1889 3350 1978 3405 de-

401 3452 709 3498 monstrat:
743 3456 931 3515 postea
979 3445 1234 3500 humana:
1281 3445 1407 3499 vita:
1458 3443 1854 3499 volubilitatem
1918 3451 1977 3498 ut

402 3535 677 3601 ostendat,
712 3535 1022 3606 exemplum
1059 3535 1213 3591 aﬂ’ert
1260 3533 1625 3606 quorumdam
1679 3533 1973 3603 insignium

401 3623 666 3690 virorum,
699 3627 792 3694 qui
828 3627 895 3680 ad
940 3626 1202 3696 majorem
1253 3625 1424 3681 evecti
1456 3624 1800 3693 dignitatem.
1835 3640 1976 3694 pra:-

403 3716 553 3787 cipiti
617 3717 970 3788 violentaque
1019 3727 1195 3772 morte
1258 3716 1455 3774 sublati
1532 3724 1681 3770 sunt.
1744 3713 1852 3769 Nec
1909 3715 1976 3769 iis

401 3804 672 3861 beatiores
718 3822 840 3861 esse
873 3806 950 3860 ait
1009 3807 1390 3877 imperatores,
1449 3805 1541 3860 sed
1598 3820 1710 3876 quo
1764 3805 1974 3874 majore

400 3896 617 3953 fortuna
674 3901 1004 3961 evelmntur,
1060 3915 1126 3955 eo
1188 3898 1531 3969 gravioribus
1572 3897 1973 3953 calamitatibus

399 3993 609 4061 impoti.
654 3995 820 4064 Atque
850 4002 907 4046 ut
934 4002 1107 4047 cetera
1153 3992 1486 4059 omittamus,
1536 3990 1735 4062 inquit,
1792 4006 1857 4044 ea:
1904 3990 1972 4043 iis

399 4085 643 4137 euntibus
670 4086 760 4154 qut
788 4100 895 4139 levo
924 4095 1106 4139 nostra
1136 4087 1483 4155 imperarunt,
1531 4085 1745 4156 fuerunt
1795 4095 1973 4138 autem

400 4190 604 4237 novem,
636 4176 741 4226 duo
768 4173 941 4228 solum
969 4176 1235 4229 communi
1266 4188 1434 4230 morte
1459 4179 1620 4230 vitam
1650 4176 1972 4231 clauserunt.

404 4264 743 4334 Reliquorum
777 4277 955 4318 autem
982 4265 1069 4318 hic
1098 4266 1309 4336 quidem
1343 4283 1375 4320 a
1411 4276 1659 4337 tyranno,
1713 4266 1803 4320 ille
1855 4283 1973 4321 vero

402 4362 456 4409 tn
486 4356 641 4417 bello,
675 4356 815 4410 alius
844 4357 1251 4411 domesticorum
1281 4357 1558 4413 custodum
1584 4358 1972 4423 iusidiis,alius

405 4458 584 4500 autent
616 4448 680 4501 ab
710 4448 804 4501 illo
831 4447 966 4517 ipso,
997 4451 1086 4519 qui
1112 4465 1363 4503 coronam
1391 4466 1454 4503 ac
1484 4465 1773 4520 purpuram
1801 4451 1972 4521 impo-

398 4548 604 4602 suerat,
657 4539 971 4610 interfectus
1004 4540 1267 4594 occubuit.
1329 4539 1529 4597 Uxores
1575 4557 1735 4611 porro
1790 4559 1972 4596 coruus

396 4633 618 4701 partim,
652 4640 708 4684 ut
742 4642 989 4696 narrant,
1032 4648 1221 4686 veneno
1245 4633 1583 4697 interierunt,
1613 4634 1811 4702 partim
1846 4650 1975 4688 mw-

404 4740 540 4776 rorc.
571 4721 771 4777 Earum
800 4740 940 4791 vero,
965 4740 1083 4795 qutr
1104 4726 1277 4779 adhuc
1300 4727 1604 4796 superstites
1633 4736 1778 4792 sunt,
1801 4728 1973 4779 altera

396 4813 607 4883 quidem
634 4814 806 4882 [ilium
843 4813 1038 4868 habens
1066 4814 1330 4885 pupillum
1364 4816 1537 4871 tremit
1567 4832 1633 4870 ac
1669 4818 1851 4870 metuit
1909 4832 1972 4869 uc

398 4903 516 4972 quis
541 4920 744 4965 eorum,
781 4908 872 4975 qui
899 4906 1184 4976 imperant,
1230 4916 1370 4960 metu
1416 4906 1719 4975 futurorum
1741 4923 1857 4962 cum
1908 4907 1972 4960 de

400 4996 577 5051 inedia
603 4997 756 5051 tollat
780 5015 800 5062 ;
823 4997 994 5052 altera
1024 5014 1143 5052 vero
1173 4999 1261 5053 uia:
1288 4998 1576 5053 multorum
1630 5000 1868 5065 precibus
1900 5002 1966 5052 ab

399 5087 589 5143 exsilio
618 5089 801 5151 rediit,
826 5105 928 5159 quo
953 5100 1110 5144 antea
1137 5089 1203 5145 ab
1230 5105 1310 5156 eo,
1329 5091 1419 5160 qui
1445 5106 1618 5144 rerum
1648 5088 1968 5160 potiebatur,

401 5180 565 5234 missa
588 5189 722 5234 erat.
754 5180 910 5246 Quod
941 5183 1010 5234 ad
1041 5197 1221 5235 eorum
1272 5192 1469 5245 autem,
1502 5182 1593 5252 qui
1633 5197 1772 5234 nunc
1804 5181 1972 5249 impea

400 5282 541 5336 rant,
581 5288 794 5336 uxores,
824 5272 996 5328 altera
1021 5289 1088 5328 ea:
1114 5275 1354 5344 pristinis
1382 5274 1777 5329 calamitatibus
1806 5272 1971 5342 respi-

401 5380 549 5431 rans,
584 5363 837 5434 voluptati
860 5381 1106 5435 magnum
1139 5364 1289 5419 habet
1340 5366 1574 5420 dolorem
1629 5366 1919 5419 admistum
1950 5402 1967 5430 ,

400 5471 462 5510 eo
490 5456 632 5527 quod
666 5457 756 5527 qui
788 5468 965 5510 rerum
997 5458 1201 5525 potitur
1233 5461 1392 5510 nimis
1411 5456 1622 5526 juvenis
1653 5473 1716 5510 ac
1734 5457 1970 5527 inexper-

400 5555 489 5600 tus
515 5548 608 5610 sit,
638 5548 931 5619 multosque
952 5548 1141 5602 habeat
1172 5550 1402 5620 undique
1420 5548 1767 5603 insidiantes:
1799 5547 1972 5601 altera

404 5654 523 5692 vero
558 5637 745 5693 timore
772 5640 1083 5695 exanimata
1112 5641 1202 5707 iis,
1232 5640 1345 5712 qui
1364 5641 1536 5710 capite
1557 5639 1795 5694 damnati
1823 5646 1970 5705 sunt,

408 5729 735 5783 miseriorem
766 5731 931 5789 vitam
969 5730 1135 5800 ducit,
1163 5748 1223 5787 eo
1271 5731 1409 5801 quod
1461 5732 1541 5787 vir
1590 5730 1755 5799 ipsius
1806 5730 1871 5785 ab
1908 5744 1969 5784 eo

1782 1233 2354 1264 w-

2094 1424 2344 1481 tempore,
2371 1422 2474 1485 quo
2506 1411 2756 1468 diadema
2781 1409 3031 1484 suscepit,
3058 1428 3218 1485 usque
3246 1414 3316 1469 ad
3360 1414 3663 1470 hodiernum

2089 1506 2231 1559 diem
2269 1506 2322 1559 in
2344 1506 2479 1560 bello
2510 1518 2558 1560 et
2599 1508 2799 1576 prteliis
2854 1517 3108 1573 versetur,
3156 1510 3571 1579 verecundiuque
3609 1519 3661 1563 et

2088 1593 2321 1665 probris,
2363 1596 2552 1663 quibus
2600 1597 2831 1668 undique
2888 1599 3140 1668 afficitur,
3176 1600 3345 1670 magis
3384 1616 3544 1671 quam
3602 1616 3665 1653 ea:

2094 1686 2521 1756 calamitatibus,
2581 1691 2841 1743 tabescat.
2905 1690 3106 1743 Deinde
3159 1700 3446 1760 postquam
3499 1693 3697 1746 multa.

2092 1779 2422 1850 interposuit
2451 1780 2518 1835 de
2569 1780 2823 1837 barbaris
2852 1796 2948 1836 seu
2981 1780 3201 1846 Gothis,
3247 1782 3531 1852 imperium
3564 1780 3667 1835 llu-

2090 1887 2313 1927 manum
2354 1872 2739 1928 invadentibus
2766 1873 3286 1943 insultantibusque,
3314 1875 3483 1929 multa
3518 1891 3657 1944 quo-

2087 1980 2193 2035 que
2220 1973 2405 2035 strage
2457 1974 2653 2021 cuncta
2712 1967 3072 2037 repleutibus,
3137 1969 3219 2022 sic
3270 1968 3661 2037 prosequitur:

2087 2055 2294 2128 Ecquid
2324 2073 2443 2112 vero
2469 2059 2685 2124 mirum,
2725 2060 2773 2112 si
2804 2059 2959 2114 multi
2982 2076 3049 2114 ea:
3101 2059 3321 2114 ducibus
3353 2059 3450 2113 hoc
3509 2061 3665 2113 modo

2084 2148 2424 2214 interierunt,
2476 2149 2689 2220 quando
2721 2160 2770 2202 et
2829 2150 3117 2220 imperator
3148 2151 3257 2221 ipse
3285 2152 3339 2204 in
3390 2152 3503 2206 vico
3533 2168 3665 2221 quo-

2084 2239 2209 2293 dam
2232 2256 2351 2311 quin
2376 2241 2560 2310 paucis
2588 2240 2845 2294 militibus
2873 2243 3173 2308 conclusus,
3203 2242 3346 2295 exire
3375 2241 3581 2311 quidem
3610 2253 3664 2295 ει

2081 2348 2195 2386 sese
2222 2332 2591 2386 inpudentibus
2623 2349 2879 2402 apponere
2936 2334 3151 2387 minime
3205 2349 3367 2387 ausus
3413 2342 3511 2398 est,
3568 2335 3663 2386 and

2089 2424 2236 2478 intus
2297 2440 2511 2479 manens
2570 2441 2789 2479 accenso
2842 2427 2907 2480 ab
2965 2426 3077 2482 illis
3117 2429 3236 2499 igne
3261 2443 3368 2480 una
3405 2443 3522 2480 cum
3592 2428 3666 2480 iis

2082 2516 2345 2580 omnibus,
2377 2532 2509 2586 quos
2544 2533 2716 2570 secum
2767 2516 3011 2583 habebat,
3069 2517 3367 2571 combustus
3399 2528 3513 2573 est:
3566 2534 3665 2570 mc

2082 2607 2212 2661 uiris
2240 2606 2438 2670 solum,
2467 2607 2558 2662 sed
2587 2609 2748 2663 etiam
2775 2611 2921 2680 equis
2964 2619 3015 2662 et
3051 2609 3290 2663 trabibus
3329 2618 3379 2662 et
3417 2609 3585 2661 muris
3611 2620 3664 2663 et

2080 2699 2326 2753 amnibus
2378 2700 2434 2754 in
2492 2717 2657 2755 unum
2707 2711 2867 2773 atque
2895 2703 3136 2757 eumdem
3196 2703 3423 2757 cinerem
3454 2702 3663 2755 abeun-

2082 2795 2223 2850 tibus
2248 2796 2275 2848 ?

2151 2885 2209 2939 In
2245 2884 2397 2940 hisce
2435 2885 2727 2955 postremis
2752 2884 3131 2957 Cltrysostomi
3176 2887 3337 2942 dictis
3389 2889 3660 2943 miseran-

2081 2976 2209 3033 dam
2246 2975 2494 3032 Valentis
2523 2977 2868 3048 imperatoris
2907 2992 3091 3032 necem
3125 2980 3357 3035 describi
3388 2981 3659 3052 liquidum

2079 3078 2182 3125 est.
2215 3069 2428 3129 Accidit
2457 3069 2549 3123 illa
2588 3084 2734 3124 anno
2788 3069 2915 3135 378,
2963 3085 2997 3123 ν
3054 3069 3178 3125 ldus
3210 3071 3460 3142 Augusti,
3493 3084 3663 3143 atque

2080 3162 2219 3219 adeo
2256 3172 2378 3234 post
2404 3163 2509 3218 hoc
2552 3173 2769 3233 tempus
2820 3165 3025 3219 emissa
3051 3163 3151 3218 fuit
3179 3164 3296 3218 haec
3331 3167 3403 3218 ad
3437 3166 3655 3220 viduam

2072 3255 2343 3324 juniorcm
2382 3255 2698 3325 paranesis.
2740 3253 2809 3311 Ut
2835 3270 3001 3327 porro
3045 3270 3109 3311 ex
3139 3256 3263 3313 aliis
3304 3256 3427 3327 ejus
3471 3259 3661 3314 verbis

2079 3346 2209 3402 editi
2240 3348 2489 3416 opusculi
2513 3363 2717 3402 amtum
2749 3348 3010 3404 subtilius
3035 3350 3406 3419 exploremus,
3436 3352 3656 3422 singula

2081 3440 2275 3495 ordine
2305 3453 2702 3510 persequamur
2734 3449 2968 3511 oportet.
2996 3439 3084 3495 Ea:
3109 3458 3312 3507 novem,
3341 3444 3537 3514 inquit,
3561 3450 3660 3518 qui

2078 3538 2260 3583 nostra
2285 3545 2393 3583 levo
2420 3528 2770 3599 imperarunt,
2797 3528 2890 3582 ἐπὶ
2930 3530 3033 3600 τῆς
3076 3535 3272 3602 γενεᾶς
3311 3535 3411 3605 τῆς
3453 3539 3661 3608 ἡμετέ-

2078 3637 2207 3692 ρας,
2234 3621 2340 3674 duo
2369 3620 2473 3674 soli
2506 3622 2773 3676 contmuni
2814 3634 2982 3677 morte
3015 3624 3175 3678 vitam
3222 3627 3547 3683 clauserunt.
3587 3630 3658 3685 lli

2076 3727 2270 3766 novem
2311 3711 2673 3780 imperatores
2696 3727 2819 3767 esse
2876 3712 3151 3777 videntur,
3185 3715 3564 3783 Constantius,
3601 3732 3660 3775 et

2074 3802 2171 3856 lilii
2200 3801 2323 3871 ejus
2355 3801 2767 3866 Constantinus,
2823 3802 3180 3862 Constantius
3231 3816 3285 3861 et
3341 3808 3654 3866 Constans:

2074 3903 2372 3964 posteaque
2402 3893 2615 3958 Gallus,
2643 3896 2737 3963 qui
2801 3896 2930 3950 licet
2979 3896 3161 3951 Caesar
3208 3907 3419 3954 tantum
3462 3902 3655 3969 fuerit,

2077 3986 2167 4040 hic
2202 3994 2382 4039 tamen
2434 3998 2773 4041 memoratur
2810 3988 3115 4045 trucidatus
3163 3991 3233 4044 ab
3281 4008 3371 4054 eo,
3415 3994 3508 4062 qui
3550 3996 3658 4063 ipsi

2074 4092 2367 4146 purpuram
2432 4079 2775 4146 imposuerat,
2805 4095 3001 4149 nempe
3042 4081 3401 4147 Constantio;
3460 4098 3659 4142 sextus

2073 4166 2348 4234 Julianus,
2373 4169 2636 4238 septimus
2685 4167 2973 4236 Jovianus,
3037 4184 3265 4230 octavus
3318 4173 3661 4233 Valentinia-

2076 4275 2180 4313 nus
2230 4259 2271 4321 Ι,
2325 4275 2506 4315 nonus
2562 4258 2780 4316 Valens.
2843 4261 2976 4318 Nam
3028 4266 3174 4333 quod
3224 4265 3654 4324 Constantinum

2073 4348 2220 4403 dicat
2251 4359 2526 4403 mortuum
2556 4349 2649 4401 ἐπὶ
2690 4350 2791 4421 τῆς
2832 4353 3025 4420 γενεᾶς
3068 4353 3166 4425 τῆς
3202 4355 3497 4427 ἡμετέρας,
3530 4376 3653 4412 (reo

2075 4451 2276 4509 nostra,
2310 4441 2393 4495 vel
2420 4442 2486 4496 ad
2513 4442 2771 4507 litteram,
2806 4445 3138 4514 generatione
3182 4462 3387 4516 nostra,
3427 4452 3658 4507 etiamsi

2076 4533 2122 4588 is
2151 4543 2277 4588 ante
2301 4530 2677 4605 Chrysostomi
2705 4544 2888 4589 ortum
2939 4537 3166 4602 obierit,
3223 4538 3361 4593 nihil
3420 4543 3655 4599 mirum.

2074 4623 2289 4679 Etenim
2323 4634 2683 4695 praeterquam
2711 4625 2857 4696 quod
2881 4626 2937 4681 in
2981 4642 3135 4683 more
3163 4637 3248 4685 est
3293 4644 3357 4684 ea
3387 4646 3504 4686 aevo
3555 4649 3661 4688 no-

2077 4726 2192 4773 stro
2217 4717 2399 4773 dicere
2439 4716 2605 4783 facta,
2634 4734 2758 4788 qua:
2794 4730 3010 4789 patrum
3052 4730 3369 4778 nostrorum
3400 4736 3659 4796 tempore

2074 4806 2441 4878 contigerunt,
2486 4807 2538 4862 id
2571 4807 2716 4878 apud
2784 4808 2964 4880 ipsum
2995 4809 3442 4883 Chrysostomum
3476 4818 3662 4873 usita-

2076 4906 2193 4952 tum
2247 4900 2569 4968 reperimus,
2623 4901 2716 4970 qui
2766 4900 2990 4956 humilia
3041 4919 3110 4958 xv
3142 4906 3210 4959 ad
3269 4906 3657 4979 l’hilippeuses

2075 4991 2208 5046 dicit
2243 4990 2460 5047 Faustae
2484 4994 2671 5047 uxoris
2692 4991 3038 5050 Constantini
3064 5012 3249 5052 necem
3272 5014 3374 5053 suo
3401 5008 3658 5071 tempore

2075 5083 2391 5154 contigisse,
2427 5084 2520 5137 tiri
2539 5083 2649 5138 τῶν
2669 5086 2874 5157 χρόνων
2897 5085 3005 5139 τῶν
3025 5089 3326 5162 ἡμετέρων.
3351 5088 3430 5146 Es
3463 5092 3532 5147 iis
3553 5094 3663 5148 itas

2074 5191 2184 5247 que
2213 5191 2405 5233 novem
2435 5177 2856 5247 imperatoribus
2887 5177 3175 5251 [3371mm
3227 5183 3328 5238 soli
3356 5190 3657 5243 communi

2078 5276 2254 5323 morte
2283 5269 2450 5323 vitam
2485 5269 2823 5335 clauserunt,
2851 5270 3102 5327 videlicet
3145 5273 3541 5333 Constantinus
3597 5289 3664 5335 es

2076 5358 2435 5416 Constantius
2478 5360 2600 5431 ejus
2631 5360 2795 5417 filius.
2836 5360 2916 5416 Ex
2969 5363 3191 5433 reliquis
3246 5381 3376 5421 vero
3421 5367 3660 5426 aliusa

2077 5460 2309 5525 tyranno
2334 5454 2550 5510 occisus
2578 5462 2680 5520 est,
2711 5470 2907 5525 nempe
2936 5453 3211 5512 Constans
3230 5472 3263 5513 a
3293 5455 3656 5529 Magnentio;

2077 5548 2218 5603 alius
2253 5548 2306 5602 in
2339 5548 2480 5603 bello
2509 5549 2689 5618 periit,
2721 5547 2982 5604 nimirum
3009 5549 3403 5607 Constantinus
3424 5553 3657 5623 junior;

2076 5637 2218 5693 alius
2249 5639 2672 5696 domesticorum
2716 5641 3007 5695 custodum
3042 5641 3256 5697 insiJiis
3285 5661 3299 5697 :
3342 5643 3396 5698 is
3438 5652 3527 5699 est
3554 5643 3664 5699 Jo-

2073 5729 2290 5799 vianus,
2320 5730 2436 5800 qui,
2464 5738 2521 5786 ut
2557 5729 2721 5795 refert
2779 5730 3011 5800 Suidas,
3045 5740 3316 5790 venenato
3366 5732 3489 5790 cibo
3553 5750 3661 5789 ex-
