3886 6222
244 298 363 352 597‘

246 417 480 471 stinctus
502 421 612 476 est,
654 412 878 483 μύκητα
922 412 1387 481 πεφαρμαγμένον
1429 411 1636 481 φαγών,
1679 413 1823 480 quod

248 508 361 579 ipse
388 506 818 577 Chrysostnmns
859 505 1146 557 conﬁrmat
1192 505 1341 559 hom.
1404 521 1470 557 xv
1519 505 1583 557 ad
1621 505 1821 572 Philip-

250 614 460 670 penses,
522 597 626 649 ὑπὸ
654 594 997 667 δηλητηρίων
1023 594 1263 665 ἀνῄρητο
1295 596 1621 666 φαρμάκων.
1672 597 1825 648 Alius

250 693 318 747 ab
366 691 460 746 illo
489 692 630 760 ipso,
686 690 779 759 qni
848 704 1145 756 purpuram
1203 688 1560 758 imposuerat,
1618 689 1825 742 scilicet

248 784 436 839 Gallus
467 786 650 837 (Ia-sar
697 798 728 835 a
785 779 1128 834 Constantio.
1182 778 1456 833 llaetenns
1499 779 1824 851 Chrysosto—

250 889 395 937 mus,
436 872 528 942 qui
567 872 621 926 in
660 871 981 926 recensione
1031 871 1371 940 reliquorum
1407 871 1573 925 trium
1623 871 1826 925 violen-

248 975 363 1019 tam
390 975 623 1019 mortem
659 972 822 1026 tacet,
858 961 1059 1017 Juliani
1092 978 1307 1032 nempe,
1333 963 1425 1033 qui
1464 979 1588 1017 eum
1642 962 1825 1018 Persis

250 1074 498 1131 pugnans
526 1057 741 1113 occisus
770 1064 853 1110 est
884 1073 899 1119 ;
932 1054 1296 1109 Valentiniani
1335 1056 1529 1125 primi,
1563 1056 1655 1125 qui
1697 1072 1821 1111 cum

247 1153 566 1219 Quadorum
638 1150 830 1219 legatis
887 1149 1246 1218 responderet
1302 1148 1496 1213 iratus,
1558 1148 1824 1217 profluvio

249 1244 533 1315 sanguinis
558 1242 857 1298 suﬂ'oeatus
883 1241 1176 1310 derepente
1207 1240 1437 1305 interiit,
1472 1252 1527 1295 et
1562 1240 1822 1306 Valentis,

246 1355 406 1409 quem
441 1347 628 1407 postea
661 1344 848 1390 narrat
878 1351 906 1387 a
946 1332 1142 1388 Gothis
1170 1335 1538 1388 combustum.

317 1431 474 1498 Quod
522 1437 733 1500 spectat
770 1437 952 1483 autem
1009 1428 1076 1481 ad
1110 1426 1489 1482 defunctorum
1531 1427 1826 1497 imperato-

246 1542 367 1581 mm
395 1539 616 1590 uxores,
642 1538 784 1594 quas
822 1522 1021 1592 partim
1062 1536 1298 1585 veneno,
1335 1520 1532 1591 partim
1588 1535 1827 1575 maerore

247 1617 548 1673 exstinctas
573 1615 730 1677 dicit,
770 1613 975 1667 mrllam
1016 1614 1120 1668 hae
1154 1613 1207 1667 in
1246 1628 1304 1667 re
1361 1611 1611 1667 historici
1667 1612 1826 1666 nobis

249 1709 430 1764 lucem
464 1706 799 1761 ministrant.
851 1703 929 1758 Ex
978 1704 1194 1759 duabus
1229 1713 1408 1759 autem
1447 1717 1570 1773 quae.
1629 1718 1827 1772 snper-

246 1805 403 1860 stites
429 1808 607 1866 erant,
641 1814 764 1870 qua}
796 1798 1003 1869 pupillo
1049 1797 1161 1852 filio
1189 1797 1417 1852 timebat
1441 1812 1509 1851 ne
1550 1795 1676 1866 quis
1722 1796 1828 1850 im-

248 1904 563 1967 peratorum
587 1907 714 1948 eum
747 1901 893 1948 metu
933 1890 1248 1945 futurorum
1285 1889 1353 1945 de
1385 1890 1566 1944 medio
1591 1889 1824 1953 tolleret,

246 1988 463 2042 videtur
496 1984 723 2039 omnino
752 1998 876 2038 esse
914 1998 1055 2036 uxor
1081 1980 1318 2045 Joviani,
1348 1980 1504 2051 cujus
1543 1980 1653 2034 tilio
1695 1978 1829 2033 Var-

250 2079 487 2136 roniano
516 2076 631 2148 jam
668 2075 864 2130 oculus
890 2074 1027 2129 alter
1067 2072 1300 2127 ell‘ossus
1326 2070 1525 2134 fuerat,
1559 2086 1627 2126 ne
1676 2070 1829 2124 vide-

248 2173 375 2227 licet
434 2180 722 2242 paternum
787 2169 1077 2238 imperium
1144 2168 1460 2233 allec-taret,
1540 2176 1705 2236 atque
1763 2182 1830 2221 eo

250 2273 463 2336 spectat
492 2262 624 2319 illud
651 2262 800 2335 φόϐῳ
825 2262 933 2315 τῶν
962 2261 1285 2333 μελλόντων,
1317 2270 1454 2315 metu
1496 2261 1827 2330 futurorum,

250 2373 322 2414 ne
345 2355 557 2413 scilicet
588 2363 814 2426 paterno
833 2353 956 2423 jure
983 2354 1281 2424 imperator
1305 2352 1597 2408 acclamari
1621 2362 1826 2421 posset.

252 2450 379 2506 Haec
409 2449 611 2521 quippe
634 2447 702 2504 ad
732 2445 1004 2502 Justinam
1040 2452 1093 2500 et
1122 2445 1293 2499 ﬁlium
1333 2444 1454 2514 ejus
1494 2442 1832 2498 Valentinia-

251 2557 385 2597 num
414 2539 686 2610 quadrare
714 2554 823 2593 non
875 2545 1128 2607 possunt,
1176 2537 1376 2606 quippe
1408 2536 1527 2605 qui,
1568 2534 1713 2589 licet
1745 2545 1829 2589 te-

251 2633 453 2699 nellus,
505 2632 803 2702 imperator
861 2629 1197 2685 acclamatus
1238 2628 1352 2698 jam
1410 2627 1611 2691 fuerat,
1657 2637 1711 2683 et
1766 2644 1830 2682 ex

251 2727 460 2783 familia
516 2723 869 2796 imperatoria
924 2732 1054 2778 tunc
1106 2723 1409 2793 imperante
1447 2733 1584 2778 erat.
1645 2723 1828 2778 Altera

254 2837 388 2878 vero
439 2819 787 2892 imperatoris
835 2818 1121 2889 cujusdam
1178 2818 1421 2873 defuncti
1480 2834 1657 2884 uxor,
1707 2835 1831 2885 qua:

252 2916 345 2970 vix
372 2913 670 2969 multorum
698 2911 951 2981 precibus
972 2911 1041 2964 ab
1066 2910 1263 2965 exsilio
1288 2910 1542 2977 redierat,
1578 2926 1827 2980 quaenam

251 3013 348 3075 sit,
374 3010 521 3065 haud
553 3009 627 3064 ita
665 3006 823 3064 facile
866 3006 1031 3063 statui
1069 3015 1265 3076 potest,
1308 3021 1376 3059 an
1404 3004 1647 3060 Valentis
1695 3019 1834 3059 uxor

253 3103 559 3168 Dominica,
593 3116 661 3156 an
712 3101 892 3172 potius
951 3101 1152 3154 Severa
1186 3100 1336 3169 prior
1395 3097 1768 3152 Valentiniani
1811 3095 1831 3150 Ι

250 3212 413 3261 uxor,
458 3195 527 3248 ab
558 3193 652 3248 illo
683 3191 965 3263 repudiata
993 3200 1048 3247 et
1082 3192 1135 3245 in
1172 3191 1425 3245 exsilium
1466 3191 1630 3246 missa
1656 3233 1670 3257 ,
1707 3206 1831 3262 quae

248 3285 513 3341 defuncto
554 3283 940 3340 Valentiniano
961 3283 1031 3338 ab
1063 3282 1257 3338 exsilio
1308 3281 1552 3337 redierit.
1585 3280 1723 3336 llinc
1761 3282 1828 3337 ad

251 3394 457 3434 uxores
486 3386 616 3432 tunc
645 3375 1033 3448 imperantium
1065 3376 1432 3446 progreditur,
1463 3392 1696 3447 quarum
1722 3377 1828 3431 alia

249 3488 317 3526 ex
382 3469 628 3540 pristinis
702 3467 1111 3524 calamitatibus
1182 3468 1501 3537 respirans,
1566 3469 1831 3523 mmrendi

249 3576 479 3618 causam
514 3559 709 3616 habuit
750 3560 896 3631 quod
928 3562 1126 3630 conqu
1164 3560 1283 3630 ejus
1312 3560 1500 3632 jnnior
1532 3571 1698 3631 atque
1752 3561 1833 3616 in.

250 3661 512 3723 expertus
545 3663 689 3708 esset
718 3671 731 3707 ε
770 3653 884 3707 lucc
910 3651 1125 3708 videtur
1154 3669 1275 3708 esse
1314 3652 1633 3709 Constantia
1690 3653 1830 3707 Con-

252 3747 441 3804 stantii
485 3746 615 3810 tilia,
638 3746 796 3816 cujus
841 3746 1042 3817 conjux
1094 3744 1389 3801 Gratianus
1415 3745 1504 3799 vix
1564 3760 1832 3800 annorum

253 3840 445 3908 viginti
478 3848 603 3893 tunc
631 3848 787 3901 erat;
822 3838 992 3893 altera
1022 3853 1177 3901 vero,
1206 3854 1327 3907 quae
1354 3837 1574 3909 eonjugi
1622 3847 1832 3893 metue-

263 3933 389 3997 l.at,
439 3932 682 4002 quotidie
738 3931 790 3986 in
846 3931 1000 3986 bellis
1049 3940 1213 4001 atque
1264 3931 1521 4004 periculis
1568 3931 1833 3996 versanti,

256 4023 483 4079 Flaeilla
525 4024 670 4078 haud
719 4023 883 4079 dubie
944 4034 1084 4086 erat.
1136 4039 1275 4078 uxor
1321 4022 1613 4078 Theodosii
1662 4023 1834 4093 impe-

259 4116 487 4171 ratoris.

339 4208 460 4264 Jam
498 4218 556 4264 ut
584 4209 863 4266 calculum
900 4222 1191 4278 ponamus,
1223 4224 1252 4261 a
1295 4222 1426 4262 nece
1461 4206 1703 4263 Valentis
1738 4222 1837 4262 ex-

250 4304 472 4357 ordium
500 4302 811 4361 ducendum
834 4310 952 4367 est;
978 4316 1043 4356 ea
1071 4300 1299 4369 contigit
1319 4315 1463 4353 anno
1493 4299 1620 4362 378,
1650 4314 1839 4355 mense

255 4396 528 4467 Angusto.
570 4393 879 4464 Insequenti
922 4409 1069 4448 anno
1098 4391 1242 4456 579,
1287 4406 1475 4448 mense
1514 4390 1837 4454 Februario,

259 4487 608 4542 Theodosius
643 4502 670 4540 a
698 4486 964 4541 Gratiano
1000 4486 1296 4556 imperator
1335 4486 1706 4555 proclamatns
1734 4494 1838 4549 est,

254 4594 423 4652 atque
450 4581 646 4637 exinde
677 4595 799 4635 cum
836 4578 1029 4636 Gothis
1062 4594 1203 4650 δεθυο
1231 4577 1510 4643 conﬂixit,
1545 4592 1722 4651 usque
1770 4578 1839 4632 ad

1242 293 1333 349 AD
1374 295 1633 352 VIDUAM
1667 295 2037 351 JUNIUREM.
2070 325 2140 335 -—
2172 295 2507 354 MONlTUM.

3380 307 3502 361 5,93‘

1928 433 2128 469 annum
2165 417 2290 477 382,
2339 433 2447 485 quo
2502 416 2701 469 attrita:
2756 431 2844 471 res
2900 416 3204 472 Gothorum
3255 422 3492 477 lue-unt.

1929 508 2065 562 Dum
2102 510 2215 564 haec
2257 525 2385 563 vero
2416 510 2679 564 scriberet
2723 510 3169 581 Chrysostomus,
3204 512 3365 567 Gothi
3408 518 3501 569 ad-

1928 602 2035 656 huc
2069 603 2423 667 ferociebant,
2462 604 2833 675 Romanisque
2861 606 3199 662 formidolosi
3233 618 3409 671 erant,
3444 620 3501 662 ut

1928 695 2017 749 ille
2040 695 2137 757 ait,
2172 694 2624 766 TheOdOsiUs‘que
2664 697 2721 749 in
2765 697 2899 750 bello
2928 708 2975 750 et
3025 700 3225 765 puellis
3261 698 3506 753 versaba-

1929 797 2040 841 tur.
2073 785 2199 841 llaec
2229 787 2400 856 probe
2429 797 2738 855 competere
2767 798 3000 857 possunt
3046 789 3098 842 in
3131 805 3336 844 annum
3372 790 3500 857 580,

1922 894 2037 948 quo
2068 887 2312 933 vertente
2345 878 2564 931 circiter
2597 895 2661 932 ex
2696 878 2976 948 spelunca,
3014 880 3107 934 ubi
3141 881 3363 935 biennio
3409 881 3504 937 de-

1925 969 2167 1035 lituerat,
2198 970 2540 1025 Antiochiam
2590 970 2749 1025 rediit
2797 970 3265 1044 Chrysostomus,
3302 975 3383 1029 vel
3446 975 3501 1029 in

1927 1073 2249 1133 sequentem
2306 1061 2433 1117 581.
2506 1061 2666 1119 Certe
2730 1078 2921 1119 omnes
2994 1080 3158 1135 supra
3221 1067 3507 1123 recensita:

1929 1164 2070 1209 notae
2107 1154 2173 1208 ad
2233 1155 2338 1210 hoc
2390 1162 2609 1225 tempus
2652 1156 2857 1225 optime
2896 1155 3190 1226 quadrant,
3225 1157 3293 1213 ad
3352 1158 3501 1213 aliud

1930 1262 2058 1299 vero
2085 1247 2328 1301 minime.

2000 1341 2188 1394 Restat
2221 1350 2279 1395 ut
2310 1342 2375 1395 de
2397 1342 2642 1411 sequenti
2665 1342 2732 1394 ad
2758 1343 2965 1395 viduam
2997 1352 3228 1397 tractatu
3256 1360 3504 1413 agamus.

1930 1432 1987 1488 Si
2018 1434 2176 1489 titulo
2204 1434 2338 1489 fides
2364 1434 2651 1500 habeatur,
2676 1436 2741 1488 ad
2768 1437 3014 1489 eamdem
3040 1436 3281 1502 viduam,
3314 1454 3510 1506 nempe

1931 1523 2184 1579 Therasii
2212 1540 2461 1589 uxorem,
2503 1524 2649 1579 hunc
2686 1525 2847 1578 etiam
2876 1526 3024 1580 misit
3051 1526 3505 1597 Chrysostomus:

1932 1616 2013 1671 sie
2053 1617 2254 1687 quippe
2309 1617 2505 1687 legitur
2562 1618 2616 1671 in
2668 1617 2926 1673 euntibus
2978 1634 3101 1672 cum
3148 1619 3333 1683 editis,
3397 1629 3507 1674 tum

1933 1708 2352 1778 manuscriptis,
2412 1708 2520 1761 Τοῦ
2581 1709 2746 1761 αὑτοῦ
2808 1710 2944 1781 πρδς
2991 1710 3088 1779 τὴν
3144 1710 3315 1780 αὐτὴν
3378 1713 3510 1781 περὶ

1935 1800 2278 1872 μονανδρῐας,
2321 1800 2553 1870 ejusdem
2595 1802 2664 1852 ad
2716 1801 2951 1855 eamdem
2997 1802 3061 1854 de
3113 1818 3216 1854 non
3266 1803 3508 1855 iterando

1930 1893 2201 1964 conjugio.
2237 1891 2375 1947 llnic
2398 1908 2619 1963 quoque
2647 1894 2933 1948 sententia:
2965 1892 3147 1948 favere
3174 1895 3390 1949 videtur
3418 1910 3506 1948 ar-

1932 1986 2174 2055 gumenti
2198 2001 2370 2056 genus
2398 2004 2411 2040 :
2443 2001 2568 2040 nam
2601 1985 2908 2055 dejnniore
2940 1988 3100 2041 vidua
3132 1987 3333 2058 agitur,
3387 2004 3510 2057 qua:

1934 2079 2104 2132 semei
2131 2080 2397 2148 nupserit,
2433 2096 2554 2149 qna:
2598 2080 2759 2134 ambo
2791 2079 3043 2133 Therasii
3081 2081 3237 2135 uxori
3288 2097 3510 2151 compc-

1935 2180 2075 2225 tnnt.
2123 2170 2320 2225 Verum
2356 2171 2443 2226 hic
2498 2188 2610 2227 tuon
2664 2172 2884 2225 viduam
2943 2172 3180 2242 aliquant
3232 2172 3507 2240 jnniorem

1934 2265 2253 2333 alloquitur,
2307 2265 2399 2319 sed
2439 2280 2631 2319 omnes
2672 2265 2836 2319 simul
2894 2264 3087 2318 viduas
3130 2266 3512 2321 eone-iuuantis

1934 2374 2087 2413 more
2141 2373 2249 2411 non
2302 2357 2531 2417 iterandi
2591 2358 2832 2427 conjugii
2889 2373 3087 2413 causas
3145 2358 3338 2414 docet:
3386 2360 3515 2413 licet

1933 2448 2078 2501 enim
2113 2450 2365 2503 secundae
2397 2449 2600 2519 nuptiae
2622 2450 2907 2520 culpanda:
2941 2466 3047 2506 non
3083 2451 3215 2517 sint,
3246 2468 3352 2506 non
3385 2463 3512 2506 sunt

1935 2546 2115 2591 tamen
2152 2538 2310 2593 laude
2349 2538 2547 2609 dignas,
2606 2555 2671 2594 ac
2729 2540 3049 2595 nonnullam
3097 2541 3510 2597 incontinentiae

1937 2640 2121 2684 notam
2154 2647 2263 2700 prae
2292 2646 2350 2685 se
2405 2630 2606 2686 ferunt.
2644 2631 2960 2687 Orationem
3014 2648 3141 2688 vero
3178 2633 3402 2694 claudit,
3456 2644 3515 2685 rt

1935 2723 1989 2776 in
2030 2723 2269 2778 homiliis
2297 2724 2475 2778 solet:
2517 2723 2667 2789 llwc,
2708 2724 2906 2794 inquit,
2939 2742 3039 2779 non
3073 2742 3176 2793 quo
3217 2726 3513 2779 necessaria

1932 2815 2323 2885 iudicaremus,
2365 2817 2664 2885 attulimus,
2706 2829 2803 2872 aut
2856 2834 2957 2888 quo
2996 2818 3143 2881 illas,
3193 2834 3312 2888 qua:
3348 2817 3402 2871 in
3440 2818 3519 2871 ri-

1940 2909 2144 2963 duitate
2181 2926 2487 2978 permanere
2517 2911 2723 2971 nolunt.
2770 2912 3259 2979 condemnaremus,
3295 2913 3385 2966 sed
3420 2912 3519 2965 hoc

1939 3018 2103 3055 unum.
2142 3002 2503 3057 cohortatione
2561 3004 3023 3075 admonitioneqne
3060 3016 3243 3060 nostra
3284 3015 3516 3075 agentes,

1940 3106 1995 3149 ut
2027 3113 2089 3150 ne
2130 3106 2283 3149 terra:
2312 3106 2558 3165 perpetua
2587 3098 2756 3168 aliine
2787 3098 2982 3153 horrere
3018 3099 3197 3163 velint,
3237 3102 3329 3155 sed
3359 3100 3519 3154 semel

1938 3190 2129 3242 solum
2181 3189 2234 3239 in
2298 3189 2539 3241 libertate
2581 3198 2845 3254 maneant,
2886 3190 2955 3243 ad
3020 3190 3205 3244 caelum
3264 3192 3520 3261 περίνοια,

1938 3279 2205 3333 ccclestem
2264 3279 2467 3333 vivendi
2521 3281 2777 3334 rationem
2828 3281 3155 3349 adhibeant,
3214 3299 3277 3336 ac
3315 3282 3522 3352 junctm

1939 3371 2150 3428 Christo
2179 3389 2240 3425 ca
2271 3373 2451 3426 omnia
2488 3383 2760 3441 pra‘stent,
2790 3390 2908 3444 ante
2934 3374 3002 3428 iis
3030 3375 3366 3441 conveniunt,
3395 3392 3515 3445 qua:

1940 3474 2147 3520 tantum
2181 3478 2351 3520 nocte
2377 3473 2500 3518 sunt
2527 3482 2775 3535 sponsum
2805 3482 2823 3519 :
2856 3467 3109 3537 quoniam
3149 3468 3319 3537 ipsum
3374 3467 3520 3522 decet

1938 3560 2108 3612 omnis
2147 3558 2342 3630 gloria,
2374 3558 2564 3624 honor,
2594 3568 2702 3615 etc.
2734 3557 2862 3615 llaec
2909 3559 3192 3616 concionis
3236 3560 3510 3633 epilogum

1937 3667 2058 3707 esse
2095 3667 2254 3707 nemo
2278 3666 2387 3705 non
2419 3652 2584 3706 videt.
2616 3651 2797 3719 Quare
2824 3653 2907 3706 vel
2934 3653 2988 3707 in
3022 3652 3183 3708 titulo
3216 3653 3347 3708 illud
3380 3656 3520 3725 πρὸς

1939 3744 2036 3817 τὴν
2082 3744 2252 3815 αὑτήν
2277 3785 2294 3809 ,
2325 3744 2395 3797 ad
2431 3744 2690 3809 eamdem,
2720 3760 2751 3799 a
2789 3744 3014 3799 librario
3046 3744 3282 3815 quodam
3321 3754 3522 3801 temere

1944 3837 2215 3907 adjectum
2245 3844 2364 3892 est:
2399 3836 2482 3890 vel
2524 3836 2571 3891 si
2621 3850 2740 3891 eam
2788 3834 3094 3892 orationem
3153 3838 3221 3893 ad
3270 3837 3519 3894 Therasii

1942 3944 2167 3984 uxorem
2198 3943 2325 3983 vere
2356 3928 2567 3983 miserit
2616 3928 3043 4000 Chrysostomus
3067 3970 3083 3996 ,
3120 3929 3294 4001 ipsam
3330 3941 3518 4001 postea

1945 4022 2180 4076 homiliae
2208 4036 2358 4077 more
2385 4020 2769 4076 concinnatam
2803 4022 2856 4076 in
2901 4031 3047 4078 coetu
3080 4023 3389 4078 recitaverit
3446 4022 3517 4078 Ut

1942 4124 2002 4169 ut
2028 4129 2154 4169 vero
2181 4114 2276 4179 sit,
2325 4122 2627 4184 opportune
2670 4115 2891 4185 ponitur
2951 4123 3073 4185 pist
3115 4116 3420 4171 orationem
3452 4117 3521 4171 ad

1941 4204 2189 4262 Therasii
2225 4220 2470 4268 uxorem,
2503 4204 2631 4275 quia
2663 4214 2747 4261 est
2778 4206 3024 4277 ejusdem
3052 4209 3382 4279 argumenti,
3412 4225 3513 4266 nec

1942 4299 2131 4354 debuit
2157 4297 2367 4353 moveri
2392 4297 2531 4352 loco.

2016 4390 2272 4446 Flaminii
2311 4388 2514 4456 Nobilii
2556 4391 3082 4463 interpretationem,
3142 4402 3328 4463 utpote
3361 4409 3523 4449 aecu-

1946 4493 2119 4539 ratam
2173 4499 2274 4540 nec
2318 4483 2713 4555 inelegantem,
2758 4486 2968 4557 aliquot
3024 4494 3207 4542 tamen
3272 4486 3327 4542 in
3385 4488 3523 4545 locis

1946 4576 2312 4643 emendatam,
2338 4591 2369 4633 e
2398 4576 2621 4648 regione
2652 4576 2828 4636 Graeci
2860 4587 3041 4636 textus
3066 4579 3381 4652 posuimus.
