3886 6222
365 295 468 349 ὸῦθ

423 435 806 446 _—~—_———.

1061 298 1117 350 S.
1147 294 1431 350 JOANNIS
1468 292 1952 349 CllltYSOSTOMI
1991 291 2309 347 AHCIIIEP.
2351 287 2903 346 CONSTANTINOP.

3507 279 3598 333 600

2411 429 2666 444 -Ὰ

1034 779 1238 902 ΑΙ)
1364 778 1986 910 VIDUAM
2109 777 2960 907 JUNIOBEM.

435 1451 484 1504 1.
527 1450 752 1504 Gravcm
785 1459 835 1504 te
862 1448 1073 1518 quidem
1106 1449 1364 1517 accipisse
1391 1449 1598 1518 plagam
1627 1487 1639 1510 ,
1682 1455 1840 1516 alque
1874 1449 1938 1495 ad

362 1538 590 1593 maxime
617 1539 826 1593 vitalem
858 1548 1059 1609 partem
1095 1539 1329 1608 jaculum
1374 1552 1602 1608 superne
1645 1535 1938 1590 inunissum

359 1632 664 1701 pervenisse
692 1646 877 1687 omnes
903 1645 1030 1685 sane
1062 1631 1151 1685 tibi
1182 1630 1567 1692 consenserint,
1595 1643 1658 1683 ac
1686 1641 1844 1682 nemo
1874 1640 1940 1678 ne

361 1740 423 1778 ex
457 1725 521 1778 iis
543 1724 777 1793 quidem,
807 1724 894 1792 qui
923 1723 1079 1779 valde
1110 1723 1407 1793 philosophi
1439 1731 1584 1788 sunt,
1605 1718 1940 1776 contradixe-

361 1816 429 1870 rit
458 1833 470 1869 :
504 1831 686 1871 verum
716 1817 964 1885 quoniam
997 1815 1134 1870 male
1163 1823 1411 1882 acceptos
1439 1829 1542 1866 non
1597 1813 1648 1866 in
1698 1811 1836 1865 luctu
1879 1823 1941 1863 ac

362 1906 609 1977 lacrymis
638 1923 796 1960 onme
823 1921 975 1959 suum
1008 1915 1215 1974 tempus
1243 1920 1558 1959 consumere
1587 1910 1814 1974 oportet,
1846 1900 1938 1955 sed

363 2000 632 2053 vulnerum
657 2015 866 2069 quoque
892 1999 1146 2053 curationi
1174 1998 1454 2068 plurimum
1479 2010 1653 2067 opera:
1679 1993 1940 2063 studiique

362 2107 575 2155 navare,
607 2107 694 2154 ne,
724 2092 766 2146 si
793 2090 1038 2160 despecta
1069 2089 1280 2150 fuerint,
1316 2089 1570 2158 majorem
1599 2087 1841 2156 ipsismet
1865 2086 1940 2139 la-

359 2182 556 2252 rrymis
584 2182 808 2235 all‘crant
845 2182 1053 2251 plagam
1082 2223 1096 2245 ,
1133 2190 1290 2249 atque
1331 2180 1444 2248 ipso
1476 2179 1615 2232 luctu
1649 2177 1938 2232 vehemen-

361 2276 546 2330 tiorem
589 2274 850 2329 [lanunam
879 2275 1108 2329 excitent
1140 2292 1154 2328 :
1187 2289 1394 2342 :eqnum
1429 2273 1666 2342 profecto
1696 2271 1854 2325 fuerit
1886 2278 1937 2325 te

361 2380 476 2418 eam
508 2381 625 2434 qua:
655 2381 749 2434 per
775 2381 1048 2420 sermones
1073 2364 1355 2420 adhibetur
1383 2363 1798 2419 Consolationem
1833 2377 1936 2416 non

359 2455 656 2522 repudiare,
687 2470 750 2509 ac
778 2455 1126 2526 lacrymarutn
1167 2455 1356 2509 ﬂuvios
1387 2469 1666 2523 parumper
1687 2467 1940 2507 coercen-

361 2557 462 2599 tcm
502 2545 567 2598 ad
594 2546 754 2600 breve
783 2545 969 2600 saltem
999 2554 1209 2615 tempus
1240 2545 1302 2598 iis
1328 2544 1488 2599 etiam
1507 2587 1521 2608 ,
1549 2545 1640 2613 qui
1670 2553 1721 2598 te
1746 2559 1940 2598 conso-

359 2635 452 2689 lari
489 2635 866 2705 aggrediuntur
889 2677 902 2700 ,
937 2645 988 2690 te
1031 2637 1200 2705 ipsam
1240 2636 1391 2690 dare.
1439 2635 1560 2689 ll:ec
1603 2634 1742 2688 enim
1779 2649 1937 2688 causa

357 2737 436 2780 est
455 2769 469 2790 ,
499 2743 594 2781 cur
620 2737 674 2782 et
708 2742 804 2782 nos
833 2743 938 2783 non
969 2729 1020 2782 in
1049 2729 1164 2800 ipso
1194 2728 1367 2782 luctus
1407 2729 1588 2798 vigore
1609 2768 1625 2793 ,
1657 2742 1831 2798 neque
1861 2728 1935 2781 si-

358 2820 464 2873 mul
490 2836 552 2875 ac
583 2820 777 2876 fulmen
823 2820 1037 2888 decidit,
1062 2820 1485 2884 obturbaremus,
1513 2821 1604 2876 sed
1627 2829 1935 2874 cunctante:

358 2925 468 2969 toto
500 2916 597 2971 hoc
629 2917 944 2973 intermedio
974 2903 1246 2986 tempore,
1277 2932 1339 2972 ac
1372 2917 1746 2986 permittentes
1775 2927 1824 2969 Ie
1852 2929 1936 2967 sa-

357 3009 470 3060 tiari
501 3009 646 3073 ﬂetu,
678 3007 890 3078 quando
909 3008 1018 3078 jam
1046 3023 1074 3060 a
1101 3008 1325 3078 caligine
1350 3007 1435 3061 illa
1462 3005 1728 3076 paululum
1753 3007 1935 3059 oculos

355 3097 630 3159 attollere,
660 3107 817 3167 atque
848 3112 1003 3152 aures
1032 3098 1116 3162 iis,
1156 3097 1248 3168 qui
1279 3107 1328 3151 te
1351 3095 1615 3151 consolari
1646 3103 1932 3155 tentarent.

357 3187 594 3252 pra-bere
641 3187 894 3255 potuisti,
927 3196 1050 3242 tunc
1095 3188 1190 3258 ipsi
1231 3202 1441 3256 quoque
1475 3195 1597 3256 post
1620 3185 1932 3240 ancillarum

354 3293 626 3331 sermones
651 3287 831 3333 nostra
851 3279 1281 3350 adjungeremus.
1311 3277 1440 3333 Nam
1464 3293 1584 3332 cum
1605 3276 1776 3331 adhuc
1804 3287 1932 3332 ten.-

355 3377 528 3435 pestas
561 3384 744 3438 magna
783 3379 902 3436 est,
945 3379 999 3424 et
1042 3370 1210 3422 luctus
1250 3369 1417 3439 viget,
1449 3367 1535 3438 qui
1573 3367 1811 3422 dolorem
1842 3368 1933 3422 de-

354 3474 551 3526 ponere
600 3459 829 3524 suadet,
877 3461 921 3514 is
961 3460 1214 3528 ejulatum
1261 3459 1427 3530 magis
1479 3465 1772 3528 provocat,
1803 3458 1931 3512 nihil

351 3548 489 3602 aliud
518 3549 646 3602 lucri
676 3559 972 3619 reportans,
1001 3566 1157 3619 quam
1179 3550 1382 3616 odium,
1411 3550 1736 3620 multamque
1765 3559 1934 3604 mate-

353 3640 482 3694 riem
507 3639 766 3708 ejusmodi
794 3641 1034 3694 oratione
1064 3641 1369 3709 suppeditat
1402 3639 1545 3708 igni,
1574 3639 1836 3708 simulque
1864 3639 1930 3694 de

350 3748 409 3785 se
433 3741 481 3785 et
512 3732 705 3786 inimici
751 3740 803 3786 et
842 3731 983 3785 stulti
1027 3731 1254 3785 hominis
1281 3731 1434 3785 ail‘ert
1462 3731 1766 3799 opinionem
1798 3749 1809 3783 :
1841 3745 1930 3785 ve-

351 3838 465 3874 rum
491 3822 702 3890 quando
733 3823 834 3890 jam
857 3832 1016 3877 aestus
1043 3823 1132 3877 ille
1158 3822 1401 3877 desidere
1427 3822 1582 3892 cmpit
1601 3864 1616 3886 ,
1645 3837 1708 3876 ac
1730 3822 1931 3876 violen-

349 3914 471 3965 tiam
501 3911 752 3967 iluctuum
781 3914 986 3968 sedavit
1013 3915 1149 3968 Deus
1169 3956 1182 3975 ,
1209 3912 1361 3968 facile
1382 3913 1635 3968 orationis
1657 3913 1768 3967 vela
1798 3928 1930 3982 pau-

347 4004 553 4057 demus.
579 4004 704 4057 Nam
735 4005 986 4059 mediocri
1019 4006 1233 4074 quidem
1263 4015 1575 4074 tempestate
1595 4007 1793 4076 poterit
1819 4005 1926 4058 for-

349 4103 489 4147 tasse
532 4109 619 4147 ars
660 4110 811 4149 suum
849 4094 1080 4150 officium
1124 4095 1295 4149 facere
1340 4115 1352 4150 :
1389 4104 1444 4148 at
1485 4112 1606 4150 cum
1646 4103 1926 4151 ventorum

349 4183 577 4252 impr-tus
603 4185 834 4239 invictus
857 4184 1044 4248 fertur,
1075 4185 1203 4238 nihil
1236 4185 1333 4239 loci
1363 4197 1442 4237 est
1472 4185 1693 4252 peritia).
1717 4185 1809 4239 llis
1835 4186 1928 4240 ad-

348 4274 487 4327 uucti
524 4279 697 4329 causis
733 4284 844 4330 toto
881 4277 1153 4346 superiore
1183 4287 1420 4344 tempore
1448 4279 1718 4340 siluimus,
1753 4292 1815 4330 ac
1839 4277 1925 4331 vix

351 4380 488 4419 ntmc
507 4367 749 4420 emittere
772 4381 954 4420 vocem
977 4367 1209 4437 aggressi
1231 4392 1240 4418 τ
1259 4383 1432 4419 mnus.
1455 4366 1761 4420 Audivimus
1781 4367 1922 4422 enim

348 4473 374 4507 τι
409 4465 593 4524 patruo
622 4466 742 4523 tuo,
772 4457 1143 4511 conlidendum
1176 4458 1395 4527 posthac
1419 4472 1538 4512 esse
1572 4476 1584 4510 :
1619 4473 1740 4511 nam
1770 4468 1822 4512 et
1847 4459 1924 4511 fa-

346 4550 532 4606 mulas.
561 4566 677 4618 qua:
706 4549 858 4620 paulo
886 4549 1252 4604 honoratiores
1272 4550 1395 4614 siut,
1422 4549 1620 4604 audere
1641 4549 1707 4604 de
1735 4549 1814 4605 his
1841 4565 1925 4604 re-

345 4639 442 4691 bus
474 4640 706 4708 pruliXttS
735 4641 927 4694 inferre
958 4655 1234 4694 sermones
1256 4683 1270 4705 ,
1307 4641 1412 4694 imo
1437 4652 1684 4695 externas
1709 4655 1921 4710 quoque

345 4731 612 4795 nndiercs,
641 4739 800 4800 atque
828 4747 920 4787 eas
947 4748 1064 4800 qua:
1090 4742 1175 4786 aut
1206 4747 1401 4802 genere
1428 4732 1518 4785 tibi
1544 4742 1800 4800 cognatae,
1831 4741 1922 4786 aut

342 4821 442 4874 alia
486 4823 670 4891 quavis
721 4822 924 4876 ratione
972 4823 1038 4876 ad
1098 4822 1199 4876 hoc
1237 4839 1429 4878 ntunus
1464 4823 1766 4876 obeuudmu
1814 4824 1921 4877 sint

345 4913 565 4965 idonew.
590 4912 796 4978 Quodsi
815 4913 1019 4967 illarum
1047 4929 1322 4968 sermones
1344 4913 1598 4980 admittis,
1619 4915 1770 4968 valde
1792 4932 1920 4968 cvit-

343 5005 552 5059 fidimus
577 5019 637 5057 ac
664 5022 759 5072 pro
779 5015 926 5060 certo
950 5005 1205 5060 habemus
1227 5005 1338 5060 fore
1361 5018 1411 5059 ut
1437 5019 1647 5060 nostros
1667 5022 1769 5060 non
1791 5021 1917 5060 con.

341 5109 566 5164 tomuas,
599 5099 690 5152 sed
720 5100 949 5167 quietem
981 5115 1044 5153 ac
1074 5101 1531 5170 tranquillitatem,
1563 5100 1734 5170 quoad
1766 5111 1914 5168 pote-

338 5193 432 5253 ris,
461 5189 590 5258 ipsis
636 5189 910 5244 audiendis
959 5189 1234 5244 adhibeas.
1281 5190 1422 5244 Sane
1462 5190 1734 5244 nmliebris
1761 5205 1917 5243 sexus

340 5281 621 5345 proclivior
637 5281 1024 5351 quodammodo
1043 5282 1110 5336 ad
1125 5283 1526 5353 concipiendum
1543 5283 1780 5336 dolorem
1803 5293 1914 5336 est:

339 5355 392 5424 at
410 5386 528 5426 cum
555 5382 808 5441 praeterea
830 5373 1081 5442 juventus
1101 5372 1269 5437 adest,
1295 5383 1346 5426 ct
1365 5373 1589 5428 viduitas
1613 5375 1914 5436 innuatura,

339 5468 393 5511 et
419 5462 590 5516 nullus
616 5467 942 5531 negotiorum
971 5479 1116 5526 usus,
1144 5474 1197 5517 et
1222 5478 1469 5517 curarmu
1505 5480 1690 5530 magna
1724 5465 1911 5530 moles,

339 5559 495 5618 atque
523 5567 680 5607 omne
717 5555 996 5623 pristinum
1025 5565 1234 5624 tempus
1262 5557 1312 5609 in
1339 5556 1542 5611 deliciis
1565 5599 1578 5621 ,
1610 5556 1872 5613 hilaritate
1896 5600 1911 5624 ,

339 5639 530 5696 divitiis
557 5643 877 5715 insumptum
903 5656 1002 5712 εει,
1025 5646 1204 5702 multis
1227 5648 1462 5717 partibus
1484 5648 1652 5719 major
1673 5649 1912 5705 redditur

2055 1442 2329 1497 calamitas
2348 1485 2363 1508 ,
2392 1452 2482 1510 ut,
2515 1443 2616 1500 nisi
2644 1458 2932 1516 supernum
2961 1443 3099 1501 adsit
3123 1448 3396 1517 auxilium,
3427 1454 3622 1520 pericu.

2050 1531 2157 1586 lum
2184 1535 2253 1588 sit
2278 1549 2346 1588 ne
2364 1549 2393 1588 a
2421 1535 2796 1606 qualicumque
2823 1536 3058 1591 irruente
3082 1537 3401 1608 cogitatione
3421 1541 3622 1611 dejicia-

2050 1629 2170 1677 tur:
2203 1624 2342 1695 quod
2369 1625 2613 1696 eqridem
2653 1627 2733 1682 vel
2767 1628 3085 1698 prmeipuum
3123 1646 3187 1684 ac
3227 1633 3512 1687 maximum
3547 1637 3623 1688 di-

2050 1716 2183 1772 vina:
2209 1733 2334 1786 erga
2366 1727 2414 1773 te
2439 1735 2581 1773 curm
2612 1719 2862 1774 indicium
2890 1723 3208 1776 censuerin.
3241 1723 3369 1778 Nam
3389 1728 3525 1795 quod
3554 1737 3625 1782 lul

2052 1820 2270 1880 repente
2300 1813 2738 1867 concurrentibus
2767 1813 2920 1866 malis
2945 1829 3050 1867 non
3083 1822 3134 1868 te
3161 1817 3418 1886 agritudo
3440 1818 3630 1872 absor-

2052 1900 2266 1967 buerit,
2307 1917 2406 1956 nec
2445 1902 2510 1956 de
2554 1902 2781 1956 naturali
2822 1902 3016 1956 mentis
3042 1912 3180 1958 statu
3211 1905 3284 1960 sis
3314 1908 3586 1962 delurbata
3611 1954 3624 1972 ,

2048 2007 2152 2046 non
2189 1992 2242 2047 id
2272 1991 2490 2047 humani
2518 1993 2741 2062 alicujus
2767 1992 2945 2047 auxilii
2972 1992 3089 2062 fuit,
3119 1996 3212 2050 sed
3238 1994 3624 2068 Omnipotentis

2049 2081 2189 2136 illius
2213 2097 2422 2148 manus,
2441 2083 2534 2138 sed
2564 2083 2924 2152 intelligentia:
2947 2084 3087 2138 illius
3107 2088 3258 2153 cujus
3285 2100 3389 2141 non
3417 2099 3496 2142 est
3525 2107 3624 2143 nn-

2049 2187 2226 2226 merus
2250 2213 2265 2236 ,
2295 2172 2392 2228 sed
2423 2173 2718 2242 prudentite
2750 2173 2892 2227 illius
2917 2190 3035 2242 qme
3069 2176 3367 2246 investigari
3395 2195 3499 2232 non
3531 2195 3625 2248 po-

2048 2271 2188 2330 test,
2216 2263 2308 2318 sed
2331 2263 2503 2318 Patris
2527 2263 3011 2319 misericordiarum
3037 2307 3051 2329 ,
3086 2280 3150 2320 ac
3191 2267 3284 2321 Dei
3322 2269 3481 2324 torius
3501 2287 3626 2324 con-

2044 2357 2337 2411 solationis.
2381 2355 2411 2409 Ι
2417 2374 2505 2426 pse
2544 2356 2708 2423 enim,
2735 2358 2904 2427 inquit
2933 2400 2948 2420 ,
2987 2358 3257 2414 verberavit
3284 2379 3373 2417 no:
3397 2404 3411 2426 ,
3449 2374 3495 2417 et
3523 2365 3628 2434 ipse

2043 2450 2238 2503 sanabit
2273 2465 2396 2514 uas;
2439 2449 2678 2520 percutiet
2705 2490 2720 2515 ,
2749 2462 2794 2503 ει
2826 2451 3019 2502 curabit
3062 2460 3106 2504 et
3149 2469 3299 2507 sanos
3342 2457 3491 2523 faciet
3535 2474 3626 2510 nos

2044 2537 2220 2607 (Osee
2264 2541 2322 2594 6.
2349 2538 2385 2592 2
2413 2544 2450 2608 ).

2131 2628 2305 2684 Viduis
2335 2630 2470 2685 Deus
2499 2633 2591 2685 viri
2620 2633 2728 2686 loco
2759 2642 2849 2687 est.
2880 2663 2946 2674 -—
2979 2633 3239 2700 Quamdiu
3269 2638 3409 2693 enim
3452 2651 3626 2698 tecum

2045 2739 2144 2775 una
2182 2723 2390 2777 vivebat
2429 2724 2614 2778 beatus
2657 2726 2745 2779 ille
2775 2727 2873 2792 vir,
2906 2727 3153 2794 capi-bas
3175 2729 3388 2799 quidem
3422 2731 3629 2790 fructus

2043 2812 2278 2870 honoris.
2303 2831 2464 2875 cono,
2498 2816 2654 2870 smdii
2682 2833 2695 2880 ;
2724 2818 2970 2886 capiebas
2992 2828 3192 2887 autem,
3215 2822 3399 2890 quales
3424 2839 3489 2877 ex
3523 2825 3623 2880 ho.

2043 2907 2182 2960 mine
2212 2922 2403 2976 capere
2435 2924 2528 2976 par
2553 2917 2668 2962 erat
2699 2925 2714 2962 :
2743 2910 2992 2978 quoniam
3021 2926 3146 2965 vero
3173 2913 3318 2967 illmn
3345 2914 3411 2968 ad
3440 2932 3499 2970 se
3529 2934 3624 2969 vo-

2039 3001 2178 3052 cavit
2210 2999 2346 3053 Deus
2370 3041 2385 3064 ,
2433 3001 2546 3067 ipse
2588 3015 2728 3054 nunc
2773 3001 2913 3055 illius
2953 3002 3069 3055 loco
3102 3018 3160 3057 se
3189 3004 3282 3059 tibi
3326 3007 3622 3063 substituit.

2040 3087 2222 3158 Neque
2259 3089 2359 3142 hoc
2395 3105 2569 3143 meum
2599 3099 2678 3144 est
2707 3130 2722 3155 ,
2758 3090 2850 3145 sed
2894 3092 3032 3146 beati
3066 3096 3337 3162 prophetw
3373 3098 3584 3152 Davidis
3611 3141 3626 3160 ,

2039 3181 2125 3248 qui
2153 3181 2222 3234 ita
2252 3180 2439 3249 inquit,
2470 3180 2732 3250 Pupillum
2758 3183 3021 3237 etriduam
3044 3186 3465 3258 suscipielU’snl.
3497 3191 3625 3245 145.

2038 3270 2070 3324 9
2097 3271 2150 3339 );
2179 3279 2231 3325 et
2250 3271 2374 3324 alibi
2405 3273 2576 3340 ipsum
2602 3281 2755 3326 vOCat
2779 3285 2976 3341 patrem
3003 3276 3320 3344 pupillorum
3351 3319 3368 3343 ,
3402 3289 3454 3332 et
3483 3282 3629 3349 judi-

2038 3375 2153 3415 cem
2216 3361 2492 3415 viduarum
2517 3360 2688 3433 (Psal.
2730 3363 2816 3417 67.
2841 3362 2916 3434 6).
2955 3367 3279 3436 omninoque
3324 3368 3423 3424 hoc
3449 3373 3628 3426 Immi-

2038 3469 2162 3506 nmn
2189 3467 2356 3522 genus
2387 3468 2592 3524 magna:
2623 3454 2719 3523 ipsi
2746 3469 2886 3508 cura:
2913 3470 3034 3510 esse
3063 3457 3287 3512 videbis.

2104 3545 2159 3599 2.
2199 3546 2461 3600 Cancrum
2493 3560 2561 3602 ne
2585 3547 2683 3600 hoc
2711 3562 2903 3604 nomen
2935 3548 3146 3604 assidue
3173 3561 3477 3622 usurpatqu
3507 3561 3634 3609 aui-

2037 3651 2182 3689 mum
2210 3635 2303 3690 tibi
2331 3635 2564 3706 dejiciat,
2596 3652 2658 3690 ac
2685 3638 2944 3692 rationem
2977 3642 3247 3707 perturbet
3271 3647 3534 3712 reputanti
3571 3649 3626 3702 in

2036 3726 2152 3795 ipso
2171 3728 2342 3781 artatis
2369 3726 2498 3781 flore
2525 3727 2648 3782 illud
2692 3737 2743 3782 te
2768 3729 3010 3793 subiisse,
3035 3731 3100 3784 de
3123 3733 3220 3784 hoc
3242 3733 3368 3787 mihi
3391 3737 3631 3804 primum

2033 3816 2399 3871 disserendum
2428 3819 2698 3888 proposui,
2720 3829 2878 3888 atque
2903 3821 3308 3888 ostendendum,
3334 3840 3440 3880 non
3469 3829 3625 3883 cala-

2035 3909 2230 3963 mitatis
2260 3926 2453 3965 nomen
2481 3927 2600 3966 esse
2631 3928 2822 3967 nomen
2848 3913 3138 3982 viduitatis,
3171 3917 3262 3972 sed
3294 3919 3531 3986 honoris,
3571 3935 3634 3978 et

2035 3999 2253 4055 honoris
2273 4001 2485 4070 quidem
2515 4003 2747 4056 maximi.
2777 4004 2957 4074 Neque
2975 4007 3113 4060 enim
3143 4018 3195 4062 tu
3215 4011 3344 4064 mihi
3368 4014 3505 4082 vulgi
3533 4017 3628 4068 de~

2036 4100 2306 4160 pravatam
2335 4093 2636 4162 opinionem
2658 4093 2709 4148 in
2739 4097 3097 4152 testimonium
3119 4099 3328 4167 afferas,
3353 4105 3446 4156 scd
3473 4106 3626 4160 beati

2032 4183 2202 4250 Pauli,
2229 4185 2310 4240 vel
2331 4187 2503 4254 potius
2519 4185 2715 4242 Christi
2733 4188 3002 4243 decretum
3022 4205 3084 4244 ac
3111 4191 3302 4261 legent.
3317 4193 3446 4262 Qua:
3466 4201 3622 4253 enim

2033 4275 2119 4329 ille
2141 4276 2472 4346 loquebatur,
2498 4276 2612 4331 lucc
2636 4294 2729 4348 per
2755 4279 2923 4348 ipsum
2950 4283 3323 4349 pronuntiabat
3343 4285 3622 4355 Christus,

2029 4367 2476 4435 quemadmodum
2503 4379 2553 4422 et
2577 4369 2688 4437 ipse
2713 4369 2862 4432 dixit,
2880 4370 2959 4423 An
2990 4374 3379 4442 experimentum
3392 4395 3490 4446 qua
3506 4384 3632 4436 ritis

2028 4459 2136 4525 ejus
2150 4459 2233 4528 qui
2249 4459 2302 4512 in
2318 4476 2396 4512 me
2410 4459 2628 4530 loquitur
2641 4458 2830 4514 Christi
2846 4461 2917 4529 (2.
2937 4459 3055 4516 Cor.
3078 4465 3163 4518 15.
3179 4465 3262 4534 5)?
3287 4466 3421 4534 Quid
3453 4471 3630 4540 igitur

2029 4550 2236 4620 inquit?
2273 4549 2437 4605 Vidua
2461 4551 2673 4621 eligatur
2711 4569 2812 4606 non
2850 4554 3012 4606 minus
3036 4557 3296 4626 sexaginta
3337 4575 3626 4627 annorum,

2027 4654 2080 4696 et
2108 4658 2308 4710 rursus,
2335 4643 2760 4698 Adolescentiores
2796 4655 2960 4699 autem
2981 4647 3157 4701 viduas
3177 4648 3340 4702 devita
3367 4652 3442 4721 (l.
3471 4652 3596 4707 Tim
3613 4693 3634 4707 .

2027 4736 2081 4790 5.
2125 4735 2177 4789 9.
2210 4736 2269 4789 Η
2306 4735 2352 4806 ),
2381 4746 2606 4805 utroque
2639 4737 2737 4790 hoc
2761 4747 3028 4807 pra'ccpto
3057 4739 3134 4794 rei
3162 4741 3316 4796 nobis
3341 4746 3628 4813 magnitu-

2026 4827 2203 4881 dinem
2237 4826 2494 4882 indicans.
2528 4827 2657 4882 Nam
2684 4828 2752 4883 de
2775 4831 3037 4901 episcopis
3058 4833 3271 4901 quidem
3294 4838 3631 4906 pra‘cipiens

2031 4919 2211 4973 nullibi
2240 4935 2518 4974 numerum
2541 4936 2798 4974 annorqu
2821 4923 3027 4988 statuit,
3054 4922 3139 4977 hic
3160 4934 3336 4980 autem
3363 4941 3628 4998 magnam

2025 5011 2240 5066 adhibet
2259 5013 2671 5066 accuratiouem.
2691 5011 2826 5080 Quid
2849 5013 2956 5067 ita?
2975 5013 3091 5069 Non
3113 5015 3254 5085 quod
3277 5017 3506 5073 viduitas
3533 5035 3637 5074 sa-

2023 5103 2260 5158 cerdotio
2277 5104 2446 5173 major
2461 5105 2547 5170 sit,
2562 5105 2653 5158 sed
2673 5105 2920 5172 quoniam
2941 5107 3196 5176 majorem
3214 5108 3340 5178 ipsa:
3356 5127 3517 5181 quam
3544 5115 3636 5170 illi

2023 5195 2256 5251 laborem
2272 5196 2553 5262 sustinent,
2574 5195 2750 5251 multis
2767 5197 2996 5267 undique
3011 5201 3236 5270 negotiis
3250 5201 3366 5258 illas
3380 5205 3634 5260 circum-

2023 5287 2353 5342 venientibus
2372 5287 2592 5355 publicis
2609 5299 2662 5342 et
2685 5289 2918 5356 privatis.
2935 5289 3145 5345 Etenim
3162 5295 3628 5362 quemadmodum

2023 5378 2207 5432 civitas
2228 5378 2490 5433 irtmmbus
2511 5391 2615 5432 non
2644 5379 2967 5434 circumdata
2997 5389 3140 5450 patet
3157 5385 3395 5452 exposita
3427 5390 3631 5441 omni-

2026 5483 2144 5533 ous,
2186 5468 2506 5538 quicumque
2533 5467 2763 5538 diripere
2786 5485 2903 5526 eam
2933 5471 3232 5529 voluerint:
3258 5476 3325 5529 ita
3353 5486 3405 5531 et
3429 5480 3628 5547 puella

2025 5574 2076 5611 m
2107 5557 2360 5612 viduitate
2385 5567 2595 5612 astatem
2620 5557 2818 5629 degens
2847 5561 3042 5616 multos
3071 5563 3230 5619 habet
3254 5567 3342 5635 qui
3374 5567 3632 5638 ιιηιιῑῳιυ

2021 5650 2358 5719 insidientur,
2392 5666 2496 5706 non
2527 5650 2697 5706 solum
2727 5668 2821 5709 eos
2847 5654 2932 5725 qui
2967 5656 3204 5725 pecuniis
3245 5658 3477 5712 animum
3516 5661 3627 5715 ad-

2094 5787 2103 5818 i
