3884 6214
202 215 313 272 599

1539 209 1629 264 AD
1658 204 1925 264 VIDUAI
1968 197 2332 258 JUNIOREM.

3551 178 3662 245 6m

219 315 3621 365 _____________________________________.__——-—————--

610 585 872 714 ΕΙΣ
953 568 1823 710 ΝΕΩΤΕΡΑΝ
1899 543 3244 700 ΧΗΡΕΥΣΑΣΑΝ³[³⁵ῗ]

285 1087 353 1133 α’.
381 1079 504 1131 ’Ὁτι
538 1074 635 1145 μὲν
658 1071 898 1143 χαλεπὴν
921 1067 1108 1131 ἔλαϐες
1122 1066 1219 1137 τὴν
1253 1062 1486 1133 πληγὴν,
1507 1063 1600 1114 καὶ
1617 1063 1674 1114 ἐν
1701 1063 1899 1134 καιρίῳ

211 1178 274 1232 th
302 1175 552 1246 πεμφθὲν
584 1172 677 1225 καὶ
706 1168 910 1227 ἀνωθεν
947 1162 1110 1229 ἐδέξω
1139 1164 1199 1216 τὸ
1242 1161 1414 1232 βέλος,
1452 1161 1688 1223 ἆπαντες
1719 1160 1783 1214 ἄν
1814 1175 1897 1211 σοι

215 1270 714 1343 συνομολογήσαιεν
734 1307 749 1331 ,
784 1266 880 1319 καὶ
936 1262 1059 1316 οὺδέ
1090 1260 1198 1314 τῶν
1233 1258 1439 1330 σφόδρα
1472 1255 1900 1326 φιλοσοφούντων

213 1373 390 1434 οὐδεὶς
419 1369 662 1440 ἀντερεῖ⁶
693 1362 815 1418 ἐπεὶ
833 1361 891 1416 δὲ
920 1361 1046 1423 τοὺς
1065 1357 1466 1429 πληττομένους
1481 1355 1581 1408 οὐκ
1598 1357 1679 1419 είς
1706 1355 1902 1420 πένθος

215 1472 313 1525 καὶ
338 1468 551 1536 δάκρυα
584 1462 676 1515 τδν
711 1459 927 1514 ἅπαντα
958 1455 1148 1528 χρόνον
1172 1453 1484 1507 ἀναλίσκειν
1523 1451 1622 1516 δεῖ,
1647 1450 1785 1506 ἀλλά
1809 1453 1903 1506 καὶ

215 1568 316 1637 τῆς
339 1561 640 1635 θεραπείας
668 1556 776 1612 τῶν
798 1552 1128 1626 τραυμάτων
1145 1549 1344 1620 πολλὴν
1359 1548 1631 1602 ποιεῖσθαι
1657 1547 1754 1619 τὴν
1771 1547 1904 1618 πρό-

216 1661 536 1729 νοιαν,ῶστε
567 1656 642 1730 μὴ
659 1651 1004 1727 παροφθέντα
1030 1649 1058 1689 δ
1088 1645 1309 1719 μείζονα
1329 1649 1442 1710 τοῖς
1462 1646 1692 1716 δάκρυσι
1721 1659 1903 1715 παρα-

222 1764 372 1832 σχεῖν
417 1757 516 1830 τὴν
574 1751 827 1824 πληγὴν,
883 1747 982 1801 καὶ
1031 1745 1132 1817 τῆς
1189 1743 1380 1814 ὀδύνης
1427 1740 1756 1813 σφοδοτέραν
1808 1739 1904 1811 τὴν

224 1858 406 1929 φλόγα
435 1848 793 1926 ἐργάσασθαι,
819 1843 982 1899 καλὸν
999 1843 1094 1896 καλ
1121 1842 1220 1912 τῆς
1234 1839 1322 1894 διά
1347 1839 1454 1893 τῶν
1477 1839 1652 1908 λόγων
1672 1837 1905 1908 ἀνασχέ-

225 1953 351 2006 σθαι
380 1946 799 2020 παρακλήσεως,
841 1940 934 1993 καὶ
966 1937 1092 2000 τοὺς
1133 1935 1390 2007 κρουνοὺς
1422 1933 1617 2005 μικρὸν
1643 1929 1907 2001 ἀνασχοῦ-

227 2068 328 2104 σαν
361 2049 469 2100 τῶν
497 2041 747 2114 δακρύων
779 2035 970 2109 χρόνον
1030 2031 1159 2102 γοῦν
1217 2029 1420 2103 βραχὺν
1459 2030 1550 2082 καὶ
1582 2031 1695 2091 τοῖς
1733 2043 1908 2097 παρα-

231 2141 517 2218 μυθεῖσθαί
557 2157 616 2193 σε
664 2129 1000 2205 ἐπιχειροῦσι
1049 2128 1352 2198 παρασχεῖν
1387 2125 1640 2196 σεαυτήν.
1670 2121 1768 2176 Διὶ
1797 2121 1906 2194 γάρ

228 2261 314 2296 τοι
366 2239 524 2293 τοῦτο
574 2234 673 2289 καὶ
719 2231 882 2304 ἡμεῖς
929 2226 992 2281 ού
1037 2226 1166 2295 παρ’
1208 2223 1380 2293 αὐτὴν
1427 2219 1521 2273 τοῦ
1552 2219 1780 2282 πένθους
1810 2218 1908 2290 τὴν

231 2340 438 2412 ἀκμὴν,
467 2333 576 2390 οὐδ’
601 2334 718 2412 ἅμα
748 2327 826 2399 τῷ
855 2322 1243 2394 κατενεχθῆναι
1275 2319 1367 2374 τὸν
1396 2318 1637 2389 σκηπτὸν
1665 2315 1911 2386 ἠνωχλη-

233 2453 430 2510 σαμεν·
479 2432 596 2488 ἀλλ’
622 2427 1010 2499 ἀναμείναντες
1040 2421 1134 2474 τὸν
1187 2420 1243 2472 ἐν
1283 2417 1432 2489 μέσῳ
1461 2415 1672 2470 τουτονὶ
1699 2414 1909 2486 χρόνον,

232 2509 330 2589 καί.
375 2527 830 2601 συγχωρήσαντες
874 2514 1252 2592 ἐμπλησθῆναί
1291 2531 1349 2567 σε
1378 2512 1485 2566 τῶν
1515 2509 1790 2582 ὀδυρμῶν,
1824 2509 1912 2562 ὅτε

231 2631 422 2685 λοιπὸν
449 2627 546 2680 καλ⁸
559 2619 843 2690 διαϐλέψαι
864 2615 1060 2689 μικρὸν
1086 2613 1192 2668 ἀπὸ
1210 2613 1308 2684 τῆς
1335 2609 1532 2681 ἀχλύος
1563 2607 1800 2677 ἐκείνης,
1820 2605 1914 2658 καὶ

231 2731 332 2792 τὰς
358 2727 529 2788 ἀκοὰς
564 2717 888 2793 παρανοῖξαι
913 2713 1197 2784 δεδύνησαι
1227 2712 1339 2773 τοῖς
1357 2726 1416 2762 σε
1446 2706 1780 2777 παρακαλεῖν
1797 2721 1916 2756 πει-

236 2825 527 2898 ρωμένοις,
551 2819 672 2872 τότε
695 2815 790 2869 καὶ
812 2813 966 2868 αὐτοὶ
998 2809 1133 2882 μετά
1147 2809 1270 2871 τοὺς
1285 2805 1392 2859 τῶν
1414 2801 1807 2875 θεραπαινίδων
1829 2800 1916 2853 λό-

234 2897 370 2992 γους
399 2920 497 2971 καὶ
521 2915 591 2969 τά
621 2913 749 2983 παρ’
785 2907 992 2962 ἑαυτῶν
1022 2903 1505 2978 προστεθείκαμεν.
1537 2901 1654 2953 Ἔτι
1684 2898 1779 2970 μὲν
1808 2897 1918 2968 γὰρ

232 3017 334 3072 τοῦ
368 3010 636 3085 χειμῶνος
675 3007 828 3069 ὄντος
865 3000 1118 3074 σφοδροῦ,
1184 2999 1278 3053 καὶ
1327 2993 1521 3050 πολλοῦ
1563 2993 1658 3046 τοῦ
1689 2992 1917 3054 πένθους

235 3113 514 3173 πνέοντος,
539 3109 568 3160 ὁ
591 3101 925 3176 παρακαλῶν
959 3096 1296 3168 ἀποσχέσθαι
1319 3095 1418 3165 τῆς
1455 3091 1632 3162 λύπης
1663 3089 1822 3146 πλέον
1853 3089 1918 3143 ἂν

238 3207 531 3282 παρώξυνε
571 3203 708 3274 πρὸς
748 3199 847 3262 τὰς
881 3195 1147 3269 οἰμωγὰς,
1181 3193 1275 3247 καὶ
1302 3191 1364 3245 τὸ
1392 3187 1688 3262 μισηθῆναι
1720 3185 1919 3257 κερδά-

239 3281 342 3370 νας
376 3305 537 3376 μόνον
567 3298 701 3370 ὓλην
731 3296 798 3351 ἂν
815 3292 1015 3363 πολλὴν
1043 3293 1157 3353 τοῖς
1187 3288 1448 3349 τοιούτοις
1476 3284 1654 3353 λόγοις
1681 3281 1922 3352 παρέσχε

240 3405 322 3475 τῷ
359 3401 494 3472 πυρὶ
527 3396 664 3469 μετά
683 3393 775 3446 τοῦ
801 3392 895 3445 καὶ
925 3387 1120 3461 ἐχθροῦ
1155 3385 1247 3440 καὶ
1276 3383 1502 3454 ἀνοήτου
1533 3378 1689 3444 δόξαν
1714 3376 1919 3431 λαϐεῖν·

242 3473 437 3572 ἐπειδὴ
458 3496 517 3550 δὲ
543 3491 728 3547 λοιπὸν
760 3488 963 3561 ἤρξατο
987 3486 1176 3556 λήγειν
1204 3483 1238 3552 ὴ
1271 3479 1429 3550 ζάλη,
1463 3475 1644 3530 καὶτὸ
1682 3473 1790 3527 τῶν
1829 3491 1926 3526 κυ-

247 3569 436 3670 μάτων
463 3592 653 3662 άγριον
696 3583 1090 3654 κατεστόρεσεν
1123 3581 1151 3632 ὁ
1175 3578 1328 3639 Θεὸς,
1382 3573 1620 3635 εὐκόλως
1647 3570 1740 3622 τοῦ
1766 3569 1925 3636 λόγου

244 3669 317 3752 τὰ
349 3693 496 3748 ἱστία
543 3685 957 3755 άναπετάσομεν
996 3692 1044 3734 ε.
1089 3680 1176 3732 Ἐν
1208 3676 1505 3746 συμμέτρῳ
1538 3672 1636 3742 μὲν
1670 3669 1774 3741 γὰρ
1817 3685 1928 3739 χει-

255 3796 402 3868 μῶνι
445 3769 736 3860 δυνήσεται
777 3783 906 3845 ἴσως
938 3783 972 3852 ἡ
1001 3779 1163 3849 τέχνη
1194 3776 1416 3845 ποιῆσαι
1445 3771 1508 3824 τὸ
1550 3769 1766 3839 έαυτῆςο
1800 3768 1928 3820 ὅταν

246 3865 307 3947 ἐξ
335 3891 546 3960 ἄμαχος
633 3883 742 3936 τῶν
764 3877 1089 3948 πνευμάτων
1121 3877 1155 3946 ἡ
1186 3870 1482 3944 προσϐολὴ,
1510 3869 1606 3939 τῆς
1637 3865 1930 3938 ἐμπειρίας

248 3988 442 4059 δφελος
491 3982 665 4038 οὐδέν.
699 3977 797 4032 Διά
827 3976 1001 4030 ταῦτα
1047 3973 1226 4026 πάντα
1273 3969 1364 4024 τὸν
1397 3966 1708 4039 ἔμπροσθεν
1737 3963 1930 4035 χρόνον

252 4087 601 4157 σιγήσαντες,
633 4077 782 4150 μόλις
809 4075 904 4128 καὶ
933 4071 1028 4127 νῦν
1060 4069 1495 4140 ἐπεχειρήσαμεν
1527 4063 1686 4135 ῥῆξαι
1722 4059 1926 4131 φωνὴν,

252 4179 446 4249 ἐπειδὴ
499 4175 653 4247 παρά
678 4171 772 4226 τοῦ
811 4170 955 4223 θείου
991 4167 1303 4238 ἠκούσαμεν
1332 4162 1427 4218 τοῦ
1467 4161 1584 4227 σοῦ,
1633 4161 1715 4214 ὅτι
1745 4158 1931 4212 λοιπὸν

254 4276 364 4348 χρὴ
380 4273 628 4343 θαρρεῖν·
648 4267 744 4322 καὶ
764 4266 874 4336 γάρ
911 4265 1007 4318 κα)¹
1037 4261 1146 4316 τῶν
1173 4256 1564 4331 θεραπαινίδων
1592 4254 1691 4319 τάς
1722 4256 1778 4307 ἐν
1798 4255 1931 4323 τιμῇ

256 4368 605 4438 κατατολμᾷν
621 4363 762 4434 ὑπὲρ
775 4362 978 4416 τούτων
1008 4361 1251 4432 μακροὺς
1275 4355 1581 4412 ἀποτείνειν
1603 4353 1814 4422 λόγους,
1838 4352 1934 4414 τάς

253 4484 316 4521 τε
334 4465 533 4531 ἔξωθεν
552 4463 835 4533 γυναῖκας,
864 4457 960 4512 καὶ
995 4455 1095 4520 τάς
1115 4454 1265 4524 γένει
1294 4449 1700 4524 προσηκούσας,
1725 4447 1936 4510 καὶτὰς

257 4563 433 4623 ἔύλως
466 4576 582 4622 πως
615 4554 932 4628 ἐπιτηδείως
962 4551 1210 4624 ἐχούσας.
1240 4549 1364 4603 Ὅτι
1392 4548 1449 4602 δὲ
1484 4547 1609 4611 τοὺς
1638 4545 1766 4618 παρ’
1795 4542 1936 4596 ἐκεί-

257 4677 368 4712 νων
399 4653 662 4726 δεχομένη
695 4650 887 4720 λόγους
922 4649 1022 4703 οῦκ
1056 4646 1342 4718 ἀτιμάσεις
1385 4644 1510 4707 τοὺς
1563 4641 1694 4713 παρ’
1751 4639 1930 4710 ⁴ἡμῶν,

260 4751 398 4807 ἀλλά
423 4752 513 4804 καὶ
541 4749 771 4820 ἡσυχίαν
815 4745 910 4800 καὶ
948 4742 1248 4816 ἀταραξίαν
1284 4740 1542 4813 παρέξεις
1568 4738 1750 4800 αὐτοῖς
1794 4735 1937 4789 κατά

261 4847 510 4917 δύναμιν,
565 4842 768 4914 σφόδρα
805 4838 1116 4914 θαρροῦμεν
1167 4836 1261 4891 καὶ¹
1307 4833 1774 4903 πεπιστεύκαμεν.
1827 4829 1937 4883 Καὶ

260 4940 436 5003 ἄλλως
460 4939 557 5008 μὲν
585 4932 678 4990 οὖν
705 4935 766 4988 τὸ
792 4935 1100 5003 γυναικεῖον
1122 4931 1280 5001 γένος
1317 4927 1778 5002 ἐπιρρεπέστερόν
1816 4925 1935 4990 πώς

264 5040 380 5091 ἐστι
408 5033 545 5105 πρὸς
580 5030 945 5103 συμπάθειανο
983 5029 1112 5083 ὅταν
1147 5028 1204 5082 δέ
1233 5027 1325 5081 καὶ¹
1357 5027 1546 5097 νεότης
1585 5025 1787 5095 προσῇ,
1840 5023 1936 5075 καὶ

260 5132 460 5204 χηρεξα
485 5131 680 5199 ἄωρος,
717 5128 810 5181 καὶ
846 5124 1187 5198 πραγμάτων
1214 5123 1461 5196 ἀπειρία,
1497 5122 1594 5176 καὶ
1637 5119 1935 5193 φροντίδων

259 5227 418 5300 ὄχλος
454 5224 638 5291 πολὺς,
673 5225 764 5278 καὶ
807 5222 868 5277 τὸ
895 5223 952 5276 ἐν
978 5223 1154 5295 τρυφῇ
1181 5221 1277 5276 καὶ
1307 5217 1544 5289 εὐθυμία
1575 5217 1670 5270 καὶ
1714 5213 1933 5282 πλούτῳ

325 5423 346 5447 ⁸
366 5422 556 5473 Collala
576 5433 686 5470 cum
710 5419 878 5468 codice
895 5417 1180 5468 Colbertino
1195 5415 1290 5464 974
1307 5422 1358 5463 et
1381 5427 1490 5462 cum
1511 5413 1630 5461 edil.
1653 5411 1803 5460 Sari].
1828 5411 1938 5460 Col-

258 5487 393 5536 l‘rerl.
441 5490 494 5533 et
539 5483 716 5532 Morel.
745 5481 932 5531 habent
971 5479 1291 5542 χηρεύσασαν.
1338 5477 1552 5542 δυνίιίυε
1575 5477 1643 5542 _in
1682 5481 1821 5542 lexpu
1845 5491 1934 5536 χτ-

261 5535 513 5611 ςεύουσαν,
536 5547 584 5593 in
619 5535 1124 5611 marg.__xnpaﬁcr'&6av.
1151 5541 1305 5590 Paulo
1335 5546 1447 5600 post
1481 5537 1672 5586 initium
1694 5535 1774 5583 καί
1821 5535 1934 5584 ante

261 5604 440 5658 ἆνωθεν
467 5604 613 5656 deest
633 5609 682 5653 in
705 5604 919 5653 Culbel‘l.

327 5671 354 5710 ι)
376 5671 518 5732 (ξυιὺ.
551 5667 901 5732 παροφθέντων.

324 5735 352 5770 ⁸
373 5736 453 5785 διε
482 5725 673 5788 ἀκτάς
691 5725 838 5785 ἐξοίὺ.
865 5735 915 5777 el
945 5725 1094 5777 Savil.
1121 5725 1507 5788 ἀναπετάσωμεν.

1999 1062 2090 1115 τὸν
2116 1059 2423 1133 ἔμπροσθεν
2446 1058 2660 1113 ἅπαντα
2695 1055 2994 1128 τετράφθαι
3025 1056 3233 1126 χρόνον,
3279 1053 3676 1107 πολλαπλάσιον

2002 1152 2206 1220 γίνεται
2237 1149 2298 1202 τὸ
2317 1146 2514 1211 δεινὸν,
2550 1145 2652 1199 κᾶν
2675 1147 2708 1215 ή
2746 1143 2904 1197 τοῦτο
2926 1143 3172 1196 παθοῦσα
3213 1142 3286 1214 μὴ
3334 1142 3430 1213 τῆς
3465 1140 3676 1196 ἄνωθεν

1985 1239 2302 1313 .[559]τύχῃ
2319 1238 2512 1311 ῥοπῆς,
2531 1236 2665 1291 καὶὸ
2692 1233 2870 1304 τυχὼν
2901 1233 3070 1303 αὐτὴν
3098 1231 3354 1302 λογισμὸς
3377 1228 3676 1283 καταλῦσαι

2001 1329 2348 1401 δυνήσεταιά,
2376 1330 2513 1400 ὅπερ
2541 1327 2758 1399 πρῶτον
2790 1323 2884 1379 καὶ
2911 1323 3166 1394 μέγιστον
3195 1321 3292 1390 τῆς
3327 1317 3526 1388 πολλῆς
3553 1316 3679 1387 περὶ

2006 1420 2063 1472 σέ
2091 1419 2180 1471 τοῦ
2209 1417 2344 1472 Θεοῦ
2382 1416 2708 1487 κηδεμονίας
2727 1413 2946 1483 τίθεμαι
2971 1405 3109 1464 εἶναι
3137 1407 3458 1477 τεκμήριον.
3482 1405 3555 1457 Τὸ
3571 1402 3680 1473 γὰρ

2004 1507 2271 1561 τοσούτων
2307 1504 2716 1578 συνδραμόντων
2745 1501 3004 1569 ἐξαίφνης
3050 1496 3235 1551 κακῶν
3272 1494 3348 1566 μὴ
3377 1491 3684 1560 ἀποπνιγῆ-

2006 1598 2183 1666 ναιτῇ
2225 1594 2369 1665 λύπῃ
2397 1633 2411 1657 ,
2449 1592 2583 1664 μηδέ
2617 1591 2724 1644 τῶν
2766 1589 2906 1642 κατὰ
2948 1586 3110 1657 φύσιν
3137 1584 3395 1654 ἐκστῆναι
3449 1580 3682 1655 φρενῶν,

2006 1685 2103 1738 οὐκ
2125 1682 2472 1755 ἀνθρωπίνης
2503 1679 2644 1743 τινὸς
2677 1676 2928 1749 βοηθείας
2964 1671 3052 1746 ἦν,
3109 1673 3245 1726 ἀλλά
3269 1672 3370 1743 τῆς
3403 1671 3474 1724 τά
3505 1669 3692 1724 πάντα

2006 1772 2302 1842 δυναμένης
2329 1770 2527 1844 χειρὸς,
2560 1768 2660 1837 τῆς
2697 1766 2988 1827 συνέσεως,
3019 1758 3087 1835 ἦς
3116 1762 3218 1815 οὐκ
3243 1760 3392 1813 ἐστιν
3423 1756 3682 1830 ἀριθμὸς,

2007 1863 2102 1933 τῆς
2129 1863 2462 1931 φρονήσεως,
2483 1852 2551 1928 ἧς
2584 1857 2682 1910 οῦκ
2715 1855 2864 1908 ἔστιν
2889 1851 3186 1926 ἐξεύρεσις,
3219 1848 3312 1903 τοῦ
3333 1846 3548 1916 Πατρδς
3576 1844 3686 1898 τῶν

2009 1949 2308 2020 οἰκτιρμῶν
2351 1948 2444 2000 καὶ
2477 1944 2612 1998 Θεοῦ
2668 1944 2850 2013 πάσης
2883 1939 3305 2011 παρακλήσεως.
3340 1934 3534 2001 Αὐτὸς
3576 1933 3686 2003 γὰρ

2009 2037 2302 2092 πέπαικεν
2335 2035 2512 2104 ἡμᾶς,
2573 2032 2729 2102 φησὶ,
2777 2032 2873 2084 καὶ
2926 2028 3155 2084 (cicerae
3189 2024 3368 2096 ἡμᾶς·
3415 2021 3686 2088 διατάξει,

2011 2127 2106 2181 καὶ
2128 2123 2388 2195 μοτώσει
2417 2119 2573 2191 ἡμᾶς
2603 2118 2701 2173 καὶ
2725 2117 2951 2188 ὑγιάσει
2978 2114 3153 2186 ἡμᾶς.

2085 2263 2229 2324 Ἕως
2274 2260 2371 2331 μὲν
2400 2258 2508 2328 γάρ
2558 2273 2639 2309 σοι
2703 2254 2866 2324 συνῆν
2898 2255 2926 2306 ὀ
2972 2251 3237 2323 μακάριος
3287 2249 3492 2311 ἐκεῖνος
3530 2247 3688 2318 ἀνὴρ,

2014 2350 2288 2412 ἀπέλαυες
2319 2359 2341 2386 ε
2410 2347 2506 2417 μὲν
2559 2344 2727 2415 τιμῆς
2784 2343 2877 2395 καὶ
2932 2339 3209 2412 φροντίδος
3276 2337 3372 2392 καὶ
3423 2335 3689 2404 σπουδῆς,

2014 2438 2283 2499 ἀπέλαυες
2320 2434 2376 2488 δὲ
2418 2435 2534 2496 οἵας
2563 2431 2713 2503 παρά
2742 2429 3029 2500 ἀνθρώπου
3085 2426 3378 2481 ἀπολαύειν
3417 2425 3562 2488 εἰκὸς
3601 2420 3688 2495 ἦν·

2015 2525 2200 2596 ἐπειδὴ
2228 2523 2284 2576 δὲ
2335 2525 2538 2577 ἐκεῖνον
2581 2519 2738 2573 ἔλαϐε
2785 2517 2919 2588 πρὸς
2952 2515 3139 2570 ἑαυτὸν
3166 2516 3195 2567 ὀ
3221 2513 3372 2596 Θεὸς,
3403 2512 3518 2566 ἀντ’
3552 2513 3695 2564 ἐκεί-

2014 2632 2106 2668 νου
2159 2595 2240 2666 σοι
2294 2611 2517 2681 γέγονεν
2563 2607 2750 2672 αὑτός.
2800 2606 2908 2658 Καὶ
2955 2605 3056 2658 ούκ
3107 2602 3238 2674 ἐμὸς
3280 2595 3433 2665 οὗτος
3461 2600 3694 2670 ὁλὸγος,

2016 2700 2152 2756 ἀλλά
2179 2699 2271 2753 τοῦ
2309 2698 2579 2770 μακαρίου
2635 2695 2914 2767 προφήτου
2942 2694 3121 2748 Δαυῒδ·
3159 2693 3290 2763 φησὶ
3317 2693 3444 2763 γάρ’
3483 2691 3698 2759 Ὀρφᾶ-

2017 2789 2127 2843 νόν
2161 2789 2257 2843 καὶ
2313 2785 2507 2857 χήραν
2533 2785 2929 2854 ἀναλήψεται.
2970 2783 3077 2837 Καὶ
3121 2781 3396 2852 ἀλλαχοῦῐ
3439 2781 3495 2834 δὲ
3538 2780 3698 2832 αὑτὸν

2018 2877 2232 2948 πατέρα
2289 2875 2446 2929 καλεῖ
2481 2873 2588 2926 τῶν
2634 2870 2905 2943 ὀρφανῶν,
2963 2871 3057 2923 καὶ
3103 2869 3294 2942 κριτὴν
3327 2867 3434 2921 τῶν
3491 2867 3694 2938 χηρῶν·

2018 2965 2159 3018 οὓτω
2189 2963 2388 3032 πολλὴν
2422 2963 2560 3033 ὑπὲρ
2593 2959 2782 3013 τούτου
2804 2958 2894 3011 τοῦ
2928 2959 3114 3026 γένους
3145 2955 3414 3027 πολλαχοῦ
3446 2955 3702 3026 ποιούμε-

2020 3070 2108 3106 νον
2132 3051 2293 3104 αὑτὸν
2325 3050 2446 3120 ὄψει
2475 3049 2572 3120 τὴν
2598 3046 2854 3116 σπουδήν.

2095 3192 2160 3262 β’.
2190 3191 2307 3243 Ἵνα
2325 3189 2382 3243 δὲ
2404 3189 2478 3260 μὴ
2497 3186 2735 3257 συνεχῶς
2750 3183 2906 3238 τοῦτο
2924 3183 3215 3254 λεγόμενον
3227 3181 3287 3234 τὸ
3303 3181 3473 3251 ὄνομα
3495 3182 3700 3253 στρέφῃ

2026 3296 2118 3332 σου
2159 3278 2256 3348 τὴν
2285 3277 2482 3348 ψυχὴν,
2514 3275 2607 3328 καὶ¹
2655 3273 2860 3344 συγχέῃ
2897 3289 2991 3325 σου
3021 3270 3113 3323 τὸν
3140 3269 3400 3339 λογισμὺν
3421 3310 3434 3334 ,
3466 3269 3524 3321 ἐν
3553 3268 3702 3342 αὐτῷ

2023 3368 2122 3438 τῆς
2141 3365 2357 3437 ἡλικίας
2392 3363 2470 3432 τῷ
2501 3363 2648 3416 ἄνθει
2684 3360 2928 3424 ἐπελθὸν,
2956 3359 3096 3429 ὑπὲρ
3127 3358 3316 3410 τούτου
3349 3356 3704 3427 διαλεχθῆναι

2029 3455 2286 3524 βούλομαι
2308 3451 2523 3524 πρῶτον
2552 3451 2646 3504 καὶ
2669 3449 2838 3514 δεῖξαι
2865 3449 2946 3502 ὅτι
2970 3449 3029 3501 ού
3059 3465 3121 3500 συ
3131 3445 3514 3518 μφορᾶς,ἀλλά
3537 3448 3705 3516 τιμῆς

2028 3545 2173 3595 ἐστιν
2203 3542 2372 3610 ὄνομα
2411 3538 2495 3610 [τὸ
2526 3538 2624 3609 τῆς
2650 3538 2879 3608 χηρείας
2918 3533 3134 3606 ὄνομαῙ,
3171 3536 3263 3587 καὶ
3285 3535 3448 3605 τιμῆς
3478 3534 3577 3603 τῆς
3611 3549 3707 3602 με-

2028 3631 2239 3700 γίστης.
2286 3629 2378 3700 Μὴ
2408 3628 2515 3699 γάρ
2546 3643 2635 3697 μοι
2670 3627 2770 3699 τὴν
2805 3625 2912 3680 τῶν
2950 3623 3160 3677 πολλῶν
3187 3621 3344 3687 δόξαν
3374 3623 3472 3693 τὴν
3500 3621 3707 3675 πεπλα-

2029 3736 2092 3790 νη
2102 3718 2268 3788 μένην
2298 3719 2378 3781 εἰς
2411 3716 2713 3787 μαρτυρίαν
2735 3713 3124 3784 ἀγάγῃς,ἀλλά
3146 3711 3239 3767 τοῦ
3274 3710 3544 3782 μακαρίου
3563 3709 3708 3764 Παύ-

1994 3806 2142 3868 τλου,
2193 3805 2393 3876 μᾶλλον
2439 3804 2496 3858 δὲ
2526 3803 2621 3856 τοῦ
2667 3801 2903 3874 Χριστοῦ
2961 3803 3059 3872 τὴν
3089 3799 3431 3871 νομοθεσίαν.
3485 3800 3553 3852 Ἀ
3597 3799 3708 3872 γάρ

2031 3897 2235 3958 ἐκεῖνος
2263 3893 2582 3962 ἐφθέγγετο,
2640 3891 2812 3944 ταῦτα
2841 3893 2868 3943 ὀ
2921 3889 3157 3960 Χριστὸς
3203 3887 3380 3941 ἐλάλει
3407 3887 3476 3941 δι’
3513 3889 3705 3952 αὐτοῦ,

2032 3982 2212 4046 καθὼς
2235 3982 2329 4036 καὶ
2355 3981 2514 4042 αὐτὸς
2545 3979 2751 4046 ἔλεγεν,
2783 3979 2848 4032 Εί
2873 3979 2899 4018 ε
2940 3975 3195 4044 δοκιμὴν
3221 3974 3440 4043 ζητεῖτε
3485 3976 3591 4029 τοῦ
3639 3978 3711 4030 ἐν

2030 4070 2158 4139 ἐμοὶ
2186 4067 2526 4132 λαὶοῦντος
2550 4061 2810 4134 Χριστοῦ
2839 4079 2858 4126 ;
2906 4063 2970 4115 Τί
2990 4059 3083 4115 οὖν
3116 4079 3248 4132 φησι
3277 4078 3291 4125 ;
3334 4061 3499 4131 Χήρα
3526 4080 3708 4117 κατα-

2031 4158 2296 4228 λεγέσθω
2317 4154 2404 4227 μὴ
2448 4154 2705 4210 ἔλαττον
2747 4150 2899 4205 ἐτῶν
2931 4149 3230 4218 ἑξήκοντα
3283 4151 3586 4220 γεγονυῖα·
3612 4153 3708 4208 καὶ

2034 4245 2215 4299 πάλιν·
2265 4242 2567 4310 Νεωτέρας
2599 4239 2668 4294 δὲ
2715 4239 2904 4309 χήρας
2943 4237 3251 4307 παραιτοῦ·
3285 4239 3352 4292 δι’
3385 4239 3711 4312 ἀμφοτέρων

2034 4331 2126 4386 τοῦ
2163 4331 2485 4404 πράγματος
2536 4330 2667 4401 ἡμῖν
2714 4330 2773 4380 τὺ
2801 4327 3029 4398 μέγεθος
3065 4326 3419 4398 παραστῆσαι
3453 4326 3714 4397 βουλόμε-

2035 4439 2142 4485 νος.
2184 4420 2293 4474 Καὶ
2339 4419 2467 4490 περὶ
2513 4418 2610 4490 μὲν
2656 4415 2969 4471 ἐπισκόπων
3003 4414 3418 4484 διαταττόμενος
3473 4415 3710 4487 οὐδαμοῦ

2035 4508 2249 4578 τίθησιν
2276 4507 2412 4560 ἐτῶν
2444 4505 2698 4578 ἀριθμὸν,
2751 4502 2986 4558 ἐνταῦθα
3015 4502 3071 4555 δὲ
3099 4502 3302 4573 πολλὴν
3336 4505 3570 4556 ποιεῖται
3614 4505 3714 4575 τὴν

2037 4595 2340 4667 ἀκρίϐειαν.
2373 4595 2438 4647 Τί
2462 4595 2690 4665 δήποτε;
2726 4592 2837 4662 Ούχ
2864 4592 2945 4645 ὅτι
2973 4594 3004 4662 ἡ
3031 4591 3226 4661 χηρεία
3257 4590 3461 4661 μείζων
3481 4593 3716 4663 ἱερωσύ-

2038 4702 2134 4755 νης
2162 4684 2328 4748 ἐστὶν,
2365 4682 2480 4736 ἀλλ’
2503 4682 2584 4735 ὅτι
2617 4680 2838 4752 μείζονα
2867 4673 3031 4734 αὗται
3071 4681 3230 4731 πόνον
3266 4677 3489 4732 ἐκείνων
3507 4678 3710 4750 έχουσι,

2039 4771 2383 4844 πραγμάτων
2431 4770 2603 4833 αύτάς
2656 4768 2867 4822 πολλῶν
2900 4766 3232 4838 πολλαχόθεν
3283 4769 3718 4840 περιρῤεὸντων,

2039 4843 2310 4931 δημοσίων
2340 4859 2434 4912 καὶ
2464 4856 2765 4912 ἰδιωτικῶν.
2795 4855 3062 4927 Καθάπερ
3093 4854 3203 4926 γάρ
3231 4855 3386 4920 πόλις
3414 4843 3733 4927 ἀτείχιστος

2041 4951 2121 5013 είς
2156 4950 2319 5020 μέσον
2369 4949 2541 5003 ᾶπασι
2573 4948 2683 5010 τοῖς
2718 4945 3060 5016 βουλομένοις
3091 4943 3361 5016 ἁρπάζειν
3408 4944 3715 5016 πρόκειται,

2042 5037 2184 5092 οῦτω
2216 5038 2309 5092 καὶ
2333 5037 2468 5108 κόρη
2498 5034 2694 5108 χηρείᾳ.
2719 5034 2940 5099 συζῶσα
2970 5033 3202 5098 πολλοὺς
3235 5033 3349 5105 ἔχει
3377 5035 3718 5104 πανταχόθεν

2041 5128 2167 5190 τοὺς
2223 5124 2670 5188 ἐπιϐουλεύοντας
2695 5165 2710 5188 ,
2767 5125 2827 5177 οὐ
2859 5125 2987 5188 τοὺς
3024 5122 3133 5177 τῶν
3186 5122 3487 5194 χρημάτων
3547 5123 3718 5193 αὐτῆς

2043 5213 2366 5284 ἐφιεμένους
2400 5212 2579 5285 μόνον,
2621 5211 2756 5266 ἀλλά
2777 5212 2871 5266 καὶ
2893 5212 3020 5275 τοὺς
3044 5212 3143 5282 τὴν
3175 5209 3532 5281 σωφροσύνην
3553 5213 3720 5282 αὐτῆς

2112 5404 2395 5480 gsic‘Colh.
2424 5406 2596 5456 Morel.
2625 5414 2679 5456 el.
2699 5405 2850 5457 Savil.
2877 5409 2926 5456 in
2947 5419 3120 5468 marg,
3146 5403 3293 5454 Savil.
3331 5403 3380 5450 in
3407 5406 3547 5450 textu
3572 5419 3722 5452 κατα-

2044 5469 2216 5517 κλύσαι
2241 5471 2490 5526 δυνήσεται
2499 5505 2509 5514 .

2046 5523 2416 5643 E,1O'l=u§iscl)si§.\}il.
2458 5530 2638 5580 melius
2680 5544 2824 5592 quam
2862 5530 3033 5580 Morel.
3062 5535 3114 5578 et
3137 5524 3388 5589 Colb..qui
3413 5523 3599 5578 habent
3630 5527 3720 5579 ἀπ,

2116 5655 2133 5693 ί
2161 5656 2310 5704 Savil.
2335 5661 2387 5705 et
2409 5655 2544 5704 (Iolb.
2570 5655 2651 5703 καὶ
2674 5654 2832 5702 πάλιν.

2113 5721 2133 5756 6
2166 5718 2315 5770 Savil.
2345 5725 2396 5767 el
2421 5716 2595 5767 Morel.
2619 5718 2678 5777 εἰ,
2698 5715 2834 5767 (lolb.
2864 5717 2911 5774 ἦ.
