3890 6220
172 189 297 248 αττ

168 307 476 377 διαφθεῖραι
511 301 856 368 σπεύδοντας.
897 303 1008 356 Καὶ
1043 302 1102 354 οὐ
1125 300 1327 365 ταύτας
1358 299 1540 370 μόνον,
1569 296 1708 352 ἀλλά
1749 299 1845 350 καὶ

171 403 367 475 ἑτέρας
414 403 550 475 πρὸς
586 403 648 456 τὺ
668 404 852 456 πεσεῖν
895 400 1067 470 αὐτὴν
1092 395 1348 468 ἀφορμὰς
1403 394 1848 466 προσγενομένας

171 501 498 571 εὑρήσομεν.
535 500 646 554 Καὶ
672 498 780 570 γάρ
829 496 1034 551 οἰκέται
1062 490 1550 564 καταφρονοῦντες,
1583 492 1677 545 καὶ
1705 492 1844 565 πρά-

175 613 356 667 γματα
390 595 755 668 ἀμελούμενα,
812 593 907 647 καὶ
930 593 993 646 τὸ
1027 590 1224 663 μηκέτι
1253 593 1310 642 ἐν
1340 591 1410 662 τῇ
1444 589 1686 660 προτέρᾳ
1706 585 1846 644 εἶναι

172 695 324 763 τιμῇ,
355 692 450 746 καὶ
497 692 558 746 τὸ
585 691 685 755 τὰς
705 690 972 762 ὁμήλικας
997 685 1057 742 εὖ
1090 683 1436 759 πραττούσας
1463 686 1616 757 ὁρᾷν.
1649 685 1849 740 πολλά-

171 807 258 853 κις
283 790 341 843 δὲ
363 790 456 844 καὶ
483 789 546 843 τὸ
575 788 788 862 τρυφῆς
816 783 1408 858 ἐπιθυμεῖν,δευτέροις
1433 782 1602 848 αύτάς
1627 784 1845 838 ἔπεισεν

167 888 424 958 ὁμιλῆσαι
453 888 674 958 γάμοις.

237 982 359 1037 Εἰσὶ
401 983 458 1037 δὲ
490 982 546 1039 αἳ
580 982 730 1056 νόμῳ
780 983 878 1054 μὲν
925 981 1102 1053 γάμου
1141 981 1244 1035 οὐκ
1295 981 1537 1036 ἐθέλουσι
1590 980 1847 1050 συγγενέ-

166 1079 289 1134 σθαι
326 1083 439 1145 τοῖς
471 1079 732 1153 ἀνδράσι,
756 1079 932 1152 λάθρα
963 1078 1020 1132 δέ
1051 1079 1144 1132 καὶ
1185 1078 1322 1150 μετά
1362 1078 1456 1132 τοῦ
1489 1077 1841 1150 κρύπτεσθαι.

165 1177 318 1250 [510]
353 1177 524 1231 Τοῦτο
569 1177 626 1232 δὲ
654 1176 917 1241 ποιοῦσιν,
963 1175 1053 1228 ἵνα
1091 1174 1162 1228 τά
1193 1173 1446 1246 ἐγκώμια
1483 1175 1582 1244 τῆς
1621 1175 1846 1245 χηρείας

165 1275 565 1347 καρπώσωνται
591 1291 606 1307 ο
650 1273 822 1338 οὕτως
866 1273 964 1326 ούκ
1016 1270 1396 1336 ἐπονείδιστον,
1443 1272 1578 1325 ἀλλά
1634 1270 1845 1340 θαυμα-

167 1374 291 1428 στὸν
322 1373 418 1427 καὶ
457 1373 622 1445 τιμῆς
658 1373 806 1440 ἀξιον
834 1371 894 1424 τὸ
928 1372 1159 1442 πρᾶγμα
1187 1369 1338 1441 παρά
1367 1369 1671 1442 ἀνθρώποις
1705 1363 1843 1421 εἶναι

164 1470 330 1536 δοκεῖ,
391 1471 454 1524 ού
485 1469 616 1542 παρ’
643 1470 775 1541 ἡμῖν
815 1469 973 1539 μόνον
1006 1470 1118 1530 τοῖς
1159 1469 1391 1531 πιστοῖς,
1433 1466 1569 1520 ἁλλά
1611 1467 1844 1527 καὶτοῖς

164 1567 415 1630 ἀπίστοις
467 1566 670 1628 αὐτοῖς.
729 1565 837 1617 Καὶ
881 1562 990 1634 γὰρ
1026 1562 1137 1632 ἐγώ
1186 1580 1313 1616 ποτε
1352 1562 1470 1626 νέος
1504 1562 1583 1615 ἐτι
1623 1561 1720 1626 ῶν,
1754 1561 1844 1616 τὸν

170 1664 428 1735 σοφιστὴν
452 1664 546 1717 τὸν
572 1660 710 1733 ἐμὸν
745 1661 988 1734 (πάντων
1031 1663 1087 1716 δὲ
1116 1662 1326 1735 ἀνδρῶν
1353 1663 1846 1734 δεισιδαιμονέστε⁹

168 1781 259 1836 ρος
285 1764 489 1826 ἐκεῖνος
521 1758 612 1834 ἦν)
639 1757 755 1815 οῖδα
795 1761 888 1815 ἐπὶ
931 1759 1141 1814 πολλῶν
1185 1761 1288 1833 τὴν
1340 1759 1553 1832 μητέρα
1581 1760 1678 1831 τὴν
1707 1761 1844 1831 ἐμὴν

177 1861 545 1934 θαυμάζοντα.
570 1857 692 1914 Τῶν
717 1858 826 1929 γὰρ
864 1857 1346 1930 παρακαθημένων
1380 1857 1528 1930 αὐτῷ
1578 1857 1846 1912 πυνθανόο

172 1973 330 2027 μενος
355 1962 396 2022 ⁸,
423 1950 513 2009 οἷα
542 1955 723 2022 εἴωθε,
753 1954 837 2018 τίς
857 1955 972 2026 εῐην
996 1953 1127 2023 ἐγὼ,
1159 1955 1251 2008 καί
1289 1971 1435 2018 τινος
1467 1955 1734 2020 εἰπόντος,
1765 1957 1846 2008 ὅτι

171 2055 348 2124 χήρας
384 2051 663 2123 γυναικὸς,
717 2050 984 2122 ἐμάνθανε
1045 2052 1174 2121 παρ’
1227 2049 1360 2121 ἐμοῦ
1403 2051 1502 2121 τήν
1540 2067 1600 2105 τε
1629 2051 1846 2121 ἡλικίαν

169 2152 270 2222 τῆς
306 2149 514 2221 μητρδς
542 2148 636 2201 καὶ
666 2150 764 2218 τῆς
818 2148 1046 2219 χηρείας
1073 2148 1165 2201 τὸν
1211 2147 1419 2218 χρόνον·
1451 2147 1526 2212 ὠς
1559 2148 1614 2202 δὲ
1670 2144 1842 2214 εἷπον,

169 2247 253 2298 ὅτι
277 2244 414 2298 ἐτῶν
447 2244 848 2316 τεσσαράκοντα
874 2245 1128 2312 γεγονυῖα
1153 2244 1356 2296 εἴκοσιν
1379 2243 1492 2312 ἔχει
1526 2244 1731 2309 λοιπὸν,
1788 2245 1847 2311 ἐξ

171 2335 234 2395 οῦ
258 2339 348 2393 τὸν
389 2337 605 2409 πατέρα
637 2336 879 2391 ἀπέϐαλε
908 2337 999 2390 τὸν
1028 2337 1161 2408 ἐμὸν
1181 2376 1196 2401 ,
1252 2337 1525 2408 ἐξεπλάγη
1544 2379 1560 2405 ,
1613 2338 1708 2392 καὶ
1748 2339 1839 2392 ἀν-

169 2438 363 2510 εϐόησε
393 2437 663 2509 μέγα,καἰ
694 2435 834 2506 πρὸς
857 2434 984 2497 τοὺς
1013 2433 1284 2503 παρόντας
1315 2432 1457 2487 ἰδών·
1493 2433 1686 2497 Βαϐαὶ,
1718 2433 1843 2506 ἔφη,

169 2530 280 2588 οἷαι
306 2534 456 2606 παρά
483 2533 826 2606 Χριστιανοῖς
863 2531 1119 2600 γυναῖκές
1143 2532 1270 2584 είσι.
1315 2530 1582 2584 Τοσούτου
1607 2531 1666 2583 ού
1716 2535 1844 2602 παρ’

171 2634 303 2703 ἡμῖν
341 2630 522 2702 μόνον,
569 2627 704 2682 ἀλλά
743 2626 836 2682 καὶ
867 2627 1020 2700 παρὰ
1061 2627 1174 2692 τοῖς
1229 2625 1427 2691 ἔξωθεν
1453 2627 1482 2668 b
1512 2627 1572 2680 τὸ
1616 2629 1847 2700 πρᾶγμα

171 2725 432 2780 ἀπολαύει
461 2725 554 2778 τοῦ
589 2723 862 2794 θαύματος
885 2723 979 2775 καὶ
1001 2720 1096 2774 τοῦ
1130 2719 1375 2775 ἐπαίνου.
1415 2721 1595 2792 ’Ἃπερ
1625 2723 1841 2776 ἅπαντα

174 2821 398 2874 συνιδὼν
424 2823 452 2874 ὁ
485 2820 752 2892 μακάριος
774 2817 1004 2881 Παῦλος,
1022 2817 1195 2886 ἐλεγεο
1214 2815 1380 2884 Χήρα
1406 2816 1843 2888 καταλεγέσθω,

175 2917 262 2987 μὴ
294 2921 548 2972 ἔλαττον
569 2915 719 2969 ἑτῶν
747 2914 1044 2981 ἐξήκοντα
1085 2913 1384 2984 γεγονυῖα.
1425 2913 1534 2966 Καὶ
1557 2912 1678 2966 οὐδὲ
1708 2913 1847 2984 μετὰ

171 3018 278 3087 τὴν
296 3016 564 3086 τοσαύτην
593 3014 701 3069 τῶν
738 3013 944 3085 χρόνων
973 3011 1280 3084 μαρτυρίαν
1313 3009 1537 3080 ἀφίησιν
1567 3010 1736 3079 αὐτὴν
1767 3011 1847 3072 εἰς

172 3114 264 3165 τὸν
294 3112 446 3180 ἅγιον
466 3109 654 3163 τοῦτον
688 3107 924 3179 ταγῆναι
955 3104 1134 3177 χορὸν,
1189 3103 1325 3157 ἀλλά
1352 3104 1446 3157 καὶ
1478 3103 1641 3175 ’έτερα
1673 3120 1843 3173 προσ-

171 3201 356 3271 τίθησι
413 3200 608 3270 λέγων,
649 3198 746 3253 Ἐν
769 3198 965 3267 ἔργοις
1000 3194 1245 3265 ἀγαθοῖς
1272 3194 1755 3264 μαρτυρουμένη.
1796 3197 1844 3247 ει

173 3295 707 3362 ἐτεκνοτρόφησεν,
757 3294 810 3345 εὶ
837 3287 1297 3357 ἐξενοδόχησεν,
1333 3291 1385 3341 εὶ
1421 3287 1605 3356 ἁγίων
1657 3287 1845 3353 πόδας

173 3393 409 3458 ἔνιψεν,
460 3391 511 3442 εί
540 3385 911 3456 θλιϐομένοις
959 3381 1322 3451 ἐπήρκεσεν,
1372 3385 1424 3436 εὶ
1476 3383 1653 3436 παντὶ
1695 3383 1847 3452 ἔργῳ

175 3483 373 3558 αἰγιαθῷ
416 3481 894 3549 ἐπηκολούθησε.
928 3479 1104 3532 Βαὸαὶ
1132 3479 1230 3549 τῆς
1277 3477 1596 3548 δοκιμασίας
1619 3479 1713 3531 καὶ
1749 3479 1846 3548 τῆς

176 3582 436 3654 βασάνου,
461 3579 593 3650 ὅσην
617 3577 770 3648 παρὰ
817 3577 918 3646 τῆς
952 3577 1127 3647 χήρας
1154 3576 1377 3629 ἀπαιτεῖ
1410 3574 1508 3645 τὴν
1531 3575 1730 3645 ἀρετὴν
1754 3577 1848 3629 καὶ

175 3668 289 3732 πῶς
314 3673 782 3746 ἀκριϐολογεῖτα-ιι
812 3672 912 3725 ούκ
941 3671 1007 3725 ἂν
1046 3669 1206 3724 τοῦτο
1230 3671 1481 3740 ποιήσας,
1524 3673 1570 3723 εἰ
1600 3670 1673 3743 μὴ
1709 3671 1847 3740 πρᾶ-

175 3785 293 3839 γμα
312 3768 492 3839 τίμιον
519 3767 612 3820 καὶ⁵
653 3767 850 3838 σεμνὸν
875 3766 1095 3837 ἔμελλεν
1115 3761 1466 3836 ἐμπιστεύειν
1501 3764 1660 3835 αὐτῇ.
1713 3765 1841 3828 Καὶ,

175 3864 476 3934 Νεωτέρας
509 3864 595 3929 δὲ,
651 3866 813 3934 φησὶ,
834 3864 1022 3934 χήρας
1071 3863 1378 3931 παραιτοῦ.
1435 3859 1567 3916 Εἶτα
1613 3863 1706 3915 καὶ¹
1747 3863 1847 3934 τὴν

175 3963 353 4016 αἰτίαν
382 3961 754 4030 προστίθησιν“
789 3961 976 4013 Ὅταν
1001 3961 1111 4029 γὰρ
1151 3958 1716 4028 καταστρηνιάσωσι
1738 3957 1846 4012 τοῦ

177 4058 457 4125 Χριστοῦ,
489 4057 698 4126 ταμεῖν
757 4056 1026 4112 θέλουσι.
1074 4057 1171 4110 Διά
1210 4057 1398 4110 τούτου
1431 4057 1537 4125 γὰρ
1565 4059 1697 4126 ἡμῖν
1748 4054 1844 4108 τοῦ

180 4155 420 4225 ῥήματος
453 4153 769 4215 αἰνίττεται,
828 4152 912 4205 ὅτι
940 4151 997 4203 αἱ
1041 4151 1168 4214 τοὺς
1222 4151 1422 4220 ἄνδρας
1473 4150 1843 4203 ἀποϐαλοῦσαι

178 4253 292 4305 ἀντ’
344 4248 566 4302 ἐκείνων
596 4247 955 4319 ἀρμόττονται
1006 4245 1085 4317 τῷ
1121 4245 1360 4316 Χριστῷ.
1394 4246 1535 4317 Ὅρα
1581 4244 1698 4307 πῶς
1733 4245 1845 4298 δει-

179 4347 308 4408 κνὺς
340 4356 362 4384 α
391 4344 491 4416 τὴν
525 4343 788 4415 ἁρμονίαν
817 4345 1021 4413 ταύτην
1073 4342 1238 4413 ῥᾴονα
1263 4337 1430 4394 οὖσαν
1481 4339 1576 4393 καὶ
1603 4342 1841 4410 ἐπιεικῆ,

177 4440 335 4493 τοῦτο
363 4439 564 4512 τίθησν
587 4439 732 4508 λέγω
759 4439 816 4491 δέ
849 4437 1133 4500 τδ,”οταν
1156 4436 1265 4506 γὰρ
1287 4435 1846 4504 καταστρηνιάσωσι

177 4535 282 4592 τοῦ
317 4536 596 4605 Χριστοῦ,
631 4535 839 4605 γαμεῖν
865 4533 1130 4598 θέλουσι,
1164 4533 1413 4603 καθάπερ
1476 4533 1620 4596 τινὸς
1657 4533 1846 4604 ἀνδρὸς

179 4632 475 4696 ἐπιεικοῦς,
499 4634 593 4686 καὶ
617 4633 680 4685 οὺ
707 4631 820 4702 μετ’
850 4630 1098 4698 ἐξουσίας
1131 4629 1321 4692 αὑταῖς
1347 4627 1709 4700 κεχρημένου,
1731 4628 1844 4682 ἀλλ’

179 4729 378 4792 ἐῶντος
409 4730 466 4782 ἐν
495 4727 778 4799 ἐλευθερίᾳ
818 4727 938 4798 ζῇν.
971 4728 1080 4780 Καὶ
1130 4726 1252 4780 οὐδὲ
1303 4725 1464 4797 μέχρι
1511 4727 1716 4780 τούτων
1754 4728 1844 4781 τὸν

179 4825 340 4894 λόγον
359 4823 608 4894 ἔστησεν,
641 4824 775 4878 ἀλλά
801 4825 892 4877 καὶ
921 4822 1146 4894 ἑτέρωθι
1180 4822 1341 4877 πάλιν
1366 4822 1566 4894 πολλὴν
1587 4823 1726 4894 ὑπὲρ
1746 4825 1844 4878 αὐ-

179 4920 280 4989 τῆς
307 4919 404 4991 τὴν
434 4919 687 4991 φροντίδα
725 4919 1015 4989 πεποίηται
1041 4918 1232 4987 λέγων·
1277 4919 1348 4973 Ἠ
1377 4918 1446 4972 δὲ
1473 4921 1846 4977 σπαταλῶσα

182 5015 340 5077 ζῶσα
367 5016 670 5085 τέθνηκεν’
718 5018 756 5085 η
803 5015 870 5069 δὲ
902 5016 1086 5080 ὄντως
1130 5015 1286 5085 χήρα
1333 5016 1431 5070 καὶ
1455 5018 1844 5087 μεμονωμένη

183 5112 447 5182 ἤλπισεν
473 5111 571 5167 ἐπὶ
602 5115 710 5167 τὸν
730 5113 896 5177 Θεὸν,
919 5111 1017 5166 καί
1065 5111 1390 5182 προσμένει
1416 5113 1544 5179 ταῖς
1591 5113 1847 5184 δεήσεσι

248 5271 273 5300 ⁸
300 5271 447 5320 Savil.
471 5270 850 5332 πυνθανομένων,
874 5267 1011 5318 (Σοῖι).
1032 5269 1394 5331 πυνθανόμενον,
1422 5269 1594 5318 Morel.
1619 5272 1845 5320 πυνθανό-

184 5347 383 5443 μῖοὲἱο
404 5393 539 5442 (ἴση).
568 5399 622 5441 et
640 5392 788 5441 Savil.
810 5395 969 5450 recte,
1005 5389 1174 5440 Morel.
1204 5402 1319 5438 vero
1342 5392 1452 5453 παρ’
1472 5394 1608 5453 ἡμῶν
1631 5410 1701 5454 μ.,
1726 5395 1847 5442 ἀλλὰ

183 5457 265 5505 καὶ
296 5457 406 5520 παρ’
425 5457 580 5520 αὐτῶν
606 5456 786 5520 ἔξωθενς

249 5521 272 5548 ε
295 5513 432 5565 Coib.
475 5521 527 5564 et
549 5517 696 5565 Savil.
722 5517 791 5579 τῷ
815 5514 1024 5579 Χριστῷ.
1060 5513 1180 5579 Εῖτα
1219 5513 1416 5579 δεικνύς,
1442 5514 1615 5579 More].
1640 5517 1709 5577 τῷ
1734 5518 1847 5579 Χρι-

187 5582 304 5643 σςῷ.
331 5579 583 5643 ’Ὡραπῷς
603 5576 932 5643 δεικνύςηΜοκ
959 5576 1140 5643 plnrcl;
1177 5579 1230 5643 ςι
1267 5577 1413 5643 ειη-11.
1456 5578 1504 5643 ip
1527 5583 1661 5625 Iexlu
1688 5576 1847 5643 ῥᾴονα

187 5635 354 5703 didm,
375 5635 519 5690 Savil.
547 5640 594 5692 in
619 5653 767 5704 marg.
796 5641 906 5703 ῥᾷον
925 5637 1088 5693 οὖσαν,
1107 5635 1243 5692 Colb.
1268 5642 1415 5700 πρᾶον
1439 5637 1600 5686 οὖσαν.

974 194 1034 250 S.
1071 190 1358 250 JOANNIS
1391 187 1878 247 CHRYSOSTOMI
1917 185 2242 246 ARCHIEP.
2278 178 2834 245 CONSTANTINOP.

3511 184 3630 241 (ποθ

1949 297 2047 351 καὶ
2071 297 2198 365 ταῖς
2228 295 2594 369 προσευχαῖς
2615 294 2837 367 ἡμέρας
2861 294 2959 352 καί
2996 297 3235 364 νυκτός.
3275 297 3386 352 Καὶ
3418 300 3624 370 Κοριν-

1948 395 2083 460 θίοις
2098 396 2426 450 ἐπιστέλλων
2455 397 2607 469 φησί·
2622 394 3039 464 Μακαριωτέρα
3061 392 3129 448 δέ
3156 393 3446 450 ἐστινέὰν
3463 398 3628 452 οὕτω

1941 497 2143 564 μείνῃ.
2175 491 2327 558 Εἶδες
2361 495 2461 547 ὅσα
2485 494 2584 564 τῆς
2613 493 2840 566 χηρείας
2891 493 2960 546 τά
3005 491 3278 564 ἐγκώμια,
3307 492 3405 546 καὶ
3438 493 3621 551 ταῦτα

1947 594 2006 644 ἐν
2031 594 2094 662 τῇ
2126 591 2424 661 Rau/15,61:
2453 590 2548 643 καὶ
2580 590 2642 644 τὸ
2669 587 2770 660 τῆς
2793 588 3090 662 παρθενίας
3122 588 3385 662 διέλαμψε
3418 591 3622 658 καλόν;

1945 686 2061 742 ἀλλ’
2093 687 2242 758 ὅμως
2265 687 2386 740 οὐδὲ
2414 685 2535 740 τότε
2565 685 2664 750 τὰς
2698 685 3066 758 μαρμαρυγὰς
3100 686 3272 758 αὐτῆς
3303 688 3627 759 ἀποκρύψαι

1950 783 2168 856 ἴσχυσεν
2201 781 2460 854 ὴταύτης
2489 782 2805 854 φαιδρότης,
2854 782 2990 837 ἀλλά
3020 782 3316 854 διαλάμπει
3353 785 3448 838 καὶ
3479 784 3629 840 οὕτω

1945 881 2044 956 τὴν
2068 881 2274 935 οίκείαν
2330 880 2528 952 ἔχουσα
2578 881 2800 952 ἀρετήν.
2847 881 3018 934 Ὅταν
3069 877 3164 935 οῦν
3195 884 3627 955 μνημονεύωμεν

1951 978 2152 1051 μεταξὺ
2185 979 2432 1050 χηρείας,
2466 977 2541 1050 μὴ
2579 978 2898 1050 καταπέσῃς
2917 1017 2934 1042 ,
2988 977 3124 1049 μηδὲ
3147 979 3346 1045 ὄνειδος
3373 981 3434 1035 τὸ
3464 980 3626 1056 [541]

1948 1079 2179 1148 πρᾶγμα
2211 1076 2416 1149 νόμιζεο
2442 1079 2491 1130 εί
2513 1077 2622 1149 γάρ
2654 1076 2813 1131 τοῦτο
2843 1077 3223 1145 ἐπονείδιστον,
3273 1079 3452 1151 πολλῷ
3481 1082 3626 1152 μάλ-

1945 1175 2037 1229 λον
2060 1176 2097 1247 ἡ
2117 1174 2405 1248 παρθενία.
2455 1173 2597 1228 Ἀλλ’
2629 1173 2730 1227 οὐκ
2751 1173 2920 1241 ἐστιν,
2943 1175 3044 1228 ούκ
3078 1175 3214 1240 ἐστι,
3259 1177 3336 1248 μὴ
3386 1177 3623 1246 γένοιτο.

1952 1273 2124 1326 Ὅπου
2161 1271 2270 1345 γάρ
2302 1272 2402 1336 τάς
2426 1270 2507 1325 ἔτι
2551 1271 2851 1343 περιόντων
2889 1271 3232 1344 ἀπεχομένας
3270 1275 3378 1328 τῶν
3410 1276 3626 1347 ἀνδρῶν

1948 1367 2298 1439 θαυμάζομεν
2327 1367 2564 1431 ἅπαντες
2588 1369 2682 1422 καὶ
2702 1367 3098 1439 ἀποδεχόμεθα,
3119 1368 3216 1432 τάς
3237 1371 3331 1423 καὶ
3358 1372 3625 1425 ἀπελθόν-

1946 1485 2053 1521 των
2084 1465 2264 1521 αὐτῶν
2290 1467 2389 1539 τὴν
2442 1466 2612 1538 αὐτὴν
2645 1466 2772 1538 περὶ
2810 1466 3007 1529 αὐτοὺς
3051 1466 3500 1538 ἐπιδεικνυμένας
3524 1467 3623 1522 εὓ-

1946 1581 2114 1630 νοιαν,
2181 1563 2298 1627 πῶς
2327 1563 2427 1617 οὐκ
2461 1561 2854 1635 ἐκπλήττεσθαι
2885 1562 2967 1616 δεῖ
3012 1563 3106 1616 καὶ
3149 1563 3426 1629 ἐπαινεῖνς
3473 1564 3631 1630 Ἕως

1951 1659 2048 1728 μὲν
2075 1653 2190 1726 οῦν,
2218 1659 2356 1732 ὅπερ
2380 1659 2537 1730 ἔφην,
2580 1658 2746 1730 συνῆς
2782 1658 2860 1730 τῷ
2914 1659 3170 1731 μακαρίῳ
3194 1659 3474 1732 Θηρασίῳ,
3524 1664 3630 1716 καὶ

1945 1756 2110 1828 τιμῆς
2160 1757 2255 1811 καὶ
2282 1757 2535 1829 προνοίας
2566 1756 2879 1820 ἀπέλαυσας
2907 1755 2955 1823 ιι,
2998 1755 3116 1820 οἵας
3152 1756 3302 1829 παρά
3332 1756 3631 1830 ἀνθρώπου

1947 1853 2241 1908 ἀπολαύειν
2272 1853 2438 1918 εἰκός·
2474 1853 2569 1908 νῦν
2595 1853 2653 1907 δὲ
2674 1855 2754 1918 είς
2793 1853 2891 1925 τὴν
2916 1853 3126 1907 ἐκείνου
3155 1852 3310 1919 τάξιν
3345 1853 3490 1925 ἔχεις
3528 1856 3634 1910 τὸν

1949 1951 2201 2005 ἁπάντων
2233 1951 2511 2024 Δεσπότην
2553 1951 2708 2016 Θεὸν,
2738 1951 2798 2015 ὃς
2843 1950 2938 2004 καὶ¹
2982 1950 3150 2004 πάλαι
3191 1967 3286 2004 σου
3341 1953 3628 2023 προεστὼς

1951 2045 2209 2118 μειζόνως
2239 2049 2330 2103 καὶ
2364 2050 2501 2121 μετά
2536 2049 2777 2113 πλείονος
2807 2048 2966 2103 τοῦτο
3005 2049 3216 2120 ποιήσει
3259 2050 3357 2121 τῆς
3387 2041 3640 2120 σπουδῆς

1947 2142 2062 2199 νῦν’
2085 2148 2178 2201 καὶ
2216 2147 2312 2219 τῆς
2339 2147 2539 2218 πολλῆς
2567 2147 2732 2201 αὑτοῦ
2766 2150 3024 2220 προνοίας
3053 2147 3115 2202 ού
3146 2147 3340 2218 μικρὸν
3359 2188 3375 2213 ,
3429 2147 3631 2219 ὥσπερ

1951 2245 2122 2317 ἔφθην
2153 2245 2352 2310 εἰπὼν,
2412 2245 2708 2316 τεκμήριον
2741 2244 2940 2312 ἔδειξεν
2979 2247 3110 2316 ἡμῖν
3141 2244 3265 2316 ήδη,
3301 2246 3360 2298 ἐν
3381 2243 3632 2316 τοσαύτη

1947 2343 2161 2415 καμίνῳ
2193 2342 2483 2416 φροντίδων
2520 2342 2612 2395 καὶ
2643 2341 2820 2412 λύπης
2839 2341 2965 2412 ὑγιῆ
2994 2342 3089 2395 καὶ
3113 2341 3391 2411 ἀνέπαφόν
3420 2359 3478 2395 σε
3503 2341 3630 2396 δια-

1947 2439 2207 2509 φυλάξας,
2237 2441 2331 2493 καὶ
2361 2439 2526 2512 μηδὲν
2550 2440 2707 2508 ἀφεὶς
2735 2438 2846 2492 τῶν
2870 2438 3182 2511 ἀϐουλήτων
3215 2437 3426 2492 παθεῖν.
3463 2438 3523 2492 '0
3559 2439 3628 2493 δὲ

1946 2537 2003 2588 ἐν
2027 2536 2266 2606 τοσούτῳ
2292 2536 2435 2606 σάλῳ
2460 2535 2632 2607 μηδὲν
2665 2537 3025 2608 συγχωρήσας
3069 2533 3316 2604 γίνεσθαι
3339 2536 3630 2605 ναυάγιον,

1948 2631 2126 2702 πολλῷ
2150 2631 2348 2704 μᾶλλον
2381 2633 2437 2685 ἐν
2473 2632 2682 2703 γαλήνῃ
2715 2633 3036 2704 διατηρήσει
3067 2633 3169 2704 τὴν
3202 2631 3298 2703 σὴν
3321 2632 3498 2705 ψυχὴν
3524 2635 3630 2686 καὶ

1948 2728 2156 2798 κούφην
2187 2729 2400 2800 ποιήσει
2421 2728 2518 2800 τὴν
2547 2729 2802 2801 χηρείαν,
2816 2728 2911 2782 καὶ
2930 2727 3000 2783 τά
3035 2730 3098 2783 ἐκ
3125 2728 3329 2798 ταύτης
3356 2728 3633 2782 δοκοῦντα

1949 2821 2086 2878 εἶναι
2109 2824 2278 2880 δεινά.

2016 2929 2084 2991 γ’.
2117 2923 2180 2976 EE
2203 2923 2261 2976 δέ
2292 2940 2352 2976 σε
2377 2923 2436 2976 οὐ
2467 2922 2529 2976 τὸ
2557 2922 2655 2994 τῆς
2685 2921 2911 2992 χηρείας
2933 2921 3103 2992 ὄνομα
3136 2919 3370 2992 θορυϐεῖ,
3400 2919 3537 2975 ἀλλά
3559 2919 3642 2976 τὸ

1948 3016 2115 3090 ἀνδρα
2134 3018 2371 3072 τοιοῦτον
2382 3017 2694 3079 ἀποϐαλεῖν,
2713 3016 3056 3087 συνομολογῶ
3078 3016 3178 3087 μέν
3203 3033 3284 3068 σοι
3304 3015 3458 3084 κάγὼ
3480 3033 3630 3069 παν-

1945 3115 2111 3187 ταχοῦ
2134 3115 2238 3186 γῆς
2267 3114 2480 3184 ὀλίγους
2506 3113 2836 3184 γεγενῆσθαι
2856 3115 3130 3176 τοιούτους
3154 3113 3212 3164 ἐν
3243 3111 3470 3182 ἀνδράσι
3493 3111 3630 3181 βιω-

1945 3215 2117 3276 τικοῖς
2140 3211 2550 3283 φιλοστόργους,
2597 3211 2878 3276 ἐπιεικεῖς,
2935 3210 3245 3274 ταπεινοὺς,
3285 3209 3625 3272 ἀπλάστους,

1949 3311 2202 3372 συνετοὺς
2235 3321 2282 3376 ε,
2328 3309 2598 3373 εὐλαϐεῖς.
2635 3308 2774 3362 Ἀλλ’
2813 3309 2862 3361 εί
2903 3308 3002 3378 μὲν
3047 3307 3284 3362 διελύετο
3318 3307 3628 3372 παντελῶς,

1952 3407 2048 3460 καὶ
2085 3407 2164 3469 εἰς
2189 3405 2252 3459 τὸ
2286 3407 2450 3476 μηδὲν
2481 3405 2694 3476 ἐληγεν,
2719 3405 2826 3459 ἔδει
2849 3404 3194 3477 θορυϐεῖσθαι
3218 3405 3312 3457 καὶ⁹
3328 3405 3533 3472 ἀλγεῖψ
3569 3406 3629 3459 εἰ

1946 3502 2003 3555 δὲ
2034 3505 2113 3566 εἰς
2142 3503 2232 3556 τὸν
2266 3499 2440 3555 εῦδιον
2474 3501 2810 3554 κατέπλευσε
2869 3499 3094 3570 λιμένα,
3141 3501 3389 3572 καὶπρὸς
3415 3501 3506 3554 τὸν
3534 3502 3628 3554 όν·-

1946 3616 2054 3663 τως
2085 3597 2249 3653 αὑτοῦ
2283 3596 2508 3668 βασιλέα
2530 3597 2961 3668 ἀποδεδήμηκεν,
3004 3598 3064 3650 οὑ
3101 3597 3315 3650 πενθεῖν
3341 3597 3480 3668 ὑπὲρ
3505 3598 3627 3652 τού-

1946 3713 2075 3760 των,
2099 3694 2235 3748 ἀλλά
2266 3695 2358 3747 καὶ
2383 3693 2594 3766 χαίρειν
2627 3693 2727 3749 δεῖ.
2779 3695 2854 3746 Οὐ
2903 3693 3012 3766 γάρ
3044 3693 3271 3758 θάνατος
3321 3697 3349 3748 ό
3386 3695 3627 3760 θάνατος

1947 3789 2120 3857 οὗτος,
2153 3791 2270 3846 ἀλλ’
2305 3791 2582 3862 ἀποδημία
2609 3792 2702 3845 καὶ
2738 3792 3068 3862 μετάστασίς
3090 3809 3176 3854 τις
3203 3792 3310 3844 ἀπὸ
3342 3792 3448 3845 τῶν
3502 3810 3627 3863 χει-

1950 3893 2118 3964 ρόνων
2143 3891 2236 3943 ἐπὶ
2265 3888 2334 3942 τὰ
2371 3888 2582 3960 βελτίω,
2638 3889 2744 3941 ἀπὸ
2771 3889 2866 3960 τῆς
2898 3888 3000 3960 γῆς
3043 3888 3179 3960 πρὸς
3231 3889 3322 3942 τὸν
3363 3889 3623 3960 οὐρανὸν,

1947 3991 2055 4046 ἀπὸ
2094 3988 2202 4042 τῶν
2231 3986 2532 4058 ἀνθρώπων
2557 3985 2691 4058 πρὸς
2715 3985 2978 4055 ἀγγέλους
3013 3986 3106 4038 καὶ
3126 3986 3498 4056 ἀρχαγγέλους
3521 3989 3624 4042 καὶ

1946 4090 2038 4143 τὸν
2069 4086 2177 4140 τῶν
2217 4085 2460 4154 ἀγγέλων
2491 4084 2584 4138 καὶ
2615 4084 2970 4156 ἀρχαγγέλων
3018 4083 3317 4155 Δεσπότην.
3354 4084 3627 4140 Ἐνταῦθα

1952 4187 2052 4258 μὲν
2081 4186 2189 4256 γάρ
2217 4185 2310 4238 ἐπὶ
2337 4183 2436 4252 τῆς
2460 4182 2563 4251 γῆς
2597 4180 3023 4250 στρατευόμενον
3058 4180 3266 4249 βασιλεῖ
3305 4182 3397 4234 καὶ
3433 4183 3621 4235 κινδύ-

1947 4301 2070 4346 νους
2090 4278 2158 4352 ἦν
2185 4279 2510 4352 προσδοκᾷν,
2554 4278 2646 4331 καὶ
2697 4276 2894 4340 πολλὰς
2928 4277 3078 4346 παρά
3126 4277 3235 4330 τῶν
3277 4279 3622 4347 φθονούντων

1945 4381 2044 4444 τὰς
2091 4376 2400 4440 ἐπιϐουλάςο
2464 4377 2572 4446 ὅσῳ
2615 4373 2724 4446 γὰρ
2785 4373 2935 4444 αὐτῷ
2974 4371 3044 4426 τὰ
3085 4373 3186 4443 τῆς
3217 4374 3622 4444 εύδοκιμήσεως

1946 4475 2157 4547 ηῦξετο,
2177 4472 2414 4543 τοσούτῳ
2452 4472 2546 4524 καὶ
2582 4470 2651 4524 τὰ
2690 4469 2840 4541 παρά
2879 4469 2986 4523 τῶν
3014 4469 3224 4541 ἐχθρῶν
3262 4471 3621 4535 ἐπλεόναζεν·

1947 4575 2063 4626 ἐκεῖ
2093 4573 2152 4625 δὲ
2177 4570 2479 4626 ἀπελθόντα
2507 4569 2607 4622 οὐκ
2651 4567 2796 4620 ἔστιν
2845 4566 3178 4620 ὑποπτεῦσαι
3211 4566 3415 4622 τούτων
3439 4569 3617 4625 οὐδέν.

1948 4672 2110 4723 ’Ὥστε
2136 4669 2355 4739 ὅσῳπερ
2387 4666 2451 4720 ἂν
2479 4665 2681 4734 πενθῇς
2709 4665 2790 4718 ὃτι
2822 4663 3056 4736 χρηστὸν
3078 4665 3205 4719 ὄντα
3238 4667 3334 4720 καὶ
3359 4666 3622 4738 ἐνάρετον

1947 4767 2137 4822 ἐλαϐεν
2187 4766 2216 4818 ὁ
2258 4764 2411 4829 Θεὸς,
2440 4761 2679 4831 τοσούτῳ
2728 4762 2938 4834 χαίρειν
2979 4761 3062 4814 δεῖ
3113 4761 3196 4815 ὅτι
3237 4761 3376 4832 μετά
3412 4764 3620 4836 πολλῆς

1944 4866 2044 4935 τῆς
2072 4861 2368 4931 ἀσφαλείας
2409 4860 2503 4912 καὶ
2544 4859 2643 4929 τῆς
2671 4856 2828 4926 δόξης
2855 4857 3260 4930 ἀποδεδήμηκε.
3302 4859 3397 4913 καὶ
3426 4859 3528 4930 τῆς
3557 4863 3621 4915 ἐν

1945 4961 2023 5032 τῷ
2043 4958 2268 5028 παρόντι
2287 4957 2517 5028 κινδύνῳ
2535 4957 2776 5028 ταραχῆς
2797 4955 3152 5024 ἀπαλλαγεὶς,
3170 4957 3319 5010 ἐστὶν
3344 4958 3402 5010 ἐν
3423 4960 3620 5032 εἰρήνῃ

1947 5058 2041 5112 καὶ
2065 5056 2265 5127 ἡσυχίᾳ
2299 5055 2495 5126 πολλῇ.
2517 5053 2641 5117 Πῶς
2662 5053 2769 5124 γὰρ
2798 5053 2898 5107 οὐκ
2928 5054 3128 5108 ἄτοπον
3148 5055 3239 5108 τὸν
3269 5056 3367 5124 μὲν
3386 5055 3622 5126 οὐρανὸν

1948 5155 2130 5225 πολλῷ
2155 5153 2348 5223 βελτίω
2367 5154 2464 5224 τῆς
2489 5153 2593 5229 γῆς
2618 5148 2753 5210 εἶναι
2775 5151 3087 5223 ὁμολογεῖν,
3115 5155 3240 5216 τοὺς
3260 5153 3316 5206 δὲ
3347 5155 3455 5207 ἀπὸ
3478 5153 3619 5209 ταύ-

1947 5270 2045 5323 της
2070 5254 2187 5306 ἐκεῖ
2219 5251 2587 5322 μεταστάντας
2614 5249 2827 5303 πενθεῖν
2848 5265 2862 5314 ;
2902 5249 2964 5302 Εί
2996 5249 3094 5318 μὲν
3115 5250 3224 5322 γάρ
3241 5249 3348 5303 τῶν
3373 5252 3620 5322 αίσχρῶς

1952 5350 2288 5404 Βεϐιωκότων
2327 5351 2420 5404 καὶ
2455 5349 2608 5421 παρά
2659 5349 2721 5403 τὸ
2776 5349 2854 5420 τῷ
2890 5348 3010 5420 Θεῷ
3038 5348 3226 5404 δοκοῦν
3252 5353 3282 5405 ό
3343 5334 3623 5423 μακάριος

2009 5582 2033 5620 d
2060 5579 2192 5628 Coll).
2225 5589 2271 5628 el
2295 5580 2444 5630 Savil.
2472 5583 2718 5639 ἀπέλαυες,
2743 5582 2914 5632 Morel.
2940 5584 3228 5641 ἀπέλαυσας.

2018 5644 2037 5666 ⁸
2063 5643 2140 5692 εἰς
2161 5643 2296 5696 Colb.
2325 5650 2377 5691 et
2397 5645 2504 5698 δαν.
2521 5644 2572 5693 lu
2589 5643 2705 5693 Mor.
2727 5647 2849 5700 hac.
2869 5646 3157 5708 ἀπλάστους,
3168 5644 3638 5709 maniam
