3890 6220
341 295 447 354 €03

344 422 485 465 nunc
524 420 674 476 vero,
704 404 916 481 quando
943 414 998 461 et
1032 406 1146 477 ipse
1176 418 1311 459 unus
1356 421 1417 459 ex
1472 402 1566 459 Del
1594 402 1779 457 amicis
1816 411 1919 466 est,

345 515 452 556 non
497 500 669 560 solum
714 498 945 563 viventi,
989 496 1084 553 sed
1125 496 1285 552 etiam
1323 509 1571 555 somnum
1607 511 1762 550 suum
1799 495 1925 551 dor-

345 593 530 653 mienti
553 590 924 673 gratulandum
952 597 1054 644 est.
1080 587 1286 645 Audisti
1311 603 1442 643 sane
1466 603 1530 643 ex
1558 587 1716 644 beato
1738 587 1920 655 Paulo,

344 684 641 741 faciendum
671 683 773 740 hoc
802 696 942 745 esse,
967 695 1089 735 cum
1117 680 1185 734 ita
1217 679 1440 742 diceret,
1475 678 1648 751 Longe
1672 679 1829 735 satius
1850 688 1923 733 est

343 776 570 843 dissolvi,
596 784 644 831 et
670 792 776 839 esse
803 792 915 828 cum
951 774 1147 835 Christo
1186 772 1439 847 (Philipp.
1470 772 1521 825 1.
1694 771 1763 825 At
1788 768 1925 825 forte

343 883 501 926 voces
543 868 685 931 illius
721 869 907 925 audire
950 869 1101 940 cupis
1143 853 1340 939 tuoque
1386 881 1511 939 erga
1549 865 1697 922 illum
1741 879 1924 918 amore

343 963 466 1032 frui,
495 971 550 1018 et
574 963 1014 1021 consuetudinem
1053 962 1282 1033 requiris
1309 968 1362 1016 et
1399 957 1640 1032 gloriam,
1670 956 1922 1030 splendo-

343 1072 477 1123 rem,
504 1057 689 1125 (locus,
718 1057 1095 1121 securitatem,
1122 1069 1243 1124 qua:
1281 1052 1349 1109 ab
1374 1051 1464 1106 illo
1491 1051 1543 1107 in
1572 1059 1623 1105 te
1656 1048 1922 1104 redunda-

342 1152 485 1216 bant,
512 1160 671 1221 atque
694 1150 810 1209 haec
827 1148 1005 1203 onmia
1032 1147 1254 1219 periisse
1279 1159 1420 1215 aegre
1448 1142 1574 1208 fers,
1597 1151 1652 1199 et
1669 1141 1822 1213 quasi
1848 1150 1926 1196 tc-

345 1243 539 1301 nebras
565 1240 858 1305 mentitum
883 1237 1084 1295 oﬂ‘undi
1112 1236 1298 1295 sentis.
1322 1234 1521 1295 Verum
1550 1244 1694 1293 tuam
1712 1232 1923 1303 quidem

344 1348 468 1403 erga
516 1332 662 1387 illum
707 1328 997 1389 amicitiam
1040 1342 1194 1399 atque
1239 1326 1332 1385 tibi
1386 1339 1529 1381 nunc
1572 1333 1731 1395 atque
1767 1332 1923 1377 antea

343 1425 477 1479 tueri
509 1425 650 1480 licet.

411 1516 611 1575 Caritas
655 1524 706 1571 et
759 1530 919 1589 prope
943 1522 991 1576 et
1030 1513 1179 1587 longe
1225 1511 1413 1589 positos
1453 1511 1814 1582 complectitur.
1853 1536 1927 1550 —

341 1610 486 1667 Talis
510 1609 652 1665 enim
673 1619 755 1664 est
771 1607 1010 1663 caritatis
1038 1606 1302 1676 potentia;
1323 1619 1428 1659 non
1446 1602 1619 1663 solum
1637 1613 1925 1674 prteseutes

340 1718 405 1758 ac
452 1703 740 1774 proximos,
792 1700 989 1771 quique
1016 1699 1089 1756 ob
1128 1697 1313 1753 oeulos
1349 1704 1665 1767 versantur,
1697 1693 1793 1750 sed
1831 1708 1926 1751 eos

339 1793 501 1848 etiam
544 1793 634 1863 qui
677 1792 833 1865 longe
878 1790 1072 1844 absunt
1110 1786 1516 1858 εοιιιριεειίιυτ,
1561 1784 1922 1855 conglutinat,

338 1884 652 1956 conjungit:
698 1897 763 1938 ac
804 1896 977 1952 neque
1029 1878 1286 1950 temporis
1326 1876 1715 1948 longinquitas,
1752 1889 1926 1946 neque

338 1978 576 2032 locorum
617 1975 918 2036 intervalla.
952 1988 1128 2043 neque
1151 1970 1295 2027 aliud
1339 1969 1496 2041 hujus
1532 1967 1744 2040 generis
1772 1966 1924 2038 quid—

339 2084 499 2137 quam
526 2067 775 2139 frangere
799 2080 864 2121 ac
889 2064 1193 2120 discindere
1211 2062 1403 2124 animte
1422 2059 1709 2117 amicitiam
1730 2064 1923 2129 potest.

337 2158 490 2227 Quod
519 2158 562 2215 si
594 2171 831 2227 pra:seu.s
860 2165 1180 2231 priesentem
1216 2153 1414 2213 intueri
1439 2152 1589 2225 cupis
1614 2151 1747 2221 (non
1780 2149 1925 2205 enim

339 2269 427 2306 me
451 2250 581 2322 fugit
610 2248 662 2304 id
693 2248 787 2304 tibi
835 2262 957 2305 esse
996 2245 1304 2309 mximein
1344 2243 1584 2315 optatis),
1612 2240 1820 2297 custodi
1846 2241 1923 2296 illi

338 2337 532 2391 lectum
560 2333 714 2390 alteri
745 2334 859 2388 viro
891 2332 1110 2391 minime
1139 2330 1402 2402 pervimn,
1445 2328 1693 2385 incmnbe
1723 2327 1775 2387 in
1805 2341 1922 2382 eam

338 2442 542 2490 curam,
567 2434 624 2480 ut
652 2424 838 2483 eadem
861 2424 917 2478 in
943 2433 993 2484 te
1014 2431 1172 2494 atque
1193 2421 1249 2478 in
1279 2419 1373 2481 illo
1392 2420 1514 2481 vita:
1545 2418 1779 2489 probitas
1805 2417 1922 2474 elu-

338 2527 480 2584 eeat,
506 2533 569 2575 ac
592 2517 711 2575 sine
745 2515 908 2575 dubio
947 2514 1013 2571 ad
1043 2512 1288 2573 eumdem
1327 2528 1449 2569 cum
1492 2511 1607 2581 ipso
1641 2509 1924 2581 pervenies

336 2611 597 2677 chorum,
635 2617 795 2680 atque
833 2620 937 2665 una
982 2619 1104 2665 eum
1149 2619 1216 2660 eo
1257 2602 1521 2661 babitaliis
1547 2618 1651 2656 non
1692 2601 1923 2670 quinque

337 2716 527 2768 annos,
559 2699 1009 2772 quemadmodum
1034 2698 1142 2764 hic,
1172 2711 1281 2755 non
1302 2695 1508 2766 viginti,
1536 2708 1643 2750 non
1669 2702 1909 2753 centum,

339 2810 444 2851 non
476 2794 643 2859 mille,
671 2799 762 2847 aut
790 2791 869 2849 bis
903 2789 1072 2852 mille,
1104 2796 1195 2847 aut
1216 2787 1399 2843 decem
1432 2785 1617 2850 millia,
1639 2793 1728 2838 aut
1757 2783 1923 2837 multo

337 2886 537 2957 plures,
568 2883 662 2938 sed
700 2882 903 2938 inﬁnita
931 2880 1147 2939 secula.
1194 2878 1460 2951 Regiones
1500 2876 1642 2932 enim
1688 2876 1804 2930 illas
1833 2889 1920 2931 re-

335 2979 477 3049 quiri
503 2977 785 3048 deputatas
812 2990 919 3031 non
958 2987 1231 3043 corporea:
1259 2971 1638 3043 cognationes,
1667 2967 1761 3024 sed
1803 2967 1922 3031 vitio

335 3069 631 3127 similitudo
657 3065 940 3123 obtinebit.
969 3063 1101 3123 Nam
1127 3064 1171 3125 si
1197 3061 1384 3119 eadem
1406 3069 1669 3130 suscepta
1709 3057 1922 3114 vivendi

338 3160 474 3216 ratio
502 3159 764 3215 Lazarum
807 3155 1036 3211 Abraba:
1083 3154 1320 3225 ignotum
1349 3152 1415 3208 in‘
1441 3154 1615 3209 sinum
1655 3150 1795 3209 illius
1821 3150 1917 3207 ad-

336 3252 486 3311 duxit
529 3250 831 3320 nmltosque.
870 3248 995 3307 facit
1032 3247 1099 3301 ab
1128 3246 1346 3305 Oriente
1385 3253 1440 3303 et
1464 3243 1752 3302 Occidente
1797 3258 1919 3298 cum

337 3343 428 3397 illo
457 3341 770 3398 recumbere
788 3379 805 3404 ,
848 3337 1088 3411 proferto
1117 3346 1167 3391 te
1193 3350 1409 3408 quoque
1430 3349 1531 3390 una
1567 3349 1689 3389 cum
1718 3337 1920 3405 opthu

336 3432 593 3493 'l'hcrasio
618 3432 762 3487 locus
790 3429 983 3500 quietis
1011 3427 1267 3495 excipiet,
1296 3427 1340 3481 si
1369 3425 1611 3481 eamdem
1643 3437 1803 3494 atque
1830 3425 1920 3478 ille

336 3528 515 3583 colere
557 3524 788 3579 volueris
825 3524 1017 3586 \itam,
1060 3530 1289 3591 tuncque
1329 3519 1503 3589 ipsum
1545 3534 1649 3573 non
1690 3533 1811 3573 cum
1855 3533 1918 3574 ea

336 3616 577 3689 corporis
619 3613 1048 3686 pulchritudine,
1077 3627 1180 3680 qun
1228 3610 1484 3681 prazditus
1529 3610 1696 3674 abiit,
1728 3610 1919 3666 iterum

339 3709 602 3779 recipies,
647 3706 744 3769 sed
778 3719 901 3761 cum
946 3704 1053 3759 alio
1092 3703 1322 3775 quodam
1361 3701 1685 3772 splendore,
1725 3718 1789 3758 ac
1832 3718 1922 3758 ve-

339 3810 569 3867 nustate,
595 3813 715 3870 quze
743 3798 889 3869 ipsus
912 3796 1043 3852 solis
1067 3795 1247 3857 radios
1284 3793 1488 3865 fulgore
1518 3793 1711 3848 vincat.

414 3893 619 3961 Quanta
634 3891 698 3945 sit
714 3895 893 3961 futura
900 3888 1064 3960 gloria
1074 3902 1341 3956 corporum
1361 3887 1414 3940 in
1435 3885 1607 3947 beatis.
1625 3914 1697 3924 —
1709 3884 1917 3943 Etenim

339 3987 442 4044 hoc
479 3984 692 4057 quidem
736 3996 965 4051 corpus,
998 3981 1160 4037 etiam
1204 3978 1255 4033 si
1275 3978 1341 4034 ad
1379 3992 1648 4037 summum
1683 3976 1919 4048 pulchri-

340 4079 536 4135 tudinis
560 4076 781 4148 gtndmu
812 4073 1148 4145 pervenerit,
1179 4070 1402 4125 mortale
1444 4079 1621 4129 mutent
1652 4078 1771 4132 est;
1801 4082 1921 4121 cor-

339 4185 467 4242 pora
495 4179 671 4225 autem
697 4182 907 4231 eorum,
935 4166 1027 4235 qui
1066 4164 1176 4218 Deo
1204 4165 1546 4232 placuerunt,
1589 4171 1790 4217 tantam
1836 4161 1918 4213 in-

338 4264 507 4319 dueut
530 4261 772 4333 gloriam.
804 4266 1058 4329 quantam
1087 4273 1154 4312 ne
1180 4257 1370 4311 intueri
1401 4255 1617 4323 quidem
1643 4253 1727 4310 his
1751 4255 1920 4311 oculis

337 4357 483 4411 licet.
528 4354 702 4423 Atque
746 4350 936 4407 barum
986 4348 1198 4420 quidem
1253 4362 1432 4405 rerum
1480 4346 1630 4415 signa
1678 4345 1920 4415 quaedam

337 4459 498 4520 atque
515 4449 743 4504 obscura
774 4445 995 4515 vestigia
1038 4452 1093 4499 et
1121 4444 1181 4499 in
1215 4442 1407 4498 Vetere
1452 4451 1509 4497 et
1551 4442 1603 4499 in
1636 4441 1785 4497 Novo
1814 4442 1911 4503 Te-

337 4549 603 4598 stamento
628 4539 783 4595 nobis
809 4536 1044 4594 ostendit
1064 4536 1227 4592 Deus.
1250 4535 1388 4593 Nam
1399 4536 1506 4591 illic
1526 4536 1740 4605 quidem
1763 4536 1925 4597 Musis

340 4635 503 4691 facies
529 4642 675 4689 tanta
703 4629 940 4701 fulgebat
965 4629 1156 4698 gloria,
1189 4639 1249 4682 ut
1271 4642 1392 4683 eam
1403 4624 1921 4683 oeuli‘lsraelitarum

337 4726 481 4782 ferre
528 4725 745 4781 minime
788 4728 1034 4793 possent;
1084 4720 1136 4774 iu
1176 4719 1325 4774 Novo
1352 4727 1531 4775 autem
1559 4722 1714 4789 longe
1753 4719 1925 4790 magis

338 4819 483 4874 fulsit
510 4816 706 4872 Christi
746 4815 926 4870 facies.
952 4813 1148 4882 erro
1184 4811 1343 4883 igitur
1386 4828 1453 4866 ex
1495 4823 1580 4877 te,
1603 4813 1648 4866 si
1676 4813 1799 4883 quis
1826 4813 1919 4869 tibi

341 4909 605 4980 pollicitus
633 4915 779 4962 esset
805 4906 853 4959 ei
878 4921 939 4961 se
965 4906 1126 4960 totius
1151 4905 1298 4958 orbis
1329 4919 1554 4973 regnum
1575 4903 1916 4968 traditurum,

339 5002 437 5057 sed
461 5002 532 5055 ob
564 5003 699 5053 bane
729 5013 944 5053 rusum
983 4997 1235 5067 jussisset
1271 4995 1455 5065 viginti
1485 4997 1635 5066 ipsos
1666 5012 1838 5052 armos
1870 5007 1921 5051 te

337 5092 626 5155 secedere,
658 5097 817 5159 atque
855 5088 920 5144 iis
951 5090 1233 5142 transactis
1270 5086 1570 5143 diademate
1597 5102 1661 5142 ac
1689 5104 1920 5157 purpura

336 5196 589 5242 ornatum
623 5199 745 5239 eum
772 5182 865 5236 tibi
909 5180 1225 5236 traditurum
1269 5181 1635 5250 promisisset,
1678 5191 1838 5249 teque
1869 5186 1918 5233 iu

337 5275 528 5332 eodem
575 5283 736 5344 atque
783 5272 932 5326 illum
984 5270 1205 5326 honoris
1255 5270 1424 5342 gradu
1470 5271 1851 5327 collocatur-um
1903 5290 1916 5325 :

339 5381 519 5424 nnnne
543 5363 902 5421 secessionem
921 5363 1074 5417 istam
1097 5377 1251 5431 scipio
1276 5362 1456 5417 animo
1479 5372 1535 5417 et
1552 5377 1615 5416 ea
1640 5379 1742 5433 qua
1768 5363 1923 5420 decet

338 5458 668 5514 continentia
692 5456 943 5511 tulisses?
970 5470 1149 5510 nomm
1178 5470 1372 5509 rnunus
1398 5455 1708 5524 praeclarum
1729 5496 1745 5520 ,
1777 5471 1907 5510 rem

340 5567 446 5620 que
489 5550 739 5605 omnibus
787 5548 923 5603 votis
969 5547 1255 5617 optandam
1306 5546 1603 5602 duxisses?
1653 5547 1922 5603 Patiettter

341 5642 485 5696 feras.
515 5643 672 5713 igitur
704 5651 760 5697 et
785 5657 925 5695 nunc
966 5655 1071 5693 non
1116 5638 1263 5708 regni
1294 5639 1522 5706 terreni,
1566 5637 1660 5693 sed
1691 5639 1922 5694 carlestis

340 5751 530 5798 cauea;
563 5750 667 5790 non
714 5743 770 5789 ut
818 5742 965 5789 teste
1012 5747 1215 5794 aurea,
1263 5729 1355 5785 sed
1388 5730 1784 5795 immortalitate
1834 5732 1916 5788 in~

1090 289 1145 347 S.
1183 284 1462 354 JOANNIS
1498 285 1972 344 CIIRYSOSTOMI
2001 286 2318 343 AllﬂlllEP.
2358 286 2886 345 CONSTANTINOP.

3503 297 3602 351 ΘΜ

2030 402 2214 457 dutttm
2244 403 2467 479 recipias
2488 412 2541 458 et
2564 402 2733 475 gloria
2759 446 2775 474 ,
2801 414 3053 479 quantum
3085 421 3199 472 eos,
3232 409 3321 479 qui
3365 409 3416 465 in
3459 419 3605 467 etetts

2028 495 2245 569 degunt,
2272 496 2466 553 habere
2494 494 2914 556 consentaneum
2945 508 3048 555 est.
3079 500 3233 569 Quod
3262 502 3304 556 si
3332 503 3484 558 valde
3514 505 3607 560 tibi

2031 587 2363 647 intoleranda
2412 589 2623 646 videtur
2691 592 2946 662 temporis
2998 592 3359 663 diuturnitas,
3418 597 3607 651 verisi-

2029 679 2154 736 mile
2182 690 2265 737 est
2303 681 2451 741 illum
2483 683 2576 739 tibi
2624 684 2890 740 interdum
2928 685 2979 740 iu
3013 688 3237 741 somniis
3278 688 3510 753 adstare,
3555 702 3613 748 et

2029 786 2150 842 quae
2176 789 2527 834 consueverat
2556 788 2730 836 tecum
2768 781 3028 852 colloqui,
3056 791 3112 836 ct
3149 792 3384 852 optatam
3416 784 3606 842 faciem

2031 866 2335 923 ostendere.
2357 867 2411 923 Id
2426 878 2476 924 te
2491 870 2609 926 loco
2630 871 2975 941 cpistolarunt
3001 873 3344 930 ronsoletur:
3370 879 3610 948 quinimo

2032 957 2082 1012 id
2107 959 2350 1029 epistolis
2375 962 2572 1019 clarius
2615 974 2717 1019 est.
2767 963 2824 1020 In
2872 966 2979 1021 illis
3005 966 3149 1022 enim
3193 965 3375 1024 literas
3404 980 3607 1025 tantum

2030 1065 2251 1110 cernere
2287 1053 2411 1109 licet
2440 1072 2453 1109 :
2487 1053 2574 1111 hic
2600 1070 2728 1111 vero
2766 1065 2821 1110 et
2845 1055 3070 1111 formam
3109 1058 3319 1123 vultus,
3349 1069 3402 1115 et
3446 1062 3608 1115 risum

2033 1145 2398 1214 tranquillum,
2438 1155 2495 1202 et
2538 1148 2782 1217 ﬁguram,
2821 1158 2877 1205 et
2909 1149 3199 1216 incessum,
3227 1161 3283 1209 et
3307 1168 3494 1207 sonum
3514 1170 3610 1207 au-

2031 1241 2170 1307 dire,
2194 1249 2251 1296 et
2274 1241 2501 1297 amicam
2531 1242 2678 1297 illam
2708 1258 2898 1299 vocem
2915 1259 3229 1315 agnoscere.

2099 1332 2153 1386 4.
2185 1330 2444 1402 Exemplis
2469 1335 2621 1389 variis
2663 1335 2983 1390 saecularium
3018 1337 3321 1409 dignitatum
3363 1323 3611 1395 instabili;

2031 1430 2182 1481 tatem
2218 1425 2415 1493 probat.
2442 1425 2794 1480 —-(1:eterum
2825 1427 3077 1497 quoniam
3127 1429 3428 1485 srcuritatis
3469 1447 3610 1500 pne-

2032 1521 2177 1573 terea
2206 1515 2363 1581 ratio,
2389 1531 2509 1586 quae
2537 1532 2603 1572 ex
2630 1517 2723 1572 illo
2755 1517 2846 1572 tibi
2885 1518 3105 1586 aderat,
3127 1527 3181 1576 te
3202 1520 3269 1575 ad
3293 1519 3474 1577 ﬂetum
3503 1524 3609 1578 itu-

2031 1604 2198 1672 pellit,
2223 1604 2450 1662 fortasse
2469 1608 2631 1661 etiam
2654 1621 2777 1678 spes
2807 1607 2930 1673 illas,
2956 1625 3075 1680 qua:
3096 1626 3219 1667 sese
3234 1612 3608 1679 oSIendebant,

2031 1694 2249 1764 majoris
2273 1694 2549 1766 dignitatis
2586 1706 2643 1753 et
2683 1699 3047 1768 amplitudinis
3084 1700 3281 1772 (audiri
3319 1703 3461 1760 enim
3500 1705 3612 1760 cito

2029 1784 2261 1840 futurum
2289 1785 2474 1855 fuisse,
2505 1795 2562 1843 ut
2591 1788 2680 1844 ille
2718 1788 2784 1843 ad
2821 1790 3193 1859 pra-lectorum
3233 1793 3480 1851 thronum
3522 1810 3608 1848 as-

2029 1877 2321 1945 cenderet,
2350 1878 2508 1948 idque
2539 1880 2806 1950 praecipue
2831 1881 3069 1936 animum
3112 1891 3257 1937 tuum
3302 1886 3612 1941 excruciare

2029 1967 2213 2041 puto):
2238 1970 2466 2026 illostihi
2484 1982 2608 2027 ante
2631 1973 2819 2027 oculos
2836 1989 2991 2041 pone,
3014 1974 3102 2043 qui
3124 1991 3245 2030 cum
3266 1975 3332 2031 ad
3354 1977 3607 2046 majorem

2027 2076 2189 2131 quam
2208 2061 2297 2116 ille
2321 2060 2636 2132 dignitatem
2667 2065 2835 2118 evecti
2866 2075 3068 2131 essent,
3101 2065 3460 2121 miserrimum
3483 2068 3608 2121 vita:

2027 2151 2230 2207 exitum
2257 2152 2429 2206 sortiti
2471 2164 2614 2207 sunt.
2665 2152 2945 2208 Rm'ocabo
2973 2163 3152 2210 autem
3190 2156 3283 2213 tibi
3325 2157 3378 2211 in
3406 2173 3613 2213 mcum-

2034 2245 2170 2299 riam
2196 2260 2213 2302 :
2243 2243 2583 2300 Theodorum
2614 2245 2764 2301 illum
2798 2247 2815 2278 ¹
2837 2262 2869 2302 ε
2898 2246 3077 2302 Sicilia
3124 2247 3348 2305 fortasse
3381 2249 3609 2317 audisti;

2029 2351 2145 2397 erat
2173 2341 2318 2398 enim
2348 2342 2400 2398 in
2430 2343 2615 2412 primis
2642 2344 2987 2413 conspicuus.
3014 2344 3110 2402 Hic
3137 2355 3191 2402 et
3218 2347 3614 2416 pulchritudine

2028 2442 2083 2488 et
2134 2433 2504 2504 magnitudine
2538 2436 2782 2505 corporis
2823 2445 2878 2491 et
2914 2439 3227 2494 auctoritate
3262 2439 3400 2509 apud
3438 2440 3614 2510 Impe-

2028 2532 2260 2579 ratorem
2288 2525 2541 2580 omnibus
2570 2536 2852 2595 prarstaus,
2888 2526 2980 2597 qui
3012 2543 3075 2583 ea
3103 2538 3311 2599 poterat
3337 2546 3456 2600 qttte
3487 2532 3615 2587 inti-

2029 2630 2235 2669 morum
2259 2615 2600 2672 familiarinm
2621 2633 2801 2682 nemo,
2833 2633 3143 2689 prosperam
3178 2621 3323 2677 illam
3344 2623 3612 2679 fortunam

2029 2723 2135 2763 non
2165 2709 2442 2764 moderate
2472 2709 2613 2775 tulit,
2642 2710 2737 2766 sed
2766 2710 3046 2765 insidiatus
3083 2710 3390 2780 Imperatori
3420 2731 3483 2770 ac
3511 2717 3611 2769 de-

2027 2799 2343 2869 prebensus,
2357 2800 2470 2870 ipse
2481 2800 2695 2871 quidem
2711 2801 2862 2856 valde
2875 2802 3246 2858 miserabiliter
3259 2804 3612 2863 obtruncatus

2026 2897 2140 2955 est;
2167 2889 2333 2960 ipsius
2357 2901 2535 2947 autem
2565 2905 2718 2957 uxor,
2752 2906 2927 2961 neque
2949 2891 3287 2959 educatione,
3317 2911 3489 2966 neque
3511 2912 3611 2967 ge-

2026 3000 2184 3051 nere,
2225 3000 2398 3056 neque
2428 2986 2532 3041 ulla
2571 2986 2675 3041 alia
2712 3001 2773 3042 re
2814 2987 3077 3042 nobilitati
3121 2995 3226 3044 tute
3262 2991 3565 3046 concedens
3588 3031 3607 3045 .

2026 3076 2274 3132 omnibus
2292 3085 2511 3147 repente
2523 3079 2684 3134 rebus
2699 3079 2808 3133 suis
2819 3079 3041 3148 spoliata
3059 3094 3122 3134 ac
3134 3080 3375 3137 libertate
3386 3083 3611 3150 amissa,

2025 3168 2367 3224 cubiculariis
2388 3170 2599 3225 ancillis
2618 3180 2990 3238 annumerata,
3017 3186 3080 3227 ac
3105 3172 3249 3228 nulla
3277 3189 3384 3228 non
3411 3176 3611 3230 ancilla

2026 3260 2360 3315 miseriorem
2390 3260 2552 3314 vitam
2581 3276 2740 3331 agere
2764 3270 2947 3316 coacta
2985 3261 3216 3324 est,.boc
3252 3280 3358 3318 uno
3384 3275 3617 3320 ceteras

2024 3350 2375 3414 antecellens,
2420 3351 2561 3421 quod
2596 3361 2819 3422 propter
2850 3368 2954 3407 non
2995 3354 3410 3423 comparabilem
3457 3357 3612 3409 cabi-

2026 3442 2227 3497 mitatis
2252 3443 2670 3510 magnitudinem
2699 3443 2965 3513 lacrymas
3000 3459 3189 3501 eorum
3215 3447 3487 3511 omnium,
3515 3450 3613 3517 qui

2028 3534 2199 3605 ipsam
2240 3535 2576 3605 aspicerent,
2601 3534 2867 3591 eliciebat.
2909 3534 3100 3594 Fertur
3131 3538 3293 3593 etiam
3322 3542 3613 3594 Artemisia

2022 3627 2141 3681 viro
2162 3625 2317 3681 valde
2335 3626 2484 3682 claro
2507 3636 2691 3697 nupta,
2714 3628 2966 3697 quoniam
2987 3636 3042 3684 et
3062 3628 3150 3685 ille
3172 3630 3503 3700 tyrannidem
3525 3632 3612 3685 af—

2026 3716 2259 3782 fectavit,
2300 3717 2354 3771 in
2378 3717 2621 3773 eamdem
2660 3718 2907 3774 incidisse
2944 3728 3309 3789 paupertatem
3332 3763 3346 3783 ,
3373 3738 3437 3778 ac
3468 3738 3613 3792 prae-

2026 3818 2171 3864 terea
2196 3810 2365 3864 oculis
2385 3824 2508 3865 esse
2530 3819 2707 3879 capta.
2735 3811 2870 3869 Nam
2937 3812 3255 3885 magnitudo
3283 3816 3619 3886 :egritudinis

2024 3909 2079 3954 et
2106 3899 2460 3970 lacrymarum
2488 3901 2567 3954 vis
2593 3900 2793 3955 lumina
2820 3900 3073 3956 exstinxit
3099 3918 3113 3954 :
3145 3912 3201 3958 at
3224 3919 3365 3960 nunc
3382 3906 3605 3976 quidem

2026 3992 2330 4047 hominibus
2350 4001 2472 4063 eget
2497 3993 2585 4063 qui
2612 3992 2896 4060 deducant,
2924 4001 3082 4064 atque
3110 3997 3177 4051 ad
3203 3997 3407 4054 alienas
3427 4011 3550 4069 port
3583 4018 3616 4056 s

2025 4082 2311 4148 adducant,
2342 4094 2399 4139 ιιι
2416 4085 2519 4140 Ιιοε
2543 4085 2704 4140 modo
2724 4087 3083 4142 necessarium
3106 4088 3207 4144 sibi
3233 4090 3429 4146 victum
3454 4109 3615 4147 com-

2027 4189 2218 4245 ρει-ωε
2254 4184 2433 4244 queat.
2480 4174 2590 4230 Nec
2632 4192 2761 4231 vero
2797 4178 2915 4232 aliae
2957 4175 3172 4233 samum
3197 4180 3384 4235 desum
3426 4183 3617 4239 itidem

2026 4266 2248 4337 dejeette
2274 4282 2336 4321 ac
2362 4276 2642 4336 prostrata:
2672 4283 2809 4338 quas
2832 4284 3332 4337 commemorarem,
3364 4276 3462 4328 nisi
3489 4291 3619 4343 ιιτο-

2023 4357 2245 4415 ltitalem
2299 4372 2362 4412 ac
2417 4357 2751 4428 prudentiam
2798 4370 2940 4413 tuam
2986 4361 3149 4430 ptobe
3192 4377 3439 4428 nossent,
3489 4383 3621 4435 qua:

2027 4448 2243 4505 minime
2262 4464 2328 4503 ex
2347 4448 2545 4504 alienis
2563 4449 2713 4503 malis
2738 4450 3025 4505 calamitati
3056 4460 3159 4506 tne
3182 4453 3332 4522 cupis
3360 4455 3618 4510 solatium

2026 4539 2301 4594 adhibere.
2329 4539 2512 4608 Neque
2536 4555 2667 4594 vero
2693 4541 2807 4594 ινδ-ε
2835 4541 3083 4612 exetupla
3109 4542 3268 4596 aliam
3295 4543 3366 4596 ob
3390 4561 3617 4600 causam

2026 4631 2462 4697 couitttetnoravi,
2493 4646 2651 4703 quam
2680 4642 2738 4685 ut
2770 4632 3031 4702 intelligas
3067 4648 3153 4688 res
3196 4634 3454 4690 humanas
3478 4638 3619 4693 nihil

2027 4736 2166 4785 esse,
2197 4737 2426 4791 vercpte
2460 4737 2500 4777 α
2527 4721 2786 4791 propheta
2822 4737 2945 4779 esse
2978 4722 3211 4790 dictum,
3246 4723 3423 4781 (inuris
3445 4728 3623 4799 gloria

2028 4814 2279 4879 hominis,
2325 4824 2380 4867 ut
2409 4815 2509 4884 [los
2542 4815 2662 4884 [arui
2687 4812 2837 4884 (hui.
2880 4815 2970 4870 ω.
3017 4814 3096 4884 6).
3133 4816 3250 4884 Quo
3275 4819 3423 4873 enim
3452 4821 3624 4875 altius

2027 4906 2270 4960 evehitur
2307 4915 2468 4975 atque
2507 4906 2723 4971 etutieat,
2770 4922 2840 4961 en
2882 4906 3141 4974 majorem
3188 4908 3328 4977 parit
3376 4910 3619 4974 ruinam,

2029 5014 2203 5069 neque
2247 5000 2310 5053 iis
2347 4999 2542 5059 solum,
2579 4999 2672 5067 qui
2693 4999 2793 5053 sub
2816 4999 2992 5054 alieno
3021 5000 3249 5070 imperio
3281 5002 3494 5069 vivunt,
3516 5007 3625 5058 sed

2029 5094 2191 5147 etiam
2219 5091 2643 5160 Imperator-ibus
2662 5091 2812 5160 ipsis.
2835 5091 3017 5161 Neque
3044 5093 3185 5146 enim
3214 5092 3365 5147 facile
3387 5096 3508 5163 quis
3536 5097 3625 5147 in—

2092 5210 2111 5240 ¹
2146 5210 2293 5273 ltujus
2318 5208 2573 5273 Theodori,
2597 5209 2680 5270 qui
2716 5207 2952 5273 atl'ectatze
2975 5207 3240 5273 tyrannidis
3267 5220 3432 5270 pix-nas
3455 5209 3627 5273 digiti,

2019 5268 2379 5326 ‘vateutiniano,
2404 5279 2423 5316 \
2436 5268 2631 5327 alente,—
2642 5280 2694 5321 et
2707 5270 2927 5321 (‘u-atiano
2948 5268 3336 5331 Imperatoribus,
3354 5283 3479 5318 anno
3501 5272 3592 5321 571
3610 5308 3627 5320 .

2029 5332 2273 5393 historian
2314 5333 2466 5381 habes
2486 5345 2529 5393 a,
2549 5333 2610 5381 ιιι]
2644 5333 2935 5393 Ammianqu
2964 5329 3306 5393 Marcellinum,
3331 5330 3415 5381 lib.
3456 5338 3627 5390 λλικ,

2030 5392 2268 5457 ubiillum
2290 5390 2546 5457 antiquitus
2568 5392 2701 5445 claro
2720 5407 2895 5457 genere
2907 5392 2958 5445 in
2973 5390 3136 5448 Galliis
3158 5400 3321 5457 nutum
3332 5394 3463 5457 dicit.
3485 5403 3591 5451 Qno
3613 5396 3628 5441 Ι

2028 5457 2068 5505 si
2096 5454 2227 5504 illum
2250 5470 2280 5505 e
2302 5454 2457 5519 sie-ila
2476 5457 2593 5505 dicit
2613 5454 2739 5519 esse
2761 5457 3155 5519 chrysosttunus,
3178 5455 3223 5504 id
3247 5454 3512 5519 intelligas,
3539 5457 3632 5504 wl

2028 5520 2155 5581 quod
2190 5519 2238 5567 in
2263 5517 2415 5581 sicilia
2448 5519 2597 5581 sedes
2629 5516 2872 5576 habuerit,
2915 5516 3014 5581 vel
3035 5517 3368 5581 prmt'ecturaai
3394 5516 3632 5581 aliquam

2029 5576 2261 5642 gesserit,
2286 5579 2365 5642 vel
2388 5578 2534 5642 quod,
2560 5586 2613 5642 ut
2634 5581 2857 5642 minatur
2876 5576 3109 5642 Henricus
3132 5576 3367 5642 )‘alesius,
3393 5579 3446 5642 in»
3464 5576 3636 5642 sicilia

2030 5638 2170 5691 natus
2195 5656 2254 5689 ex
2281 5638 2440 5690 Galliis
2460 5638 2698 5703 originem
2722 5640 2962 5689 habuerit.
2990 5638 3106 5689 \ide
3131 5639 3286 5688 imum
3304 5640 3552 5697 Ammiani,
3571 5649 3636 5690 et

2030 5711 2190 5766 notum
2212 5703 2400 5752 valesii.
2446 5704 2692 5753 At‘lemisia
2717 5716 2834 5766 vero
2866 5714 3083 5764 sequens
3116 5703 3254 5766 cujus
3287 5715 3410 5753 uxor
3451 5702 3637 5761 fuerit,

2033 5765 2241 5817 nondum
2263 5766 2379 5817 satis
2402 5772 2713 5831 pempeetutn
2733 5764 2983 5819 habemus
