3884 6214
191 155 304 212 605

191 270 398 325 κακῶν.
422 271 531 326 Καὶ
556 272 665 344 γὰρ
687 272 939 345 ὀρφανίαι
971 277 1160 350 ἀωροι,
1183 280 1278 332 καὶ
1309 281 1543 350 χηρεῖαι,
1573 279 1668 333 καὶ
1693 279 1860 334 θάνα-

191 375 272 411 τοι
298 358 446 431 1544]
469 359 654 430 βίαιοι,
686 365 780 416 καὶ
799 363 909 417 τῶν
940 365 1000 419 ἐν
1027 368 1144 430 ταῖς
1173 367 1501 437 τραγῳδίαις
1534 366 1858 439 παρανομώ-

191 459 337 516 τεροι
357 447 536 519 πολλῷ
587 451 680 503 καὶ
715 452 1025 525 πικρότεροι
1060 453 1294 524 μάλιστα
1322 455 1404 517 είς
1429 453 1634 526 ταύτην
1683 471 1857 510 κατα-

194 534 492 603 σκήπτουσι
519 536 617 608 τὴν
645 538 840 611 ἀρχήν.

268 655 376 708 Καὶ
418 657 506 711 ἵνα
552 657 620 712 τά
676 659 880 714 παλαιά
935 657 1161 734 ἀφῶμεν
1179 703 1195 728 ,
1258 664 1367 718 τῶν
1425 663 1858 735 βασιλευσάντων

191 739 286 794 ἐπὶ
350 746 448 814 τῆς
507 747 699 812 γενεᾶς
743 749 844 818 τῆς
890 750 1165 822 ἡμετέρας
1189 791 1206 815 ,
1265 752 1419 805 ἐννέα
1479 751 1856 822 γεγενημένων

191 829 463 896 ἁπάντων,
493 831 586 885 δύο
623 833 771 903 μόνοι
802 837 963 908 κοινῷ
1009 837 1222 910 θανάτῳ
1259 840 1350 894 τὸν
1381 839 1494 910 βίον
1534 839 1853 894 κατέλυσανο

189 915 299 966 τῶν
327 916 382 970 δὲ
434 918 608 973 ἄλλων
647 922 677 975 6
722 923 820 993 μὲν
857 924 961 978 ὑπὸ
1013 928 1294 997 τυράννου,
1323 928 1352 980 6
1399 928 1456 981 δέ
1489 929 1546 980 ἐν
1599 927 1854 998 πολέμῳ,

190 1005 218 1054 ὁ
262 1001 320 1055 δέ
371 1004 475 1058 ὑπὸ
526 1007 634 1061 τῶν
684 1009 835 1065 ἔνδον
893 1013 1264 1082 φυλαττόντων
1318 1014 1480 1070 αὑτὸν
1540 1013 1856 1067 ἐπιϐουλευ-

190 1090 322 1154 θεὶς,
382 1094 411 1146 6
457 1093 515 1148 δὲ
579 1095 674 1149 ὑπ’
723 1099 886 1153 αὑτοῦ
943 1101 1039 1154 τοῦ
1085 1104 1576 1174 χειροτονήσαντος,
1624 1104 1718 1155 καὶ
1757 1101 1856 1172 τὴν

186 1176 482 1249 ἁλουργίδα
517 1185 827 1256 περιθέντος
855 1189 1025 1261 αὐτῷ·
1057 1191 1113 1244 αἱ
1149 1191 1205 1244 δὲ
1238 1191 1444 1255 τούτοις
1469 1191 1856 1261 συνοικήσασαι

190 1271 464 1332 γυναῖκες,
487 1272 543 1324 αἱ
572 1273 690 1343 μὲν,
716 1275 792 1338 ὦς
816 1293 968 1345 φασι,
1011 1280 1324 1351 φαρμάκοις
1369 1280 1657 1344 ἀπέθανον,
1684 1279 1741 1331 αί
1797 1277 1856 1332 δὲ

189 1352 297 1404 ὑπὸ
325 1355 422 1424 τῆς
455 1357 692 1430 ἀθυμίας
717 1363 911 1434 αὐτῆς.
953 1366 1074 1420 Τῶν
1109 1367 1166 1421 δέ
1221 1367 1300 1420 ἐτι
1335 1367 1638 1438 περιουσῶν
1665 1369 1699 1437 ἡ
1758 1366 1857 1437 μὲν

191 1440 357 1493 παῖδα
386 1442 585 1513 ἔχουσα
610 1449 847 1518 ὀρφανὸν
890 1453 1084 1524 τρέμει
1111 1454 1205 1508 καὶ
1229 1455 1433 1508 δέδοικε
1463 1456 1537 1525 μή
1569 1471 1655 1518 τις
1692 1454 1856 1507 αὑτὸν

189 1526 297 1578 τῶν
331 1532 673 1600 κρατούντων
694 1537 844 1608 φόϐῳ
870 1539 978 1592 τῶν
1015 1541 1315 1611 μελλόντων
1344 1542 1528 1612 ἀνέλῃ·
1565 1544 1598 1610 ἠ
1623 1542 1678 1595 δέ
1702 1541 1856 1611 μόλις

188 1615 398 1669 πολλῶν
428 1618 724 1688 δεηθέντων
756 1626 862 1679 ἀπὸ
886 1629 984 1698 τῆς
1006 1629 1300 1702 ὑπερορίας
1327 1631 1646 1702 ἐπανῆλθεν,
1682 1631 1761 1693 εἰς
1790 1631 1858 1700 ἦν

188 1703 358 1774 αὐτὴν
389 1707 418 1759 ό
445 1709 660 1778 κρατῶν
691 1713 913 1778 ἐξέϐαλε
944 1717 1226 1787 πρότερον.
1257 1719 1377 1771 Τῶν
1404 1718 1461 1771 δὲ
1493 1721 1604 1781 τοῖς
1631 1717 1724 1772 νῦν
1757 1718 1854 1788 βα-

189 1789 464 1848 σιλεύουσι
517 1801 932 1873 συνοικουσῶνὴ
963 1803 1062 1874 μὲν
1115 1805 1225 1858 ἀπὸ
1253 1805 1362 1858 τῶν
1413 1807 1696 1876 προτέρων
1719 1807 1854 1858 ἀνα-

189 1879 472 1935 πνεύσασα
523 1888 817 1958 συμφορῶν
871 1889 1326 1962 ἀναμεμιγμένην
1383 1893 1494 1962 ἔχει
1537 1893 1736 1964 πολλὴν
1787 1896 1853 1965 τῇ

188 1966 349 2038 ἠδονῇ
381 1970 481 2040 τήν
501 1973 690 2044 ὀδύνην
721 1977 808 2030 διά
836 1976 896 2030 τὸ
920 1979 1122 2050 σφόδρα
1152 1981 1233 2033 ἐτι
1259 1981 1378 2034 νέον
1407 1977 1546 2035 εἶναι
1584 1982 1677 2034 καὶ
1701 1981 1857 2035 ἀπει-

193 2070 288 2123 ρον
317 2057 408 2110 τὸν
443 2062 762 2130 κρατοῦντα,
803 2065 898 2118 καὶ
927 2064 1155 2129 πολλοὺς
1208 2067 1532 2137 πολλαχόθεν
1559 2068 1702 2138 ἐχειν
1731 2071 1856 2132 τοὺς

191 2143 655 2214 ἐπιϐουλεύοντας·
688 2151 722 2221 ὴ
741 2152 797 2205 δὲ
830 2153 1168 2223 ἀποτέθνηκε
1193 2154 1271 2225 τῷ
1297 2155 1430 2219 δέει,
1490 2157 1585 2210 καὶ
1616 2156 1724 2210 τῶν
1753 2173 1854 2208 κα-

189 2230 423 2285 ταδίκων
449 2233 777 2308 ἀθλιώτερον
814 2239 880 2311 ζῇ
911 2241 998 2294 διὰ
1035 2241 1095 2295 τὸ
1130 2243 1220 2296 τὸν
1272 2243 1440 2314 ἀνδρα
1468 2243 1658 2314 αὐτῆς,
1704 2243 1763 2308 ἐξ
1792 2235 1854 2296 οὗ

189 2317 252 2370 τδ
277 2319 510 2392 διάδημα
542 2323 834 2396 ἀνεδήσατο
873 2329 1029 2400 μέχρι
1067 2331 1165 2401 τῆς
1198 2331 1461 2402 σήμερον,
1512 2332 1572 2385 ἐν
1599 2331 1856 2402 πολέμοις

185 2407 482 2476 διατρίϐειν
508 2411 600 2464 καὶ
616 2413 839 2483 μάχαις,
877 2417 1094 2470 καὶτῶν
1121 2419 1413 2490 συμφορῶν
1438 2419 1602 2474 πλέον
1633 2421 1735 2473 ὑπὸ
1756 2421 1857 2490 τῆς

185 2493 452 2564 αἰσχύνης
477 2497 860 2555 ἀναλίσκεσθαι
891 2504 985 2558 καὶ
1016 2507 1130 2568 τοῖς
1152 2507 1301 2576 παρά
1331 2506 1549 2561 πάντων
1573 2507 1853 2563 ὀνείδεσιν.

199 2581 264 2633 Ὃ
291 2582 399 2652 γὰρ
430 2585 698 2654 μηδέποτε
718 2591 931 2658 γέγονε,
963 2593 1160 2665 συνέϐη
1195 2593 1322 2660 νῦν,
1375 2596 1472 2649 καὶ
1521 2595 1620 2668 τὴν
1679 2597 1858 2650 αὐτῶν

188 2670 422 2736 ἀφέντες
450 2675 498 2725 οἱ
525 2674 788 2748 βάρϐαροι
815 2678 996 2751 χώραν
1016 2693 1042 2722 ι
1068 2681 1295 2754 μυρίους
1324 2682 1572 2748 σταδίους
1598 2686 1697 2755 τῆς
1728 2686 1859 2755 ήμε-

187 2755 355 2826 τέρας
376 2758 468 2811 καὶ
499 2761 758 2827 πολλάκις
777 2766 1062 2832 τοσούτους
1087 2769 1414 2840 ἐπέδραμον,
1440 2772 1533 2825 καλ⁸
1557 2771 1657 2834 τὰς
1676 2771 1860 2842 χώρας

194 2845 654 2915 κατακαύσαντες,
693 2851 785 2906 καὶ
811 2852 910 2917 τὰς
941 2855 1123 2919 πόλεις
1155 2857 1398 2921 ἐλόντες,
1459 2859 1557 2912 οὐκ
1585 2858 1858 2913 ἐθέλουσιν

191 2929 553 3017 ὑποστρέφειν
583 2936 765 2992 οἴκαδε
793 2940 975 3007 πάλιν,
997 2942 1109 2995 ἀλλ’
1161 2942 1350 3016 ῶσπερ
1376 2945 1691 3017 χορεύοντες
1722 2946 1862 3016 μᾶλ-

195 3016 281 3105 λον
304 3019 339 3089 ἢ
369 3023 746 3093 πολεμοῦντες,
792 3027 934 3084 οὕτω
987 3032 1328 3102 καταγελῶσι
1383 3016 1511 3097 τοῦς
1558 3034 1858 3105 ἡμετέρους

190 3104 456 3172 ἅπαντας·
487 3113 580 3165 καί
625 3131 747 3169 τινα
773 3117 882 3173 τῶν
908 3121 1037 3190 παρ’
1062 3121 1288 3185 ἐκείνοις
1343 3104 1607 3191 βασιλέων
1632 3122 1794 3191 φασὶν
1829 3123 1858 3162 b

190 3196 364 3249 εἰπεῖν
386 3199 468 3253 ὅτι
495 3199 594 3270 τῆς
618 3203 998 3276 ἀναισχυντίας
1025 3209 1379 3280 ἐκπλήττοιτο
1408 3211 1534 3274 τοὺς
1557 3209 1859 3281 ἡμετέρους

193 3287 562 3356 στρατιώτας,
642 3292 692 3344 οῖ
747 3294 944 3362 μᾶλλον
995 3297 1284 3367 προϐάτων
1354 3298 1858 3369 κατασφαττόμενοι

193 3373 566 3442 προσδοκῶσιν
587 3377 666 3432 ἔτι
694 3383 871 3452 νικᾷν,
902 3383 995 3436 καὶ
1032 3385 1131 3438 οὐκ
1165 3385 1439 3439 ἐθέλουσιν
1469 3386 1728 3457 ἐκστῆναι
1758 3387 1858 3457 τῆς

195 3461 422 3515 ἐαυτῶν⁶
453 3464 614 3529 αὐτὸς
638 3466 737 3537 μὲν
763 3469 870 3540 γὰρ
890 3469 1094 3539 ἔφασκε
1125 3471 1218 3526 καὶ
1242 3471 1402 3543 κόρον
1428 3473 1706 3544 είληφέναι
1731 3474 1864 3527 πολ-

191 3547 347 3612 λάκις
371 3553 726 3609 κατακόπτων
763 3557 978 3622 αύτούς.
1005 3559 1172 3613 Ποίαν
1209 3557 1302 3613 οῦν
1335 3560 1436 3614 οἴει
1470 3563 1677 3617 καὶτὸν
1707 3561 1860 3634 βασι-

193 3635 309 3700 λέα,
339 3639 430 3691 καὶ
455 3640 558 3712 τὴν
587 3643 774 3698 τούτου
794 3649 1027 3716 γυναῖκα
1053 3647 1224 3703 ταῦτα
1256 3648 1560 3704 ἀκούουσαν
1585 3651 1653 3705 τά
1679 3652 1860 3724 ῥήμα-

192 3739 283 3788 τα,
315 3725 459 3795 ἔχειν
477 3726 686 3800 ψυχήνς

265 3853 328 3901 ε’.
352 3849 568 3922 Ἐπειδὴ
590 3851 647 3906 δὲ
666 3853 941 3927 ἐμνήσθην
959 3856 1053 3910 τοῦ
1079 3858 1314 3930 πολέμου
1339 3858 1548 3926 τούτου,
1572 3861 1738 3932 ἐσμός
1766 3879 1858 3933 μοι

195 3934 360 3999 πολὺς
396 3938 578 4010 χηρῶν
622 3942 948 4015 ἐπέδραμεν,
978 3946 1035 4000 αἶ
1075 3947 1239 4003 πάλαι
1271 3960 1293 3987 "-
1322 3949 1421 4017 μὲν
1455 3949 1658 4020 σφόδρα
1691 3950 1858 4022 ἐλαμ-

196 4041 296 4076 πον
320 4025 428 4079 amb
459 4028 558 4100 τῆς
587 4029 694 4082 τῶν
721 4032 927 4103 ἀνδρῶν
962 4035 1148 4106 τιμῆς,
1202 4037 1298 4090 νῦν
1333 4037 1390 4090 δὲ
1414 4038 1628 4110 ἀθρόως
1651 4038 1859 4093 ἅπασαι

197 4113 438 4200 πενθήρη
459 4119 553 4170 καὶ
581 4119 834 4189 μέλαιναν
861 4125 1214 4195 περιθέμεναι
1250 4127 1442 4198 στολὴν
1475 4128 1733 4200 θρηνοῦσι
1766 4131 1858 4182 τὸν

194 4199 412 4255 ἅπαντα
449 4205 656 4274 χρόνον.
688 4209 821 4260 Οὐδὲ
843 4210 951 4278 γάρ
987 4211 1144 4265 τοῦτο
1173 4213 1364 4277 αὑταῖς
1405 4199 1669 4286 ὑπῆρξεν,
1723 4217 1858 4288 ὅπερ

193 4291 260 4359 τῇ
291 4291 446 4362 τιμία
481 4309 572 4346 σου
603 4296 833 4366 κεφαλῇ.
889 4299 962 4352 Σὺ
994 4299 1094 4370 μὲν
1143 4301 1274 4373 γάρ,
1321 4295 1368 4355 ὢ
1417 4301 1716 4374 θαυμασία,
1765 4307 1860 4358 καὶ

198 4377 444 4448 κείμενον
473 4381 564 4434 ἐπὶ
610 4385 707 4454 τῆς
753 4384 941 4457 κλίνης
995 4382 1134 4450 είδες
1163 4388 1249 4441 τὸν
1287 4387 1452 4443 καλὸν
1478 4391 1718 4455 ἐκεῖνον,
1767 4393 1861 4446 καὶ

197 4466 429 4537 ἐσχάτης
449 4469 687 4540 ἤκουσας
717 4473 918 4543 φωνῆς.
950 4474 1044 4528 καὶ
1070 4476 1191 4529 τίνα
1214 4478 1320 4549 χρὴ
1350 4474 1555 4549 πρᾶξαι
1585 4478 1725 4550 ὑπὲρ
1751 4480 1860 4534 τῶν

199 4559 539 4626 πραγμάτων
565 4560 663 4629 τῆς
697 4561 874 4625 οἰκίας
907 4561 1108 4631 ἔμαθες
1138 4564 1586 4637 ἐπισκήπτοντας,
1631 4569 1724 4622 καὶ
1773 4568 1864 4622 διά

197 4641 307 4693 τῶν
333 4643 605 4715 διαθηκῶν
626 4647 840 4701 ἃπασαν
864 4651 977 4712 τοῖς
1006 4649 1358 4717 πλεονέκταις
1378 4655 1472 4708 καὶ
1500 4656 1863 4724 συκοφάνταις

200 4729 636 4801 ἀποτειχίζοντος
673 4734 875 4804 ἔφοδον.
930 4738 1038 4791 Καὶ
1068 4739 1129 4792 ού
1161 4739 1320 4793 τοῦτο
1351 4741 1531 4812 μόνον,
1578 4743 1716 4796 ἀλλά
1771 4745 1864 4797 καὶ

201 4817 380 4888 νεκρῷ
402 4819 481 4872 ἐτι
509 4821 744 4894 κειμένῳ
779 4825 1034 4888 πολλάκις
1057 4826 1342 4894 ἐπέπεσες,
1377 4829 1470 4883 καὶ
1497 4830 1864 4902 κατεφίλησας

199 4906 529 4977 ὀφθαλμοὺς,
548 4909 642 4963 καὶ
671 4913 1016 4986 περιεχύθης,
1042 4915 1136 4968 καὶ
1166 4915 1467 4980 ἐκώκυσας,
1497 4919 1591 4971 καὶ
1610 4935 1863 4992 προπεμ-

201 4995 400 5063 φθέντα
433 4995 570 5062 εἶδες
599 5001 736 5072 μετά
763 5002 962 5073 πολλῆς
987 5002 1086 5072 τῆς
1121 5005 1284 5075 τιμῆς
1318 5005 1488 5077 [5451,
1524 5006 1618 5059 καὶ
1642 5008 1708 5060 τὰ
1728 5008 1866 5077 πρὸς

199 5087 299 5156 τὴν
326 5087 501 5159 ταφὴν
525 5089 701 5143 πάντα
751 5090 1010 5160 ἔπραξας,
1048 5089 1126 5154 ὡς
1157 5092 1430 5163 προσῆκον
1459 5089 1548 5165 ἧν,
1603 5095 1697 5149 καὶ
1726 5096 1865 5168 πρὸς

199 5176 294 5228 τὸν
318 5175 487 5246 τάφον
518 5176 778 5242 πολλάκις
815 5179 1085 5250 ἐρχομένη
1123 5182 1212 5234 τὸν
1267 5181 1477 5235 ἐκείνου
1512 5183 1864 5256 παραμυθίαν

268 5427 287 5501 _‘
414 5431 552 5501 (ξομ-ι.
575 5438 628 5481 et
641 5432 789 5501 δεινῇ.
814 5432 868 5501 In
894 5433 1066 5501 MoreL
1093 5439 1252 5501 χώραν
1270 5438 1431 5488 deest.

265 5491 294 5561 ις
317 5491 554 5561 $941019.
576 5495 788 5561 e_t_Savi|.
809 5495 1064 5561 AlMorcl.
1093 5491 1247 5561 ᾢηὰίν.

268 5553 288 5578 ‘
307 5554 448 5621 you}.
475 5557 532 5621 αῖ
550 5557 718 5621 πάλαι,
745 5570 855 5621 quae
882 5558 1027 5621 Ιεοιῇο
1055 5553 1303 5621 -ῃίαιειετε
1347 5562 1556 5614 videtur.
1606 5561 1778 5612 Morel.
1811 5572 1864 5613 cl

382 5616 434 5664 αἲ
457 5618 648 5677 πολλαί,
671 5611 722 5668 εί
743 5611 808 5668 iia
832 5617 957 5682 legit
981 5611 1220 5672 Noﬁilius.

967 155 1026 212 S.
1063 153 1346 214 JOANNIS
1382 153 1868 215 CIIRYSOSTOMI
1908 155 2228 214 ARCIIIEP.
2268 157 2813 216 CONSTANTINOP.

3003 197 3049 232 5,,
3518 165 3624 222 606

1963 282 2107 355 ἔχεις
2143 285 2243 357 τῆς
2272 285 2462 356 ὀδύνης
2490 288 2550 340 οὕ
2607 282 2828 356 μικράν.
2868 274 3035 335 Αῦται
3060 279 3118 335 δέ
3149 277 3348 333 τούτοιν
3369 279 3622 334 ἀπάντων

1963 372 2312 442 ἐστέρηνται,
2350 372 2700 443 ἐκπέμψασαι
2728 369 2826 440 μὲν
2869 370 2949 432 είς
2978 367 3218 438 πόλεμον
3265 366 3471 420 ἅπασαι
3496 368 3622 430 τοὺς

1963 459 2170 512 ἐαυτῶν
2193 461 2409 533 ἀνδρας,
2437 460 2511 524 ὡς
2539 459 2701 514 πάλιν
2730 457 2926 521 αὐτοὺς
2953 455 3378 526 ἀποληψόμεναι.
3410 455 3531 506 ἀντὶ
3563 453 3622 506 δὲ

1961 547 2184 600 ἐκείνων
2203 547 2299 618 τὴν
2329 547 2528 618 πικρὰν
2558 549 2656 618 τῆς
2682 545 2937 615 τελευτῆς
2967 542 3143 598 αὐτῶν
3175 540 3430 610 ἀγγελίαν
3465 539 3625 610 στρέ-

1962 649 2150 701 φονται
2171 633 2481 705 δεξάμεναι.
2505 634 2640 688 Οὐδὲ
2667 632 2776 704 γὰρ
2799 633 2867 686 τά
2894 630 3122 702 σώματά
3140 647 3224 695 τις
3253 629 3430 682 αὐτῶν
3465 627 3624 698 κομί-

1962 719 2070 782 ζων
2099 721 2400 792 ἐπανῆλθεν
2425 723 2635 786 αὐταῖς,
2678 721 2814 776 ἀλλά
2839 721 3060 792 ῥήματα
3105 719 3263 790 μόνον
3289 716 3383 770 τὸν
3419 715 3625 785 τρόπον

1960 806 2289 878 διηγούμενα
2311 810 2412 881 τῆς
2432 810 2708 880 τελευτῆς.
2745 807 2866 862 Em.
2907 809 2965 862 δὲ
2992 806 3050 861 αἲ
3073 807 3196 860 ούδέ
3223 804 3428 873 ταύτης
3457 800 3628 872 ἠξιώ-

1962 892 2132 963 θησαν
2159 896 2256 966 τῆς
2275 895 2597 967 διηγήσεως,
2628 896 2748 949 οὺδέ
2777 897 2921 960 ὅπως
2947 894 3246 950 κατέπεσον
3279 890 3468 962 μαθεῖν
3498 888 3626 958 ἠδυ-

1961 979 2221 1051 νήθησαν,
2251 983 2309 1036 ἐν
2341 983 2520 1058 πολλῷ
2559 983 2637 1055 τῷ
2675 983 2870 1056 πλήθει
2903 983 3001 1053 τῆς
3049 979 3322 1052 συμϐολῆς
3373 993 3628 1044 καταχω-

1963 1066 2193 1122 σθέντων
2219 1069 2417 1126 αὐτῶν.

2030 1191 2141 1243 Καὶ
2184 1191 2238 1244 τί
2271 1191 2600 1264 θαυμαστὸν,
2646 1191 2696 1247 εί
2733 1192 2843 1246 τῶν
2877 1189 3195 1262 στρατηγῶν
3225 1187 3396 1249 οὕτως
3425 1183 3632 1238 ἀπέθαο

1961 1291 2050 1328 νον
2080 1276 2129 1328 οἱ
2156 1277 2358 1344 πολλοὶ,
2384 1279 2515 1333 ὅπου
2555 1296 2618 1349 γε
2650 1280 2742 1332 καὶ
2787 1279 2948 1341 αὐτὸς
2979 1279 3008 1330 ὀ
3040 1276 3287 1347 βασιλεὺς
3316 1274 3394 1335 εἰς
3431 1271 3625 1341 κώμην

1960 1362 2081 1415 τινὰ
2133 1364 2482 1435 ἀπολειφθεὶς
2548 1369 2665 1437 μετ’
2717 1367 2914 1434 ὀλίγων
2974 1360 3318 1434 στρατιωτῶν
3389 1356 3626 1422 ἐξελθεῖν

1965 1451 2062 1520 μὲν
2117 1454 2210 1505 καὶ
2266 1456 2582 1524 ἀντιστῆναι
2628 1458 2739 1518 τοῖς
2793 1453 3108 1508 ἐπελθοῦσιν
3175 1451 3275 1504 οὐκ
3335 1447 3618 1517 ἐτόλμησε,

1964 1539 2140 1605 μένων
2171 1540 2226 1593 δέ
2255 1540 2398 1593 ἔνδον
2438 1541 2549 1613 πῦρ
2588 1541 2899 1612 ἐξαψάντων
2926 1539 3148 1594 ἐκείνων
3178 1533 3624 1605 συγκατεφλέχθη

1960 1628 2072 1689 τοῖς
2108 1626 2254 1680 ἔνδον
2282 1627 2483 1682 ἅπασιν
2523 1629 2623 1682 οὐκ
2669 1629 2892 1700 ἀνδράσι
2927 1629 3105 1698 μόνον,
3142 1623 3279 1678 ἀλλά
3306 1623 3400 1678 καὶ
3437 1623 3621 1685 ἵπποις

1962 1714 2053 1768 καὶ
2081 1714 2254 1778 δοκοῖς
2283 1717 2377 1769 καὶ
2417 1715 2636 1786 τοίχοις,
2672 1718 2767 1771 καὶ
2799 1716 2980 1770 πάντα
3027 1715 3123 1784 μία
3158 1712 3184 1752 ἀ
3214 1711 3400 1782 γέγονε
3439 1711 3622 1775 κόνις;

1961 1801 2071 1855 Καὶ
2134 1802 2337 1875 ταύτην
2395 1803 2446 1856 οἱ
2507 1804 2643 1874 μετὰ
2711 1803 2806 1857 τοῦ
2853 1802 3115 1873 βασιλέως
3175 1798 3497 1858 ἀπελθόντες
3544 1798 3624 1860 είς

1961 1890 2193 1961 πόλεμον
2223 1892 2343 1945 ἀντὶ
2365 1892 2459 1946 τοῦ
2481 1892 2742 1962 βασιλέως
2769 1889 3068 1961 ἐπανῆλθον
3094 1889 3162 1959 τῇ
3190 1886 3408 1956 γυναικὶ
3438 1885 3626 1956 φέρον-

1959 1992 2052 2040 τες
2078 1979 2178 2049 τὴν
2218 1979 2424 2050 φωνήν.
2459 1979 2625 2032 Οὐδὲν
2665 1978 2796 2048 γὰρ,
2831 1977 2984 2031 οὐδὲν
3011 1975 3122 2028 τῶν
3146 1975 3204 2026 ἐν
3238 1975 3305 2043 τῇ
3343 1974 3510 2041 σκηνῇ
3533 1987 3622 2038 γι-

1961 2064 2202 2135 νομένων
2248 2068 2341 2119 καὶ
2393 2067 2493 2136 τῆς
2520 2065 2628 2119 τῶν
2667 2065 2900 2136 ἐαρινῶν
2944 2063 3152 2118 ἀνθέων
3185 2072 3208 2100 ο
3234 2059 3382 2130 ὥρας
3431 2057 3502 2109 τά
3526 2055 3624 2109 τοῦ

1961 2151 2166 2222 κόσμου
2199 2151 2426 2224 λαμπρὰ
2453 2154 2747 2223 διενήνοχε.
2797 2149 3021 2220 Πρῶτον
3046 2149 3145 2218 μὲν
3173 2148 3281 2218 γάρ
3308 2144 3436 2216 πρὶν
3461 2143 3495 2214 ἢ
3521 2159 3631 2211 φα-

1962 2243 2115 2314 νῆναι
2144 2245 2462 2313 ἀφίπταταιο
2492 2244 2682 2298 ἔπειτα
2709 2244 2789 2308 δέ,
2827 2243 2934 2297 κᾶν
2964 2241 3158 2313 μικρὸν
3185 2241 3474 2310 ἀναμεῖναι
3496 2237 3629 2291 ἀνά-

1965 2347 2158 2401 σχηται
2196 2332 2408 2403 χρόνον,
2457 2331 2656 2396 εὐθέως
2707 2330 2988 2401 εὔφθαρτα
3019 2331 3249 2399 γίνεται.
3285 2327 3350 2380 Τί
3401 2326 3506 2397 γὰρ
3527 2327 3626 2394 τῆς

1965 2419 2116 2491 παρά
2136 2419 2244 2472 τῶν
2277 2419 2487 2474 πολλῶν
2505 2420 2671 2492 τιμῆς
2693 2418 2786 2473 καὶ
2817 2418 2978 2489 δόξης
3003 2416 3451 2488 ούδαμινέστερον
3472 2430 3487 2479 ;
3505 2415 3628 2467 τίνα

1963 2507 2075 2579 ἔχει
2103 2508 2194 2561 τὸν
2225 2509 2455 2580 καρπὸν,
2489 2509 2648 2562 ποίαν
2671 2507 2768 2578 την
2789 2506 2972 2577 ὄνησιν
2995 2522 3009 2572 ;
3040 2507 3120 2570 είς
3150 2507 3302 2558 ποῖον
3327 2503 3480 2565 τέλος
3499 2503 3630 2572 χρή-

1965 2613 2123 2665 σιμον
2161 2597 2377 2668 ἀπαντᾷ
2400 2613 2414 2661 ;
2480 2597 2588 2650 Καὶ
2607 2594 2720 2650 είθε
2743 2595 2900 2648 τοῦτο
2929 2594 3088 2665 μόνον
3115 2589 3183 2664 ἦν
3203 2592 3264 2645 τὸ
3291 2589 3482 2645 δεινόν·
3508 2592 3629 2641 νυνὶ

1961 2683 2040 2748 δὲ,
2059 2685 2194 2755 πρὸς
2213 2684 2290 2755 τῷ
2323 2685 2488 2756 μηδὲν
2504 2685 2646 2756 ἔχειν
2671 2684 2778 2738 ἀπὸ
2802 2682 2898 2737 τοῦ
2923 2681 3222 2754 κερδαίνειν
3250 2679 3434 2743 καλὸν,
3454 2677 3630 2731 πολλά

1963 2769 2182 2842 λυπηρά
2215 2775 2310 2826 καὶ
2363 2773 2629 2844 ἐπιϐλαϐἦ
2682 2772 2870 2844 φέρειν
2926 2769 3292 2838 ἀναγκάζεται
3335 2763 3573 2835 συνεχῶς
3598 2764 3630 2817 6

1962 2860 2062 2929 τὴν
2101 2859 2490 2931 χαλεπωτάτην
2509 2859 2712 2932 ταύτην
2736 2859 3018 2912 δέσποιναν
3039 2856 3198 2928 ἔχων.
3231 2853 3497 2907 Δέσποινα
3518 2853 3629 2923 γάρ

1964 2948 2080 3000 ἐστι
2107 2947 2216 3001 τῶν
2249 2948 2480 3018 ἐχόντων
2513 2947 2701 3018 αὐτὴν,
2738 2947 2834 2999 καὶ
2889 2946 3108 3016 ὅσῳπερ
3137 2942 3206 2997 ἀν
3261 2939 3628 3009 κολακεύηται

1965 3034 2118 3106 παρά
2137 3035 2245 3088 τῶν
2273 3034 2491 3100 δούλων,
2506 3034 2742 3105 τοσούτῳ
2771 3033 2930 3086 πλέον
2950 3033 3164 3104 αἴρεται
3191 3027 3310 3082 κατ’
3334 3027 3513 3081 αὐτῶν
3534 3025 3632 3078 καὶ

1966 3117 2346 3190 σκληροτέροις
2374 3119 2569 3182 αὐτοὺς
2595 3118 2899 3172 κατατείνει
2933 3118 3046 3180 τοῖς
3085 3113 3444 3184 ἐπιτάγμασι’
3497 3111 3629 3173 τοὺς

1963 3205 2020 3259 δὲ
2036 3206 2391 3269 διαπτύοντας
2423 3205 2591 3277 αὐτὴν
2635 3206 2728 3259 καὶ
2757 3203 3111 3276 παρορῶντας
3137 3200 3258 3256 ούδέ
3279 3199 3416 3269 αὐτὴ
3441 3197 3632 3250 λοιπὸν

1965 3296 2275 3368 ἀμύνασθαι
2331 3294 2533 3350 δύναιτ’
2564 3294 2650 3348 ἀν·
2684 3293 2827 3348 οῦτω
2877 3293 2972 3347 καὶ
3000 3290 3261 3362 τυράννου
3289 3289 3384 3342 καὶ
3433 3286 3628 3357 θηρίου

1965 3384 2166 3448 παντός
2191 3386 2307 3437 ἐστι
2333 3382 2703 3454 χαλεπωτέρα.
2748 3382 2808 3434 '0
2842 3382 2940 3452 μὲν
2989 3378 3100 3451 γὰρ
3126 3377 3387 3448 τύραννος
3425 3374 3519 3428 καὶ
3557 3373 3632 3426 τά

1963 3471 2127 3542 θηρία
2140 3470 2545 3524 τιθασσεύονται
2572 3469 2661 3524 διὰ
2681 3468 2918 3533 θωπείας
2945 3466 3202 3530 πολλάκις
3227 3461 3412 3533 ¹,αὖτη
3437 3460 3627 3514 δέτότε

1968 3561 2204 3632 μάλιστα
2223 3559 2516 3631 ἀγριαίνει,
2544 3560 2672 3614 ὅταν
2718 3558 2855 3628 αὐτῇ
2886 3556 3121 3628 μάλιστα
3155 3549 3491 3623 πειθώμεθα,
3523 3547 3629 3602 κάν

1964 3650 2102 3721 εὕρῃ
2129 3648 2220 3703 τὸν
2243 3649 2606 3718 ἀκουσόμενον
2622 3647 2717 3701 καὶ
2739 3648 2819 3710 εἰς
2843 3644 3022 3700 πάντα
3035 3643 3268 3708 εῐξοντα,
3301 3639 3454 3695 οὐδέν
3478 3640 3633 3691 ἐστιν

1963 3739 1992 3792 ὃ
2024 3742 2367 3811 παραιτεῖται
2419 3736 2670 3804 ἐπιτάξαι
2699 3734 2906 3789 λοιπόν.
2939 3734 3092 3803 Ἔχει
3127 3731 3185 3785 δὲ
3212 3729 3308 3785 καὶ
3338 3727 3629 3799 σύμμαχον

1964 3827 2178 3900 ἑτέραν,
2199 3829 2265 3898 ἣν
2297 3827 2398 3882 οὐκ
2424 3827 2489 3881 ἀν
2529 3842 2612 3889 τις
2639 3823 2874 3896 ἁμάρτοι
2904 3820 3183 3891 θυγατέρα
3209 3817 3380 3886 αὐτῆς
3410 3829 3625 3886 προσει-

1964 3915 2104 3968 πών.
2141 3916 2310 3968 Ὅταν
2354 3915 2462 3986 γὰρ
2483 3915 2577 3969 καὶ
2599 3910 2736 3982 αὕτη
2775 3911 3040 3984 τραφεῖσα
3069 3908 3164 3960 καὶ
3195 3904 3490 3974 αὐξηθεῖσα
3526 3917 3630 3955 κα-

1964 4002 2070 4066 λῶς
2109 4001 2307 4072 ῥιζωθῇ
2332 4001 2459 4074 παρ’
2485 3999 2768 4072 ἡμῖν,τότε
2788 3997 2958 4051 τίκτει
2983 3997 3079 4068 τὴν
3103 3995 3379 4057 ἀπόνοιαν,
3394 3991 3628 4063 πρᾶγμα

1965 4092 2062 4162 οὐχ
2085 4085 2246 4162 ἦττον
2265 4091 2431 4161 αὐτῆς
2449 4089 2743 4160 δυνάμενον
2769 4085 3211 4157 κατακρημνίσαι
3233 4081 3332 4153 τὴν
3360 4079 3468 4132 τῶν
3483 4076 3629 4146 ἐχόν-

1964 4195 2072 4232 των
2103 4179 2300 4249 ψυχήν.

2039 4309 2111 4366 ς’.
2131 4301 2314 4356 Ταῦτα
2338 4297 2430 4354 οὖν
2461 4299 2698 4372 θρηνεῖς,
2716 4296 2835 4352 εἰπέ
2855 4314 2964 4368 μοι,
2989 4295 3069 4348 ὃτι
3094 4309 3152 4347 σε
3173 4290 3346 4354 ὀθεδς
3365 4289 3464 4360 τῆς
3483 4286 3632 4341 οῦτω

1967 4391 2355 4462 χαλεπωτάτης
2400 4389 2641 4450 δουλείας
2689 4385 3016 4456 ἀπήλλαξεν,
3062 4383 3143 4436 ὅτι
3184 4384 3303 4444 ταῖς
3350 4378 3629 4447 λοιμικαῖς

1965 4480 2189 4543 ταύταις
2212 4480 2386 4541 νόσοις
2418 4479 2596 4531 πᾶσαν
2630 4476 2969 4546 ἀπετείχισεν
2991 4472 3202 4542 ἐφοδονς
3419 4466 3632 4527 Ζῶντος

1971 4567 2067 4636 μὲν
2099 4567 2205 4638 γάρ
2234 4583 2314 4618 σοι
2336 4564 2429 4618 τοῦ
2457 4563 2649 4634 ἀνδρὸς
2695 4562 2847 4616 οῦπω
2893 4560 3200 4616 ἐπαύσαντο
3233 4555 3475 4625 συνεχῶς
3504 4556 3624 4606 ἐπι-

1969 4653 2213 4724 πηδῶσαι
2242 4654 2269 4694 ⁸
2300 4655 2410 4716 τοῖς
2455 4651 2554 4722 τῆς
2581 4651 2759 4724 ψυχῆς
2792 4649 3088 4720 λογισμοῖς,
3125 4647 3544 4717 τελευτήσαντος
3570 4642 3633 4694 δὲ

1967 4745 2066 4797 οὑκ
2095 4743 2276 4814 ἔχουσι
2322 4745 2485 4798 πόθεν
2539 4743 2904 4797 ἐπιλάϐωνται
2946 4743 3047 4811 τῆς
3085 4739 3322 4800 διανοίας
3377 4736 3476 4806 τῆς
3503 4734 3630 4804 σῆς.

1968 4831 2138 4884 Τοῦτο
2163 4827 2256 4886 οὖν
2275 4831 2356 4885 δεῖ
2386 4830 2794 4903 κατορθωθῆναι
2843 4829 3048 4893 λοιπὸν,
3078 4828 3140 4880 τὸ
3185 4826 3258 4897 μὴ
3283 4825 3500 4897 θρηνεῖν
3529 4822 3631 4875 αύ-

1966 4919 2076 4972 τῶν
2127 4918 2224 4990 τὴν
2254 4918 2619 4992 ἀναχώρησιν,
2661 4918 2796 4988 μηδὲ
2848 4916 2945 4988 τὴν
2981 4913 3294 4968 δεσποτείαν
3355 4910 3635 4979 ἐπιζητεῖν

1967 5005 2067 5076 τὴν
2114 5006 2335 5076 πικράν.
2378 5007 2552 5058 Ὅπου
2602 5004 2712 5075 γάρ
2762 5003 2830 5058 ἂν
2862 4997 3020 5058 αὗται
3064 5000 3340 5055 πνεύσωσι
3377 4996 3631 5067 σφοδρὸν,

1970 5100 2146 5153 πάντα
2178 5101 2240 5152 ἐκ
2268 5097 2479 5168 βάθρων
2501 5096 2802 5166 ἀνέτρεψαν
2831 5095 2923 5149 καὶ
2954 5092 3324 5147 κατέσπασανο
3345 5089 3438 5143 καὶ
3459 5086 3631 5141 καθά-

2029 5376 2054 5462 :1
2079 5373 2413 5462 ἓίημὸογὶὲζοι
2434 5373 2569 5424 Colb.
2593 5370 2796 5437 oplr'mc,
2815 5373 2865 5422 in
2891 5371 3059 5420 Morel.
3095 5368 3179 5432 μία
3198 5369 3359 5418 deest.

2037 5441 2047 5462 ,
2101 5441 2112 5454 .
2249 5438 2261 5451 .
2332 5438 2352 5448 ..

2238 5438 2463 5549 ἓῖθὲῗνίι.
2488 5497 2566 5545 διὰ
2587 5495 2830 5560 θεραπείας
2860 5493 3103 5552 πολλάκις,
3125 5491 3296 5541 Morel.
3325 5491 3402 5538 διὰ
3425 5487 3636 5551 θωπείας

1975 5563 2256 5677 ωέλῇῗῖἶὸι.
2281 5622 2585 5684 ἑπιπηδῆσαι,
2605 5617 2753 5672 Savil.
2779 5622 2829 5676 et
2848 5617 2981 5670 Colb.
3010 5617 3326 5675 ἐπιπηδῶσαι.
