3890 6220
186 280 291 337 605

189 398 363 451 veniat
398 394 653 464 privatam
681 388 898 445 domum
918 402 1068 457 a-que
1090 383 1337 440 refertam
1365 377 1778 441 calamitatibus,

187 506 251 543 ac
284 488 443 557 regia:
494 485 649 539 malis
676 480 994 537 redundant.
1038 479 1166 532 Nam
1204 485 1259 531 et
1286 474 1593 545 orphanize,
1625 480 1679 525 et
1707 470 1785 524 vi-

187 582 422 635 duitates
452 578 771 638 immaturm,
802 584 855 628 et
883 586 1044 626 neces
1077 570 1324 623 violenta:
1344 609 1357 630 ,
1389 576 1547 634 atque
1586 563 1650 617 iis
1671 561 1787 632 qui-

188 673 337 734 dem,
376 686 495 739 qua:
523 670 575 723 in
608 664 879 737 tmgmdiis
914 672 1213 724 narrantur,
1246 659 1411 713 multo
1452 655 1788 711 scelestiores

187 774 247 818 et
292 762 599 816 acerbiores
650 760 703 812 in
754 756 858 812 hoc
903 756 1075 824 ipsum
1125 752 1391 823 praecipue
1437 749 1634 805 cadunt
1684 746 1787 799 im-

192 853 423 925 perium.

270 945 642 1013 Imperatorum
689 940 829 994 illius
867 938 960 994 (rei
990 938 1214 991 maxima
1254 950 1374 1004 pars
1411 932 1627 987 violenta
1670 944 1791 981 nere

192 1037 379 1091 sublati
405 1046 543 1089 sunt.
572 1063 642 1073 —-
666 1035 869 1102 Atque.
903 1040 957 1083 ιιι
1008 1037 1186 1083 vetera
1216 1026 1525 1080 omittamus
1548 1063 1563 1087 ,
1612 1036 1678 1076 ex
1726 1021 1791 1074 iis

195 1129 463 1193 ortinihns,
493 1127 581 1197 qui
604 1140 724 1180 tevo
748 1133 932 1177 nostro
956 1122 971 1153 ⁸
996 1121 1326 1190 imperarunt
1354 1115 1591 1188 (luerunt
1610 1124 1789 1168 autem

200 1220 415 1291 novem)
450 1220 556 1272 duo
580 1218 681 1271 soli
723 1212 993 1271 communi
1033 1221 1206 1266 morte
1232 1210 1392 1263 vitam
1433 1207 1741 1262 clauserunt
1773 1220 1788 1257 :

200 1316 528 1385 reliquorum
558 1321 734 1364 autem
767 1307 853 1362 hic
881 1305 1095 1378 quidem
1124 1321 1151 1356 a
1182 1312 1427 1374 tyranno,
1458 1299 1544 1352 ille
1569 1310 1699 1351 vero
1738 1295 1790 1347 in

203 1407 367 1472 bello,
416 1404 552 1459 alius
590 1399 1009 1456 domesticorum
1054 1394 1332 1451 custodum
1383 1390 1607 1453 insidiis,
1657 1388 1796 1441 alius

198 1509 380 1551 autem
411 1494 479 1549 ab
511 1493 600 1548 illo
629 1494 764 1562 ipso,
797 1491 884 1560 qui
916 1503 1168 1543 coronam
1206 1500 1270 1539 ac
1301 1499 1585 1554 purpuram
1617 1480 1791 1551 impo-

201 1597 418 1652 suerat,
468 1584 776 1637 interfectus
822 1580 1106 1643 occubuit;
1163 1592 1362 1631 uXores
1410 1591 1537 1629 vero
1583 1574 1793 1628 illorum

200 1680 415 1746 partim,
444 1686 501 1730 ut
528 1677 719 1741 lerunt,
744 1687 950 1728 veneno
972 1670 1303 1733 interierunt,
1330 1668 1518 1738 partim
1542 1681 1793 1720 mmrorc.

204 1772 397 1822 tiaram
419 1783 565 1829 vero,
589 1782 705 1835 que
723 1764 894 1817 adhuc
907 1761 1218 1832 superstites
1230 1769 1376 1823 sunt,
1396 1759 1560 1814 altera
1580 1756 1795 1826 quidem

202 1860 370 1911 lilium
387 1857 589 1911 habens
614 1856 869 1925 pupillmu
895 1852 1069 1907 tremit
1085 1868 1147 1905 ac
1169 1851 1373 1915 metuit,
1395 1847 1594 1918 nequis
1609 1863 1794 1901 eorum

200 1953 289 2018 qui
319 1964 495 2001 rerum
521 1950 823 2017 potim.tur,
857 1954 1002 1998 metu
1031 1940 1331 1996 futurorum
1373 1955 1492 1994 cum
1528 1940 1593 1993 de
1621 1937 1797 1992 medio

203 2038 704 2098 ι‹υι1;ιι,;ι1ιυιεινυι·ιι
732 2037 815 2090 vix
850 2035 1137 2089 multorum
1169 2032 1493 2104 precibusab
1511 2031 1699 2084 exsilio
1717 2045 1800 2083 re-

201 2130 323 2189 ililt,
350 2144 454 2196 quo
474 2139 578 2181 allii
596 2142 627 2180 a
644 2127 711 2181 ab
734 2142 817 2191 eo,
842 2126 930 2195 qui
950 2140 1125 2178 rermu
1147 2122 1465 2191 potiebatur,
1481 2122 1641 2175 missa
1660 2129 1796 2173 erat.

203 2218 355 2284 Quod
381 2218 446 2271 ad
459 2214 1355 2284 eormnautemquinuncimperaut
1388 2226 1604 2281 uxores,
1632 2211 1798 2263 altera

204 2328 271 2364 cx
307 2309 544 2377 pristinis
564 2306 957 2376 calamitatibus
977 2305 1246 2374 respirans
1268 2302 1521 2372 voluptati
1552 2318 1797 2372 magnmu

210 2403 371 2456 habet
396 2402 637 2455 dolorem
666 2398 951 2454 admistum
975 2439 989 2462 ,
1021 2412 1086 2451 eo
1112 2395 1249 2464 quod
1278 2396 1366 2466 qui
1400 2411 1577 2449 rerum
1601 2396 1801 2463 potitur

208 2495 371 2549 nimis
413 2493 624 2563 juvenis
659 2506 721 2547 ac
765 2494 1073 2561 inexpertus
1116 2489 1216 2554 sit,
1265 2489 1567 2557 multosque
1611 2489 1801 2541 haheat

206 2588 443 2657 undique
493 2586 838 2646 insidiantes;
890 2584 1059 2638 altera
1095 2598 1223 2636 vero
1267 2580 1457 2635 timore
1501 2581 1799 2634 exanimaza

208 2685 301 2747 iis,
334 2684 422 2753 qui
449 2682 625 2750 capite
652 2679 885 2734 damnati
915 2687 1059 2744 sunt,
1090 2676 1422 2729 miseriorem
1452 2675 1610 2726 vitam
1633 2674 1798 2736 ducit,

204 2790 276 2827 eo
303 2774 443 2844 quod
482 2775 562 2827 vir
588 2773 753 2841 ipsius
779 2770 848 2824 ab
872 2785 938 2824 eo
972 2777 1230 2837 tempore,
1261 2782 1369 2836 quo
1408 2764 1650 2819 diadema
1686 2779 1804 2816 sus-

204 2866 371 2933 cepit,
401 2878 570 2931 usque
606 2863 671 2916 ad
704 2860 1021 2915 hcdiernum
1056 2857 1196 2911 diem
1241 2858 1294 2911 in
1324 2856 1463 2909 bello
1507 2864 1561 2908 et
1602 2854 1800 2923 pneliis

209 2968 491 3019 versetur,
522 2951 947 3020 verecundiaque
987 2958 1039 3003 et
1068 2949 1306 3018 probris,
1346 2947 1539 3017 quibus
1570 2946 1802 3016 undique

208 3046 466 3109 afficitur,
493 3046 659 3114 magis
681 3057 837 3112 quam
863 3058 927 3095 ex
954 3039 1343 3095 calamitatibus
1371 3039 1624 3091 tabescat.
1646 3037 1798 3104 Quod

207 3140 354 3195 enim
398 3149 556 3193 antea
594 3151 904 3205 numquam,
936 3149 1076 3188 nunc
1101 3135 1297 3197 evenit,
1334 3142 1391 3186 ut
1433 3133 1642 3186 barbari
1676 3148 1801 3200 pru-

210 3232 384 3303 priam
416 3231 780 3298 relinqeentes
809 3227 1101 3294 regionem,
1131 3225 1292 3278 multa
1322 3225 1614 3277 stadiorum
1641 3222 1801 3277 millia

210 3322 449 3392 regionis
500 3328 695 3373 nosti-zu
742 3317 1135 3386 perenrrerint,
1161 3324 1216 3369 et
1247 3314 1388 3385 agris
1438 3314 1670 3368 incensis
1709 3329 1802 3367 Ca-

210 3428 246 3483 p
273 3416 425 3481 isque
451 3409 670 3466 urbibus
690 3408 906 3463 domum
933 3406 1186 3462 redeundi
1208 3422 1417 3461 omnem
1431 3407 1802 3476 cogitationem

212 3504 544 3573 ahjeeerint;
573 3519 635 3555 ac
663 3499 881 3570 perinde
920 3499 1070 3569 quasi
1115 3500 1340 3553 choreas
1379 3497 1668 3563 ducerent,
1699 3512 1802 3550 non

219 3598 417 3650 bellum
440 3605 707 3665 gererent,
734 3594 802 3646 ita
832 3604 1045 3645 nostros
1064 3606 1250 3645 omnes
1272 3591 1523 3653 irrident;
1552 3600 1807 3661 etquem-

214 3690 339 3742 dam
370 3703 438 3741 ex
465 3687 674 3741 illormn
708 3684 922 3756 regibus
947 3685 1147 3739 dixisse
1184 3686 1376 3748 lerunt,
1408 3685 1586 3739 mirari
1617 3701 1675 3739 se
1702 3686 1803 3738 im-

220 3780 529 3849 pudentiam
563 3786 864 3831 nostrorum
895 3776 1142 3839 militum,
1162 3776 1249 3845 qui
1272 3792 1391 3829 cum
1418 3777 1621 3830 facilius
1649 3792 1806 3846 quam

215 3886 350 3923 oves
371 3871 577 3923 soieaut
595 3870 845 3939 jngulari,
874 3868 1047 3921 adhuc
1068 3868 1341 3921 victoriam
1372 3877 1610 3936 sperent,
1636 3884 1807 3936 neque

217 3978 288 4017 ex
345 3977 440 4015 sua
478 3962 693 4031 regione
727 3961 886 4013 velint
930 3958 1209 4014 excedere.
1260 3959 1391 4014 Nam
1436 3958 1551 4028 ipse
1592 3960 1806 4029 quidem

216 4052 375 4115 dixit,
403 4068 522 4105 sese
559 4052 661 4105 illis
686 4050 955 4105 medendis
976 4051 1221 4105 satietate
1246 4065 1389 4120 sa'pe
1417 4059 1626 4120 captum
1666 4066 1805 4105 esse.

218 4147 342 4209 Quo
384 4144 543 4212 igitur
566 4144 745 4195 animo
774 4153 827 4196 et
866 4140 1245 4211 Imperatorem
1286 4152 1337 4195 et
1384 4143 1548 4212 ipsius
1588 4157 1807 4196 uxorem

228 4236 331 4287 ista
366 4235 524 4287 verba
553 4233 854 4287 audientem
879 4234 1152 4288 existimas
1172 4234 1331 4288 esse?

297 4328 351 4381 5.
397 4326 461 4380 Ει
482 4319 731 4397 quoniam
763 4327 918 4396 hujus
940 4325 1068 4381 belli
1098 4328 1295 4381 mentio
1328 4328 1530 4391 incidit,
1562 4344 1808 4399 magnum

225 4418 356 4473 mihi
390 4418 666 4471 viduarum
690 4433 877 4487 agmen
921 4419 1174 4483 occurrit,
1200 4433 1420 4487 quarmu
1449 4420 1565 4472 alia!
1593 4419 1717 4473 olim
1746 4436 1810 4474 cx

226 4510 462 4562 virorum
493 4507 706 4578 quidem
736 4508 989 4578 dignitate
1016 4508 1300 4579 plurimum
1327 4510 1628 4579 Splendoris
1655 4526 1808 4567 accc-

229 4612 443 4671 peruut,
500 4615 639 4654 nunc
694 4614 821 4654 vero
848 4610 1067 4668 repente
1092 4614 1280 4654 omnes
1308 4600 1453 4669 nigra
1483 4616 1544 4653 ac
1573 4601 1811 4656 luctuosa

227 4694 365 4746 s'o'a
393 4691 601 4743 amicta:
621 4706 780 4743 omne
807 4698 1012 4758 tempus
1041 4691 1090 4743 iu
1118 4691 1365 4761 lxcrymis
1388 4692 1608 4746 ducunt.
1631 4692 1815 4762 Neque

225 4784 333 4835 illis
363 4781 464 4834 hoc
490 4780 669 4834 datum
697 4791 801 4845 est,
844 4781 983 4850 quod
1051 4781 1313 4836 honorato
1360 4793 1449 4836 tuo
1497 4786 1675 4854 capiti.
1734 4786 1813 4840 Tu

224 4874 393 4937 enim,
420 4888 452 4923 (ν
475 4871 879 4935 ;ι‹1ιιιίι·;ι1ιίιί‹,‹ξι
910 4873 960 4925 in
986 4872 1461 4940 lectulojacenteui
1495 4876 1668 4930 vidisti
1714 4878 1812 4929 hoc

228 4974 441 5019 nestum
468 4963 633 5029 illum,
652 4974 703 5017 et
728 4979 843 5033 supi
857 4978 941 5018 em
964 4981 1029 5015 tm
1050 4964 1237 5016 audisti
1263 4980 1465 5029 recent,
1485 4981 1604 5021 cum
1627 4969 1817 5037 quibus

231 5055 407 5109 modis
434 5070 521 5107 res
552 5054 859 5107 domestica:
889 5054 1323 5109 administranda:
1349 5068 1529 5112 essent
1560 5068 1611 5114 te
1658 5060 1816 5114 doce-

229 5155 333 5206 ret.
363 5154 419 5199 et
447 5153 768 5199 testamento
796 5160 1010 5198 omnem
1033 5145 1191 5199 alieni
1218 5149 1592 5216 appetentibus
1634 5166 1697 5205 ac
1723 5167 1814 5222 sy-

230 5240 516 5310 cophantis
543 5237 743 5291 aditum
767 5237 1089 5292 obstrueret.
1110 5238 1259 5294 Adde
1286 5240 1434 5307 illud,
1458 5242 1598 5312 quod
1619 5242 1816 5311 jacenti

235 5340 453 5383 mortuo
480 5344 623 5399 sa‘pe
655 5328 961 5395 incubuisti,
988 5338 1043 5384 et
1063 5330 1297 5383 suaviata
1327 5348 1387 5386 es
1416 5333 1599 5388 oculos
1628 5344 1682 5389 et
1700 5350 1816 5389 am-

231 5424 386 5491 plexa
419 5436 477 5475 es
498 5436 560 5475 ac
595 5421 797 5485 luxisti,
855 5420 1337 5493 honestissimeque
1384 5423 1570 5480 funere
1619 5428 1815 5480 clatum

238 5516 417 5570 vidisti
445 5534 458 5569 :
489 5514 738 5568 omnibus
778 5531 897 5585 qum
919 5513 1143 5569 decebat
1169 5532 1291 5586 erga
1320 5517 1462 5571 illum
1487 5518 1676 5574 ofﬁciis
1706 5521 1825 5575 ltiti-

241 5694 247 5700 .
299 5632 427 5741 tunc
448 5629 813 5693 Imperat/aribus
835 5627 913 5677 hic
937 5631 1213 5680 memoratis
1238 5630 1346 5681 vide
1373 5644 1450 5693 ea,
1480 5648 1589 5698 qua:
1612 5636 1686 5688 (ξίν
1696 5639 1820 5688 imus

241 5705 288 5741 In
351 5701 501 5741 auito.

235 5705 288 5743 tn
310 5701 501 5742 ιυωιο.

1429 262 1520 318 ao
1559 256 1819 317 vinum
1857 226 2215 316 inmensa.

3367 252 3469 311 606

1888 389 1972 431 eta
2001 392 2081 441 es,
2098 386 2149 430 et
2166 376 2307 445 jusla
2333 373 2655 446 pcholvlsti.
2683 383 2735 431 et
2761 372 2826 428 ad
2847 372 3187 443 sepulchrum
3214 388 3357 442 smpe
3381 388 3472 425 ac-

1890 468 2088 522 cedens
2110 484 2215 521 non
2249 468 2525 522 minimum
2547 466 2712 523 habes
2739 467 2812 520 tui
2834 467 3037 521 doloris
3060 464 3333 519 solatium.
3367 463 3475 517 Illae

1891 574 2021 611 vero
2046 557 2296 613 omnibus
2314 557 2615 628 hujusmodi
2645 558 2850 613 solatiis
2879 567 3003 610 sunt
3025 555 3319 621 destitutae,
3351 570 3473 609 cum

1890 666 2079 706 mnues
2102 650 2314 722 quidem
2345 651 2411 705 ad
2439 651 2632 706 bellum
2662 650 2933 706 misissent
2974 651 3115 704 viros
3163 665 3289 703 suos
3340 658 3477 702 tam—

1891 759 2048 812 quam
2076 759 2263 798 rursus
2286 744 2429 813 ipsos
2448 753 2762 814 receptum.
2792 753 2846 797 at
2873 758 2966 812 pro
2997 742 3101 797 illis
3129 741 3332 796 tristem
3359 740 3482 794 illo-

1893 851 2009 888 rnm
2039 834 2227 889 mortis
2242 836 2544 905 acceperint
2572 834 2836 889 nuntium.
2865 834 2979 888 Non
3018 834 3160 888 enim
3195 833 3478 902 quisquam

1891 941 2119 996 corpora
2150 927 2387 998 ipsorum
2417 928 2666 992 offerens,
2693 926 2787 982 sed
2818 928 2980 982 verba
3028 936 3231 981 tantum
3282 930 3479 981 mortis

1892 1033 2061 1088 genus
2082 1021 2373 1085 narrantia,
2410 1019 2475 1073 ad
2506 1020 2647 1090 ipsas
2668 1019 2842 1075 rediit.
2874 1018 3068 1074 Verum
3096 1028 3219 1073 sunt
3242 1033 3360 1089 qua:
3386 1033 3482 1071 ne-

1893 1125 1998 1178 que
2033 1110 2131 1166 hac
2153 1111 2264 1180 ipsa
2291 1112 2595 1167 narratiOne
2622 1112 2796 1181 digna:
2824 1110 3022 1166 fuerint
3052 1112 3268 1178 habitat,
3297 1124 3476 1180 neque

1894 1202 2163 1269 quomodo
2190 1203 2261 1257 illi
2283 1204 2573 1259 ceciderint
2600 1204 2780 1260 doceri
2812 1206 3102 1275 potuerint,
3129 1220 3251 1260 cum
3279 1205 3335 1259 in
3363 1220 3483 1259 ma-

1894 1307 1999 1362 gno
2030 1308 2290 1350 cmsorum
2319 1312 2548 1352 numero
2569 1296 2788 1367 reliquis
2813 1306 2995 1351 essent
3018 1298 3340 1352 eoacervati.

1987 1384 2209 1440 Valentis
2234 1389 2489 1442 interitum
2514 1388 2678 1441 innuit
2711 1405 2743 1441 a
2784 1386 2962 1442 Gothis
3000 1388 3261 1443 combusti.
3285 1386 3485 1442 —Ec-

1897 1482 2022 1552 quid
2053 1497 2181 1535 vero
2221 1482 2435 1548 mirum,
2496 1482 2539 1536 si
2590 1482 2740 1536 multi
2791 1498 2856 1536 ex
2911 1482 3132 1536 ducibus
3185 1482 3285 1536 hoc
3326 1483 3491 1536 modo

1900 1573 2235 1634 interierunt,
2268 1572 2481 1642 quando
2505 1582 2556 1626 et
2586 1571 2882 1642 hupcrator
2904 1573 3016 1643 ipse
3044 1574 3095 1626 in
3121 1574 3237 1626 vico
3252 1573 3486 1643 quodam

1902 1680 2023 1720 cum
2049 1665 2230 1734 paucis
2256 1663 2513 1719 militibus
2537 1664 2825 1719 conclusus
2850 1664 2998 1719 exire
3024 1662 3238 1735 quidem
3265 1672 3320 1718 et
3366 1678 3494 1719 sese

1904 1755 2277 1809 invadentibus
2315 1770 2589 1824 opponere
2617 1754 2835 1810 minime
2878 1770 3038 1809 ausus
3067 1764 3169 1820 est,
3218 1754 3311 1809 sed
3345 1755 3493 1809 intus

1903 1862 2125 1901 mancus
2149 1862 2376 1906 accenso
2401 1847 2592 1902 abillis
2618 1848 2736 1918 igne
2766 1863 2867 1902 una
2920 1863 3043 1902 cum
3098 1848 3161 1903 iis
3213 1850 3493 1915 erunibus,
3528 1868 3531 1875 ·

1901 1952 2037 2007 quos
2069 1952 2249 1992 secum
2280 1938 2527 2005 habebat,
2550 1938 2863 1993 combustus
2883 1950 2960 1996 cst
2983 1956 2997 2005 ;
3018 1956 3116 1996 nec
3136 1941 3258 1994 viris
3290 1942 3485 2003 Sltilllll,

1904 2027 1999 2082 sed
2029 2030 2187 2083 etiam
2213 2030 2387 2099 equis,
2416 2038 2468 2084 et
2491 2029 2749 2097 trabibus,
2797 2040 2851 2085 ct
2873 2031 3060 2097 muris,
3090 2041 3144 2085 et
3164 2034 3410 2105 omnibus
3438 2036 3495 2089 in

1905 2137 2067 2174 unum
2112 2132 2272 2191 atque
2325 2122 2573 2177 eumdem
2621 2124 2856 2178 cinerem
2909 2123 3266 2178 abeuntibus?
3332 2136 3495 2194 atque

1905 2210 2046 2265 hunc
2076 2213 2317 2266 nuntium
2347 2213 2402 2279 ii,
2458 2213 2548 2283 qui
2576 2230 2677 2268 una
2702 2230 2822 2269 cum
2848 2216 3171 2286 lmperatore
3192 2218 3258 2271 ad
3292 2217 3487 2272 bellum

1906 2302 2125 2371 profecti
2157 2303 2385 2370 fuerant,
2416 2305 2533 2358 loco
2568 2304 2907 2374 Imperatoris
2937 2308 3101 2378 ipsius
3143 2308 3209 2362 ad
3262 2325 3483 2363 uxorem

1906 2404 2245 2465 reportantcs
2296 2395 2590 2451 redierunt.
2637 2396 2776 2453 Nihil
2823 2401 2987 2465 enim,
3036 2399 3164 2454 nihil
3215 2400 3370 2469 plane
3405 2417 3491 2467 ea,

1905 2504 2026 2557 qua:
2049 2489 2099 2542 in
2129 2487 2326 2542 nmmlo
2349 2489 2625 2558 Splendida
2654 2499 2796 2557 sunt,
2837 2492 2903 2544 ab
2934 2492 3019 2558 iis,
3063 2509 3182 2562 qua:
3232 2494 3283 2547 in
3332 2510 3495 2551 scena

1907 2596 1951 2648 gi
1976 2589 2184 2643 runtur,
2234 2592 2393 2649 atque
2417 2598 2447 2635 a
2481 2597 2766 2636 veruorum
2815 2583 3006 2638 ﬂorum
3038 2593 3314 2638 venustate
3338 2585 3493 2639 dill'e-

1909 2678 2055 2723 runt.
2093 2670 2327 2724 Primum
2358 2670 2501 2725 enim
2526 2681 2810 2740 antequam
2834 2682 3125 2741 appareant
3148 2686 3491 2738 evanescunt,

1906 2759 2122 2825 deimle,
2173 2762 2336 2815 etiam
2382 2763 2426 2816 si
2474 2763 2743 2831 paululum
2786 2765 3041 2834 temporis
3080 2776 3349 2831 maneant,
3388 2767 3503 2819 cito-

1906 2863 2084 2907 tamen
2114 2855 2178 2906 ad
2208 2854 2484 2909 interitum
2530 2866 2840 2925 properant.
2884 2856 3019 2923 Quid
3062 2857 3203 2911 enim
3248 2857 3450 2911 honore
3476 2899 3493 2922 ,

1908 2948 1998 3016 qui
2048 2962 2077 3000 a
2118 2948 2275 3016 vulgo
2304 2948 2615 3015 exhibetur,
2660 2959 2714 3002 et
2755 2951 2923 3019 gloria
2965 2951 3155 3005 exilius
3196 2967 3259 3006 ac
3301 2952 3525 3006 vilius?

1908 3055 2068 3109 quem
2108 3038 2372 3103 fructum,
2419 3056 2575 3109 quam
2626 3041 2907 3095 utilitatem
2952 3040 3220 3097 afferunt?
3262 3058 3501 3113 quonam

1908 3129 2049 3183 bona
2077 3131 2221 3184 exitu
2247 3130 2682 3184 eonclmluntur?

1979 3219 2171 3275 Gloria:
2200 3222 2437 3275 qummte
2462 3222 2798 3275 conditionem
2828 3222 3051 3291 exponit.
3083 3252 3154 3261 —
3182 3223 3353 3292 Atque
3389 3224 3499 3276 uti-

1914 3328 2034 3366 nam
2068 3311 2200 3365 nihil
2238 3312 2382 3366 aliud
2428 3313 2673 3368 subesset
2718 3314 2841 3368 mali
2874 3332 2886 3366 :
2932 3328 3073 3368 nunc
3110 3329 3236 3368 vero
3281 3326 3505 3384 preter.

1909 3420 2068 3474 quam
2118 3404 2259 3474 quod
2313 3404 2444 3458 nihil
2493 3420 2620 3459 vere
2650 3405 2770 3459 boni
2823 3405 2947 3460 inde
2976 3405 3259 3474 provenit,
3306 3408 3498 3461 multas

1909 3498 2069 3551 etiam
2093 3496 2385 3559 molestias,
2408 3495 2572 3550 multa
2591 3496 2781 3550 damna
2801 3497 3014 3551 assidue
3038 3499 3081 3550 is
3108 3496 3251 3552 ferre
3268 3499 3504 3567 cogitur,

1910 3588 2081 3656 quise
2112 3586 2236 3641 buic
2287 3588 2648 3643 acerbissima!
2695 3588 2929 3643 domina:
2976 3589 3219 3657 subjecit.
3280 3589 3505 3642 Domina

1912 3680 2054 3733 enim
2076 3688 2157 3733 est
2178 3694 2385 3744 eorum,
2420 3679 2507 3749 qui
2537 3680 2705 3748 ipsam
2731 3678 3087 3742 admiserunt,
3114 3690 3167 3734 et
3194 3697 3299 3750 quo
3332 3679 3505 3750 majo-

1915 3772 2063 3828 ribus
2091 3772 2360 3827 blanditiis
2388 3782 2441 3827 et
2469 3773 2921 3827 assentatiouibus
2940 3774 3134 3827 colitur
3158 3788 3187 3827 a
3219 3775 3408 3839 Servis,
3434 3789 3512 3827 eo-

1915 3866 2083 3933 magis
2112 3880 2232 3920 sese
2252 3874 2438 3920 contra
2465 3866 2612 3935 ipsos
2634 3867 2813 3935 erigit,
2845 3876 2899 3920 et
2918 3867 3222 3921 durioribus
3244 3869 3388 3937 ipsos
3410 3884 3502 3921 ur-

1913 3968 2001 4027 get
2024 3957 2281 4011 mandatis
2310 3976 2324 4023 ;
2352 3974 2445 4012 eos
2467 3974 2614 4021 vero,
2674 3962 2762 4028 qui
2796 3959 2967 4028 ipsam
2998 3960 3247 4027 rejiciunt
3296 3975 3359 4013 ac
3406 3960 3501 4013 de-

1923 4051 2175 4119 Spiciuut,
2230 4052 2529 4104 nullatenus
2555 4051 2734 4105 ulcisci
2768 4062 2941 4120 potest
2974 4071 2987 4106 z
3017 4056 3086 4105 ita
3113 4061 3166 4105 et
3193 4063 3417 4124 tyranno
3447 4063 3505 4108 et

1918 4140 2029 4196 fera
2054 4143 2287 4211 qualibet
2310 4142 2565 4195 itumiliur
2590 4152 2690 4195 est.
2721 4142 2852 4196 Nam
2892 4152 3149 4214 tyrannus
3186 4144 3400 4214 quidem
3448 4155 3505 4199 et

1916 4234 2043 4288 ferae
2074 4234 2341 4289 blanditiis
2381 4250 2523 4305 sa'pe
2551 4236 2871 4301 mitescunt;
2903 4235 3019 4291 bzec
3038 4246 3213 4291 autem
3242 4247 3366 4292 tunc
3391 4255 3503 4291 ma-

1918 4328 2059 4380 xime
2080 4326 2358 4391 eli‘eratur,
2388 4328 2601 4396 quando
2632 4328 2679 4382 ei
2711 4329 2942 4383 maxime
2987 4330 3464 4384 auscultaverimus
3484 4374 3500 4397 ,

1917 4433 1980 4471 ac
2005 4417 2049 4471 si
2077 4417 2221 4473 dicto
2247 4419 2552 4474 audientem
2576 4420 2811 4473 inveniat
2839 4430 3000 4489 atque
3021 4421 3085 4474 ad
3113 4423 3290 4476 omnia
3340 4423 3503 4477 obse-

1918 4520 2189 4576 qneutcm.
2220 4509 2347 4563 nihil
2380 4519 2461 4563 est
2491 4521 2747 4579 pneterca
2778 4510 2919 4581 quod
2953 4512 3217 4582 imperare
3266 4515 3499 4568 omittat.

1922 4601 2091 4655 liabet
2128 4618 2254 4656 vero
2294 4612 2348 4656 et
2390 4604 2611 4657 alteram
2642 4604 2763 4657 belli
2795 4605 3018 4670 sociam,
3046 4621 3202 4676 quam
3233 4622 3336 4660 non
3365 4609 3508 4662 male

1925 4690 2150 4746 fortasse
2196 4694 2312 4761 quis
2339 4694 2506 4762 ipsius
2546 4695 2702 4747 liliam
2751 4696 3047 4765 appellarit.
3086 4697 3309 4763 Quando
3360 4701 3501 4752 enim

1923 4784 2032 4852 ipsa
2066 4785 2228 4853 probe
2255 4800 2284 4838 a
2330 4788 2483 4839 nobis
2526 4786 2747 4841 educata
2788 4796 2843 4841 et
2884 4798 3037 4842 aucta
3060 4790 3266 4844 radices
3314 4794 3500 4861 egerit,

1923 4885 2046 4930 tunc
2068 4878 2422 4943 arrogantiam
2453 4879 2609 4946 parit,
2634 4894 2744 4931 rem
2771 4895 2894 4948 qu:e
2937 4880 3103 4934 nihilo
3142 4882 3316 4935 inimus
3346 4900 3502 4952 quam

1923 4979 2093 5022 tuatcr
2111 4970 2369 5036 animum,
2416 4985 2573 5039 quem
2602 4971 2826 5040 ceperit,
2866 4972 3190 5043 praecipitem
3222 4990 3382 5044 agere
3416 4991 3508 5045 po-

1922 5072 2048 5117 lCSl.

1996 5154 2051 5209 6.
2092 5153 2501 5226 liocigitur,dic
2524 5155 2674 5219 mihi,
2705 5156 2876 5226 luges,
2908 5158 3050 5227 quod
3079 5159 3147 5215 ab
3175 5160 3282 5217 hac
3327 5162 3506 5215 duris-

1924 5246 2057 5299 sima
2083 5245 2294 5299 domina
2328 5246 2467 5301 Deus
2518 5257 2571 5302 te
2616 5247 2902 5304 liberavit?
2944 5251 3084 5321 quod
3125 5251 3376 5306 omnibus
3427 5253 3508 5305 his

1924 5335 2194 5404 pestiferis
2248 5335 2446 5389 morbis
2494 5353 2707 5392 omnem
2752 5341 2991 5410 obsepsit
3046 5342 3229 5396 viam?
3288 5341 3509 5397 Viveute

1931 5425 2073 5478 enim
2098 5424 2271 5479 adhuc
2298 5426 2388 5478 tibi
2417 5427 2531 5481 viro
2555 5429 2755 5483 mtllum
2779 5431 2829 5484 iu
2870 5443 3103 5487 mentem
3152 5442 3293 5485 tuam
3346 5433 3508 5486 insul-

1929 5517 2071 5571 tandi
2099 5520 2253 5569 linem
2278 5516 2561 5581 fecissent;
2588 5529 2797 5574 mortuo
2817 5532 2991 5576 autem
3022 5539 3124 5576 non
3153 5522 3347 5578 habent
3370 5525 3516 5580 unde

1926 5608 1978 5662 in
2009 5607 2358 5676 cogitationes
2395 5618 2510 5663 tuas
2539 5609 2791 5681 impetum
2842 5612 3053 5666 faciant.
3095 5614 3205 5670 Hoc
3231 5614 3389 5683 igitur
3414 5617 3529 5673 tibi-

1930 5697 2152 5768 posthac
2183 5697 2473 5753 curandum
2501 5716 2561 5754 ac
2591 5703 2949 5772 pratstandum
2983 5713 3087 5773 est,
3113 5715 3168 5760 ut
3197 5721 3267 5761 ne
3294 5705 3523 5762 illarum
