3890 6220
386 213 496 267 607

387 328 688 380 discessum
714 323 921 394 lugeas,
945 337 1118 392 neque
1143 322 1392 376 acerbum
1450 320 1596 374 illum
1642 316 1974 373 dominatum

391 425 634 484 expetas.
662 413 794 469 Nam
819 411 906 467 ubi
955 413 1058 467 illm
1107 411 1473 466 vehementius
1518 410 1742 480 Spirant,
1797 409 1974 462 omnia

389 507 629 562 funditus
655 515 904 562 evertunt
933 519 995 559 ac
1027 512 1369 574 prosternunt
1396 519 1410 556 :
1443 511 1498 558 et
1525 501 1973 572 quemadmodum

391 602 730 666 meretrices,
758 615 880 653 emn
919 598 1234 668 plerumque
1267 605 1454 666 suapte
1478 604 1666 649 natura
1709 593 1979 649 deformes

316 737 323 745 .
390 695 503 748 sint
525 709 589 747 ac
609 691 886 762 squalidm,
920 688 1253 743 frictionibus
1281 697 1334 742 et
1362 688 1492 740 fucis
1520 687 1760 740 incautos
1776 687 1977 739 ctsim-

300 783 320 792 ⁸
396 784 560 852 plices
576 783 832 853 juvenum
859 781 1069 834 animos
1107 779 1431 849 illaqueant,
1487 787 1540 831 et
1597 786 1873 846 postquam
1927 777 1977 828 in

391 891 545 928 suam
575 873 831 928 ditionem
863 872 1182 941 receperint,
1215 869 1384 924 servis
1410 867 1659 922 omnibus
1699 878 1975 920 contume-

393 965 582 1021 liosius
604 975 831 1019 tractant
859 980 872 1017 :
909 965 978 1018 ita
1004 975 1052 1018 et
1076 961 1378 1032 bujusmodi
1403 959 1732 1023 affectiones,
1761 958 1981 1012 ambitio

398 1065 453 1110 et
476 1056 802 1126 arrogantia,
832 1055 1018 1126 quavis
1039 1054 1125 1108 lue
1152 1053 1432 1107 hominum
1456 1053 1663 1106 animos
1699 1050 1866 1120 magis
1902 1049 1982 1103 in-

389 1147 550 1218 quina
561 1155 636 1200 nt.

467 1236 688 1290 Gentiles
713 1236 1449 1308 quidivitiascontempserunt.
1483 1263 1553 1274 ——
1586 1233 1721 1288 Hinc
1748 1242 1803 1288 et
1831 1232 1979 1285 mulli

391 1329 608 1385 divitias
637 1346 884 1400 maguum
922 1329 1118 1383 bonum
1156 1327 1462 1382 duxerunt:
1492 1341 1656 1397 quare
1684 1325 1771 1396 qui
1812 1323 1982 1379 ambi-

394 1422 594 1475 tionem
627 1421 876 1490 ejecerit,
899 1436 1070 1490 neque
1095 1436 1125 1474 a
1151 1420 1350 1474 divitiis
1377 1419 1536 1473 etiam
1559 1419 1818 1488 capietur.
1849 1417 1978 1471 Nam

390 1515 586 1582 quibus
610 1513 758 1567 licuit
785 1513 852 1565 ob
883 1521 1246 1582 putpertatcm
1290 1511 1546 1580 consequi
1578 1525 1821 1579 magnam
1864 1509 1981 1578 glo-

399 1606 565 1668 riam,
606 1605 636 1658 ii
662 1604 922 1658 ditescere
971 1603 1190 1657 minime
1235 1603 1544 1668 voluerunt,
1595 1602 1688 1658 sed
1738 1616 1981 1671 magnam

393 1698 509 1750 auri
537 1698 639 1750 vim
657 1697 756 1750 sibi
787 1697 1022 1750 oblatam
1045 1705 1502 1763 contempserunt.
1528 1695 1696 1764 Atque
1711 1693 1808 1747 hos
1828 1694 1981 1746 mini-

393 1806 479 1845 me
505 1807 567 1844 ex
595 1805 680 1845 me
704 1804 1028 1859 cognoscere
1056 1803 1274 1843 necesse
1296 1788 1458 1842 babes
1481 1805 1495 1841 :
1525 1787 1635 1856 ipsa
1659 1788 1797 1841 enim
1830 1788 1982 1858 longe

397 1883 586 1936 melius
605 1897 764 1950 quam
785 1896 882 1951 ego
901 1881 1039 1934 nosti
1062 1879 1507 1948 Epaminondam,
1537 1879 1835 1945 Socratem,
1857 1879 1982 1932 Ari-

391 1973 610 2040 stidem,
647 1974 954 2045 Diogenem,
991 1973 1204 2028 Cratem
1225 2013 1240 2036 ,
1270 1973 1357 2042 qui
1406 1987 1533 2027 suos
1560 1987 1716 2042 agros
1747 1971 1796 2025 in
1822 1987 1977 2041 peco-

393 2080 513 2120 rum
546 2075 751 2136 ρειειιιιη
775 2065 1004 2136 reliquit.
1031 2064 1163 2119 Nam
1186 2063 1272 2117 alii
1295 2063 1506 2134 quidem
1529 2104 1544 2128 ,
1569 2079 1688 2117 cum
1710 2078 1812 2116 non
1839 2072 1984 2118 esset

393 2158 447 2210 iu
485 2168 734 2227 promptu
765 2157 1051 2222 ditescere,
1074 2156 1400 2210 exorientem
1432 2154 1532 2208 sibi
1569 2170 1634 2207 ex
1674 2163 1982 2224 paupertate

393 2249 615 2319 gloriam
661 2248 1179 2310 animzulvertentes,
1213 2246 1366 2301 facile
1406 2246 1458 2300 in
1506 2261 1624 2300 eam
1671 2261 1728 2299 se
1777 2239 1988 2316 partem

392 2341 691 2407 dederunt;
722 2341 806 2396 hic
847 2350 1023 2395 autem
1065 2349 1116 2396 et
1141 2354 1239 2404 ea,
1271 2355 1390 2410 qua:
1433 2337 1696 2402 habebat,
1727 2339 1984 2415 projecit:

393 2434 529 2490 adeo
555 2450 740 2489 omnes
763 2433 920 2503 hujus
952 2434 1077 2488 fera:
1109 2433 1299 2487 bellua:
1324 2431 1423 2486 sibi
1452 2419 1791 2500 acquirenda:
1831 2430 1985 2500 cupio

392 2528 560 2582 ditate
587 2528 936 2582 insaniebaut.
965 2526 1038 2580 Ne
1079 2525 1239 2596 igitur
1283 2541 1570 2596 queramur
1593 2525 1758 2579 Deum
1787 2540 1850 2579 ex
1885 2524 1984 2579 hac

396 2621 532 2689 turpi
578 2637 675 2674 nos
704 2620 981 2691 tyrannide
1007 2628 1060 2673 et
1089 2618 1306 2672 ridicula
1336 2625 1389 2671 ct
1421 2617 1704 2671 multorum
1755 2615 1982 2686 probro-

394 2728 512 2764 rum
545 2713 701 2781 plena
729 2712 1013 2767 exemisse.
1041 2712 1242 2766 Nomen
1273 2710 1416 2764 enim
1438 2710 1612 2764 solum
1641 2709 1981 2778 Splendidum

391 2813 508 2868 cst,
541 2819 629 2858 res
669 2815 847 2858 autem
880 2805 990 2873 ipsa
1020 2803 1174 2872 longe
1197 2803 1330 2856 alios
1360 2813 1519 2872 atque
1540 2802 1828 2871 appellatio
1868 2803 1981 2871 ipsa

397 2895 729 2962 polliceatur,
775 2903 1042 2948 amatores
1081 2909 1207 2948 suos
1248 2893 1461 2959 reddit,
1503 2907 1566 2947 ac
1592 2907 1749 2946 nemo
1783 2901 1868 2946 cst
1894 2892 1982 2961 qui

392 2987 576 3056 gloria:
621 3002 777 3040 causa
830 2986 1098 3056 quidpiam
1145 2992 1390 3056 agentem
1442 3001 1547 3038 non
1593 2985 1827 3039 irrideat.
1891 2985 1983 3040 llle

390 3079 533 3132 enim
577 3079 722 3132 solus
769 3078 1162 3148 SUSpicicntlttttt
1194 3094 1253 3133 se
1289 3078 1555 3148 pra-bere,
1583 3089 1635 3132 et
1662 3079 1829 3148 gloria
1877 3078 1983 3132 cir-

389 3171 680 3225 cmnlluere
706 3172 920 3240 poterit,
953 3171 1042 3241 qui
1069 3187 1134 3224 eo
1159 3172 1378 3226 minime
1404 3179 1609 3239 spectat
1643 3188 1655 3222 :
1683 3170 1774 3240 qui
1801 3181 1980 3226 autem

392 3277 641 3330 magnum
681 3260 931 3331 quiddam
963 3270 1112 3331 putat
1147 3263 1370 3331 gloriam
1401 3277 1432 3316 a
1480 3261 1660 3316 mullis
1707 3263 1978 3331 delatam,

388 3362 552 3421 atque
581 3351 723 3405 illius
745 3352 1136 3420 conscqueudm
1161 3367 1318 3406 causa
1341 3353 1519 3406 omnia
1543 3352 1666 3406 facit
1687 3362 1741 3408 et
1761 3354 1977 3422 patitur,

391 3437 439 3497 is
486 3445 819 3513 potissimum
860 3444 927 3499 ab
963 3459 1023 3498 ea
1069 3444 1230 3515 longe
1277 3444 1475 3508 aberit,
1517 3444 1740 3514 ejusque
1787 3461 1980 3516 expers

387 3537 491 3590 erit
516 3552 528 3601 ;
559 3551 735 3589 rerum
759 3550 884 3588 vero
908 3535 1094 3606 gloria:
1120 3536 1516 3590 adversantium
1545 3537 1776 3590 maxime
1807 3538 1973 3605 parti-

387 3644 533 3696 ceps,
561 3627 854 3692 irrisionis,
886 3628 1303 3692 criminationis,
1339 3627 1744 3682 maledictorum
1765 3670 1779 3691 ,
1803 3630 1973 3683 offen-

391 3723 587 3784 siouis,
624 3721 753 3775 odii.
786 3720 968 3790 Neque
999 3721 1050 3775 in
1078 3721 1211 3775 viris
1240 3731 1444 3776 tantum
1472 3722 1524 3778 id
1549 3739 1645 3777 usu
1674 3723 1851 3788 venit,
1882 3724 1976 3780 sed

387 3818 548 3869 etiam
581 3816 630 3869 in
663 3816 814 3871 vobis
838 3817 1150 3871 mulieribus
1168 3857 1184 3882 ,
1205 3829 1367 3888 atque
1391 3819 1561 3873 multo
1590 3820 1778 3890 magis.

475 3907 616 3964 Vana
640 3910 804 3981 gloria
832 3927 912 3964 res
939 3910 1134 3964 odiosa.
1173 3932 1247 3951 —-
1283 3911 1414 3966 Nam
1449 3928 1568 3982 qua:
1613 3922 1667 3967 et
1712 3913 1878 3983 ﬁgura
1925 3925 1980 3968 et

391 4002 602 4056 incessu
647 4012 701 4058 et
749 4003 945 4057 vestitu
989 4003 1285 4073 simplicem
1340 4005 1626 4073 quamdam
1682 4004 1975 4059 bonitatem

389 4110 499 4164 pra:
539 4109 598 4150 se
639 4095 776 4161 fert,
807 4105 862 4150 et
902 4114 930 4148 ιι
959 4099 1172 4150 nemine
1220 4096 1476 4151 honorem
1518 4107 1829 4166 aucupatur,
1858 4113 1976 4152 eam

389 4202 576 4240 onmcs
601 4186 956 4251 admirantur,
999 4188 1326 4256 suspiciunt,
1371 4187 1696 4257 praedicant,
1729 4190 1977 4244 omnibus

387 4277 544 4331 benis
584 4277 854 4331 ominibus
901 4287 1290 4347 prosequuntur
1327 4297 1340 4332 :
1386 4294 1536 4333 vana:
1574 4290 1750 4334 autem
1791 4282 1975 4350 glorite

388 4369 632 4438 cupidam
699 4377 1028 4432 aversantur,
1082 4369 1346 4436 oderunt,
1396 4377 1450 4424 et
1512 4370 1672 4424 veluti
1744 4371 1973 4426 belluam

386 4463 671 4532 quamdam
695 4469 959 4531 agrestem
1001 4461 1235 4532 fugiunt,
1262 4471 1543 4518 sescentas
1573 4463 1624 4517 in
1652 4463 1796 4518 illam
1817 4480 1973 4520 exse-

385 4558 654 4612 crationes
691 4567 745 4611 et
788 4555 1138 4610 contumelias
1177 4556 1543 4626 conjicicntes.
1576 4556 1687 4612 Nec
1714 4573 1839 4612 vero
1888 4558 1973 4614 bis

385 4650 663 4704 dumtaxat
691 4650 847 4703 malis
879 4665 975 4703 nos
1008 4651 1264 4718 eripimus
1300 4650 1568 4719 vulgarem
1597 4651 1817 4720 gloriam
1839 4669 1970 4707 con-

387 4750 718 4808 temnentes,
745 4741 840 4798 sed
877 4753 929 4796 et
964 4757 1062 4809 ea,
1085 4758 1204 4813 qua:
1243 4743 1481 4796 omnium
1527 4741 1756 4797 maxima
1812 4754 1968 4812 sunt,

386 4834 673 4898 lucramur,
703 4834 830 4888 dum
865 4844 1059 4904 prater
1095 4850 1156 4889 ea
1202 4851 1320 4904 qua:
1358 4834 1498 4891 dicta
1550 4843 1674 4890 sunt
1715 4838 1970 4907 paulatim

383 4923 658 4978 erudimur
677 4927 961 4995 respirare,
994 4935 1049 4982 et
1068 4928 1306 4995 aspirare
1331 4926 1396 4982 ad
1426 4927 1637 4992 ctelum,
1667 4937 1722 4983 et
1756 4937 1970 4985 terrena

381 5015 558 5069 omnia
605 5015 889 5085 dispicere.
921 5016 1050 5071 Nam
1087 5017 1176 5086 qui
1197 5017 1377 5072 delato
1423 5007 1491 5071 ab
1533 5016 1839 5075 hominibus
1876 5021 1971 5074 ho-

384 5123 515 5162 nore
541 5109 758 5164 minime
786 5125 943 5182 egere
983 5125 1046 5165 se
1089 5118 1269 5181 putat,
1301 5110 1556 5182 quidquid
1600 5111 1724 5168 boni
1768 5112 1963 5180 faciet,

383 5216 572 5272 magna
617 5217 738 5258 cum
795 5201 1080 5258 securitate
1123 5203 1314 5268 faciet,
1344 5220 1517 5274 neque
1549 5216 1643 5261 aut
1686 5205 1924 5262 adversis
1949 5250 1962 5267 .

379 5302 474 5347 aut
498 5293 748 5348 secundis
779 5293 937 5364 hujus
979 5295 1100 5348 vita:
1128 5295 1287 5350 rebus
1325 5295 1616 5367 quidquam
1645 5297 1967 5353 incommodi

380 5385 593 5440 sentiet.
619 5385 799 5456 Neque
824 5386 965 5442 enim
994 5395 1086 5441 aut
1111 5387 1354 5443 adversm
1383 5388 1529 5442 illum
1551 5387 1783 5457 dejicere
1807 5396 1968 5459 atque

379 5477 609 5532 obruere
657 5486 911 5548 possunt,
959 5488 1052 5533 aut
1099 5479 1348 5535 secunda)
1384 5480 1570 5535 inflare
1611 5494 1676 5533 ac
1706 5479 1965 5536 tumidum

379 5568 635 5637 reddere,
666 5569 759 5625 sed
798 5570 848 5624 in
884 5570 1043 5625 rebus
1070 5572 1302 5626 maxime
1329 5571 1542 5626 caducis
1569 5585 1632 5625 ac
1662 5570 1816 5624 ﬂitxis
1853 5572 1964 5640 ipse

375 5663 552 5720 munis
577 5665 881 5720 mutationis
909 5680 1102 5736 expers
1128 5676 1326 5720 manet.
1356 5665 1508 5734 Quod
1536 5665 1781 5724 celetitcr
1825 5673 1880 5722 et
1912 5667 1961 5720 in

1101 205 1160 265 S.
1195 205 1474 264 JOANNIS
1509 201 1986 261 CllRYSOSTOMl
2022 202 2342 262 ARCHIEP.
2383 204 2917 265 CONSTANTINOP.

3564 212 3668 268 608

2085 325 2179 372 tuo
2228 317 2392 389 ipsius
2438 321 2618 375 animo
2669 331 2982 376 eventurum
3040 335 3232 391 spero,
3283 320 3671 394 confestimque

2088 412 2314 464 terrenis
2343 411 2588 467 onmibus
2612 413 2868 482 abjcctis,
2891 413 3159 469 cmlestem
3189 422 3240 468 te
3277 414 3431 467 nobis
3459 417 3671 468 vivendi

2081 502 2340 558 rationem
2405 513 2939 574 reprmsentaturam,
3003 505 3224 576 gloriam
3295 522 3456 572 vero,
3513 524 3672 575 quam

2081 608 2220 648 nunc
2243 592 2408 649 deﬂes
2427 635 2444 660 ,
2473 596 2628 664 paulo
2663 604 2782 666 post
2810 597 3082 651 irrisuram
3103 638 3120 662 ,
3151 608 3203 651 ct
3245 613 3432 652 vanam
3461 614 3523 652 ac
3552 597 3677 651 futi-

2083 683 2186 738 lem
2236 685 2379 740 illius
2412 701 2693 755 personam
2738 689 3031 743 illusuram.
3066 688 3217 756 Quod
3269 690 3313 742 si
3357 690 3672 759 pristinam,

2082 793 2182 846 qua
2213 794 2306 848 per
2337 780 2480 834 illum
2527 781 2841 850 potiebaris,
2888 782 3227 836 securitatem
3268 782 3572 845 desideres,
3619 792 3674 836 et

2084 867 2341 923 bonorum
2372 870 2696 936 custodiam,
2726 887 2823 925 nec
2856 882 3035 940 patere
3067 873 3198 926 velis
3225 888 3408 927 eorum
3434 872 3670 936 insidiis,

2082 959 2172 1028 qui
2209 961 2398 1014 alienis
2436 963 2822 1016 calamitatibus
2868 964 3117 1016 insultant
3142 1005 3158 1029 ,
3194 963 3345 1016 Jacta
3389 980 3536 1033 super
3565 962 3675 1016 Do-

2084 1051 2274 1103 minum
2294 1068 2468 1105 curam
2499 1064 2636 1106 tuam
2658 1096 2672 1119 ,
2705 1063 2751 1108 et
2773 1055 2880 1125 ipse
2908 1066 2955 1108 te
2983 1056 3194 1108 cnutriet
3227 1054 3398 1127 (Psal.
3433 1055 3521 1108 54.
3549 1053 3670 1122 23).

2085 1139 2329 1211 Inspicite
2380 1145 2557 1207 enim,
2601 1145 2802 1216 inquit,
2842 1147 2892 1199 in
2942 1148 3174 1218 antiquas
3213 1148 3591 1217 generationes,
3629 1158 3676 1199 cl

2083 1233 2243 1286 videte
2268 1235 2314 1288 si
2336 1236 2448 1302 quis
2486 1239 2702 1303 speravit
2746 1239 2797 1292 in
2839 1237 3058 1292 Domino
3077 1282 3091 1304 ,
3121 1249 3165 1293 ct
3193 1240 3435 1308 confusus
3461 1250 3532 1294 cst
3551 1283 3566 1303 ,
3594 1241 3677 1292 vel

2083 1326 2127 1378 si
2149 1327 2260 1396 quis
2289 1327 2533 1382 invocavit
2558 1329 2732 1393 illum,
2762 1341 2807 1384 et
2834 1332 3092 1401 despectus
3114 1342 3184 1384 est
3210 1375 3224 1398 ,
3261 1333 3335 1385 rel
3354 1336 3398 1385 si
3428 1333 3538 1401 quis
3573 1342 3676 1384 stc—

2085 1417 2144 1469 tit
2195 1417 2247 1470 in
2293 1419 2546 1474 mandatis
2591 1422 2701 1492 ejus
2725 1462 2738 1486 ,
2769 1432 2812 1474 et
2843 1423 3109 1475 derelictus
3155 1431 3224 1475 est
3253 1420 3439 1480 (Ecrli.
3465 1423 3518 1475 2.
3554 1422 3670 1491 10).

2083 1507 2213 1562 Nam
2245 1511 2331 1580 qui
2354 1525 2488 1565 onus
2515 1520 2622 1565 tam
2642 1513 2992 1568 intolerabilis
3017 1514 3331 1568 calamitatis
3359 1515 3522 1566 levius
3550 1513 3674 1566 red-

2083 1599 2250 1663 didit,
2273 1610 2325 1655 ct
2357 1602 2408 1654 in
2442 1605 2689 1672 prmsenti
2723 1605 3102 1674 tranquillitate
3125 1614 3177 1660 te
3204 1605 3516 1668 collocavit,
3549 1606 3593 1658 is
3620 1615 3675 1658 et

2082 1708 2202 1762 qua:
2249 1694 2526 1750 imminent
2573 1697 2920 1766 propulsabit.
2964 1697 3093 1750 Nam
3145 1697 3242 1751 hac
3281 1698 3492 1766 quidem
3521 1699 3672 1766 piaga

2084 1787 2280 1842 nullam
2311 1796 2362 1842 te
2388 1804 2634 1858 umquam
2657 1788 2951 1858 graviorem
2974 1803 3128 1858 posse
3153 1789 3396 1857 accipere
3426 1789 3672 1858 profecto

2084 1879 2237 1934 nobis
2265 1880 2591 1934 asscntieris.
2619 1879 2841 1947 Quando
2868 1880 3025 1948 igitur
3051 1897 3282 1949 pnes-ens
3306 1898 3356 1934 ιιι
3377 1882 3500 1935 Ilum
3533 1881 3675 1936 adeo

2084 1971 2292 2027 fortiter
2320 1988 2381 2027 ac
2410 1989 2670 2044 generose
2697 1973 2895 2041 tulisti,
2929 1973 3088 2045 idque
3117 1991 3239 2030 cum
3276 1985 3328 2030 te
3372 1992 3499 2030 usus
3538 1992 3679 2030 non-

2083 2065 2209 2117 dum
2259 2064 2560 2134 domuisset,
2604 2068 2772 2120 multo
2803 2067 2968 2136 magis
3021 2084 3084 2121 ex
3132 2068 3224 2133 iis,
3271 2084 3390 2138 qua:
3427 2070 3677 2124 accidere

2087 2165 2305 2223 possunt
2325 2198 2338 2220 ,
2382 2158 2426 2212 si
2455 2157 2580 2228 quid
2611 2166 2802 2226 praeter
2830 2159 3152 2212 voluntatem
3197 2173 3431 2214 nostram
3461 2161 3676 2215 accide-

2084 2245 2188 2308 rit,
2217 2247 2356 2315 quod
2408 2248 2548 2303 Deus
2595 2264 2751 2304 omen
2794 2258 3032 2314 avertat,
3081 2249 3235 2306 facile
3278 2252 3436 2306 feres.
3468 2253 3674 2306 (Za'lum

2085 2353 2286 2407 qua-rc,
2306 2348 2360 2394 et
2387 2341 2564 2395 omnia
2595 2357 2946 2412 qutecmnque
2966 2342 3031 2398 ad
3059 2343 3218 2397 vitam
3247 2344 3354 2399 illic
3377 2345 3676 2413 degendam

2084 2432 2420 2500 conducunt,
2463 2449 2525 2490 ac
2566 2435 2696 2489 nihil
2728 2450 2914 2491 eorum
2960 2451 3078 2506 qum
3123 2436 3208 2491 hic
3240 2438 3366 2490 fiant
3398 2436 3594 2491 la-dere
3625 2448 3677 2492 te

2087 2525 2283 2593 poterit
2303 2568 2323 2596 ,_
2347 2541 2415 2580 ne
2442 2525 2554 2596 ipse
2575 2527 2786 2596 quidem
2813 2529 3150 2582 tenebrarum
3179 2529 3485 2599 imperator,
3517 2528 3679 2582 dmu-

2086 2616 2245 2669 modo
2292 2633 2360 2672 ne
2408 2619 2560 2673 nobis
2600 2620 2695 2689 ipsi
2729 2635 3034 2676 noceamus.
3065 2620 3193 2674 Nam
3221 2632 3274 2676 ct
3295 2621 3338 2675 si
3367 2621 3485 2690 quis
3518 2621 3679 2674 bouis

2085 2709 2308 2778 spoliet,
2341 2713 2460 2764 etsi
2491 2727 2685 2781 corpus
2725 2714 2966 2768 eoin-idat
2987 2757 3001 2778 ,
3047 2714 3176 2768 nihil
3208 2714 3395 2768 hormn
3442 2716 3508 2769 ad
3537 2730 3676 2776 nos.

2085 2798 2245 2852 modo
2271 2801 2480 2855 animus
2511 2801 2662 2856 nobis
2681 2803 2957 2857 incolumis
2986 2814 3216 2859 maneat.

2157 2890 2209 2944 7.
2255 2889 2493 2946 Pecunia:
2533 2893 2586 2944 in
2626 2893 2802 2947 cwlum
2835 2895 3087 2948 mittenda:
3111 2897 3378 2964 quomodo.
3420 2927 3493 2937 —
3543 2898 3668 2953 Om-

2087 2982 2408 3036 ninoautem
2455 2985 2497 3039 si
2540 2985 2618 3038 vis
2651 2987 2901 3053 pecunias
2945 2988 3010 3040 ab
3060 2988 3222 3065 (llltlli.
3251 2990 3485 3058 periculo
3532 3001 3675 3044 tutss

2083 3075 2352 3130 eustotltre
2379 3089 2429 3130 ct
2455 3078 2800 3146 amplificare,
2825 3095 2921 3142 ego
2945 3094 3073 3132 Sane
3099 3089 3149 3133 et
3173 3081 3383 3134 modum
3415 3091 3465 3133 et
3498 3082 3673 3133 locant

2082 3170 2495 3237 demonstrabo,
2525 3187 2630 3241 quo
2675 3171 2801 3223 nulli
2835 3188 3040 3235 eorum,
3075 3173 3160 3240 qui
3194 3173 3428 3226 insidiari
3465 3173 3672 3235 Solent,

2084 3261 2161 3314 fas
2191 3271 2273 3316 est
2304 3262 2526 3316 irruere.
2553 3263 2684 3329 Quis
2717 3262 2874 3332 igitur
2919 3265 3064 3315 locus
3089 3265 3206 3316 est?
3236 3264 3435 3316 Caelum
3475 3282 3486 3315 :
3521 3265 3674 3315 mitte

2085 3352 2203 3406 illas
2245 3351 2312 3406 ad
2342 3353 2597 3423 optimum
2627 3354 2771 3407 illuxit
2817 3354 2986 3407 virmn
3008 3395 3020 3417 ,
3047 3369 3109 3408 ac
3141 3369 3316 3423 neque
3360 3354 3460 3417 fur.
3497 3371 3674 3424 neque.

2084 3443 2381 3511 insidiator,
2410 3459 2585 3513 neque
2626 3444 2730 3498 ulla
2757 3445 2858 3499 alia
2893 3444 3057 3512 peSIis
3089 3445 3343 3512 impetum
3387 3444 3564 3498 facere
3619 3446 3671 3500 iu

2083 3534 2204 3588 illas
2249 3533 2461 3604 poterit.
2494 3533 2550 3589 Si
2606 3533 2677 3588 ibi
2723 3534 2818 3590 has
2867 3535 3008 3604 ipsas
3064 3537 3315 3605 pecunias
3361 3535 3671 3601 defodi-ris,

2083 3643 2330 3698 magnum
2357 3643 2423 3682 ex
2449 3627 2532 3681 his
2557 3627 2758 3682 lucrum
2792 3628 3108 3698 reportabis.
3137 3627 3327 3683 Omnia
3355 3630 3494 3684 enim
3520 3645 3672 3697 qua:-

2080 3734 2310 3790 cumque
2334 3734 2363 3774 a
2390 3719 2544 3774 nobis
2573 3719 2625 3772 in
2663 3717 2809 3772 cadis
2844 3731 3116 3784 seruntur,
3148 3718 3302 3790 longe
3323 3719 3578 3788 majorem
3609 3736 3674 3774 ac

2082 3811 2357 3866 meliorem
2401 3817 2721 3880 proventum
2775 3809 3000 3874 habent,
3031 3825 3093 3864 ac
3124 3811 3278 3880 plane
3318 3810 3504 3876 talem,
3539 3828 3677 3879 qua-

2081 3901 2185 3955 lcm
2235 3910 2653 3956 consentaneum
2698 3909 2783 3955 est
2809 3917 2874 3956 ex
2911 3901 3007 3970 iis,
3039 3919 3158 3972 qum
3187 3903 3238 3956 in
3265 3901 3408 3956 caalis
3455 3903 3674 3957 radices

2079 4002 2322 4062 egerunt.
2355 3991 2506 4059 Quod
2532 3993 2576 4047 si
2617 3993 2718 4047 hoc
2749 3991 2940 4048 feceris
2963 4033 2980 4060 ,
3015 3993 3134 4049 vide
3176 3994 3421 4064 qualibus
3477 3996 3675 4048 frueris

2080 4086 2271 4140 bonis:
2308 4085 2533 4154 primum
2581 4085 2794 4155 quidem
2835 4086 3156 4155 sempiterna
3188 4087 3290 4140 vita
3338 4095 3392 4139 et
3436 4086 3502 4140 iis
3547 4103 3674 4156 qua:

2081 4177 2340 4246 promissa
2367 4186 2492 4231 sunt
2516 4177 2859 4246 diligentibus
2883 4177 3079 4242 Deum,
3112 4194 3228 4245 qttzu
3267 4193 3438 4247 neque
3479 4177 3673 4231 oculus

2077 4269 2242 4332 vidit,
2293 4284 2464 4338 neque
2508 4269 2653 4322 auris
2698 4267 2932 4332 audivit,
2982 4283 3152 4337 neque
3201 4269 3252 4321 in
3300 4285 3393 4322 cor
3421 4269 3672 4323 hominis

2076 4363 2465 4418 ascenderunt:
2495 4361 2688 4416 deinde
2717 4360 3102 4416 consuetudine
3122 4361 3307 4431 optimi
3343 4360 3442 4415 viri
3491 4362 3567 4414 tui
3620 4365 3672 4415 iu

2076 4470 2235 4511 omne
2262 4470 2432 4509 mvum
2461 4469 2474 4508 :
2508 4461 2779 4522 postremo
2805 4467 2833 4506 a
2860 4452 3028 4511 curis,
3056 4452 3354 4513 timoribus,
3391 4452 3671 4520 periculis,

2077 4547 2301 4609 insidiis,
2382 4545 2689 4607 simultate,
2743 4543 2885 4608 odio,
2942 4559 3058 4612 qua:
3112 4542 3247 4596 hanc
3296 4553 3566 4607 exercent,
3621 4554 3674 4597 te

2077 4641 2244 4708 ipsam
2288 4638 2561 4693 liberabis.
2615 4637 2880 4706 Quamdiu
2927 4636 3068 4690 enim
3121 4636 3368 4705 pecunias
3416 4636 3552 4702 ame
3617 4645 3671 4688 te

2075 4732 2350 4796 retinebis,
2396 4739 2556 4786 erunt.
2599 4730 2822 4784 fortasse
2849 4727 3032 4798 aliqui,
3066 4726 3153 4795 qui
3186 4725 3455 4779 fraudibus
3499 4725 3641 4778 inter

2077 4838 2320 4882 vertant:
2349 4827 2431 4881 sin
2463 4835 2639 4880 autem
2669 4824 2734 4877 ad
2767 4823 2954 4878 ca-lum
2987 4820 3346 4874 transmiseris
3372 4859 3386 4881 ,
3415 4819 3672 4888 periculis

2078 4935 2298 4976 vacuam
2320 4961 2334 4981 ,
2361 4927 2526 4972 tutam
2549 4958 2563 4982 ,
2587 4931 2650 4969 ac
2676 4913 3068 4983 tranquillitatis
3096 4911 3458 4983 plenissimam
3507 4909 3672 4963 vitam

2078 5017 2222 5069 \ivcs
2247 5056 2260 5077 ,
2293 5015 2488 5082 quippe
2513 5027 2630 5082 qua:
2653 5008 2972 5066 sufﬁcientia
3005 5025 3104 5061 uua
3132 5024 3251 5060 cum
3282 5007 3476 5075 pietate
3524 5005 3674 5058 frue-

2077 5110 2170 5164 ris.
2203 5109 2404 5178 Magum
2430 5107 2572 5159 enim
2599 5102 2882 5158 deun-ntia:
2908 5111 3009 5164 est,
3033 5101 3074 5153 si
3103 5101 3212 5169 agri
3242 5099 3452 5169 quidem
3477 5113 3640 5152 einen
3659 5129 3671 5136 -

2071 5201 2124 5254 di
2148 5201 2246 5254 sint
2272 5243 2287 5266 ,
2317 5198 2627 5255 feraciorem
2683 5206 2879 5251 terram
2914 5194 3143 5269 sectari;
3171 5208 3291 5246 cum
3320 5205 3448 5244 vero
3477 5189 3673 5244 etelum

2071 5303 2229 5350 terra:
2275 5294 2395 5347 loco
2471 5292 2542 5348 sit
2589 5289 2953 5360 propositum,
3009 5301 3130 5342 cum
3187 5285 3257 5338 ibi
3315 5284 3470 5338 liceat
3517 5298 3669 5353 pra:-

2069 5385 2216 5440 dimn
2267 5384 2368 5438 sibi
2412 5396 2756 5452 comparare,
2812 5389 2968 5434 terra:
3023 5377 3197 5446 potius
3251 5374 3548 5440 inhaerere,
3579 5389 3672 5430 sev

2069 5493 2174 5549 que
2202 5476 2495 5542 molestiis,
2523 5490 2642 5546 qme
2665 5489 2732 5528 ex
2759 5472 2858 5527 bac
2887 5485 3028 5539 είυρο
3052 5468 3317 5532 incidunt,
3347 5481 3627 5536 exponere
3652 5485 3665 5521 :

2075 5586 2216 5640 εαξῃο
2251 5569 2393 5624 enim
2426 5578 2664 5623 nostram
2714 5564 3002 5620 frustratur
3025 5576 3197 5631 spem.
3229 5561 3492 5627 Quoniam
3536 5574 3672 5614 vero

2069 5663 2195 5723 illud
2250 5663 2480 5733 graviter
2525 5660 2760 5731 percellit
2807 5658 3146 5730 concutitque
3197 5656 3430 5712 animum
3487 5664 3669 5720 tuum,
