3890 6220
194 266 302 315 ειη
504 276 528 315 ι

194 362 339 430 quod
367 376 511 434 sepe
536 367 761 436 sperasti
791 366 904 423 fore
945 377 1002 424 ut
1042 369 1088 425 is
1113 371 1180 426 ad
1206 374 1581 444 prmfcctorum
1605 380 1779 450 digni-

197 463 359 507 lzttcm
388 453 723 522 eveheretur,
756 457 981 530 ideoque
1006 461 1368 532 magistratum
1405 468 1478 522 illi
1507 470 1772 539 quodam-

197 543 356 598 modo
382 555 623 619 ereptum
644 546 813 612 do'es,
835 552 1064 620 primum
1091 554 1219 610 illud
1242 558 1457 628 quidem
1488 563 1568 617 fac
1597 571 1772 619 teemn

197 634 428 703 cogites,
456 636 580 692 licet
617 639 771 696 valde
809 642 1085 712 explorata
1131 659 1280 703 esset
1319 649 1435 707 haec
1460 665 1617 720 spes,
1645 664 1781 710 atta-

196 738 318 779 men
365 727 650 782 humanam
699 730 864 787 fuisse
905 747 1054 803 spem
1080 776 1095 801 ,
1125 751 1245 807 qua:
1290 754 1436 810 sche
1486 743 1672 799 fallere
1711 747 1782 801 sit

195 815 352 871 solita
382 834 400 872 :
429 832 494 873 ac
521 819 686 874 multa
719 819 1019 892 hujnsmodi
1050 826 1102 881 in
1130 826 1233 883 hac
1257 828 1360 884 vita
1392 832 1627 901 quotidie
1655 849 1780 891 eve-

196 908 313 961 nire
352 909 651 965 cernimus:
706 922 794 977 ut,
836 928 956 969 cum
1001 931 1099 981 ea,
1129 934 1249 989 qua:
1280 921 1435 977 valde
1476 937 1776 997 spernuntur,

198 999 414 1055 minime
442 1002 641 1057 exitum
668 1004 968 1077 inveniant,
1000 1025 1062 1064 ea
1086 1052 1100 1075 ,
1128 1027 1246 1081 quin
1274 1030 1447 1086 neque
1466 1018 1519 1071 in
1547 1030 1777 1077 mentem

196 1103 491 1158 venerunt,
523 1096 591 1149 ad
645 1096 803 1153 [iurem
855 1115 1223 1171 Saepenumero
1253 1109 1641 1177 perducantur:
1667 1115 1781 1172 sive

195 1182 263 1239 ad
287 1186 503 1254 imperia
531 1228 545 1251 ,
580 1190 693 1244 sive
718 1191 783 1245 ad
815 1208 973 1263 regna
991 1237 1006 1262 ,
1041 1198 1153 1254 sive
1177 1200 1243 1255 ad
1266 1200 1640 1273 bwreditates,
1664 1209 1778 1266 sive

194 1274 263 1329 ad
291 1278 647 1344 matrimonia,
671 1282 783 1337 sive
827 1284 933 1338 alio
959 1288 1194 1343 animum
1246 1291 1601 1351 intendamus.
1634 1299 1780 1367 Quo-

196 1367 336 1420 circa
385 1371 630 1438 quamvis
658 1389 821 1444 prope
844 1377 1060 1434 adesset
1086 1390 1295 1451 tempus
1322 1426 1338 1452 ,
1371 1396 1566 1455 tamen,
1626 1401 1682 1445 ut
1726 1393 1777 1447 in

197 1463 483 1529 proverbio
520 1477 625 1531 ρει,
675 1465 842 1522 Multa
880 1481 998 1525 sunt
1039 1473 1170 1528 inter
1200 1477 1409 1532 calicem
1446 1490 1492 1534 et
1527 1498 1780 1539 summum

197 1553 385 1605 (obium
413 1554 509 1626 (η).
544 1558 621 1611 Ac
663 1571 793 1613 sane
842 1559 1110 1632 Scriptura
1157 1566 1267 1635 ipsa
1314 1568 1517 1640 inquit:
1545 1573 1591 1625 Α
1635 1591 1781 1630 mane

194 1660 353 1713 usque
381 1647 448 1699 ad
473 1663 728 1718 vesperam
768 1651 1061 1708 immutatur
1084 1665 1279 1726 tempus
1308 1658 1495 1731 (Eccli.
1524 1662 1610 1718 18.
1641 1662 1733 1735 26)
1762 1684 1777 1721 :

197 1737 275 1790 sic
324 1745 379 1790 et
419 1755 546 1803 rex,
576 1741 667 1810 qui
698 1742 857 1798 hodie
908 1754 1008 1811 est,
1037 1763 1155 1803 cras
1197 1752 1440 1817 moritur.
1468 1757 1547 1809 Ac
1591 1772 1776 1813 rursus

196 1844 356 1895 quam
392 1830 577 1886 incerti
607 1848 787 1888 rerum
818 1836 992 1891 exitus
1016 1838 1142 1905 sint,
1173 1841 1326 1896 nobis
1365 1842 1644 1901 declarans
1694 1847 1781 1904 hic

198 1917 314 1987 ipse
333 1920 555 1990 Sapiens
580 1923 785 1995 inquit,
816 1926 969 1982 Mulli
988 1933 1192 2000 tyranni
1218 1933 1449 1989 sederunt
1475 1937 1526 1991 in
1552 1940 1709 2002 solio,
1733 1951 1781 1994 et

196 2011 571 2083 insuspicubilis
622 2019 836 2086 portavit
890 2021 1124 2076 diadema
1169 2023 1364 2096 (Eccli.
1398 2028 1484 2083 Η.
1510 2028 1612 2102 5).
1662 2031 1776 2087 Non

201 2103 363 2172 igitur
391 2106 875 2175 exploratissimum
919 2122 1055 2177 erat,
1079 2114 1121 2167 si
1147 2116 1383 2183 vixisset,
1412 2118 1479 2173 ad
1528 2136 1647 2175 eum
1702 2124 1781 2177 di~

200 2195 419 2264 gnitatis
462 2199 680 2267 gradum
722 2213 1118 2270 perventurum.
1151 2207 1283 2263 Nam
1330 2210 1562 2269 incertus
1615 2212 1779 2271 futuri

198 2296 445 2349 eventus.
474 2298 634 2359 atque
661 2292 764 2345 alia
796 2296 954 2350 etiam
981 2307 1156 2365 erant,
1186 2314 1303 2370 quae
1326 2302 1481 2358 nobis
1509 2308 1776 2376 suSpicio-

204 2392 328 2429 nem
391 2378 691 2447 iujirerent.
751 2383 901 2441 Unde
948 2389 1092 2444 enim
1144 2392 1481 2450 manifestum
1527 2408 1680 2467 erat,
1731 2400 1777 2455 si

201 2468 455 2530 vixisset.
503 2472 570 2527 ad
626 2477 991 2547 magistratum
1042 2481 1192 2538 illum
1236 2495 1477 2542 evectum
1508 2491 1605 2557 iri,
1662 2494 1778 2548 nul-

197 2557 359 2628 laquc
385 2561 607 2619 adversa
633 2578 885 2623 eventura
922 2586 1043 2627 esse
1066 2590 1081 2629 :
1104 2574 1251 2629 verbi
1277 2578 1445 2646 gratia
1464 2618 1481 2645 ,
1515 2590 1571 2635 ut
1594 2586 1781 2640 morbo

196 2661 515 2721 correptus,
543 2666 632 2709 aut
680 2656 871 2713 invidia
913 2675 975 2716 ac
1023 2663 1391 2723 malevolentia
1435 2683 1619 2725 eorum
1645 2712 1660 2735 ,
1690 2675 1778 2743 qui

195 2744 608 2814 prosperitatem
640 2747 778 2802 illius
827 2766 934 2805 non
962 2751 1202 2821 ferrent,
1233 2757 1632 2817 circumventus
1659 2804 1673 2827 ,
1698 2764 1779 2819 vel

190 2837 374 2906 aliqua
399 2839 503 2894 alia
541 2840 844 2898 calamitate
869 2844 1111 2916 ali‘ectus,
1143 2854 1391 2919 prmscnti
1417 2858 1574 2911 etiam
1603 2858 1778 2930 digni-

200 2936 306 2980 tate
330 2929 668 3009 privaretur?
697 2935 804 2989 Sed
854 2952 1114 3006 ponamus
1132 2943 1463 3013 exploratum
1518 2929 1700 3016 fuisse,
1733 2951 1779 3007 si

186 3018 399 3073 diutius
425 3021 642 3080 vixisset
667 3066 683 3092 ,
705 3025 772 3080 ad
803 3027 930 3083 illud
979 3029 1247 3103 fastigium
1278 3049 1682 3105 perventurum:
1714 3051 1770 3097 at

194 3121 382 3176 certe,
411 3125 610 3185 quanto
660 3119 833 3189 major
852 3120 1101 3192 dignitas,
1132 3135 1279 3182 tanto
1302 3129 1592 3200 majoribus
1641 3136 1781 3203 peri-

196 3207 359 3272 culis,
415 3214 580 3281 curis,
627 3215 831 3277 insidiis
882 3224 1188 3280 necessario
1232 3226 1467 3283 suberat.
1512 3230 1776 3287 Caeterum

268 3412 341 3470 (υ)
377 3410 618 3475 Adagium.

214 3560 445 3571 ..κ-...-

1324 280 1412 338 DE
1438 282 1574 339 NON
1614 286 1957 349 I’I‘ERANDO
1992 292 2340 354 CONJUGIO.

3370 314 3476 373 010

1886 385 2062 442 absint
2089 399 2141 443 et
2189 391 2307 453 ista,
2335 408 2397 447 ac
2418 392 2535 451 sine
2564 397 2804 466 periculo
2845 414 3157 473 summaque
3182 419 3304 461 cum
3332 418 3474 461 tran-

1884 476 2146 545 quillitate
2197 481 2321 536 illud
2375 487 2632 557 navigarit
2685 490 2931 561 pelagus:
2962 495 3146 565 ecquis
3192 497 3332 560 linis,
3387 498 3473 552 dic

1887 569 2037 635 mihi,
2070 576 2358 630 manebat?
2382 593 2449 631 an
2494 595 2599 634 non
2654 581 2793 637 idem
2819 585 2909 654 qui
2941 601 3081 640 nunc
3102 587 3126 640 ?
3149 598 3242 641 aut
3296 591 3473 657 potius

1886 676 1994 716 non
2043 664 2207 731 idem,
2239 668 2333 722 sed
2386 669 2524 725 alius
2553 672 2799 738 fortasse,
2854 678 3020 733 tristis
3076 680 3353 746 nimirmn,
3410 698 3472 735 ac

1889 755 2027 809 votis
2080 758 2329 814 onmibns
2373 760 2958 831 l‘ugiendus?Primum
3010 771 3221 839 quidem
3270 774 3474 828 tardius

1885 844 2107 901 vidisset
2134 849 2322 903 caelum
2344 860 2399 906 et
2422 867 2484 907 ea
2512 869 2631 923 qua:
2665 858 2715 910 in
2755 859 2900 913 ca-lis
2926 868 3070 927 sunt,
3101 862 3239 931 quod
3277 864 3340 917 iis
3381 866 3471 933 qui

1884 949 1973 991 res
2003 935 2210 995 futuras
2240 940 2343 996 [ide
2379 951 2434 997 et
2467 957 2562 1013 spe
2602 959 2989 1018 praeceperunt,
3038 968 3143 1007 non
3193 955 3468 1008 minimum

1883 1025 2138 1083 damnum
2162 1039 2263 1086 est.
2294 1031 2515 1102 Deinde,
2548 1039 2885 1106 quantumvis
2938 1058 3068 1111 pure
3121 1044 3360 1106 vixisset,
3388 1054 3467 1100 at-

1886 1128 2061 1176 tamen
2092 1123 2214 1178 vitze
2249 1125 2521 1196 longitudo
2545 1143 2608 1182 ac
2637 1132 2927 1187 necessitas
2955 1134 3194 1203 qttzt'tlam
3228 1136 3277 1189 ia
3322 1136 3465 1189 ἰΙΙιιιη

1884 1212 2247 1281 magistratum
2279 1216 2557 1273 incurrens
2584 1236 2687 1275 non
2714 1237 2865 1291 mque
2887 1223 3155 1293 integrum
3185 1238 3236 1280 ct
3270 1244 3462 1294 purum

1882 1302 1950 1356 ab
1972 1318 2030 1357 re
2056 1303 2177 1359 hinc
2207 1308 2590 1375 permisissent,
2620 1320 2776 1382 atque
2798 1315 2897 1369 hoc
2921 1326 3175 1385 tempore.
3205 1318 3467 1372 Incertum

1883 1410 1990 1464 quo
2010 1411 2096 1462 ;ue
2114 1406 2169 1452 ct
2193 1397 2321 1453 illud
2342 1440 2356 1464 ,
2379 1414 2446 1453 an
2476 1400 2610 1457 forte
2633 1404 2812 1459 multis
2838 1407 3010 1461 modis
3042 1407 3378 1475 immutatus,
3407 1423 3468 1461 ae

1885 1488 2221 1558 nrgligentizn
2267 1491 2480 1548 deditus
2522 1503 2820 1551 extremum
2886 1497 3154 1554 emisisset.
3223 1499 3467 1554 halitmn.

1883 1577 2015 1633 Nam
2038 1595 2179 1634 nunc
2204 1582 2417 1652 quidem
2448 1585 2767 1640 confidimus
2801 1587 2889 1642 Dei
2918 1589 3088 1658 gratia
3137 1590 3285 1643 illum
3340 1606 3468 1644 evo-

1886 1670 2022 1726 lasse
2051 1671 2117 1726 ad
2151 1673 2322 1727 locum
2362 1676 2555 1745 quietis
2577 1717 2592 1741 ,
2626 1677 2768 1746 quod
2798 1678 2995 1732 nullam
3018 1695 3083 1733 ex
3107 1680 3169 1734 iis
3195 1680 3367 1749 culpis
3415 1682 3465 1733 in

1883 1776 1944 1816 se
1969 1762 2275 1830 admiserit,
2305 1781 2423 1836 qua:
2453 1781 2482 1819 a
2513 1782 2679 1837 regno
2714 1769 2967 1823 caelorum
2994 1771 3312 1825 excludunt:
3344 1782 3468 1825 ttmc

1885 1869 2013 1909 vero
2066 1856 2274 1925 publica
2315 1859 2525 1927 negotia
2573 1858 2887 1930 plerumque
2938 1870 3170 1917 tractans
3243 1862 3469 1917 furuisse

1886 1949 2077 2002 multas
2131 1949 2196 2003 ad
2240 1965 2300 2005 se
2354 1954 2659 2006 attraxisstrt
2706 1953 2911 2007 sordes.
2941 1953 3072 2007 Nam
3118 1964 3195 2009 tot
3234 1954 3469 2024 undique

1887 2040 2041 2094 malis
2064 2040 2753 2098 circumstantibusrectum
2795 2053 2976 2098 tenere
3022 2060 3234 2099 cursmn
3288 2061 3466 2099 rarum

1885 2130 2172 2185 admodum
2202 2140 2318 2196 est;
2350 2147 2573 2203 peccare
2616 2146 2792 2188 autem
2823 2143 2876 2189 et
2925 2150 3019 2203 pc-r
3059 2135 3466 2205 imprudentiam

1884 2230 1936 2275 et
1962 2231 2148 2291 sponte
2169 2265 2182 2283 .
2211 2222 2367 2276 Valde
2396 2223 2643 2278 usitatum
2669 2239 2733 2279 ac
2755 2224 3140 2295 quotidianum.
3167 2226 3314 2279 Nune
3339 2241 3469 2280 vero

1883 2327 1913 2365 a
1945 2312 2136 2367 timore
2172 2312 2273 2367 isto
2298 2314 2452 2384 longe
2476 2314 2760 2380 absumus,
2791 2330 2854 2369 ac
2876 2332 3196 2386 magnopere
3241 2317 3462 2371 conlidi-

1887 2418 2041 2468 mtts,
2075 2413 2356 2458 venturum
2388 2404 2441 2459 in
2466 2404 2658 2459 dieilla
2686 2404 2898 2475 plenum
2922 2405 3097 2475 gaudii
3125 2416 3180 2460 et
3218 2408 3469 2474 splendo-

1886 2499 1959 2550 ris
1982 2496 2286 2566 proximnm
2344 2495 2493 2566 Regi,
2524 2504 2685 2566 atque
2711 2513 2810 2549 uina
2842 2514 2961 2550 eum
2992 2498 3195 2569 angelis
3222 2514 3467 2568 przeeun-

1888 2600 1997 2644 tem
2025 2588 2240 2642 Christo
2259 2628 2274 2652 ,
2303 2588 2471 2657 gloria
2498 2588 2751 2641 amictum
2795 2588 3042 2642 iueliabili
3062 2629 3077 2654 ,
3109 2597 3165 2643 et
3208 2589 3468 2659 jodicanti

1885 2681 2014 2751 ltegi
2045 2681 2406 2746 assistentem,
2455 2688 2510 2734 et
2556 2680 2609 2734 in
2656 2680 3112 2750 pnestantissimis
3158 2683 3468 2738 muneribus

1885 2773 2296 2827 ministrantem.
2324 2770 2679 2837 Quamobrem
2710 2771 2874 2825 misso
2892 2770 3001 2841 jam
3032 2771 3157 2826 lletu
3186 2782 3239 2826 et
3266 2772 3469 2841 ejulatn

1884 2864 2127 2920 eamdem
2154 2863 2365 2918 vivendi
2416 2863 2699 2929 rationem,
2748 2862 2855 2917 imo
2883 2865 3269 2919 accuratiorem
3320 2875 3464 2927 tene,

1886 2967 1943 3013 ut
1966 2956 2209 3012 eamdem
2239 2965 2399 3025 atque
2420 2956 2509 3010 ille
2538 2955 2728 3024 adepta
2750 2956 3021 3021 virtutem,
3055 2957 3107 3009 in
3133 2956 3271 3011 idem
3302 2960 3465 3014 etiam

1885 3065 2008 3105 cum
2040 3048 2133 3103 illo
2162 3047 2561 3102 tabernaculum
2594 3047 2888 3115 recipiaris,
2918 3062 2979 3101 ac
3004 3063 3186 3102 rursus
3212 3047 3466 3118 conjungi

1880 3156 2007 3199 eum
2056 3139 2152 3194 illo
2180 3153 2348 3209 queas
2377 3138 2427 3192 in
2470 3138 2794 3207 sempiterna
2826 3137 2911 3191 illa
2962 3138 3178 3204 smcnla,
3207 3153 3311 3191 non
3364 3137 3467 3192 hoc

1882 3234 2207 3289 matrimonii
2240 3249 2398 3301 nexu,
2451 3233 2543 3289 sed
2585 3234 2691 3288 alio
2734 3234 2961 3304 quodam
3010 3233 3165 3304 longe
3214 3232 3455 3288 meliore.

1882 3329 1979 3384 llic
2024 3330 2167 3385 enim
2203 3344 2424 3399 corpora
2464 3338 2669 3383 tantum
2712 3328 2943 3396 copulat,
2977 3327 3067 3381 ille
3097 3342 3222 3381 vero
3245 3326 3463 3396 justior,

1882 3422 2049 3477 multo
2073 3422 2358 3492 jucundior
2382 3421 2671 3490 meliorque
2691 3421 2922 3474 animam
2951 3421 3141 3475 anima:
3165 3420 3357 3489 jungit.

756 3644 1108 3709 EJUSDEM
1152 3652 1259 3713 AD
1303 3654 1647 3717 EAMDEM
1692 3658 1795 3718 DE
1836 3657 1998 3719 NON
2045 3655 2456 3719 ITERANDO
2498 3654 2910 3717 CONJUGIO.

1709 3813 1971 3865 Θίοῦθὲϐτ

282 3914 329 3968 l.
376 3914 641 3984 Mulieres,
672 3936 790 3991 qua:
813 3923 1047 3979 virorqu
1075 3910 1554 3999 consuetudinem,
1600 3941 1779 4002 partus

197 4002 437 4073 dolores,
467 4016 519 4063 et
544 4020 737 4066 caetera
765 4014 941 4068 omnia
972 4032 1089 4085 qua:
1115 4033 1293 4073 secum
1342 4021 1558 4077 tralteus
1598 4025 1782 4077 matri—

204 4097 441 4152 moniqu
487 4100 539 4154 in
578 4101 849 4158 lunniunm
898 4106 1085 4162 domos
1130 4109 1441 4180 ingreditur,
1490 4128 1778 4183 numquam

194 4205 302 4242 usu
346 4205 726 4263 cognoverunt,
756 4198 819 4250 ad
862 4197 1003 4254 viros
1039 4200 1275 4257 animum
1320 4204 1607 4273 appellere,
1650 4204 1778 4260 nihil

199 4298 334 4338 sane
372 4287 670 4342 mirandmn
698 4298 779 4345 est
810 4309 823 4345 :
856 4307 976 4347 nam
1001 4303 1054 4347 ct
1079 4293 1295 4359 bellmu,
1325 4311 1437 4351 rem
1466 4297 1600 4351 adeo
1631 4298 1781 4350 labo-

199 4375 426 4441 riosam,
465 4378 750 4446 inexpertis
789 4381 945 4438 dulce
992 4398 1112 4439 esse
1161 4386 1211 4439 in
1262 4388 1539 4455 proverbio
1584 4400 1685 4442 est.
1716 4389 1783 4442 At

202 4467 474 4519 sexcentis
517 4469 671 4521 malis
713 4470 946 4536 allectus,
975 4474 1270 4544 quibusque
1303 4476 1430 4530 dura
1462 4478 1570 4547 ipsa
1603 4494 1781 4532 rerum

202 4557 440 4609 conditio
467 4561 744 4626 persuasit.
769 4577 861 4617 eas
906 4564 1117 4634 quidem
1139 4607 1155 4632 ,
1188 4582 1307 4637 qure
1353 4568 1538 4622 soluta:
1566 4584 1596 4623 a
1624 4569 1784 4624 rebus

204 4647 368 4715 hujus
417 4649 596 4704 mundi
640 4652 798 4706 vitam
826 4664 1065 4725 agerent,
1094 4656 1278 4711 beatas
1307 4658 1614 4727 praedicare,
1645 4659 1786 4730 seip-

194 4751 296 4791 sas
319 4747 520 4803 autem,
548 4751 604 4795 et
634 4743 915 4811 pronubas,
939 4755 994 4802 et
1016 4746 1160 4803 diem
1185 4764 1290 4818 quo
1316 4751 1368 4804 in
1390 4752 1785 4806 matrimonium

203 4838 328 4881 sunt
350 4829 639 4895 collocatae,
665 4834 853 4889 millies
876 4838 1161 4905 exsecrari,
1183 4853 1273 4895 eas
1289 4839 1428 4910 ipsas
1443 4852 1561 4910 post
1581 4852 1785 4898 tantum

204 4917 401 4974 fastidii
447 4937 627 4977 rursus
667 4926 977 4981 earumdem
1022 4944 1197 4983 rermn
1225 4929 1388 4985 desid.
1410 4932 1490 4986 rio
1514 4934 1652 5001 capi,
1687 4933 1786 4991 hoc

205 5021 313 5079 est,
338 5012 479 5083 quod
520 5029 607 5069 me
656 5018 1037 5087 propemodum
1078 5019 1430 5091 obstupefacit
1455 5038 1519 5078 ae
1542 5022 1788 5079 dubitare

203 5103 370 5172 cogit,
402 5113 454 5158 et
482 5121 723 5176 quaarere
747 5109 937 5179 ecquid
961 5125 1137 5165 causa:
1161 5112 1231 5166 sit
1267 5114 1611 5183 quamobrem
1654 5130 1787 5185 quas

205 5209 297 5249 res
321 5205 496 5259 antea,
521 5211 641 5251 eum
671 5197 721 5251 in
756 5199 819 5252 iis
846 5209 1203 5267 versarentur,
1229 5200 1499 5272 fugiendas
1518 5205 1788 5259 existima-

206 5291 355 5351 bant,
372 5285 467 5339 has
495 5303 652 5354 tnmc,
665 5303 787 5344 cum
814 5290 883 5343 ab
908 5291 971 5345 iis
997 5290 1177 5347 liberte
1195 5302 1338 5359 sunt,
1354 5302 1618 5365 tamquam
1636 5312 1790 5368 expe-

206 5376 395 5430 tendas
417 5390 818 5450 persequantur.
835 5382 912 5437 Ac
932 5385 1094 5439 multa
1110 5384 1321 5455 quidem
1341 5386 1519 5442 animo
1547 5404 1784 5458 versans,

208 5468 296 5522 vix
324 5469 558 5533 tandem,
590 5481 645 5524 ut
672 5481 824 5541 puto,
847 5473 916 5527 ad
943 5474 1111 5544 ipsam
1143 5478 1218 5530 rei
1245 5491 1461 5532 causam
1490 5479 1788 5551 indaganda

208 5561 448 5629 perveni.
474 5564 643 5633 Atque
671 5581 731 5619 ea
758 5566 970 5635 quidem
994 5582 1099 5621 non
1123 5583 1224 5622 una
1248 5578 1347 5635 est,
1372 5580 1463 5625 aut
1491 5573 1675 5638 altera,
1692 5561 1786 5629 sed

200 5652 369 5720 plane
392 5654 792 5721 mulch‘artim
806 5659 949 5715 enim
970 5659 1040 5716 ob
1066 5662 1321 5732 temporis
1346 5662 1785 5739 longinquitatem

1890 3933 2125 4001 priorum
2168 3930 2365 3995 oblita},
2402 3940 2457 3985 et
2482 3945 2543 3984 ea
2575 3937 2776 3984 tantum
2815 3944 2933 3999 qua:
2981 3929 3300 3983 inmanibus
3344 3943 3467 3985 sunt

1889 4023 2211 4091 rrcoleutes,
2254 4023 2477 4078 veniunt
2508 4022 2723 4093 quidem
2763 4022 2829 4076 ad
2870 4024 3285 4089 matrimonium,
3315 4025 3471 4093 quasi
3513 4035 3516 4038 ‘

1887 4114 1955 4169 ad
1983 4114 2031 4169 id
2058 4115 2197 4185 quod
2222 4116 2397 4170 omnia
2437 4114 2704 4169 viduitatis
2726 4114 3061 4169 incommoda
3089 4115 3346 4185 depellat;
3374 4116 3475 4171 sed

1888 4208 1990 4263 alia
2033 4207 2273 4276 quzndam
2319 4206 2391 4261 ibi
2441 4206 2597 4276 longe
2641 4207 2883 4276 graviora
2929 4206 3259 4261 invenientes
3287 4221 3471 4261 rursus

1889 4300 2105 4358 easdem
2151 4315 2284 4370 quas
2326 4308 2481 4353 antea
2506 4341 2521 4364 ,
2573 4314 2733 4353 voces
2781 4299 3072 4354 emittunt:
3103 4303 3291 4368 partim
3339 4315 3470 4354 vero

1892 4391 2174 4446 mundanis
2199 4390 2358 4445 rebus
2385 4404 2568 4445 rursus
2594 4390 2859 4444 inhiantes
2878 4389 3207 4459 gloriamque
3234 4406 3468 4459 prmsen-

1896 4484 1964 4537 tis
1999 4485 2118 4538 vitre
2144 4482 2466 4539 admirantes
2489 4494 2543 4559 et
2574 4483 2884 4537 viduitatem
2909 4498 3021 4537 rem
3043 4482 3321 4538 dedecoris
3351 4484 3464 4554 ple-

1893 4592 2015 4632 nam
2044 4588 2312 4647 putantes,
2342 4576 2497 4647 hujus
2527 4576 2699 4632 inanis
2736 4576 2918 4647 gloria:
2944 4584 2999 4631 et
3029 4576 3252 4630 tumoris
3304 4591 3466 4631 causa

1890 4668 2106 4725 easdem
2154 4676 2409 4739 appetunt
2452 4668 2772 4722 matrimonii
2843 4666 3106 4722 miserias.
3175 4666 3283 4722 Nec
3338 4682 3465 4722 vero

1892 4758 2085 4814 desunt
2125 4773 2245 4828 qua:
2306 4773 2413 4813 non
2452 4756 2756 4825 hujusmodi
2800 4756 2976 4811 causis
3020 4756 3305 4823 adductas,
3361 4757 3457 4811 sed

1892 4849 1993 4904 soli
2051 4847 2472 4919 intemperantiae
2530 4846 2819 4914 cedentes,
2873 4862 3058 4903 rursus
3110 4846 3179 4903 ad
3236 4848 3465 4917 priorem

1893 4943 2015 4996 vita:
2056 4941 2314 4995 rationem
2357 4939 2612 5006 redeunt,
2640 4954 2703 4993 ac
2730 4954 2907 4993 veram
2943 4954 3159 4993 cau-am
3202 4940 3469 4994 occultare

1893 5034 1981 5101 iis,
2008 5048 2140 5104 quas
2165 5031 2401 5088 diximus
2419 5072 2435 5095 ,
2467 5030 2822 5101 pra-texendis
2848 5042 3130 5085 conantur.
3162 5031 3318 5102 Atqui
3344 5032 3469 5086 istas

1894 5139 2145 5181 accusare
2180 5133 2341 5194 atque
2386 5121 2682 5192 hujusmodi
2725 5120 3046 5175 matrimonii
3089 5122 3303 5176 nomine
3335 5136 3462 5176 cou-

1892 5216 2148 5270 demnare
2189 5228 2361 5285 neque
2400 5213 2511 5283 ipse
2552 5211 2743 5276 ausim,
2788 5226 2961 5279 neque
3000 5212 3154 5267 alteri
3181 5221 3237 5267 ut
3279 5212 3465 5270 audeat

1894 5315 2077 5360 auctor
2123 5304 2261 5371 sim,
2301 5302 2725 5373 quandoquidem
2766 5302 2920 5357 aliter
2958 5302 3127 5356 visum
3179 5313 3261 5359 est
3314 5304 3466 5362 beata

1894 5397 2078 5461 Paulo,
2100 5397 2185 5451 vel
2205 5396 2378 5466 potius
2400 5392 2616 5466 Spiritui
2645 5392 2742 5463 ipsi
2766 5404 2975 5449 sancto.
3005 5393 3135 5448 Nam
3163 5410 3283 5449 cum
3314 5395 3478 5450 dixis-

1893 5499 1995 5551 set,
2029 5487 2212 5542 Mulier
2232 5488 2441 5558 alligata
2469 5496 2537 5539 est
2563 5484 2661 5555 trgi
2676 5528 2690 5550 ,
2712 5495 2899 5556 quanto
2923 5494 3146 5557 tempore
3164 5487 3238 5540 vir
3261 5489 3369 5560 ejus
3393 5490 3437 5541 ri
3456 5523 3469 5533 α

1893 5582 1958 5633 vit
1990 5596 2007 5633 :
2031 5579 2164 5646 quod
2184 5579 2225 5632 si
2252 5578 2508 5631 dormierit
2535 5578 2609 5630 vir
2631 5578 2759 5648 ejus,
2783 5576 2937 5631 libera
2961 5586 3034 5631 est
3052 5578 3131 5631 cui
3154 5579 3267 5632 velit
3293 5583 3464 5645 nubat,

1894 5679 2084 5724 tantum
2114 5670 2163 5724 in
2193 5668 2407 5723 Domino
2436 5668 2509 5740 (l.
2539 5665 2654 5722 Cor.
2681 5667 2731 5720 7.
2763 5666 2882 5737 39);
2910 5677 3068 5741 atque
3094 5668 3166 5724 ita
3196 5670 3469 5742 vitluzrpw
