3890 6220
431 255 525 312 ﬁll
1201 256 1258 312 S.
1297 256 1570 314 JOANNIS
1608 257 2082 318 CHRYSOSTOMI
2125 229 2443 320 ARCHIEP.
2481 263 3018 322 CONSTANTINOP.

435 379 678 424 testatem
705 369 1114 425 fecissetrursus
1133 371 1177 426 si
1197 372 1321 426 velit
1339 372 1590 432 nubendi.
1605 373 2007 441 addidissetque

435 461 932 526 lteatiorautemest,
957 463 1000 516 si
1024 463 1095 516 sic
1115 465 1442 532 permanserit
1475 465 1679 530 (LCor.
1731 465 1786 520 7.
1808 464 1920 536 40):
1946 480 2013 520 ne

432 557 550 622 quis
575 565 780 626 putaret
802 555 1085 610 lmmamnn
1109 571 1228 611 esse
1242 566 1586 626 prazccptunt,
1606 557 1718 612 bare
1734 558 1974 625 adjnnxit
1994 573 2009 611 :

437 644 568 699 l'uto
597 655 783 711 autent,
805 647 939 716 quod
963 657 1010 700 et
1033 663 1123 718 ego
1153 647 1402 714 Spiritum
1427 647 1523 702 Dei
1562 648 1770 702 habeam
1799 648 2010 720 (lbid.),

434 741 590 806 plane
632 740 918 796 ostendens
961 740 1160 812 Spiritu
1193 743 1428 798 dictante
1469 744 1541 798 ita
1587 743 1687 798 sibi
1725 756 1846 798 esse
1885 755 2016 796 con-

431 831 648 899 scripta.
1898 818 1906 827 ’

503 923 758 977 Secunda:
795 924 987 993 nuptiae
1028 940 1128 978 non
1165 923 1454 994 culpandw.
1482 954 1552 966 -
1577 925 1654 979 Ne
1675 925 1797 995 quis
1833 924 2012 994 igitur,

431 1028 549 1082 qua:
586 1013 744 1067 modo
777 1013 1018 1070 dicturus
1063 1029 1204 1078 sum,
1240 1015 1292 1069 iu
1335 1031 1455 1070 eam
1498 1024 1700 1086 partem
1749 1014 2011 1082 accipiat,

432 1105 582 1172 quasi
624 1121 736 1172 eas,
783 1121 903 1174 qua:
963 1106 1304 1161 matrimonio
1343 1121 1402 1161 se
1437 1107 1684 1177 jungunt,
1729 1105 2014 1175 reprelien-

435 1196 556 1248 dam
583 1211 645 1249 ac
685 1197 954 1251 criminer.
997 1197 1230 1252 Summa:
1263 1199 1405 1254 enim
1444 1199 1760 1268 arrogantia:
1784 1212 1846 1252 ac
1871 1197 2018 1252 furo-

435 1288 509 1340 ris
547 1287 722 1352 fuerit,
761 1303 894 1358 quas
932 1305 1036 1343 non
1079 1291 1354 1360 castigavit
1398 1291 1583 1346 beatus
1611 1291 1722 1358 ille,
1761 1291 1857 1346 sed
1901 1290 2019 1358 qui-

434 1377 535 1433 lms
561 1380 816 1449 pepercit,
846 1380 944 1435 has
971 1391 1156 1436 contra
1184 1398 1215 1437 a
1235 1382 1386 1438 nobis
1427 1383 1619 1438 acerbe
1648 1381 2017 1449 condemnari,

437 1469 597 1540 idque
621 1486 742 1525 cum
773 1473 1043 1528 sexcentis
1070 1489 1166 1528 nos
1195 1473 1505 1528 criminibus
1547 1489 1870 1544 premantur.
1923 1472 2020 1526 Et-

434 1563 578 1617 enim
595 1564 684 1633 qui
707 1563 790 1617 vel
811 1563 1143 1632 ajudicaudo
1163 1565 1450 1632 abstinere,
1474 1581 1543 1620 ne
1563 1565 1749 1620 eadem
1772 1577 2018 1618 mensura

437 1655 490 1707 in
540 1671 638 1709 nos
678 1655 935 1725 judicium
983 1667 1321 1721 excreeatnr,
1365 1657 1603 1727 atquein
1629 1656 1854 1710 aliorum
1903 1669 2024 1725 pec-

435 1756 554 1800 cata
580 1747 797 1801 minime
839 1747 1186 1803 vehementes
1225 1763 1345 1802 esse
1393 1747 1594 1816 iudices
1631 1746 1900 1815 jubetuur,
1927 1743 2022 1799 sed

440 1837 587 1894 lenes
610 1847 666 1894 et
685 1840 750 1894 ad
779 1841 986 1895 veniam
1015 1840 1243 1896 dandam
1276 1841 1493 1907 faciles;
1524 1843 1568 1895 si
1599 1857 1708 1896 rem
1730 1857 1848 1910 qua:
1875 1849 2022 1894 extra

437 1930 645 1998 culpam
665 1930 732 1984 sit
753 1930 1614 1998 criminemurctcondemnemus,
1636 1929 1903 2001 quomodo
1916 1946 2022 1984 non

442 2038 656 2076 outuem
679 2023 833 2078 nobis
869 2023 1079 2078 veniam
1109 2024 1478 2093 praecidetnus,
1509 2041 1575 2079 ex
1606 2038 1789 2078 noszro
1818 2024 1869 2077 in
1898 2039 2022 2093 pro-

445 2115 642 2168 ximum
687 2113 826 2169 facto
849 2114 901 2168 in
928 2129 1047 2170 eam
1077 2115 1396 2169 sententiam
1422 2115 1739 2171 inducentes
1763 2113 2020 2184 jndicem,

430 2213 502 2258 .ut
526 2206 576 2259 in
600 2221 698 2260 nos
727 2206 959 2261 vicissim
981 2222 1038 2261 se
1057 2205 1614 2277 prmbeatduriurem?
1629 2204 1744 2259 Non
1786 2206 1943 2276 igitur
1967 2214 2026 2259 ut

443 2297 560 2350 illas
605 2312 850 2352 accusem
877 2313 939 2353 ac
959 2313 1208 2368 pungam,
1241 2298 1344 2353 huc
1371 2299 1612 2353 oratione
1639 2297 1846 2353 delatus
1871 2313 1986 2352 sum
2005 2314 2025 2351 :

443 2387 582 2455 quutl
629 2388 769 2440 enim
797 2389 850 2442 in
881 2388 1105 2442 Domino
1151 2389 1263 2442 ﬁeri
1294 2397 1488 2458 potest,
1521 2389 1572 2443 in
1605 2389 1654 2443 id
1682 2389 1875 2443 cadere
1918 2389 2026 2444 cri-

445 2493 566 2530 ntcn
596 2477 740 2531 nullo
766 2479 924 2532 modo
949 2489 1121 2549 potest
1146 2497 1159 2532 ε
1189 2479 1411 2533 Tantum
1430 2521 1444 2544 ,
1472 2479 1640 2549 inquit
1658 2519 1673 2545 ,
1702 2479 1753 2532 in
1779 2478 2020 2534 Domino.

449 2567 641 2621 Verum
669 2569 1114 2637 quemadmodum
1145 2585 1266 2624 cum
1293 2571 1360 2626 de
1380 2572 1678 2641 virginitate
1708 2571 1867 2626 verba
1897 2571 2027 2627 faci-

444 2677 584 2728 tnns,
638 2678 743 2716 non
781 2671 838 2717 ιιι
872 2663 940 2717 de
979 2664 1300 2718 matrimonii
1349 2663 1605 2734 dignitate
1646 2664 2024 2730 detrahamus,

444 2752 587 2807 illam
615 2753 857 2809 laudibus
881 2755 1185 2810 extollimus
1213 2772 1226 2809 :
1260 2757 1328 2810 ita
1359 2770 1478 2811 cum
1501 2755 1569 2811 de
1605 2756 1862 2812 viduitate
1902 2756 2023 2813 dis-

448 2854 697 2914 putamus
719 2885 736 2912 ,
798 2861 904 2900 non
931 2847 1143 2916 quidem
1181 2862 1279 2902 ceu
1314 2846 1575 2902 secundas
1602 2847 1813 2916 nuptias
1843 2848 1894 2901 in
1931 2863 2026 2903 ea—

445 2951 561 2990 rum
589 2951 766 2990 rerum
796 2951 1039 3005 numero,
1063 2938 1253 3008 quibus
1297 2937 1634 2992 interdictum
1666 2940 1753 3002 sit,
1795 2938 2028 2994 colloce-

446 3042 585 3094 mus,
637 3027 922 3092 mulieres.
971 3037 1029 3082 ut
1075 3029 1238 3084 semel
1288 3031 1531 3099 nupsisse
1572 3039 1837 3084 contenta)
1878 3028 2024 3095 sint,

443 3120 789 3174 cohortamur
825 3137 838 3183 ;
881 3119 976 3175 sed
1029 3121 1256 3175 fatemur
1305 3120 1520 3190 quidem
1581 3121 1829 3174 secundis
1865 3119 2027 3174 etiam

448 3207 616 3278 legem
643 3226 749 3264 non
777 3211 984 3276 violari,
1033 3221 1397 3264 verumtamen
1446 3225 1580 3265 unas
1626 3211 1830 3266 iteratis
1873 3210 2030 3280 longe

450 3309 704 3366 prmstare
734 3314 839 3354 non
869 3300 1192 3356 dubitamus.
1214 3300 1393 3371 Itaque
1415 3301 1466 3356 in
1489 3300 1589 3356 hac
1609 3302 2032 3372 cmnparatione,

445 3405 566 3444 cum
598 3406 757 3444 unum
783 3391 936 3445 alteri
957 3402 1209 3460 praestare
1235 3392 1482 3456 dicimus,
1517 3408 1673 3448 nemo
1705 3393 1807 3448 hoc
1829 3395 2024 3464 ipsum,

447 3481 586 3550 quod
615 3482 918 3536 inferiorem
945 3482 1116 3536 locum
1146 3491 1328 3539 tenere
1353 3484 1601 3547 dicimus,
1632 3485 1815 3538 vitium
1859 3493 2024 3553 putet.

450 3570 564 3625 Non
590 3572 730 3626 enim
769 3572 856 3625 illa
903 3574 1040 3629 inter
1063 3589 1121 3628 se
1147 3573 1267 3628 idt-o
1306 3574 1650 3641 conferimus,
1699 3583 1756 3628 ιιι
1797 3577 2030 3646 ipsorum

449 3663 672 3717 alterum
700 3665 751 3718 in
781 3666 1036 3720 nudorum
1082 3667 1320 3722 ordinem
1372 3667 1672 3736 rejiciatnr;
1705 3667 1797 3723 sed
1841 3683 2033 3723 concc-

449 3753 638 3808 dentes
667 3754 718 3808 id
749 3754 849 3825 legi
891 3767 1304 3812 consentaneum
1333 3772 1470 3820 esse.
1493 3767 1781 3827 nostroque
1813 3759 2032 3814 arbitrio

453 3846 790 3915 prrmissum,
819 3846 1044 3902 alterum
1077 3857 1250 3904 tamen
1279 3865 1388 3920 pra:
1421 3849 1521 3904 hoc
1549 3850 1703 3920 longe
1746 3852 1912 3920 pluris
1957 3851 2032 3905 fa-

450 3940 649 4005 cimus,
699 3942 972 4012 magisque
1029 3943 1367 4012 suspicimus.
1417 3942 1554 4008 Quid
1611 3943 1725 3998 ita?
1771 3943 2032 4011 Quoniam

453 4031 673 4086 multum
717 4033 939 4089 interest
975 4034 1218 4090 eamdem
1262 4035 1536 4090 mulierem
1578 4036 1734 4090 unius
1772 4035 1870 4090 viri
1913 4050 2035 4090 esse

454 4138 703 4189 uxorem,
736 4138 800 4178 ac
823 4123 1069 4178 duorum.
1097 4124 1228 4179 Nam
1255 4127 1338 4180 cui
1369 4127 1514 4195 prior
1554 4127 1684 4181 satis
1728 4136 1831 4194 est,
1881 4126 2036 4196 plane

449 4213 686 4268 ostendit
710 4229 885 4284 neque
911 4215 976 4270 ad
999 4215 1149 4269 illum
1180 4217 1352 4287 ipsum
1370 4232 1428 4271 se
1443 4217 1809 4287 adjuncturam
1841 4218 2025 4284 fuiSse,

453 4305 496 4358 si
527 4321 640 4359 rem
669 4320 766 4359 usu
794 4306 908 4376 ipso
935 4305 1101 4376 probe
1136 4307 1372 4362 novisset
1399 4326 1411 4361 :
1436 4324 1555 4378 qua:
1589 4317 1766 4364 autem
1806 4308 2034 4364 alterum

453 4409 708 4464 sponsum
731 4397 782 4450 in
811 4396 1004 4466 prioris
1046 4398 1220 4453 cubile
1262 4397 1484 4464 inducit,
1517 4414 1767 4470 magnum
1810 4400 2036 4470 egregia:

454 4503 581 4559 erga
609 4489 864 4544 mundum
891 4490 1138 4545 amicitiae
1165 4500 1324 4561 atque
1343 4507 1466 4561 erga
1514 4507 1601 4547 res
1641 4501 1880 4548 terrenas
1908 4509 2037 4564 pro-

457 4578 728 4649 pensionis
777 4581 1025 4636 indicium
1067 4583 1284 4652 pra-bet.
1336 4586 1508 4653 Atque
1547 4584 1633 4638 illa
1678 4585 1891 4655 quidem
1939 4601 2039 4641 nec

455 4670 581 4726 dum
626 4672 824 4728 viveret
867 4673 968 4738 vir,
1015 4689 1139 4744 erga
1177 4675 1338 4730 alium
1378 4685 1645 4731 conunota
1688 4677 1868 4731 animo
1909 4685 2034 4733 est:

457 4761 572 4816 haec
603 4777 748 4828 vero,
776 4765 876 4819 etsi
909 4765 998 4820 illo
1027 4765 1236 4822 vivente
1269 4767 1337 4821 ab
1375 4767 1492 4822 aliis
1540 4782 1598 4823 se
1640 4767 1880 4836 pudicam
1921 4783 2037 4823 scr-

456 4851 614 4919 varit,
649 4862 883 4911 attamen
932 4856 1128 4912 multos
1172 4857 1304 4911 alios
1344 4858 1510 4928 magis
1555 4873 1712 4929 quam
1763 4859 1911 4913 illum
1951 4875 2041 4914 su-

455 4948 649 5018 spexit.

524 5038 582 5094 2.
611 5037 716 5096 Sed
746 5054 814 5096 ne
853 5055 918 5095 ex
962 5039 1062 5096 hoc
1106 5041 1244 5098 facto
1271 5044 1629 5113 conjecturam
1674 5045 1742 5101 de
1773 5049 2040 5117 praeterita

457 5136 561 5189 vita
609 5134 902 5201 faciamus,
935 5150 1047 5189 rem
1092 5135 1260 5206 ipsam
1307 5138 1690 5207 expendamus.
1726 5139 1937 5195 Etenim
1985 5150 2042 5196 ut

464 5229 728 5300 virginitas
755 5229 1092 5285 matrimonio
1116 5230 1304 5286 melior
1329 5242 1408 5287 est
1433 5273 1447 5298 ,
1481 5233 1548 5288 ita
1576 5233 1676 5288 hoc
1704 5236 2042 5290 matrinmniu

454 5323 606 5379 illud.
661 5323 823 5377 Vidua
875 5324 1016 5378 enim
1064 5323 1130 5379 de
1186 5325 1446 5396 principio
1499 5335 1702 5382 tantum
1755 5328 2039 5399 virginitati

455 5415 756 5482 concessit,
787 5415 853 5469 ad
884 5427 1181 5471 extremum
1210 5433 1336 5473 vero
1366 5419 1464 5487 ipsi
1510 5435 1694 5475 rursus
1720 5431 1961 5490 {equalur
1988 5435 2042 5477 et

456 5506 796 5580 conjungitur
844 5527 859 5566 :
910 5512 1012 5569 hoc
1065 5529 1196 5569 vero
1247 5515 1641 5568 matrimonium
1696 5527 1917 5587 ultaque
1971 5533 2039 5571 ex

457 5609 609 5669 parte
636 5616 665 5655 a
699 5604 996 5675 virginitate
1021 5607 1188 5662 abest.
1221 5605 1335 5660 lluc
1359 5606 1585 5673 accedit,
1610 5622 1725 5661 eam
1749 5625 1866 5678 qua:
1895 5609 2044 5664 facile

457 5690 559 5749 lert
611 5697 952 5759 viduitatem.
1008 5715 1036 5754 a
1083 5701 1197 5756 viro
1243 5712 1498 5769 quoque,
1527 5699 1652 5756 dum
1703 5703 1869 5772 vivit,
1900 5718 2042 5773 saepe

3595 276 3698 330 612

2121 388 2179 428 sc
2204 383 2479 431 continere
2510 393 2524 430 :
2555 392 2670 431 eam
2703 393 2848 440 vero,
2877 395 2995 449 qum
3026 394 3136 433 rem
3168 381 3700 438 maxime-molesmm

2122 477 2268 536 putat
2292 510 2305 530 ,
2339 470 2406 522 ita
2451 471 2686 524 animum
2718 469 3010 525 instituisse
3033 512 3049 535 ,
3098 481 3156 525 ut
3186 488 3289 525 non
3332 488 3452 527 eum
3497 475 3700 531 duobus

2120 557 2294 613 solum
2325 557 2580 624 tribusve,
2610 560 2704 614 sed
2733 561 2892 615 etiam
2924 561 3091 615 multo
3121 562 3378 631 pluribus,
3410 565 3452 618 si
3486 565 3556 619 ita
3586 580 3700 619 sors

2122 648 2276 712 ferat,
2323 651 2422 704 sibi
2466 665 2552 704 res
2597 650 2840 706 babenda
2887 653 2976 716 sit,
3023 664 3087 706 ac
3131 654 3216 706 vix
3261 662 3494 707 extrema
3540 665 3700 710 artata

2119 740 2399 795 abstineat.
2432 741 2892 808 Quemadmodum
2939 743 3098 812 igitur
3146 744 3538 798 matrimonium
3571 745 3699 798 illud

2121 846 2323 901 magua-
2351 831 2645 886 honestatis
2679 847 2742 888 ac
2774 834 3136 902 temperantiae
3173 834 3442 903 specimen
3473 844 3556 889 est
3586 851 3599 888 :
3635 837 3699 888 i=2

2123 921 2224 976 hoc
2252 923 2470 978 minime
2493 923 2705 992 quidem
2731 923 2956 978 dixerim
2990 924 3239 990 lascivim,
3260 925 3419 989 absit,
3439 925 3529 980 sed
3559 937 3708 982 certe

2122 1012 2284 1066 animi
2327 1011 2634 1067 infirmioris
2657 1053 2672 1078 ,
2720 1023 2774 1069 ct
2799 1014 2886 1084 qui
2916 1014 3064 1069 carni
3093 1014 3304 1069 deditus
3334 1015 3400 1070 sit
3442 1026 3708 1085 terraeque

2121 1105 2310 1160 aflixus
2337 1121 2435 1161 nec
2474 1122 2721 1177 magnum
2751 1118 2911 1177 atque
2937 1108 3203 1162 excelsum
3231 1109 3499 1180 quidpiam
3525 1110 3710 1162 animo

2121 1198 2404 1268 concipere
2428 1212 2674 1267 umquam
2703 1198 2890 1266 possit.

2196 1285 2469 1359 Soplcisma
2497 1288 2552 1341 in
2592 1288 2793 1342 laudent
2823 1288 3142 1356 repetiturum
3186 1289 3474 1359 nuptiarum
3514 1290 3703 1347 refelli-

2123 1387 2225 1432 tnr.
2255 1407 2328 1419 —-
2353 1378 2505 1446 Quod
2551 1379 2595 1434 si
2624 1379 2742 1448 quis
2783 1379 2999 1449 objiciat
3021 1421 3038 1446 ,
3069 1379 3208 1449 quod
3259 1380 3537 1435 honestum
3582 1391 3663 1436 est
3686 1407 3704 1433 9

2125 1470 2228 1524 tale
2250 1485 2369 1524 esse
2391 1509 2407 1534 ,
2435 1469 2548 1525 sive
2572 1470 2737 1526 semel
2761 1470 2986 1526 obeatur
3007 1513 3022 1538 ,
3051 1472 3164 1526 sive
3190 1471 3268 1526 bis
3291 1512 3306 1537 ,
3337 1473 3447 1526 sive
3472 1473 3665 1542 saspius
3695 1489 3714 1525 :

2124 1560 2372 1616 similiter
2397 1561 2540 1615 enim
2590 1559 2870 1616 honestum
2919 1576 3138 1616 manere
3161 1602 3177 1628 ,
3210 1563 3498 1630 quinetiam
3543 1578 3665 1616 eum
3691 1605 3704 1626 ,

2125 1650 2216 1720 qui
2258 1652 2454 1721 saepius
2498 1650 2708 1706 functus
2749 1661 2868 1716 est,
2914 1652 3308 1706 laudabiliorem
3351 1667 3470 1707 esse
3510 1668 3577 1708 eo
3619 1669 3690 1722 qn

2127 1741 2336 1804 rarius;
2385 1741 2823 1811 respondebimus
2867 1741 3171 1813 hujusmodi
3217 1743 3483 1812 sephisma
3526 1744 3707 1797 incau-

2127 1835 2351 1890 liot‘ibus
2380 1835 2605 1890 fortasse
2633 1850 2790 1905 posse
2819 1837 3092 1906 imponere
3115 1878 3128 1899 ,
3175 1837 3241 1889 ab
3271 1837 3334 1890 iis
3359 1846 3531 1889 autem
3558 1879 3572 1900 ,
3619 1838 3707 1904 qui

2127 1929 2360 1983 animum
2416 1928 2694 1984 advertere
2746 1929 3046 1995 voluerint,
3102 1928 3253 1983 facile
3307 1928 3472 1982 refelli
3531 1944 3708 1997 posse.

2129 2021 2517 2076 Matrimonium
2558 2022 2700 2076 enim
2747 2037 2850 2076 non
2901 2036 3184 2092 corporum
3233 2020 3532 2076 con'nnistio
3585 2019 3714 2072 facit

2128 2112 2220 2185 (ita
2249 2113 2391 2170 enim
2417 2123 2468 2168 et
2493 2113 2770 2168 fomicatio
2798 2113 3190 2167 matrimonium
3217 2114 3382 2180 esset)
3407 2153 3423 2176 ,
3451 2111 3541 2166 sed
3570 2113 3710 2181 quod

2128 2222 2190 2260 ca
2213 2248 2229 2272 ,
2259 2221 2376 2276 qua:
2402 2217 2562 2276 nupta
2593 2215 2676 2262 est
2697 2247 2712 2271 ,
2740 2223 2846 2260 uno
2871 2206 2984 2260 viro
3010 2215 3257 2260 contenta
3282 2213 3384 2259 est.
3412 2209 3582 2274 Atque
3611 2204 3714 2257 hoc

2130 2297 2270 2352 inter
2311 2299 2645 2353 meretricem
2676 2308 2834 2367 atque
2880 2298 3159 2367 ingenuam
3193 2295 3542 2366 pudicamque
3588 2312 3710 2349 ιιιιι·

2131 2388 2316 2444 lierem
2345 2390 2580 2444 interest.
2610 2389 2761 2458 Quod
2804 2390 2848 2444 si
2894 2405 3000 2443 uno
3029 2390 3140 2443 \iro
3168 2397 3412 2444 contenta
3456 2397 3716 2458 perpetuo

2128 2481 2238 2546 sit,
2285 2481 2712 2551 conjunctionem
2761 2481 2913 2536 istam
2967 2481 3285 2534 matrimonii
3329 2480 3542 2535 nomine
3585 2495 3716 2535 vere

2129 2571 2414 2640 appellaris
2446 2589 2460 2627 :
2491 2573 2573 2627 sin
2622 2586 2717 2641 pro
2757 2587 2864 2626 uno
2893 2571 3088 2626 multos
3133 2585 3360 2640 sponsos
3401 2570 3454 2624 in
3495 2570 3713 2624 dontum

2133 2663 2380 2727 inducat,
2411 2678 2516 2718 non
2561 2662 2808 2734 equidem
2847 2661 3253 2717 fornicationem
3294 2661 3466 2716 audeo
3493 2659 3677 2716 dicere
3701 2705 3714 2721 .

2131 2756 2226 2812 sed
2253 2756 2381 2812 illud
2404 2756 2804 2820 contenderem,
2833 2754 2970 2810 hanc
2995 2755 3105 2821 illa,
3131 2769 3249 2824 qua:
3275 2769 3436 2808 unum
3461 2753 3720 2808 duntaxat

2130 2849 2304 2905 virum
2332 2849 2514 2912 novit,
2547 2849 2703 2918 longe
2731 2847 3036 2902 lnferioretn
3064 2861 3201 2901 esse.
3233 2844 3322 2899 llla
3346 2845 3488 2900 enim
3514 2843 3718 2898 audivit

2134 2939 2414 2994 Dominum
2441 2939 2739 2994 dicentem:
2766 2937 2979 3004 Propter
3003 2937 3096 2990 hoc
3121 2937 3330 2989 d‘mittet
3357 2935 3504 2988 homo
3522 2945 3718 3004 putrem

2130 3041 2178 3085 et
2203 3041 2410 3084 matrem
2436 3046 2580 3083 suam
2603 3071 2620 3095 ,
2649 3039 2694 3084 et
2720 3028 2992 3082 adluvrebit
3017 3029 3162 3081 uxori
3193 3041 3300 3082 ιιιιε
3321 3067 3335 3090 ,
3367 3037 3412 3080 et
3448 3036 3592 3080 erant
3617 3027 3722 3079 duo

2133 3123 2185 3176 in
2227 3137 2430 3176 carnem
2458 3138 2613 3175 unam
2661 3120 2887 3192 (Matth.
2926 3120 3009 3176 l9.
3043 3118 3157 3192 5),
3188 3135 3250 3174 ac
3291 3120 3407 3174 viro
3451 3118 3676 3173 adluesit
3701 3161 3715 3182 ,

2135 3213 2355 3284 perinde
2379 3228 2442 3268 ac
2467 3227 2594 3269 vere
2619 3228 2713 3268 sua
2741 3227 2867 3268 caro
2893 3223 3033 3268 esset
3062 3255 3076 3279 ,
3105 3227 3277 3282 neque
3303 3212 3465 3267 oblita
3507 3222 3589 3265 est
3616 3212 3720 3265 sibi

2135 3308 2300 3363 semel
2344 3307 2574 3377 impositi
2617 3307 2824 3377 capitis.
2869 3302 2991 3361 llzcc
3030 3321 3156 3361 vero
3201 3320 3299 3360 nec
3339 3306 3570 3374 priorem
3619 3318 3721 3358 nec

2136 3399 2480 3467 posteriorem
2511 3398 2684 3452 virum
2729 3399 2996 3468 propriam
3041 3406 3256 3451 carnem
3307 3404 3512 3465 reputat
3541 3412 3561 3450 ι
3593 3410 3720 3448 nam

2139 3491 2338 3557 primus
2367 3507 2396 3545 a
2426 3489 2678 3555 secundo,
2699 3486 2962 3546 secundus
2991 3490 3057 3544 ab
3084 3491 3172 3544 illo
3197 3490 3396 3559 ejectus
3418 3499 3517 3543 est.
3539 3488 3725 3559 Neque

2136 3582 2276 3636 enim
2321 3582 2510 3638 mulier
2538 3583 2730 3652 prioris
2759 3583 2855 3636 viri
2901 3582 3210 3636 memoriam
3256 3581 3434 3636 colere
3483 3583 3720 3652 poterit.

2138 3691 2255 3744 qua:
2283 3684 2402 3748 post
2446 3676 2593 3730 illum
2623 3675 2774 3730 alteri
2818 3674 3032 3744 nupsit,
3061 3689 3160 3728 nec
3202 3674 3548 3742 posteriorem
3573 3673 3725 3742 justo

2139 3783 2322 3823 amore
2366 3775 2751 3839 prosequetur,
2791 3775 2978 3836 magna
3022 3767 3196 3820 adhuc
3239 3766 3430 3820 mentis
3475 3775 3627 3836 parte
3675 3765 3728 3819 iu

2138 3877 2260 3916 cum
2289 3862 2377 3930 qui
2414 3860 2544 3914 obiit
2570 3859 2826 3914 derivata.
2857 3857 2930 3911 Ita
2961 3857 3019 3911 ﬁt
3043 3899 3059 3924 ,
3088 3866 3145 3911 ut
3169 3859 3339 3911 neutri
3381 3861 3425 3910 is
3450 3898 3464 3922 ,
3494 3857 3584 3926 qui
3609 3857 3729 3910 viro

2141 3955 2402 4020 debetur,
2449 3969 2600 4009 amor
2645 3961 2806 4022 atque
2850 3952 3018 4006 honos
3061 3951 3129 4005 ab
3179 3965 3340 4005 uxore
3388 3949 3724 4004 exhibentur.

2140 4046 2344 4119 Ecquid
2374 4063 2501 4101 vero
2525 4045 2688 4101 animi
2734 4053 2880 4116 putet
2906 4043 3182 4114 posteriori
3228 4057 3426 4112 spenso
3450 4057 3569 4096 esse
3591 4084 3606 4107 ,
3638 4042 3728 4111 qui

2141 4142 2193 4194 in
2225 4139 2414 4210 prioris
2443 4137 2729 4193 thalamum
2761 4136 3068 4207 ingreditur,
3098 4143 3153 4190 et
3184 4134 3320 4188 illius
3348 4134 3542 4189 lectum
3570 4147 3726 4187 sean-

2139 4231 2255 4298 dit,
2285 4246 2346 4286 ac
2390 4239 2645 4300 prarterea
2690 4229 2830 4283 illius
2858 4243 3077 4284 uxorem
3124 4227 3382 4282 ridentem
3407 4269 3422 4289 ,
3451 4234 3506 4280 et
3531 4224 3632 4280 hac
3661 4225 3730 4281 de

2141 4339 2298 4379 causa
2338 4323 2603 4392 jocantem
2649 4339 2712 4378 ac
2758 4323 3023 4378 ludentem
3070 4320 3254 4376 videt?
3301 4318 3467 4375 Valde
3511 4317 3729 4390 quidem

2140 4425 2578 4487 commoveatur,
2625 4430 2798 4486 neque
2838 4413 2905 4470 ad
2948 4415 3087 4468 illam
3133 4417 3324 4483 magno
3368 4427 3489 4466 cum
3542 4425 3732 4464 amore

2141 4510 2360 4566 accedat
2386 4525 2603 4566 necesse
2628 4518 2729 4566 est.
2775 4507 2906 4563 Nam
2936 4506 3144 4562 tametsi
3186 4505 3421 4560 omnium
3452 4503 3731 4557 hominum

2142 4601 2458 4656 durissimus
2487 4601 2591 4664 sit,
2621 4615 2726 4656 non
2773 4608 2947 4654 tamen
2976 4598 3046 4652 ita
3078 4597 3321 4652 immanis
3345 4638 3360 4662 ,
3390 4605 3451 4650 ut
3492 4594 3739 4649 humano

2145 4691 2372 4764 quodam
2401 4707 2560 4748 sensu
2589 4706 2693 4746 non
2737 4689 2994 4745 afﬁciatur
3018 4730 3033 4754 ,
3069 4689 3229 4744 etiam
3257 4687 3302 4742 si
3345 4686 3434 4740 illa
3462 4685 3740 4740 sexcentis

2144 4787 2472 4842 ornamentis
2496 4787 2798 4856 etseipsam
2850 4794 2904 4840 et
2947 4784 3164 4839 domum
3207 4783 3515 4852 compserit.
3567 4781 3735 4834 Dolor

2143 4880 2285 4933 enim
2314 4879 2490 4933 dou‘iui
2523 4878 2694 4932 illa'tus
2738 4893 2840 4932 non
2870 4877 2995 4932 sinit
3025 4891 3208 4947 puram
3237 4882 3291 4929 et
3315 4875 3580 4929 sinceram
3610 4887 3738 4926 es<e

2146 4973 2466 5042 voluptatem
2502 4989 2514 5024 :
2545 4971 2638 5025 sed
2670 4970 3115 5040 quemadmodum
3147 4969 3198 5022 in
3229 4966 3395 5021 muris
3421 4981 3516 5019 ttsu
3545 4965 3696 5018 venit
3722 5007 3738 5026 ,

2145 5073 2203 5118 ut
2225 5079 2344 5118 cum
2370 5077 2492 5133 pars
2516 5062 2688 5132 aliqua
2716 5061 2870 5118 valde
2893 5073 3080 5116 exusta
3109 5069 3210 5126 est,
3243 5058 3365 5113 [iect
3391 5055 3737 5127 postmodmn

2145 5154 2441 5219 dealbetnr,
2462 5153 2728 5222 subjectus
2745 5161 2920 5207 tamen
2946 5167 3008 5206 ac
3026 5149 3318 5221 profundus
3339 5149 3517 5219 nigror
3532 5147 3711 5202 cando
3725 5173 3741 5184 -

2147 5261 2258 5300 rem
2288 5245 2491 5300 tectorii
2517 5246 2784 5310 obscuret,
2811 5255 2969 5314 atque
2995 5240 3336 5312 injucundutn
3367 5239 3737 5308 Spectaculum

2149 5337 2380 5406 prmbcat
2413 5353 2425 5388 :
2458 5336 2529 5390 ita
2576 5344 2628 5390 et
2655 5338 2753 5390 bac
2797 5336 2848 5390 in
2893 5351 2951 5389 re
2974 5375 2990 5402 ,
3023 5334 3228 5388 tametsi
3263 5330 3426 5384 multa
3453 5329 3737 5400 Splendida

2148 5429 2514 5499 excogitentur
2535 5470 2549 5493 ,
2581 5429 2634 5482 in
2664 5428 2852 5482 mediis
2879 5437 3055 5483 tamen
3089 5427 3218 5496 ipsis
3245 5425 3482 5480 eminent
3521 5423 3696 5478 tristia
3721 5463 3737 5483 .

2149 5535 2210 5572 ac
2238 5519 2458 5573 molesta
2500 5518 2742 5589 quzedam
2783 5535 2846 5574 ex
2878 5519 2943 5574 iis
2982 5518 3158 5572 mistio
3189 5517 3266 5570 fit.
3297 5513 3428 5570 Nam
3455 5523 3509 5569 et
3553 5513 3700 5568 servi
3721 5551 3738 5575 .

2149 5622 2203 5666 et
2243 5611 2490 5678 ancillre,
2521 5621 2575 5666 et
2616 5611 2861 5682 agricola:
2887 5653 2902 5679 ,
2941 5621 2996 5666 et
3039 5609 3319 5682 inquilini,
3361 5617 3418 5664 et
3457 5607 3616 5663 vicini
3642 5648 3662 5675 ,
3689 5616 3744 5661 et

2151 5704 2374 5774 gentiles
2400 5704 2592 5774 prioris
2631 5705 2725 5759 viri
2760 5713 3049 5760 mwrcntes
3077 5704 3346 5758 intuentur
3373 5717 3492 5772 qua:
3521 5700 3656 5754 fiunt
3686 5714 3746 5755 ac
