3890 6220
261 194 379 250 ωδ

269 335 384 381 νες,
411 318 501 370 καὶ
541 309 818 380 συγγενεῖς
851 304 942 360 τοῦ
969 307 1398 378 προαπελθόντος
1419 305 1756 376 κατηφοῦσιν
1781 319 1807 348 ι
1842 306 1936 359 ἐπὶ

271 406 384 467 τοῖς
421 399 732 471 γενομένοις
763 396 856 450 καὶ
884 392 1250 459 στενάζουσιν.
1290 393 1354 446 Εἰ
1384 393 1441 446 δὲ
1466 394 1560 446 καὶ
1585 393 1814 464 ὀρφανοὶ
1841 391 1938 445 τύο

271 505 407 560 χωσι
439 483 909 553 καταλειφθέντες,
938 481 1049 536 νέοι
1079 480 1177 550 μὲν
1196 479 1348 542 ὄντες
1369 478 1591 550 κομιδῇ,
1617 477 1846 550 σφοδρὸν
1872 477 1934 530 τὸ

272 578 424 648 παρὰ
447 575 556 629 τῶν
596 572 908 643 δυναμένων
937 569 1174 622 συνιέναι
1202 566 1312 620 τῶν
1341 568 1638 637 γινομένων
1665 569 1736 638 τῇ
1770 568 1938 638 μητρὶ⁸

271 666 331 717 τὸ
365 667 518 733 μῖσος
548 662 870 728 ἐξάπτουσιν
892 675 905 688 ·
929 659 977 710 εί
1003 657 1060 709 δὲ
1086 655 1336 726 ὲνήλικες
1361 653 1573 724 τύχοιεν
1593 653 1766 718 ὄντες,
1803 654 1939 708 πάν-

271 771 379 807 των
409 755 607 806 ἐκεῖνοι
645 750 846 820 μᾶλλον
867 747 1060 818 ἀηδίαν
1087 745 1610 809 κατασκευάζουσιν.
1641 745 1820 816 ’Ἄπερ
1843 739 1937 798 οῦν

163 855 174 859 ‘
265 842 366 895 καὶ
393 843 439 892 οῖ
471 837 756 909 νομοθέται
791 835 1196 905 συνεωρακότες
1228 834 1256 874 b
1293 831 1530 896 ἅπαντα,
1562 833 1660 885 καὶ
1685 836 1814 896 τοὺς
1842 833 1937 886 ἐπὶ

271 930 479 990 τούτοις
519 925 817 993 ἀλγοῦντας
856 921 1367 995 παραμυθούμενοι,
1406 920 1502 974 καλ⁵
1545 920 1688 992 ὑπὲρ
1728 919 1938 974 ἑαυτῶν

272 1015 718 1085 ἀπολογούμενοι,
744 1013 825 1065 ὅτι
855 1012 916 1064 ού
942 1010 1081 1066 κατά
1111 1009 1336 1080 γνώμην
1363 1008 1483 1062 οῦδὲ
1510 1007 1939 1079 προηγουμένως

270 1101 455 1155 τοῦτον
480 1100 569 1154 τὸν
597 1099 774 1170 γάμον
799 1097 1089 1164 ἐπέταξαν,
1122 1097 1257 1151 ἀλλὰ
1280 1096 1598 1160 δεδοικότες,
1639 1096 1714 1166 μή
1736 1111 1790 1148 τι
1824 1095 1938 1164 χεῖ-

275 1208 366 1260 ρον
389 1189 616 1258 γένηται
637 1187 826 1252 κακον,
854 1185 1032 1240 πάντα
1056 1185 1151 1239 τοῦ
1179 1185 1432 1256 δευτέρου
1455 1185 1632 1254 γάμου
1654 1183 1722 1237 τά
1742 1182 1942 1252 φαιδρά

257 1276 736 1348 κπαρῃτήσαντοό,
766 1274 856 1327 καὶ
884 1273 1005 1328 οῦτε
1047 1273 1228 1338 αὐλὸς,
1261 1271 1384 1325 οὔτε
1409 1271 1616 1343 κρότοι,
1644 1269 1766 1324 οὔτε
1808 1269 1944 1339 ὑμέ-

273 1381 441 1427 ναιος,
466 1362 588 1416 οῦτε
610 1363 916 1435 ὀρχήματα,
939 1361 1062 1415 οὔτε
1093 1360 1344 1430 στέφανοι
1364 1359 1646 1430 νυμφικοὶ,
1666 1356 1788 1411 οὔτε
1817 1356 1944 1412 ἄλλο

273 1469 328 1503 τι
361 1452 470 1505 τῶν
498 1451 754 1505 τοιούτων
795 1451 893 1523 τὴν
927 1450 1167 1520 ἑσπέραν
1197 1447 1493 1518 κοσμοῦσιν
1533 1446 1771 1517 ἐκείνην,
1807 1444 1944 1499 ἀλλά

271 1537 494 1589 πάντων
547 1535 718 1605 αὐτὴν
770 1535 1282 1604 ἀποκοσμήσαντες,
1332 1531 1510 1593 οῦτως
1557 1528 1940 1596 ἀστεφάνωτον

273 1626 467 1692 ἄγουσι
505 1624 596 1678 τὸν
639 1623 806 1694 ἄνδρα
841 1622 975 1693 πρὸς
1011 1622 1110 1690 τὴν
1145 1621 1324 1692 χήραν
1359 1621 1614 1686 γυναῖκα,
1661 1615 1945 1686 μονονουχὶ

269 1712 509 1781 ’βοῶντες
535 1711 626 1763 διὰ
663 1710 868 1763 τούτων
909 1711 990 1764 ὅτι
1021 1709 1201 1762 πάντα
1248 1705 1581 1776 συγγνώμης
1612 1703 1740 1768 ἄξια
1769 1703 1944 1774 πράτ-

274 1815 478 1860 τουσιν,
515 1798 750 1851 ἀλλὀὐκ
784 1798 1022 1850 ἐπαίνων
1056 1795 1150 1848 καὶ
1173 1794 1382 1865 κρότων
1407 1793 1500 1847 καὶ⁵
1531 1792 1835 1860 στεφάνων.

345 1893 412 1954 γ’.
433 1885 556 1949 Πῶς
581 1882 672 1938 οὖν
693 1887 720 1938 ὁ
741 1883 953 1948 Παῦλος
977 1882 1216 1936 ἐκώλυσε
1240 1880 1682 1952 χηρεύειν,φησὶ,
1706 1879 1800 1931 καὶ
1821 1877 1944 1947 βου-

273 1975 507 2045 λομένας
535 1973 634 2037 τὰς
661 1973 806 2038 νέας,
837 1973 1036 2026 οὑτωσὶ
1059 1970 1306 2042 γράφων⁶
1337 1967 1638 2036 Νεωτέρας
1667 1965 1734 2019 δὲ
1755 1963 1947 2035 χήρας

275 2060 566 2130 παραιτοῦ
588 2077 605 2123 ;
627 2061 737 2137 Οὐχ
762 2062 790 2112 ὁ
812 2058 1022 2122 Παῦλος
1045 2057 1144 2122 τὰς
1171 2055 1499 2127 βουλομένας
1529 2053 1784 2124 χηρεύειν
1809 2049 1949 2105 ἐκώ-

269 2149 459 2214 λυσεν,
491 2150 606 2202 ἀλλ’
635 2151 838 2201 ἐκεῖναι
880 2148 974 2200 καὶ
1005 2146 1095 2202 τὸν
1122 2145 1332 2198 Παῦλον
1364 2146 1686 2213 ἠνάγκασαν
1714 2140 1790 2212 μὴ
1821 2139 1946 2210 βου-

275 2245 502 2316 λόμενον
543 2242 732 2298 τοῦτον
764 2241 1122 2307 διατάξασθαι
1149 2241 1240 2293 τὸν
1271 2239 1437 2310 νόμον
1487 2238 1711 2300 αὑταῖςο
1745 2239 1794 2290 εί
1838 2235 1946 2306 γὰρ

277 2341 372 2395 τοῦ
400 2341 614 2393 Παύλου
657 2339 720 2392 τδ
749 2338 962 2410 θέλημα
1000 2337 1178 2409 βούλει
1225 2334 1440 2407 μαθεῖν,
1487 2335 1654 2389 ἄκουε
1693 2332 1746 2386 τί
1779 2348 1945 2401 φησι·

279 2436 444 2490 Θέλω
471 2435 539 2488 δὲ
566 2434 798 2500 πάντας
834 2432 1184 2502 ἀνθρώπους
1225 2427 1384 2484 εἶναι
1416 2429 1499 2495 ὠς
1532 2427 1632 2481 καὶ
1664 2426 1946 2496 ἐμαυτὸν,

275 2532 350 2584 ἐν
397 2531 728 2600 ἐγκρατείᾳ.
769 2531 934 2584 Ὥστε
978 2529 1078 2582 οὐκ
1118 2529 1184 2582 ἂν
1222 2527 1534 2598 ἐμαχέσατο
1573 2523 1782 2593 ἐαυτῷ,
1828 2523 1950 2576 οὐδὲ

281 2629 649 2699 ἐναντιολογίᾳ
685 2627 919 2698 τοσαύτῃ
955 2625 1282 2696 περιέπεσεν
1329 2626 1358 2678 ὁ
1390 2623 1660 2694 μακάριος
1699 2623 1907 2682 ἐκεῖνος
1933 2658 1948 2683 ,

279 2725 390 2778 οὐδ’
430 2723 495 2778 ἃν
524 2727 553 2777 ὁ
589 2723 797 2786 πάντας
827 2721 1150 2793 ἀνθρώπους
1184 2721 1507 2792 βουλόμενος
1543 2717 1693 2790 [555]
1724 2713 1861 2771 εἶναι
1894 2718 1952 2770 ἐν

282 2819 599 2892 ἐγκρατείᾳ,
630 2818 726 2882 τάς
759 2817 1090 2888 βουλομένας
1117 2814 1375 2888 χηρεύειν
1399 2814 1663 2869 ἐκώλυσε.
1697 2813 1824 2876 Πῶς
1855 2805 1950 2866 οὖν

285 2933 416 2986 φησι
442 2934 454 2947 ·
474 2914 771 2982 Νεωτέρας
800 2913 868 2968 δὲ
895 2914 1087 2984 χήρας
1115 2912 1436 2982 παραιτοῦ;
1476 2910 1616 2966 Ἀλλ’
1641 2910 1782 2976 εἰπὲ,
1808 2909 1955 2973 τίνος

274 3014 468 3066 ἕνεκεν
497 3012 589 3064 καὶ
619 3009 708 3064 διά
744 3010 827 3077 τί;
864 3011 939 3064 Οὐ
973 3009 1082 3081 γὰρ
1116 3009 1306 3073 ἀπλῶς
1339 3007 1512 3072 οὕτως
1538 3009 1784 3079 εῐρηκεν,
1816 3003 1954 3058 ἀλλά

277 3107 381 3160 καὶ
403 3107 499 3178 τὴν
530 3107 709 3161 αἰτίαν
735 3106 1117 3177 προστέθεικεν
1164 3103 1365 3160 εἰπών·
1399 3105 1584 3156 Ὅταν
1623 3102 1734 3170 γὰρ
1773 3115 1954 3152 κατα-

280 3203 696 3272 στρηνιάσωσι
740 3203 848 3257 τοῦ
890 3201 1169 3272 Χριστοῦ,
1196 3200 1406 3270 γαμεῖν
1437 3198 1745 3254 θέλουσιν.
1793 3194 1957 3265 Ὁρᾷς

285 3297 368 3351 ὃτι
410 3298 472 3351 οὑ
522 3298 621 3362 τὰς
673 3297 928 3369 χηρεύειν
973 3296 1335 3368 βουλομένας,
1375 3294 1512 3350 ἀλλὰ
1564 3293 1663 3356 τὰς
1704 3289 1955 3360 γαμῆσαι

287 3396 730 3468 προαιρουμένοις
777 3393 916 3465 μετά
963 3395 1024 3447 τὸ
1055 3391 1323 3464 χηρεῦσαι
1357 3391 1556 3445 κωλύει
1603 3390 1810 3451 ἐκεῖνος
1854 3402 1950 3457 χη-

280 3489 478 3560 ρεῦσαι
515 3491 609 3545 καὶ
635 3493 717 3554 είς
747 3491 840 3544 τὸν
868 3489 1022 3559 ἀγιον
1056 3491 1261 3542 ἐκεῖνον
1298 3485 1732 3542 κατατάττεσθαι
1762 3483 1920 3556 χορόν
1939 3500 1952 3513 ·

290 3587 384 3639 καὶ
410 3585 616 3656 σφόδρα
648 3585 816 3638 ποιῶν
848 3583 1107 3648 συνετῶς.
1138 3585 1201 3638 El
1233 3583 1342 3655 γάρ
1377 3583 1612 3653 μέλλοις,
1654 3583 1810 3653 φησὶ,
1837 3581 1958 3634 δευ-

283 3681 470 3750 τέροις
491 3681 691 3752 γάμοις
715 3679 946 3749 ὁμιλεῖν,
979 3679 1112 3751 μηδὲ
1130 3679 1439 3752 ἐπαγγείλῃ
1456 3678 1683 3750 χηρείαν
1697 3694 1710 3707 ·
1737 3677 1833 3730 τοῦ
1854 3676 1960 3746 γὰρ

295 3776 420 3847 μηδ’
447 3777 584 3840 ὅλως
605 3776 946 3846 ὑποσχέσθαι
981 3777 1044 3829 τὸ
1073 3777 1213 3847 μετά
1249 3775 1348 3848 τὴν
1379 3777 1673 3845 ὑπόσχεσιν
1709 3775 1962 3843 ἀγνωμο-

291 3869 452 3942 νῆσαι
482 3871 660 3943 πολλῷ
688 3872 867 3943 χεῖρόν
892 3874 1059 3928 ἐστιν.
1093 3872 1305 3942 Ὥσπερ
1333 3865 1537 3934 οὖντὰς
1565 3871 1808 3939 συνεχεῖς
1838 3885 1964 3920 συν-

262 3975 477 4037 τυσίας
517 3973 833 4046 ἐπέτρεψεν,
903 3974 963 4027 ού
1006 3971 1332 4042 νομοθετῶν,
1379 3970 1517 4025 ἀλλά
1574 3969 1964 4039 συγγινώσκων

291 4072 508 4134 αὐτοῖς·
547 4071 726 4125 Τοῦτο
757 4070 865 4144 γὰρ
897 4070 1074 4140 λέγω,
1107 4071 1261 4141 φησὶ,
1294 4069 1445 4124 κατὰ
1475 4065 1862 4137 συγγνώμην,
1893 4067 1965 4119 οὑ

293 4173 420 4224 κατ’
464 4169 776 4239 ἐπιταγὴν,
818 4169 916 4222 διὰ
956 4167 1071 4235 τὴν
1112 4165 1414 4235 ἀκρασίαν
1443 4165 1649 4235 ὑμῶν·
1691 4164 1834 4218 οὕτω
1873 4165 1968 4218 καὶ

283 4264 531 4319 ἐνταῦθα
574 4266 640 4318 δι’
683 4264 869 4335 ἕτερον
913 4263 1097 4334 μεῖζον
1150 4262 1319 4317 κακὸν
1356 4261 1448 4314 τὸν
1485 4261 1741 4331 δεύτερον
1791 4260 1967 4330 γάμον

236 4379 240 4382 ‘
285 4358 549 4423 ⁴ἐπέταξε,
579 4358 790 4422 δεικνὺς
812 4359 891 4412 ὅτι
919 4358 1194 4412 καὶτοῦτο
1225 4356 1554 4427 συγγνώμης
1587 4355 1723 4417 ἐστὶ,
1755 4355 1820 4424 τῇ
1859 4351 1968 4405 τῶν

296 4454 510 4510 πολλῶν
544 4454 799 4526 ἀσθενείᾳ
845 4453 1408 4524 συγκαταδαινούσης.
1463 4451 1772 4506 Ἀσθένειαν
1819 4450 1876 4504 δὲ
1905 4451 1966 4504 οὐ

281 4549 601 4621 δυνάμεως,
646 4549 782 4604 ἀλλά
832 4550 1206 4622 προαιρέσεώς
1249 4567 1414 4622 φημι.
1464 4548 1732 4619 Καθάπερ
1779 4547 1888 4618 γὰρ
1933 4548 1968 4616 ἡ

291 4647 590 4718 παρθένος,
621 4647 762 4718 μετά
787 4647 885 4719 τὴν
921 4647 1022 4718 τῆς
1051 4646 1351 4716 παρθενίας
1377 4644 1714 4714 ἐπαγγελίαν
1743 4643 1972 4713 διαφθα-

293 4745 481 4813 ρεῖσα,
508 4742 751 4814 μοιχείας
766 4745 948 4815 χεῖρον
964 4743 1284 4815 ἐτόλμησεν·
1308 4740 1453 4796 οὕτω
1480 4740 1576 4795 καὶ
1598 4741 1630 4811 ὴ
1655 4742 1803 4811 χήρα
1823 4738 1972 4805 ἅπαξ

298 4839 768 4912 ἐπαγγειλαμένη,
804 4835 922 4894 εἶτα
951 4842 1242 4912 πατήσασα
1267 4841 1367 4904 τὰς
1395 4839 1533 4912 πρὸς
1571 4838 1663 4891 τὸν
1682 4836 1814 4891 Θεὸν
1847 4853 1972 4890 συν-

303 4934 499 5006 θήκας,
529 4936 632 4990 ὑπὸ
657 4937 754 5009 τὴν
779 4937 948 5006 αὐτὴν
977 4937 1252 5009 ἁμαρτίαν
1270 4939 1537 5001 πεσεῖται,
1563 4933 1778 5004 καὶτῆς
1803 4932 1974 5002 αὐτῆς

295 5033 458 5087 ἴσται
491 5033 760 5105 τιμωρίας
799 5033 1129 5098 ὑπεύθυνος⁹
1163 5037 1212 5088 εί
1232 5035 1290 5088 δὲ
1320 5036 1424 5106 χρὴ
1451 5051 1505 5087 τι
1534 5033 1630 5088 καὶ
1662 5030 1974 5103 θαυμαστὸν

301 5132 501 5196 εἰπεῖν,
553 5134 695 5203 τάχα
739 5135 834 5185 καὶ
877 5130 1058 5201 πολλῷ
1102 5129 1378 5202 μείζονος·
1414 5129 1474 5182 οὐ
1511 5128 1620 5200 γάρ
1651 5131 1801 5182 ἐστιν
1837 5127 1972 5188 ἴσον,

301 5227 444 5298 ὅπερ
470 5229 564 5281 καὶ
584 5228 887 5301 ἀρχόμενος
918 5223 1094 5295 εἷπον,
1123 5230 1222 5299 τήν
1250 5245 1309 5280 τε
1344 5227 1593 5296 ἄπειρον,
1629 5225 1726 5280 καὶ
1753 5223 1851 5296 τὴν
1887 5239 1978 5276 πε-

303 5323 646 5393 πειραμένην
678 5325 790 5386 τοῖς
827 5323 1013 5386 αὐτοῖς
1047 5323 1209 5377 πάλιν
1251 5324 1570 5393 περιπεσεῖν
1623 5320 1972 5393 πειρασμοῖς.

369 5497 392 5563 ξ’
422 5497 556 5563 Coll).
583 5503 894 5563 κατηφιῶσιν.

367 5558 398 5626 ΙῨ
425 5560 573 5626 ξενὶι.
603 5573 654 5611 el.
675 5558 810 5613 Cblh.
833 5565 913 5611 καὶ
933 5567 976 5612 οἱ
998 5564 1133 5625 νόμοι
1153 5560 1518 5626 συνεωρακότις.

368 5623 394 5652 ⁸
421 5623 556 5675 0οη).
585 5643 664 5691 πεῖ
680 5626 965 5674 εσπάσαντο.

985 201 1040 259 S.
1081 196 1366 256 JOANNIS
1402 191 1891 255 CIIRYSOSTOIII
1931 193 2254 253 ARCHIEP.
2296 197 2844 255 CONSTANTINOP.

3599 197 3704 256 εει

2043 309 2154 361 Καὶ
2185 310 2284 362 οὐκ
2317 309 2551 364 ἐνταῦθα
2585 311 2766 382 μόνον,
2809 309 2945 366 ἀλλὰ
2975 310 3274 383 προειπὼν,
3307 313 3402 366 καὶ
3434 311 3598 366 πάλιν
3625 311 3710 364 λέ-

2043 413 2175 464 γων,
2209 399 2508 468 Βούλομαι
2525 399 2816 469 νεωτέρας
2844 399 3037 472 χήρας
3051 399 3279 470 γαμεῖν,
3307 399 3706 472 τεκνογονεῖν,

2043 484 2508 552 οἰκοδεσποτεῖν,
2529 486 2625 557 τὴν
2640 488 2820 542 αἰτίαν
2845 487 3187 559 προστίθησι,
3205 489 3274 542 δι’
3298 489 3365 560 ἢν
3392 489 3565 543 ταῦτα
3585 488 3711 560 βού-

2043 570 2214 626 λεται.
2247 571 2344 636 Τίς
2374 573 2430 626 δέ
2455 575 2602 627 ἐστιν
2636 573 2772 646 αῦτη
2795 592 2809 641 ;
2834 574 3162 644 Μηδεμίαν,
3186 577 3340 647 φησὶ,
3369 575 3602 630 διδόναι
3633 574 3714 641 τῷ

2043 659 2428 730 ἀντικειμένῳ
2473 662 2753 732 ἀφορμὴν
2793 664 3093 733 λοιδορίας
3127 663 3321 734 χάριν.
3357 664 3574 735 Ἐπειδὴ
3601 664 3717 735 γὰρ

2046 747 2248 812 πολλὰς
2279 748 2388 802 τῶν
2427 749 2614 820 χηρῶν
2659 750 2805 814 εἰκὸς
2847 746 2916 823 ἦν
2961 752 3084 806 τότε
3133 751 3569 823 προπετέστερον
3618 751 3717 804 καὶ

2047 835 2437 906 αὐθαδέστερον
2467 837 2545 908 τῷ
2580 837 2719 908 μετά
2757 837 2932 891 ταῦτα
2977 839 3276 910 κεχρῆσθαι
3316 838 3436 911 βίῳ,
3464 839 3718 911 καθάπερ

2047 923 2190 985 τινὸς
2218 923 2465 996 ἀνάγκης
2489 927 2583 979 καὶ
2614 925 2933 990 δεσποτείας
2961 925 3058 996 τῆς
3086 927 3219 997 πρὸς
3247 927 3340 979 τὸν
3358 927 3530 998 ἄνδρα
3552 926 3722 992 συζυο

2047 1009 2171 1077 γίας
2193 1010 2618 1080 ἀπαλλαγείσας,
2643 1013 2719 1077 ῶς
2740 1013 2835 1067 καὶ
2857 1014 3098 1084 πονηρὰν
3125 1014 3533 1068 ἐπισπάσασθαι
3555 1013 3723 1079 δόξαν

2047 1097 2136 1151 διά
2160 1099 2258 1169 τῆς
2294 1101 2636 1171 ἰταμότητος,
2662 1101 2893 1170 ἀπάγων
2920 1101 3090 1164 αὐτὰς
3111 1102 3207 1173 τῆς
3235 1101 3480 1173 ὀλεθρίου
3507 1102 3725 1172 ταύτης

2050 1188 2382 1260 ἐλευθερίας,
2415 1190 2576 1242 πάλιν
2623 1190 2716 1244 ἐπὶ
2749 1190 2840 1245 τὸν
2875 1189 3037 1258 ζυγὸν
3068 1191 3190 1258 ἀγει
3222 1191 3312 1243 τὸν
3341 1191 3626 1262 πρότερον.
3655 1192 3725 1244 Et

2050 1280 2158 1350 γάρ
2182 1281 2362 1350 μέλλοι
2379 1300 2482 1346 τις,
2502 1282 2655 1352 φησὶ,
2674 1283 2818 1354 χήρα
2833 1280 2968 1337 οὖσα
2986 1283 3160 1355 λάθρα
3179 1283 3460 1356 πορνεύειν
3474 1284 3565 1336 καὶ
3585 1301 3726 1337 κατ-

2051 1368 2325 1439 αισχύνειν
2355 1371 2573 1442 ἑαυτὴν,
2612 1371 2792 1441 πολλῷ
2820 1371 3026 1443 βέλτιον
3048 1375 3268 1444 γαμεῖν,
3303 1373 3397 1426 καὶ
3418 1371 3729 1441 μηδεμίαν

2051 1465 2280 1522 διδόναι
2312 1467 2392 1533 τῷ
2431 1469 2814 1540 ἀντικειμένῳ
2841 1469 3122 1540 ἀφορμὴν
3157 1469 3463 1538 λοιδορίας
3495 1469 3680 1538 χάριν
3703 1481 3726 1502 ο

2053 1565 2194 1619 ῶστε
2225 1565 2313 1620 διὰ
2345 1568 2406 1620 τὸ
2443 1568 2517 1639 μὴ
2553 1565 2812 1639 παρέχειν
2856 1567 2956 1632 τάς
2999 1568 3254 1639 ἀφορμάς
3284 1568 3382 1638 τῆς
3424 1566 3725 1637 λοιδορίας,

2054 1664 2146 1716 καὶ
2186 1665 2299 1734 βίον
2331 1664 2658 1736 ἐφύδριστον
2685 1665 2784 1735 ζῇν
2813 1667 2906 1719 καὶ
2940 1665 3220 1733 πορνικὸν,
3273 1663 3366 1717 τὸν
3407 1665 3586 1735 γάμον
3626 1667 3727 1718 ἐπ-

2053 1759 2262 1826 έταξεν.
2285 1763 2480 1816 ’Ἄκουε
2500 1761 2630 1831 γοῦν
2659 1764 2752 1816 καὶ
2779 1764 2878 1816 ὅσα
2898 1761 3076 1816 αὐτῶν
3101 1764 3416 1832 κατηγορεῖ.
3453 1762 3584 1816 Δέον
3610 1764 3726 1834 γὰρ

2055 1861 2135 1922 είς
2175 1858 2484 1930 προσευχὰς
2508 1860 2806 1930 τετράφθαι
2837 1861 2928 1913 τὸν
2952 1861 3166 1914 ἅπαντα
3200 1859 3389 1930 χρόνον
3421 1859 3516 1912 καὶ
3544 1861 3732 1932 ἱκετη-

2059 1959 2180 2028 ρίας
2199 1972 2214 1988 ⁸
2241 1961 2314 2013 Al
2340 1959 2408 2012 δὲ
2429 1997 2442 2021 ,
2478 1960 2630 2030 φησὶ,
2660 1959 2759 2013 καὶ
2790 1959 2963 2027 ἀργαὶ
2998 1959 3380 2028 μανθάνουσι
3413 1958 3732 2026 περιερχό-

2050 2071 2226 2123 μεναι
2245 2056 2349 2121 τὰς
2366 2055 2586 2122 οὶκίαςσ
2618 2057 2689 2110 οὐ
2710 2057 2904 2124 μόνον
2922 2055 2990 2108 δὲ
3005 2055 3200 2124 ἀργαὶ,
3221 2054 3382 2108 ἀλλὰ
3403 2054 3498 2109 καί
3525 2054 3733 2122 φλύα-

2049 2171 2146 2221 ροι
2160 2153 2256 2206 καὶ
2279 2154 2594 2221 περίεργοι,
2615 2151 2915 2206 λαλοῦσαι
2934 2150 3005 2205 τὰ
3014 2149 3099 2220 μὴ
3117 2149 3352 2203 δέοντα.
3369 2149 3540 2212 Αὐτὸς
3555 2147 3611 2200 δὲ
3627 2147 3734 2218 οὐχ
3844 2199 3847 2208 λ

2056 2247 2198 2301 οῦτω
2224 2247 2491 2318 βούλεται,
2519 2246 2654 2300 ἀλλά
2683 2244 3066 2318 προσηλῶσθαι
3089 2243 3258 2316 αὐτὴν
3287 2243 3580 2306 διαπαντὸς
3613 2245 3735 2306 τοῖς

2061 2344 2449 2410 πνευματικοῖς
2467 2358 2482 2373 °
2519 2342 2589 2397 Ἠ
2609 2343 2717 2412 γὰρ
2733 2339 3128 2402 σπαταλῶσα,
3150 2341 3303 2410 φησὶ,
3327 2339 3481 2399 ζῶσα
3513 2338 3731 2404 τέθνηκ-

2060 2457 2185 2493 κεν.
2227 2439 2379 2492 Ἐπεὶ
2407 2441 2499 2492 καὶ
2521 2439 2617 2509 τὴν
2642 2437 2930 2510 παρθένον,
2957 2437 3017 2490 ού
3040 2439 3108 2507 τῇ
3127 2435 3220 2490 τοῦ
3253 2435 3501 2506 σώματος
3531 2435 3736 2506 ἁγνείᾳ

2062 2534 2312 2606 βούλεται
2339 2536 2547 2607 ὁρίζειν
2581 2535 2740 2589 τοῦτο
2767 2535 2828 2588 τὸ
2854 2535 3017 2588 καλὸν
3041 2531 3217 2606 [554],
3255 2532 3390 2587 ἀλλά
3415 2532 3516 2602 τὴν
3545 2534 3734 2586 πᾶσαν

2061 2636 2257 2707 σχολὴν
2291 2637 2372 2700 είς
2413 2635 2512 2707 τὴν
2555 2635 2810 2706 λατρείαν
2855 2634 3172 2688 ἀναλίσκειν
3215 2634 3310 2687 τοῦ
3344 2633 3506 2687 Θεοῦ.
3545 2633 3736 2688 Τοῦτο

2060 2731 2189 2803 γὰρ.
2223 2730 2376 2802 φησὶ,
2398 2730 2555 2801 λέγω
2579 2729 2745 2801 ὑμῖν,
2768 2731 2882 2798 οὐχ
2903 2731 3003 2784 ἵνα
3019 2731 3253 2800 βρόχον
3274 2728 3420 2800 ὑμῖν
3442 2728 3734 2794 ἐπιϐάλω,

2061 2826 2223 2881 ἀλλὰ
2259 2826 2410 2895 πρὸς
2431 2825 2498 2878 τὸ
2518 2826 2832 2895 εὔσχημον
2855 2825 2954 2879 καὶ
2975 2825 3388 2895 εὐπρόσεδρον
3423 2823 3504 2890 τῷ
3532 2826 3737 2892 Κυρίῳ

2062 2921 2545 2990 ἀπερισπάστως.
2576 2921 2650 2974 Οὐ
2686 2903 2794 2992 γάρ
2835 2919 2982 2975 θέλει
3021 2920 3192 2991 αὐτὴν
3225 2921 3570 2992 μερίζεσθαι,
3609 2920 3735 2974 ἀλλ’

2064 3019 2192 3089 ὃλην
2221 3014 2360 3072 εἶναι
2391 3017 2499 3070 τῶν
2534 3016 2924 3088 πνευματικῶν
2961 3016 3054 3072 καὶ
3085 3017 3194 3071 τῶν
3223 3018 3281 3071 ἐν
3321 3020 3433 3081 τοῖς
3458 3018 3735 3090 οὐρανοῖς,

2065 3115 2160 3170 καὶ
2180 3115 2249 3168 τὰ
2273 3115 2366 3168 τοῦ
2390 3113 2594 3184 Κυρίου
2629 3115 2919 3185 μεριμνᾷν.
2956 3112 3112 3166 Οῦτω
3134 3113 3226 3166 καὶ
3252 3112 3352 3183 τὴν
3382 3113 3556 3182 χήραν
3577 3113 3740 3165 πολι-

2063 3210 2316 3264 τεύεσθαι
2349 3212 2602 3281 παραινεῖ
2627 3209 2799 3278 λέγων
2817 3227 2830 3240 ·
2875 3208 2946 3261 Ἠ
2965 3207 3034 3261 δὲ
3053 3206 3238 3273 ὅντως
3249 3206 3405 3276 χήρα
3438 3207 3536 3261 καὶ
3549 3223 3738 3274 μεμο-

2063 3306 2298 3375 νωμένη
2331 3306 2596 3375 ἤλπισεν
2620 3306 2643 3344 δ
2675 3304 2774 3358 ἐπὶ
2810 3303 3105 3371 τὸνθεόν,
3137 3303 3234 3357 καί
3262 3301 3586 3371 προσμένει
3601 3301 3739 3368 ταῖς

2065 3401 2345 3469 δεήσεσι,
2386 3401 2484 3454 καὶ
2513 3400 2653 3471 σταῖς
2681 3397 3046 3468 προσευχαῖς
3079 3397 3301 3462 νυκτὸς
3344 3397 3442 3450 καὶ
3485 3395 3740 3465 ἡμέρας.

2069 3499 2237 3551 Ὅταν
2251 3491 2345 3549 οὖν
2363 3495 2462 3566 τὴν
2492 3495 2686 3564 σχολὴν
2703 3494 2768 3565 ἣν
2793 3495 2850 3545 ὲν
2874 3494 2987 3556 τοῖς
3014 3491 3391 3561 εὐαγγελικοῖς
3412 3491 3739 3561 πράγμασιν

2068 3589 2377 3644 ἀναλίσκειν
2427 3588 2554 3660 χρὴ,
2583 3586 2786 3657 ταύτην
2815 3584 2891 3657 μὴ
2942 3585 3104 3656 μόνον
3137 3587 3217 3648 είς
3243 3585 3472 3657 περιττὰ
3513 3585 3609 3638 καὶ
3653 3586 3745 3638 ἀν-

2069 3685 2274 3755 ωφελῆ,
2316 3682 2451 3737 ἀλλά
2483 3683 2578 3736 καὶ
2615 3684 2694 3745 είς
2721 3681 2788 3734 τά
2836 3681 3037 3751 σφόδρα
3063 3681 3332 3752 ὲπιϐλαόῆ
3364 3681 3514 3752 παρά
3558 3682 3745 3736 πάντα

2069 3779 2349 3835 δαπανῶσι
2379 3777 2470 3831 τὸν
2497 3777 2632 3848 βίον,
2663 3775 2888 3839 εἰκότως
2921 3776 3093 3840 αὐτάς
3123 3775 3219 3830 ἐπὶ
3249 3776 3340 3830 τὸν
3387 3777 3568 3847 γάμον
3611 3776 3740 3844 ἄγει

2071 3874 2276 3930 λοιπόν.
2300 3872 2563 3942 Καθάπερ
2583 3870 2676 3926 οὖν
2704 3872 2799 3926 καὶ
2837 3872 3116 3936 Ἰουδαίοις
3143 3871 3205 3924 τὸ
3235 3871 3506 3926 σάϐϐατον
3536 3872 3742 3926 ἔδωκεν

2071 3975 2100 4027 ὁ
2127 3973 2282 4036 Θεὸς,
2325 3970 2423 4040 οὐχ
2459 3971 2545 4023 ἵνα
2574 3969 2822 4042 ἀργῶσιν
2853 3968 3061 4035 ἁπλῶς,
3097 3967 3212 4023 ἀλλ’
3246 3969 3333 4022 ἵνα
3355 3967 3464 4021 τῶν
3489 3967 3743 4038 πονηρῶν

2073 4068 2384 4139 ἀπέχωνται
2413 4063 2666 4136 πράξεων
2687 4082 2700 4096 ·
2730 4064 2873 4118 οῦτω
2900 4066 2994 4120 καὶ
3024 4067 3057 4136 ή
3085 4065 3229 4136 χήρα
3257 4065 3352 4118 καὶ
3380 4065 3413 4134 ἡ
3449 4063 3741 4135 παρθένος,

2073 4167 2172 4236 οὐχ
2202 4165 2288 4219 ἴνα
2313 4162 2500 4226 ἁπλῶς
2533 4162 2607 4235 μὴ
2633 4162 2893 4232 ὁμιλῶσιν
2921 4162 3100 4233 ἀνδρὶ,
3118 4162 3308 4215 τοῦτον
3337 4163 3620 4234 αἱροῦνται
3653 4162 3746 4217 τὸν

2078 4262 2210 4332 βίον,
2237 4261 2351 4314 ἀλλ’
2384 4259 2470 4313 ἵνα
2488 4258 2556 4311 τά
2579 4257 2672 4312 τοῦ
2696 4258 2899 4329 Κυρίου
2932 4257 3291 4329 μεριμνῶσιν,
3324 4258 3412 4312 ἵνα
3433 4259 3493 4324 ἐξ
3517 4259 3748 4330 ὁλοκλή-

2082 4376 2174 4432 ρου
2195 4361 2262 4429 τῇ
2289 4356 2384 4410 τοῦ
2408 4354 2544 4410 Θεοῦ
2574 4366 2597 4394 ⁸
2627 4355 2894 4426 θεραπείᾳ
2923 4354 3350 4426 προσεδρεύωσι.

2146 4457 2207 4510 δ’.
2226 4457 2273 4509 Ν
2278 4455 2354 4521 αὶ,
2375 4453 2555 4525 φησίν·
2575 4451 2690 4506 ἀλλ’
2705 4451 2976 4522 ἀφόρητον
2989 4451 3138 4504 ἐσται
3154 4452 3321 4505 κακὸν
3335 4453 3572 4519 γυναῖκα
3583 4445 3753 4506 οὖσαν

2078 4551 2418 4626 πραγμάτων
2445 4551 2670 4621 ἄπειρον
2703 4548 2770 4602 τά
2799 4547 2905 4601 τῶν
2933 4546 3142 4618 ἀνδρῶν
3171 4545 3582 4615 ἀναγκάζεσθαι
3613 4548 3755 4600 ὑπο-

2083 4649 2284 4720 μένειν.
2314 4647 2451 4702 υῦτε
2470 4646 2578 4717 γὰρ
2598 4644 2737 4714 αὑτὴ
2763 4643 3140 4714 μεταχειρίσαι
3159 4643 3470 4714 δυνήσεται,
3495 4642 3756 4712 καθάπερ

2080 4747 2303 4809 ἐκεῖνος,
2329 4745 2423 4798 καὶ
2449 4741 2656 4812 θλίψεις
2690 4741 2798 4794 ἀπὸ
2825 4739 3028 4793 τούτων
3060 4740 3154 4792 καὶ
3181 4738 3242 4790 τὸ
3275 4738 3451 4791 πάντα
3482 4738 3756 4792 ἀπολέσαι

2079 4843 2331 4913 κερδανεῖ
2367 4840 2544 4912 μόνον.
2586 4833 2712 4909 Ἆρ’
2743 4833 2836 4891 οῦν
2870 4837 3040 4889 πᾶσαι
3071 4835 3127 4887 αί
3163 4833 3237 4905 μὴ
3258 4833 3534 4904 δευτέροις
3562 4834 3758 4905 ὁμιλήο

2084 4957 2245 4993 σασαι
2279 4938 2476 5009 γάμοις
2509 4937 2685 4993 πάντα
2716 4933 3006 4988 ἀπώλεσαν
3041 4931 3112 4984 τά
3149 4931 3360 4995 αὐτῶν,
3391 4932 3487 4984 καὶ
3533 4931 3759 4985 πάντων

2082 5033 2357 5098 ἐξέπεσον,
2386 5033 2480 5087 καὶ
2503 5033 2602 5085 οὐκ
2623 5031 2768 5084 ἐστιν
2794 5029 2920 5082 ἰδεῖν
2950 5031 3184 5097 γυναῖκα
3211 5029 3384 5099 χήραν
3411 5028 3757 5100 πραγμάτων

2082 5128 2514 5201 προῖσταμένηνς
2551 5127 2756 5198 Σκῆψις
2792 5125 2966 5179 ταῦτα
2998 5125 3093 5178 καὶ
3121 5123 3394 5194 πρόφασις
3423 5123 3520 5177 καὶ
3548 5124 3649 5194 τῆς
3682 5127 3760 5178 ol-

2083 5227 2236 5290 κείας
2257 5224 2540 5287 ἀσθενείας
2561 5223 3025 5295 προκαλύμματα.
3051 5221 3253 5274 Πολλαὶ
3276 5220 3386 5292 γάρ
3406 5220 3518 5274 τῶν
3543 5219 3757 5290 ἀνδρῶν

2083 5320 2454 5394 γενναιότερον
2479 5319 2574 5372 καὶ⁹
2594 5318 2770 5382 οἰκίας
2795 5318 3158 5389 προέστησαν,
3189 5317 3283 5370 καὶ
3312 5315 3509 5380 παῖδας
3537 5315 3757 5389 ἐξέθρε-

2147 5497 2171 5538 δ
2197 5496 2333 5550 Colb.
2355 5497 2568 5554 ἤλπισεν.

2151 5565 2175 5594 θ
2201 5559 2335 5612 Colb.
2360 5555 2446 5607 τοῦ
2469 5556 2664 5622 Κυρίου.
