3890 6220
278 210 383 267 613

276 310 514 369 gemunt.
544 301 695 371 Quod
721 300 764 357 si
790 310 1045 373 prteterea
1072 300 1254 373 pupilli
1281 302 1547 370 all'uerint,
1575 303 1854 372 siquidem

280 396 435 450 valde
460 394 609 464 pueri
650 395 795 462 sint,
825 410 1071 464 magnum
1096 394 1164 449 ab
1190 395 1254 450 iis
1277 436 1291 461 ,
1323 396 1410 464 qui
1446 396 1510 449 de
1537 395 1695 449 rebus
1714 394 1859 464 judi-

281 502 403 539 care
444 495 682 555 queunt,
717 485 770 544 in
796 495 1017 539 matrem
1047 485 1226 539 odium
1268 484 1501 540 excitant
1532 501 1545 537 :
1576 485 1656 539 sin
1683 493 1860 539 autem

286 578 552 649 puberes,
609 586 846 641 tantam,
901 588 1153 646 quantam
1206 576 1295 631 vix
1343 577 1483 630 aliud
1534 576 1859 647 quidquam,

287 669 582 722 molestiam
599 677 927 736 comparant.
945 667 1072 736 Qua:
1088 666 1299 736 quidem
1322 669 1499 722 omnia
1515 683 1634 722 cum
1654 668 1864 737 legisla-

287 770 429 813 tores
455 758 955 824 animadverterent,
975 768 1027 813 et
1041 774 1154 825 eos,
1172 760 1261 830 qui
1284 768 1562 829 propterea
1577 770 1860 830 anguntur,

288 850 552 903 consolari
578 849 794 915 vellent,
814 858 868 903 et
895 849 1052 903 simul
1078 850 1158 904 sui
1181 848 1305 904 facti
1333 850 1591 904 rationem
1620 849 1862 914 reddere,

287 939 429 1008 quod
476 954 583 993 non
622 954 688 993 ex
733 940 1001 1009 proposito
1047 940 1130 995 vel
1171 954 1236 995 ex
1280 939 1522 1011 professo
1566 939 1865 1008 hujusmodi

290 1030 685 1083 matrimonium
712 1030 1084 1096 instituerent,
1114 1030 1207 1085 sed
1234 1038 1434 1085 tantum
1459 1040 1603 1085 metu
1629 1028 1862 1093 adducti,

293 1134 361 1173 ne
422 1120 637 1189 gravius
690 1120 901 1189 aliquod
958 1122 1152 1175 malum
1207 1123 1538 1186 exsisteret,
1608 1119 1868 1175 secundas

292 1212 503 1281 nuptias
529 1213 673 1266 omni
700 1212 788 1266 illa
813 1212 1084 1283 splendida
1110 1227 1300 1282 pompa
1326 1212 1622 1282 spoliarunt
1654 1229 1667 1265 :
1698 1225 1870 1279 neque

294 1304 436 1357 enim
463 1303 588 1357 tibia
612 1343 628 1369 ,
656 1318 827 1372 neque
850 1303 1087 1373 plausus,
1116 1318 1288 1372 neque
1326 1303 1632 1374 hymenaeus
1655 1343 1670 1367 ,
1700 1316 1871 1370 neque

295 1395 506 1450 chorete
529 1437 543 1461 ,
578 1410 750 1465 neque
773 1410 985 1451 corona:
1015 1396 1273 1464 nuptiales
1299 1436 1314 1460 ,
1346 1409 1520 1464 neque
1546 1394 1687 1447 aliud
1714 1393 1870 1464 quid-

296 1486 437 1554 piam
464 1486 720 1554 ejusmodi
749 1501 1022 1554 vesperam
1051 1486 1190 1539 illam
1217 1494 1427 1547 ornant,
1445 1485 1538 1539 sed
1568 1483 1681 1537 hinc
1696 1485 1871 1538 omnia

297 1576 761 1642 auferentes,_sic
812 1591 916 1630 non
966 1584 1275 1631 coronatum
1323 1575 1491 1630 virum
1543 1575 1608 1629 ad
1660 1574 1872 1628 viduam

300 1668 576 1723 mulierem
619 1666 931 1722 adducunt:
964 1675 1166 1722 tantum
1213 1682 1319 1721 non
1363 1682 1458 1737 per
1484 1666 1598 1720 haec
1638 1666 1876 1720 claman-

302 1766 381 1811 tes
404 1799 419 1823 ,
448 1774 566 1828 qua:
612 1759 739 1813 ﬁunt
766 1758 941 1814 omnia
987 1773 1107 1813 esse
1145 1757 1355 1827 quidem
1396 1756 1657 1826 ejusmodi
1682 1756 1876 1826 quibus

300 1850 453 1901 venia
484 1850 657 1915 detur,
689 1849 783 1905 sed
809 1849 1070 1914 laudibus,
1095 1848 1326 1913 coronis,
1362 1848 1631 1916 plausibus
1658 1847 1878 1902 minime

301 1938 479 2008 digna.

377 2033 432 2085 5.
475 2031 577 2085 Cur
598 2030 794 2085 Paulus
814 2031 1044 2100 juniores
1070 2029 1247 2082 viduas
1276 2028 1460 2082 nubere
1496 2030 1627 2082 velit.
1671 2056 1741 2068 --
1776 2025 1882 2080 Cur

309 2121 490 2190 igitur,
520 2121 686 2185 dices,
717 2121 911 2175 Paulus
943 2120 1225 2190 prohibet,
1255 2135 1323 2173 ne
1344 2119 1613 2189 juniores,
1639 2119 1799 2173 etiam
1839 2118 1883 2171 si

308 2214 506 2280 velint,
558 2213 726 2267 vidua:
766 2213 1054 2267 maneant?
1097 2212 1168 2266 ita
1220 2211 1362 2266 enim
1407 2210 1593 2264 scribit
1640 2226 1653 2262 :
1694 2208 1882 2261 Adole-

308 2306 575 2358 scentiores
615 2312 779 2356 autem
829 2303 1004 2357 viduas
1044 2302 1208 2355 devita
1256 2303 1335 2371 (1.
1372 2299 1508 2354 Tim.
1539 2300 1592 2355 5.
1630 2299 1736 2368 11).
1770 2297 1884 2352 Non

311 2408 440 2449 sane
463 2394 656 2448 Paulus
699 2394 1078 2464 impedimento
1108 2403 1210 2457 est,
1239 2392 1522 2461 quominus
1547 2406 1668 2459 qua:
1705 2390 1889 2444 volunt

314 2484 670 2555 virginitatem
691 2492 925 2549 servent,
956 2482 1050 2538 sed
1077 2483 1207 2552 ipsae
1237 2482 1411 2551 potius
1439 2488 1724 2548 sunthqua:
1754 2479 1893 2533 Pauo

314 2575 423 2630 lum
454 2590 519 2630 eo
546 2575 879 2630 necessitatis
904 2574 1230 2643 adegerunt,
1271 2582 1327 2627 ut
1369 2580 1562 2642 praeter
1601 2569 1765 2624 animi
1808 2568 1889 2621 sui

314 2667 629 2722 sententiam
656 2666 792 2721 hanc
818 2666 945 2736 ipsis
975 2666 1146 2736 legem
1168 2664 1349 2719 ferret.
1373 2664 1503 2718 Nam
1533 2664 1577 2718 si
1608 2660 1753 2717 Pauli
1769 2674 1893 2715 sen-

318 2758 533 2813 tentiam
562 2758 642 2811 vis
670 2772 1009 2827 cognoscere,
1036 2756 1158 2809 audi
1186 2755 1311 2826 quid
1344 2754 1521 2809 dicat:
1562 2753 1687 2808 Volo
1722 2768 1892 2807 omnes

319 2848 543 2901 homines
568 2862 674 2900 esse
700 2848 830 2901 sicut
866 2847 1109 2916 meipsum
1132 2845 1179 2917 (l
1195 2884 1209 2898 .
1232 2844 1353 2899 Cor.
1381 2842 1508 2917 7.7)
1534 2861 1547 2897 :
1580 2844 1631 2898 id
1652 2852 1733 2934 eslt
1759 2857 1892 2897 con-

322 2939 595 2995 tinentiam
621 2954 853 2994 servare.
884 2938 1241 3006 Quamobrem
1271 2953 1376 2991 non
1416 2936 1519 2991 sibi
1558 2936 1659 3007 ipsi
1703 2936 1895 2991 adver-

322 3040 467 3085 satur
498 3030 683 3085 beatus
705 3030 812 3096 ille,
847 3045 1021 3099 neque
1050 3029 1189 3083 inter
1229 3044 1288 3084 se
1326 3030 1611 3099 pugnantia
1646 3028 1895 3095 loquitur,

325 3135 424 3174 nec
453 3122 538 3190 qui
581 3121 707 3175 velit
745 3135 932 3175 omnes
980 3119 1223 3175 homines
1267 3119 1445 3173 colere
1493 3120 1898 3184 continentiam,

325 3209 564 3263 obstaret
591 3224 695 3279 quo
737 3210 913 3263 minus
942 3224 1060 3279 qua:
1086 3208 1271 3263 volunt
1298 3207 1467 3261 vidua:
1496 3216 1761 3263 maneant.
1793 3206 1903 3261 Cur

326 3316 457 3372 ergo
480 3301 642 3355 dicit:
668 3301 1091 3356 Adolescentiores
1111 3310 1275 3354 autem
1297 3300 1471 3354 viduas
1488 3300 1651 3353 devita
1669 3302 1743 3368 (ι.
1768 3299 1899 3352 Tim.

331 3393 385 3448 5.
416 3393 506 3462 11)
524 3393 549 3443 ‘i
568 3392 651 3446 die
673 3408 767 3447 cur
793 3403 848 3448 et
872 3409 973 3463 qua
1002 3393 1067 3447 de
1095 3407 1273 3447 causa.
1303 3391 1420 3446 Non
1459 3391 1601 3445 enim
1624 3391 1723 3445 ista
1748 3390 1905 3445 abso-

329 3483 441 3537 lute
470 3482 724 3552 protulit,
756 3483 849 3537 sed
876 3498 1091 3538 causam
1117 3482 1359 3551 adjunxit
1386 3500 1398 3536 :
1425 3480 1551 3535 Cum
1583 3482 1715 3535 enim
1752 3480 1899 3534 luxu-

329 3576 474 3627 riata:
493 3574 680 3643 fuerint
707 3574 757 3627 in
787 3574 1007 3639 Christo,
1040 3574 1221 3627 nubere
1240 3575 1430 3627 uolunt.
1464 3574 1621 3628 Vides
1648 3589 1752 3627 non
1792 3588 1903 3638 eas,

330 3680 453 3734 qua:
482 3666 787 3719 viduitatem
815 3679 1033 3720 servare
1062 3665 1265 3729 volunt,
1291 3664 1384 3719 sed
1411 3679 1529 3733 qua:
1560 3674 1834 3734 postquam
1855 3664 1909 3717 in

332 3757 642 3812 viduitatem
687 3757 1013 3821 inciderunt,
1054 3756 1358 3811 nubendum
1394 3756 1495 3811 sibi
1533 3764 1801 3822 statuunt,
1843 3755 1911 3809 ab

335 3849 429 3902 illo
457 3848 723 3918 prohiberi
754 3865 820 3904 ne
846 3847 1015 3902 vidua:
1045 3858 1315 3914 maneant,
1346 3862 1479 3901 neve
1520 3846 1573 3901 in
1603 3862 1811 3901 sacrum
1843 3846 1909 3899 ilo

337 3939 445 3993 lum
472 3939 692 3993 chorum
716 3938 1078 4005 admittuntur,
1110 3937 1266 4007 idque
1295 3937 1449 3993 valde
1470 3937 1755 4006 sapienter.
1780 3936 1911 3991 Nam

339 4032 385 4085 si
426 4031 582 4086 alteri
622 4032 958 4086 matrimonio
997 4030 1241 4100 illiganda
1293 4044 1374 4097 es,
1428 4045 1600 4099 neque
1650 4030 1915 4100 spondere

340 4124 500 4179 etiam
526 4124 832 4179 viduitatem
863 4124 1044 4179 debes.
1074 4123 1205 4177 Nam
1228 4132 1345 4192 post
1375 4122 1779 4191 promissionem
1800 4137 1913 4176 mu-

346 4223 457 4268 tare
472 4215 785 4268 sententiam
801 4215 953 4283 longe
970 4212 1202 4267 deterius
1223 4222 1323 4273 est,
1337 4228 1494 4283 quam
1512 4227 1684 4283 neque
1699 4213 1916 4267 omnino

347 4304 677 4374 promittere.
724 4302 1182 4370 Quemadmodum
1226 4302 1385 4371 igitur
1424 4303 1692 4357 assiduam
1736 4302 1917 4357 liberis

346 4410 563 4464 operam
592 4394 721 4449 dare
745 4395 1002 4464 permisit,
1031 4409 1136 4447 non
1166 4393 1337 4461 legem
1376 4402 1635 4460 statuens,
1668 4394 1760 4448 sed
1789 4394 1918 4463 ipsis

348 4485 628 4555 indulgens
656 4504 670 4539 :
703 4486 780 4541 sic
805 4486 946 4541 enim
975 4485 1166 4554 inquit,
1187 4484 1298 4538 Hoc
1319 4495 1484 4538 autem
1506 4486 1618 4538 dico
1647 4485 1919 4538 secundum

344 4578 728 4647 indulgentiam,
753 4594 852 4631 non
886 4578 1157 4631 secundum
1186 4577 1473 4641 imperium,
1505 4585 1707 4646 propter
1741 4577 1919 4630 incon-

349 4670 610 4722 tinentiam
636 4679 845 4722 vestram
876 4670 953 4742 (ι.
986 4669 1105 4723 Cor.
1133 4670 1186 4724 7.
1210 4665 1268 4735 6)
1298 4686 1310 4721 :
1354 4670 1424 4723 ita
1468 4668 1567 4723 hoc
1608 4669 1766 4723 etiam
1804 4670 1922 4724 loco

348 4759 606 4827 gravioris
628 4759 752 4812 mali
777 4769 921 4814 metu
939 4758 1226 4814 secundum
1248 4750 1481 4812 instituit
1504 4757 1919 4824 matrimonium,

348 4849 638 4903 ostendens
665 4850 766 4904 hoc
793 4865 1003 4919 quoque
1032 4849 1367 4918 indulgentia:
1394 4863 1512 4903 esse
1544 4849 1612 4902 ad
1638 4848 1922 4903 multorum

351 4940 710 4995 inﬁrmitatem
742 4955 860 4996 sese
884 4940 1353 4995 accommodantis.
1369 4940 1731 4995 Inﬁrmitatem
1749 4950 1923 4994 autem

350 5033 474 5085 dico
504 5046 607 5085 non
638 5031 909 5100 potentia‘,
944 5030 1037 5085 sed
1074 5030 1381 5084 voluntatis.
1410 5030 1540 5083 Nam
1577 5030 1926 5099 quemadmo-

350 5124 480 5177 dum
506 5122 675 5191 virgo,
704 5121 747 5175 si
775 5130 895 5191 post
922 5122 1237 5189 promissam
1269 5121 1623 5189 virginitatem
1661 5134 1719 5174 se
1743 5119 1928 5174 violari

351 5215 559 5281 siverit,
584 5214 785 5269 facinus
809 5213 1071 5269 adulterio
1099 5213 1313 5284 gravius
1347 5214 1667 5282 perpetravit
1713 5230 1727 5264 :
1762 5212 1832 5265 ita
1875 5220 1929 5266 et

352 5308 533 5373 vidua,
560 5322 677 5377 quae
702 5309 863 5362 semel
889 5307 1149 5377 promisit,
1181 5307 1225 5361 si
1252 5307 1444 5363 deinde
1470 5308 1767 5377 pactionem
1808 5322 1931 5362 cum

355 5398 468 5453 Deo
496 5397 688 5452 factam
725 5398 1042 5453 conculcans
1070 5398 1258 5455 eodem
1301 5398 1526 5453 crimine
1561 5412 1621 5452 se
1660 5398 1927 5468 polluerit,

354 5486 530 5543 eidem
560 5502 771 5558 quoque
796 5488 1056 5559 supplicio
1075 5488 1303 5544 obnoxia
1328 5497 1427 5555 est,
1471 5504 1535 5544 ac
1570 5487 1707 5543 forte
1745 5486 1929 5555 etiam,

354 5581 402 5636 si
441 5580 564 5637 licet
600 5580 792 5637 mirum
828 5581 1077 5651 quiddam
1121 5580 1330 5651 dicere,
1371 5581 1528 5653 longe
1561 5581 1773 5652 majori.
1813 5580 1929 5638 Non

1373 211 1459 265 DE
1497 210 1633 267 NON
1672 210 2020 268 ITERANDO
2056 212 2403 272 CONJUGIO.

3442 222 3545 276 6M

1970 306 2110 359 enim
2141 307 2278 362 idem
2322 318 2425 371 esl,
2456 317 2512 362 ut
2550 308 2700 363 initio
2735 307 2995 377 dicebam,
3044 311 3343 382 imperitam
3389 323 3547 382 atque

1968 411 2065 451 usu
2085 399 2192 466 jam
2219 399 2463 454 eductam
2511 401 2700 456 iisdem
2752 405 3099 458 succumbere
3149 405 3549 458 tentationibus.

1968 485 2150 556 Neque
2174 504 2302 543 vero
2333 488 2436 544 hoc
2464 490 2580 545 loco
2606 492 2903 559 dumtaxat,
2927 494 3017 547 sed
3041 495 3197 547 etiam
3230 495 3385 563 paulo
3410 504 3548 564 post,

1968 591 2089 631 cum
2118 577 2230 631 lucc
2261 580 2625 648 praemisisset,
2659 581 2784 636 Volo
2828 599 2918 653 ego
2949 584 3180 653 juniores
3226 584 3402 638 viduas
3452 601 3551 637 nu-

1969 668 2101 731 bere,
2132 671 2265 739 ﬁlios
2284 688 2566 739 procreare,
2598 684 2784 728 matres
2815 676 3037 744 familias
3074 691 3180 730 esse
3204 675 3283 747 (l.
3323 674 3458 729 Tim.
3498 676 3552 730 5.

1972 759 2085 832 14),
2111 776 2324 815 causam
2352 762 2550 828 subdit,
2583 779 2679 818 cur
2704 765 2841 819 istud
2870 765 3012 819 velit.
3042 765 3171 833 Qua:
3197 782 3258 820 ea
3275 768 3388 822 est?
3421 765 3559 820 Nul-

1971 852 2095 916 lam,
2120 853 2311 922 inquit,
2342 856 2654 908 occasionem
2681 856 2803 909 dare
2836 856 3125 910 adversario
3158 856 3411 911 maledicti
3437 874 3558 927 gra.

1972 942 2062 994 tia.
2090 940 2221 995 Nam
2248 943 2497 1011 quoniam
2528 945 2815 999 verisimile
2849 955 2931 1000 est
2985 947 3178 1002 multas
3209 962 3274 1002 eo
3318 958 3559 1016 tempore

1974 1030 2158 1084 viduas
2185 1042 2307 1100 post
2336 1033 2431 1086 viri
2455 1034 2658 1088 obitum
2690 1036 2956 1102 licentius,
2988 1039 3261 1107 magisque
3301 1038 3559 1091 arbitratu

1974 1137 2072 1174 suo
2098 1123 2279 1176 vivere
2305 1124 2512 1189 solitas,
2537 1140 2566 1178 a
2593 1126 2689 1179 viri
2718 1127 2994 1188 societate,
3013 1128 3162 1195 quasi
3181 1143 3210 1180 a
3245 1129 3563 1181 necessitate

1976 1211 2203 1279 quadam
2232 1227 2293 1266 ac
2322 1213 2617 1280 dominatu,
2647 1216 2860 1279 liberas,
2893 1217 2961 1270 ita
2989 1227 3043 1270 ut
3080 1217 3422 1286 impudentia:
3462 1230 3563 1270 no-

1978 1304 2121 1357 mine
2157 1305 2349 1359 malam
2397 1306 2464 1360 de
2511 1323 2568 1361 se
2612 1308 2917 1376 opinionem
2966 1308 3237 1376 aﬁerrcnt,
3288 1309 3562 1363 abducens

1980 1396 2120 1465 ipsas
2150 1397 2216 1451 ab
2244 1397 2341 1451 hac
2372 1400 2615 1467 pestifera
2646 1400 2911 1468 libertate,
2939 1417 3127 1457 rursus
3168 1404 3233 1455 ad
3281 1403 3564 1472 pristinum

1976 1487 2158 1555 jngum
2186 1487 2419 1542 adducit.
2449 1489 2581 1542 Nam
2604 1490 2672 1556 si,
2706 1491 2896 1560 inquit,
2930 1492 3161 1547 futurum
3189 1501 3273 1547 est
3300 1504 3357 1547 ut
3390 1492 3564 1547 vidui-

1984 1586 2142 1630 tatem
2171 1592 2281 1647 pra:
2306 1593 2365 1633 se
2390 1577 2569 1634 ferens
2595 1582 2857 1650 quzepiam
2891 1582 3027 1636 clam
3057 1582 3343 1637 fornieetur
3366 1597 3429 1636 ac
3476 1598 3565 1635 se-

1991 1665 2157 1736 ipsam
2178 1667 2491 1735 dedecoret,
2516 1670 2671 1739 longe
2692 1671 2860 1725 satius
2886 1671 3105 1736 nubere,
3139 1687 3201 1725 ac
3228 1670 3442 1725 Nullam
3483 1686 3569 1724 oc-

1983 1757 2233 1810 casionem
2261 1757 2383 1812 dare
2405 1758 2691 1813 adversario
2708 1759 2964 1813 maledicti
2983 1761 3165 1831 gratia.
3184 1760 3569 1827 Quamobrem,

1987 1861 2053 1901 ne
2079 1848 2390 1903 occasiones
2418 1849 2718 1905 maledictis
2747 1849 2898 1917 dent,
2928 1865 2991 1904 ac
3011 1851 3172 1903 vitam
3209 1850 3568 1905 meretriciam

1985 1939 2427 2009 contumeliisque
2445 1940 2730 1995 obnoxiam
2771 1950 2950 2011 agant,
2993 1941 3388 1995 matrimonium
3438 1957 3574 2011 pra:-

1986 2031 2135 2099 cipit.
2163 2030 2299 2085 Audi
2322 2040 2450 2101 quot
2475 2042 2731 2101 praeterea
2758 2033 2861 2086 sint
2889 2048 3007 2102 qua:
3033 2032 3160 2101 ipsis
3198 2033 3327 2086 vitio
3368 2042 3559 2085 vertat.

1988 2122 2120 2176 Nam
2147 2137 2269 2178 cum
2316 2122 2576 2178 deberent
2613 2137 2773 2177 omne
2815 2138 2971 2176 suum
3008 2133 3215 2191 tempus
3247 2121 3576 2176 orationibus

1990 2224 2044 2269 et
2067 2214 2539 2283 supplicationibus
2562 2213 2781 2276 instare,
2807 2214 2921 2267 ista:
2947 2228 3095 2279 vero,
3124 2213 3312 2280 inquit,
3346 2210 3414 2264 Et
3441 2213 3572 2264 otio-

1990 2320 2062 2360 sa!
2086 2305 2285 2359 discunt
2313 2305 2576 2359 circumire
2603 2303 2811 2368 domos;
2840 2321 2940 2357 non
2978 2303 3141 2357 solum
3166 2303 3369 2370 otiosaz,
3396 2301 3485 2355 sed
3528 2310 3576 2356 et

1993 2397 2228 2463 verbosaa,
2256 2406 2303 2451 et
2326 2398 2561 2462 curiosa,
2594 2396 2847 2464 loquentes
2866 2410 2978 2464 qua:
3010 2411 3109 2448 non
3146 2404 3338 2462 Oportet
3376 2393 3478 2466 (Ib.
3522 2410 3572 2446 υ.

1996 2487 2111 2556 15).
2142 2487 2269 2541 Haec
2298 2501 2424 2541 vero
2450 2486 2548 2555 ipsi
2578 2486 2797 2540 minime
2824 2484 3135 2553 probantur,
3166 2484 3259 2538 sed
3301 2484 3413 2537 vult
3457 2497 3580 2552 per-

1996 2584 2159 2644 petuo
2182 2574 2369 2630 afﬁxas
2390 2590 2509 2630 esse
2529 2575 2690 2629 rebus
2718 2574 3095 2644 Spiritualihus.
3123 2572 3262 2626 Nam
3290 2589 3402 2642 qua:
3420 2574 3474 2626 in
3492 2572 3581 2627 de-

1997 2666 2128 2720 liciis
2181 2675 2274 2733 est,
2328 2666 2515 2736 inquit,
2567 2665 2734 2720 vivens
2789 2674 2988 2719 mortua
3030 2675 3101 2719 est
3134 2665 3211 2736 (1.
3245 2664 3376 2719 Tim.
3408 2665 3462 2719 5.
3488 2665 3578 2735 ﬁ);

1997 2755 2423 2828 quandoquidem
2467 2766 2521 2811 et
2564 2756 2817 2826 virginem
2868 2756 3036 2825 ipsam
3073 2755 3186 2809 vult
3232 2755 3428 2809 bonum
3478 2754 3582 2810 hoc

2000 2862 2153 2903 suum
2184 2862 2289 2901 non
2316 2845 2554 2916 corporis
2581 2847 2823 2900 castitate
2847 2845 3088 2908 deﬁnire,
3137 2844 3232 2899 sed
3274 2846 3581 2900 universum

2001 2940 2165 2994 otium
2188 2953 2339 2993 suum
2370 2938 2480 2993 Deo
2506 2952 2842 3003 consecrare,
2879 2946 3038 3007 atque
3079 2937 3153 2991 illi
3194 2949 3449 3006 perpetuo
3489 2936 3588 2992 de-

2003 3032 2225 3087 servire.
2283 3030 2357 3085 Ita
2408 3032 2551 3086 enim
2589 3030 2774 3085 scribit
2815 3047 2830 3085 :
2878 3029 3042 3083 Porro
3077 3031 3172 3083 hoc
3217 3029 3285 3081 ad
3321 3030 3587 3083 utilitatem

2004 3132 2218 3177 uestram
2244 3122 2377 3188 dico,
2405 3138 2505 3175 non
2533 3131 2588 3174 ut
2608 3121 2840 3191 laqueum
2868 3120 3005 3174 vobis
3033 3121 3280 3191 injiciam,
3312 3119 3400 3174 sed
3422 3119 3491 3172 ad
3509 3121 3586 3187 id,

2005 3213 2140 3284 quod
2167 3213 2428 3266 honestum
2451 3220 2542 3277 est,
2562 3220 2608 3264 et
2631 3209 2766 3280 quod
2800 3210 3092 3282 facultatem
3120 3209 3334 3280 praebeat
3356 3210 3463 3264 sine
3486 3210 3589 3264 iut-

2009 3303 2291 3372 pedimento
2325 3300 2593 3355 Dominum
2619 3300 2912 3354 obseerandi
2944 3299 3020 3371 (1.
3063 3299 3180 3354 Cor.
3223 3301 3275 3354 7.
3314 3300 3428 3369 55).
3472 3298 3590 3354 Non

2009 3393 2151 3448 enim
2181 3392 2349 3462 ipsam
2390 3392 2583 3461 patitur
2627 3391 2849 3445 divisam
2889 3405 3028 3456 esse,
3078 3391 3174 3445 sed
3221 3400 3384 3444 totam
3431 3389 3594 3446 rebus

2011 3484 2377 3555 spiritualibus
2409 3498 2473 3539 ac
2497 3484 2796 3539 caelestibus
2828 3483 3033 3538 hatrere
3059 3483 3192 3549 vult,
3233 3491 3288 3536 et
3328 3498 3448 3551 qua:
3484 3482 3595 3537 De-

2013 3577 2142 3631 mini
2170 3586 2294 3631 sunt
2321 3590 2532 3631 curare.
2562 3575 2643 3630 Ad
2671 3574 2912 3630 eamdem
2941 3576 3062 3629 vita:
3090 3575 3349 3629 rationem
3380 3572 3594 3628 viduam

2014 3682 2225 3737 quoque
2249 3679 2423 3733 vocat,
2463 3667 2645 3722 dicens
2675 3683 2690 3723 :
2719 3666 2847 3733 Quae
2882 3677 3051 3719 autem
3086 3682 3199 3719 vere
3232 3665 3387 3718 vidua
3420 3672 3516 3732 est,
3550 3674 3599 3719 et

2015 3757 2242 3811 desolata
2284 3756 2503 3825 speravit
2540 3758 2594 3809 in
2628 3754 2828 3819 Deum,
2883 3765 2930 3809 et
2974 3757 3128 3809 instat
3178 3754 3599 3809 obsecrationibus

2016 3858 2065 3902 et
2107 3847 2415 3902 orationibus
2454 3857 2595 3901 nocte
2636 3856 2683 3900 et
2732 3848 2812 3900 die
2838 3847 2933 3917 (1.
2977 3846 3108 3900 Tim.
3149 3847 3202 3900 5.
3248 3844 3324 3916 5).
3373 3844 3599 3912 Quando

2018 3940 2177 4008 igitur
2203 3939 2367 3992 otium
2388 3979 2403 4003 ,
2446 3937 2587 4007 quod
2619 3938 2670 3991 in
2710 3936 3027 4006 evangelicis
3068 3936 3294 4005 negotiis
3322 3935 3599 3989 insumen-

2019 4028 2145 4085 dum
2194 4037 2338 4092 erat,
2387 4026 2438 4081 id
2482 4042 2588 4081 non
2636 4026 2794 4081 modo
2832 4026 2885 4080 in
2929 4027 3087 4081 rebus
3126 4025 3467 4095 supervacuis
3519 4032 3603 4079 at-

2019 4135 2123 4191 que
2162 4118 2465 4182 inutilibus,
2512 4118 2607 4173 sed
2644 4118 2802 4173 etiam
2818 4117 2979 4172 valde
3018 4118 3193 4171 noxiis
3219 4124 3475 4187 perpetuo
3496 4114 3603 4171 im-

2023 4211 2288 4281 pendunt;
2308 4212 2498 4266 merito
2523 4209 2587 4264 ad
2620 4210 3011 4264 matrimonium
3042 4223 3133 4263 eas
3162 4224 3345 4262 rursus
3366 4207 3600 4264 adducit.

2021 4302 2153 4357 Nam
2179 4301 2625 4373 quemadmodum
2651 4300 2848 4356 Iudaeis
2876 4301 3151 4355 sabbatum
3180 4299 3399 4354 dederat
3424 4300 3567 4357 Deus
3587 4341 3604 4365 ,

2023 4416 2128 4456 non
2157 4406 2213 4449 ut
2241 4396 2536 4450 otiarentur
2562 4394 2854 4456 dumtaxat,
2887 4391 2979 4446 sed
3005 4400 3114 4445 uta
3156 4390 3396 4461 turpibus
3434 4390 3605 4445 aetio-

2025 4490 2183 4545 nibus
2203 4488 2531 4542 abstinerent
2558 4503 2573 4538 :
2602 4484 2671 4537 ita
2700 4482 2878 4545 vidua,
2919 4492 2973 4537 et
3004 4482 3187 4551 virgo,
3226 4496 3331 4535 non
3378 4489 3435 4533 ut
3481 4480 3608 4535 viris

2027 4596 2134 4637 non
2161 4579 2504 4639 misceantur,
2531 4574 2668 4628 hanc
2692 4574 2791 4627 sibi
2818 4572 3055 4641 deligunt
3084 4571 3268 4635 vitam,
3312 4570 3405 4623 sed
3451 4580 3511 4625 ut
3545 4585 3608 4624 ea

2027 4688 2147 4743 qua:
2168 4669 2378 4726 Domini
2400 4675 2525 4723 sunt
2550 4675 2757 4731 curent,
2784 4673 2941 4735 atque
2962 4679 3021 4720 se
3049 4672 3186 4718 totas
3211 4663 3264 4717 in
3291 4649 3382 4717 Dei
3410 4662 3609 4718 cultum

2029 4763 2324 4819 conferant.

2100 4854 2154 4907 4.
2197 4851 2338 4905 Num
2364 4851 2553 4920 possint
2599 4848 2766 4903 vidua:
2800 4845 3024 4902 subsidio
3065 4845 3284 4898 uirorum
3322 4849 3512 4901 carere.
3540 4828 3614 4886 -ξ

2033 4947 2105 5000 Ita
2132 4958 2281 5009 sane,
2312 4942 2515 5011 inquiet
2553 4940 2763 5009 aliquis.
2804 4937 2998 4991 Verum
3041 4934 3375 4989 intolerabile
3416 4934 3611 4988 malum

2032 5039 2154 5100 erit,
2181 5035 2457 5090 mulierem
2479 5033 2625 5087 nullo
2654 5046 2832 5085 rerum
2856 5044 2952 5083 usu
2997 5031 3222 5097 peritam
3266 5041 3349 5093 ea,
3381 5040 3501 5096 qua:
3543 5025 3612 5080 ad

2033 5129 2177 5183 viros
2205 5126 2489 5198 pertinent,
2530 5121 2709 5175 subire
2745 5120 2860 5188 cogi
2890 5135 2902 5170 :
2942 5132 3113 5186 neque
3149 5116 3291 5171 enim
3332 5116 3443 5184 ipsa
3479 5128 3608 5183 per-

2035 5219 2159 5274 inde
2210 5228 2368 5287 atque
2395 5216 2484 5269 ille
2513 5220 2741 5267 tractare
2784 5221 2943 5278 atque
2982 5207 3357 5261 administrare
3391 5219 3480 5259 res
3519 5218 3614 5272 μοι

2036 5309 2193 5375 terit;
2214 5316 2372 5377 atque
2406 5307 2527 5360 hinc
2556 5303 2686 5358 nihil
2713 5301 2854 5355 aliud
2883 5297 3202 5362 lucrabitur,
3242 5310 3399 5365 quam
3439 5293 3611 5350 fortu-

2037 5415 2225 5456 narum
2266 5400 2494 5455 ruinam.
2522 5397 2663 5465 Ergo
2702 5403 3049 5462 quaecumque
3071 5403 3102 5442 a
3128 5387 3376 5443 secundis
3417 5385 3616 5456 nuptiis

2038 5492 2448 5553 abhorruerunt,
2487 5485 2664 5541 omnia
2712 5497 2808 5541 sua
2857 5494 3069 5551 pessum
3112 5476 3389 5542 dederunt,
3436 5474 3614 5531 omnia

2039 5580 2422 5655 perdiderunt;
2451 5591 2620 5647 neque
2642 5573 2923 5630 mulierem
2950 5568 3160 5627 viduam
3203 5566 3460 5625 invenias.
3496 5580 3615 5633 utre
