3890 6220
352 252 457 305 (illi

349 387 460 426 rem
487 385 637 426 suam
665 379 813 427 recte
838 370 1022 441 gerat?
1053 370 1539 442 Tergiversationes
1565 370 1664 424 ista
1704 379 1829 424 sunt
1869 384 1932 424 ac

349 471 643 531 pra-textus
669 462 1002 531 propriaeque
1029 461 1349 515 infirmitatis
1369 460 1750 529 integumenta.
1766 459 1939 515 Multa:

349 556 496 608 r-nim
521 553 823 623 praeclarius
849 568 1005 623 quam
1030 552 1124 606 viri
1153 562 1206 606 et
1231 551 1447 606 domum
1478 551 1936 617 administrarunt,

351 657 402 699 et.
439 647 577 700 filios
625 646 850 715 pupillos
879 645 1256 708 educaverunt,
1293 652 1347 698 et
1385 644 1542 708 bona,
1574 658 1693 712 qua:
1720 657 1946 712 accepe-

351 747 498 800 rant,
537 737 654 791 aliae
693 744 980 803 auxerunt,
1026 735 1146 790 alia:
1180 749 1285 790 non
1328 735 1652 790 minuerunt.
1699 733 1831 790 Nam
1876 732 1946 786 ab

364 830 595 898 ipsemet
625 827 775 882 initio
803 843 908 882 non
930 827 1106 882 omnia
1137 825 1265 880 viris
1285 825 1552 882 commisit
1576 825 1747 889 Deus;
1775 837 1947 892 neque

360 921 428 973 ab
451 921 576 988 ipsis
597 920 726 975 solis
746 919 1000 990 pendere,
1027 934 1147 989 qua:
1166 918 1232 973 ad
1263 917 1422 972 vitam
1451 918 1734 986 pertinent,
1757 915 1943 982 voluit,

364 1025 430 1064 ne
465 1011 508 1064 si
540 1011 731 1066 mulier
759 1010 890 1065 nihil
920 1010 986 1064 ad
1019 1011 1178 1064 vitam
1207 1007 1477 1064 conferret
1512 1008 1804 1077 despicatui
1847 1007 1948 1062 du-

363 1110 595 1156 ceretur.
629 1101 990 1172 Quamobrem
1022 1101 1074 1155 id
1116 1100 1448 1169 prospiciens
1485 1101 1622 1155 Deus
1666 1115 1771 1154 non
1815 1098 1950 1153 infe-

367 1191 513 1246 riore
538 1190 684 1246 illam
704 1191 823 1245 loco
853 1190 1162 1253 constituit;
1184 1198 1343 1259 atque
1367 1189 1417 1252 id
1443 1189 1510 1244 ab
1543 1190 1772 1261 ipsomet
1804 1188 1954 1243 initio

365 1281 568 1338 clarum
589 1282 788 1338 faciens
811 1281 985 1336 dixit:
1016 1280 1289 1334 Faciamus
1333 1281 1432 1350 ipsi
1471 1281 1758 1350 adjutorem
1797 1277 1950 1352 (Gen.

367 1370 423 1426 2.
462 1371 575 1442 18).
603 1372 811 1444 Etenim
837 1387 903 1427 ne
931 1387 997 1426 eo
1026 1371 1165 1441 quod
1193 1371 1305 1440 ipse
1332 1371 1560 1440 primum
1585 1368 1758 1425 factus
1788 1377 1870 1425 est
1894 1383 1958 1424 ac

363 1471 586 1532 propter
608 1462 779 1532 ipsum
807 1461 1030 1517 formata
1055 1462 1265 1526 mulier,
1289 1475 1510 1529 magnos
1530 1459 1788 1516 adversus
1814 1460 1956 1514 illam

370 1552 589 1620 spiritus
618 1553 696 1608 vir
721 1561 974 1614 sumeret,
1008 1551 1109 1606 hoc
1130 1551 1294 1606 verbo
1321 1558 1582 1610 tumorem
1618 1549 1787 1620 ipsius
1810 1565 1954 1605 com-

372 1643 584 1712 pressit,
611 1641 900 1697 ostcndens
920 1641 1184 1696 mundana
1212 1643 1423 1714 negotia
1449 1639 1616 1697 nihilo
1643 1640 1820 1694 minus
1840 1655 1960 1694 mu-

370 1734 538 1800 lieris,
569 1748 726 1804 quant
757 1733 856 1787 viri
896 1747 1074 1802 egere.
1124 1732 1379 1800 Quasnam
1436 1732 1595 1802 igitur
1648 1731 1749 1786 ista
1801 1730 1963 1785 sunt?

365 1827 670 1897 quibusque
702 1827 754 1879 in
792 1825 949 1879 rebus
978 1824 1043 1879 ad
1069 1826 1229 1878 vitam
1255 1823 1656 1882 sustentandam
1685 1822 1961 1878 nobiscum

375 1918 567 1974 mulier
592 1916 900 1984 societatem
933 1915 1070 1968 init?
1107 1913 1247 1972 Sane
1280 1915 1530 1984 quoniam
1572 1914 1638 1968 ad
1686 1914 1964 1984 praesentis

379 2012 502 2063 vita:
528 2017 724 2062 statum
746 2006 1171 2076 componendum
1198 2023 1305 2063 non
1339 2009 1516 2064 minus
1548 2007 1772 2077 privata,
1807 2021 1963 2075 quam

379 2101 588 2170 publica
621 2099 827 2170 negotia
853 2099 1070 2163 faciunt,
1104 2098 1218 2153 haec
1241 2098 1560 2167 dispertiens
1588 2097 1754 2164 Deus,
1779 2096 1964 2151 foren-

377 2192 456 2245 sia
484 2189 696 2260 quidem
723 2189 852 2244 viris
890 2187 1178 2252 commisit,
1207 2186 1498 2244 domestica
1523 2194 1701 2242 autem
1729 2186 1966 2240 mulieri-

378 2283 480 2336 bus
507 2298 519 2335 :
544 2296 606 2335 ac
634 2280 679 2338 si
700 2295 918 2344 munera
940 2278 1220 2350 officiaque
1241 2279 1338 2334 ista
1354 2286 1766 2342 commutentur,
1787 2278 1966 2332 omnia

375 2381 630 2427 corrucnt
658 2385 721 2426 ac
747 2371 999 2441 peribunt
1031 2389 1043 2423 :
1074 2379 1218 2436 tanto
1247 2378 1468 2440 uterque
1508 2369 1687 2424 utilior
1719 2369 1886 2423 altero
1917 2369 1968 2421 in

381 2479 480 2520 suo
507 2479 727 2518 munere
752 2462 1000 2518 obeundo
1029 2471 1129 2517 est.
1159 2461 1338 2532 Igitur,
1365 2462 1409 2522 si
1435 2461 1723 2519 domestica
1753 2475 1818 2515 ex
1848 2475 1973 2514 mu—

385 2555 538 2610 liebri
563 2555 782 2609 scientia
805 2553 1058 2624 pendent,
1088 2562 1244 2622 atque
1281 2552 1381 2608 ista
1409 2551 1462 2606 in
1507 2566 1567 2608 re
1611 2560 1814 2607 tantum
1854 2550 1972 2606 viro

385 2645 578 2700 mulier
603 2652 839 2714 praestat,
866 2653 1122 2713 quantum
1149 2641 1266 2696 rudi
1295 2641 1496 2700 homini
1517 2639 1707 2696 artifex
1731 2640 1786 2694 in
1812 2639 1971 2702 rebus

384 2739 437 2792 in
467 2736 654 2807 quibus
682 2733 871 2800 artifex
898 2744 1002 2800 est,
1025 2748 1121 2796 cur
1145 2747 1338 2788 vanum
1371 2731 1526 2792 nobis
1552 2731 1797 2787 timorem
1830 2731 1973 2788 incu-

387 2829 578 2884 timus?
606 2826 737 2882 Nam
767 2841 989 2895 peregre
1027 2824 1238 2894 quidem
1283 2823 1544 2893 proficisci
1588 2835 1781 2890 resque
1822 2821 1974 2884 colli-

382 2935 510 2988 gere
539 2919 770 2973 virorum
799 2913 1165 2970 tantummodo
1189 2923 1301 2974 est.
1331 2911 1640 2968 mulieribus
1675 2921 1852 2965 autem
1893 2910 1976 2965 lu-

384 3027 480 3064 cro
505 3025 720 3080 operam
756 3007 884 3072 dare
910 3006 1128 3066 minime
1157 3004 1237 3060 fas
1265 3013 1380 3068 est;
1413 3015 1464 3060 at
1488 3019 1607 3074 qua:
1632 3011 1756 3058 sunt
1780 3017 1976 3072 appor-

388 3111 492 3160 tata
520 3099 788 3155 custodire
820 3113 886 3154 ac
927 3098 1061 3153 tueri
1101 3097 1265 3167 ipsius
1307 3096 1472 3152 solius
1509 3106 1610 3151 est.
1649 3097 1727 3150 Ac
1765 3095 1974 3150 tametsi

390 3191 727 3262 przestantius
752 3189 1002 3259 quiddam
1031 3187 1270 3252 videatur
1291 3187 1588 3256 acquirere,
1624 3199 1780 3254 quam
1814 3185 1971 3249 tueri,

389 3295 642 3350 attamen,
674 3286 716 3338 si
749 3285 849 3338 hoc
877 3284 1037 3349 absit,
1071 3282 1199 3336 illud
1229 3296 1439 3350 quoque
1461 3279 1646 3333 inutile
1666 3294 1728 3333 ac
1751 3293 1972 3332 vanum:

391 3394 534 3446 sa'pe
563 3393 687 3434 vero
716 3377 874 3435 etiam
902 3377 946 3435 si
979 3376 1082 3434 hoc
1109 3375 1267 3437 adsit,
1300 3372 1425 3426 illud
1473 3387 1578 3426 non
1625 3371 1796 3425 solum
1845 3370 1978 3424 nihil

393 3467 609 3537 profuit,
639 3467 733 3524 sed
765 3467 922 3529 etiam
951 3474 1140 3525 cuncta
1164 3465 1372 3520 evertit.
1413 3463 1672 3529 Quoniam
1703 3463 1846 3520 enim
1876 3461 1979 3517 dif-

393 3560 529 3614 ficile
553 3567 654 3624 est,
684 3559 952 3616 hominem
985 3557 1114 3611 foris
1155 3556 1512 3626 negotiantem
1551 3564 1710 3625 atque
1751 3555 1978 3624 ampliﬁ-

391 3649 562 3704 cando
589 3649 903 3718 patrimonio
947 3663 1163 3718 operam
1213 3655 1492 3702 navantem
1537 3646 1679 3714 juste
1718 3653 1978 3714 quaestum

395 3741 591 3808 facere,
620 3742 807 3808 majori
835 3740 976 3794 enim
1001 3755 1067 3794 ex
1099 3747 1247 3806 parte
1289 3753 1354 3792 ex
1383 3736 1570 3792 alienis
1599 3736 1682 3790 isti
1709 3735 1980 3790 calamita-

394 3832 535 3886 tibus
559 3832 764 3886 lucrum
783 3830 1009 3894 faciunt;
1042 3828 1163 3890 hinc
1183 3843 1393 3898 quoque
1415 3826 1647 3881 mulieris
1671 3827 1770 3880 arti
1799 3833 1854 3880 et
1880 3841 1978 3894 gu-

394 3923 691 3978 bernationi
722 3937 864 3992 saepe
890 3921 1130 3980 officiunt
1157 3935 1237 3986 ea,
1271 3935 1390 3991 qua:
1428 3934 1525 3990 per
1565 3918 1875 3988 injustitiam
1925 3927 1979 3972 et

393 4015 499 4068 vim
531 4023 676 4083 parta
703 4014 754 4070 in
786 4027 973 4067 manus
1014 4011 1178 4081 ipsius
1209 4018 1586 4080 pervenerunt.
1621 4007 1978 4076 Quamobrem

388 4105 494 4158 etsi
541 4104 710 4173 majus
754 4104 824 4158 sit
854 4101 1150 4170 acquirere,
1199 4115 1358 4170 quam
1397 4114 1754 4166 conservare,
1802 4109 1978 4153 minen

394 4199 558 4251 altera
589 4212 651 4250 ex
675 4204 826 4265 parte
851 4195 1026 4250 minus
1050 4207 1171 4248 esse
1192 4191 1628 4262 deprehenditur,
1645 4191 1858 4259 quando
1876 4206 1980 4245 non

397 4291 567 4343 solum
619 4287 686 4342 ad
742 4287 1003 4341 bonorum
1043 4283 1510 4354 amplificationem
1557 4282 1689 4336 nihil
1731 4281 1978 4348 confert,

393 4380 490 4436 sed
517 4380 676 4435 etiam
705 4377 878 4448 perdit
898 4377 1009 4447 jam
1039 4376 1293 4446 reposita.
1325 4374 1463 4442 Quid
1489 4375 1649 4444 igitur
1676 4382 1877 4428 metuat
1902 4373 1982 4428 vi-

394 4470 520 4535 dua,
550 4485 615 4526 ne
640 4468 738 4524 viri
768 4468 1006 4524 absentia
1053 4481 1140 4524 res
1180 4465 1485 4520 domestica:
1518 4464 1751 4520 deterius
1779 4479 1836 4519 se
1889 4464 1983 4519 ba-

395 4561 574 4622 beant,
603 4574 825 4630 quarum
856 4559 1069 4613 vivente
1094 4558 1252 4614 etiam
1274 4557 1388 4611 viro
1414 4557 1525 4626 ipsa
1553 4556 1978 4625 procurationem

395 4649 744 4721 susceperat?
782 4651 850 4704 At
885 4648 1126 4714 fat-ilius,
1173 4647 1412 4718 inquiet,
1455 4647 1805 4717 gubernabit,
1858 4663 1980 4702 cum

394 4751 538 4796 metu
569 4741 706 4796 illius
732 4755 889 4796 nemo
917 4740 1280 4806 reluctabitur,
1311 4754 1468 4794 nemo
1499 4739 1798 4793 molestiam
1847 4739 1978 4794 affe-

397 4843 496 4886 ret.
524 4831 656 4886 Nam
681 4840 737 4886 et
764 4831 966 4895 famuli,
997 4839 1052 4886 et
1093 4831 1378 4895 oeconomi,
1410 4838 1464 4884 et
1503 4839 1891 4898 procuratores,
1918 4845 1982 4885 ac

399 4922 580 4992 reliqui
611 4935 800 4978 omnes
823 4921 968 4977 illum
994 4930 1292 4975 metuentes
1310 4921 1374 4974 ad
1420 4919 1709 4989 parendum
1755 4921 1982 4976 aderunt

397 5013 652 5083 mouipti,
685 5027 746 5068 ac
769 5027 926 5068 nemo
955 5013 1056 5068 erit
1083 5013 1172 5082 qui
1200 5013 1528 5067 contradicat
1557 5029 1571 5066 :
1617 5021 1671 5066 at
1711 5028 1774 5067 eo
1813 5028 1974 5082 quem

397 5103 701 5160 metuebant
725 5117 756 5157 e
784 5102 962 5159 medio
987 5103 1216 5170 sublato,
1248 5117 1432 5158 omnes
1462 5102 1633 5158 vidua:
1661 5102 1868 5158 mulieri
1896 5103 1979 5156 in-

395 5195 616 5256 sultant,
647 5193 888 5263 improbe
917 5203 1218 5259 versantur,
1262 5193 1589 5248 confidentes
1636 5201 1779 5259 sunt,
1821 5202 1978 5262 atque

397 5284 570 5339 omnia
595 5293 907 5353 pervertunt
934 5299 998 5340 ac
1023 5283 1304 5356 dissipant.
1332 5284 1484 5351 Quod
1509 5284 1555 5338 si
1575 5284 1758 5339 ulcisci
1781 5299 1844 5338 ac
1870 5285 1979 5339 vin-

393 5375 587 5435 dictam
615 5388 829 5432 sumere
855 5374 997 5440 velit,
1032 5384 1304 5446 torquens,
1335 5377 1645 5439 verberans,
1691 5377 1743 5429 in
1791 5390 1975 5432 carce-

395 5483 509 5522 rem
535 5465 847 5538 conﬁciens,
881 5479 990 5524 tum
1019 5485 1147 5525 vero
1198 5472 1249 5526 in
1293 5471 1435 5540 vulgi
1484 5469 1970 5540 reprehensionem,

394 5559 856 5626 criminationem,
915 5563 1266 5618 contumelias
1327 5564 1568 5618 incurrit.
1618 5562 1880 5618 Caeterum
1929 5567 1973 5616 si

395 5649 551 5707 ﬁdem
579 5653 626 5707 ei
646 5653 735 5724 qui
755 5653 885 5709 abiit
911 5653 1086 5710 datam
1113 5655 1345 5726 fregerit,
1378 5663 1538 5727 atque
1566 5653 1707 5711 illius
1733 5669 1970 5712 amorem

1063 256 1118 312 S.
1160 255 1436 313 JOANNIS
1474 254 1950 312 CHRYSOSTOMI

2075 257 2311 318 ιϐΙΙΙΕΡ,⁸
2352 256 2890 315 CONSTANTINOP.

3526 256 3628 312 ﬁlii

2048 371 2314 427 oblivione
2337 372 2614 437 deleverit,
2639 381 2694 426 et
2729 385 3026 440 veSperam,
3052 385 3152 440 qua
3201 369 3290 425 ille
3330 369 3386 425 ιιι
3423 385 3481 424 se
3528 373 3640 440 pri-

2048 478 2191 517 mum
2218 463 2458 526 accessit,
2493 471 2546 516 et
2578 463 2841 531 plausum,
2885 471 2940 515 et
2984 461 3339 532 hymenasutn,
3389 472 3442 516 et
3493 463 3637 516 faces

2049 555 2332 625 nuptiales,
2358 563 2412 609 et
2439 555 2635 625 primos
2661 553 2961 623 amplexus,
2993 562 3048 608 et
3072 568 3303 615 mensas,
3350 563 3405 607 et
3450 554 3637 607 convi-

2050 658 2168 702 ctus
2193 647 2344 717 cujus
2373 662 2476 701 una
2504 662 2626 702 cum
2660 645 2748 700 illo
2779 661 2874 715 per
2913 659 3073 700 omne
3122 653 3330 712 tempus
3372 644 3641 714 particeps

2053 739 2171 808 fuit,
2204 750 2260 796 et
2284 741 2468 804 verba,
2497 755 2614 810 qua:
2641 754 2672 794 a
2699 739 2814 793 viro
2841 752 3030 807 magna
3057 751 3177 793 cum
3208 737 3474 806 voluptate
3501 751 3638 791 uxo-

2054 846 2165 886 rem
2191 830 2374 884 audire
2403 829 2691 885 verisimile
2725 838 2806 882 est
2839 827 2920 882 :si
2962 827 3097 891 haec,
3149 827 3383 896 inquam.
3429 827 3637 891 omnia,

2056 922 2275 992 perinde
2303 937 2365 976 ac
2387 921 2432 976 si
2458 935 2745 990 numquam
2777 918 3024 982 fuissent,
3051 927 3271 986 repente
3300 917 3532 986 abjiciat,
3556 925 3644 968 at-

2055 1029 2159 1084 que
2186 1013 2336 1068 alteri
2358 1013 2471 1067 viro
2496 1012 2639 1067 fores
2663 1011 2886 1082 aperiat,
2911 1010 3187 1080 ipsmnquc
3211 1007 3276 1062 ad
3301 1009 3440 1062 illius
3464 1007 3646 1061 cubile

2058 1105 2250 1170 trahat,
2299 1119 2481 1159 rerum
2529 1104 2770 1158 omnium
2821 1103 3058 1172 priorum
3101 1100 3376 1154 conscium
3415 1100 3499 1152 :si
3527 1098 3648 1152 lucc

2058 1195 2232 1255 faciat.
2266 1210 2494 1250 nemone
2523 1195 2621 1248 erit
2649 1193 2738 1262 qui
2769 1191 3166 1261 reprehendat?
3198 1205 3353 1244 nemo
3395 1188 3484 1258 qui
3533 1190 3647 1242 cri-

2059 1286 2328 1340 minetur?
2351 1301 2507 1340 nemo
2523 1284 2611 1356 qui
2634 1284 2758 1338 odio
2791 1291 3162 1353 prosequatur,
3191 1295 3254 1335 ac
3278 1280 3647 1342 inhumanam,

2061 1377 2334 1449 perfidam,
2389 1376 2713 1447 foedifragam
2759 1383 2932 1440 vocet,
2983 1382 3143 1444 atque
3184 1371 3484 1442 hujusmodi
3529 1371 3650 1426 aliis

2061 1467 2314 1522 conviciis
2343 1465 2569 1522 oneret?
3375 1475 3377 1478 ‘

2135 1559 2187 1613 5.
2249 1557 2501 1612 Secunde
2556 1557 2748 1626 nuptiae
2812 1572 2912 1610 non
2975 1553 3125 1609 laude
3179 1554 3363 1624 digna.
3414 1581 3482 1593 --
3530 1549 3652 1606 Non

2064 1649 2229 1713 enim,
2278 1649 2378 1702 etsi
2437 1648 2621 1702 beatus
2674 1646 2866 1700 Paulus
2916 1660 3026 1700 rem
3055 1645 3206 1697 istam
3235 1641 3494 1714 permisit,
3524 1656 3656 1710 pro-

2071 1748 2254 1809 pterea
2286 1738 2530 1792 laudibus
2549 1737 2761 1807 dignam
2793 1745 2966 1806 putes,
3013 1749 3075 1788 ac
3122 1750 3240 1804 quae
3282 1733 3423 1803 vulgi
3465 1747 3657 1802 repre-

2073 1831 2385 1886 hensionem
2417 1829 2612 1900 fugiat;
2642 1844 2798 1901 poena
2841 1837 3044 1882 tantum
3083 1842 3146 1882 ac
3183 1827 3442 1896 supplicio
3482 1833 3653 1888 caret,

2068 1923 2250 1978 laudes
2276 1921 2487 1992 quidem
2520 1933 2573 1976 et
2601 1921 2841 1976 encomia
2870 1935 2973 1973 non
3005 1927 3086 1973 est
3113 1919 3252 1987 quod
3293 1932 3350 1970 se
3381 1925 3658 1984 reportare

2072 2028 2227 2081 posse
2258 2022 2435 2082 speret
2459 2011 2535 2085 (Ι.
2570 2010 2701 2064 Tim.
2725 2012 2778 2066 5.
2813 2012 2924 2080 14).
2949 2009 3081 2064 Nam
3103 2019 3156 2063 et
3188 2008 3466 2062 remissum
3496 2014 3660 2075 atque

2069 2105 2134 2158 ad
2173 2105 2442 2159 libidinem
2494 2105 2780 2174 proclivem
2819 2117 2961 2170 esse,
2999 2117 3061 2156 ac
3105 2116 3171 2158 ne
3210 2099 3396 2170 jejunii
3439 2099 3658 2169 quidem

2075 2207 2331 2264 tempore,
2361 2205 2453 2250 aut
2486 2197 2673 2264 quovis
2699 2195 2804 2248 alio
2847 2195 2912 2250 ab
2957 2209 3121 2248 uxore
3165 2193 3450 2257 abstinere,
3500 2191 3662 2261 longe

2072 2287 2285 2355 quidem
2313 2297 2366 2341 et
2394 2287 2615 2341 nmltum
2644 2301 2674 2339 a
2702 2284 2961 2355 supplicio
2987 2284 3155 2347 abest,
3186 2297 3289 2336 non
3315 2292 3487 2335 tamen
3515 2281 3661 2334 laudi

2076 2378 2369 2445 proximum
2397 2387 2480 2430 est
2511 2395 2523 2430 :
2554 2392 2674 2430 nam
2718 2375 2833 2429 lucc
2860 2375 2970 2444 ipsa
3004 2373 3324 2443 indulgentia
3357 2370 3481 2424 nihil
3514 2369 3662 2424 aliud

2074 2477 2176 2535 est,
2220 2483 2378 2538 quam
2425 2471 2633 2538 signum
2676 2481 2881 2536 magna:
2922 2462 3199 2534 cujusdam
3236 2460 3557 2516 infirmitatis
3601 2473 3665 2514 ac

2076 2558 2352 2612 socordim.
2389 2557 2745 2623 Quamobrem
2778 2557 2821 2609 si
2852 2554 3026 2619 times,
3061 2568 3127 2608 ne
3151 2551 3362 2606 famulis
3380 2548 3667 2620 puniendis

2075 2649 2310 2703 audacia:
2355 2649 2548 2703 subeas
2589 2647 2930 2717 opinionem,
2979 2645 3106 2700 illud
3159 2643 3388 2697 vicissim
3435 2642 3663 2712 cogites,

2076 2741 2246 2796 multo
2273 2740 2441 2812 magis
2460 2739 2948 2816 pertimescendum
2977 2752 3118 2805 esse,
3147 2751 3214 2791 ne
3253 2744 3451 2790 tantam
3484 2735 3664 2787 molli-

2079 2832 2166 2886 tici
2195 2842 2249 2885 et
2277 2831 2510 2886 libidinis
2537 2830 2730 2885 famam
2756 2830 2966 2884 subeas.
3012 2829 3277 2883 Przeterea
3319 2840 3444 2880 vero
3487 2826 3666 2880 licebit

2079 2923 2252 2976 vidua:
2281 2922 2499 2976 meliore
2524 2921 2749 2990 quadam
2782 2921 2984 2973 ratione
3010 2918 3168 2972 rebus
3212 2918 3324 2971 suis
3360 2915 3661 2978 consulere,

2081 3021 2135 3066 ut
2163 3021 2215 3066 et
2240 3027 2428 3082 magna
2459 3028 2522 3066 ex
2569 3020 2718 3081 parte
2762 3011 2814 3064 in
2857 3019 2970 3064 tuto
3015 3011 3132 3064 illas
3177 3008 3424 3072 collocet,
3460 3015 3515 3061 et
3559 3023 3665 3061 non

2079 3105 2250 3160 solum
2279 3105 2749 3173 reprehensionem
2783 3102 2964 3172 fugiat,
2995 3102 3086 3156 sed
3123 3102 3281 3156 etiam
3321 3100 3387 3153 ab
3415 3099 3668 3154 omnibus

2081 3194 2342 3258 laudetur,
2389 3195 2638 3265 quodque
2687 3195 3010 3264 praecipuum
3056 3201 3158 3258 est,
3204 3190 3476 3246 mercedes
3525 3190 3666 3252 illas,

2080 3303 2198 3355 qua:
2226 3301 2255 3338 a
2283 3287 2389 3340 Deo
2418 3272 2740 3355 pruvbenlu'r,
2767 3293 3018 3354 reportet.
3058 3283 3188 3338 Nam
3230 3283 3275 3336 si
3317 3281 3569 3351 pecunias
3615 3282 3668 3335 in

2079 3379 2212 3433 Caelo
2238 3378 2336 3432 sibi
2377 3377 2720 3448 deponendas
2765 3376 3033 3432 censuerit
3077 3377 3254 3445 ibique
3299 3386 3565 3444 tamquam
3615 3374 3668 3429 in

2080 3470 2227 3538 asylo
2250 3467 2476 3538 quodam
2501 3467 2865 3531 defodiendas,
2889 3481 2996 3520 non
3015 3466 3184 3520 solum
3208 3481 3311 3519 non
3339 3465 3667 3527 minuentur,

2081 3561 2174 3615 sed
2199 3561 2377 3615 multis
2405 3561 2641 3630 partibus
2667 3559 2897 3628 majores
2935 3558 3082 3612 flent.
3111 3557 3254 3611 Talis
3283 3557 3422 3611 enim
3454 3563 3538 3610 est
3569 3555 3670 3607 bu-

2080 3652 2169 3722 jus
2199 3651 2450 3706 sementis
2491 3659 2695 3705 natura.
2729 3649 2878 3716 Quod
2917 3649 2958 3703 si
3007 3647 3296 3702 infirmiore
3337 3647 3517 3700 animo
3560 3656 3668 3709 cst,

2081 3759 2240 3814 quam
2265 3752 2323 3796 ut
2349 3741 2596 3812 perfecta:
2627 3742 2703 3796 illi
2749 3741 2850 3811 legi
2896 3738 3182 3810 implenda:
3224 3752 3318 3807 par
3360 3737 3447 3799 sit,
3492 3752 3670 3805 neque

2083 3834 2258 3888 omnia
2289 3833 2445 3887 simul
2471 3848 2535 3888 eo
2562 3833 2806 3902 trajicere
2830 3831 2990 3894 velit,
3019 3828 3144 3882 illud
3175 3842 3358 3882 rursus
3386 3827 3603 3896 cogitet,
3625 3830 3668 3879 si

2084 3927 2255 3979 virum
2280 3923 2524 3993 accipiat,
2553 3938 2656 3977 non
2683 3937 2812 3976 sane
2841 3921 2998 3976 talem
3027 3927 3383 3988 accepturam,
3413 3916 3503 3985 qui
3529 3915 3669 3968 bona

2084 4014 2390 4082 amplificet.
2417 4011 2569 4080 Quod
2598 4012 2642 4066 si
2669 4012 2826 4066 etiam
2859 4011 2977 4065 talis
3019 4011 3106 4074 sit,
3152 4024 3255 4063 non
3299 4007 3464 4061 solam
3509 4020 3671 4075 pecu-

2086 4105 2293 4160 niarum
2342 4102 2707 4158 accessionem
2747 4100 3069 4166 consideret,
3109 4097 3204 4153 sed
3257 4095 3381 4150 illud
3431 4109 3669 4164 quoque,

2087 4195 2197 4250 fore
2223 4202 2282 4249 ut
2308 4195 2485 4248 nmltis
2507 4193 2556 4247 in
2585 4192 2744 4247 rebus
2775 4192 2939 4246 Deum
2988 4200 3147 4259 atque
3184 4188 3429 4242 homines
3468 4185 3672 4239 laedere

2084 4293 2321 4356 cogatur.
2353 4283 2485 4338 Nam
2513 4283 2556 4337 si
2583 4282 2671 4337 ille
2707 4297 2773 4337 ex
2799 4295 3020 4336 numero
3048 4279 3340 4349 potentium
3369 4283 3528 4346 atque
3553 4276 3672 4344 opi-

2085 4375 2185 4430 bus
2211 4373 2591 4428 abundantium
2623 4370 2800 4437 fuerit,
2830 4371 2995 4425 multa
3021 4369 3164 4424 illam
3210 4375 3404 4438 praeter
3449 4374 3674 4418 SBﬂlt'll-

2088 4467 2212 4521 tiam
2239 4474 2292 4520 et
2317 4464 2492 4519 facere
2513 4471 2568 4519 et
2591 4461 2732 4518 ferre
2752 4471 2940 4532 coget;
2967 4470 3022 4515 et
3048 4458 3189 4530 quod
3215 4473 3244 4512 a
3269 4456 3522 4511 viduitate
3554 4470 3674 4507 me-

2086 4557 2286 4622 tuebat,
2317 4556 2394 4610 illi
2424 4570 2562 4610 nunc
2591 4555 2758 4610 multo
2787 4553 2998 4623 gravius
3023 4561 3076 4608 et
3102 4549 3384 4605 violentius
3412 4547 3672 4601 immine-

2085 4649 2180 4702 bit.
2212 4646 2397 4714 Adde,
2445 4647 2659 4702 evenire
2707 4644 2959 4700 facillime
2996 4657 3187 4713 posse,
3233 4651 3290 4695 ut
3329 4639 3675 4694 celerrimam

2087 4740 2243 4794 faciat
2279 4740 2647 4794 mutationem.
2674 4737 2804 4791 Nam
2837 4736 2963 4790 dum
2988 4734 3143 4788 vidua
3171 4742 3270 4796 est,
3300 4733 3459 4786 etiam
3487 4730 3532 4783 si
3566 4731 3675 4783 ali-

2083 4830 2224 4902 quod
2251 4832 2302 4885 in
2344 4830 2499 4884 bonis
2541 4828 2916 4884 detrimentum
2955 4825 3197 4894 accipiat,
3246 4823 3444 4891 reliqua
3486 4829 3676 4875 tamen

2083 4925 2168 4977 illa
2195 4924 2339 4978 salva
2364 4933 2416 4977 et
2445 4932 2552 4976 tnta
2581 4920 2872 4976 manebunt
2900 4937 2912 4972 :
2943 4926 2997 4971 at
3023 4917 3220 4986 potenti
3250 4916 3382 4978 viro,
3419 4921 3473 4966 et
3517 4927 3674 4967 rem-

2085 5015 2370 5085 publicam,
2409 5015 2493 5068 vel
2543 5013 2698 5066 aliam
2747 5011 3048 5080 quampiam
3093 5006 3518 5078 procurationem
3569 5017 3669 5071 ge-

2082 5109 2240 5170 renti,
2271 5105 2609 5160 matrimonio
2632 5104 2834 5173 juncta,
2862 5117 3004 5170 saepe
3031 5099 3207 5152 omnia
3235 5096 3390 5152 simul
3420 5093 3632 5147 amittet
3656 5110 3672 5145 :

2083 5199 2441 5254 calamitatum
2472 5197 2634 5263 enim,
2664 5210 2784 5265 qua:
2809 5193 2936 5248 viris
2974 5190 3240 5256 accidunt,
3291 5202 3483 5242 uxores
3525 5200 3667 5254 quo.

2082 5305 2184 5361 que
2214 5289 2494 5360 participes
2523 5289 2628 5342 sint
2656 5295 2885 5357 oportet.
2918 5283 3021 5339 Sed
3052 5291 3190 5347 esto,
3234 5279 3361 5333 nihil
3399 5274 3672 5346 ejusmodi

2081 5382 2303 5446 accidat,
2338 5380 2526 5451 ecquid
2557 5379 2712 5445 lucri,
2757 5378 2844 5432 die
2881 5377 3032 5434 mihi.
3077 5376 3384 5429 servitutem
3431 5368 3671 5422 libertati

2080 5472 2386 5528 anteferre?
2412 5470 2600 5541 ecquid
2629 5469 2867 5524 utilitatis
2895 5466 3089 5521 divitim
3131 5463 3376 5525 afferunt,
3405 5473 3525 5514 cum
3557 5457 3672 5510 illis

2079 5563 2336 5619 arbitratu
2360 5577 2457 5618 suo
2487 5561 2562 5616 uti
2588 5559 2805 5614 minime
2832 5556 3026 5628 queat?
3059 5554 3246 5610 Nonne
3292 5551 3457 5606 multo
3521 5561 3672 5617 prae.

2080 5653 2322 5711 stabilius
2350 5662 2450 5723 est,
2485 5666 2647 5724 pauca
2674 5651 2746 5708 ita
2774 5649 3080 5721 p05sidere,
3109 5654 3167 5700 ut
3188 5643 3273 5699 illa
3314 5642 3366 5701 in
3395 5646 3669 5712 potestate
