3890 6220
313 277 416 346 cn

308 407 402 462 καὶ
421 405 518 473 τὰς
533 406 750 473 ὠδῖνας,
772 407 865 462 καὶ
897 406 968 462 τά
983 408 1119 463 ἄλλα
1146 409 1362 463 ἅπαντα
1382 409 1617 481 παρίημι
1642 407 1758 462 νῦν.
1793 407 1853 460 ὐ
1873 406 1970 478 μὲν

309 499 418 568 γάρ
443 501 508 568 τῇ
538 497 789 569 παρθένῳ
825 497 1198 569 διαλεγόμενος
1220 498 1444 560 εἰκότως
1476 497 1570 550 καὶ⁹
1603 495 1732 568 περὶ
1767 495 1974 549 τούτων

309 583 630 648 διαλέξεται,
654 584 748 638 άτε
773 583 985 655 ἀπείρῳ
1004 583 1062 637 οῦ
1072 601 1137 655 σῃ
1162 585 1256 637 καὶ
1280 583 1484 655 ἀμαθεῖ
1503 581 1611 637 τῶν
1635 581 1974 654 πραγμάτων

311 671 566 725 ἐκείνων·
598 672 744 743 χήρα
770 671 827 724 δὲ
856 671 961 724 κᾶν
1001 671 1310 742 ἐνοχλήσειέ
1348 689 1433 735 τις
1470 671 1643 724 ταῦτα
1679 669 1873 738 λέγων.
1908 669 1975 720 Ἀ

310 758 420 830 γάρ
445 758 532 812 διὰ
551 758 663 811 τῶν
685 758 1025 830 πραγμάτων
1047 758 1247 829 ἔμαθεν
1275 757 1688 831 ἀκριϐέστερον,
1720 754 1974 825 περιττὸν

310 846 388 915 τῷ
419 846 561 917 λόγῳ
590 846 882 918 πειρᾶσθαι
908 845 1180 900 διδάσκειν
1213 847 1402 918 αύτήν.
1429 846 1696 900 Τοσοῦτον
1728 845 1786 899 δὲ
1809 860 1977 916 προσ-

313 931 484 985 θεῖναι
529 931 726 995 καλὸν,
755 933 836 985 ὅτι
869 934 962 986 καί¹
995 932 1134 1003 μετά
1155 933 1398 996 πλείονος
1423 932 1672 1003 ὁμιλήσει
1712 931 1809 1002 τῆς
1836 932 1978 1000 παρη

317 1020 508 1090 ρησίας
537 1021 630 1073 καὶ
666 1021 764 1091 τῆς
797 1020 1109 1094 ἐλευθερίας
1141 1023 1174 1092 ἡ
1218 1020 1488 1092 παρθένος
1525 1019 1840 1091 γαμηθεῖσα
1877 1018 1978 1087 τῆς

315 1107 455 1176 μετὰ
496 1109 595 1177 τὴν
635 1109 879 1179 χηρείαν.
937 1108 1155 1178 Ταύτην
1193 1108 1292 1178 μὲν
1325 1107 1434 1178 γὰρ
1482 1106 1584 1160 κᾶν
1631 1106 1708 1169 ὡς
1741 1105 1976 1174 γυναῖκα

314 1193 537 1266 στέργῃ,
585 1195 698 1247 ἀλλ’
737 1196 836 1265 ούχ
869 1195 946 1258 ὡς
993 1195 1259 1266 παρθένον
1305 1191 1485 1247 λαϐών
1508 1209 1522 1224 θ
1567 1194 1648 1245 ὃτι
1692 1192 1750 1244 δὲ
1799 1189 1978 1260 πολλῷ

311 1281 511 1334 ἐκεῖνοι
535 1295 560 1322 ι
603 1281 806 1335 τούτων
839 1282 889 1335 οἰ
917 1282 1119 1352 ἔρωτες
1158 1280 1502 1352 σφοδρότεροι
1539 1280 1633 1332 καὶ
1674 1275 1978 1347 μανικώτε-

317 1383 416 1438 ροι,
455 1369 614 1422 παντί
656 1387 757 1421 που
790 1369 948 1438 δῆλόν
977 1371 1154 1421 ἐστιν’
1186 1369 1400 1437 ἐκείνην
1433 1367 1490 1419 δὲ
1523 1366 1619 1420 ἆτε
1659 1363 1733 1435 μὴ
1779 1363 1979 1427 παντὸς

314 1456 504 1526 ἀνδρὸς
537 1457 759 1527 ἄπειρον
785 1454 935 1527 [557]
967 1457 1027 1508 00
1054 1455 1219 1508 παντὶ
1248 1453 1405 1524 θυμῷ
1437 1452 1530 1506 καὶ
1552 1451 1856 1505 ἀσπάσεται
1885 1452 1979 1504 καὶ

314 1542 547 1612 φιλήσει.
566 1543 894 1613 Πεφύκαμεν
917 1542 1045 1613 γὰρ,
1063 1542 1139 1604 ὡς
1164 1543 1334 1594 εἰπεῖν
1352 1541 1400 1604 b,
1422 1539 1657 1601 ἅπαντες
1679 1535 1774 1591 ἄνθ
1784 1554 1976 1608 ρωποι,

314 1631 421 1683 εἴτε
464 1630 568 1682 01:0
595 1629 941 1700 ζηλοτυπίας,
971 1631 1080 1682 εἴτε
1121 1628 1225 1682 01:0
1260 1626 1586 1692 κενοδοξίας,
1612 1625 1720 1678 εἴτε
1748 1625 1848 1677 οὐκ
1880 1620 1978 1676 οἷδ’

313 1717 435 1771 ὅθεν
467 1718 761 1788 ἑτέρωθεν,
793 1716 902 1770 τῶν
938 1717 1277 1787 πραγμάτων
1311 1717 1495 1768 ἐκεῖνα
1539 1713 1774 1783 μάλιστα
1807 1711 1981 1780 φιλεῖν

313 1799 390 1858 ὧν
423 1805 517 1858 καὶ
543 1805 639 1876 τὴν
669 1804 916 1869 ἐξουσίαν
941 1805 1036 1858 καὶ
1065 1805 1163 1874 τὴν
1186 1801 1486 1856 ἀπόλαυσιν
1519 1801 1580 1854 00
1615 1801 1731 1870 μεθ’
1763 1799 1981 1870 ἐτέρους

315 1889 530 1962 ἔχομεν,
566 1892 679 1945 ἀλλ’
712 1892 864 1944 00:01
889 1891 1096 1962 πρῶτοι
1126 1891 1217 1944 καὶ
1253 1889 1405 1959 μόνοι
1434 1888 1853 1958 καθεστήκαμεν
1886 1886 1982 1940 κύ-

318 1996 444 2052 ριοι.
470 1981 640 2032 Τοῦτο
670 1981 763 2033 καὶ
794 1981 886 2033 ἐπὶ
917 1978 1148 2050 ἱματίων
1177 1979 1275 2031 ἰδοι
1299 1994 1384 2040 τις
1408 1977 1474 2030 ἂν
1508 1976 1803 2046 συμϐαῖνον
1826 1977 1979 2046 ἡμῖν’

315 2071 377 2122 00
400 2069 509 2140 γάρ
535 2069 735 2140 ὁμοίως
759 2067 1077 2139 διακείμεθα
1110 2067 1246 2138 πρὸς
1267 2066 1335 2119 τά
1360 2066 1489 2136 παρ’
1515 2064 1717 2135 ἐτέρων
1743 2064 1823 2126 είς
1850 2063 1985 2133 χρῆο

318 2173 402 2210 σιν
437 2157 655 2209 ἐλθόντα
682 2167 703 2194 ο
737 2158 848 2219 τοῖς
897 2154 1026 2225 παρ’
1061 2153 1294 2215 οὐδενός.
1343 2151 1514 2204 Τοῦτο
1546 2152 1640 2205 καὶ
1683 2150 1775 2204 ἐπὶ
1807 2150 1986 2212 οἰκίας

319 2244 412 2297 καὶ
449 2244 541 2296 ἐπὶ
577 2242 816 2296 σκευῶν⁸
858 2243 953 2296 καὶ
983 2240 1092 2310 γὰρ
1129 2240 1223 2294 καὶ
1265 2238 1443 2292 οἰκίαν
1479 2238 1578 2310 τὴν
1612 2237 1743 2309 παρ’
1796 2236 1984 2306 ἐτέρου

317 2330 562 2385 δοθεῖσαν
609 2333 740 2401 ἡμῖν
787 2331 886 2400 οὐχ
919 2328 1119 2399 ὁμοίως
1165 2326 1350 2399 ἐκείνῃ
1383 2324 1666 2395 φιλοῦμεν,
1719 2323 1786 2394 ἢν
1831 2323 1987 2377 αὐτοὶ

319 2419 796 2488 κατεσκευάσαμεν
816 2434 829 2448 ⁸
855 2417 948 2470 καὶ
980 2415 1086 2470 τῶν
1111 2413 1319 2468 σκευῶν
1343 2414 1411 2466 τὰ
1439 2414 1537 2484 μὲν
1566 2413 1692 2484 άρτι
1719 2411 1988 2481 γενόμενα

318 2506 416 2560 καὶ
447 2505 669 2577 πρώτην
712 2506 838 2574 παρ’
883 2505 1014 2574 ἡμῖν
1057 2502 1247 2573 χρείαν
1294 2500 1561 2571 δεξάμενα
1603 2501 1663 2553 ἐν
1718 2497 1888 2568 πολλῇ
1918 2499 1986 2568 τῇ

320 2591 492 2660 φειδοῖ
516 2590 854 2662 φυλάττομεν
887 2591 981 2643 καὶ
1014 2588 1240 2660 σπουδῇ,
1273 2588 1343 2641 τὰ
1367 2588 1423 2640 δὲ
1449 2587 1508 2652 ἐξ
1537 2587 1738 2657 ἐτέρων
1768 2585 1989 2638 ἐλθόντα

320 2681 402 2744 εἰς
425 2681 569 2751 ἡμᾶς
591 2681 652 2732 00
684 2680 884 2750 σφόδρα
919 2676 1276 2750 προσιέμεθα,
1307 2675 1422 2729 ἀλλ’
1445 2674 1617 2738 οὕτως
1645 2671 1989 2744 ἀποστρεφό-

325 2767 497 2838 μεθα,
538 2768 614 2830 ῶς
651 2768 743 2820 καὶ
790 2765 1160 2820 άνασκευάσαι
1193 2763 1453 2826 πολλάκις
1497 2762 1656 2816 αὑτά.
1704 2761 1767 2814 Εἰ
1809 2760 1866 2813 δὲ
1895 2759 1991 2812 ἐπὶ

322 2854 497 2917 οἰκίας
517 2856 610 2907 καὶ
633 2855 863 2924 ἱματίων
899 2854 994 2907 καὶ
1024 2850 1234 2904 σκευῶν
1263 2850 1421 2904 τοῦτο
1449 2851 1582 2921 ἡμῖν
1614 2847 1902 2918 συμϐαίνει
1931 2847 1993 2900 :0

324 2939 523 3004 πάθος,
552 2941 802 3012 ἐννόησον
842 2939 934 2992 ἐπὶ
979 2939 1076 3009 τῆς
1115 2937 1397 3006 γυναικὸς,
1435 2931 1496 2989 οὗ
1525 2933 1853 3006 τιμιώτερον
1893 2936 1991 2989 άν-

321 3027 510 3095 δράσιν
556 3027 728 3090 οὐδὲν,
771 3027 887 3090 πῶς
920 3027 1052 3078 00:0
1101 3025 1239 3095 μετά
1294 3023 1656 3094 σφοδρότητος
1694 3022 1994 3092 ἐμπίπτειν

325 3114 492 3177 εἰκός.
534 3115 790 3167 Ἐκείνων
837 3115 934 3184 μὲν
963 3112 1070 3184 γάρ
1101 3112 1206 3165 κᾶν
1244 3110 1631 3183 μεταδιδόαμεν
1653 3109 1680 3148 ἀ
1713 3111 1828 3172 τοῖς
1874 3107 1996 3177 βου-

325 3200 598 3272 λομένοις.
645 3201 847 3272 ταύτης
891 3201 948 3254 δὲ
995 3201 1054 3253 o0
1093 3199 1253 3268 θέμις
1295 3200 1448 3270 ἡμῖν,
1494 3197 1630 3252 ἀλλά
1675 3197 1774 3267 τῆς
1817 3196 1996 3266 ψυχῆς

326 3291 747 3362 ἀποστησόμεθα
773 3291 1008 3362 πρῶτον,
1044 3290 1076 3360 ἢ
1107 3289 1263 3343 τοῦτο
1301 3289 1498 3342 παθεῖν
1529 3287 1853 3358 ἀνεξόμεθα.
1886 3289 1997 3359 Τὴν

331 3378 430 3448 μὲν
454 3375 548 3432 οὖν
577 3378 868 3449 παρθένον,
907 3379 1044 3448 ὅπερ
1077 3377 1232 3447 ἔφην,
1264 3377 1360 3430 άτε
1390 3376 1669 3445 ἀνέπαφον
1697 3371 1865 3430 οὖσαν
1898 3376 1996 3430 καὶ

333 3465 467 3518 ἰδίαν
498 3465 664 3518 αὐτοῦ
692 3465 785 3518 καὶ
807 3464 1017 3526 οὐδενὸς
1042 3463 1231 3534 ἐτέρου
1258 3463 1579 3533 γενομένην,
1614 3463 1765 3534 πάσῃ
1797 3462 1999 3533 προθυο

333 3553 432 3623 μίᾳ
459 3553 743 3624 προσίεται
763 3568 776 3581 °
810 3552 910 3623 τὴν
942 3551 998 3603 δέ
1031 3551 1203 3622 ἐτέρῳ
1238 3550 1500 3620 πρότερον
1539 3548 1905 3618 συναφθεῖσαν
1936 3550 1998 3602 00

335 3639 474 3710 μετά
496 3639 598 3708 τῆς
623 3639 793 3708 αὐτῆς
825 3637 1003 3707 φιλίας
1034 3636 1225 3706 ὀψεται
1259 3637 1353 3689 καὶ
1377 3635 1610 3699 εὐνοίας.

406 3733 479 3791 ς’.
503 3725 595 3796 Μὴ
635 3725 743 3796 γάρ
779 3741 868 3795 μοι
901 3724 968 3777 τὰ
993 3723 1280 3786 σπανιάκις
1305 3722 1398 3776 καὶ
1422 3722 1572 3793 μόλις
1591 3721 1738 3787 άπαξ
1774 3721 2003 3792 συμϐαί⁸

335 3829 496 3867 νοντα
521 3811 704 3884 εἴπῃς,
732 3810 867 3864 ἁλλά
903 3809 972 3864 τὰ
1004 3810 1242 3880 συνεχῶς
1268 3811 1360 3864 ἐπὶ
1385 3808 1490 3862 τῶν
1526 3809 1870 3881 πραγμάτων
1897 3808 2000 3861 δει-

334 3900 597 3971 κνύμενα.
625 3901 699 3953 O0
735 3899 824 3956 διὰ
849 3897 1022 3951 ταῦτα
1060 3898 1118 3951 δὲ
1155 3897 1313 3969 μόνον
1356 3895 1598 3960 πλείονος
1644 3897 1827 3967 ἐκείνη
1869 3897 2002 3967 μεθ-

336 3988 445 4055 έξει
471 3987 570 4058 τῆς
593 3986 922 4058 παρρησίας,
947 3985 1081 4038 ἀλλὰ
1103 3985 1197 4039 καὶ
1219 3983 1285 4036 δι’
1309 3983 1472 4054 ἔτερα
1501 3983 1690 4038 πολλά.
1714 3976 1883 4046 Οὗτος
1906 3984 2006 4053 μὲν

336 4077 444 4146 γὰρ
482 4072 575 4128 καί
615 4074 872 4128 ὀνειδίσαι
917 4072 1157 4134 εὐκόλως
1188 4071 1390 4126 δύναιτ’
1415 4070 1482 4125 ἂν
1523 4072 1600 4134 ὡς
1631 4073 2004 4144 καταφρονού-

340 4183 500 4240 μενος
528 4168 658 4236 παρ⁹
683 4167 872 4236 αὐτῆς,
896 4164 992 4219 καὶ⁸
1018 4163 1317 4234 τεκμήριον
1348 4161 1450 4230 τῆς
1481 4161 1768 4232 ὀλιγωρίας
1800 4161 1900 4234 τὴν
1927 4164 2008 4226 εἰς

336 4259 428 4312 τὸν
460 4257 723 4329 πρότερον
755 4258 892 4327 αὐτῇ
926 4255 1301 4325 γεγενημένην
1329 4252 1590 4307 ἀπιστίαν
1621 4257 2008 4325 προσενεγκεῖν

337 4351 432 4404 καὶ
457 4348 806 4419 ἐπιστομίσαι
833 4346 929 4400 καὶ
958 4344 1097 4415 ὑπὲρ
1147 4342 1254 4395 τῶν
1282 4342 1660 4412 γεγενημένων
1679 4383 1694 4408 ,
1739 4344 1833 4397 καὶ
1871 4344 2010 4414 ὑπὲρ

339 4443 449 4496 τῶν
477 4441 611 4513 μηδὲ
638 4436 1066 4512 συμϐησομένων
1092 4435 1241 4501 ἴσως.
1285 4435 1342 4490 Ὀ
1367 4435 1475 4506 γάρ
1512 4434 1764 4490 ἀπελθὼν
1793 4436 1888 4489 καὶ
1916 4453 2012 4490 κα-

339 4533 699 4605 ταφρονηθεὶς
731 4533 827 4586 καὶ
863 4530 954 4584 τὸν
999 4527 1178 4595 ζῶντα
1222 4529 1398 4583 ταῦτα
1445 4527 1784 4581 ὑποπτεῦσαι
1833 4527 2009 4580 πείσει

341 4629 470 4698 περὶ
499 4623 728 4690 ἑαυτοῦ,
773 4621 877 4676 κᾶν
918 4619 993 4692 μὴ
1027 4618 1270 4691 γένηται.
1322 4617 1440 4674 Οὐκ
1486 4621 1692 4684 ἐκεῖνος
1747 4620 1804 4674 δὲ
1851 4619 2010 4690 μόνον

340 4716 513 4770 ταῦτα
548 4712 838 4785 προφέρων
888 4711 1025 4782 αὐτῇ
1069 4709 1308 4782 συνεχῶς
1351 4709 1503 4766 ἔσται
1546 4708 1822 4781 φορτικὸς,
1875 4706 2010 4762 ἀλλά

343 4809 437 4862 καὶ
479 4806 688 4862 οἰκέται
732 4803 827 4856 καὶ
859 4801 1221 4875 θεράπαιναι,
1267 4801 1370 4856 κᾶν
1407 4801 1482 4872 μὴ
1522 4799 1794 4871 φανερῶς,
1838 4798 2012 4869 λάθρα

342 4899 474 4968 γοῦν
499 4893 952 4966 διαγογγύζοντες
993 4895 1206 4967 μυρίοις
1241 4893 1410 4966 αὐτὴν
1450 4891 1705 4962 βάλλουσι
1745 4889 2011 4962 σκώμμα-

345 5009 450 5047 σιν.
480 4992 542 5044 Εἰ
567 4989 623 5046 δὲ
649 4999 673 5027 ο
708 4987 890 5058 συμϐῇ
914 4988 1007 5044 καὶ
1032 4987 1227 5051 παῖδας
1252 4983 1346 5039 τοῦ
1367 4982 1814 5052 τετελευτηκότος
1841 5000 2012 5038 κατα-

343 5082 628 5154 λειφθῆναι
651 5077 825 5143 νέους,
856 5077 975 5143 πῶς
998 5079 1196 5142 αὐτοὺς
1219 5073 1536 5149 ἀναθρέψει,
1560 5073 1679 5136 πῶς
1702 5073 1759 5126 δὲ
1779 5074 2015 5144 προστή-

348 5191 536 5242 σεται;
568 5175 730 5232 τίνων
761 5173 820 5233 δὲ
851 5169 1104 5243 ὀρφανῶν
1135 5168 1197 5222 00
1232 5162 1613 5239 χαλεπώτερον
1653 5161 1851 5219 ἐκεῖνοι
1886 5160 2014 5232 βιώ-

410 5413 438 5442 ⁸
460 5409 595 5461 Colb.
625 5407 811 5461 ἐκεῖνοι,
839 5407 958 5456 editi
979 5405 1174 5455 ἐκείνου.

408 5473 440 5516 b
962 5445 1127 5528 εξῖὧῖξ
1135 5445 1310 5517 ﬁorel.
1333 5469 1397 5521 ὡς
1418 5463 1581 5528 εἰπεῖν.

411 5537 436 5565 ε
472 5530 725 5593 Μοτθίιηει
749 5530 898 5580 Savil.
925 5523 985 5577 fin
1027 5523 1182 5593 ma'rg,
1211 5530 1274 5584 εἰς
1301 5533 1489 5593 ᾃχρῇσιν
1514 5523 1729 5593 ἐλθόντα,
1755 5524 1908 5580 Savil.
1957 5527 2014 5577 in

349 5599 489 5648 texui
513 5598 564 5654 el.
587 5591 720 5642 Colb.
742 5593 1004 5654 χρησθέντα
1027 5593 1108 5638 καὶ
1125 5589 1186 5640 τὰ
1204 5589 1460 5654 παρὀὐδ’.

339 5675 342 5677 λ
409 5657 438 5696 τι
458 5653 586 5706 ι;οιι›.
615 5653 940 5715 μεταδοίημεν.

413 5731 437 5762 ο
461 5713 925 5767 3³ν11.“θι(ὶοίδ.ἢν
946 5714 1017 5764 δέ.

1116 290 1172 347 S.
1213 287 1496 346 JOANNIS
1531 283 2019 344 CHRYSOSTOMI
2056 279 2375 340 ARCHIEP.
2418 276 2963 338 CONSTANTINOP.

3639 276 3743 331 618

2085 423 2267 461 σονται
2301 405 2366 460 τὰ
2396 404 2492 458 τοῦ
2526 402 2732 474 πατρὸς
2769 399 3005 472 ὁρῶντες
3050 396 3266 452 ἅπαντα
3308 395 3492 465 ἔτερον
3533 391 3743 462 ἔχοντα,

2080 494 2176 548 καὶ
2205 495 2444 558 οίκέτας,
2473 490 2570 544 καὶ
2597 488 2794 550 οἰκίαν,
2828 487 2922 540 καὶ
2953 485 3179 557 ἀγροὺς,
3206 482 3302 536 καὶ
3326 481 3390 534 :0
3417 481 3632 536 πάντων
3657 496 3750 533 κε-

2081 582 2306 651 φάλαιον
2334 580 2430 650 τὴν
2463 580 2732 647 γυναῖκα;
2765 573 2881 636 πῶς
2908 573 3226 644 δυνήσονται
3253 570 3330 633 ὡς
3364 569 3500 639 πρὸς
3535 566 3753 638 μητέρα

2081 667 2384 721 διακεῖσθαι
2420 665 2654 729 ὲκεῖνοι;
2689 660 2806 724 πῶς
2849 659 2906 712 δὲ
2932 657 3069 728 αὓτη
3107 656 3184 720 ὡς
3223 655 3361 726 πρὸς
3393 653 3608 717 παῖδας,
3659 652 3757 715 00;

2081 752 2431 825 αἰσχύνεσθαι
2472 752 2566 805 καὶ
2600 749 2859 821 ἐρυθριᾷν
2897 742 3286 815 ἀναγκάζεται,
3329 743 3423 796 καὶ
3452 737 3534 804 οἷς
3567 743 3760 795 πᾶσαν

2081 844 2374 912 ἀπονεῖμαι
2421 840 2520 911 τὴν
2571 836 2844 909 μητρικὴν
2893 835 2995 888 οὐκ
3031 833 3144 902 ἔχει
3197 826 3617 901 φιλοστοργίαν,
3678 829 3762 890 εἰς

2080 932 2206 994 :00;
2238 929 2298 994 ἐξ
2321 927 2532 982 ἐκείνου
2561 925 2579 964 ί
2612 925 2809 987 παῖδας
2836 921 3162 992 σχιζομένης
3189 919 3327 988 αὐτῇ
3353 917 3456 986 τῆς
3485 914 3763 979 διανοίας;

2083 1018 2148 1072 Τί
2176 1013 2299 1082 οὖν,
2343 1017 2410 1071 ἂν
2512 1013 2722 1085 σφόδρα
2753 1011 2912 1084 κόρη,
2943 1009 3100 1080 φησὶ,
3134 1006 3230 1061 καὶ
3267 1004 3475 1077 βραχὺν
3511 1002 3765 1057 ἀπολαύ-

2085 1122 2225 1160 σασα
2257 1103 2447 1175 χρόνον
2477 1100 2573 1155 τοῦ
2605 1098 2760 1172 [558]
2788 1097 3011 1169 ἀνδρός;
3036 1093 3179 1166 Πρὸς
3201 1092 3311 1163 γὰρ
3334 1091 3434 1154 τὰς
3464 1089 3633 1161 κόρας
3670 1103 3769 1159 μοι

2082 1193 2257 1246 ταῦτα
2301 1190 2540 1262 εἴρηται,
2587 1190 2647 1241 00
2699 1186 2839 1258 1:90;
2884 1185 2984 1247 τὰς
3028 1178 3435 1252 γεγηρακυίας·
3472 1176 3609 1246 1:90;
3648 1175 3770 1247 γὰρ

2083 1279 2300 1342 ἐκείνας
2348 1277 2505 1331 τοῦτο
2542 1273 2805 1336 ποιούσας
2845 1271 2966 1325 οὐδὲ
3004 1267 3462 1339 διαλεχθήσομαι·
3495 1266 3544 1318 εἰ
3577 1263 3696 1335 γάρ
3741 1263 3773 1317 ὀ

2083 1365 2251 1429 πολὺς
2275 1364 2465 1436 χρόνος
2492 1362 2586 1416 καὶ
2618 1363 2652 1432 ἡ
2683 1358 2866 1432 ἡλικία
2889 1358 2984 1410 καί⁵
3009 1355 3078 1410 τά
3109 1355 3244 1408 ἄλλα
3280 1353 3458 1408 πάντα
3482 1352 3582 1405 οὐκ
3603 1350 3773 1436 ἔπει-

2085 1469 2182 1507 σαν
2213 1433 2381 1514 αὑτάς
2407 1449 2741 1520 ἀποσχέσθαι
2768 1445 3023 1518 δευτέρου
3073 1443 3274 1514 γάμου,
3314 1440 3448 1494 πολύ
3489 1456 3553 1508 γε
3597 1433 3773 1510 ἦττον

2087 1541 2248 1612 ἡμεῖς
2272 1554 2284 1567 ·
2313 1539 2374 1591 00
2401 1537 2510 1607 γὰρ
2534 1539 2562 1590 0
2585 1537 2716 1606 παρ’
2738 1533 2898 1604 ἡμῶν
2924 1531 3103 1586 πείσει
3127 1530 3284 1598 λόγος
3304 1545 3318 1560 ο
3345 1527 3458 1581 ἀλλ’
3484 1527 3636 1589 ἄπας
3676 1543 3772 1596 μοι

2086 1628 2223 1700 πρὸς
2267 1625 2470 1689 ταύτας
2512 1625 2542 1676 ὀ
2573 1623 2730 1691 λόγος
2763 1620 2899 1674 ἐστί.
2931 1619 2996 1672 Τί
3051 1613 3178 1682 οῦν,
3218 1617 3285 1670 ἂν
3332 1612 3559 1688 ᾗκόρη.
3605 1612 3770 1683 φησὶ,

2086 1716 2182 1768 καὶ
2244 1713 2403 1785 μόνον
2449 1710 2699 1765 ἐνιαυτὸν
2758 1706 2900 1780 μετά
2940 1704 3033 1760 τοῦ
3080 1703 3346 1775 προτέρου
3393 1701 3774 1770 συνοικήσασα

2086 1800 2550 1872 δευτερογαμῆται
2573 1801 2597 1838 ε
2623 1797 2816 1861 πάλιν;
2852 1794 2994 1855 τίνος
3023 1787 3208 1845 ἕνεκεν
3247 1789 3344 1861 τῆς
3375 1786 3618 1840 εἰκοστδν
3651 1785 3776 1850 ἔτος

2089 1899 2181 1952 καὶ
2208 1896 2530 1969 τριακοστὸν
2567 1882 2914 1965 ἀνηλωκυίας
2952 1891 3010 1943 ἐν
3061 1887 3226 1959 γάμῳ
3261 1885 3629 1957 προτιμήσεις
3675 1883 3779 1936 00-

2087 1996 2187 2064 τήν
2214 2013 2227 2058 ;
2261 1992 2375 2046 Οὐκ
2403 1990 2600 2060 ἔγωγε,
2629 1988 2743 2042 ἀλλ’
2775 1989 2805 2041 0
2832 1984 3103 2058 μακάριος
3132 1982 3346 2046 Παῦλος
3364 1999 3378 2013 ·
3415 1982 3625 2043 ἐκεῖνος
3662 1978 3779 2047 γάρ

2091 2105 2244 2159 φησι,
2269 2083 2690 2154 Μακαριωτέρα
2713 2081 2781 2136 δέ
2800 2082 2990 2144 ἐστιν,
3017 2079 3128 2134 ἐὰν
3148 2079 3303 2133 οὕτω
3319 2077 3521 2147 μείνῃ.
3545 2075 3614 2128 Τί
3635 2074 3776 2144 γὰρ,

2091 2186 2140 2238 εἰ
2163 2185 2257 2238 καὶ
2278 2183 2444 2236 πολὺν
2476 2181 2657 2252 ἐκείνη
2681 2178 2870 2250 χρόνον
2890 2175 3204 2246 συνῴκησεν
3230 2173 3405 2244 ἀνδρὶ,
3437 2171 3551 2225 ἀλλ’
3571 2172 3656 2224 ἐνὶ
3684 2170 3780 2223 καὶ
3851 2161 3862 2225 ζ

2089 2281 2170 2354 τῷ
2197 2279 2345 2352 αὐτῷ
2367 2280 2460 2334 καὶ
2487 2279 2632 2350 μόνῳ
2649 2279 2744 2332 καὶ
2765 2269 2810 2345 ᾧ
2836 2277 2892 2344 ἐξ
2915 2275 3091 2348 ἀρχῆς
3111 2269 3399 2345 ἐκληρώθη
3417 2289 3431 2336 ;
3451 2269 3594 2340 αῦτη
3613 2271 3673 2324 δὲ
3691 2268 3781 2322 δυ⁸

2094 2376 2177 2430 σ“ιν
2203 2375 2398 2430 ἔδωκεν
2419 2372 2638 2444 ἑαυτὴν,
2665 2369 2947 2427 καὶταῦτα
2969 2371 3027 2424 ἐν
3057 2367 3250 2441 βραχεῖ
3270 2365 3350 2436 τῷ
3378 2365 3580 2436 χρόνῳ.
3627 2362 3777 2416 Ἀλλ’

2093 2473 2191 2542 οὐχ
2212 2469 2415 2524 ἑκοῦσα
2440 2469 2492 2531 ιι,
2528 2464 2694 2538 φησίν
2717 2484 2731 2498 ·
2764 2466 2814 2520 εἰ
2844 2465 2952 2536 γὰρ
2983 2465 3011 2518 0
3046 2462 3262 2535 πρῶτος
3287 2459 3406 2530 ἔζη,
3437 2459 3540 2512 οὐκ
3562 2457 3630 2512 ἂν
3654 2457 3780 2511 ἕτε-

2097 2585 2188 2639 ρον
2212 2568 2500 2639 ἠγάπησεν
2528 2566 2614 2619 ἐπ’
2646 2564 2870 2634 ἐκείνῳ·
2905 2561 3093 2632 ἐπειδὴ
3122 2558 3178 2612 δὲ
3207 2556 3313 2629 πρὸ
3350 2555 3499 2625 ὥρας
3522 2554 3780 2625 ἀπῆλθεν

2094 2666 2334 2728 ἐκεῖνος,
2389 2661 2496 2716 ὑπὸ
2551 2660 2652 2731 τῆς
2705 2658 2952 2728 ἀνάγκης
3001 2653 3240 2724 δευτέρῳ
3295 2649 3544 2723 συνήφθη
3590 2649 3777 2704 πάλιν.

2095 2752 2263 2817 Ποίας
2310 2750 2593 2822 ἀνάγκης;
2651 2744 2793 2816 Ἐγὼ
2832 2743 2942 2814 γὰρ
2984 2741 3186 2812 ταύτης
3215 2734 3285 2811 ἦς
3327 2738 3508 2809 λέγεις
3553 2737 3782 2808 μείζονα

2098 2840 2290 2909 ἑτέραν
2330 2821 2576 2907 ἀνάγκην
2614 2834 2727 2906 ὁρῶ
2773 2830 2965 2901 ἱκανὴν
3009 2827 3178 2898 αὐτὴν
3215 2827 3513 2894 κατασχεῖν
3567 2823 3664 2876 ἐπὶ
3706 2821 3783 2893 τῷ

2096 2924 2533 2996 τετελευτηκότι,
2568 2922 2629 2975 :0
2658 2918 2872 2991 πικρῶν
2911 2916 3088 2978 οὕτως
3132 2911 3438 2967 ἀπολαῦσαι
3469 2910 3585 2964 τῶν
3633 2928 3784 2983 πραι-

2099 3017 2326 3088 γμάτων
2362 3012 2456 3066 τοῦ
2489 3012 2719 3082 κόσμου.
2767 3007 2834 3061 Ἦ
2877 3005 2974 3077 μὲν
3014 3003 3123 3074 γὰρ
3152 3001 3320 3054 πολὺν
3356 3001 3542 3088 αὐτοῖς
3578 3017 3785 3088 συγγε-

2101 3086 2299 3176 νομένη
2324 3103 2546 3173 χρόνον,
2582 3099 2678 3152 καὶ
2711 3094 3088 3167 ἐμπλησθεῖσα
3125 3089 3324 3154 καλῶς,
3362 3087 3439 3150 ὡς
3461 3087 3574 3140 τῶν
3604 3086 3789 3139 αὐτῶν

2101 3175 2398 3262 τευξομένη
2446 3187 2556 3242 τῶν
2607 3186 2738 3240 ίσων
2789 3183 2985 3253 ἅψεται
3041 3179 3234 3234 πάλιν·
3278 3180 3311 3248 ή
3363 3177 3422 3230 δὲ
3476 3175 3791 3247 προοιμίων

2101 3281 2245 3336 οὓτω
2272 3274 2525 3348 χαλεπῶν
2571 3271 2897 3344 πειραθείσα
2931 3269 3065 3338 ποίᾳ
3095 3265 3420 3337 προαιρέσει
3466 3263 3564 3316 καὶ
3606 3262 3790 3316 ἐλπίδι

2105 3369 2243 3441 1:90;
2273 3368 2371 3439 τὴν
2417 3367 2613 3436 πεῖραν
2651 3362 2770 3433 ἥξει
2810 3359 2918 3412 τῶν
2950 3356 3244 3430 χαλεπῶν;
3279 3352 3415 3441 Οῦδέ
3456 3353 3569 3441 γὰρ
3621 3353 3675 3407 εἰ
3705 3369 3790 3441 τις

2108 3440 2427 3528 βουλόμενος
2469 3447 2950 3523 ἐμπορεύσασθαι,
2999 3444 3129 3517 πρίν
3168 3461 3219 3497 τι
3260 3440 3498 3514 κερδάνῃ
3537 3440 3661 3510 ἅμα
3714 3440 3791 3511 τῷ

2105 3549 2196 3603 τὸν
2225 3545 2420 3616 λιμένα
2448 3541 2681 3609 ἐξελθεῖν
2717 3542 2733 3581 i
2765 3539 3025 3606 ναυάγιον
3046 3533 3353 3606 ὑπομείνοι.
3385 3531 3634 3595 εὐκόλως
3665 3531 3791 3601 ἄψε-

2106 3653 2195 3690 ται
2219 3635 2319 3705 τῆς
2348 3630 2730 3705 πραγματείας
2754 3627 2957 3682 λοιπόν.
2984 3625 3116 3680 Οὐδὲ
3141 3623 3344 3694 ταύτην
3376 3621 3608 3684 εἰκότως
3635 3618 3650 3670 i
3695 3619 3790 3689 τὴν

2109 3722 2280 3776 πολλά
2303 3722 2400 3793 μὲν
2416 3713 3040 3792 προσδοκήσασανήδέα,
3059 3710 3189 3784 πρὶν
3211 3710 3244 3782 ἢ
3267 3710 3322 3764 δὲ
3343 3707 3570 3762 ἐκείνων
3593 3709 3792 3793 πεῖραν

2110 3811 2290 3874 καλῶς
2304 3790 2520 3874 λαϐεῖν,
2542 3805 2794 3862 τοσοῦτον
2819 3802 3013 3864 πένθος
3039 3799 3253 3854 ἰδοῦσαν
3276 3796 3569 3866 ἀγαπῆσαι
3603 3796 3675 3849 τὰ
3698 3790 3793 3847 τοῦ

2111 3899 2320 3970 κόσμου
2358 3895 2682 3968 πράγματα,
2717 3893 2765 3946 εί
2800 3891 2877 3962 μὴ
2918 3887 3124 3959 σφόδρα
3148 3885 3397 3959 ἀκρατὴς
3429 3879 3568 3938 οῦσα
3604 3885 3793 3951 τύχοιο

2117 3987 2315 4058 μᾶλλον
2343 3984 2422 4044 δὲ.
2453 3985 2503 4036 εἰ
2537 3983 2632 4036 καὶ
2663 3978 2866 4050 σφόδρα
2895 3975 3033 4047 1:90;
3068 3974 3206 4028 αὐτὰ
3227 3972 3522 4034 διακέοιτο,
3546 3972 3651 4024 καὶ
3677 3970 3795 4022 λίαν

2113 4075 2223 4146 ἔχοι
2252 4067 2604 4144 προσπαθῶς,
2630 4067 2790 4138 ἱκανὴ
2809 4065 2910 4136 τῆς
2935 4061 3109 4135 ἀρχῆς
3134 4063 3167 4132 ἠ
3190 4059 3354 4133 ἀηδία
3375 4059 3559 4113 πᾶσαν
3595 4058 3791 4146 σϐέσαι

2111 4145 2212 4234 την
2246 4158 2542 4230 ἐπιθυμίαν
2575 4157 2766 4228 αὐτῆς.
2793 4152 2930 4206 Τότε
2959 4150 3068 4221 γάρ
3094 4150 3210 4210 τοῖς
3238 4145 3531 4218 πράγμασι
3554 4145 3796 4216 μάλιστα

2114 4233 2396 4324 ἐπιμένειν
2419 4246 2713 4317 εἰώθαμεν,
2739 4243 2867 4297 ὅταν
2887 4237 3186 4312 προοιμίων
3207 4234 3561 4308 πειραθῶμεν
3591 4233 3795 4324 καλῶν·

2114 4323 2243 4398 ὅταν
2273 4341 2330 4394 δέ
2358 4339 2418 4404 ἐξ
2445 4337 2621 4410 ἀρχῆς
2663 4333 2759 4388 καὶ
2786 4330 2882 4386 ἀπ’
2908 4327 3104 4398 αὐτῆς,
3131 4324 3207 4389 ὡς
3240 4324 3306 4378 ἂν
3327 4323 3489 4410 λείποι
3519 4339 3610 4387 τις
3628 4361 3644 4386 ,
3701 4323 3802 4391 τῆς

2115 4429 2381 4503 γραμμῆς
2425 4408 2677 4498 χαλεπῶν
2720 4420 2814 4475 καὶ
2857 4415 3132 4472 δυσκόλων
3177 4408 3523 4503 αἰσθιῦμεθα,
3580 4411 3802 4480 ταχέως

2115 4498 2526 4591 ἀνακρουόμεθα
2545 4516 2645 4584 τῆς
2663 4506 3035 4582 προαιρέσεως
3057 4498 3422 4591 σϐεννυμένης
3441 4501 3473 4569 ή
3633 4501 3806 4591 Ὥστε

2117 4611 2173 4666 αἰ
2200 4581 2298 4673 τάς
2328 4581 2540 4677 ἀῶρους
2569 4581 2930 4672 ὑπομείνασαι
2970 4591 3198 4666 χηρείας
3216 4630 3230 4654 ,
3259 4581 3424 4644 αὗται
3456 4588 3696 4653 εἰκότως
3741 4590 3809 4642 ἂν

2117 4699 2438 4771 ἀπόσχοιντο
2462 4692 2640 4764 γάμου
2667 4686 2919 4759 δευτέρου
2949 4684 3091 4754 ὑπὲρ
3127 4679 3222 4771 τοῦ
3255 4678 3330 4751 μὴ
3363 4677 3448 4771 τά*
3464 4677 3608 4731 αύτὰ
3639 4678 3810 4734 πάλιν

2118 4766 2330 4844 παθεῖν.
2365 4785 2432 4839 Ἦ
2463 4783 2562 4856 μὲν
2589 4779 2698 4852 γὰρ
2720 4780 2777 4832 ἐν
2803 4778 2872 4848 τῇ
2901 4772 3101 4845 χηρείᾳ
3130 4769 3369 4842 μένουσα
3389 4766 3501 4832 ἔξει
3533 4767 3599 4821 :0
3623 4768 3810 4840 ἀσφα-

2117 4880 2226 4944 λὲς,
2261 4877 2355 4932 καὶ
2383 4876 2484 4946 οὐχ
2514 4870 2847 4928 ὑποπτεύσει
2880 4865 3077 4929 πένθος
3111 4862 3301 4935 ἕτερον
3333 4859 3583 4914 τοιοῦτον
3612 4861 3720 4916 πάϊ
3737 4877 3807 4916 ιν·

2119 4974 2154 5044 ἡ
2177 4973 2234 5026 δέ
2257 4965 2709 5041 προσομιλήσασα
2731 4960 2896 5032 γάμῳ
2919 4956 3162 5028 δευτέρῳ
3185 4953 3277 5008 καὶ
3304 4951 3465 5008 τοῦτο
3487 4951 3810 5044 προσδοκᾷν

2119 5060 2593 5134 ἀναγκασθήσεται
2619 5055 2680 5109 :0
2701 5052 2897 5108 δεινόν.
2925 5050 3038 5105 Καὶ
3059 5049 3234 5110 ἄλλως
3258 5045 3336 5109 δὲ,
3361 5046 3411 5099 εἰ
3443 5043 3540 5098 καὶ
3562 5047 3810 5134 πρᾶγμα

2119 5154 2178 5211 ἐν
2206 5155 2352 5208 ἐστιν
2394 5153 2428 5222 ἡ
2474 5145 2704 5222 χηρεία,
2751 5142 2865 5199 ἀλλ’
2897 5141 2958 5196 00
3000 5140 3177 5194 πᾶσαι
3204 5138 3330 5200 τοὺς
3362 5134 3564 5198 00:00;
3605 5133 3818 5206 ἀπολή-

2188 5399 2209 5441 ί
2232 5402 2316 5451 Sic
2335 5400 2488 5450 Savil.
2514 5403 2568 5448 et
2587 5395 2724 5448 (ἴση).
2752 5389 2927 5441 Morel.
2951 5388 3060 5444 τοὺς
3082 5386 3280 5451 ἐδείνου.

2185 5467 2212 5504 ε
2234 5447 2412 5512 Ῑιίξιιῖῐῖι
2438 5447 2616 5521 ήιὲεὲτό
2639 5456 2843 5518 δευτέρῳ
2863 5456 3086 5521 γαμῆται.
3103 5447 3246 5521 Eur.

2183 5524 2213 5564 ιι
2233 5511 2370 5575 com.
2393 5511 2618 5578 ἑκοῦσαν,
2641 5525 2696 5569 et
2715 5511 2828 5566 max"
2853 5511 3078 5581 1:9§1'€P9€
3101 5511 3244 5581 {Cn-ﬂ
3267 5566 3290 5581 .

2191 5597 2207 5624 ι
2238 5569 2376 5637 ξοίὗξ
2400 5569 2629 5634 εἶϐενὶί.
2657 5581 2874 5640 ἐξελθεῖν,
2894 5569 3068 5628 Morb].
3093 5569 3334 5624 εἰσελθεῖν.

2193 5648 2207 5698 1'
2243 5645 2528 5710 Legendum
2553 5643 2693 5700 εἰκός.
2714 5642 2852 5693 Enn.

3858 1173 3862 1410 ἰ
