3890 6220
268 276 375 329 617

270 389 492 451 habeas,
534 402 692 458 quam
723 388 922 454 omnia,
953 403 1071 457 qua:
1098 388 1150 443 in
1177 388 1307 445 orbe
1334 398 1593 445 terrarum
1620 399 1761 456 sunt,
1788 405 1851 445 ea

269 478 595 542 conditione,
625 488 681 533 ut
708 495 809 533 una
836 494 956 534 cum
979 480 1080 535 illis
1103 489 1153 535 te
1167 496 1377 552 quoque
1398 482 1550 537 alteri
1571 484 1859 553 subjicias?

276 568 427 621 Mitto
475 583 616 623 nunc
642 584 821 634 curas,
854 571 1223 637 contumelias,
1250 573 1510 637 convicia,
1544 573 1855 644 zelotypias,

284 658 470 712 inanes
517 659 868 728 suspiciones,
914 659 1126 715 dolores
1174 661 1433 730 pariendi,
1476 673 1531 717 et
1568 664 1769 733 reliqua
1808 664 1861 717 id

272 764 466 819 genus.
501 750 625 806 [hec
653 751 796 805 enim
825 760 970 806 recte
992 760 1117 807 tunc
1138 752 1451 819 afferuntur,
1482 769 1601 808 cum
1647 754 1713 807 ad
1756 755 1864 809 vir-

275 842 455 909 ginem
480 857 661 897 sermo
690 842 933 905 habetur,
964 842 1159 913 quippe
1186 858 1304 913 qua:
1339 844 1486 899 rudis
1511 853 1671 914 atque
1695 845 1862 913 impe-

278 932 379 986 rita
410 942 491 987 est
512 932 812 1002 hujusmodi
839 933 1242 995 difficultatum;
1271 934 1441 988 viduae
1466 945 1639 989 autem
1665 937 1708 990 si
1736 952 1862 989 nar-

279 1031 466 1077 rentur
490 1022 789 1078 molestiam
820 1027 995 1094 potius
1029 1024 1269 1079 afl'ereut.
1296 1024 1423 1093 Quae
1454 1026 1596 1081 enim
1617 1042 1714 1081 usu
1747 1027 1863 1097 ipso

280 1115 480 1184 optime
524 1115 728 1181 didicit,
761 1131 823 1171 ea
852 1118 897 1171 si
926 1117 1091 1186 ipsam
1123 1117 1299 1171 verbis
1321 1117 1515 1173 docere
1538 1119 1689 1183 velis,
1722 1118 1862 1173 frus-

281 1214 363 1259 tra
391 1220 609 1275 operam
635 1220 833 1261 sumas.
862 1206 997 1262 Illud
1029 1216 1233 1263 tantum
1258 1208 1455 1264 addere
1477 1225 1576 1280 par
1611 1218 1712 1275 εει,
1744 1226 1863 1265 eam

280 1312 400 1366 qua:
428 1298 575 1368 virgo
593 1299 799 1373 nupsit,
819 1299 988 1353 multo
1014 1301 1213 1369 majore
1238 1315 1357 1355 cum
1386 1301 1630 1357 libertate
1656 1317 1719 1357 ac
1742 1301 1866 1355 fidit-

280 1388 362 1441 cia
405 1389 519 1442 viro
554 1404 792 1455 usuram,
838 1405 997 1459 quam
1036 1406 1155 1459 qum
1195 1400 1312 1460 post
1361 1391 1689 1446 viduitatem.
1732 1392 1863 1447 Nam

284 1478 422 1533 hanc
448 1480 536 1549 qui
566 1481 852 1550 acceperit,
882 1490 939 1534 ut
966 1497 1183 1536 uxorem
1211 1496 1392 1538 amare
1431 1492 1625 1552 potest,
1656 1492 1716 1538 ut
1761 1484 1866 1538 vir-

282 1569 457 1638 ginem
488 1568 699 1625 ductam
727 1586 832 1625 non
865 1580 1055 1641 potest.
1086 1573 1255 1640 Quam
1285 1589 1414 1629 vero
1442 1590 1654 1629 amores
1681 1575 1753 1630 illi
1785 1576 1867 1631 his

283 1659 734 1726 vehementiores,
766 1670 821 1717 et
869 1663 1037 1733 magis
1083 1664 1476 1733 quodammodo
1520 1665 1691 1720 insani
1736 1666 1863 1733 sint,

285 1750 486 1805 nemini
517 1766 621 1805 non
652 1752 982 1820 exploratum
1010 1763 1110 1809 est.
1142 1754 1363 1809 Viduam
1390 1765 1568 1810 autem
1600 1766 1865 1825 tamquam

285 1845 385 1899 viri
426 1860 533 1900 non
563 1847 782 1901 omnino
822 1848 1041 1902 insciam
1084 1849 1304 1904 minime
1344 1858 1456 1904 toto
1496 1851 1675 1904 animo
1715 1865 1867 1903 cum-

286 1938 547 2007 plectetur
573 1948 731 2009 atque
768 1939 984 1994 amabit.
1028 1940 1228 1995 Omnes
1275 1942 1419 1996 enim
1475 1942 1584 1997 fere
1628 1942 1869 1996 homines

285 2027 520 2084 solemus
546 2029 657 2084 sive
683 2029 968 2101 zelotypia,
992 2031 1104 2085 sive
1142 2031 1314 2086 inanis
1338 2031 1523 2102 gloria:
1543 2032 1739 2097 studio,
1758 2032 1870 2086 sive

286 2119 467 2173 nescio
507 2134 610 2188 qua
656 2120 760 2174 alia
799 2135 955 2175 causa
998 2120 1210 2175 adducti
1249 2136 1341 2177 eas
1385 2137 1471 2177 res
1518 2123 1785 2192 praecipue
1815 2123 1867 2176 in

287 2224 471 2264 amore
498 2209 715 2271 habere.
746 2212 940 2281 quibus
960 2221 1246 2282 antequam
1280 2213 1334 2267 in
1367 2214 1590 2268 aliorum
1635 2222 1870 2283 potesta-

289 2308 396 2353 tem
425 2302 671 2355 venerint
697 2301 942 2369 fruimur,
963 2318 1294 2374 quarumque
1338 2319 1434 2359 nos
1476 2304 1633 2373 primi
1672 2319 1735 2359 ac
1770 2304 1870 2359 soli

296 2392 499 2446 domini
527 2408 729 2447 sumus.
769 2392 827 2447 ld
868 2402 923 2449 et
958 2395 1008 2448 in
1036 2396 1367 2450 vestimentis
1391 2396 1677 2450 usuvenire
1698 2396 1871 2450 anim-

287 2482 571 2547 advertas;
618 2499 725 2538 non
776 2485 918 2539 enim
961 2500 1059 2551 ea,
1096 2486 1287 2555 quibus
1323 2487 1410 2541 alii
1433 2488 1511 2541 usi
1545 2495 1689 2555 sunt,
1718 2502 1872 2557 teque

287 2586 413 2626 cara
441 2570 695 2627 habemus
716 2582 874 2643 atque
905 2574 992 2629 illa
1019 2576 1208 2645 quibus
1236 2591 1410 2631 nemo.
1435 2576 1576 2632 ldem
1605 2578 1659 2633 in
1687 2577 1867 2642 domo,

290 2661 432 2716 idem
474 2662 525 2717 in
554 2665 695 2718 vasis
732 2682 744 2716 ε
792 2664 1007 2720 donmm
1052 2667 1196 2721 enim
1243 2667 1398 2721 nobis
1440 2669 1508 2723 ab
1545 2668 1652 2723 alio
1691 2667 1870 2723 datam

290 2767 400 2807 non
430 2754 652 2823 perinde
680 2770 939 2823 amamus,
970 2765 1128 2827 atque
1153 2757 1319 2823 illam,
1364 2774 1522 2828 quam
1570 2760 1724 2814 nobis
1771 2759 1871 2829 ipsi

291 2852 595 2920 paravimus
623 2868 637 2905 :
666 2866 729 2907 ac
764 2853 924 2920 vasis,
955 2869 1074 2923 quae
1101 2869 1272 2925 nuper
1302 2853 1436 2910 facta
1466 2863 1590 2910 sunt
1615 2854 1873 2924 nobisque

293 2943 523 3011 primum
554 2944 670 2998 usui
716 2943 948 3011 fuerunt,
993 2946 1146 3001 valde
1188 2947 1471 3016 parcimus,
1516 2961 1872 3017 magnumque

289 3033 395 3087 illis
421 3033 800 3091 conservandis
836 3035 1067 3089 studium
1097 3035 1483 3105 impendimus;
1531 3053 1650 3107 quae
1693 3047 1869 3091 autem

290 3122 360 3173 ab
382 3121 502 3177 aliis
526 3122 590 3177 ad
629 3138 725 3177 nos
750 3134 1030 3187 venerunt,
1060 3140 1164 3178 non
1210 3140 1532 3196 magnopere
1577 3125 1628 3179 in
1670 3126 1873 3181 deliciis

292 3212 570 3280 habemus,
600 3214 692 3269 sed
719 3215 852 3270 adeo
876 3224 1278 3284 aversamur,ut
1305 3231 1447 3287 saepe
1474 3216 1526 3270 iu
1554 3216 1711 3271 aliam
1739 3232 1874 3272 con-

292 3313 561 3359 vertamus
602 3304 849 3360 formam.
876 3305 1028 3373 Quod
1054 3308 1097 3361 si
1126 3307 1179 3361 in
1207 3306 1388 3373 domo,
1420 3307 1473 3361 in
1503 3317 1670 3372 veste,
1699 3309 1752 3363 in
1781 3324 1872 3362 va-

291 3398 367 3450 sis
394 3396 494 3452 hoc
517 3397 695 3451 animo
719 3411 924 3464 sumus,
948 3400 1146 3467 cogites
1174 3398 1354 3464 velim,
1378 3399 1432 3452 in
1459 3413 1646 3465 uxore,
1674 3414 1774 3468 qua
1793 3398 1875 3452 ni-

293 3486 367 3540 hil
396 3486 696 3542 hominibus
714 3488 998 3558 pretiosius
1027 3497 1128 3554 est,
1159 3497 1357 3557 quanto
1388 3488 1755 3545 vehementius
1776 3503 1875 3543 nos

292 3576 431 3632 affici
456 3587 872 3634 consentaneum
895 3580 982 3633 sit.
1018 3578 1152 3633 Nam
1183 3580 1283 3633 alia
1311 3578 1526 3650 quidem
1550 3594 1651 3634 nec
1674 3580 1759 3644 iis,
1783 3580 1874 3649 qui

292 3671 546 3740 cupiunt,
574 3686 884 3727 recusamus
911 3672 1309 3726 communicare
1338 3689 1351 3723 :
1383 3670 1521 3727 hanc
1549 3680 1727 3727 autem
1776 3671 1877 3726 mi-

294 3764 437 3818 nime
467 3762 544 3817 fas
570 3772 683 3829 est,
710 3778 773 3819 ac
801 3764 957 3819 citius
983 3766 1143 3819 vitam
1186 3765 1583 3835 profuudcmus,
1620 3783 1777 3837 quam
1822 3767 1874 3822 id

296 3852 436 3907 ferre
463 3855 696 3907 animum
732 3853 1066 3910 inducamus.
1106 3855 1370 3925 Virginem
1417 3857 1577 3926 igitur
1621 3868 1676 3912 ut
1723 3857 1874 3912 dice-

296 3944 438 4009 bam,
472 3954 653 4013 utpote
674 3944 921 3997 intactam
968 3954 1024 3998 et
1067 3944 1166 3999 sibi
1212 3946 1480 4014 prora-iam
1518 3946 1664 4000 omni
1712 3946 1877 4001 animi

296 4033 494 4101 impetu
522 4032 926 4103 complectetur,
953 4048 1070 4088 eam
1098 4050 1245 4098 vero,
1268 4051 1386 4104 quae
1410 4034 1561 4089 alteri
1587 4036 1730 4104 prius
1756 4050 1877 4090 cou-

296 4128 489 4190 suevit,
522 4140 627 4179 non
653 4139 803 4194 :eque
832 4124 1104 4180 benevolis
1146 4133 1306 4195 atque
1351 4126 1535 4181 amicis
1575 4125 1747 4181 oculis
1785 4142 1876 4181 as-

296 4215 472 4284 piciet.

367 4306 419 4361 6.
448 4305 629 4376 Neque
655 4317 709 4362 tu
740 4307 890 4376 mihi,
915 4325 1033 4379 qua:
1056 4325 1179 4364 raro
1202 4325 1265 4364 ac
1288 4309 1373 4363 vix
1399 4309 1565 4366 semel
1591 4310 1866 4376 eveniunt,

299 4396 511 4461 afferas,
536 4397 631 4452 sed
652 4414 769 4466 quae
792 4399 1027 4469 quotidie
1058 4400 1109 4454 in
1135 4400 1405 4455 communi
1430 4400 1538 4454 vita
1559 4408 1872 4455 cernuntur.

300 4488 482 4558 Neque
525 4504 655 4545 vero
698 4490 780 4544 lue
810 4492 937 4546 sola:
965 4507 1140 4547 causa;
1181 4502 1341 4557 sunt,
1373 4508 1468 4547 cur
1511 4494 1601 4547 illa
1633 4493 1879 4549 fidentius

301 4589 458 4649 agat,
500 4596 686 4635 verum
713 4582 870 4636 etiam
901 4582 1020 4637 alite
1062 4583 1262 4637 multze.
1306 4583 1437 4637 Nam
1462 4583 1635 4639 vidua:
1663 4584 1877 4654 quidem

302 4674 524 4728 maritus
553 4674 705 4731 facile
731 4676 1055 4746 exprobrare
1090 4676 1321 4745 poterit,
1358 4692 1417 4731 se
1440 4691 1652 4747 quoque
1684 4676 1752 4731 ab
1789 4677 1879 4733 illa

304 4768 453 4836 parvi
492 4769 625 4832 fieri,
656 4784 719 4823 ac
756 4769 1039 4838 despectus
1079 4769 1329 4824 indicium
1367 4770 1609 4840 proferre
1647 4769 1880 4826 infideli-

304 4867 493 4921 tatem,
522 4876 679 4928 quam
705 4874 829 4929 erga
861 4860 1093 4928 priorem
1121 4861 1295 4915 virum
1321 4860 1590 4926 adhibuit,
1619 4870 1780 4932 atque
1808 4863 1879 4918 ita

302 4965 366 5003 os
394 4950 468 5004 illi
494 4951 793 5018 obstruere,
818 4952 975 5021 idque
997 4960 1102 5007 tam
1127 4952 1193 5007 de
1214 4952 1495 5022 praeteritis
1518 4952 1698 5019 rebus,
1720 4968 1879 5024 quam

300 5042 369 5097 de
414 5043 500 5107 iis,
526 5060 643 5112 qua:
690 5044 913 5099 fortasse
950 5043 1145 5099 futura:
1180 5060 1291 5099 non
1330 5052 1472 5100 sunt.
1512 5044 1699 5100 Mortui
1738 5046 1881 5101 enim

302 5132 403 5187 viri
433 5143 791 5204 contemptus,
818 5135 1079 5190 viventem
1102 5149 1333 5205 quoque,
1374 5145 1432 5191 ut
1474 5135 1616 5191 idem
1656 5136 1757 5191 sibi
1785 5153 1881 5193 ex-

303 5232 536 5291 spectet,
579 5223 917 5287 admonebit,
950 5226 1075 5281 licet
1110 5236 1422 5282 eventurum
1450 5243 1556 5282 non
1582 5228 1669 5282 sit.
1700 5228 1885 5297 Neque

303 5328 433 5367 vero
462 5313 551 5367 ille
571 5314 715 5368 solus
739 5314 853 5369 lucc
880 5325 1139 5385 perpetuo
1163 5316 1318 5371 uxori
1346 5317 1604 5386 objiciens
1626 5318 1884 5373 molestus

303 5407 426 5469 erit,
450 5406 544 5461 sed
572 5406 750 5461 famuli
782 5407 943 5463 etiam
970 5417 1131 5478 atque
1158 5409 1386 5473 ancillae,
1415 5411 1459 5464 si
1484 5413 1660 5465 minus
1685 5410 1881 5480 palam,

304 5504 454 5551 certe
492 5499 651 5551 tacito
688 5498 918 5568 quodam
957 5513 1231 5555 murmure
1267 5500 1536 5555 sexcentis
1561 5501 1726 5571 ipsam
1750 5516 1884 5555 con-

308 5590 459 5644 viciis
497 5592 786 5648 incessunt.
828 5592 983 5659 Quod
1022 5593 1067 5647 si
1106 5592 1243 5649 filios
1281 5590 1587 5664 impuberes
1614 5608 1677 5649 ex
1706 5594 1885 5663 priore

309 5693 424 5734 vtro
464 5680 743 5752 habuerit,
788 5682 1056 5753 quomodo
1109 5684 1228 5741 illos
1282 5685 1567 5754 cducabit,
1617 5685 1886 5757 quomodo

1377 274 1462 333 DE
1500 277 1634 334 NON
1673 276 2016 337 ITERANDO
2052 278 2398 338 CONJUGIO.

3430 282 3536 337 613

1963 392 2209 447 curabit?
2243 392 2435 463 quibus
2473 401 2650 449 autem
2677 392 2889 465 pupillis
2920 407 3024 449 non
3071 393 3143 449 illi
3186 394 3431 451 miserius
3459 399 3536 450 vi-

1965 492 2115 547 vent,
2160 484 2251 553 qui
2295 494 2514 553 paterna
2553 486 2731 539 omnia
2773 488 2823 539 in
2853 485 3072 541 alterius
3100 494 3363 556 potestate
3392 487 3542 541 vide-

1964 574 2118 641 bunt,
2162 573 2408 640 famulos,
2449 574 2687 640 domum,
2732 575 2949 645 prandia,
2987 584 3042 630 et
3068 574 3208 646 quod
3244 585 3403 646 caput
3427 592 3545 631 om-

1965 666 2112 721 nium
2162 676 2283 734 est,
2331 668 2596 723 uxorem?
2646 668 2915 737 quomodo
2967 670 3153 723 matris
3205 670 3323 724 loco
3376 669 3544 738 ipsam

1965 759 2145 812 colere
2172 758 2245 811 illi
2274 758 2565 827 poterunt?
2592 758 2860 828 quomodo
2892 760 3036 830 ipsos
3060 760 3147 814 illa
3170 760 3399 815 filiorum
3431 762 3548 815 loco

1965 847 2225 918 diligere,
2267 864 2401 919 quos
2441 865 2563 904 cum
2612 851 2881 917 intuetur,
2922 850 3201 906 erubescat
3240 866 3303 905 ac
3348 851 3549 921 pudore

1968 938 2301 994 suffundatur
2331 954 2548 994 necesse
2584 941 2673 1006 sit,
2710 941 3007 1010 quibusque
3046 958 3151 996 non
3194 958 3403 997 omnem
3446 943 3547 996 im-

1969 1028 2204 1099 pendere
2252 1038 2551 1084 maternum
2598 1028 2844 1084 allectum
2898 1040 3113 1100 potest,
3156 1047 3344 1102 magna
3387 1033 3549 1085 animi

1967 1129 2127 1190 atque
2154 1119 2354 1175 amoris
2381 1130 2531 1189 parte
2564 1120 2617 1174 in
2645 1119 2783 1175 filios
2800 1161 2814 1182 ,
2842 1135 2976 1191 quos
3003 1137 3069 1175 ex
3095 1122 3266 1175 altero
3293 1121 3547 1191 suscepit,

1970 1208 2223 1263 translata
2244 1210 2268 1264 ?
2293 1210 2430 1276 Quid
2458 1210 2635 1279 igitur,
2664 1210 2893 1280 inquies,
2927 1210 2971 1265 si
2994 1210 3146 1265 valde
3176 1219 3357 1265 tenera
3391 1221 3549 1265 :rtate

1969 1297 2169 1366 fuerit,
2218 1308 2377 1369 atque
2420 1300 2611 1370 exiguo
2670 1309 2910 1369 tempore
2956 1300 3060 1355 frui
3107 1301 3223 1356 viro
3278 1302 3553 1369 potuerit?

1968 1389 2106 1456 Quin
2131 1390 2197 1444 ad
2230 1390 2435 1459 puellas
2473 1391 2587 1445 haec
2614 1390 2741 1445 mihi
2782 1391 2921 1445 dicta
2946 1402 3090 1457 sunt,
3124 1406 3231 1446 non
3269 1392 3406 1456 illas,
3435 1408 3554 1460 quas

1964 1480 2074 1551 jam
2104 1491 2435 1548 senuerunt;
2467 1498 2589 1536 nam
2616 1498 2736 1537 cum
2769 1483 2892 1545 illis,
2920 1484 2964 1537 si
2991 1483 3055 1537 ad
3086 1484 3292 1553 nuptias
3318 1486 3553 1538 animum

1969 1572 2256 1642 adjiciant,
2321 1587 2389 1627 ne
2417 1573 2636 1627 verbum
2680 1573 2892 1642 quidem
2927 1573 3153 1639 iaciam;
3195 1589 3367 1643 neque
3409 1576 3550 1628 enim

1971 1671 2151 1717 nostra
2197 1664 2303 1718 illis
2340 1665 2510 1717 oratio
2550 1678 2581 1717 a
2620 1664 2855 1719 secundo
2896 1663 3241 1719 matrimonio
3282 1664 3557 1719 abstinen-

1970 1752 2095 1806 dum
2118 1752 2479 1821 persuaderet,
2501 1751 2643 1822 quod
2670 1767 2853 1822 neque
2892 1752 3146 1821 temporis
3176 1751 3553 1822 longinquitas,

1972 1857 2145 1913 neque
2165 1850 2317 1908 tetas,
2345 1857 2517 1912 neque
2543 1842 2687 1897 aliud
2708 1843 2996 1913 quidquam
3020 1842 3342 1912 persuadere
3364 1846 3553 1913 potuit;

1973 1933 2067 1988 sed
2100 1932 2167 1987 ad
2195 1932 2420 2002 juvenes
2443 1935 2618 1987 omnis
2650 1932 2779 1987 mihi
2805 1941 2890 1988 est
2920 1933 3156 1989 instituta
3184 1935 3376 1989 oratio.
3401 1934 3557 2000 Quae-

1973 2025 2047 2080 ris
2085 2025 2267 2096 igitur,
2314 2024 2440 2094 quid
2469 2024 2516 2079 si
2549 2024 2755 2094 puella,
2801 2034 2856 2079 et
2884 2040 3003 2094 qum
3038 2038 3144 2079 uno
3184 2033 3388 2079 tantum
3416 2041 3557 2081 anno

1962 2130 2094 2171 cum
2125 2115 2302 2184 priore
2330 2116 2445 2168 viro
2474 2115 2663 2180 fuerit,
2709 2115 2861 2169 alteri
2893 2116 3098 2170 nubat?
3127 2130 3223 2171 cur
3249 2117 3390 2171 illam
3420 2132 3558 2185 prte-

1975 2209 2115 2264 feres
2142 2210 2223 2274 ei,
2254 2224 2374 2279 qua:
2409 2209 2594 2279 viginti
2633 2218 2725 2264 aut
2754 2209 2966 2279 triginta
2996 2224 3166 2265 annos
3200 2212 3252 2264 in
3279 2211 3557 2265 matrimo-

1975 2301 2063 2355 nio
2090 2301 2238 2371 egit?
2277 2300 2392 2355 Non
2427 2301 2528 2355 hoc
2573 2317 2749 2355 meum
2779 2310 2883 2365 est,
2930 2301 3026 2355 sed
3069 2302 3209 2356 beati
3239 2302 3388 2356 Pauli
3422 2320 3432 2354 :
3468 2302 3558 2357 ille

1973 2393 2117 2447 enim
2148 2391 2362 2462 inquit:
2394 2391 2603 2445 Beatior
2641 2401 2809 2445 autem
2858 2393 2988 2456 erit,
3033 2393 3078 2446 si
3115 2394 3188 2446 sic
3230 2394 3560 2462 permanserit

1975 2486 2054 2556 (l.
2081 2484 2199 2540 Cor.
2229 2486 2281 2539 7.
2310 2484 2425 2558 40).
2456 2484 2787 2555 Cmteroqui,
2819 2485 3029 2540 tametsi
3061 2484 3148 2539 illa
3174 2484 3264 2539 diu
3292 2500 3410 2539 cum
3444 2486 3561 2538 viro

1975 2576 2125 2641 vixit,
2156 2584 2331 2630 tamen
2361 2591 2482 2630 cum
2510 2591 2644 2641 uno,
2676 2575 2863 2630 eodem
2885 2618 2900 2641 ,
2930 2591 2993 2630 ac
3031 2576 3171 2641 solo,
3204 2591 3469 2646 quemque
3494 2578 3561 2631 ab

1977 2666 2129 2721 initio
2156 2666 2411 2736 accepit:
2444 2666 2560 2722 haec
2595 2675 2770 2721 autem
2818 2660 3028 2721 duobus
3074 2681 3133 2720 se
3180 2670 3347 2736 ipsam
3391 2666 3558 2729 dedit,

1978 2758 2138 2829 idque
2167 2758 2307 2814 intra
2338 2759 2499 2814 breve
2531 2768 2761 2829 tempus.
2790 2759 2858 2813 At
2885 2772 2989 2813 non
3017 2759 3287 2814 voluntate
3317 2774 3409 2814 sua
3429 2799 3445 2825 ,
3474 2760 3561 2813 in-

1975 2851 2303 2920 quit;-nam
2347 2850 2394 2905 si
2441 2850 2589 2920 prior
2633 2850 2873 2914 viveret,
2922 2864 3085 2903 unum
3140 2850 3291 2902 illum
3336 2858 3559 2913 amaret,

1976 2950 2234 3011 praeterea
2280 2940 2554 2996 neminem
2584 2958 2597 2993 :
2631 2955 2773 2994 nunc
2809 2941 3021 3010 quando
3068 2940 3350 2995 immatura
3390 2952 3563 2997 morte

1975 3033 2215 3088 sublatus
2254 3040 2357 3099 est,
2404 3032 2707 3087 necessario
2745 3031 2899 3086 alteri
2942 3030 3204 3100 jungitur.
3250 3030 3354 3085 Sed
3389 3032 3563 3101 qualis

1975 3135 2060 3184 est
2084 3125 2200 3183 haec
2225 3125 2563 3181 necessitas?
2600 3125 2713 3194 Ego
2741 3124 2883 3178 enim
2910 3124 3009 3177 hac
3033 3137 3192 3193 quam
3222 3121 3381 3177 affers
3402 3122 3563 3177 aliam

1976 3220 2136 3290 longe
2174 3219 2431 3289 majorem
2456 3216 2633 3284 video,
2667 3231 2786 3286 qua:
2827 3215 2994 3286 ipsam
3037 3224 3250 3268 mortuo
3272 3213 3389 3268 viro
3429 3228 3563 3269 con-

1977 3319 2177 3366 tentam
2214 3325 2335 3367 esse
2361 3308 2614 3374 suadeat,
2645 3307 2895 3362 nimirum
2924 3304 3186 3376 gustando
3213 3305 3517 3376 percepisse
3543 3344 3559 3369 ,

1976 3410 2232 3471 quantum
2278 3400 2445 3454 amari
2488 3400 2612 3455 insit
2654 3398 2707 3453 in
2751 3397 2910 3452 rebus
2950 3395 3251 3451 mundanis.
3284 3395 3415 3450 Nam
3444 3410 3565 3464 qua:

1979 3494 2031 3547 in
2078 3494 2206 3563 ipsis
2256 3491 2441 3561 perdiu
2490 3498 2695 3546 versata
2739 3498 2795 3544 et
2829 3488 3016 3544 satiata
3065 3496 3181 3554 est,
3224 3486 3292 3542 ad
3349 3486 3564 3541 easdem

1978 3599 2191 3639 rursum
2230 3597 2289 3637 se
2325 3580 2596 3643 conferet,
2637 3579 2788 3650 quasi
2826 3578 3031 3633 similes
3070 3578 3355 3633 inventura
3389 3593 3403 3629 :
3444 3592 3569 3646 quas

1977 3688 2153 3733 autem
2185 3675 2443 3745 principia
2481 3674 2594 3743 ipsa
2623 3673 2757 3727 adeo
2786 3672 3011 3726 molesta
3048 3679 3264 3741 experta
3293 3677 3407 3734 est,
3438 3669 3565 3739 quid

1978 3769 2080 3823 sibi
2128 3767 2358 3831 volens,
2408 3773 2500 3819 aut
2549 3778 2809 3833 sperans,
2856 3762 3222 3816 molestiarum
3273 3759 3566 3830 periculum

1981 3858 2182 3912 faciet?
2210 3855 2345 3911 Nam
2375 3855 2419 3909 si
2447 3854 2566 3923 quis
2593 3853 2658 3906 ad
2688 3863 3045 3906 mercaturam
3079 3849 3313 3905 animum
3339 3850 3562 3919 appulit,

1978 3950 2025 4004 si
2054 3956 2335 4017 antequam
2365 3944 2653 4015 quidquam
2682 3943 2814 3997 lucri
2845 3942 3035 4005 faciat,
3066 3940 3223 3994 simul
3254 3954 3316 3993 ac
3343 3954 3375 3994 e
3408 3949 3564 4008 portu

1981 4041 2128 4106 exiit,
2154 4037 2485 4107 naufragium
2517 4035 2673 4099 fecit,
2706 4049 2809 4089 non
2842 4033 2997 4087 facile
3024 4040 3376 4087 mercaturam
3414 4040 3563 4101 post-

1982 4130 2083 4185 hac
2104 4127 2409 4192 exercebit;
2443 4129 2513 4181 ita
2539 4134 2955 4182 consentaneum
2983 4132 3084 4190 est,
3112 4122 3249 4177 hanc
3275 4122 3438 4175 multa
3463 4121 3563 4177 sibl

1983 4238 2015 4277 e
2043 4219 2386 4277 matrimonio
2411 4204 2642 4287 jucunda
2670 4216 3007 4287 pollicentem
3028 4256 3045 4281 ,
3074 4230 3254 4268 verum
3282 4222 3563 4280 antequam

1982 4312 2049 4367 ad
2079 4328 2139 4367 ea
2164 4312 2302 4367 bene
2330 4308 2668 4380 percipienda
2700 4307 2978 4378 pervenire
3006 4314 3197 4375 queat,
3255 4314 3454 4359 tantum
3483 4304 3564 4359 lu-

1983 4414 2127 4459 ctum
2156 4400 2649 4472 deprehendeutem
2676 4441 2689 4463 ,
2720 4414 2898 4453 rerum
2928 4396 3275 4451 humanarum
3304 4410 3583 4466 amorem,

1984 4495 2085 4550 nisi
2116 4493 2267 4549 valde
2295 4492 2366 4547 sit
2406 4492 2801 4561 intemperans,
2847 4489 3134 4559 deponere.
3179 4487 3477 4555 Quinetiam
3518 4487 3585 4547 si:

1985 4587 2138 4642 valde
2169 4587 2233 4642 iis
2260 4584 2526 4641 afﬁciatur
2552 4592 2711 4653 atque
2738 4583 2924 4647 inhiet,
2951 4580 3195 4650 principii
3228 4588 3399 4634 tamen
3432 4579 3566 4650 inju.

1986 4679 2232 4734 cunditas
2259 4677 2390 4731 satis
2416 4676 2602 4731 idonea
2630 4684 2732 4740 est,
2759 4691 2876 4744 qua:
2904 4688 3115 4728 omnem
3144 4672 3446 4743 exstinguat
3470 4687 3566 4728 cu-

1986 4770 2279 4840 piditatem.
2305 4767 2455 4823 Tunc
2481 4767 2623 4821 enim
2657 4766 2707 4820 in
2739 4765 2820 4829 iis,
2855 4780 2974 4835 quae
3013 4765 3343 4833 suscepimus
3363 4805 3378 4829 ,
3405 4765 3569 4833 p0tis-

1986 4862 2179 4918 simum
2210 4873 2555 4930 perseverare
2586 4857 2988 4924 consuevimus,
3021 4870 3140 4910 cum
3173 4855 3427 4924 principia
3456 4855 3566 4926 ipsa

1986 4969 2053 5010 ex
2080 4952 2343 5008 sententia
2384 4949 2782 5021 processerint;
2818 4948 2962 5019 quod
3001 4949 3045 5002 si
3086 4947 3154 5001 ab
3196 4947 3381 5011 initio,
3414 4957 3571 5017 atque

1987 5047 2055 5101 ab
2086 5045 2248 5115 ipsis,
2281 5053 2339 5098 ut
2370 5043 2439 5098 ita
2480 5042 2704 5098 dixerim
2727 5083 2740 5106 ,
2782 5040 3086 5095 carceribus
3127 5041 3179 5093 in
3211 5040 3482 5095 molestias
3515 5056 3575 5094 ac

1988 5138 2326 5195 difﬁcultates
2352 5137 2694 5200 incurrimus,
2729 5134 2908 5188 statim
2937 5132 3195 5202 cupiditas
3223 5132 3479 5196 defervet,
3515 5146 3576 5185 ac

1988 5238 2157 5286 totum
2204 5229 2475 5299 negotium
2524 5226 2857 5296 deponimus.
2908 5223 3301 5292 Quamobrem,
3348 5236 3573 5292 quarum

1990 5323 2271 5377 immatura
2292 5319 2516 5374 viduitas
2537 5327 2638 5381 est.
2658 5317 2757 5372 has
2777 5316 2905 5371 mihi
2930 5315 3153 5371 alterum
3178 5315 3573 5370 matrimonium

1990 5412 2163 5467 facilis
2187 5411 2555 5480 repudiaturas
2576 5407 2870 5463 verisimile
2894 5406 3126 5470 videtur,
3148 5419 3216 5459 ne
3241 5403 3429 5459 eadem
3454 5420 3571 5459 rur-

1990 5518 2082 5558 sus
2108 5503 2494 5573 perpetiantur.
2516 5499 2648 5554 Nam
2674 5513 2794 5569 quae
2818 5505 2995 5553 servat
3014 5496 3345 5559 viduitatem,
3375 5495 3426 5549 in
3459 5502 3572 5549 tuto

1991 5609 2050 5650 se
2091 5592 2408 5658 collocabit,
2442 5607 2542 5646 nec
2568 5590 2795 5648 similem
2825 5586 3048 5660 posthac
3089 5588 3289 5641 luctum
3329 5586 3569 5652 timebit;

1993 5702 2151 5758 quem
2177 5702 2306 5743 sane
2337 5693 2649 5757 exspectare
2687 5690 2937 5755 cogetur,
2980 5696 3097 5754 quae
3124 5681 3358 5737 secundo
3385 5681 3571 5737 maui-
