3890 6220
1054 252 1113 307 S.
1146 251 1430 308 JOANNIS
1463 247 1951 308 CHRYSOSTOMI
1984 246 2307 305 ABCHIEP.
2349 238 2896 303 CONSTANTINOP.

3499 242 3608 300 820

344 363 580 420 monium
610 361 895 420 contraxit.
922 359 1041 417 Huc
1065 357 1271 415 accedit
1295 354 1541 415 eamdem
1564 353 1776 426 quidem
1802 366 1923 410 esse
2023 352 2224 410 arando
2261 369 2326 412 ac
2365 354 2623 412 fodiendo
2641 346 2934 413 sumendus
2954 362 3076 424 est,
3114 353 3209 412 sed
3235 353 3396 410 etiam
3425 369 3609 411 aream

345 455 681 520 viduitatem,
714 468 820 509 non
851 461 1026 507 tamen
1057 448 1299 506 eamdem
1328 447 1575 502 erunibus
1604 444 1773 500 viduis
1799 458 1923 514 pro—
2023 458 2091 498 ae
2132 445 2413 500 toreularia
2446 446 2518 502 ob
2547 446 2732 502 oculos
2773 460 3114 517 proponens,
3159 445 3409 501 alacriter
3446 460 3614 517 opera

346 545 575 615 positam
613 558 732 600 esse
769 541 1103 606 mercedem,
1132 539 1225 595 sed
1259 539 1349 593 uni
1390 536 1738 607 ampliorem,
1772 533 1923 588 alteri
2024 550 2120 590 sua
2152 546 2322 607 urget.
2367 537 2551 594 Itidem
2591 538 2749 609 igitur
2785 547 2841 594 et
2878 553 2976 594 nos
3003 551 3097 609 spe
3136 539 3275 595 bona
3318 553 3613 594 aerumnam

348 635 664 703 parciorem.
698 632 829 700 Quae
849 632 990 688 enim
1028 631 1097 685 ab
1134 629 1489 684 adulescentia
1520 626 1705 697 jugum
1743 640 1926 680 susce-

346 732 568 795 perunt,
601 722 767 778 multo
795 721 994 791 majore
1037 720 1240 774 honore
1273 718 1541 788 potientur
1561 758 1578 781 ,
1609 725 1768 786 alque
1806 730 1925 768 am-

348 815 607 884 plioribus
638 812 980 877 muneribus;
1025 827 1145 881 quae
1182 820 1360 865 autem
1390 810 1441 865 iu
1485 807 1599 878 ipsa
1623 808 1733 878 jam
1768 821 1925 863 sene-

348 914 514 970 ctute,
542 919 646 959 non
677 918 829 974 aeque
853 911 1015 973 atque
1043 901 1166 956 illm.
1196 899 1335 969 Quid
1367 898 1481 954 ita?
1509 898 1658 966 Quod
1686 897 1772 952 illa
1811 896 1930 967 qui-

346 995 501 1061 dem,
529 1010 648 1053 cum
690 993 854 1048 multa
882 993 1194 1056 obstarent,
1238 991 1307 1047 ob
1334 990 1427 1045 Dei
1468 990 1715 1044 tutiorem
1750 986 1928 1043 omnia

262 1080 282 1102 '
348 1085 451 1142 sibi
495 1084 809 1156 perferenda
851 1083 1022 1148 duxit,
1068 1082 1191 1137 huic
1227 1089 1406 1136 autem
1450 1079 1596 1135 nullo
1633 1077 1830 1133 sudore
1865 1091 1930 1132 ac

351 1176 535 1232 labore
572 1190 709 1249 opus
749 1177 846 1231 fuit
870 1192 886 1230 :
912 1176 1033 1246 quis
1076 1175 1218 1230 enim
1265 1173 1433 1237 labor,
1482 1171 1575 1229 ubi
1614 1170 1745 1226 nihil
1786 1167 1930 1241 quod

348 1267 456 1322 vim
502 1266 734 1324 aderat?
782 1265 1238 1333 Quemadmodum
1288 1264 1483 1335 igitur,
1531 1278 1657 1333 quiet
1699 1263 1930 1332 seipsam

351 1356 503 1411 alteri
531 1356 647 1413 viro
670 1355 843 1424 didit,
874 1357 965 1423 ei,
988 1371 1122 1426 qum
1153 1356 1369 1411 unicum
1398 1356 1647 1425 agnovit,
1674 1352 1936 1410 concedat

351 1453 565 1514 Oportet
597 1463 608 1498 :
644 1446 715 1500 ita
740 1460 860 1516 quae
900 1446 952 1500 in
984 1445 1213 1514 ipsemet
1238 1445 1411 1501 aetatis
1444 1445 1577 1501 ﬂore
1600 1444 1657 1498 in
1680 1443 1934 1499 viduitate

354 1544 696 1605 perseverat,
725 1536 883 1606 longo
911 1536 1187 1591 intervallo
1229 1551 1347 1592 eam
1368 1577 1384 1601 ,
1416 1551 1535 1606 qua
1572 1536 1624 1589 in
1662 1543 1935 1590 senectute

352 1625 527 1680 virum
565 1624 760 1690 amisit,
802 1626 1043 1681 anteibit.
1090 1627 1249 1696 Atqui
1295 1635 1521 1695 utraque
1547 1640 1711 1679 unum
1753 1623 1937 1677 habuit

351 1717 560 1785 virum,
599 1717 693 1774 sed
725 1718 840 1773 haec
880 1726 1057 1773 tamen
1101 1718 1273 1787 ipsum
1310 1717 1572 1771 castitatis
1609 1715 1934 1770 curriculum

353 1809 583 1867 confecit
604 1849 619 1871 ,
646 1807 737 1865 illa
765 1824 899 1864 vero
925 1808 1083 1877 longo
1110 1808 1263 1863 abest
1290 1807 1591 1862 intervallo.
1638 1805 1803 1876 Igitur
1827 1820 1935 1861 non

352 1903 422 1959 ad
451 1903 691 1961 labentem
730 1903 900 1958 solum
921 1944 937 1968 ,
967 1901 1060 1956 sed
1085 1903 1245 1956 etiam
1274 1900 1343 1955 ad
1372 1899 1679 1956 mercedem
1703 1910 1934 1969 spectes.

354 1992 447 2048 Sic
475 1993 725 2063 pleraque
751 1992 1002 2047 virtutum
1028 1990 1201 2047 cilicia
1226 1990 1460 2046 difﬁcilia
1490 1989 1646 2048 nobis
1664 1989 1932 2058 videnlur,

354 2097 475 2139 cum
523 2083 749 2139 sudores
794 2094 953 2152 atque
1002 2097 1296 2147 aerumnas,
1328 2097 1446 2153 quae
1474 2080 1766 2137 subeunda:
1790 2090 1934 2148 sunt,

355 2174 569 2228 assidue
587 2173 768 2231 animo
788 2189 1086 2241 versamus,
1110 2188 1282 2244 neque
1308 2175 1575 2243 proposita
1601 2174 1707 2228 illis
1720 2173 1936 2243 ιιι-ωηιξη

355 2263 851 2327 animadvertimus.

431 2354 549 2411 Una
584 2373 698 2411 cum
749 2355 1002 2414 laboribus
1040 2357 1250 2428 prmia
1298 2373 1492 2428 quoque
1536 2354 1828 2427 spectando.
1866 2382 1939 2395 -

358 2448 513 2514 Quod
539 2449 758 2507 minime
785 2449 1080 2507 faciendum
1110 2459 1212 2512 est,
1236 2448 1329 2503 sed
1355 2448 1754 2518 circumspectis
1778 2446 1938 2503 simul

357 2538 629 2595 laboribus
668 2553 732 2595 ac
762 2540 994 2608 praemiis
1022 2553 1229 2594 summa
1271 2538 1647 2603 subducenda;
1680 2546 1807 2595 tunc
1844 2553 1941 2592 au-

360 2641 465 2687 tem
486 2673 503 2699 ,
535 2641 593 2689 ut
620 2647 749 2688 vere
791 2640 946 2701 sunt,
990 2632 1118 2687 itaa
1147 2632 1300 2687 nobis
1329 2632 1502 2687 facilia
1539 2630 1938 2702 iudicabuntur.

358 2720 495 2775 Nam
516 2722 604 2791 qui
631 2721 682 2777 in
714 2721 855 2779 bello
876 2722 1133 2792 praelate
1155 2735 1214 2777 se
1232 2722 1388 2793 gerit,
1420 2735 1524 2776 non
1544 2720 1769 2776 vulnera
1788 2719 1943 2775 dum-

360 2819 534 2876 taxat,
562 2824 717 2866 casus
744 2826 808 2867 ae
833 2820 1058 2871 mortem
1074 2853 1090 2879 ,
1118 2810 1227 2869 sed
1249 2813 1411 2868 etiam
1438 2821 1665 2882 tropaea,
1690 2811 1941 2871 victorias

359 2907 693 2971 exterasque
712 2901 945 2969 honores
969 2917 1157 2960 omnes
1181 2911 1434 2973 reputans
1458 2903 1521 2959 in;
1537 2903 1706 2959 aciein
1733 2902 1942 2961 fortiter

359 2982 639 3051 descendit
681 3009 697 3046 :
738 2993 816 3051 sic
863 2992 1095 3064 agricola
1144 3008 1250 3050 non
1303 2993 1490 3051 solum
1533 2993 1800 3060 laborem,
1847 2993 1941 3065 qui

2028 627 2301 682 viduitatis
2321 627 2493 683 levem
2517 627 2820 694 reddamus,
2849 637 3011 698 atque
3030 642 3097 684 eo
3125 629 3293 700 magis
3326 642 3424 683 nos
3447 644 3611 699 quam

2029 715 2124 781 illi,-
2154 717 2295 786 quod
2326 717 2433 773 illis
2454 717 2667 788 quidem
2690 719 2852 772 multa
2880 732 3022 788 saape
3043 733 3108 773 ex
3140 719 3225 787 iis,
3257 734 3377 789 qua:
3403 719 3455 773 in
3482 718 3617 788 ipsis

2029 811 2130 864 sita
2160 824 2268 865 non
2296 817 2468 875 erant,
2496 811 2955 881 exspectationem
2978 811 3371 880 praeciderunt;
3403 819 3617 865 nostras

2030 911 2207 958 autem
2245 917 2368 973 spes
2412 918 2571 958 nemo
2611 911 2695 958 est
2737 904 2828 973 qui
2867 903 3190 968 confundat,
3231 901 3334 958 nisi
3370 903 3618 957 voluntas

2032 1001 2211 1047 nostra
2237 994 2542 1049 accesserit.
2570 992 2701 1060 Qua:
2730 992 2930 1047 utinam
2965 1007 3070 1048 non
3101 992 3333 1057 accedat,
3365 991 3459 1047 sed
3485 991 3620 1047 illud

2034 1082 2308 1138 nobiscum
2356 1084 2651 1153 cogitantes
2698 1082 2910 1139 viduam
2955 1098 2984 1136 a
3033 1083 3235 1154 virgine
3277 1097 3383 1137 non
3424 1083 3619 1152 procul

2034 1175 2223 1231 abesse
2241 1215 2256 1240 ,
2286 1185 2451 1245 atque
2471 1175 2631 1230 etiam
2662 1174 2930 1230 interdum
2977 1174 3122 1229 illam
3150 1174 3469 1230 antecellere
3488 1215 3505 1240 ,
3537 1174 3626 1229 ni—

2035 1267 2228 1321 mirum
2248 1307 2263 1333 ,
2290 1280 2411 1320 eum
2440 1266 2592 1336 virgo
2621 1265 2848 1335 negotiis
2873 1279 2931 1319 se
2969 1265 3250 1335 implicarit
3285 1282 3299 1319 :
3330 1263 3496 1319 Vidua
3515 1278 3623 1316 au-

2040 1366 2145 1413 tem
2173 1372 2238 1412 ex
2258 1357 2409 1412 Pauli
2435 1357 2699 1411 sententia
2746 1356 2970 1411 desolata
2995 1365 3041 1411 et
3063 1357 3117 1410 in
3137 1355 3247 1410 Deo
3270 1373 3410 1424 apem
3431 1371 3627 1426 ponens

2035 1448 2271 1502 institerit
2309 1447 2733 1502 obsecrationibus
2758 1455 2806 1501 et
2844 1446 3153 1501 orationibus
3182 1445 3270 1515 (l.
3295 1445 3426 1500 Tim.
3450 1445 3504 1501 5.
3528 1444 3625 1515 5),

2036 1549 2198 1609 alque
2224 1539 2291 1593 ab
2320 1538 2478 1609 hujus
2506 1540 2635 1594 vitae
2672 1538 2898 1609 negotiis
2926 1538 3258 1594 abstinuerit.
3299 1536 3357 1593 In
3397 1551 3621 1592 arenam

2042 1633 2178 1687 hanc
2204 1631 2593 1687 descendamus
2623 1639 2679 1686 ut
2719 1647 2838 1700 qua:
2866 1629 2994 1685 inde
3021 1644 3117 1685 nos
3142 1638 3365 1688 manent
3399 1626 3628 1700 praemia

2039 1739 2447 1794 consequamur.
2475 1724 2620 1790 llaec,
2650 1737 2756 1777 non
2782 1737 2889 1793 quo
2916 1722 3215 1778 necessaria
3236 1720 3627 1792 judicaremus,

2040 1816 2313 1870 attulimus
2332 1856 2347 1882 ,
2374 1823 2466 1869 aut
2494 1828 2603 1884 quo
2627 1814 2773 1881 illas,
2801 1828 2921 1884 qua;
2950 1813 3007 1868 in
3029 1813 3285 1868 viduitate
3313 1823 3630 1882 permanere

2040 1905 2247 1972 nolunt,
2272 1904 2780 1972 condemuaremus,
2808 1903 2901 1958 sed
2930 1902 3033 1959 hoc
3061 1917 3222 1957 unum
3252 1900 3630 1957 cohortatione

2042 1994 2509 2064 admonitioneque
2535 2003 2719 2049 nostra
2741 2003 2980 2065 agentes,
3007 2001 3067 2048 ut
3092 2007 3162 2049 ne
3189 2001 3345 2048 terrae
3371 2000 3634 2062 perpetuo

2041 2086 2217 2141 afﬁxa;
2247 2085 2455 2141 haerere
2487 2085 2674 2153 velint,
2719 2083 2817 2140 sed
2855 2084 3021 2139 semel
3060 2083 3246 2138 soluta:
3287 2081 3340 2136 in
3381 2081 3633 2137 libertate

2045 2185 2315 2244 maneant,
2339 2175 2412 2232 ad
2426 2177 2616 2232 caelum
2651 2177 2908 2245 aspirent,
2934 2174 3205 2230 caelestem
3227 2171 3439 2228 vivendi
3464 2171 3635 2226 ratio-

2046 2285 2173 2325 nem
2195 2268 2504 2334 adhibeant,
2529 2281 2592 2322 ac
2615 2266 2814 2337 juncta
2833 2264 3048 2322 Christo
3066 2280 3128 2321 ea
3149 2267 3325 2321 omnia
3352 2271 3627 2336 praestent,

2044 2376 2169 2433 qua
2190 2361 2265 2416 iis
2278 2359 2620 2425 conveniunt,
2644 2373 2763 2428 quae
2786 2367 2992 2425 tantum
3014 2365 3184 2413 nacta:
3203 2364 3329 2412 sunt
3347 2368 3632 2427 Sponsum:

2041 2452 2293 2523 quoniam
2336 2449 2512 2520 ipsum
2561 2449 2719 2506 decet
2738 2449 2756 2481 ¹
2785 2450 2961 2506 omnis
3010 2448 3197 2519 gloria,
3228 2447 3400 2503 honor
3423 2456 3479 2502 et
3501 2446 3639 2503 ado—

2041 2544 2183 2599 ratio
2209 2557 2313 2597 una
2339 2555 2459 2597 eum
2486 2550 2704 2611 experte
2732 2526 2979 2610 principii
3003 2539 3161 2595 Patre
3187 2552 3253 2594 ae
3272 2536 3482 2593 viviﬂco
3503 2550 3634 2591 san-

2046 2643 2249 2704 ctoque
2268 2633 2437 2703 ipsius
2466 2629 2668 2702 Spiritu
2687 2670 2703 2699 ,
2736 2644 2878 2686 nunc
2915 2637 2969 2686 et
2996 2643 3242 2701 semper,
3269 2628 3407 2684 etin
3432 2625 3637 2685 szceula

2045 2725 2387 2783 timendorum.
2414 2724 2606 2780 Amen.

2111 2943 2128 3015 ξ
2593 2927 3524 3015 £¢£€9_se;,ﬂec_.xﬂels..°319'“s‘°
3545 2929 3639 2984 ἀο-

2050 3011 2131 3055 est
2150 2995 2200 3053 in
2220 3003 2373 3065 colb.,
2396 2995 2577 3066 estque
2594 2995 2798 3051 (eum
2819 2995 3194 3049 additamtuii
3217 2995 3417 3046 librarii.
