3890 6220
379 186 480 243 εει
1075 184 1133 242 S.
1171 183 1459 244 JOANNIS
1496 177 1991 241 CHRYSOSTOMI
2032 177 2354 238 ARCHIEP.
2397 171 2946 236 CONSTANTINOP.
3543 175 3648 232 62‘!

2911 368 3641 396 Μ

403 371 3052 405 W

1748 385 1751 386 ,
1792 385 1800 387 ε

1139 616 1264 705 ΙΝ
1369 607 1800 704 LIBROS

1903 609 2052 698 DE
2157 602 2911 698 SACERDOTIO

1655 885 2386 1006 MONITUM.

1784 1156 2265 1184 ’ψ

461 1342 611 1420 [560]
631 1340 828 1398 Ειίπιίἰ
841 1337 1023 1410 operis
1039 1341 1416 1410 argumentum
1429 1348 1493 1389 ex
1519 1332 1637 1403 ipso
1658 1331 1778 1402 ejus
1795 1345 1966 1402 prooe-

393 1441 506 1493 mio
528 1449 860 1491 mutuamur.
889 1432 1153 1493 Basilius,
1189 1429 1330 1483 inter
1356 1427 1564 1482 amicos
1585 1422 1964 1494 Chrysostomi

402 1527 729 1600 praecipuus,
762 1525 954 1580 iisdem
979 1531 1141 1591 atque
1169 1520 1257 1574 ille
1290 1516 1590 1588 magistris,
1638 1515 1830 1570 iisdem
1883 1513 1966 1568 di—

401 1617 648 1688 sciplinis
670 1629 888 1684 operam
919 1611 1069 1666 dedit
1095 1628 1108 1663 :
1149 1625 1247 1679 par
1275 1615 1394 1662 erat
1417 1605 1699 1674 utriusque
1728 1603 1965 1667 animus,

397 1723 494 1777 par
526 1707 743 1778 generis
783 1700 1066 1767 conditio;
1109 1715 1276 1753 unum
1328 1697 1470 1753 circa
1526 1697 1651 1751 vitae
1700 1695 1966 1749 rationem

391 1796 758 1867 propositum,
811 1790 1071 1847 amicitiae
1119 1787 1340 1842 vinculo
1388 1793 1778 1855 opportunum.
1828 1783 1966 1836 Cum

394 1903 524 1941 vero
551 1885 860 1956 proximum
883 1890 1029 1938 esset
1058 1888 1119 1936 ut
1152 1878 1386 1933 Basilius
1413 1878 1577 1931 vitam
1606 1874 1961 1929 monasticam

394 1980 831 2048 amplecteretur,
867 1983 998 2029 tunc
1056 1971 1480 2042 Chrysostomus
1529 1967 1649 2022 foro
1683 1981 1967 2035 secumque

396 2069 648 2125 addictus
688 2066 867 2123 studia
913 2066 968 2119 in
1021 2063 1294 2118 contraria
1355 2061 1681 2116 declinabat.
1733 2057 1970 2114 Basilius

391 2176 545 2227 vero,
574 2159 666 2230 qui
701 2155 1080 2229 Chrysostomi
1119 2155 1420 2208 amicitiam
1449 2161 1503 2207 et
1539 2150 1961 2207 contubernium

395 2252 579 2321 magni
603 2250 854 2314 iaciebat,
889 2248 990 2301 hoc
1037 2246 1106 2300 ab
1145 2259 1211 2299 eo
1256 2246 1472 2299 demum
1523 2242 1854 2313 impetravit,
1910 2248 1971 2296 ut

395 2343 559 2397 domo
614 2349 845 2408 uterque
897 2353 995 2394 sua
1045 2337 1234 2392 relicta
1283 2349 1574 2390 commune
1629 2334 1966 2390 domicilium

393 2436 710 2492 incolerent.
740 2433 865 2488 Haec
902 2430 1147 2486 consilia
1180 2429 1272 2483 ubi
1328 2428 1562 2498 primum
1599 2427 1771 2483 sensit
1798 2426 1972 2496 Chry-

393 2526 620 2582 sostomi
652 2533 848 2587 mater,
885 2522 1055 2576 lilium
1087 2534 1155 2574 ne
1193 2535 1253 2574 se
1281 2521 1500 2574 deserat
1531 2518 1786 2573 admistis
1811 2517 1968 2571 blant--

390 2618 542 2674 ditiis
567 2619 840 2679 hortatur,
876 2615 1120 2682 dumque
1156 2611 1258 2682 ipsi
1309 2626 1339 2665 a
1376 2609 1604 2680 pristina
1658 2623 1796 2678 pene
1845 2623 1971 2663 sen-

395 2711 564 2767 tentia
595 2709 831 2765 abducto
895 2708 1063 2762 instat
1098 2704 1353 2768 Basilius,
1414 2703 1602 2757 eadem
1635 2717 1756 2771 quia
1817 2701 1970 2770 prius

390 2802 719 2872 efﬂagitans,
751 2814 880 2853 ecce
923 2796 1068 2851 fama
1125 2795 1365 2863 undique
1411 2793 1722 2863 percrebuit
1759 2801 1972 2845 utrum-

393 2910 504 2962 que
532 2893 586 2947 in
620 2889 982 2961 episcopalem
1019 2887 1336 2958 dignitatem
1363 2883 1794 2954 promerendum
1819 2898 1966 2939 esse.

394 2983 515 3038 lloe
545 2981 778 3052 perculsi
824 2979 986 3033 ambo
1023 2991 1243 3032 rumore
1274 2975 1433 3045 longe
1485 2974 1753 3030 dissimile
1793 2973 1973 3030 consi-

394 3077 529 3131 lium
569 3075 795 3139 ineunt;
829 3071 1064 3125 Basilius
1096 3077 1266 3124 totum
1291 3068 1372 3122 rei
1395 3066 1665 3138 judicium
1700 3065 1971 3136 permittit

392 3169 594 3233 amico,
628 3167 680 3220 in
735 3171 1030 3232 utrumque
1059 3169 1308 3231 paratus,
1357 3158 1474 3215 sive
1515 3158 1966 3214 consentiendum

393 3263 507 3318 sive
532 3257 847 3330 fugiendum
879 3265 1066 3319 esset;
1095 3253 1521 3324 Chrysostomus
1570 3266 1724 3316 vero,
1776 3251 1870 3321 qui
1911 3266 1971 3306 se

391 3360 544 3408 tanto
573 3352 779 3406 honore
799 3362 1027 3417 prorsus
1057 3344 1370 3413 indignum,
1406 3343 1642 3398 amicum
1699 3358 1830 3398 vero
1883 3343 1972 3398 di-

390 3442 714 3513 gnissimum
767 3437 1040 3498 censebat,
1084 3451 1151 3489 ne
1191 3444 1300 3489 tam
1345 3435 1540 3489 idoneo
1578 3434 1828 3489 ministro
1867 3434 1973 3490 Ec-

392 3532 616 3588 clesiam
637 3527 728 3582 Dei
759 3527 1009 3594 privaret,
1026 3526 1114 3594 pia
1137 3541 1268 3580 usus
1297 3532 1434 3586 arte,
1455 3522 1588 3577 nihil
1607 3537 1798 3593 urgere
1814 3523 1970 3590 dixit,

393 3623 610 3680 sedliac
645 3622 711 3676 de
744 3636 801 3675 re
848 3626 1034 3688 postea
1089 3633 1190 3673 suo
1245 3626 1490 3685 tempore
1551 3614 1969 3670 deliberandum

391 3730 514 3771 esse
539 3732 554 3769 :
581 3728 644 3768 ea
670 3711 877 3768 scilicet
906 3717 1106 3775 mente,
1145 3717 1202 3764 ut
1247 3709 1502 3762 incautus
1528 3704 1766 3762 Basilius
1807 3720 1970 3774 cape-

392 3814 542 3860 retur
564 3813 617 3859 et
642 3799 1005 3871 episcopalem
1036 3799 1284 3854 ordinem
1327 3798 1411 3852 vel
1445 3798 1648 3853 invitus
1677 3797 1964 3865 acciperet.

395 3896 517 3966 Ipse
549 3910 678 3950 vero
703 3893 918 3948 interim
947 3905 1069 3946 sese
1112 3890 1405 3945 occultavit
1432 3907 1445 3943 :
1479 3903 1676 3959 resque
1712 3902 1812 3957 pro
1841 3897 1969 3942 voto

391 3987 469 4042 illi
499 3985 704 4051 cessit;
753 3994 945 4054 captus
973 3983 1120 4038 enim
1152 3980 1412 4045 Basilius,
1448 3978 1549 4034 etsi
1601 3976 1695 4032 diu
1730 3976 1966 4031 relucta-

391 4091 500 4143 tus,
534 4078 818 4132 ordinatus
873 4085 1055 4130 tamen
1112 4081 1218 4128 est.
1275 4071 1414 4126 Hine
1472 4070 1726 4142 quaerelae
1782 4070 1967 4124 Basilii

389 4171 533 4241 apud
560 4169 1028 4240 Cbrysostomum,
1057 4174 1112 4219 et
1135 4162 1522 4234 responsiones
1559 4159 1965 4230 Chrysostomi,

389 4264 547 4333 queis
579 4270 750 4316 totum
789 4275 927 4330 opus
987 4257 1189 4326 dialogi
1242 4269 1397 4309 more
1444 4253 1840 4318 constituitur;
1893 4253 1967 4308 ibi

390 4365 521 4407 vero
549 4351 618 4406 de
644 4349 909 4420 dignitate
936 4355 992 4404 et
1017 4345 1197 4400 cilicio
1227 4345 1573 4400 Sacerdotum
1606 4353 1714 4399 tam
1753 4344 1968 4416 egregie

390 4442 633 4510 loquitur
680 4446 903 4494 sanctus
961 4437 1191 4502 doctor,
1244 4444 1307 4490 ut
1365 4434 1455 4489 hic
1504 4434 1641 4489 liber
1707 4436 1964 4490 omnibus

391 4549 608 4602 semper
643 4528 993 4584 admirationi
1031 4527 1216 4582 fuerit.
1256 4527 1495 4582 Isidorus
1524 4537 1671 4582 certe
1692 4526 1964 4584 Pelusiota

392 4625 553 4693 epist.
591 4620 694 4676 156
725 4619 847 4674 libri
893 4633 933 4685 ι,
972 4617 1197 4672 Nullum
1235 4619 1398 4680 enim,
1461 4617 1558 4681 ait,
1617 4617 1844 4683 nullum,
1882 4619 1967 4671 in-

390 4733 571 4785 quam,
602 4723 779 4783 pectus
827 4712 986 4781 hujus
1021 4711 1173 4765 lectio
1202 4711 1518 4780 penetravit,
1569 4711 1707 4781 quod
1745 4728 1846 4764 non
1883 4711 1967 4763 di-

390 4809 510 4861 vino
541 4821 718 4859 amore
741 4805 999 4857 sauciarit
1023 4818 1042 4856 .'
1069 4803 1422 4856 venerandam
1459 4803 1647 4872 quippe
1671 4819 1780 4856 rem
1805 4812 1967 4871 atque

390 4900 544 4952 aditu
581 4896 840 4967 difﬁcilem
875 4893 1231 4948 sacerdotium
1279 4910 1390 4948 esse
1436 4893 1788 4959 demonstrat,
1822 4894 1968 4964 ejus-

389 5005 488 5059 que
543 4989 640 5042 rite
678 4986 1091 5040 administrandi
1143 4986 1405 5038 rationem
1464 4985 1632 5038 docet.
1681 4983 1824 5038 Nam
1863 4985 1962 5039 Dei

390 5094 707 5134 arcanorum
733 5077 944 5146 sapiens
995 5075 1085 5130 ille
1115 5076 1370 5145 interpres
1400 5074 1657 5138 Joannes,
1712 5075 1964 5146 Byzantii

387 5169 679 5237 episcopus,
703 5176 859 5236 atque
901 5165 1029 5220 adeo
1057 5167 1216 5219 totius
1247 5164 1499 5220 Ecclesia:
1528 5165 1733 5230 oculus,
1764 5165 1962 5220 librum

390 5258 540 5310 illum
560 5266 669 5310 tant
697 5255 963 5311 subtiliter
987 5265 1037 5310 et
1065 5265 1310 5310 accurate
1339 5257 1688 5320 concinnavit,
1712 5267 1767 5309 ut
1789 5273 1966 5311 omnes

390 5357 499 5401 tam
516 5348 605 5416 qui
620 5346 905 5400 secundum
928 5345 1027 5401 Dei
1054 5347 1330 5415 placitum,
1347 5363 1506 5416 quam
1533 5348 1622 5415 qui
1647 5347 1966 5418 negligenter

387 5435 682 5490 sacerdotio
728 5435 1052 5506 funguntur,
1097 5435 1180 5488 hic
1223 5445 1333 5488 tum
1373 5436 1590 5490 virtutes
1636 5445 1747 5489 tum
1793 5437 1964 5506 o/fen-

387 5529 556 5581 siones
572 5543 694 5581 suas
713 5537 1114 5597 reprasentatas
1139 5529 1425 5582 inveniant.
1457 5527 1655 5584 Suidas
1671 5543 1802 5583 vero
1820 5530 1965 5585 buuc

387 5616 584 5674 librum
612 5619 874 5676 eximium
897 5634 1018 5677 esse
1039 5619 1172 5676 dicit
1188 5619 1265 5692 τῷ
1295 5635 1355 5674 τε
1377 5618 1620 5690 {integunt
1647 5621 1714 5692 τῇ
1743 5621 1960 5692 φράσει,

2067 1327 2164 1380 καὶ
2199 1329 2265 1398 τῇ
2300 1327 2556 1399 λειότητι,
2586 1328 2680 1381 καὶ
2707 1330 2783 1400 τῷ
2805 1330 2987 1385 κάλλει
3013 1331 3121 1384 τῶν
3158 1332 3457 1404 ὀνομάτων,
3483 1354 3504 1386 r
3537 1344 3660 1391 tum

2068 1419 2400 1475 sublimitate
2438 1431 2494 1476 et
2538 1421 2812 1488 dictione,
2859 1433 2971 1478 tum
3016 1425 3237 1480 lenitate
3281 1437 3336 1481 et
3377 1429 3663 1499 elegantia

2066 1511 2381 1566 verborum.
2421 1530 2440 1565 ι

2143 1599 2250 1658 Sed
2315 1603 2464 1659 circa
2501 1603 2646 1660 bane
2706 1605 2994 1661 historiam
3053 1608 3264 1678 aliquot
3315 1611 3659 1680 quaestiones

2074 1704 2410 1750 moventur:
2449 1696 2628 1765 primo
2677 1713 2788 1765 quo
2841 1706 3086 1768 tempore
3143 1701 3278 1770 hinc,
3313 1717 3437 1771 quae
3482 1718 3660 1774 supra

2071 1801 2291 1840 narrata
2335 1797 2484 1853 sunt,
2525 1789 2894 1860 contigerint;
2934 1791 3130 1848 deinde
3159 1794 3286 1863 quis
3317 1796 3386 1850 sit
3419 1796 3508 1851 ille
3547 1796 3662 1850 Ba-

2073 1877 2233 1932 silius
2270 1916 2286 1941 ,
2339 1877 2719 1949 Chrysostomi
2777 1881 3012 1946 amicus,
3072 1893 3128 1938 ct
3202 1885 3360 1954 cujus
3412 1887 3660 1944 civitatis

2071 1970 2365 2039 episcopus
2423 1971 2497 2026 sit
2567 1972 2896 2036 ordinatus;
2955 1976 3175 2030 demum
3235 1992 3346 2046 quo
3398 1987 3656 2049 tempore

2071 2060 2512 2131 Chrysostomus
2549 2063 2712 2117 hosce
2747 2064 2914 2120 libros
2942 2066 3191 2122 ediderit.
3224 2066 3382 2134 Quod
3439 2078 3660 2138 spectat

2072 2151 2141 2206 ad
2170 2159 2382 2220 tempus
2409 2162 2640 2221 peractae
2661 2154 2762 2216 rei,
2793 2164 3002 2209 certum
3035 2164 3145 2224 est,
3175 2158 3294 2228 ipso
3323 2160 3658 2215 testiﬁcante

2073 2244 2491 2315 Chrysostomo,
2521 2245 2573 2298 id
2605 2246 2872 2302 accidisse
2901 2263 3025 2303 cum
3058 2250 3236 2304 adhuc
3269 2251 3358 2306 ille
3382 2253 3435 2306 in
3465 2252 3653 2308 lorum

2073 2334 2332 2405 frequens
2359 2336 2674 2403 ventitaret,
2701 2344 2757 2390 et
2807 2352 2987 2393 scena:
3013 2339 3414 2398 oblectamenta
3461 2355 3652 2402 secta-

2073 2435 2272 2492 retur;
2301 2435 2467 2497 atque
2506 2427 2643 2483 adeo
2680 2437 2806 2482 ante
2834 2444 3036 2484 annum
3067 2431 3193 2499 575,
3221 2449 3332 2503 quo
3374 2450 3498 2490 cum
3535 2445 3657 2492 ιπ-

2078 2520 2305 2575 dissime
2334 2519 2388 2574 in
2423 2519 2773 2575 solitudinem
2817 2537 2876 2576 se
2907 2524 3176 2590 contulit,
3217 2526 3307 2580 ubi
3347 2543 3442 2583 sex
3487 2531 3659 2589 annis

2083 2610 2344 2665 severiori
2377 2609 2686 2681 disciplima
2714 2627 2837 2668 sese
2861 2623 3032 2669 totum
3066 2615 3212 2671 dedit
3244 2635 3260 2672 :
3295 2634 3471 2690 neque
3499 2623 3656 2679 enim

2076 2707 2202 2769 post
2239 2699 2392 2754 illum
2427 2715 2726 2766 secessum,
2758 2703 2841 2757 vel
2868 2702 3181 2761 forensibus
3210 2709 3392 2764 causis
3423 2725 3657 2781 operam

2074 2791 2245 2856 dedit,
2274 2792 2358 2845 vel
2391 2807 2566 2847 scenae
2629 2795 2938 2862 spectacula
2980 2803 3221 2854 sectatus
3258 2809 3345 2855 est
3375 2817 3651 2874 unquam.

2081 2881 2303 2937 Certum
2339 2890 2424 2938 est
2451 2883 2662 2951 itidem,
2696 2885 2818 2953 ipso
2852 2896 3044 2940 sancto
3092 2887 3317 2944 doctore
3365 2905 3655 2959 narrante,

2073 2992 2199 3032 eum
2245 2979 2361 3034 haec
2398 2988 2718 3050 agerentur,
2745 2979 2857 3050 jam
2895 2980 3349 3052 Chrysostomum
3402 2997 3457 3041 et
3490 2987 3656 3044 Basi-

2076 3065 2212 3121 lium
2245 3069 2532 3138 magistris
2565 3077 2618 3122 et
2655 3067 2975 3125 doctoribus
3018 3071 3363 3139 valcdixisse,
3410 3091 3651 3145 quorum

2073 3167 2392 3228 postremus
2447 3158 2627 3214 luerat
2674 3158 2944 3216 Diodorus
2975 3160 3284 3220 Tarsensis.
3323 3166 3459 3222 Huic
3518 3186 3657 3227 vero

2073 3265 2294 3321 operam
2331 3252 2534 3306 dabant
2577 3258 2808 3322 uterque
2863 3267 3009 3308 anno
3048 3255 3270 3311 circiter
3308 3259 3405 3313 571
3446 3277 3460 3326 ;
3501 3264 3654 3320 unde

2076 3351 2344 3414 sequatur
2371 3358 2435 3397 ea
2466 3343 2650 3398 omnia
2709 3343 2800 3397 illo
2845 3345 3115 3400 accidisse
3148 3349 3326 3416 spatio
3375 3354 3520 3420 quod
3565 3356 3656 3407 in-

2074 3434 2283 3492 terﬂuit
2316 3449 2492 3488 annos
2534 3433 2678 3489 inter
2718 3434 2823 3488 572
2853 3444 2908 3490 et
2939 3436 3066 3500 575,
3102 3453 3280 3508 neque
3318 3441 3428 3495 ullo
3483 3445 3654 3499 modo

2072 3542 2237 3598 posse
2265 3527 2454 3582 isthaee
2481 3527 2565 3581 vel
2599 3529 2748 3597 prius
2781 3528 2862 3581 vel
2892 3539 3080 3598 postea
3112 3530 3303 3586 locari.
3365 3535 3650 3593 Adversus

2074 3620 2218 3675 banc
2245 3627 2426 3674 tamen
2457 3619 2828 3691 chronologiaa
2893 3622 3164 3678 rationem
3196 3624 3406 3696 aliquot
3454 3643 3656 3684 exsur-

2074 3719 2208 3780 gunt
2242 3707 2584 3764 dilﬁcultates
2621 3726 2636 3762 :
2690 3725 2816 3764 nam
2852 3711 2897 3765 si
2962 3727 3108 3766 anno
3153 3713 3257 3769 574
3286 3717 3368 3771 vel
3425 3719 3653 3777 circiter

2076 3800 2503 3872 Chrysostomus
2527 3810 2587 3855 ut
2615 3801 2907 3872 episcopus
2932 3805 3279 3862 ordinaretur
3305 3814 3646 3882 perquisitus

2073 3902 2179 3961 est,
2216 3909 2340 3949 eum
2371 3901 2558 3962 utpote
2590 3902 2753 3948 natus
2783 3909 2929 3950 anno
2961 3896 3063 3950 547
3099 3898 3181 3953 vel
3212 3900 3464 3968 circiter,
3492 3920 3646 3962 anno

2074 3983 2182 4039 574
2215 3983 2537 4038 vicesimum
2587 3984 2878 4054 septimum
2931 3985 3149 4041 circiter
3195 4003 3400 4046 annum
3439 4008 3650 4065 ageret,

2073 4075 2314 4130 nondum
2329 4074 2579 4141 attigerat
2591 4081 2804 4130 aetatem
2824 4090 2855 4129 a
2868 4076 3080 4146 synodo
3095 4077 3520 4140 Neocaesariensi
3547 4103 3652 4157 pro

2074 4165 2409 4237 presbyteris
2439 4165 2744 4236 deligendis
2793 4168 3147 4238 assignatam,
3189 4171 3414 4242 triginta
3452 4176 3649 4232 videli-

2077 4266 2164 4315 cet
2194 4272 2504 4312 annorum:
2542 4261 2820 4328 quomodo
2852 4273 2984 4330 ergo
3008 4270 3220 4330 poterat
3249 4262 3306 4318 in
3326 4265 3647 4337 episcopum

2075 4347 2368 4418 cooptari?
2403 4346 2484 4403 Ad
2518 4347 2632 4402 hare
2660 4363 2814 4412 vero,
2847 4350 3168 4421 priusquam
3216 4353 3648 4427 Cbrysostomus

2073 4438 2140 4492 ad
2185 4438 2561 4508 episcopatum
2597 4439 3027 4508 perquireretur,
3075 4452 3252 4499 mater
3285 4444 3404 4513 eius
3457 4448 3643 4518 ipsum

2069 4531 2358 4600 alloquens
2395 4545 2454 4586 se
2504 4528 2618 4599 jam
2660 4533 3042 4598 consenuisse,
3094 4545 3150 4590 et
3178 4537 3389 4592 obitum
3442 4556 3647 4610 prepe-

2067 4621 2210 4676 diem
2253 4629 2573 4690 exspectare
2609 4621 2781 4677 dicit:
2840 4625 2902 4677 Οἱ
2959 4624 3016 4678 δὲ
3057 4631 3432 4698 γεγηρακότες
3481 4633 3649 4702 ἡμεῖς

2065 4711 2221 4765 οὐδὲν
2272 4712 2457 4784 ἕτερον
2520 4711 2553 4784 ἢ
2607 4712 2697 4766 τὸν
2753 4713 2982 4770 θάνατον
3052 4719 3424 4791 ἀναμένομεν*
3491 4726 3649 4794 atqui

2067 4801 2514 4872 Chrysostomus,
2556 4813 2616 4858 ut
2671 4803 2788 4875 ipse
2842 4815 3062 4874 narrat,
3125 4819 3252 4865 ante
3316 4813 3646 4870 vicesimum

2070 4893 2261 4947 matris
2289 4907 2493 4946 annum
2549 4903 2712 4949 natus
2764 4905 2870 4962 est,
2932 4899 3078 4953 unde
3140 4913 3406 4970 sequatur
3440 4903 3647 4972 ipsam,

2068 4998 2192 5038 cum
2218 4983 2645 5053 (Zbrysostomus
2674 4984 2729 5039 in
2761 4986 3140 5057 episcopatum
3171 4991 3508 5060 perquisitus
3533 5007 3646 5061 est,

2069 5075 2312 5129 nondum
2355 5077 2838 5147 quadragesimum
2891 5080 3183 5149 septimum
3235 5083 3479 5154 attigisse
3539 5103 3650 5141 an-

2066 5183 2220 5232 num,
2247 5177 2304 5222 et
2331 5169 2424 5238 qui
2462 5177 2674 5239 poterat
2708 5169 2800 5225 illa
2835 5170 2947 5240 jam
2991 5173 3172 5226 vetula
3202 5182 3257 5228 et
3304 5190 3400 5244 per
3426 5185 3650 5233 aetatem

2067 5260 2227 5314 morti
2255 5261 2502 5329 proxima
2543 5262 2710 5318 esse?
2752 5261 2847 5317 Hae
2889 5279 3051 5332 porro
3089 5265 3435 5323 dilllcultates
3466 5273 3649 5336 majo-

2067 5365 2158 5404 res
2189 5351 2441 5415 evadent,
2477 5351 2524 5408 si
2575 5353 2632 5406 in
2689 5368 2893 5408 atuium
2939 5354 3066 5419 575,
3117 5357 3200 5411 νει
3253 5359 3308 5412 in
3345 5360 3473 5426 572,
3529 5364 3651 5418 haec

2068 5443 2395 5511 perquisitio
2449 5445 2782 5502 retrahatur.
2845 5447 3045 5503 Verum
3104 5449 3218 5506 haec
3279 5444 3647 5522 quantumvis

2066 5533 2370 5600 probabilia
2405 5533 2697 5590 videantur
2758 5535 2936 5610 [56l],
2967 5554 3035 5595 nc
3092 5541 3384 5598 minimum
3419 5546 3646 5615 quidem

2066 5635 2170 5680 nos
2227 5637 2258 5680 a
2317 5623 2502 5695 priore
2571 5631 2845 5688 sententia
2933 5630 3288 5690 dimoveant:
3343 5650 3472 5692 nam
3536 5653 3644 5706 eae,

3831 641 3852 1360 ἰ
