3890 6220
289 217 417 273 θεν

288 344 431 399 quas
459 327 623 384 modo
647 328 955 399 posuimus,
987 329 1251 400 temporis
1273 338 1417 385 nota:
1446 330 1672 385 omnino
1701 336 1865 385 cet-ta:

295 422 572 477 videntur.
612 420 769 487 Quod
807 431 988 476 autem
1018 431 1246 491 urgente
1272 436 1405 476 casu
1435 436 1501 476 ac
1531 422 1864 477 necessitate

293 513 553 583 quapiam
580 512 684 567 viri
724 514 963 568 nondum
1002 514 1220 584 triginta
1268 528 1443 587 annos
1497 512 1706 568 emensi
1744 513 1862 582 epi-

289 602 444 670 scopi
490 601 791 671 antiquitus
832 602 1000 657 creati
1052 602 1278 667 fuerint,
1316 618 1422 657 non
1461 611 1620 657 vacat
1672 618 1862 657 exem-

292 693 441 762 plis:
473 694 577 748 etsi
627 693 715 747 illa
772 694 1064 748 admodum
1121 709 1247 750 rara
1298 695 1429 751 sint.
1489 694 1547 750 S.
1581 694 1863 767 Remigius

286 784 490 853 quippe
522 783 811 840 Remensis
838 784 1131 855 episcopus
1164 793 1384 841 creatus
1415 797 1519 849 est,
1566 802 1689 841 cum
1725 788 1865 842 duo-

285 888 409 925 rum
446 888 611 942 supra
637 873 827 944 viglnti
860 888 1128 927 annorum
1177 883 1361 929 esset:
1396 883 1452 929 et
1514 874 1861 933 Eleuther-ius

287 965 513 1032 quidam
541 965 734 1035 viginti
793 980 1067 1020 annorum
1130 965 1455 1022 adolescens
1504 967 1574 1022 ab
1628 966 1860 1023 Aniceto

287 1070 425 1126 papa
447 1057 739 1127 episcopus
764 1056 972 1113 missus
1002 1065 1087 1113 est
1121 1057 1175 1111 in
1207 1057 1506 1128 Illyricum.
1542 1059 1696 1125 Quod
1736 1075 1861 1130 spe-

286 1156 399 1201 ctat
437 1157 622 1203 autem
651 1149 719 1203 ad
755 1156 985 1205 matrem
1018 1148 1426 1222 Chrysostomi,
1460 1166 1583 1221 qua:
1612 1167 1733 1207 sese
1764 1167 1859 1206 ve-

284 1239 454 1294 tulam
483 1248 537 1294 et
557 1241 718 1295 morti
744 1242 1047 1311 proximam
1074 1242 1310 1307 dicebat,
1340 1258 1467 1297 cum
1493 1242 1859 1313 quadraginta

286 1338 499 1399 septem
528 1338 738 1385 tantum
772 1346 1046 1386 annorum
1078 1343 1263 1388 esset:
1312 1335 1427 1388 ham
1472 1335 1619 1390 dicta
1666 1338 1859 1392 matris

284 1420 459 1475 lilium
506 1423 909 1493 compellantis,
958 1433 1013 1479 et
1072 1440 1140 1479 ne
1175 1440 1235 1479 se
1288 1426 1506 1481 deserat
1559 1426 1854 1494 hortantis,

281 1526 394 1567 non
422 1522 553 1569 sunt
579 1514 647 1568 ad
675 1515 911 1570 litteram
940 1515 1279 1586 accipienda.
1309 1515 1469 1584 Nam,
1497 1525 1558 1572 ut
1588 1518 1716 1573 alibi
1746 1533 1856 1574 non

282 1606 454 1658 semel
484 1606 818 1671 monuimus,
847 1607 894 1662 si
925 1621 991 1662 ex
1042 1607 1207 1663 dictis
1260 1607 1598 1678 huiusmodi,
1654 1609 1855 1679 quibus

281 1711 456 1763 senes,
493 1706 741 1751 extrema:
802 1700 1086 1752 senectutis
1139 1696 1422 1764 homines;
1457 1700 1539 1754 vel
1591 1699 1855 1764 vicissim,

273 1787 514 1857 juvenes,
560 1786 914 1843 adolescentes
936 1829 951 1852 ,
989 1790 1140 1859 pueri
1171 1800 1693 1856 commemorantur,
1746 1792 1860 1845 eal-

282 1880 470 1934 culum
504 1880 766 1949 temporis
808 1894 1158 1950 poneremus,
1196 1882 1401 1951 passim
1440 1881 1855 1953 chronologiam

282 1971 646 2043 pessumdare
671 1985 813 2042 opus
840 1980 1004 2028 esset.

360 2062 479 2119 Jam
511 2065 579 2121 de
606 2064 813 2120 Basilio
848 2063 1231 2136 Cbrysostomi
1260 2064 1461 2133 amico,
1506 2066 1630 2137 quis
1663 2081 1859 2138 nempe

282 2155 514 2225 eujusve
592 2156 832 2214 civitatis
905 2157 1202 2228 episcopus
1283 2158 1473 2225 fuerit,
1553 2162 1849 2232 agendum.

280 2245 580 2313 Socrates,
646 2262 809 2317 quem
881 2248 1040 2302 multi
1108 2249 1369 2320 deinceps
1432 2252 1605 2306 secuti
1680 2263 1851 2318 sunt,

282 2337 363 2390 ait
402 2349 522 2392 esse
578 2336 839 2393 Basilium
892 2336 1145 2409 Magnum
1178 2338 1314 2403 ;sed
1340 2350 1426 2395 est
1470 2341 1601 2394 illud
1634 2342 1847 2413 ἀπροσ-

278 2426 544 2491 διόνυσον,
591 2435 650 2481 ut
702 2442 867 2482 nemo
894 2443 1002 2482 non
1035 2428 1202 2483 videt.
1248 2428 1529 2499 Siquidem
1596 2430 1686 2484 ille
1740 2430 1857 2486 Ca:—

285 2517 550 2575 sariensis
583 2519 875 2588 episcopus
903 2519 1355 2590 Chrysostomum
1411 2528 1660 2575 nostrum
1700 2530 1859 2576 aetate

284 2609 446 2679 longe
475 2611 753 2679 praecedit,
782 2628 883 2667 nec
917 2610 1030 2666 ullo
1074 2613 1239 2668 modo
1271 2613 1581 2668 studiorum
1612 2613 1733 2682 ejus
1762 2628 1857 2669 so-

280 2702 424 2766 eius,
463 2717 564 2757 nec
600 2704 906 2758 Antiochiae
946 2700 1241 2759 ordinatus
1262 2721 1385 2761 esse
1442 2708 1661 2775 potuit:
1720 2706 1851 2776 quid

280 2795 441 2864 plura
465 2795 666 2862 dicam,
690 2798 910 2866 quando
938 2798 1115 2866 palam
1144 2807 1229 2853 est
1253 2798 1362 2853 labi
1386 2798 1664 2854 Socratem
1694 2800 1717 2853 ?
1744 2797 1858 2855 Nec

282 2884 501 2943 felicius
521 2886 777 2953 Photius,
805 2888 897 2957 qui
926 2896 1078 2958 putat
1099 2904 1222 2944 esse
1247 2889 1504 2945 Basilium
1539 2889 1858 2946 Seleucien-

282 2993 422 3042 sem,
446 2994 608 3048 quem
650 2994 796 3033 anno
823 2980 928 3033 372
952 2981 1042 3033 vix
1073 2990 1260 3035 natum
1297 2991 1576 3051 putamus,
1613 2983 1858 3053 quando-

280 3070 499 3140 quidem
558 3085 704 3124 anno
738 3070 836 3124 451
895 3073 1107 3142 synodo
1151 3073 1586 3128 Chalcedonensi
1634 3075 1854 3145 episeo-

282 3175 386 3229 pns
414 3160 685 3228 interfuit,
721 3170 777 3217 et
802 3177 949 3217 anno
983 3162 1091 3218 458
1121 3161 1441 3233 imperatori
1494 3163 1661 3220 Leoni
1712 3166 1855 3221 scri~

282 3251 412 3319 psit.
443 3249 561 3305 Non
593 3252 848 3307 audiendi
881 3253 1007 3307 item
1040 3255 1307 3318 videntur,
1348 3256 1439 3325 qui
1488 3265 1681 3325 putant
1741 3255 1855 3311 Ma-

283 3342 490 3396 ximum
530 3342 905 3414 Chrysostomi
939 3345 1175 3400 amicum
1231 3348 1483 3401 eumdem
1540 3363 1662 3403 esse
1692 3357 1858 3418 atque

287 3435 552 3491 Basilium
610 3438 663 3489 in
703 3435 789 3490 his
819 3436 897 3490 De
926 3436 1222 3491 sacerdotio
1255 3437 1411 3493 libris
1454 3447 1855 3493 memoratum:

283 3540 410 3583 nam
442 3543 707 3598 quorsum
748 3527 836 3582 illa
870 3529 1153 3584 nominum
1186 3540 1294 3583 tam
1329 3527 1676 3584 dissimilium
1706 3545 1858 3585 com-

283 3622 561 3677 mutatio?
587 3619 863 3680 Omnibus
894 3622 1060 3694 igitur
1088 3632 1341 3679 accurate
1367 3622 1651 3695 perpensis
1670 3662 1688 3691 ,
1716 3623 1859 3679 veri-

1391 209 1479 268 DE
1518 210 1974 273 SACERDOTIO.
2008 242 2082 261 —-
2107 210 2447 273 MONITUM.

3412 210 3540 269 623'

1970 329 2151 384 simile
2178 341 2310 400 puto
2338 330 2599 385 Basiliunt
2657 343 2781 385 eum
2834 341 2976 395 esse,
3002 325 3098 398 qui
3160 325 3368 398 synodo
3396 325 3541 381 Cou-

1971 420 2475 490 stantinopolitanae
2540 434 2686 474 anno
2739 419 2838 475 581
2892 418 3182 488 cpiscopus
3236 414 3543 486 Raphanea

1971 509 2305 572 subscribit,
2364 508 2635 579 siquidem
2687 516 2908 578 tempus
2959 507 3207 576 apprime
3263 506 3537 575 quadrat:

1975 597 2274 668 Raphanea
2306 600 2361 654 in
2425 599 2583 672 Syria
2616 614 2785 671 prope
2834 598 3180 653 Antiochiam
3230 595 3335 651 sita
3385 604 3538 650 erat:

1968 693 2291 748 commodus
2343 708 2476 748 sane
2526 694 2716 761 locus,
2772 700 2832 746 ut
2884 690 3114 746 Joannis
3166 686 3540 760 Chrysostomi

1968 781 2239 852 frequenti
2269 783 2578 854 colloquio,
2624 784 2737 839 imo
2769 782 2934 838 etiam
2980 781 3341 837 contubernio
3390 780 3541 834 frue-

1968 883 2118 929 retur
2151 874 2417 942 Basilius,
2457 876 2607 946 quod
2658 876 2713 930 in
2752 874 2860 930 line
2904 873 3105 944 dialogi
3144 887 3204 929 se
3248 878 3541 944 peroptare

1965 968 2119 1026 dicit.

2038 1063 2226 1119 Restat
2256 1072 2316 1117 ut
2346 1077 2521 1133 pauca
2556 1061 2803 1118 dicamus
2846 1060 2915 1117 de
2949 1069 3191 1131 tempore
3221 1074 3331 1131 quo
3374 1060 3540 1115 hosce

1969 1152 2350 1210 libros‘edidit
2382 1154 2851 1225 Chrysostomus:
2886 1167 3063 1223 neque
3086 1152 3230 1206 enim
3284 1150 3539 1206 audiendi

1967 1254 2098 1301 sunt
2130 1245 2169 1299 ii
2224 1245 2319 1315 qui
2355 1245 2546 1299 volunt
2594 1245 2785 1299 eodem
2832 1244 2950 1313 ipso
2994 1250 3257 1313 tempore,
3304 1258 3415 1313 quo
3451 1257 3539 1297 res

1965 1345 2189 1408 peracta
2223 1346 2327 1403 est,
2358 1337 2475 1392 haec
2504 1336 2796 1405 scripsisse
2826 1334 2886 1390 S.
2921 1335 3224 1390 doctorem.
3254 1333 3537 1404 Siquidem

1964 1429 2049 1485 vel
2079 1428 2194 1499 ipsa
2233 1425 2482 1483 ordiendi
2547 1428 2685 1481 ratio
2741 1426 2961 1496 aliquod
3020 1426 3266 1495 elapsum
3325 1434 3538 1494 tempus

1963 1520 2294 1586 subindicat,
2331 1528 2386 1573 et
2412 1518 2583 1573 series
2612 1525 2723 1572 tota
2746 1532 2860 1572 rem
2892 1517 3225 1582 meditatam,
3254 1525 3307 1571 et
3339 1516 3393 1570 in
3425 1515 3538 1570 otio

1963 1612 2283 1667 adornatam
2314 1623 2428 1679 prae
2463 1623 2523 1665 se
2553 1607 2680 1663 fert.
2715 1608 2805 1662 Ait
2838 1606 3094 1663 Socrates
3122 1607 3196 1661 lib
3224 1622 3298 1671 vr,
3327 1621 3447 1676 cap.
3477 1607 3534 1670 5,

1959 1705 2434 1777 Chrysostomum,
2481 1715 2604 1755 cum
2654 1700 2920 1755 diaconus
2960 1708 3142 1763 esset,
3193 1701 3293 1754 hos
3342 1699 3535 1753 condi-

1959 1798 2107 1853 disse
2140 1795 2331 1858 libros,
2364 1793 2571 1849 scilicet
2599 1793 2669 1846 ab
2704 1807 2849 1846 anno
2889 1791 2986 1845 381
3051 1791 3118 1845 ad
3152 1806 3351 1844 annum
3404 1788 3531 1857 386,

1959 1903 2071 1958 quo
2111 1885 2166 1939 in
2200 1882 2596 1954 presbyterium
2633 1880 2879 1934 adlectus
2920 1889 3021 1934 est.
3056 1876 3332 1933 Palladius
3378 1890 3531 1938 vero,

1960 1977 2261 2034 secundum
2333 1973 2832 2043 interpretationem
2918 1969 3171 2023 Latinam
3250 1967 3533 2021 Ambrosii

1959 2066 2419 2132 Camaldulensis,
2459 2065 2513 2119 iu
2564 2078 2786 2118 secessu
2817 2071 2871 2117 et
2893 2061 3187 2117 solitudine
3240 2059 3354 2113 haec
3380 2058 3529 2113 illum

1958 2161 2194 2217 edidisse
2257 2164 2466 2223 narrat,
2497 2155 2709 2211 scilicet
2738 2154 2807 2210 ab
2838 2168 2983 2208 anno
3046 2152 3263 2208 circiter
3297 2153 3394 2206 571
3458 2151 3527 2206 ad

1961 2253 2089 2315 581,
2124 2265 2235 2321 quo
2271 2264 2340 2305 ex
2387 2249 2604 2303 deserto
2643 2246 2697 2301 in
2752 2246 2941 2300 urbem
2997 2245 3176 2300 rediit.
3231 2241 3535 2299 Palladium

1961 2357 2099 2398 sane
2131 2341 2511 2395 incunctanter
2560 2352 2936 2406 sequeremur,
2973 2345 3160 2406 utpote
3204 2335 3534 2407 Chrysosto-

1961 2448 2055 2489 mo
2083 2431 2346 2502 aequalem
2381 2441 2437 2485 et
2465 2428 2685 2483 aliunde
2712 2428 2816 2483 lide
2840 2427 3165 2497 digniorem,
3190 2428 3235 2483 si
3263 2428 3317 2482 in
3342 2427 3533 2483 Graeco

1964 2532 2137 2589 textu,
2161 2538 2325 2593 quem
2353 2520 2524 2577 edidit
2551 2519 2833 2574 Emericus
2876 2518 3143 2589 Bigotius,
3175 2519 3364 2574 eadem
3416 2519 3533 2589 ipsa

1960 2614 2272 2686 legerentur
2299 2630 2313 2681 ;
2342 2613 2441 2668 sed
2468 2627 2593 2667 eum
2636 2610 2709 2665 ibi
2746 2626 2814 2666 ne
2841 2610 2947 2681 γρῦ
2976 2610 3191 2680 quidem
3222 2610 3326 2666 hac
3382 2615 3447 2665 de
3477 2628 3534 2665 re

1962 2712 2298 2775 compareat,
2329 2718 2359 2757 a
2387 2701 2598 2757 calculo
2626 2699 2850 2756 ferendo
2877 2700 3317 2771 supersedemus.
3346 2699 3534 2769 Neque

1959 2795 2108 2852 enim
2142 2794 2418 2848 Ambrosii
2470 2792 2911 2848 Camaldulensis
2964 2792 3251 2847 lectionem
3310 2793 3535 2847 omnino

1956 2886 2307 2959 rejicicndam
2338 2894 2634 2955 putamus:
2663 2883 2932 2955 siquidem
2968 2883 3057 2938 ille
3096 2900 3202 2938 non
3237 2884 3350 2939 haec
3381 2900 3533 2939 som-

1957 2978 2161 3034 niando
2211 2985 2554 3033 commentus
2599 2976 2844 3041 videtur,
2892 2976 2984 3030 sed
3020 2976 3108 3029 illa
3148 2976 3534 3045 interpretatus

1958 3085 2102 3138 esse,
2134 3085 2257 3139 qua:
2289 3067 2344 3122 in
2376 3067 2561 3137 aliquo
2603 3067 2899 3138 exemplari
2948 3067 3141 3122 Graeco
3192 3070 3529 3138 legebantur.

1960 3160 2033 3217 Ut
2059 3171 2119 3216 ut
2152 3178 2278 3217 vero
2301 3161 2394 3228 sit,
2427 3160 2564 3215 nihil
2594 3160 2661 3215 de
2694 3169 2934 3230 tempore
2982 3169 3309 3225 statuemus,
3362 3161 3534 3214 donec

1962 3254 2242 3325 quidpiam
2271 3254 2475 3309 certius
2510 3262 2769 3323 emergat.

2033 3342 2541 3416 interpretationem
2572 3344 2829 3399 Germani
2859 3343 3057 3409 Brixii,
3111 3343 3238 3399 licet
3294 3342 3530 3411 aliquam

1962 3434 2248 3508 elegantia:
2278 3438 2514 3506 speciem
2554 3451 2666 3505 prce
2693 3451 2752 3490 se
2781 3435 2976 3501 ferret,
3006 3442 3190 3504 utpote
3216 3450 3337 3504 qua:
3372 3448 3534 3503 para-

1960 3529 2186 3599 phrasin
2215 3538 2432 3599 saperet
2461 3543 2637 3598 neque
2670 3528 2742 3583 ita
2778 3537 3031 3582 accurate
3066 3526 3393 3581 concinnata
3443 3539 3531 3579 es—

1960 3630 2065 3688 set,
2096 3620 2411 3691 rejecimus,
2443 3632 2753 3691 novamque
2778 3619 3109 3691 paravimus.
