3890 6220
1540 240 1551 251 ρ
1812 248 1847 253 η..
2018 246 2023 253 .
2276 245 2283 251 ⁵
2556 252 2563 263 ι

1912 262 1939 263 7,
1974 262 2049 263 ,,,,

868 344 873 351 ι

1321 386 1715 468 SANCTI
1771 399 2196 478 PATRIS
2262 369 2676 483 Nos'rnt

814 558 1475 710 JOANN
1492 568 1661 715 IS
1758 569 3225 735 CHRYSOSTOMI

1025 806 1357 970 DE:
1479 812 3023 993 SACERDOTIO

1767 1094 2034 1197 tum
2082 1122 2269 1200 sex.

1790 1291 2210 1346 Μαι

1420 1324 2624 1532 ΠΒΕΞἾῩΕΙΜΠΒ.

831 1698 938 1735 ΠΕΟ
965 1699 1136 1737 INSUNT
1159 1701 1298 1739 LIBRO
1319 1704 1495 1741 PRIMO:

367 1788 400 1832 Ι.
440 1783 1401 1868 MiliusJomnibus.gh§$stomiamicis
1411 1790 1679 1866 antecellit.
1746 1857 1757 1868 ο

367 1852 418 1894 tt.
457 1847 716 1921 Concordia
763 1847 1330 1921 basiliietChrysostomi,
1357 1860 1409 1903 et
1429 1856 1695 1905 communis
1717 1857 1841 1906 circa
1873 1870 1959 1907 res

430 1919 605 1958 omnes
625 1908 911 1980 disquisitio.
936 1972 948 1983 ⁸
1086 1908 1102 1915 ⁷
1225 1975 1236 1986 .
1317 1908 1326 1913 ⁷
1517 1978 1526 1987 _
1630 1978 1641 1989 .

366 1972 439 2015 ltt.
495 1974 680 2018 Statera
725 1971 995 2033 inaequalis,
1039 1986 1147 2024 cum
1192 1981 1288 2025 vita
1327 1983 1588 2026 monasttca
1630 1978 1842 2028 incunda
1882 1992 1957 2028 es-

368 2035 1057 2162 lvspisroposttumcommunis
1077 2094 1381 2147 habitationis
1402 2098 1673 2162 utrimque.

365 2156 421 2198 ν.
453 2153 613 2199 Matris
628 2150 903 2202 blanditiae.

364 2216 438 2258 Vl.
472 2216 730 2282 Frausqua
756 2214 804 2260 in
826 2214 1126 2282 ordinatione
1149 2218 1763 2282 ususgestchrysostomus.

365 2277 456 2357 33:3.-
492 2271 1525 2357 Ξξεέἐῦὲενςιέξθξξρέῖξρεέςεξθεξξιξιιέιῖξ
1550 2355 1591 2357 η
1717 2345 1729 2357 .

362 2339 470 2381 \‘tu.
494 2332 813 2397 Cbrysostomi
834 2335 1058 2387 defensio
1079 2351 1189 2387 cum
1212 2332 1600 2415 reprehensione
1621 2345 1892 2415 conjuncta.

363 2397 413 2415 ,ν
476 2402 633 2415 μη.--
677 2407 734 2415 ,η
761 2401 1045 2415 .--ωυρμ
1090 2398 1152 2415 επ
1318 2410 1330 2415 -
1357 2401 1402 2415 .-

363 2397 438 2441 tx.
476 2402 738 2467 Magnae):
761 2401 1054 2459 tempestiva
1090 2397 1463 2452 fraude'utilitas
1486 2419 1498 2452 :
1520 2404 1676 2455 thesis
1709 2397 1774 2456 ὀι
1795 2406 1929 2456 locus

422 2466 704 2506 commeats.

438 2673 486 2725 Ι.
517 2671 743 2728 Basilius
767 2675 996 2730 omnibus
1021 2676 1365 2748 Chrysostomi
1383 2681 1557 2736 amicis
1582 2684 1851 2738 antecellit.
1873 2715 1945 2725 —-—

362 2757 487 2816 ἢῆὴί
533 2762 746 2832 quidem
776 2766 932 2821 amici
956 2768 1261 2836 complures
1307 2770 1484 2837 fuere,
1538 2772 1681 2842 iique
1704 2776 1939 2844 germani

357 2859 412 2904 et
438 2852 579 2919 veri,
610 2853 701 2923 qui
740 2856 987 2911 amicitia:
1030 2858 1176 2925 leges
1215 2870 1268 2915 et
1297 2863 1461 2931 probe
1502 2863 1858 2935 intelligerent
1885 2875 1942 2923 et

355 2938 634 3011 diligenter
647 2943 993 3002 observarent
1012 2965 1024 3000 :
1048 2947 1239 3004 horum
1258 2968 1387 3006 vero
1406 2955 1754 3023 complurium
1778 2972 1934 3024 unus,

352 3031 444 3099 qui
468 3041 693 3090 caeteros
716 3050 901 3094 omnes
941 3041 1173 3097 amicitia
1204 3044 1358 3113 longe
1386 3048 1699 3116 superabat,
1731 3057 1935 3106 tantum

352 3122 472 3179 illos
502 3135 644 3180 retro
670 3128 968 3199 relinquere
996 3133 1275 3201 studebat,
1304 3145 1558 3206 quantum
1590 3139 1667 3193 illi
1697 3140 1935 3212 reliquos

352 3214 693 3272 mediocriter
730 3233 853 3289 erga
900 3236 987 3276 me
1029 3222 1265 3280 allectos.
1307 3226 1356 3280 ls
1389 3243 1453 3281 ex
1495 3243 1677 3284 eorum
1709 3246 1934 3288 numero

348 3313 493 3372 erat,
533 3306 622 3376 qui
666 3308 817 3363 lateri
847 3325 967 3365 meo
997 3323 1257 3382 perpetuo
1286 3313 1589 3372 haererent:
1617 3321 1814 3375 etenim
1842 3321 1933 3376 iis-

348 3395 470 3450 dcm
507 3406 618 3451 tum
645 3398 936 3470 disciplinis
966 3411 1075 3456 tum
1106 3405 1375 3474 magistris
1402 3423 1617 3477 operam
1665 3410 1926 3469 dedimus.

349 3485 521 3541 Unum
552 3490 828 3561 utriusque
863 3500 979 3547 erat
1016 3494 1155 3550 circa
1184 3496 1364 3552 literas
1391 3500 1622 3555 studium
1643 3542 1659 3570 ,
1689 3519 1790 3559 una
1816 3507 1929 3560 sol-

348 3576 586 3640 licitudo.
616 3595 710 3647 par
736 3581 1057 3638 desiderium
1094 3586 1281 3642 iisdem
1309 3604 1374 3644 ex
1404 3592 1564 3647 rebus
1594 3604 1794 3651 natum.
1817 3596 1926 3653 Ne-

345 3684 448 3736 que
472 3670 612 3724 enim
642 3673 812 3727 solum
842 3690 962 3730 cum
990 3677 1056 3731 ad
1088 3680 1367 3750 magistros
1394 3686 1804 3758 ventitaremus,
1831 3693 1925 3747 sed

344 3757 502 3811 etiam
534 3774 652 3814 cum
680 3762 827 3818 illinc
858 3780 1103 3835 egressos
1138 3770 1419 3827 consilium
1459 3776 1595 3832 inire
1620 3790 1921 3850 oporteret,

342 3847 484 3917 qttod
505 3852 840 3918 praestantius
855 3854 975 3910 vita:
993 3872 1161 3927 genus
1181 3861 1333 3917 nobis
1354 3847 1738 3935 capessendum
1759 3847 1921 3940 esset,

344 3949 471 3999 tunc
493 3942 652 3997 etiam
681 3944 819 4001 idem
849 3961 1144 4008 consensus
1168 3956 1477 4024 apparebat.

410 4031 465 4085 2.
498 4031 781 4090 Concordia
820 4036 1003 4094 Basilii
1029 4051 1077 4095 et
1112 4041 1457 4115 Chrysoslomi
1476 4089 1494 4117 ,
1546 4060 1594 4105 et
1643 4057 1921 4112 communis

338 4122 474 4182 circa
499 4140 580 4178 res
605 4141 775 4181 omnes
800 4127 1101 4199 disquisitio.
1130 4163 1202 4174 —
1231 4135 1397 4192 Erant
1422 4146 1478 4193 ct
1500 4141 1604 4196 alia
1633 4157 1754 4213 qua:
1783 4145 1921 4203 hanc

337 4215 676 4271 concordiam
701 4218 906 4275 ﬁrmam
925 4222 1399 4299 inconcussamque
1419 4245 1711 4290 servarent.
1735 4237 1919 4309 Neque

337 4304 481 4360 enim
507 4306 576 4361 ob
609 4309 795 4378 patria:
824 4312 1224 4382 amplitudinem
1251 4320 1388 4375 alter
1409 4323 1663 4382 adversus
1690 4304 1915 4388 alterum

337 4409 399 4449 se
422 4393 614 4451 efferre
639 4407 882 4468 poterat:
914 4402 1043 4457 mihi
1074 4420 1179 4460 non
1211 4421 1340 4479 Opes
1365 4425 1587 4469 summa:
1615 4428 1787 4486 erant,
1817 4437 1918 4479 nec

337 4487 430 4545 ille
456 4497 693 4545 extrema
739 4492 1081 4559 premebatur
1105 4497 1278 4567 inopia
1311 4519 1325 4556 :
1367 4501 1475 4558 imo
1517 4514 1571 4560 et
1609 4506 1913 4568 facultatum

332 4576 550 4631 modum
599 4581 850 4649 propositi
894 4583 1093 4651 paritas
1138 4589 1528 4651 aemulabatur:
1568 4611 1663 4666 par
1703 4603 1915 4670 generis

332 4664 568 4720 conditio
591 4677 707 4723 erat
727 4709 743 4737 ,
771 4671 1056 4743 omniaque
1082 4675 1148 4730 ad
1172 4682 1487 4740 sententiam
1517 4664 1752 4743 nostram
1778 4705 1912 4747 con-

331 4757 636 4814 currebant.
822 4818 837 4836 .

401 4849 456 4906 5.
486 4850 690 4906 Stalera
716 4853 996 4926 inequalis,
1027 4872 1142 4913 (um
1168 4861 1270 4917 vita
1293 4869 1566 4922 monastica
1586 4870 1806 4926 ineunda
1833 4890 1910 4930 es-

328 4948 420 4993 aet.
448 4968 522 4981 -—
546 4941 679 4996 Cum
710 4955 887 5000 autem
919 4963 1216 5017 proximum
1244 4965 1385 5011 esset
1414 4967 1473 5013 ut
1495 4960 1680 5017 beatus
1708 4963 1798 5020 ille
1827 4967 1909 5023 vir

329 5032 709 5089 monachorum
748 5037 910 5093 vitam
949 5055 1237 5114 veramque
1282 5048 1669 5120 philosophiam
1698 5058 1904 5127 ample-

326 5130 584 5189 cteretur,
608 5123 718 5194 jam
744 5142 849 5182 non
878 5144 976 5198 par
999 5144 1115 5188 erat
1138 5144 1355 5203 statera,
1384 5141 1477 5196 sed
1505 5143 1621 5212 ejus
1646 5123 1902 5215 lanx,-ut-

329 5220 451 5279 pote
480 5212 664 5283 levior,
692 5217 932 5275 sublimis
968 5220 1270 5293 ferebatur;
1303 5243 1403 5299 ego
1425 5246 1556 5287 vero
1590 5236 1768 5291 mundi
1808 5253 1903 5294 cu-

326 5302 632 5372 piditatibus
665 5307 902 5366 irretitus
938 5312 1143 5370 lancem
1185 5332 1390 5381 meam.
1419 5320 1739 5390 juvenilibus
1762 5343 1898 5384 onu-

326 5403 460 5450 Itam
480 5397 905 5468 cogitationibus,
927 5403 1308 5474 deprimebam.
1324 5410 1420 5468 llic
1435 5412 1646 5470 demum
1666 5420 1896 5478 amicitia

324 5485 536 5552 quidem
558 5486 728 5556 ﬁrma,
762 5500 820 5546 ut
843 5502 987 5562 ante,
1014 5498 1280 5568 manebat,
1302 5502 1394 5557 sed
1420 5509 1746 5565 consuetudo
1769 5513 1895 5569 diri-

326 5575 605 5634 tuebatur:
632 5595 805 5652 neque
846 5585 988 5642 enim
1030 5602 1134 5645 una
1165 5594 1362 5651 versari
1399 5606 1644 5665 poterant
1668 5602 1758 5675 qui
1784 5618 1891 5664 non

2066 1692 2254 1746 iisdem
2282 1694 2470 1750 studiis
2496 1705 2822 1755 tenerentur.
2851 1703 3113 1763 Czetertun
3144 1710 3229 1765 ubi
3253 1720 3308 1768 et
3336 1713 3448 1785 ipse
3471 1730 3502 1773 a
3533 1717 3661 1775 vitae

2065 1774 2221 1851 hujus
2246 1781 2496 1841 ﬂuctibus
2520 1800 2679 1858 caput
2703 1794 2970 1860 paululum
2992 1800 3158 1867 erexi,
3183 1818 3269 1858 me
3290 1774 3377 1861 ille
3396 1808 3661 1866 ambabus

2061 1874 2416 1941 apprehendit
2460 1881 2706 1935 manibus
2739 1901 2752 1936 :
2798 1892 2853 1939 at
2894 1900 2963 1942 ne
3007 1889 3087 1945 sic
3126 1892 3339 1961 quidem
3380 1901 3657 1966 potuimus

2060 1963 2419 2031 aequalitatem
2473 1969 2752 2037 pristinam
2810 1975 3067 2035 retinere.
3126 1981 3336 2039 Etenim
3381 1963 3507 2044 cum
3561 1992 3656 2049 ille

2061 2068 2160 2107 nos
2198 2063 2437 2124 tempore
2462 2064 2863 2131 antevertisset,
2893 2068 3196 2143 ardensque
3237 2078 3469 2140 studium
3496 2083 3653 2138 exhi-

2058 2142 2297 2209 buisset,
2344 2163 2531 2203 rursus
2571 2152 2852 2210 sublimior
2881 2156 3171 2234 ferebatur,
3203 2166 3256 2222 in
3298 2170 3463 2227 altum
3489 2176 3654 2233 valde

2055 2233 2312 2289 sublatas.

2123 2338 2179 2393 4.
2220 2336 2549 2411 Propositum
2591 2352 2869 2407 communis
2905 2355 3226 2418 habitationis
3260 2368 3543 2439 utriusque.
3572 2403 3653 2417 —-

2051 2427 2301 2485 Attamen
2323 2432 2497 2489 bonus
2525 2452 2645 2492 cum
2672 2450 2816 2496 esset
2843 2445 3235 2521 amicitiamque
3259 2466 3494 2513 nostram
3524 2478 3647 2516 ma-

2049 2521 2138 2588 gni
2172 2522 2388 2591 faceret,
2420 2540 2449 2579 a
2476 2537 2792 2586 cazterorum
2820 2538 3057 2594 omnium
3083 2544 3431 2602 contubernio
3455 2564 3515 2607 se
3541 2554 3645 2608 ab-

2048 2609 2288 2680 ducens,
2337 2616 2611 2673 nobiscum
2651 2623 2797 2678 omni
2838 2633 3079 2698 tempore
3119 2635 3454 2708 versabatur,
3494 2647 3643 2713 quod

2047 2710 2205 2758 antea
2235 2707 2335 2775 ipsi
2356 2708 2409 2762 in
2439 2719 2564 2765 voto
2591 2721 2724 2780 erat,
2757 2716 2872 2780 sed,
2901 2728 2958 2774 ut
2982 2721 3112 2790 dixi,
3141 2739 3173 2780 a
3205 2707 3643 2798 segnitienostra

2045 2793 2346 2861 prohibitus
2372 2797 2567 2855 fuerat.
2596 2801 2782 2874 Neque
2806 2809 2949 2864 enim
2979 2822 3189 2882 poterat
3212 2793 3290 2886 is,
3307 2823 3397 2892 qui
3418 2824 3642 2893 judiciis

2045 2894 2099 2939 et
2131 2885 2247 2942 foro
2291 2888 2532 2946 bzerebat
2565 2904 2620 2949 et
2654 2911 2831 2954 sceme
2876 2885 3269 2966 oblectamenta
3304 2885 3636 2989 sectabatur,

2043 2989 2166 3030 cum
2188 2992 2254 3032 eo
2274 2992 2417 3050 saepe
2440 2985 2663 3054 versari,
2689 2990 2779 3058 qui
2800 2989 2951 3047 libris
2970 2993 3182 3054 deditus
3200 3000 3252 3055 in
3276 3002 3450 3060 forum
3475 2985 3638 3066 num;

2039 3079 2196 3134 quam
2219 3070 2525 3128 ventitaret.
2553 3075 2914 3141 Quamobrem
2937 3098 3055 3139 cum
3081 3099 3235 3146 antea
3262 3096 3506 3163 repulsus
3532 3117 3638 3157 nos

2037 3154 2105 3209 ad
2128 3159 2371 3215 eamdem
2402 3162 2521 3218 vita:
2547 3166 2855 3225 societatem
2882 3174 3192 3245 accepisset,
3220 3154 3361 3251 quod
3380 3189 3489 3254 jam
3518 3192 3636 3260 pri-

2035 3243 2156 3301 dem
2180 3246 2504 3308 desiderium
2532 3258 2873 3330 parturiebat,
2904 3243 3185 3324 confestim
3215 3243 3439 3345 peperit,
3465 3243 3538 3335 ac
3559 3297 3633 3339 ne

2034 3336 2308 3393 minimam
2335 3343 2549 3411 quidem
2571 3346 2673 3402 dici
2703 3362 2906 3418 partem
2932 3370 2960 3407 a
2991 3358 3146 3414 nobis
3171 3336 3360 3419 abesse
3382 3336 3627 3435 patieba-

2034 3432 2158 3482 tur:
2190 3429 2287 3484 sed
2312 3433 2524 3490 assidue
2548 3435 2876 3507 hortabatur,
2907 3452 2965 3498 ut
2986 3445 3146 3502 domo
3172 3429 3399 3523 uterque
3415 3472 3508 3513 sua
3541 3477 3632 3517 re-

2033 3515 2157 3572 licta
2190 3534 2474 3579 commune
2514 3526 2836 3586 domicilium
2882 3535 3274 3598 incoleremus:
3306 3561 3413 3616 quo
3450 3551 3627 3622 impc-

2031 3615 2168 3664 trato
2188 3612 2299 3680 jam
2329 3630 2415 3669 res
2441 3617 2495 3671 in
2527 3621 2768 3677 manibus
2793 3635 2928 3681 erat.

2099 3707 2154 3762 5.
2185 3707 2368 3766 Matris
2395 3714 2671 3773 blanditia.
2697 3751 2769 3761 —
2798 3722 2993 3781 Verum
3031 3731 3259 3789 assidua:
3283 3740 3469 3795 matris
3499 3741 3625 3799 ille-

2027 3795 2201 3852 cebra:
2229 3800 2564 3870 obstiterunt,
2596 3810 2881 3878 quominus
2924 3815 3060 3873 hanc
3086 3820 3160 3876 illi
3181 3827 3405 3892 gratiam

2026 3901 2177 3954 rem;
2212 3891 2318 3945 imo
2368 3910 2519 3965 vero,
2549 3902 2831 3969 quominus
2858 3906 2910 3961 id
2946 3908 3186 3968 beneficii
3217 3918 3285 3973 ab
3311 3934 3379 3975 eo
3400 3924 3621 3995 accipe-

2023 3992 2159 4034 rem.
2199 3982 2485 4042 Enimvero
2525 3991 2613 4046 ubi
2661 3995 2748 4050 illa
2801 3999 3017 4056 odorata
3055 4014 3136 4059 est
3176 4024 3262 4065 me
3307 4012 3361 4067 id
3402 3982 3619 4083 consilii

2023 4066 2180 4132 inire.
2210 4072 2394 4131 dextra
2421 4083 2813 4149 apprehensum
2844 4089 3135 4150 introduxit
3156 4113 3243 4155 me
3270 4101 3320 4156 in
3344 4106 3616 4172 peculiare

2022 4159 2123 4214 sibi
2152 4160 2474 4222 domicilium
2493 4210 2509 4235 ,
2545 4185 2609 4227 ac
2638 4190 2723 4230 me
2760 4193 2924 4249 prope
2952 4182 3146 4241 lectum
3167 4230 3184 4255 ,
3217 4191 3307 4245 ubi
3336 4210 3421 4249 me
3455 4200 3616 4256 enixa

2021 4247 2225 4316 fuerat,
2257 4255 2491 4314 assidere
2517 4260 2687 4330 jusso,
2721 4269 2933 4326 emissis
2956 4272 3307 4346 lacrymarum
3338 4283 3613 4359 fontibus,

2021 4336 2151 4408 ipsis
2177 4341 2431 4440 lacrymis
2454 4351 2838 4414 miserabiliora
2863 4363 3023 4419 verba
3049 4336 3383 4440 proferebat
3396 4336 3615 4440 in;

2018 4430 2351 4534 gemebunda
2374 4441 2736 4509 compellans:
2765 4446 2898 4519 Ego,
2928 4430 3130 4525 inquit,
3161 4460 3255 4529 ﬁli,
3287 4430 3493 4523 vietute‘

2020 4521 2116 4575 tris
2155 4522 2229 4576 tui
2267 4540 2372 4580 non
2418 4530 2587 4586 multo
2629 4542 2869 4607 tempore
2914 4521 3346 4616 ita'providente
3386 4521 3611 4619 numine

2016 4606 2121 4664 frui
2164 4615 2328 4680 potui.
2374 4616 2507 4674 Nam
2550 4606 2749 4693 partus
2778 4630 2854 4684 tui
2899 4633 3113 4695 dolores
3142 4644 3412 4715 excipiens
3458 4651 3610 4709 illius

2015 4698 2221 4813 obitus,
2253 4715 2303 4761 te
2330 4712 2583 4779 pupillum
2603 4756 2617 4780 ,
2649 4733 2734 4773 me
2764 4722 2973 4780 viduam
3007 4698 3606 4813 praematttrevreliq-u‘i‘t':

2014 4789 2209 4847 additis
2245 4797 2512 4856 viduitatis
2556 4804 2940 4881 incommodis,
2987 4789 3106 4887 qua:
3153 4829 3385 4895 expertis
3423 4789 3606 4891 solun;

2012 4881 2178 4948 probe
2203 4896 2327 4940 nota
2349 4898 2492 4944 sunt.
2516 4893 2703 4952 Nullus
2729 4903 2870 4956 enim
2911 4881 3090 4965 sermo
3121 4881 3263 4970 illam
3309 4928 3606 4991 tempcsla~

2011 4977 2119 5025 tem
2147 4988 2211 5029 ac
2240 4980 2523 5045 procellam
2553 4987 2852 5056 exprimere
2883 4999 3083 5066 possit,
3114 5018 3272 5072 quam
3298 4977 3473 5077 puella
3503 5030 3604 5070 su-

2009 5063 2116 5133 bit,
2145 5082 2267 5124 cum
2294 5087 2465 5143 nuper
2487 5092 2518 5132 e
2546 5077 2706 5136 domo
2727 5063 2896 5154 patris
2919 5093 3112 5149 emissa
3128 5137 3145 5162 ,
3175 5112 3239 5153 ac
3262 5063 3601 5172 negotiorum

2007 5159 2249 5231 imperita
2270 5207 2286 5233 ,
2315 5181 2535 5239 repente
2564 5175 2704 5232 luctu
2740 5180 3053 5242 intolerabili
3085 5159 3361 5263 perculsa:
3390 5202 3602 5259 sollici-

2006 5251 2247 5310 tudinem
2269 5267 2426 5315 aatate
2443 5277 2509 5319 ac
2528 5279 2658 5322 sexu
2676 5283 2775 5325 suo
2793 5274 3047 5343 majorem
3074 5283 3345 5356 suscipere
3363 5291 3597 5361 cogitur.

2006 5340 2143 5361 δὴ,
2184 5359 2194 5361 _
2246 5347 2258 5358 .
2412 5359 2419 5361 4

2002 5340 2146 5411 Opus
2172 5347 2314 5401 enim
2344 5359 2426 5405 est
2449 5367 2723 5414 servorum
2764 5361 3022 5432 ignaviam
3048 5340 3365 5445 emendare,
3396 5340 3595 5453 n2qui~

2002 5429 2128 5486 tiam
2154 5435 2461 5507 observare,
2491 5429 2836 5515 cognatorum
2875 5454 3092 5516 insidias
3115 5429 3595 5543 propulsare,1ptt-

2002 5519 2167 5543 an---
2454 5532 2466 5543 -
2555 5536 2566 5543 -
2742 5540 2752 5543 -

1999 5519 2330 5583 blicanorum
2360 5532 2629 5593 molestias
2659 5540 2789 5597 etin
2818 5519 3160 5619 vectigalibus
3183 5519 3456 5629 exigendis,
3483 5519 3593 5621 irm-

1999 5614 2307 5675 manitatem
2335 5620 2540 5683 fortiter
2558 5626 2718 5688 ferre.
2743 5633 2896 5703 Quod
2923 5614 2981 5696 si
2995 5641 3061 5712 is,
3084 5646 3172 5716 qui
3193 5614 3590 5727 mortemvobit,
