3860 6216
303 221 410 277 025

302 336 417 392 δίον
449 331 762 388 καταλιπὼν
791 327 944 404 [564]
973 337 1002 382 ο
1031 323 1266 388 τεθνεὼς
1318 322 1567 404 ἀπέλθῃ,
1605 319 1741 404 θῆλυ
1778 317 1878 404 μέν
1909 315 1971 369 δν

225 406 227 408 ’
307 412 508 482 πολλὴν
540 412 635 464 καὶ
666 397 812 464 οὕτω
837 397 1063 480 παρέξει
1089 408 1156 475 τῇ
1189 403 1365 482 μητρὶ,
1385 402 1485 482 τὴν
1515 397 1973 482 φλροντίδαᾉὸμῳς

304 492 365 547 δὲ
396 475 489 546 καί
511 489 883 560 ἀναλωμάτων
924 475 1026 539 ’καὶ
1055 484 1208 546 δέους
1237 475 1686 560 ἀπηλλαγμένηνο
1717 476 1823 560 ὁ-δέ
1848 475 1974 560 ⁸υἱός

311 570 522 642 μυρίων
547 553 716 639 αὐτὴν
739 566 918 636 φόϐων
952 563 1072 617 καθ’
1109 561 1346 642 ἑκάστην
1379 557 1682 642 ἐμπίπλησι
1712 555 1808 627 τὴν
1836 553 1973 642 ⁴ίιμέ-

311 634 434 721 ραν,
465 649 557 701 καὶ
582 634 840 699 πλειόνων
874 642 1190 714 φροντίδων.
1238 639 1352 721 Τὴν
1383 638 1491 721 γάρ
1517 636 1627 689 τῶν
1661 634 1975 721 ’χρημάτων

309 713 385 780 ἐῶ
417 727 680 796 δαπάνην,
719 725 852 793 ὅσην
885 713 1174 791 ὑπομένειν
1225 716 1628 796 ἀναγκάζεται,
1658 713 1977 796 ἐλευθερίως

309 805 471 858 αὐτὸν
500 790 694 874 θρέψαι
723 813 749 842 ι
779 790 1139 868 ἐπιθυμοῦσα.
1172 795 1311 849 Ἀλλ’
1337 797 1486 865 ὅμως
1505 793 1657 847 οὐδέν
1681 809 1750 863 με
1774 790 1976 874 τούτων

309 884 494 937 ἔπεισε
527 873 801 952 δευτέροις
843 878 1104 949 ὁμιλῆσαι
1135 877 1363 946 γάμοις,
1405 873 1528 928 οὐδὲ
1556 875 1749 952 ἕτερον
1770 873 1978 952 ἐπεισ-

309 965 537 1031 αγαγεῖν
564 949 794 1030 νυμφίον
823 962 891 1029 τῇ
916 956 1011 1009 τοῦ
1037 954 1246 1024 πατρὸς
1269 955 1416 1025 οἰκίᾳ
1432 953 1528 1006 τοῦ
1563 952 1677 1031 σοῦξ
1703 950 1816 1004 ἀλλ’
1849 949 1979 1031 έμε-

309 1029 400 1096 νον
426 1043 484 1093 ἐν
508 1043 576 1110 τῇ
618 1029 756 1111 ζάλῃ
785 1037 878 1090 καὶ
931 1035 1010 1106 τῷ
1037 1034 1272 1106 θορύϐῳ,
1312 1033 1407 1086 καὶ
1453 1031 1553 1103 τὴν
1603 1030 1827 1111 σιδηρᾶν
1845 1029 1978 1111 μτῆς

310 1106 669 1192 χηρείαςούκ
697 1106 896 1188 ἔφυγον
926 1115 1175 1185 κάμινον,
1203 1112 1419 1192 πρῶτον
1445 1112 1543 1182 μὲν
1572 1110 1675 1163 ὑπὸ
1711 1106 1980 1192 τῆςάνωῖ-

313 1185 406 1250 δελ)
440 1185 777 1269 βοηθουμένη
818 1185 1020 1264 νροπῆςσ
1079 1192 1241 1263 έφερε
1287 1191 1343 1243 δέ
1399 1207 1491 1261 μοι
1540 1185 1892 1269 παραμυθίαν
1919 1185 1979 1269 06

317 1264 655 1348 μικράντῶν
690 1264 876 1328 δεινῶν
923 1273 1148 1326 ἐκείνων
1188 1269 1282 1324 καὶ
1323 1269 1384 1322 τὸ
1410 1267 1664 1348 ,συνεχῶς
1696 1266 1794 1336 τὴν
1821 1264 1920 1348 σὴν
1952 1264 1980 1303 δ

312 1343 435 1426 όψιν
460 1357 613 1428 όρᾷν,
650 1355 744 1407 καὶ
793 1352 977 1406 εἰκόνα
1025 1368 1114 1421 μοι
1157 1347 1252 1402 τοῦ
1285 1346 1748 1428 τετελευτηκότος-
1774 1343 1981 1412 φυλάσ-

317 1423 506 1488 σεσθαὶ
538 1423 802 1504 ἔμψυχον,
832 1432 927 1485 καὶ
959 1431 1097 1502 πρὸς
1129 1429 1336 1482 ἐκεῖνον
1380 1423 1985 1504 ἀπηκριϐωμένην-κα-

313 1513 440 1577 λῶς.
471 1501 858 1567 Διάτοιίτοῦτο
889 1509 982 1562 καὶ
1008 1501 1100 1561 ἔτι
1140 1509 1331 1577 νήπιος
1358 1503 1453 1571 ῶν,
1510 1503 1605 1556 καὶ
1656 1502 1791 1574 μηδέ
1821 1501 1986 1571 φθέγ-

314 1592 508 1660 γεσθαί
539 1609 626 1643 πω
663 1586 870 1659 μαθὼν,
905 1587 992 1640 ὅτε
1023 1585 1258 1656 μάλιστα
1288 1583 1549 1653 τέρπουσι
1585 1581 1710 1644 τοὺς
1727 1580 1985 1642 τεκόντας

313 1673 365 1726 οί
399 1670 610 1732 παῖδες,
641 1667 841 1738 πολλήν
883 1684 972 1736 μοι
1016 1668 1275 1735 παρεῖχες
1328 1663 1430 1733 τὴν
1478 1661 1843 1732 παράκλησιν.
1877 1661 1986 1712 Kal

319 1751 425 1823 μὴν
447 1749 568 1803 ούδέ
593 1747 767 1801 ἐκεῖνό
799 1747 849 1815 γ’
878 1746 944 1800 ἂν
994 1745 1136 1815 ἔχοις
1165 1745 1340 1823 εἰπεῖν
1381 1742 1476 1794 καὶ
1515 1739 1862 1823 αἰτιάσασθαι
1901 1739 1983 1823 ότι

315 1818 416 1898 τὴν
447 1829 544 1898 μὲν
589 1825 815 1896 χηρείαν
869 1823 1133 1894 γενναίως
1171 1822 1504 1891 ἠνέγκαμεν,
1542 1818 1642 1890 τὴν
1691 1818 1748 1872 δέ
1795 1819 1984 1898 οὐσίαν

318 1897 402 1960 σοι
427 1897 525 1977 τὴν
587 1903 849 1974 πατρῴαν
902 1900 1293 1973 ἠλαττώσαμεν
1341 1899 1430 1953 διὰ
1470 1899 1568 1969 τὴν
1609 1898 1710 1965 τῆς
1761 1897 1988 1968 χηρείας

317 1985 586 2053 ἀνάγκην,
614 1984 751 2053 ὅπερ
781 1982 1008 2044 πολλοὺς
1053 1978 1161 2033 τῶν
1203 1977 1435 2050 ὀρφανίᾳ
1471 1988 1494 2016 ο
1535 1977 1988 2046 δυστυχησάντων

318 2060 436 2116 οἶδα
470 2061 740 2123 παθόντας
772 2059 902 2128 ἐγώ.
955 2058 1059 2111 Kal
1088 2057 1197 2128 7&9
1223 2058 1317 2110 καί
1345 2055 1546 2128 ταύτην
1572 2055 1828 2126 ἀκέραιον
1859 2056 1990 2124 ἐφύ-

319 2139 456 2204 λαξα
484 2141 684 2204 πᾶσαν,
739 2123 833 2190 καί
870 2137 978 2189 τῶν
1026 2123 1348 2205 ὀφειλόντων
1379 2123 1460 2198 είς
1504 2123 1607 2204 τὴν
1637 2123 1988 2205 εύδοκίμησιν

319 2218 694 2288 δαπανηθῆναι
719 2217 819 2284 τὴν
854 2215 951 2284 σὴν
979 2213 1222 2266 ἐνέλιπον
1245 2212 1416 2273 οὐδὲν,
1474 2212 1539 2264 ἐκ
1586 2210 1695 2263 τῶν
1745 2211 1992 2280 ἐμαυτῆς

321 2291 520 2352 καί-ὦν
546 2293 710 2368 ἦλθον
739 2294 947 2348 οἴκοθεν
972 2293 1169 2363 έχουσα
1214 2290 1511 2345 δαπανῶσα
1539 2289 1855 2361 χρημάτων.
1884 2292 1993 2343 Kal

327 2378 404 2447 μή
431 2393 513 2428 τοι
544 2375 772 2446 νομίσῃς
809 2371 1171 2435 όνειδίζουσάν
1211 2387 1277 2441 με
1309 2368 1493 2447 ταῦτα
1523 2369 1706 2437 λέγειν
1734 2368 1850 2422 νῦν·
1877 2369 1994 2422 ἀλλ’

323 2446 445 2510 ἀντὶ
467 2455 684 2508 πάντων
720 2469 779 2504 σε
805 2450 1008 2503 τούτων
1037 2450 1164 2519 μίαν
1191 2446 1328 2501 αἰτῶ
1358 2449 1538 2518 χάριν,
1575 2448 1647 2518 μή
1678 2464 1744 2519 με
1768 2447 1996 2520 δευτέρᾳ

325 2533 526 2604 χηρείᾳ
554 2529 888 2600 περιϐαλεῖν,
944 2527 1078 2598 μηδέ
1135 2527 1197 2580 τὸ
1248 2526 1510 2596 κοιμηθέν
1540 2526 1642 2595 ήδη
1676 2525 1872 2590 πένθος
1904 2528 1997 2581 ἀν.

328 2612 464 2682 άψαι
498 2611 680 2672 πάλιν,
733 2608 867 2662 ἀλλά
897 2607 1211 2678 περίμεινον
1233 2605 1332 2677 τὴν
1360 2605 1498 2675 ἐμὴν
1550 2605 1822 2676 τελευτήν·
1867 2605 1998 2670 ἴσως

331 2691 473 2763 μετὰ
501 2690 693 2761 μικρὸν
737 2686 1106 2757 ἀπελεύσομαι
1140 2687 1350 2757 χρόνον.
1403 2685 1544 2748 Τοὺς
1581 2685 1679 2756 μέν
1705 2685 1815 2756 γάρ
1843 2685 1999 2750 νέους

330 2769 484 2830 ἐλπὶς
516 2769 609 2822 καὶ
629 2769 709 2831 εἰς
738 2767 912 2836 γῆρας
961 2765 1112 2835 ἥξειν
1165 2765 1394 2836 μακρὸν,
1445 2766 1494 2817 οἱ
1539 2765 1593 2818 δέ
1623 2765 1999 2835 γεγηρακότες

330 2849 492 2918 ἡμεῖς
518 2846 671 2898 οὐδὲν
723 2845 909 2914 ἕτερον
947 2845 981 2912 ἢ
1013 2844 1104 2896 τὸν
1159 2843 1385 2896 θάνατον
1430 2843 1797 2915 ἀναμένομεν.
1830 2844 2001 2897 Ὅταν

332 2922 426 2979 οὖν
451 2942 517 2995 με
544 2926 610 2994 τῇ
643 2925 714 2993 γῇ
741 2921 1020 2992 παραδῷς,
1037 2921 1132 2974 καὶ
1161 2924 1272 2985 τοῖς
1293 2922 1500 2986 ὀστέοις
1524 2923 1619 2975 τοῦ
1648 2923 1852 2994 πατρὸς
1880 2925 2007 2977 ἁναο

338 3004 497 3075 μίξῃς
523 3002 616 3056 τοῦ
651 3001 766 3062 σοῦ,
818 2999 1034 3052 στέλλου
1084 2999 1302 3069 μακρὰς
1346 3001 1673 3072 ἀποδημίας,
1732 3002 1828 3056 καὶ
1871 3001 2002 3054 πλέε

335 3083 601 3136 θάλατταν
633 3080 699 3151 ἣν
743 3077 809 3133 ἂν
838 3077 1047 3148 ἐθέλῃς’
1100 3079 1218 3130 τότε
1253 3078 1280 3129 ό
1316 3077 1576 3132 κωλύσων
1605 3080 1802 3144 οὐδείς·
1829 3080 1934 3145 ἐως
1956 3079 2001 3133 δ’

337 3162 405 3216 ἂν
432 3159 760 3231 ἐμπνέωμεν
784 3156 834 3224 ἀ,
888 3157 1124 3225 ἀνάσχου
1153 3154 1252 3226 τὴν
1285 3155 1402 3226 μεθ’
1448 3157 1607 3227 ⁴ἡμῶν
1663 3159 1896 3228 οἴκησιν·
1927 3159 2002 3230 μὴ

335 3241 402 3312 δὴ
431 3238 813 3312 προσκρούσῃς
838 3235 917 3306 τῷ
943 3235 1061 3306 Θεῷ
1090 3235 1266 3306 μάτην
1295 3237 1390 3290 καὶ
1408 3235 1531 3307 εἰκῆ
1555 3237 1829 3301 τοσούτοις
1859 3240 2005 3309 ἡμᾶς

338 3320 682 3391 περιϐάλλων
718 3319 907 3378 κακοῖς
935 3315 1265 3384 ἠδικηκότας
1292 3316 1463 3370 οὐδέν.
1501 3317 1564 3369 El
1607 3317 1705 3387 μέν
1730 3318 1839 3388 7&9
1864 3318 2007 3387 ἔχεις

339 3399 593 3468 ἐγκαλεῖν
619 3398 702 3450 ὅτι
728 3413 786 3448 σε
831 3397 912 3456 εἰς
956 3394 1217 3463 βιωτικάς
1260 3395 1532 3465 περιέλκω
1573 3399 1879 3467 φροντίδας,
1914 3399 2008 3452 καὶ

339 3478 450 3532 τῶν
470 3475 812 3548 πραγμάτων
836 3471 1129 3540 ἀναγκάζω
1156 3473 1454 3541 προστῆναι
1475 3473 1582 3527 τῶν
1610 3475 1739 3537 σῶν,
1775 3475 1852 3546 μὴ
1882 3475 2009 3539 τοὺς

339 3557 442 3626 τῆς
473 3556 691 3624 φύσεως
731 3552 951 3622 νόμους,
991 3550 1066 3620 μὴ
1113 3551 1212 3621 τὴν
1265 3551 1593 3621 ἀνατροφὴν,
1627 3552 1702 3623 μὴ
1748 3553 1845 3624 τὴν
1883 3569 2010 3606 συν-

340 3636 550 3707 ήθειαν,
587 3633 720 3703 μηδέ
752 3630 879 3684 ἄλλο
904 3629 1068 3700 μηδὲν
1093 3628 1358 3700 αἰδεσθῇς,
1382 3629 1495 3682 ἀλλ’
1521 3630 1595 3693 ὡς
1635 3631 1954 3695 ἐπιϐούλους
1984 3644 2007 3672 ο

342 3713 512 3780 φεῦγε
545 3711 641 3765 καὶ
673 3708 985 3778 πολεμίους·
1015 3709 1066 3760 εἰ
1094 3709 1149 3760 δέ
1187 3708 1404 3762 ἅπαντα
1426 3712 1733 3780 πράττομεν
1757 3710 1895 3782 ὑπὲρ
1915 3711 2008 3764 τοῦ

341 3792 545 3861 πολλήν
573 3807 655 3843 σοι
685 3788 1100 3858 παρασκευάσαι
1154 3787 1348 3858 σχολὴν
1381 3789 1461 3851 είς
1491 3789 1591 3860 τὴν
1619 3787 1714 3842 τοῦ
1744 3789 1862 3859 βίου
1886 3790 2011 3844 τού-

342 3888 437 3924 του
460 3869 708 3941 πορείαν,
749 3867 798 3920 εἰ
832 3866 928 3920 καὶ
964 3865 1128 3938 μηδὲν
1153 3866 1362 3937 ἕτερον,
1392 3861 1545 3930 οὗτος
1569 3867 1700 3936 γοῦν
1734 3869 2011 3939 κατεχέτω

344 3966 406 4002 σε
435 3947 563 4020 παρ’
594 3949 727 4018 ἡμῖν
756 3948 785 3999 ό
810 3945 1027 4016 δεσμός.
1080 3943 1202 3998 Κάν
1253 3946 1360 4017 γὰρ
1397 3945 1621 4016 μυρίους
1649 3963 1706 4000 σε
1736 3945 1900 4018 λέγῃς
1925 3965 2013 4016 φι-

341 4027 476 4092 λεῖν,
511 4026 687 4088 ούδείς
726 4041 808 4078 σοι
865 4023 1093 4095 παρέξει
1135 4024 1403 4094 τοσαύτης
1457 4023 1761 4078 ἀπολαῦσαι
1799 4026 2012 4079 ἐλευθε·

343 4106 488 4178 ρίας,
529 4105 714 4174 ἐπειδὴ
741 4103 874 4173 μηδέ
906 4102 1020 4156 ἐστι
1045 4119 1130 4165 τις
1161 4102 1269 4172 ὅτῳ
1292 4103 1443 4173 μέλει
1465 4103 1563 4172 τῆς
1600 4103 1697 4174 σῆς
1724 4105 2014 4176 εὐδοκιμή-

346 4202 484 4248 σεως
506 4183 566 4247 ἐξ
595 4183 716 4252 ἴσης
742 4180 882 4250 ἐμοί.

423 4270 500 4326 ς’.
525 4261 710 4314 Ταῦτα
743 4259 841 4330 μὲν
880 4257 975 4312 καὶ
999 4256 1068 4310 τὰ
1095 4257 1300 4311 τούτων
1327 4257 1548 4311 πλείονα
1565 4257 1702 4328 πρὸς
1724 4259 1822 4328 ἐμὲ
1849 4259 1948 4331 μὲν
1975 4263 2009 4331 ἡ

349 4341 552 4411 μήτηρι
580 4339 692 4408 ἐγὼ
723 4339 780 4391 δέ
820 4336 956 4408 πρὸς
977 4335 1070 4389 τὸν
1106 4339 1348 4404 γενναῖον
1387 4335 1574 4404 ἔλεγον
1608 4337 1832 4392 ἐκεῖνον.
1875 4339 1934 4390 '0
1957 4340 2013 4391 δὲ

346 4419 409 4472 06
437 4421 594 4488 μόνον
618 4418 719 4471 οὐκ
745 4415 1074 4468 ἐδυσωπεῖτο
1101 4416 1213 4478 τοῖς
1259 4417 1465 4486 ῥήμασι
1499 4414 1730 4480 τούτοις,
1760 4415 1895 4470 ἀλλὰ
1921 4418 2014 4470 καὶ

347 4495 508 4551 πλέον
537 4497 795 4559 ἐνέκειτο,
837 4492 905 4545 τὰ
936 4491 1076 4544 αύτά
1125 4492 1372 4546 ἀπαιτῶν
1413 4491 1557 4564 άπερ
1595 4495 1689 4547 καὶ
1729 4495 2010 4567 πρότερον.

360 4577 449 4630 Ἐν
470 4575 643 4646 τούτῳ
665 4575 722 4628 δὲ
747 4571 903 4644 ἡμῶν
919 4569 1107 4632 ὄντων,
1134 4572 1227 4624 καὶ
1248 4569 1341 4624 τοῦ
1367 4571 1465 4640 μὲν
1498 4571 1733 4643 συνεχῶς
1754 4575 2017 4628 ἱκετεύον-

349 4669 443 4716 τος
468 4693 482 4715 ,
513 4653 646 4723 ἐμοῦ
661 4653 726 4705 ’δέ
763 4653 862 4705 ούκ
886 4651 1246 4715 ἐπινεύοντος,
1288 4649 1437 4722 [565]
1456 4649 1608 4719 ἄφνω
1630 4668 1714 4714 τις
1745 4652 2016 4708 ἐπιστᾶσα

352 4733 510 4804 φήμη
536 4730 847 4800 διετάραξεν
866 4729 1230 4800 ἀμφοτέρους
1263 4731 1296 4799 ἠ
1348 4728 1405 4782 δέ
1449 4731 1606 4800 φήμη
1634 4725 1704 4800 ἦν
1729 4731 1809 4794 είς
1837 4731 1896 4784 τὸ
1919 4732 2017 4802 τῆς

355 4809 661 4878 ἐπισκοπῆς
692 4808 711 4847 ί
744 4810 892 4878 ἡμᾶς
940 4809 1156 4879 ἀξίωμα
1199 4807 1413 4878 μέλλειν
1462 4807 1821 4878 προάγεσθαι.
1875 4809 2016 4876 Ἐγὼ

357 4889 456 4960 μὲν
479 4884 572 4941 οὖν
605 4888 722 4956 ἅμα
747 4886 825 4955 τῷ
868 4886 959 4939 τὸν
1003 4887 1159 4955 λόγον
1189 4887 1418 4941 ἀκοῦσαι
1465 4886 1651 4940 τοῦτον
1688 4887 1796 4940 δέει
1825 4907 1885 4942 τε
1924 4891 2019 4943 καί

352 4967 558 5039 ἀπορίᾳ
604 4964 949 5035 συνειχόμην*
997 4965 1106 5019 δέει
1157 4965 1275 5035 μὲν,
1331 4966 1539 5037 μήποτε
1567 4967 1662 5019 καὶ
1701 4966 1848 5021 ἀκων
1879 4967 2014 5032 ἀλῶ,

351 5045 555 5116 ἀπορίᾳ
586 5043 666 5108 δὲ,
701 5042 878 5115 ζητῶν
909 5043 1170 5108 πολλάκις
1201 5045 1362 5098 πόθεν
1387 5044 1590 5116 ἐπῆλθε
1618 5049 1727 5110 τοῖς
1763 5047 2018 5116 ἀνδράσιν

419 5187 445 5249 ξ·
470 5184 658 5249 suae:
677 5184 873 5249 quidam
896 5197 1010 5233 mss.
1040 5185 1313 5249 ἀναθρέψαι,
1350 5184 1525 5236 Morel.
1555 5191 1607 5234 et
1631 5183 1712 5234 alii
1737 5187 1919 5249 θρέψαι.

415 5245 444 5284 h
471 5247 616 5294 Savll.
643 5245 916 5306 et'quldam
936 5258 1048 5293 mss.
1075 5248 1140 5302 εἰς
1159 5245 1255 5304 ’τήν
1278 5249 1385 5305 σήν.

419 5309 443 5371 °_
466 5307 617 5371 Savil.
644 5312 698 5354 et
713 5306 910 5371 quidam
929 5319 1044 5355 mss.
1068 5309 1271 5371 τῷντήν
1291 5307 1531 5371 ὀρφανίαν,
1557 5308 1717 5356 minus
1739 5313 1893 5355 recte.

416 5364 445 5405 (ι
469 5368 637 5432 glorgl.
664 5373 718 5414 et
733 5364 930 5432 guldam
953 5380 1065 5432 mss.
1084 5364 1369 5432 νέμπνέομένζ

420 5439 446 5467 ο
467 5428 614 5490 Savil.
640 5434 694 5490 et
716 5429 812 5476 duo
841 5440 954 5490 mss.
984 5427 1130 5490 μηδὲν
1149 5427 1395 5488 αἰδεσθεὶς,
1423 5432 1486 5484 ὡς
1503 5427 1792 5484 ἐπιϐούλους.

423 5490 445 5529 ί
473 5489 623 5552 Savil.
646 5487 884 5552 ὶιιῑοιω,
909 5487 1081 5539 Moi'el.
1113 5498 1166 5540 el
1186 5487 1397 5541 maxims
1437 5503 1550 5552 pars
1590 5503 1706 5537 mss.
1734 5490 1789 5552 τό
1811 5495 1892 5547 τῆς
1912 5490 2020 5552 gya-

358 5555 563 5616 σκοπῆς,
583 5550 730 5597 Savil.
756 5548 808 5596 in
827 5562 978 5616 marg.
1004 5557 1057 5602 et
1076 5560 1288 5616 quatuor
1306 5565 1420 5602 mss.
1438 5548 1498 5599 τὸ
1519 5556 1603 5610 τῆς
1623 5550 1891 5614 ἱερωσύνης,
1911 5550 2021 5600 llo:

358 5610 508 5662 Sull.
520 5613 574 5659 et
592 5622 715 5660 unus
733 5609 1042 5673 παράγεσθαι.

1149 211 1210 270 S.
1248 205 1537 268 JOANNIS
1571 196 2059 262 CHRYSOSTOMI
2097 197 2418 259 ARCBIEP.
2459 201 3003 265 CONSTANTINOP.

3643 202 3758 264 σὶό

2079 314 2310 396 ἐκείνοις
2357 315 2727 390 ἐνθυμηθῆναί
2767 337 2824 373 τι
2875 320 3088 375 τοιοῦτο
3139 322 3270 394 περί
3316 321 3495 393 ήμῶν·
3527 324 3610 386 εἰς
3643 325 3760 396 γάρ

2078 394 2314 464 ἐμαυτὸν
2335 396 2554 466 ἀφορῶν
2587 397 2739 452 οὐδὲν
2760 400 3012 470 εὕρισκον
3043 400 3236 470 ἔχοντα
3264 400 3365 471 τῆς
3391 401 3564 471 τιμῆς
3597 394 3762 467 ἄξιον

2080 471 2314 543 ἐκείνης.
2349 474 2405 527 '0
2427 475 2483 528 δὲ
2521 480 2764 545 γενναῖος
2785 479 2970 533 οὑτοσὶ
3001 478 3308 552 προσελθών
3338 497 3426 551 μοι
3465 483 3588 534 κατ’
3616 481 3764 535 ἰδίαν

2081 551 2176 604 καὶ
2202 554 2600 624 κοινωσάμενος
2631 559 2761 628 περὶ
2808 557 3011 612 τούτων
3037 551 3113 622 ὡς
3162 560 3380 631 ἀνηκόῳ
3397 577 3459 628 γε
3488 560 3606 613 ϐντι
3657 561 3764 631 τῆς

2083 631 2155 701 φή
2165 647 2290 703 μης,
2321 632 2489 686 ἐδεῖτο
2512 636 2790 691 κάνταῦθα
2817 638 2910 690 καὶ
2938 637 3274 706 πράττοντας
3301 640 3394 692 καί
3425 638 3766 708 βουλευομέ-

2082 726 2206 789 νους
2229 710 2460 780 ὀφθῆναι
2485 712 2555 766 τά
2585 714 2744 779 αύτά,
2777 716 3030 787 καθάπερ
3059 717 3155 770 καὶ
3203 717 3486 789 πρότερον·
3522 717 3767 786 ἕψεσθαι

2083 788 2192 860 γάρ
2220 790 2383 844 αὐτὸν
2411 793 2644 863 έτοίμως
2676 796 2828 865 ἡμῖν,
2884 795 3006 849 καθ’
3055 788 3322 866 ὁποτέραν
3365 795 3431 850 ἂν
3486 794 3768 866 ἡγώμεθα

2084 868 2193 949 τῶν
2219 869 2374 934 ὁδῶν,
2405 872 2513 924 εῐτε
2539 875 2729 941 φυγεῖν
2767 876 2814 938 ε,
2870 875 2979 928 εἴτε
3013 873 3226 928 ἑλέσθαι
3257 873 3385 930 δέοι.
3419 874 3768 945 Αίσθὸμενος
3823 935 3835 949 ⁸

2083 947 2260 1010 τοίνυν
2283 949 2446 1002 αὑτοῦ
2474 950 2573 1020 τῆς
2597 951 2904 1022 προθυμίας
2921 952 3050 1020 ἐγὼ,
3072 955 3164 1006 καὶ
3188 953 3389 1024 ζημίαν
3405 954 3769 1023 ἡγησάμενος

2084 1027 2250 1079 οἴσειν
2278 1028 2440 1080 παντὶ
2465 1029 2543 1098 τῷ
2576 1029 2741 1100 κοινῷ
2787 1033 2886 1103 τῆς
2931 1032 3289 1103 Ἐκκλησίας,
3323 1034 3371 1086 εί
3411 1033 3532 1085 νέου
3581 1032 3770 1094 οὕτως

2084 1106 2291 1174 ἀγαθοῦ
2317 1108 2411 1161 καὶ
2439 1109 2575 1180 πρὸς
2602 1111 2701 1180 τὴν
2727 1110 2836 1164 τῶν
2867 1111 3077 1166 πολλῶν
3097 1114 3416 1167 ἐπιστασίαν
3442 1113 3767 1182 ἐπιτηδείου

2086 1187 2444 1258 ἀποστεροίην
2478 1187 2569 1242 τοῦ
2614 1191 2848 1261 Χριστοῦ
2876 1193 2973 1264 τὴν
3003 1193 3202 1262 ἀγέλην
3229 1193 3318 1247 διὰ
3347 1193 3445 1264 τὴν
3469 1192 3770 1245 ἀσθένειαν

2085 1267 2182 1336 τὴν
2205 1267 2464 1337 ἐμαυτοῦ,
2481 1269 2582 1321 οὐκ
2606 1269 2928 1340 ἀπεκάλυψα
2952 1269 3050 1342 τὴν
3085 1271 3328 1342 γνώμην,
3359 1272 3426 1342 ἢν
3451 1267 3599 1341 εῐχον
3629 1270 3770 1339 περὶ

2086 1347 2292 1400 τούτων
2325 1348 2538 1417 ἐκείνῳ·
2583 1349 2761 1402 καίτοι
2807 1367 2870 1418 γε
2921 1351 3189 1423 μηδέποτε
3220 1352 3482 1424 πρότερον
3520 1350 3768 1419 ἀνασχό-

2093 1443 2252 1498 μενος
2303 1426 2486 1480 λαθεῖν
2531 1445 2583 1481 τι
2633 1429 2742 1482 τῶν
2780 1429 3162 1501 βουλευμάτων
3207 1432 3370 1485 αὑτὸν
3417 1432 3524 1484 τῶν
3585 1429 3764 1498 ἐμῶν·

2091 1505 2206 1559 ἀλλ’
2239 1505 2409 1558 εἰπὼν
2452 1507 2564 1560 δεῖν
2615 1508 2714 1579 τὴν
2763 1510 2900 1582 ὑπὲρ
2933 1510 3139 1564 τούτων
3194 1511 3388 1582 βουλὴν
3442 1512 3523 1574 είς
3569 1511 3768 1581 ἕτερον

2091 1583 2486 1638 ἀναϐάλλεσθαι
2541 1587 2750 1656 καιρὸν,
2806 1590 2868 1641 ού
2915 1589 3025 1659 γὰρ
3072 1590 3168 1643 νῦν
3195 1590 3354 1643 τοῦτο
3387 1588 3766 1656 κατεπείγειν,

2093 1662 2287 1716 ἐπεισά
2328 1680 2388 1716 τε
2425 1663 2628 1728 εὐθέως
2661 1666 2825 1736 μηδὲν
2861 1667 3000 1738 ὑπὲρ
3045 1670 3250 1722 τούτων
3301 1668 3632 1740 φροντίζειν,
3670 1669 3769 1720 καὶ

2094 1743 2236 1812 ὑπὲρ
2257 1742 2496 1812 ἐμαυτοῦ
2527 1745 2798 1815 παρέσχον
2821 1745 3040 1817 θαρρεῖν
3066 1746 3142 1810 ὡς
3185 1748 3767 1818 ὀμογνωμονήσοντος,

2093 1819 2296 1873 εἴποτε
2328 1819 2566 1892 συμϐαίη
2613 1823 2639 1862 ιι
2671 1823 2909 1878 τοιοῦτόν
2945 1841 2997 1877 τι
3023 1825 3234 1879 παθεῖν,
3284 1826 3490 1895 Χρόνου
3527 1825 3589 1878 δέ
3624 1841 3772 1894 παρα

2095 1897 2340 1961 ελθόντος
2383 1899 2444 1952 06
2482 1900 2698 1965 πολλοῦ,
2737 1903 2832 1956 καὶ
2880 1901 2974 1956 τοῦ
3032 1903 3313 1974 μέλλοντος
3342 1906 3488 1974 ἡμᾶς
3520 1919 3774 1974 χειροτο-

2095 1977 2281 2046 νήσειν
2329 1977 2595 2042 ἐλθόντος,
2624 1981 2722 2034 καὶ
2773 1981 3150 2051 κρυπτομένου
3199 1999 3322 2052 μου,
3377 1982 3536 2044 αύτδς
3598 1982 3775 2052 μηδὲν

2096 2055 2299 2109 τούτων
2332 2056 2490 2119 εἰδὼς
2513 2057 2704 2125 ἄγεται
2734 2059 2831 2129 μὲν
2863 2059 2938 2123 ὡς
2982 2062 3066 2129 ἐφ’
3107 2060 3271 2132 ἐτέρᾳ
3296 2061 3588 2132 προφάσει,
3613 2060 3776 2130 δέχε-

2095 2153 2185 2188 ται
2226 2135 2282 2188 δέ
2309 2136 2400 2188 τὸν
2457 2136 2642 2204 ζυγὸν,
2673 2138 2908 2201 ἐλπίζων
2956 2138 3016 2202 ἐξ
3066 2131 3142 2192 ὧν
3188 2131 3565 2210 ὑπεσχημένος
3615 2139 3774 2207 ῆμην
3823 2147 3826 2152 ’

2098 2213 2270 2284 αύτῷ,
2297 2213 2394 2266 καί⁷
2425 2215 2571 2284 ἡμᾶς
2604 2216 2821 2280 πάντως
2875 2217 3121 2286 ἐψεσθαι,
3180 2218 3380 2288 μᾶλλον
3417 2219 3474 2272 δέ
3524 2218 3771 2288 νομίζων

2100 2293 2231 2362 ἡμῖν
2266 2292 2600 2345 ἀκολουθεῖν.
2649 2295 2760 2348 Καὶ
2811 2295 2921 2367 γάρ
2970 2313 3114 2361 τινες
3145 2297 3252 2350 τῶν
3297 2297 3415 2352 ἐκεῖ
3455 2297 3769 2368 παρόντων,

2100 2370 2437 2442 ἀσχάλλοντα
2483 2373 2619 2444 πρὸς
2686 2374 2787 2445 τὴν
2846 2375 3106 2447 σύλληψιν
3155 2376 3418 2447 ὁρῶντες,
3473 2377 3772 2446 ἠπάτησαν

2103 2448 2330 2518 βοῶντες
2351 2450 2428 2515 ὡς
2451 2450 2647 2505 ἄτοπον
2669 2451 2752 2522 εἴη
2775 2453 2864 2508 τὸν
2888 2453 2987 2525 μὲν
3009 2454 3342 2526 θρασύτερον
3359 2452 3494 2510 εἶναι
3507 2455 3771 2510 δοκοῦντα

2104 2529 2255 2600 παρὰ
2285 2531 2469 2595 πᾶσιν,
2501 2531 2600 2601 ἐμὲ
2624 2531 2895 2600 λέγοντες,
2941 2533 3079 2604 μετά
3111 2533 3311 2605 πολλῆς
3336 2535 3434 2604 τῆς
3467 2536 3771 2598 ἐπιεικείας

2105 2607 2246 2674 εἶξαι
2270 2611 2338 2680 τῇ
2373 2609 2480 2662 τῶν
2510 2610 2770 2682 Πατέρων
2793 2613 2991 2682 κρίσει,
3029 2613 3234 2666 ἐκεῖνον
3257 2613 3315 2665 δέ
3355 2615 3446 2668 τὸν
3489 2613 3628 2667 πολὺ
3659 2631 3772 2667 συν-

2107 2691 2371 2758 ετώτερον
2399 2689 2494 2741 καί
2527 2689 2930 2762 ἐπιεικέστερον
2958 2690 3320 2764 θρασύνεσθαι
3347 2693 3443 2746 καί
3475 2693 3771 2759 κενοδοξεῖν

2109 2768 2415 2840 σκιρτῶντα
2439 2768 2559 2840 ,καὶ
2597 2769 2962 2840 ἀποπηδῶντα
2989 2771 3083 2824 καὶ
3127 2771 3493 2840 ἀντιλέγοντα.
3549 2772 3772 2834 Τούτοις

2107 2837 2256 2902 εἴξας
2284 2839 2394 2902 τοῖς
2424 2838 2684 2908 ῥήμασιν,
2720 2837 2906 2909 ἐπειδὴ
2930 2841 3161 2910 ῆκουσεν
3187 2842 3268 2894 ὅτι
3295 2837 3569 2910 διέφυγον,
3599 2842 3774 2894 είσελο

2110 2916 2217 2970 θὼν
2242 2915 2378 2987 πρὸς
2416 2915 2484 2985 μὲ
2515 2916 2652 2986 μετά
2704 2917 2904 2988 πολλῆς
2945 2917 3047 2988 τῆς
3099 2920 3421 2990 κατηφείας,
3483 2920 3774 2984 καθέζεται

2110 2995 2339 3063 πλησίον
2379 3011 2506 3064 μου,
2541 2995 2636 3047 καὶ
2684 2995 2932 3049 ἐϐούλετο
2969 2999 3068 3068 μέν
3109 3015 3161 3051 τι
3212 3000 3304 3052 καὶ
3357 3000 3550 3062 εἰπεῖν,
3587 3000 3694 3052 ὑπὸ
3721 3001 3776 3054 δὲ

2110 3076 2210 3144 τῆς
2237 3073 2471 3144 ἀπορίας
2502 3075 2518 3114 i
2548 3075 2929 3144 κατεχόμενος,
2974 3077 3069 3132 καὶ
3099 3079 3244 3149 λόγῳ
3289 3078 3639 3148 παραστῆσαι
3675 3081 3774 3151 τὴν

2113 3153 2258 3224 βίαν,
2293 3154 2359 3222 ἢν
2380 3153 2691 3223 ὑπέμεινεν,
2735 3155 2834 3207 οὐκ
2866 3155 3023 3226 ἔχων,
3073 3157 3189 3227 ἅμα
3211 3155 3289 3226 τῷ
3316 3158 3478 3228 χᾶναι
3506 3159 3776 3213 ἐκωλύετο

2113 3232 2449 3302 φθέγγεσθαι
2474 3232 2580 3286 ὑπὸ
2600 3233 2703 3302 τῆς
2727 3235 2985 3304 ἀθυμίας.
3010 3237 3138 3307 πρὶν
3161 3237 3194 3307 ἢ
3222 3239 3347 3300 τοὺς
3377 3236 3593 3301 ὀδόντας
3617 3239 3780 3310 ὑπερ-

2114 3312 2297 3384 ϐῆναι,
2327 3311 2724 3383 διακοπτούσης
2749 3313 2839 3367 τὸν
2866 3314 3041 3383 λόγον.
3082 3315 3254 3387 Ὁρῶν
3280 3316 3456 3369 τοίνυν
3489 3316 3601 3384 ἐγὼ
3625 3320 3780 3387 περί-

2113 3392 2318 3464 δακρυν
2343 3391 2496 3456 ὄντα,
2531 3393 2624 3446 καὶ
2653 3393 2853 3463 πολλῆς
2895 3395 3324 3465 πεπληρωμένον
3365 3395 3464 3465 τῆς
3503 3397 3775 3466 ταραχῆς,

2115 3471 2211 3524 καὶ
2231 3471 2330 3542 τὴν
2357 3471 2538 3524 αἰτίαν
2566 3471 2740 3537 εἰδὼς,
2765 3471 2966 3539 ἐγέλων
2993 3489 3052 3525 τε
3077 3474 3182 3526 ὑπὸ
3205 3472 3404 3544 πολλῆς
3430 3475 3532 3544 τῆς
3561 3475 3776 3545 ἡδονῆς,

2117 3549 2210 3604 καὶ
2240 3549 2339 3619 τὴν
2393 3548 2570 3612 δεξιάν
2602 3550 2866 3620 κατέχων,
2915 3549 3213 3622 ἐϐιαζόμην
3259 3553 3574 3621 καταφιλεῖν
3612 3552 3659 3620 i,
3686 3556 3777 3608 καὶ

2119 3629 2208 3680 τὸν
2237 3627 2369 3679 Θεὸν
2403 3625 2653 3704 ἐδόξαζον
2682 3627 2765 3680 ὅτι
2800 3645 2890 3696 μοι
2916 3629 2984 3682 τὰ
3032 3630 3130 3698 τῆς
3181 3633 3428 3702 μηχανῆς
3471 3633 3621 3697 τέλος
3666 3631 3776 3704 εἶχε

2118 3705 2279 3760 καλὸν
2308 3707 2402 3759 καὶ
2433 3703 2544 3759 οἷον
2571 3707 2848 3784 ηὐχόμην
2893 3708 2998 3762 ἀεί.
3037 3711 3125 3773 Ὠς
3179 3711 3236 3764 δέ
3281 3707 3388 3765 εἶδε
3420 3713 3690 3784 περιχαρῆ
3718 3703 3777 3768 τε

2117 3785 2246 3864 ὄντα
2279 3785 2370 3837 καὶ
2394 3783 2638 3864 φαιδρὸν,
2687 3787 2794 3864 καὶ,
2826 3786 3090 3855 πρότερον
3116 3790 3464 3861 ἠπατημένος
3496 3783 3584 3861 ὑφ’
3623 3783 3778 3864 ἡμῶν

2117 3863 2330 3936 ⁴ᾔσθετο,
2357 3865 2450 3917 καὶ
2481 3863 2679 3932 μᾶλλον
2712 3863 2964 3919 ἐδάκνετο
2996 3868 3090 3920 καὶ
3121 3869 3484 3941 ἐδυσχέραινε.
3648 3863 3651 3864 ν
3691 3917 3699 3922 .

2191 3942 2256 4006 ζ’.
2297 3941 2442 4014 [566]
2480 3943 2588 3996 Καί
2627 3961 2756 3996 ποτε
2782 3945 2976 4016 μικρὸν
3008 3945 3102 3998 ἀπ’
3135 3946 3343 4002 ἐκείνου
3381 3952 3653 4015 καταστάς
3682 3951 3775 4005 τοῦ

2121 4019 2348 4101 θορύϐου
2365 4020 2462 4090 τῆς
2474 4021 2672 4101 ψυχῆς.
2698 4022 2836 4074 Ἀλλ’
2851 4021 2875 4059 ιι
2895 4024 2942 4075 εἰ
2959 4023 3051 4077 καὶ
3066 4023 3170 4095 τδή
3181 4026 3427 4098 μέτερον,
3449 4033 3599 4100 φησὶ,
3617 4033 3777 4101 μέρος

2119 4099 2428 4178 διέπτυσας,
2453 4099 2547 4178 καὶ
2575 4099 2731 4168 λόγον
2747 4101 2903 4172 ἡμῶν
2926 4101 3068 4171 ἔχεις
3089 4103 3274 4158 οὐδένα
3291 4106 3494 4167 λοιπὸν.
3513 4099 3588 4173 ὡς
3604 4099 3776 4178 ἔγωγε

2119 4179 2219 4231 οὐκ
2250 4173 2366 4230 οῖδα
2396 4177 2511 4258 ἀνθ’
2534 4179 2802 4258 ὅτου,τῆς
2826 4179 2956 4247 γοῦν
2991 4181 3310 4251 ὑπολήψεως
3339 4186 3448 4239 ἔδει
3471 4204 3530 4239 σε
3571 4173 3780 4258 φροντί-

2122 4276 2212 4312 σαι
2240 4259 2338 4328 τῆς
2368 4257 2498 4326 σῆς·
2539 4255 2632 4309 νῦν
2678 4257 2734 4310 δέ
2765 4259 2832 4312 τά
2867 4259 3086 4313 πάντων
3118 4261 3358 4332 ῆνέῳξας
3397 4255 3656 4336 στόματα,
3688 4266 3780 4318 καὶ

2119 4339 2276 4410 δόξης
2310 4355 2369 4390 σε
2399 4336 2610 4408 ἐρῶντα
2627 4340 2788 4408 κενῆς
2818 4339 2916 4410 τὴν
2935 4339 3274 4412 λειτουργίαν
3310 4344 3514 4416 ταύτην
3539 4346 3782 4416 παρῃτῆ-

2123 4418 2245 4472 σθαι
2282 4416 2532 4485 λέγουσιν
2557 4418 2793 4480 ἀπαντες
2813 4458 2827 4482 ,
2860 4421 2888 4470 ό
2911 4419 2968 4472 δὲ
2995 4419 3412 4492 ἐξαιρησόμενός
3430 4440 3490 4476 σε
3527 4423 3624 4493 τῆς
3651 4441 3782 4477 κατ-

2122 4496 2350 4568 ηγορίας
2405 4497 2608 4567 ταύτης
2639 4498 2739 4551 οὐκ
2784 4497 2951 4554 ἐστιν.
3017 4499 3254 4569 Ἑμοίδέ
3286 4501 3406 4554 οὐδὲ
3455 4505 3536 4566 είς
3578 4504 3779 4574 ἀγορὰν

2122 4576 2378 4645 ἐμϐαλεῖν
2411 4576 2633 4630 ἀνεκτόν
2651 4593 2664 4607 ·
2690 4578 2931 4630 τοσοῦτοι
2953 4578 3002 4631 οί
3034 4581 3347 4649 προσιόντες
3369 4583 3522 4651 ἡμῖν,
3554 4585 3646 4636 καὶ
3661 4585 3778 4638 καθ’

2123 4656 2359 4726 ἑκάστην
2385 4655 2741 4724 ἐγκαλοῦντες
2775 4658 2874 4727 τὴν
2911 4659 3145 4730 ἡμέραν.
3179 4660 3344 4714 Ὅταν
3371 4662 3478 4732 γάρ
3508 4662 3656 4716 ἴδωσι
3681 4681 3782 4733 φα-

2190 4821 2214 4860 8
2243 4819 2347 4885 ᾼΙὶἰ-
2364 4820 2543 4885 φυγεῖν,
2579 4821 2664 4885 alij
2692 4821 2889 4882 φεύγειν,
2917 4821 3040 4885 lnﬁ'a
3065 4837 3161 4872 non
3207 4825 3343 4885 pauci
3368 4839 3481 4874 mss.
3509 4828 3548 4874 εἰ
3575 4829 3674 4875 νέον
3699 4830 3782 4877 06-

2125 4897 2217 4937 τως
2237 4881 2466 4946 ἀγαθὸν...
2493 4881 2773 4946 ἐπιτήδειον,
2792 4881 2906 4946 gnua
2925 4883 3075 4946 lectio
3097 4881 3324 4946 corrhpla
3344 4893 3438 4934 est.
3461 4885 3583 4936 Ibid.
3611 4888 3778 4938 Morel.

2127 4950 2182 4990 et
2202 4943 2405 4990 maxima
2444 4955 2552 5002 pars
2592 4955 2706 4990 mss.
2733 4943 2995 5003 ἐπίστασιν,
3040 4945 3190 4994 Savil.
3222 4943 3274 4995 el
3297 4952 3400 4996 tres
3435 4961 3550 4997 mss.
3591 4950 3780 4999 ἐπιστα-

2128 5003 2250 5064 σίαν,
2273 5015 2383 5064 quae
2409 5005 2559 5064 lecliior
2577 5009 2810 5064 prmslare
2834 5005 3028 5052 videtur
3053 5006 3147 5055 hoc
3169 5008 3292 5056 loco.

2187 5063 2474 5132 ἰιΣυμϐαίνῃ
2521 5063 2714 5132 Ποτειη
2755 5065 2961 5132 συμϐαίη
2996 5066 3145 5132 Savi].
3172 5067 3506 5132 ‘Manuscrjpli
3537 5082 3652 5132 vero
3674 5085 3783 5132 pars

2125 5122 2359 5186 priorem,
2406 5122 2517 5185 pa'rs
2561 5126 2762 5187 alteram
2797 5122 3066 5174 lectionem
3108 5128 3310 5178 habent.
3344 5122 3472 5178 lnl‘fa
3502 5131 3639 5187 αὐτός
3666 5122 3781 5182 inte

2129 5184 2272 5256 μηδέν
2294 5184 2438 5256 deas:
2459 5187 2504 5232 in
2518 5184 2804 5256 quiyusgam
2824 5199 2963 5256 mss,
2983 5189 3200 5256 et_p‘aulo
3216 5197 3326 5256 post
3352 5189 3522 5240 Morel.
3551 5184 3644 5240 ἐκεῖ
3659 5196 3782 5256 ἡμᾶς

2125 5245 2435 5310 πάντωςκξιὶἱ
2461 5245 2746 5310 ρυῐίιψὲδγίι.
2771 5245 3198 5310 melius’xal‘ﬁaa;
3219 5245 3421 5307 πάντως.

2195 5307 2209 5375 ξ
2237 5309 2320 5375 Si_c
2342 5307 2534 5375 ldorel.,
2556 5307 2706 5375 Salii].
2733 5313 2783 5375 e_l
2804 5310 2992 5375 aliquot
3023 5307 3144 5375 mss.
3163 5312 3256 5375 Alli
3287 5318 3511 5375 vel-0:73;
3552 5313 3776 5375 ἐπηρείας.

2130 5367 2256 5434 lnfra
2274 5369 2366 5434 ὑπό
2389 5375 2503 5434 anu;
2525 5375 2609 5426 τῆς
2631 5367 3005 5434 ἀθυμίας-ἀέξει
3042 5373 3088 5417 in
3115 5370 3266 5420 Savil.
3291 5379 3344 5422 et
3376 5367 3570 5434 M0fel.,
3590 5367 3675 5423 sé'd
3698 5367 3781 5426 hai-

2128 5429 2580 5493 beluginpaxima
2605 5429 3044 5490 manuscriplorum
3071 5439 3230 5493 parte.

2194 5491 2208 5557 ξ
2247 5490 2332 5557 §ic
2354 5488 2504 5537 Savil.
2533 5495 2585 5538 et
2605 5488 3150 5557 quatuor_mss.__Alii:eg
3182 5493 3347 5544 Morel.
3379 5493 3543 5557 φιλεῖν.

2193 5550 2354 5621 thuo
2371 5562 2485 5598 mss.
2507 5557 2590 5621 τῇς
2612 5555 2790 5621 ψυχῆςι
2811 5551 3198 5621 ἔφη’-ἀλλ’πῐιιΐιςπ
3220 5550 3781 5621 ᾳιιίςίιιιὴ-ῐηεςῆνέῳεας,

2102 5620 2104 5622 '
2128 5613 2310 5662 melius
2329 5624 2473 5673 quam
2497 5612 2611 5661 edd.
2627 5611 2792 5664 ‘el‘alii
2815 5611 2956 5664 obdd.
2982 5618 3067 5676 qui
3096 5611 3279 5666 habent
3297 5619 3515 5674 ἀνέωξας.
