3890 6220
189 256 295 313 625

189 375 393 445 pwlem
416 372 713 444 relinquat;
739 373 784 429 si
805 372 1115 441 sitfemina,
1144 387 1387 446 magnam
1413 375 1595 445 utique
1619 372 1775 428 matri

187 481 371 521 curam
398 465 635 533 exhibet,
666 465 760 522 sed
792 474 969 521 tamen
999 465 1294 536 sumptibus
1322 474 1377 521 et
1404 476 1548 521 metu
1578 480 1775 521 vacan-

189 568 299 613 tem
324 576 337 610 :
369 565 423 611 at
451 558 588 612 ﬁlius
607 558 873 613 sexcentis
895 558 1129 628 quotidie
1152 557 1431 614 timoribus
1448 557 1617 626 replet
1638 557 1776 613 mul-

189 652 362 721 tisque
403 650 876 714 sollicitudinibus;
923 650 1075 705 mitto
1112 650 1253 705 enim
1292 652 1633 720 pecuniarum
1675 665 1773 706 ex-

187 755 427 810 pensam,
453 756 608 809 quam
637 741 851 794 multam
880 740 1055 795 facere
1075 741 1280 811 cogitur
1304 750 1491 808 mater,
1514 741 1557 796 si
1579 740 1775 796 libera-

186 834 308 889 liter
338 835 483 888 illum
510 832 737 888 educare
773 832 970 902 cupiat.
1014 832 1097 888 Me
1138 843 1312 887 tamen
1356 832 1543 887 horum
1572 832 1771 887 nullum

186 924 252 978 ad
277 924 472 979 alteras
508 924 717 993 nuptias
746 924 827 978 vel
857 924 924 977 ad
962 924 1189 980 alterum
1229 925 1281 979 in
1328 925 1489 993 patris
1519 924 1593 978 tui
1630 924 1772 981 aedes

187 1014 543 1069 inducendum
584 1028 836 1083 sponsum
880 1015 1173 1083 permovit;
1218 1013 1312 1067 sed
1353 1014 1404 1067 in
1450 1014 1679 1083 procella
1718 1024 1772 1069 et

187 1109 393 1164 turbine
436 1108 634 1173 mansi,
678 1108 1014 1176 ferreamque
1051 1107 1323 1162 viduitatis
1352 1106 1619 1162 fornacem
1663 1122 1769 1161 non

185 1199 365 1263 evasi,
412 1199 582 1268 primo
609 1198 823 1265 quidem
853 1213 1085 1267 superno
1125 1198 1250 1251 fulta
1285 1197 1550 1263 subsidio,
1577 1197 1771 1253 deinde

186 1308 291 1347 non
324 1292 533 1347 modico
576 1292 702 1345 mihi
734 1291 785 1345 in
816 1290 1201 1345 calamitatibus
1233 1289 1423 1344 solatio
1447 1297 1590 1353 erat,
1627 1289 1768 1358 quod

187 1386 387 1437 vultum
414 1382 714 1453 frequenter
740 1392 884 1435 tuum
911 1382 1225 1449 aspicerem,
1251 1394 1313 1433 ac
1334 1380 1503 1433 vivam
1532 1378 1769 1434 defuncti

186 1475 470 1545 imaginem
492 1487 781 1533 servarem,
800 1486 919 1540 quae
937 1470 1085 1525 illum
1106 1477 1350 1524 accurate
1369 1468 1613 1524 referret.
1636 1468 1769 1535 Qua-

185 1573 404 1634 propter
431 1578 549 1617 cum
580 1562 751 1616 adhuc
787 1560 960 1615 infans
984 1574 1163 1626 esses,
1194 1559 1421 1614 necdum
1447 1559 1588 1628 loqui
1618 1558 1767 1612 vale-

184 1672 305 1721 res,
347 1671 468 1709 cum
511 1655 742 1709 maxime
776 1652 925 1723 pueri
974 1661 1221 1722 parentes
1256 1651 1523 1706 oblectare
1558 1650 1764 1718 solent,

184 1764 391 1818 magna:
414 1736 546 1801 mihi
572 1747 921 1801 consolationi
944 1744 1107 1799 fuisti.
1129 1743 1309 1814 Neque
1332 1742 1459 1797 illud
1486 1742 1615 1797 mihi
1641 1742 1767 1797 vitio

182 1848 393 1895 vertere
420 1837 611 1909 possis,
643 1836 784 1907 quod
812 1837 932 1890 licet
960 1834 1270 1889 viduitatem
1296 1832 1504 1888 fortiter
1530 1833 1761 1896 tulerim,

182 1940 436 2000 paternas
477 1937 653 1982 tamen
695 1927 764 1982 ob
799 1926 1067 1981 viduitatis
1105 1922 1496 1979 incommodmn
1530 1922 1620 1977 tibi
1661 1923 1762 1976 mi-

183 2022 391 2077 nueritu
422 2020 725 2084 facultates,
756 2017 897 2088 quod
928 2017 1107 2071 multis
1145 2015 1197 2069 in
1233 2014 1459 2068 orbitate
1486 2011 1766 2067 infeliciter

182 2111 443 2167 accidisse
470 2109 630 2164 novi:
664 2123 783 2161 nam
820 2107 937 2161 illas
974 2104 1067 2160 tibi
1107 2106 1338 2173 integras
1367 2102 1600 2164 servavi,
1643 2102 1766 2156 licet

184 2202 318 2256 nihil
343 2216 525 2256 eorum
554 2209 855 2268 sumptuum
886 2194 1335 2267 pnrtermiserim,
1361 2194 1449 2263 qui
1476 2192 1542 2247 ad
1570 2191 1763 2246 libera-

180 2292 290 2349 lem
319 2291 699 2347 institutionem
728 2298 869 2343 tuam
894 2284 1178 2341 necessarii
1203 2292 1355 2339 erant
1380 2301 1393 2336 :
1426 2282 1581 2351 idque
1600 2296 1666 2334 ex
1690 2280 1763 2334 fa-

179 2383 468 2439 cultatibus
491 2381 625 2436 meis
650 2394 822 2449 exque
848 2376 1116 2447 pecuniis,
1143 2388 1275 2445 quas
1302 2388 1333 2427 e
1358 2372 1518 2427 domo
1546 2378 1761 2441 paterna

179 2477 486 2531 attuleram.
516 2472 593 2528 Ne
622 2486 748 2526 vero
777 2478 928 2540 putes
965 2483 1053 2522 me
1078 2466 1169 2521 tibi
1208 2463 1613 2534 exprobrantem
1648 2460 1762 2514 haec

178 2566 400 2621 dicere:
431 2563 525 2618 sed
564 2576 659 2632 pro
686 2560 769 2615 his
792 2558 1039 2614 omnibus
1076 2570 1232 2610 unam
1262 2552 1470 2625 postulo
1504 2550 1722 2621 gratiam
1741 2587 1759 2614 ,

178 2671 253 2710 ne
294 2670 380 2710 me
423 2654 584 2707 altera
628 2650 882 2705 viduitate
927 2647 1196 2712 involvas,
1243 2659 1345 2697 neu
1384 2642 1613 2711 sopitum
1650 2640 1761 2710 jam

176 2748 382 2802 luctum
443 2744 621 2797 denuo
674 2740 910 2803 excites,
966 2751 1155 2791 verum
1205 2742 1431 2788 mortem
1486 2739 1762 2801 exspectes

174 2853 356 2893 meam
390 2854 403 2889 :
442 2835 568 2889 hinc
608 2833 831 2887 fortasse
874 2828 1021 2885 brevi
1059 2824 1429 2897 emigrandum
1467 2822 1599 2877 mihi
1637 2821 1757 2877 erit.

174 2930 312 2985 Nam
339 2930 559 2998 juvenes
587 2924 799 2995 quidem
825 2922 891 2977 ad
927 2929 1230 2991 provectam
1258 2916 1472 2988 perduci
1511 2922 1760 2969 senectu-

173 3030 291 3078 tem
327 3035 542 3090 sperare
575 3024 826 3089 possunt;
861 3029 960 3068 nos
983 3021 1190 3077 autem,
1220 3010 1308 3079 qui
1349 3006 1758 3071 consenuimus,

173 3113 314 3169 nihil
344 3111 484 3165 aliud
522 3124 680 3180 quam
720 3114 946 3161 mortem
980 3102 1366 3172 praestolamur.
1408 3098 1542 3153 Cum
1582 3098 1761 3167 itaque

171 3223 268 3261 me
298 3216 453 3260 terrae
489 3201 801 3268 tradideris,
831 3198 1102 3271 patrisque
1137 3195 1347 3251 ossibus
1383 3191 1758 3257 admiscueris,

171 3300 364 3367 longas
391 3296 643 3365 suscipito
671 3291 1120 3364 peregrinationes
1138 3330 1153 3355 ,
1182 3296 1236 3342 et
1262 3285 1635 3356 quodcumque
1660 3297 1757 3336 vo-

170 3391 344 3446 iueris
369 3388 584 3458 pelagus
613 3385 880 3455 trajicito:
913 3395 1069 3437 nemo
1095 3390 1220 3435 tunc
1248 3376 1612 3448 prohibiturus
1636 3380 1718 3428 est
1742 3390 1755 3427 :

170 3492 431 3539 caeterum
465 3480 637 3535 donec
660 3477 985 3546 respiramus
1005 3515 1020 3539 ,
1055 3470 1459 3528 contubernium
1486 3480 1662 3521 meum
1692 3480 1759 3523 nc

170 3587 419 3642 respuas,
449 3586 548 3624 neu
571 3570 622 3623 in
644 3567 738 3623 Dei
757 3566 1105 3621 offensionem
1128 3572 1329 3617 temere
1350 3561 1608 3624 incurras,
1632 3557 1758 3611 dum

172 3682 277 3721 nos
324 3664 451 3718 nihil
498 3671 673 3717 tamen
716 3661 873 3713 laesus
911 3673 941 3710 a
986 3655 1138 3710 nobis
1185 3662 1264 3707 tot
1306 3651 1457 3706 malis
1499 3649 1757 3704 involves.

174 3756 391 3811 Etenim
416 3755 459 3807 si
486 3750 739 3821 conqueri
768 3757 919 3819 potes
937 3789 953 3813 ,
993 3745 1134 3816 quod
1164 3752 1215 3799 te
1242 3743 1309 3798 ad
1341 3741 1635 3796 mundanas
1662 3754 1758 3793 cu-

173 3863 265 3902 ras
290 3843 613 3916 pertraham,
640 3856 702 3895 ac
719 3838 945 3907 negotiis
974 3835 1278 3906 prospicere
1309 3834 1413 3887 tuis
1440 3845 1625 3901 cogam
1646 3870 1661 3893 ,
1691 3844 1759 3883 ne

175 3938 327 4004 leges
366 3944 601 3997 naturae,
634 3945 702 3984 ne
737 3927 1133 3989 educationem,
1175 3938 1242 3977 ne
1283 3918 1757 3982 consuetudinem,

176 4041 285 4081 neu
324 4022 463 4078 aliud
488 4020 753 4092 quidpiam
780 4015 1105 4080 reverearis,
1134 4012 1227 4066 sed
1256 4025 1352 4065 nos
1381 4018 1646 4076 tamquam
1674 4006 1757 4059 in-

176 4118 461 4173 sidiatores
484 4124 536 4168 et
557 4113 797 4167 inimicos
817 4110 967 4179 fuge;
993 4107 1076 4160 sin
1097 4120 1224 4160 vero
1246 4102 1374 4157 nihil
1402 4115 1505 4155 non
1531 4099 1755 4168 agimus,

175 4219 239 4263 ut
266 4207 356 4261 tibi
387 4206 550 4259 otium
583 4215 827 4272 paremus
855 4198 920 4254 ad
951 4198 1109 4251 vitam
1141 4191 1550 4254 instituendam,
1582 4189 1627 4243 si
1662 4189 1761 4240 mi-

178 4313 281 4353 nus
307 4295 448 4350 aliud
475 4294 739 4348 vinculum
757 4333 770 4353 ,
805 4299 950 4344 certe
980 4290 1080 4342 hoc
1110 4300 1270 4340 unum
1301 4292 1353 4338 te
1379 4280 1516 4351 apud
1544 4294 1641 4333 nos
1668 4277 1764 4333 de-

177 4390 366 4443 tineat.
396 4385 526 4440 Nam
561 4382 767 4439 etiamsi
799 4392 849 4435 te
876 4395 905 4433 a
932 4379 1195 4433 sexcentis
1220 4376 1337 4429 aliis
1375 4372 1539 4427 amari
1578 4372 1723 4425 dicas
1743 4412 1757 4436 ,

180 4479 358 4533 nullus
391 4476 483 4531 tibi
521 4482 719 4529 tantam
751 4472 1043 4526 libertatem
1071 4465 1403 4537 procurabit,
1436 4462 1761 4533 quandoqui-

178 4570 304 4625 dem
347 4581 503 4623 nemo
544 4574 655 4631 est,
703 4564 786 4618 cui
834 4559 1155 4617 existimatio
1203 4566 1289 4610 tua
1328 4569 1479 4624 aeque
1524 4567 1587 4605 ac
1632 4550 1761 4605 mihi

178 4675 303 4715 cara
332 4659 417 4713 sit.

254 4750 309 4805 ϐ.
337 4750 505 4803 Fraus
527 4746 697 4815 quain
718 4742 1030 4797 ordinatione
1054 4755 1174 4793 usus
1194 4746 1265 4791 est
1285 4735 1766 4804 Chrysoslomus.—

184 4844 312 4898 llaec
334 4850 391 4895 et
417 4840 499 4893 his
524 4839 674 4907 plura
700 4835 884 4890 matris
906 4832 1067 4886 verba
1094 4837 1245 4883 erant
1274 4844 1287 4879 :
1320 4840 1439 4895 quae
1459 4838 1578 4877 cum
1599 4836 1763 4892 gene-

184 4949 314 4991 roso
358 4932 433 4987 illi
485 4932 599 4985 viro
627 4927 988 4983 renuntiarem
1017 4964 1031 4985 ,
1087 4922 1176 4975 ille
1222 4918 1418 4973 nedum
1464 4913 1766 4983 hujusmodi

175 5024 365 5081 verbis
406 5027 739 5082 moveretur,
766 5016 941 5070 acrius
966 5013 1124 5067 etiam
1174 5007 1403 5064 instabat
1427 5004 1615 5060 eadem
1655 5004 1768 5071 ipsa

180 5130 304 5186 quae
338 5114 482 5183 prius
505 5109 819 5177 efﬂagitans.
838 5105 963 5159 Haec
982 5116 1100 5156 cum
1124 5102 1261 5153 inter
1289 5112 1386 5151 nos
1408 5107 1767 5157 versaremus,

185 5183 277 5261 illo
299 5204 602 5272 frequenter
630 5200 884 5260 instante,
915 5210 1000 5248 me
1018 5192 1284 5246 abnuente
1308 5229 1322 5252 ,
1348 5195 1565 5242 exortus
1596 5183 1771 5237 subito

192 5271 705 5359 rumoriutrumque
751 5285 981 5341 turbavit
1009 5302 1023 5337 :
1056 5282 1192 5335 fama
1239 5278 1381 5334 enim
1421 5284 1539 5331 erat
1580 5288 1677 5328 nos
1705 5271 1771 5326 ad

186 5386 545 5458 episcopalem
594 5381 901 5452 dignitatem
932 5380 950 5408 ¹
992 5369 1379 5446 promovendos
1445 5381 1585 5423 esse.
1649 5364 1776 5432 Qui-

256 5560 273 5591 ι
312 5554 450 5606 savii.
475 5556 525 5603 in
549 5560 709 5609 textu,
727 5547 892 5599 Morel.
918 5554 971 5597 et
993 5547 1199 5595 maxima
1222 5554 1334 5605 pars
1356 5548 1481 5609 Mss,
1496 5537 1575 5609 ad
1598 5535 1780 5609 episco-

187 5598 656 5729 ραιξτῖᾲῖᾖάῆαὶὲἦί
666 5598 839 5677 ﬂavit.
865 5612 914 5661 in
937 5609 1154 5677 margine
1176 5598 1455 5659 9"ctuatuor
1469 5608 1598 5663 Mss,
1620 5598 1684 5650 ad
1707 5610 1781 5649 sa-

189 5694 274 5731 cer
314 5687 477 5730 omam.

1424 253 1514 313 DE
1551 255 2002 315 SACEEDO‘I‘IO.
2044 260 2173 319 LIB.
2216 264 2259 320 1.

3358 280 3461 337 6%

1883 374 1983 431 bus
2002 378 2196 435 auditis
2214 422 2231 448 ,
2260 395 2359 453 ego
2402 381 2590 440 timore
2616 384 2773 442 simul
2798 394 2853 443 et
2890 386 3221 446 haesitatione
3250 396 3459 463 percut-

1881 481 1975 524 sus
2000 484 2117 524 sum
2141 511 2158 537 ,
2189 474 2381 528 timore
2402 512 2418 539 ,
2450 490 2517 530 ne
2544 476 2738 533 invitus
2779 494 3036 549 raperer;
3090 481 3421 542 haesitatione
3444 529 3459 553 ,

1880 573 2002 613 cum
2048 560 2341 618 identidem
2384 563 2738 635 disquirerem
2768 584 2875 638 quo
2919 581 3071 638 pacto
3098 573 3227 627 viris
3255 575 3362 630 illis
3409 578 3458 630 in

1881 661 2116 705 mentem
2145 653 2380 708 venisset
2406 654 2474 711 de
2497 656 2649 711 nobis
2669 658 2956 729 quidquam
2988 661 3287 732 hujusmodi
3312 667 3460 735 cogi-

1878 747 1994 797 tare
2017 757 2033 794 :
2056 757 2177 796 nam
2207 745 2465 814 meipsum
2511 748 2806 817 inspicienti
2836 751 2966 805 nihil
2992 758 3337 810 succurrebat
3368 758 3462 812 illo

1876 830 2094 901 dignum
2141 833 2366 890 honore.
2412 835 2721 894 Generosus
2746 852 2921 896 autem
2952 843 3060 907 ille,
3106 860 3193 899 me
3231 849 3456 902 seorsim

1878 924 2238 991 conveniens,
2269 942 2390 981 cum
2440 928 2633 984 famam
2660 934 2809 1001 quasi
2838 933 3103 1004 ignoranti
3153 939 3412 1007 aperisset
3436 983 3453 1008 ,

1876 1013 2131 1083 rogabat,
2159 1024 2218 1069 ut
2243 1019 2687 1085 quemadmodum
2717 1031 2861 1088 ante,
2893 1024 2979 1078 hic
3007 1025 3168 1079 etiam
3196 1026 3455 1084 factorum

1875 1104 2326 1176 consiliorumque
2341 1117 2618 1165 consortes
2635 1110 2937 1166 videremur
2960 1130 2973 1164 :
2994 1124 3235 1183 paratum
3257 1131 3316 1172 se
3335 1132 3456 1173 esse

1875 1194 1941 1249 ad
1969 1198 2222 1251 utramvis
2246 1198 2382 1253 viam
2413 1201 2766 1268 amplecterer
2783 1243 2799 1266 ,
2831 1202 2942 1257 sive
2969 1201 3276 1273 fugiendum
3298 1248 3315 1273 ,
3340 1208 3456 1263 sive

1874 1288 2316 1342 consentiendum
2340 1298 2511 1355 esset,
2544 1292 2990 1361 persequendam.
3032 1292 3163 1363 Ejus
3202 1309 3301 1364 ego
3336 1296 3455 1349 ani-

1872 1391 2018 1430 mum
2057 1380 2394 1447 conspicatus
2418 1419 2434 1445 ,
2482 1379 2841 1451 damnumque
2880 1391 3024 1437 ratus
3063 1398 3150 1438 me
3194 1385 3455 1440 universae

1874 1467 2127 1521 Ecclesiae
2153 1468 2449 1534 illaturum,
2473 1469 2519 1523 si
2547 1478 2651 1523 tam
2676 1471 2842 1540 probo
2860 1512 2875 1534 ,
2914 1479 3020 1526 tam
3047 1472 3112 1526 ad
3160 1473 3450 1528 multorum

1873 1558 2239 1626 praefecturam
2271 1559 2465 1614 idoneo
2498 1560 2696 1629 juvene
2724 1576 2939 1631 gregem
2979 1563 3176 1616 Christi
3214 1564 3283 1617 ob
3309 1566 3454 1618 intir-

1873 1651 2109 1704 mitatem
2149 1665 2323 1705 meam
2371 1652 2640 1721 privarem
2663 1692 2677 1717 ,
2711 1654 2851 1722 quod
2882 1655 2932 1707 in
2963 1654 3143 1709 animo
3185 1665 3301 1710 erat
3347 1673 3451 1712 non

1870 1739 2048 1794 detexi
2073 1779 2089 1805 ,
2114 1740 2215 1794 etsi
2244 1750 2399 1794 antea
2449 1741 2651 1796 nullum
2680 1743 3021 1797 consiliorum
3064 1759 3302 1799 meorum
3352 1746 3452 1816 ipsi

1870 1831 2216 1886 occultassem
2253 1850 2266 1887 :
2321 1832 2416 1887 sed
2439 1850 2565 1890 cum
2585 1833 2979 1905 respondissem
3023 1850 3084 1889 ea
3113 1834 3180 1890 de
3225 1851 3285 1891 re
3326 1853 3452 1892 con-

1869 1921 2209 1975 sultationem
2230 1921 2373 1975 aliud
2398 1923 2452 1975 in
2481 1931 2686 1992 tempus
2712 1922 3048 1991 rejicieudam
3080 1939 3237 1990 esse;
3268 1941 3445 1994 neque

1869 2012 2011 2065 enim
2052 2010 2104 2065 id
2146 2012 2198 2065 iu
2241 2013 2520 2080 praesentia
2564 2028 2754 2082 urgere
2784 2031 2796 2066 :
2831 2014 3010 2067 statim
3053 2016 3290 2083 persuasi
3322 2016 3449 2071 nihil

1875 2114 2160 2173 propterea
2191 2104 2484 2157 curandum
2530 2119 2649 2158 esse
2689 2144 2704 2169 ,
2734 2104 3084 2175 ﬁduciamque
3132 2106 3296 2161 indidi
3319 2148 3335 2174 ,
3364 2122 3450 2162 me

1868 2194 2107 2263 ejusdem
2158 2194 2437 2248 sententiae
2490 2204 2793 2247 consortem
2822 2195 2968 2258 fore,
3020 2196 3063 2249 si
3102 2196 3315 2266 quando
3361 2213 3450 2253 res

1869 2282 2170 2352 hujusmodi
2195 2284 2546 2351 contingeret.
2572 2282 2721 2337 llaud
2751 2284 2818 2337 ita
2851 2286 3018 2338 tnulto
3036 2285 3220 2354 elapso
3248 2295 3451 2354 tempo-

1867 2389 1927 2429 re
1947 2414 1963 2441 ,
1994 2388 2118 2428 cum
2166 2372 2211 2427 is
2240 2372 2329 2441 qui
2360 2388 2457 2427 nos
2483 2372 2824 2426 ordinaturus
2865 2383 2981 2427 erat
3024 2373 3361 2439 advenisset,
3385 2392 3448 2431 ac

1866 2478 1953 2518 me
2001 2463 2114 2533 ipse
2152 2462 2532 2527 occultassem,
2588 2462 2775 2516 horum
2829 2463 3041 2532 ignarus
3066 2464 3155 2519 ille
3193 2466 3342 2534 quasi
3380 2467 3445 2519 ad

1864 2544 2008 2610 aliud
2039 2553 2306 2624 negotium
2334 2554 2571 2619 ducitur,
2608 2554 2899 2623 iugumque
2941 2556 3132 2625 accipit
3162 2598 3179 2624 ,
3226 2571 3448 2626 sperans

1868 2662 1955 2701 me
1974 2689 1989 2714 ,
2020 2654 2077 2701 ut
2102 2648 2449 2717 promiseram
2470 2688 2486 2713 ,
2517 2646 2734 2717 perinde
2763 2655 3111 2716 sequuturum
3142 2664 3263 2704 esse
3296 2666 3309 2702 :
3340 2649 3448 2704 imo

1868 2740 2046 2809 potius
2072 2754 2131 2793 se
2150 2779 2165 2801 ,
2195 2755 2281 2794 me
2331 2748 2600 2808 praeeunte
2619 2780 2633 2802 ,
2666 2748 3037 2807 sequuturum.
3072 2739 3282 2794 Etenim
3310 2756 3446 2796 non-

1866 2832 1994 2885 nulli
2022 2847 2090 2885 ex
2120 2831 2185 2885 iis
2212 2832 2300 2900 qui
2326 2830 2546 2885 aderant
2576 2831 2816 2884 videntes
2842 2846 2962 2885 eum
2985 2871 3000 2895 ,
3031 2831 3173 2899 quod
3198 2846 3447 2901 compre-

1867 2921 2063 2975 hensus
2102 2929 2277 2985 esset,
2323 2934 2465 2989 aegre
2513 2919 2808 2984 ferentem,
2861 2921 2911 2974 ei
2942 2920 3101 2975 verba
3144 2920 3441 2987 dederunt,

1865 3013 2162 3066 clamantes
2185 3052 2201 3075 ,
2230 3010 2516 3064 absurdum
2557 3025 2677 3065 esse
2700 3050 2715 3075 ,
2745 3026 2867 3065 eum
2906 3010 2994 3079 qui
3021 3010 3268 3064 omnibus
3308 3011 3449 3066 fero-

1864 3104 1978 3159 cior
2002 3102 2299 3167 videbatur,
2323 3117 2409 3155 me
2437 3100 2798 3170 designantes,
2823 3115 2941 3154 cum
2972 3115 3159 3170 magna
3187 3100 3444 3156 modestia

1864 3193 2080 3249 Patrum
2125 3190 2317 3259 placito
2370 3190 2798 3258 obtemperasse;
2850 3189 2996 3242 illum
3049 3197 3226 3243 autem
3274 3190 3441 3243 multo

1866 3282 2261 3353 prudentiorem
2292 3288 2347 3335 et
2369 3279 2775 3334 moderatiorem
2804 3278 3064 3346 ferocire,
3091 3294 3281 3333 vanam
3319 3279 3437 3348 glo-

1863 3377 1997 3431 riam
2041 3384 2327 3444 appetere,
2383 3370 2812 3435 subsultantem,
2865 3370 3221 3434 resilientem,
3273 3384 3434 3437 repu-

1864 3473 2131 3535 gnantem.
2149 3464 2246 3520 His
2270 3460 2358 3516 ille
2372 3459 2905 3528 verbisobsequutus,
2942 3468 3219 3528 postquam
3246 3457 3445 3511 audivit

1864 3569 1952 3609 me
1985 3552 2267 3622 aufugisse,
2301 3550 2465 3603 tristis
2503 3547 2788 3601 admodum
2840 3562 2928 3601 me
2968 3546 3111 3612 adit,
3142 3547 3445 3616 assidetque

1863 3641 2030 3708 mihi,
2056 3642 2215 3695 verba
2258 3640 2431 3694 facere
2476 3637 2731 3706 cupiens;
2760 3651 2943 3689 verum
2993 3636 3155 3689 animi
3204 3637 3444 3705 angustia

1862 3732 2110 3788 detentus
2128 3770 2145 3795 ,
2172 3745 2291 3784 cum
2322 3743 2439 3782 eam
2460 3768 2476 3793 ,
2507 3742 2662 3795 quam
2686 3740 2877 3795 passus
2904 3724 3109 3792 fuerat,
3136 3724 3241 3778 vim
3268 3725 3445 3779 decla-

1865 3837 1986 3877 rare
2013 3836 2118 3875 non
2143 3830 2323 3888 posset
2346 3858 2361 3882 ,
2392 3818 2444 3870 in
2476 3817 2593 3884 ipso
2619 3816 2727 3869 oris
2753 3815 2899 3869 hiatu
2922 3814 3024 3869 fari
3047 3815 3441 3884 prohibebatur,

1864 3925 2095 3966 maerore
2120 3908 2415 3962 orationem
2449 3913 2733 3974 antequam
2774 3904 2965 3959 dentes
2993 3906 3325 3968 transiliret,
3358 3906 3442 3959 in-

1866 4008 2243 4070 terrumpente.
2292 3998 2440 4053 illum
2472 4012 2571 4068 ego
2614 3998 2833 4051 intuitus
2880 3998 3128 4068 lacrymis
3172 3998 3441 4066 perfusum

1864 4095 2148 4162 animoque
2169 4090 2436 4145 turbatum
2458 4129 2473 4156 ,
2500 4089 2579 4143 rei
2606 4103 2819 4144 causam
2846 4088 3066 4143 edoctus
3087 4130 3102 4154 ,
3133 4091 3293 4143 multa
3318 4104 3441 4145 cum

1865 4187 2132 4256 voluptate
2161 4184 2213 4237 in
2242 4183 2408 4238 risum
2441 4180 2655 4251 prorupi
2677 4220 2693 4247 ,
2721 4179 3218 4250 apprehensumque
3253 4181 3443 4235 dexte-

1868 4293 1923 4333 ra
1950 4274 2248 4331 deosculari
2277 4282 2502 4329 conatus
2528 4287 2643 4326 sum
2669 4313 2684 4339 ,
2715 4272 2929 4341 Deoque
2970 4270 3195 4340 gloriam
3240 4269 3439 4325 refere-

1866 4369 2021 4431 bam,
2056 4365 2196 4435 quod
2242 4363 2660 4419 machinamenta
2704 4360 2835 4414 mihi
2886 4369 3032 4415 recte
3082 4372 3146 4413 ac
3193 4373 3290 4429 pro
3317 4371 3443 4414 voto

1867 4458 2175 4513 cessissent.
2208 4454 2300 4508 Ille
2338 4461 2397 4507 ut
2443 4467 2529 4507 me
2558 4452 2735 4505 laetum
2769 4450 3098 4518 hilaremque
3125 4447 3302 4514 vidit,
3354 4448 3441 4508 ubi

1869 4550 2095 4618 primum
2139 4562 2198 4601 se
2245 4561 2274 4599 a
2299 4544 2451 4599 nobis
2496 4543 2775 4612 deceptum
2802 4555 2921 4595 esse
2947 4539 3360 4606 animadvertit,
3390 4539 3443 4594 id

1867 4643 2024 4710 longe
2049 4638 2261 4708 gravius
2288 4636 2661 4705 indigniusque
2689 4632 2911 4686 ferebat.

1940 4733 1990 4785 7.
2015 4729 2194 4783 Basilii
2219 4728 2470 4780 accusatio
2505 4724 2726 4777 modesta
2754 4732 2801 4776 et
2844 4721 3075 4791 simplex.
3096 4748 3168 4760 —
3192 4720 3358 4774 Porro
3377 4719 3445 4773 ab

1858 4818 1949 4874 illa
1963 4817 2356 4890 perturbatione
2370 4815 2553 4871 sedato
2577 4827 2862 4881 parumper
2893 4810 3231 4874 animo,Etsi,
3253 4810 3441 4879 inquit,

1873 4922 2051 4982 partes
2077 4918 2285 4963 nostras
2314 4906 2584 4975 respueris
2604 4945 2619 4969 ,
2640 4918 2702 4957 ac
2728 4902 2924 4956 nullam
2946 4901 3055 4971 jam
3088 4899 3257 4954 nostri
3286 4900 3446 4953 ratio-

1874 5020 1996 5059 nem
2024 5002 2251 5065 habeas,
2304 5014 2403 5053 nec
2446 5006 2592 5051 certe
2632 4995 2745 5049 scio
2785 5009 2886 5063 qua
2918 4993 2984 5048 de
3024 5007 3184 5047 causa
3213 4992 3449 5061 oportuit

1876 5096 2061 5150 saltem
2107 5102 2159 5146 te
2202 5087 2605 5146 existimationis
2647 5094 2751 5138 tuae
2798 5098 2979 5137 curam
3022 5082 3237 5136 habere.
3299 5081 3451 5135 Nunc

1876 5203 2004 5242 vero
2026 5182 2264 5239 omnium
2314 5195 2406 5233 ora
2437 5175 2726 5248 aperuisti,
2770 5183 2926 5243 teque
2953 5188 3019 5227 ex
3048 5172 3222 5225 inanis
3264 5170 3451 5241 gloria:

1879 5292 2058 5332 amore
2080 5273 2256 5331 cuncti
2294 5271 2476 5325 dicunt
2500 5268 2603 5322 hoc
2630 5266 2981 5320 ministerium
3008 5277 3287 5318 recusasse
3304 5300 3320 5327 ,
3353 5276 3454 5316 nec

1880 5367 2156 5438 quisquam
2185 5372 2268 5418 est
2294 5361 2382 5431 qui
2407 5371 2457 5414 te
2482 5358 2547 5413 ab
2594 5358 2694 5411 hac
2721 5355 3089 5411 criminatione
3115 5354 3329 5407 eximat.
3360 5352 3456 5405 Mi-

1882 5460 1934 5513 hi
1962 5464 2138 5512 autent
2182 5469 2250 5509 ne
2279 5454 2331 5507 in
2372 5451 2545 5506 forum
2593 5448 2805 5519 quidem
2850 5445 3112 5499 ventitare
3151 5442 3276 5496 licet
3302 5457 3318 5495 :
3346 5450 3454 5494 tam

1884 5549 2040 5608 multi
2069 5560 2264 5615 nempe
2302 5552 2426 5599 sunt
2452 5540 2542 5611 qui
2586 5552 2687 5593 nos
2716 5535 3071 5597 conveniunt,
3118 5547 3181 5586 ac
3220 5530 3456 5602 quotidie

1890 5646 2153 5702 incusant.
2184 5637 2315 5696 Nam
2342 5633 2549 5707 quaties
2578 5645 2663 5687 me
2693 5630 2747 5713 in
2775 5638 3110 5700 quacumque
3130 5623 3282 5680 urbis
3308 5631 3460 5693 parte
