3890 6220
482 260 584 314 69.7

483 374 698 441 vident,
729 370 957 427 seorsim
993 367 1274 423 adductum
1321 364 1606 420 familiares
1651 363 1820 418 nostri
1866 375 1953 416 me
2002 360 2055 414 in

485 465 774 519 maximam
803 461 1042 517 criminis
1071 467 1274 528 partem
1302 463 1514 510 vocant.
1547 454 1674 524 Ejus
1700 450 1906 508 consilii
1935 467 2060 522 gna-

487 567 580 609 rus
605 595 621 621 ,
671 553 849 614 aiunt,
884 545 1080 605 nullam
1111 549 1253 604 enim
1295 561 1470 602 rerum
1518 545 1585 599 ad
1613 559 1734 600 eum
1779 543 2056 614 pertinen-

489 645 618 697 tium
650 641 958 712 ignorabas,
989 639 1121 692 nihil
1150 637 1385 708 oportuit
1424 635 1792 700 dissimulare,
1824 634 1916 688 sed
1945 648 2058 688 rem

489 735 764 788 nobiscum
806 730 1216 796 communicare,
1254 743 1426 798 neque
1462 727 1718 782 defuisset
1773 741 1862 780 ars
1887 767 1902 792 ,
1955 738 2059 794 qua

493 825 641 877 illum
673 824 726 875 in
776 821 909 874 retia
932 820 1339 888 conjiceremus.
1362 818 1443 872 Me
1461 833 1589 872 vero
1615 816 1764 871 fateri
1793 816 1954 886 pudet
1979 815 2061 870 di-

489 929 614 968 cere
639 954 654 976 ,
691 927 776 966 me
800 911 852 966 id
875 912 1155 966 consilium
1184 925 1214 964 a
1242 919 1293 964 te
1314 912 1423 978 jam
1455 908 1659 978 pridem
1693 908 1878 962 initum
1909 908 2060 976 igno-

487 1020 642 1068 rare,
677 1019 743 1057 ne
785 1003 861 1057 illi
905 1002 1190 1056 amicitiam
1219 1007 1454 1054 nostram
1482 999 1656 1053 ﬁctam
1686 1013 1807 1053 esse
1854 1005 2058 1067 putent.

487 1094 620 1149 Nam
646 1095 689 1148 si
719 1094 789 1148 ita
814 1101 924 1159 est,
963 1103 1020 1147 ut
1053 1107 1175 1147 vere
1203 1101 1306 1157 est,
1361 1091 1502 1162 quod
1525 1106 1591 1146 ne
1623 1100 1676 1144 tu
1703 1089 1916 1160 quidem
1943 1095 2064 1158 post

491 1186 614 1239 talia
642 1193 786 1254 gesta
814 1185 1034 1239 inliciari
1067 1184 1265 1253 possis,
1315 1198 1419 1238 non
1445 1198 1476 1238 e
1519 1198 1580 1237 re
1619 1183 1776 1236 fuerit
1813 1191 2063 1235 externos

491 1275 766 1340 homines,
817 1277 908 1345 qui
956 1274 1038 1330 vel
1083 1275 1407 1328 mediocrem
1451 1273 1517 1327 de
1562 1272 1718 1328 nobis
1756 1271 2061 1340 opinionem

491 1364 720 1429 habent,
751 1366 884 1420 mala
915 1366 1087 1420 celare
1148 1376 1352 1420 nostra.
1387 1365 1518 1419 item
1551 1365 1727 1435 itaque
1756 1373 1813 1418 ut
1841 1379 1966 1420 vere
2004 1379 2064 1419 se

492 1453 650 1509 habet
693 1456 795 1510 illis
822 1457 1030 1525 aperire
1074 1471 1298 1522 vereor,
1330 1456 1424 1510 scd
1473 1465 1649 1511 tacere
1692 1471 1888 1526 cogor,
1935 1471 2064 1510 ocu-

493 1543 678 1612 losque
717 1545 770 1597 in
803 1555 994 1599 terram
1021 1546 1304 1600 demittere
1327 1585 1342 1609 ,
1370 1553 1528 1614 atque
1570 1546 1637 1600 ab
1661 1545 2064 1600 occurrentibus

490 1636 760 1691 declinare
783 1645 837 1690 et
863 1638 1088 1692 resilire.
1121 1637 1330 1691 Etenim
1368 1637 1490 1691 licet
1517 1637 1662 1705 prius
1689 1637 1818 1692 illud
1861 1638 2064 1692 crimen

490 1725 757 1796 effugiam,
785 1735 948 1781 restat
970 1738 1142 1782 tamen
1167 1736 1224 1782 ut
1251 1727 1510 1782 mendacii
1532 1731 1833 1782 necessario
1851 1743 2061 1796 arguar.

490 1817 668 1886 Neque
687 1819 829 1873 enim
855 1819 1076 1874 credent
1096 1835 1330 1889 unquam
1359 1819 1488 1874 mihi
1517 1819 1712 1874 dicenti
1737 1830 1788 1875 te
1814 1820 2064 1875 Basilium

496 1909 550 1961 in
577 1923 762 1961 eorum
795 1924 1016 1964 numero
1039 1910 1278 1978 posuisse
1299 1951 1314 1976 ,
1343 1911 1536 1979 quibus
1574 1925 1768 1964 arcana
1796 1911 1934 1964 scire
1978 1920 2063 1963 tua

491 2011 594 2048 non
650 1996 790 2050 licet.
819 1996 1011 2051 Verum
1040 1997 1153 2052 haec
1180 2013 1285 2051 non
1317 1999 1536 2052 multum
1562 2013 1690 2052 curo
1715 2039 1728 2062 ,
1757 1998 1969 2068 quando
1995 1999 2065 2052 ita

491 2084 586 2138 tibi
611 2085 839 2154 jucunda
886 2085 1072 2151 fuere;
1099 2095 1154 2140 at
1181 2087 1442 2157 reliquum
1485 2087 1716 2143 dedecus
1747 2129 1762 2155 ,
1797 2091 1886 2159 qui
1923 2087 2064 2143 ferre

494 2177 793 2244 possimus?
820 2175 950 2230 Nam
979 2177 1068 2230 alii
1115 2187 1166 2232 te
1201 2179 1515 2246 arrogantia:
1545 2218 1559 2242 ,
1594 2179 1680 2233 alii
1705 2194 1856 2233 vanae
1883 2179 2065 2249 gloriae

491 2272 742 2319 accusant
776 2281 790 2328 ;
832 2265 918 2332 qui
949 2275 1124 2319 autem
1150 2265 1254 2319 reis
1279 2266 1454 2320 minus
1503 2281 1716 2335 parcere
1747 2267 1967 2333 volunt,
2013 2276 2066 2322 et

497 2355 611 2408 luce
634 2364 855 2422 utraque
877 2355 1234 2424 improperant
1256 2395 1271 2421 ,
1297 2365 1350 2409 et
1372 2365 1627 2425 praeterea
1653 2355 1906 2424 adjiciunt
1925 2371 2062 2423 eam,

492 2461 648 2514 quam
677 2446 739 2499 iis
765 2447 852 2514 qui
884 2462 979 2500 nos
1007 2446 1208 2500 honore
1233 2446 1524 2501 aﬂeceruut
1560 2447 1851 2512 intulimus,
1877 2457 2064 2500 contu-

493 2534 744 2600 meliam,
776 2549 909 2604 quos
950 2537 1109 2590 etiam
1151 2536 1332 2590 dicunt
1374 2535 1488 2590 haec
1525 2539 1646 2604 jure
1685 2551 1870 2605 passos
1911 2552 2063 2604 esse,

497 2624 606 2677 imo
624 2625 866 2694 graviora
889 2626 1261 2693 promeruisse;
1284 2635 1464 2694 utpote
1478 2625 1566 2693 qui
1593 2634 1669 2680 tot
1690 2627 1952 2695 tantisque
1978 2641 2066 2680 re-

496 2715 634 2770 lictis
661 2715 808 2781 viris,
825 2731 1016 2785 pueros
1033 2716 1146 2770 heri
1167 2732 1227 2770 ac
1243 2717 1622 2772 nudiustertius
1643 2718 1692 2770 in
1721 2718 2064 2774 saecularibus

502 2805 644 2859 curis
670 2804 933 2860 volutatos
955 2845 970 2867 ,
1008 2815 1063 2859 ut
1089 2805 1156 2859 ad
1199 2806 1360 2860 breve
1391 2815 1595 2874 tempus
1637 2806 1914 2875 supercilia
1940 2822 2070 2862 con-

497 2895 766 2950 traherent
786 2937 801 2962 ,
832 2897 1002 2965 pullas
1043 2905 1219 2950 vestes
1250 2895 1559 2962 induerent,
1586 2897 1874 2967 vultusque
1900 2899 2065 2952 trisu-

497 2987 622 3040 tiant
674 2987 1024 3051 simularent,
1071 2985 1360 3055 derepente
1430 2985 1496 3040 ad
1551 2995 1751 3040 tantum
1812 2987 2067 3042 honorem

494 3077 840 3142 ndduxerint,
885 3085 1140 3147 quantum
1183 3093 1249 3132 ne
1294 3079 1346 3131 in
1368 3079 1567 3131 somnis
1612 3078 1822 3147 quidem
1857 3080 2068 3148 assequi

494 3171 868 3238 speravissent.
901 3172 1072 3240 Atque
1115 3171 1147 3224 ii
1191 3170 1440 3239 quidem,
1482 3170 1661 3233 aiunt,
1698 3171 1784 3240 qui
1824 3187 1855 3225 a
1901 3172 2066 3240 prima

495 3271 652 3316 aetate
677 3263 742 3316 ad
781 3271 1070 3317 extremam
1125 3277 1292 3332 usque
1332 3271 1657 3317 senectutem
1707 3264 1931 3318 ascesim
1956 3264 2068 3318 sive

494 3353 924 3407 exercitationem
950 3353 1132 3406 sectati
1171 3360 1329 3417 sunt,
1371 3352 1423 3405 in
1463 3351 1795 3406 subditorum
1843 3367 2066 3407 numero

495 3452 621 3497 sunt
647 3461 662 3507 ;
697 3445 954 3512 imperant
980 3453 1154 3497 autem
1179 3443 1280 3496 illis
1307 3443 1538 3511 ipsorum
1561 3441 1688 3508 lilii,
1716 3441 1805 3510 qui
1836 3457 1900 3496 ne
1926 3443 2068 3512 leges

495 3533 710 3600 quidem
737 3542 994 3587 noverunt
1019 3531 1141 3585 huic
1170 3530 1468 3586 exercendo
1500 3531 1825 3599 magistratui
1848 3532 2065 3600 positas.

496 3623 623 3678 Haec
649 3633 701 3678 et
734 3624 882 3693 plura
912 3623 1188 3692 loquentes
1215 3623 1518 3691 frequenter
1554 3623 1772 3676 instant.
1807 3624 1916 3693 Ego
1942 3639 2068 3678 vero

496 3713 624 3783 quid
666 3713 732 3766 ad
762 3713 876 3768 haec
903 3713 1251 3783 respondeam
1296 3713 1480 3782 ignoro
1509 3730 1522 3767 :
1555 3723 1642 3779 tu,
1689 3728 1897 3783 quasso,
1938 3713 2067 3768 mihi

496 3802 848 3872 suppeditato.
870 3802 1050 3872 Neque
1071 3803 1213 3857 enim
1239 3814 1367 3872 puto
1383 3812 1582 3857 temere
1617 3813 1670 3858 te
1694 3814 1747 3858 et
1771 3806 1885 3859 sine
1909 3820 2066 3859 causa

497 3893 694 3964 fugisse
718 3902 1019 3963 tantamque
1035 3894 1328 3963 suscepisse
1339 3893 1590 3948 adversus
1607 3895 1740 3948 adeo
1759 3905 2066 3962 praistantes

495 3985 639 4038 viros
669 3985 1011 4048 inimicitiam;
1039 3984 1130 4039 sed
1163 3983 1466 4054 ponderatis
1491 3986 1649 4039 rebus
1671 3986 1736 4040 ad
1762 3985 1813 4040 id
1835 3986 2062 4052 venisse,

499 4073 636 4127 unde
659 4084 711 4128 et
733 4074 825 4128 tibi
851 4082 1090 4144 paratam
1111 4073 1473 4129 defensionem
1499 4074 1688 4129 adesse
1707 4076 1952 4130 arbitror.
1975 4076 2066 4130 Dic

496 4178 653 4231 ergo,
681 4180 804 4217 num
830 4165 1026 4232 justam
1058 4165 1254 4219 habeas
1297 4165 1689 4220 excusationem
1710 4206 1725 4232 ,
1756 4181 1911 4235 quam
1956 4167 2064 4221 cri-

497 4256 842 4309 tttinatoribus
886 4256 1186 4310 alleramns.
1216 4256 1346 4310 Nam
1377 4256 1444 4310 de
1473 4257 1660 4324 injuria
1686 4272 1786 4325 qua
1820 4273 1905 4312 me
1940 4257 2066 4312 all'e-

495 4343 612 4397 cisti
653 4358 754 4398 non
780 4345 1056 4413 expostulo
1086 4353 1255 4398 tecum
1277 4385 1291 4409 ,
1323 4359 1428 4398 non
1457 4344 1598 4413 quod
1626 4345 1897 4414 deceperis
1915 4386 1930 4413 ,
1958 4363 2063 4401 non

491 4435 632 4504 quod
656 4435 978 4504 prodideris,
1013 4452 1116 4490 non
1163 4436 1302 4505 quod
1347 4437 1492 4490 omni
1537 4445 1774 4504 tempore
1819 4438 2063 4491 amicitia:

493 4540 630 4579 mea:
659 4524 884 4579 fructum
916 4525 1118 4579 tuleris.
1147 4524 1254 4580 Nos
1277 4525 1474 4594 quippe
1500 4525 1731 4579 animam
1778 4536 2011 4580 nostram
2041 4567 2056 4592 ,

494 4625 556 4669 ut
585 4616 654 4670 ita
683 4615 889 4682 dicam,
924 4615 1014 4669 tibi
1040 4615 1253 4669 allatam
1273 4656 1287 4681 ,
1327 4615 1379 4669 in
1406 4615 1653 4671 manibus
1693 4618 1795 4671 tuis
1822 4619 2062 4687 reposui-

495 4721 614 4759 mus
641 4724 653 4758 :
683 4715 736 4759 tu
756 4720 883 4759 vero
909 4715 1108 4759 tantam
1129 4705 1406 4759 adversum
1429 4719 1528 4759 nos
1549 4707 1887 4762 calliditatem
1913 4709 2064 4762 adhi-

494 4794 653 4848 buisti
673 4836 686 4859 ,
714 4806 961 4864 quantum
983 4797 1026 4849 si
1050 4794 1118 4849 ab
1145 4795 1369 4849 inimicis
1385 4796 1489 4849 tuis
1507 4797 1796 4851 cavendum
1816 4797 1908 4851 tibi
1929 4797 2061 4852 fuis-

494 4895 597 4940 set.
628 4887 784 4955 Atqui
811 4887 1067 4955 oportuit,
1099 4888 1142 4940 si
1164 4886 1444 4940 eonsilium
1468 4885 1769 4954 hujusmodi
1797 4889 1922 4943 utile
1944 4903 2063 4944 esse

497 4976 751 5042 putabas,
778 4975 914 5029 illius
944 4974 1146 5029 lucrum
1191 4989 1294 5029 non
1346 4974 1527 5044 fugere
1556 4993 1568 5030 :
1602 4976 1683 5029 sin
1710 4977 2022 5032 damnosum
2042 5021 2058 5046 ,

491 5081 592 5121 nes
621 5080 830 5135 quoque
846 5106 860 5130 ,
892 5079 1024 5134 quos
1044 5064 1290 5118 omnibus
1315 5079 1526 5133 semper
1553 5065 1803 5134 pmferrc
1825 5067 2059 5135 dicebas,

495 5157 692 5210 damno
717 5157 942 5225 eripere.
965 5155 1044 5209 'l‘u
1065 5170 1192 5210 vero
1215 5155 1344 5209 nihil
1372 5170 1475 5210 non
1503 5158 1654 5226 egisti
1684 5168 1740 5211 ut
1768 5174 1832 5213 eo
1859 5159 2060 5214 incide-

494 5261 706 5312 remus,
743 5261 912 5315 neque
940 5245 1064 5301 dolo
1089 5246 1173 5300 vel
1195 5246 1532 5303 simulatione
1569 5264 1703 5317 opus
1731 5259 1843 5304 erat
1873 5251 2061 5305 adver-

493 5351 584 5390 sus
612 5352 731 5391 eum
753 5378 767 5402 ,
799 5337 887 5405 qui
909 5337 1022 5391 sine
1047 5336 1171 5390 dolo
1199 5347 1254 5392 et
1277 5339 1588 5409 simpliciter
1612 5341 1786 5393 omnia
1813 5341 1989 5395 dicere
2006 5353 2061 5397 et

493 5441 652 5495 agere
681 5426 817 5495 apud
837 5437 888 5482 te
917 5427 1140 5480 solebat.
1163 5429 1410 5482 Attamen
1427 5469 1442 5492 ,
1466 5439 1522 5482 ut
1545 5428 1653 5482 dixi
1673 5471 1688 5494 ,
1713 5429 1841 5483 nihil
1875 5446 2057 5486 eorum

489 5517 700 5570 crimini
721 5517 790 5570 do
815 5556 829 5582 ,
862 5531 1034 5586 neque
1058 5517 1394 5572 solitudinem
1422 5518 1689 5586 exprobro
1707 5560 1724 5583 ,
1752 5521 1804 5573 in
1832 5537 1933 5590 qua
1963 5537 2059 5577 nos

491 5608 808 5663 constituisti
833 5648 848 5676 ,
877 5623 1000 5664 eum
1035 5608 1302 5680 colloquia
1326 5607 1414 5663 illa
1440 5607 1735 5677 abstulisti,
1774 5625 1840 5667 ex
1863 5611 2053 5681 quibus

1183 253 1241 308 S.
1281 249 1555 310 JOANNIS
1588 243 2067 305 CHRYSOSTOMI
2105 243 2424 302 ARCIIIEP.
2463 245 2997 303 CONSTANTINOP.

3628 248 3726 304 623

2161 368 2217 415 et
2241 359 2565 431 voluptatem
2591 369 2646 417 et
2663 361 2944 416 utilitatem
2971 375 3075 417 non
3095 361 3369 418 minimam
3390 375 3530 432 sape
3549 378 3731 434 carpe-

2164 450 2375 506 bamus.
2410 451 2606 506 Verum
2637 451 2752 506 haec
2774 453 2952 507 omnia
2969 452 3122 507 mitto
3139 493 3156 520 ,
3185 451 3300 509 haec
3324 455 3483 508 tacite
3506 465 3558 509 et
3585 469 3731 509 mane

2161 553 2317 598 suete
2346 543 2459 598 fero
2491 561 2504 597 :
2530 559 2635 597 non
2657 543 2800 613 quod
2827 552 2882 598 tu
2905 555 3182 599 mansuete
3208 545 3263 599 in
3293 561 3390 600 nos
3413 545 3730 615 deliqueris,

2161 633 2258 689 sed
2282 634 2423 704 quod
2464 649 2583 688 eam
2610 635 2741 689 mihi
2771 635 2940 704 legem
2968 635 3379 706 prtescripserim
3404 635 3474 690 ab
3503 637 3588 692 illa
3613 639 3696 691 die
3715 679 3730 704 ,

2159 740 2266 794 qua
2295 725 2580 780 amicitiam
2609 726 2703 786 inii
2731 735 2874 781 tuam
2893 767 2908 793 ,
2932 736 2989 781 ut
3011 728 3252 797 quamvis
3285 727 3412 781 mihi
3441 727 3734 782 molestiam

2164 816 2415 880 afferres,
2447 817 2644 871 nullam
2673 818 2768 872 abs
2796 827 2848 872 te
2878 819 3172 889 apologiam
3203 819 3486 886 exigerem.
3527 819 3734 873 Etenim

2161 907 2307 975 quod
2332 921 2439 961 non
2465 907 2731 962 mediocre
2761 908 2891 962 mihi
2916 909 3168 963 damnum
3199 909 3439 964 intuleris
3457 951 3472 974 ,
3503 911 3614 978 ipse
3641 925 3738 961 no-

2167 1000 2268 1063 sti,
2301 1000 2345 1054 si
2375 999 2536 1054 modo
2565 1001 2871 1055 meminisse
2896 1001 3030 1055 velis
3067 1015 3371 1056 sermonum
3397 1041 3412 1065 ,
3445 1010 3555 1054 tum
3601 1015 3738 1068 quos

2165 1090 2332 1144 exteri
2360 1089 2429 1145 de
2463 1089 2614 1145 nobis
2635 1131 2649 1152 ,
2680 1099 2794 1144 tum
2821 1105 2955 1160 quos
2983 1106 3080 1146 nos
3105 1091 3171 1146 de
3199 1091 3352 1145 nobis
3395 1092 3522 1158 ipsis
3550 1106 3741 1159 perpe-

2167 1188 2258 1233 tuo
2287 1179 2666 1234 habuimus!“
2689 1195 2849 1250 porro
2875 1195 3149 1236 sermones
3167 1190 3351 1245 erant,
3377 1196 3620 1250 magnum
3642 1196 3740 1234 no-

2166 1270 2249 1325 bis
2277 1270 2389 1326 fore
2413 1271 2614 1328 lucrum
2636 1287 2701 1327 ex
2730 1273 3010 1327 concordia
3028 1315 3044 1340 ,
3070 1273 3479 1343 prazsidiumque
3507 1289 3571 1328 ex
3600 1273 3734 1326 amio

2165 1361 2288 1416 citia
2316 1371 2516 1416 mutua.
2544 1361 2753 1432 Aliique
2776 1377 2962 1417 omnes
2981 1362 3246 1428 dicebant,
3273 1364 3389 1418 aliis
3415 1364 3572 1418 etiam
3605 1365 3738 1418 bene

2167 1452 2346 1506 multis
2373 1467 2478 1507 non
2503 1453 2727 1508 modicae
2742 1453 2950 1508 utilitati
2977 1454 3088 1508 fore
3111 1453 3446 1507 concordiam
3465 1463 3736 1510 nostram:

2157 1559 2266 1614 ego
2287 1559 2415 1598 vero
2436 1584 2452 1607 ,
2484 1544 2624 1614 quod
2653 1545 2718 1600 ad
2767 1561 2853 1600 me
2879 1545 3098 1609 attinet,
3141 1560 3428 1615 numquam
3460 1546 3737 1600 utilitatem

2161 1633 2393 1702 cuipiam
2417 1647 2577 1702 posse
2602 1650 2690 1689 me
2713 1644 2964 1704 praestare
2995 1635 3211 1705 putavi;
3239 1635 3475 1691 dicebam
3518 1644 3696 1691 tamen
3718 1675 3737 1703 ,

2168 1721 2270 1776 hoc
2299 1723 2488 1778 saltem
2519 1738 2618 1778 nos
2646 1724 2850 1780 lucrum
2889 1740 2992 1780 non
3021 1741 3243 1795 parvum
3274 1742 3338 1781 ex
3383 1727 3612 1780 amicitia
3642 1727 3738 1782 de-

2167 1823 2443 1881 eerpturos
2471 1829 2592 1869 esse
2609 1856 2626 1880 ,
2660 1815 2801 1884 quod
2830 1816 2893 1870 iis
2916 1817 3003 1886 qui
3045 1831 3142 1871 nos
3170 1832 3476 1887 oppugnare
3502 1819 3738 1882 vellent,

2171 1902 2606 1974 inexpugnabiles
2635 1903 2797 1959 futuri
2827 1921 3086 1961 essemus.
3137 1907 3262 1962 Haec
3292 1907 3383 1960 tibi
3427 1907 3479 1961 in
3507 1917 3740 1963 mentcnt

2166 2008 2421 2049 revocare
2459 2011 2745 2065 numquam
2782 1997 3051 2052 cessabam
3084 2015 3099 2052 :
3130 1997 3354 2052 Difficile
3381 2007 3464 2053 est
3494 2009 3737 2069 tempus,

2168 2083 2507 2139 insidiatores
2539 2085 2687 2139 multi
2710 2127 2724 2150 ,
2760 2101 3012 2155 germana
3044 2089 3240 2142 caritas
3268 2089 3557 2154 exstincta,
3599 2090 3736 2142 invi-

2167 2171 2270 2226 ὀίω
2291 2173 2554 2241 pernicies
2577 2173 2693 2242 ejus
2723 2175 2895 2229 locum
2923 2175 3118 2240 subiit,
3145 2176 3198 2232 in
3226 2177 3399 2231 medio
3425 2177 3737 2247 laqueorum

2169 2262 2566 2332 progredimur,
2617 2267 2672 2318 in
2739 2265 2911 2332 pinnis
2963 2267 3169 2322 urbium
3221 2267 3552 2323 ambulamus
3609 2286 3623 2324 :
3676 2270 3741 2323 ad

2167 2352 2499 2420 gaudendum
2528 2353 2600 2409 de
2620 2355 2775 2410 malis
2801 2355 2996 2410 nostris
3023 2356 3186 2425 parati
3213 2367 3356 2420 sunt,
3387 2358 3430 2412 si
3459 2358 3586 2427 quid
3611 2359 3743 2413 forte

2169 2441 2441 2496 sinistrum
2469 2443 2746 2512 acciderit,
2771 2445 2947 2512 multi,
2972 2453 3025 2500 et
3042 2446 3274 2516 undique
3304 2447 3533 2513 instant;
3587 2463 3743 2501 nemo

2171 2549 2297 2589 vero
2317 2545 2399 2590 est
2441 2537 2532 2606 qui
2564 2537 2731 2590 vicem
2762 2545 2996 2590 nostram
3024 2537 3227 2602 doleat,
3255 2539 3337 2593 vel
3363 2538 3552 2593 saltem
3585 2541 3738 2608 pauci

2171 2625 2469 2694 lmjnsmodi
2500 2634 2644 2680 sunt.
2664 2625 2796 2681 Vide
2816 2642 2884 2682 ne
2916 2628 2959 2682 si
2985 2628 3379 2698 disjungamur,
3411 2627 3578 2681 risum
3605 2630 3744 2682 mul-

2173 2727 2279 2771 tum
2305 2719 2419 2772 aliis
2447 2733 2788 2783 moveamus,
2832 2721 3048 2790 risuque
3090 2721 3387 2790 graviorem
3426 2721 3696 2790 jacturam
3729 2741 3742 2775 :

2171 2807 2355 2861 Frater
2391 2809 2477 2877 qui
2504 2811 2775 2880 adjuvetur
2801 2826 2832 2863 a
2853 2813 3013 2882 fratre
3031 2853 3046 2875 ,
3069 2811 3212 2878 quasi
3237 2812 3411 2865 civitas
3443 2814 3641 2866 munita
3660 2854 3674 2872 .
3702 2822 3747 2866 et

2169 2899 2311 2967 quasi
2347 2915 2554 2968 regnum
2584 2899 2799 2954 vectibus
2846 2902 3101 2968 ﬁrmatum
3127 2899 3304 2971 (Prov.
3357 2901 3442 2956 18.
3479 2901 3592 2972 19).
3627 2902 3706 2957 Ne
3728 2945 3743 2966 ,

2169 3004 2370 3056 qumso,
2404 2989 2538 3044 hanc
2563 2990 2824 3045 dissolvas
2847 2991 3312 3057 necessitudinem,
3337 3007 3507 3062 neque
3535 3004 3746 3047 vectem

2169 3077 2460 3148 dirumpas.
2491 3080 2616 3135 llwc
2643 3088 2699 3134 et
2722 3081 2802 3135 his
2825 3083 2973 3150 plura
3000 3097 3144 3150 saepe
3170 3082 3406 3137 dicebam
3428 3125 3442 3148 ,
3490 3083 3627 3139 nihil
3656 3101 3750 3138 un-

2170 3183 2329 3237 quam
2371 3168 2671 3238 hujusmodi
2710 3171 3018 3240 suSpicans,
3065 3172 3158 3226 sed
3200 3182 3252 3227 te
3294 3187 3426 3227 sano
3454 3174 3748 3228 admodum

2169 3255 2351 3312 animo
2397 3275 2518 3328 erga
2573 3274 2671 3314 nos
2711 3275 2828 3315 esse
2873 3271 3103 3332 putans,
3144 3272 3300 3332 atque
3341 3280 3406 3317 ex
3457 3264 3747 3318 abundanti

2171 3349 2428 3403 medelam
2467 3365 2598 3406 sano
2625 3351 2876 3408 adhibere
2899 3367 3091 3408 curans
3108 3394 3124 3418 ,
3153 3369 3251 3408 nec
3275 3355 3708 3410 animadvertens
3728 3398 3746 3422 ,

2171 3446 2227 3493 ut
2254 3447 2430 3507 patet,
2461 3455 2545 3493 me
2570 3442 2844 3510 aegrotanti
2881 3443 3112 3496 remedia
3151 3458 3446 3512 apponere,
3473 3454 3528 3498 at
3573 3461 3646 3500 ne
3674 3448 3751 3500 sic

2169 3531 2382 3600 quidem
2431 3531 2609 3586 infelix
2669 3532 2934 3601 quidpiam
2984 3533 3220 3588 lucratus
3261 3550 3419 3601 sum,
3464 3551 3644 3606 neque
3683 3552 3750 3594 ex

2171 3631 2313 3677 tanta
2336 3623 2425 3677 illa
2451 3624 2655 3678 cautela
2681 3623 2807 3678 mihi
2831 3625 3114 3694 quidquam
3133 3628 3353 3680 accessit
3376 3627 3746 3684 emolumenti.

2169 3710 2361 3766 Omnia
2379 3713 2572 3781 quippe
2587 3713 2672 3766 illa
2695 3713 2968 3768 confertim
2987 3715 3292 3784 projiciens,
3306 3731 3477 3785 neque
3493 3716 3544 3770 id
3570 3729 3751 3774 tecum.

2169 3812 2438 3869 reputans,
2458 3817 2545 3856 me
2565 3810 2829 3870 tamquam
2851 3818 3038 3857 navem
3061 3819 3165 3858 non
3179 3805 3507 3859 saburratam
3532 3807 3587 3861 in
3613 3809 3750 3876 pela-

2167 3904 2266 3958 gus
2319 3890 2633 3945 immensum
2677 3892 2929 3957 emisisti,
2962 3893 3094 3946 nihil
3146 3894 3384 3963 cogitans
3419 3895 3751 3953 decumanns

2170 3979 2288 4033 illos
2316 3978 2507 4035 ﬂuctus
2529 4022 2544 4046 ,
2575 3996 2710 4048 quos
2736 3997 2822 4036 me
2846 3983 3110 4038 sustinere
3138 3998 3356 4038 necesse
3397 3995 3500 4039 est.
3531 3987 3669 4040 Nam
3702 3990 3748 4043 si

2170 4074 2438 4142 contingat
2467 4073 2551 4128 vel
2577 4075 2897 4129 calumniam
2919 4115 2934 4140 ,
2967 4076 3047 4130 vel
3073 4075 3417 4142 cachinnum,
3454 4079 3539 4132 vel
3588 4081 3751 4134 aliam

2168 4164 2405 4232 quamvis
2433 4164 2808 4218 contumeliam
2853 4175 2907 4220 et
2954 4165 3250 4219 molestiam
3282 4167 3334 4219 in
3374 4181 3474 4221 nos
3517 4169 3750 4236 inferri,

2167 4267 2308 4322 same
2351 4262 2526 4308 autem
2567 4255 2727 4308 multa
2768 4255 3067 4323 hujusmodi
3112 4259 3412 4310 necessario
3451 4261 3710 4315 accidunt.
3735 4303 3750 4324 ,

2167 4343 2232 4396 ad
2260 4359 2417 4411 quem
2447 4342 2856 4413 confugiemus?
2882 4346 3018 4414 apud
3056 4361 3214 4415 quem
3239 4347 3506 4416 angustias
3532 4359 3755 4405 nostras

2167 4432 2609 4488 exonerahimus?
2634 4435 2754 4503 quis
2777 4434 3142 4490 defensionem
3187 4436 3442 4506 suscipiet
3465 4441 3755 4494 nostram?

2166 4523 2284 4591 quis
2312 4524 2556 4578 mteroris
2601 4533 2848 4580 auctores
2890 4525 3140 4580 retundet
3175 4536 3335 4595 atque
3378 4527 3620 4593 sedabit,
3652 4545 3757 4584 no-

2165 4614 2351 4683 bisque
2405 4615 2648 4669 dolorum
2698 4617 2857 4671 finem
2905 4617 3095 4682 faciet,
3142 4626 3197 4672 et
3241 4618 3488 4672 solatium
3520 4619 3752 4686 afferet,

2168 4715 2484 4773 paratosque
2511 4721 2609 4760 nos
2646 4706 2834 4762 reddet
2854 4707 2920 4762 ad
2948 4708 3168 4762 aliorum
3200 4707 3448 4763 ferendas
3475 4709 3756 4779 ineptias?

2167 4793 2336 4849 Nemo
2361 4809 2490 4849 sane
2519 4795 2701 4862 adest,
2734 4805 2786 4851 te
2813 4797 2879 4852 ab
2900 4797 3002 4851 hoc
3026 4799 3338 4866 gravissimo
3371 4799 3512 4854 bello
3557 4804 3755 4870 procul

2169 4895 2374 4940 remoto
2398 4925 2412 4950 ,
2451 4893 2508 4939 ut
2543 4901 2611 4940 ne
2650 4887 2935 4942 clamorem
2965 4887 3178 4957 quidem
3217 4905 3392 4943 mourn
3432 4891 3627 4948 audire
3657 4909 3757 4948 va-

2167 4977 2296 5031 leas.
2343 4978 2425 5031 An
2471 4978 2610 5031 nosti
2649 4987 2904 5047 quantum
2953 4979 3232 5034 admiseris
3278 4981 3510 5036 malum?
3556 5000 3630 5038 an
3657 4987 3749 5039 vel

2165 5082 2341 5132 nunc,
2373 5076 2652 5137 postquam
2683 5070 3020 5136 percussisti,
3061 5071 3306 5140 agnoscis
3365 5087 3522 5140 quam
3578 5072 3756 5128 letale

2165 5158 2294 5213 mihi
2322 5160 2510 5214 vulnus
2539 5159 2834 5214 inﬂixeris?
2859 5159 3054 5215 Verum
3092 5163 3207 5216 haec
3243 5163 3401 5216 missa
3442 5162 3751 5217 faciamus:

2165 5263 2336 5318 neque
2365 5249 2503 5302 enim
2533 5248 2786 5318 deinceps
2812 5260 3060 5319 p0terunt
3082 5266 3145 5306 ea
3170 5251 3422 5316 dissolvi,
3453 5269 3577 5321 qua:
3613 5254 3752 5308 facta

2163 5351 2320 5406 sunt,
2351 5355 2524 5409 neque
2563 5341 2735 5396 exitus
2773 5343 2991 5410 reperiri
3045 5342 3097 5397 in
3140 5343 3299 5398 rebus
3338 5344 3481 5397 exitu
3507 5347 3751 5399 carenti-

2165 5428 2281 5482 bus.
2319 5429 2454 5495 Quid
2485 5443 2645 5497 porro
2694 5430 2761 5483 ad
2807 5439 3018 5484 exteros
3070 5430 3344 5486 dicemus?
3383 5430 3510 5500 quid
3558 5448 3752 5486 eorum

2164 5523 2620 5578 criminationibus
2659 5523 3140 5592 respondebimus?

2237 5613 2288 5666 8.
2314 5610 2654 5683 Chrysoslomi
2672 5614 2895 5683 defensio
2916 5629 3028 5668 cum
3047 5614 3426 5686 reprehensione
3445 5614 3751 5684 enim“.
