3890 6220
139 206 247 262 627

137 324 301 378 νέντα
332 341 436 377 που
456 323 558 396 τῆς
585 324 788 388 πόλεως
821 336 869 391 ο,
899 323 1152 387 λαϐόντες
1179 326 1491 394 καταμόνας
1531 328 1646 378 ὅσοι
1683 327 1819 396 πρὸς

137 413 289 482 ἡμᾶς
324 412 540 474 οἰκείως
589 411 810 481 ἔχουσι,
865 411 943 482 τῷ
976 412 1182 464 πλείονί
1224 429 1290 481 με
1338 412 1438 481 τῆς
1486 417 1821 483 κατηγορίας

137 499 504 552 ὑποϐάλλουσι
539 500 714 570 μέρει.
769 499 960 552 Εἰδότα
994 499 1103 570 γὰρ
1133 499 1296 551 αὑτοῦ
1324 501 1423 570 τὴν
1452 499 1698 571 γνώμην,
1720 518 1821 570 φα-

137 587 249 652 σὶν,
281 590 400 643 οὑδέ
429 590 538 660 γὰρ
569 589 634 643 ἄν
659 606 716 642 σε
749 589 906 642 ἔλαθέ
935 607 988 642 τι
1019 589 1129 642 τῶν
1156 590 1386 654 ἐκείνου,
1418 592 1517 644 οὐκ
1547 591 1654 644 ἔδει
1682 593 1820 644 ἀπο-

135 676 474 748 κρύψασθαι,
497 678 610 730 ἀλλ’
634 679 763 747 ἡμῖν
781 677 1250 731 ἀνακοινώσασθαι
1277 679 1463 749 ἐχρῆν,
1489 680 1583 732 καὶ
1604 679 1822 743 πάντως

132 765 242 817 οὑκ
272 764 337 818 ἂν
359 766 719 835 ἦπορήσαμεν
755 765 1005 834 μηχανῆς
1031 765 1165 835 πρὸς
1195 765 1292 836 τὴν
1325 766 1517 837 ἄγραν.
1570 766 1713 835 Ἐγὼ
1742 767 1818 832 δὲ,

131 853 224 904 ὅτι
254 853 352 922 μέν
402 870 460 905 σε
502 852 602 904 οὑκ
643 852 790 923 ᾔδειν
835 855 898 904 ἐκ
938 852 1132 905 πολλοῦ
1197 852 1372 906 ταῦτα
1414 853 1819 924 βουλευόμενον,

133 941 468 1011 αἰσχύνομαι
514 940 607 994 καὶ
653 939 890 1011 ἐρυθριῶ
935 939 1074 1011 πρὸς
1108 940 1350 1003 ἐκείνους
1387 943 1581 1003 εἰπεῖν,
1611 943 1821 1012 μήποτε

139 1029 238 1080 καὶ
267 1030 555 1100 ὑπόκρισιν
577 1029 674 1100 τὴν
705 1027 980 1099 ἡμετέραν
1015 1024 1154 1081 εἶναι
1199 1029 1464 1098 νομίσωσι
1514 1030 1716 1098 φιλίαν.
1759 1031 1821 1082 ΕΞ

137 1116 252 1186 γάρ
280 1117 373 1169 καὶ
407 1116 574 1179 ἔστιν,
606 1116 795 1186 ὥσπερ
826 1111 917 1168 οὖν
949 1116 1040 1168 καὶ
1079 1115 1244 1182 ἔστιν,
1281 1119 1377 1170 καὶ
1417 1117 1538 1168 οὐδὲ
1567 1115 1633 1168 ἂν
1659 1118 1822 1180 αὐτὸς

135 1203 476 1274 ἀρνηθείης,
525 1203 582 1270 ἐξ
617 1197 694 1256 ὧν
742 1206 821 1267 είς
869 1205 1016 1274 ἡμᾶς
1071 1203 1313 1275 ἔπραξας
1366 1203 1491 1258 νῦνο
1525 1203 1660 1256 ἀλλά
1696 1205 1822 1267 τοὺς

135 1290 341 1354 ἔξωθεν
373 1293 465 1344 καὶ
496 1291 720 1361 μετρίαν
761 1290 890 1360 γοῦν
927 1290 1056 1360 περὶ
1089 1291 1245 1361 ἡμῶν
1275 1291 1497 1361 ἔχοντας
1531 1290 1688 1354 δόξαν
1722 1308 1824 1343 κα-

135 1375 232 1429 λὸν
280 1378 351 1431 τά
403 1378 650 1449 ἡμέτερα
694 1377 956 1446 κρύπτειν
990 1377 1156 1434 κακά.
1192 1378 1381 1430 Είπεῖν
1419 1377 1518 1446 μὲν
1551 1373 1644 1431 οὖν
1687 1379 1824 1449 πρδς

134 1464 339 1526 αὐτοὺς
375 1463 625 1534 τάληθὲς,
651 1463 746 1518 καὶ
776 1465 852 1527 ὡς
876 1463 992 1533 ἔχει
1023 1463 1092 1516 τά
1119 1462 1238 1516 καθ’
1256 1465 1423 1535 ἡμᾶς,
1457 1463 1601 1517 ὀκνῶ
1618 1481 1631 1494 ο
1653 1465 1817 1532 ἀναγ-

135 1551 380 1621 κάζομαι
410 1551 467 1604 δὲ
489 1550 672 1605 λοιπὸν
702 1551 911 1622 σιωπᾷν
938 1551 1033 1604 καὶ
1055 1549 1286 1606 κύπτειν
1318 1553 1399 1614 εἰς
1431 1551 1536 1621 γῆν
1567 1553 1661 1604 καὶ
1696 1553 1822 1615 τοὺς

137 1638 499 1704 ἀπαντῶντας
547 1639 912 1710 ἐκτρέπεσθαι
959 1638 1056 1692 καὶ
1091 1639 1400 1710 ἀποπηδᾷν.
1433 1640 1552 1694 Κᾶν
1584 1640 1693 1709 γάρ
1724 1640 1821 1709 τὴν

135 1728 414 1800 προτέραν
438 1726 663 1796 ἐκφύγω
695 1727 1062 1795 κατάγνωσιν,
1089 1726 1319 1796 ψεύδους
1362 1728 1576 1797 ἀνάγκη
1614 1745 1681 1798 με
1709 1728 1825 1797 κρί-

132 1817 332 1871 νεσθαι
360 1815 566 1870 λοιπόν.
595 1816 729 1869 Οὐδὲ
760 1815 870 1886 γὰρ
895 1814 1213 1886 ἐθελήσουσι
1243 1833 1330 1886 μοι
1352 1815 1642 1868 πιστεῦσαί
1669 1833 1818 1879 ποτε,

135 1907 224 1958 ὅτι
247 1906 345 1959 καὶ
377 1903 652 1958 Βασίλειον
677 1903 815 1973 μετὰ
841 1902 952 1956 τῶν
1001 1903 1176 1957 ἄλλων
1209 1902 1404 1967 ἔταξας
1423 1942 1438 1967 ,
1465 1899 1544 1965 οἷς
1573 1903 1633 1956 οὑ
1665 1903 1822 1972 Θέμις

134 1993 341 2047 εἰδέναι
390 1992 460 2044 τά
492 1991 582 2046 σά.
622 1991 782 2043 Ἀλλά
823 1990 1054 2063 τούτωνΔ
1081 1991 1180 2062 μὲν
1213 1992 1274 2044 οὐ
1318 1991 1485 2054 πολύς
1531 2008 1620 2062 μοι
1644 1991 1819 2059 λόγος,

134 2081 332 2151 ἐπειδή
367 2097 449 2133 σοι
479 2079 640 2133 τοῦτο
667 2079 893 2148 γέγονεν
919 2079 1020 2148 ἡδύ
1039 2096 1054 2110 ο
1085 2080 1184 2150 τὴν
1219 2079 1276 2132 δέ
1301 2078 1494 2150 λοιπὴν
1521 2079 1550 2118 δ
1585 2078 1702 2141 πῶς
1739 2078 1821 2130 οἴ-

135 2186 314 2240 σομεν
337 2165 644 2238 αἰσχύνηνς
674 2167 738 2219 Oi
765 2166 863 2236 μὲν
889 2165 998 2237 γάρ
1024 2166 1280 2229 ἀπονοίας
1298 2207 1312 2229 ,
1348 2166 1398 2218 οί
1431 2166 1488 2219 δὲ
1522 2164 1822 2235 φιλοδοξίας

136 2273 204 2309 σε
231 2256 569 2328 γράφονταιο
617 2254 732 2306 ὅσοι
769 2252 826 2306 δέ
857 2255 994 2306 εἰσιν
1023 2253 1396 2324 ἀφειδέστεροι
1428 2252 1535 2305 τῶν
1565 2252 1822 2322 αίτιωμέ-

133 2360 270 2406 νων,
305 2341 478 2396 ταῦτά
504 2357 562 2394 τε
603 2343 736 2412 ἡμῖν
790 2340 1082 2410 ἀμφότερα
1134 2339 1459 2408 ἐγκαλοῦσιν
1513 2337 1650 2408 ὁμοῦ
1677 2381 1691 2405 ,
1726 2341 1821 2392 καὶ

133 2429 497 2500 προστιθέασι
522 2430 622 2498 τὴν
648 2429 726 2491 είς
757 2428 885 2490 τοὺς
913 2427 1276 2498 τετιμηκότας
1308 2426 1487 2499 ὓϐριν,
1506 2427 1690 2480 δίκαια
1721 2444 1818 2478 πε-

133 2516 398 2570 πονθέναι
434 2516 684 2584 λέγοντες
719 2516 937 2578 αὐτοὺς,
971 2517 1066 2569 καὶ
1103 2517 1154 2568 εί
1204 2515 1428 2586 μείζονα
1476 2515 1680 2568 τούτων
1709 2515 1822 2568 ἀτι-

137 2602 447 2674 μασθέντες
475 2603 663 2674 ἔτυχον
703 2603 832 2674 παρ’
885 2601 1063 2672 ἡμῶν,
1096 2603 1179 2656 ὅτι
1223 2602 1512 2664 τοσούτους
1544 2603 1637 2655 καὶ
1674 2601 1823 2672 τηλι-

131 2691 374 2754 κούτους
401 2691 632 2762 ἀφέντες
663 2689 884 2760 ἀνδρας,
915 2690 1174 2759 μειράκια
1221 2689 1349 2759 χθὲς
1395 2691 1491 2742 καὶ
1525 2689 1718 2761 πρώην
1742 2689 1822 2743 έτι

132 2782 265 2844 ταῖς
291 2778 385 2831 τοῦ
416 2778 531 2849 βίου
556 2778 846 2849 μερίμναις
867 2776 1345 2847 ἐγκαλινδούμενα,
1375 2777 1462 2830 ἶνα
1477 2778 1667 2849 χρόνον
1692 2777 1824 2850 βρα-

133 2869 246 2938 χὺν
271 2867 370 2930 τάς
396 2866 567 2937 ὀφρῦς
595 2865 963 2933 συναγάγωσι,
992 2863 1087 2917 καὶ
1119 2865 1255 2934 φαιά
1284 2864 1707 2936 περιϐάλωνται,
1729 2866 1822 2918 καὶ

130 2954 448 3024 κατήφειαν
478 2952 896 3021 ύποκρίνωνται,
919 2949 1180 3020 ἐξαίφνης
1210 2952 1292 3013 είς
1318 2950 1585 3020 τοσαύτην
1615 2950 1822 3020 ἤγαγον

131 3040 332 3111 τιμὴν,
365 3041 498 3110 ὅσην
525 3039 646 3092 ούδέ
672 3038 805 3109 ὄναρ
842 3037 1107 3108 λήψεσθαι
1144 3037 1576 3107 προσεδόκησαν.
1634 3037 1741 3090 Καὶ
1768 3039 1820 3090 οί

135 3130 249 3200 μὲν
278 3129 344 3180 ἐκ
381 3126 602 3197 πρώτης
647 3124 868 3196 ἡλικίας
899 3127 978 3188 είς
1016 3124 1241 3195 ἔσχατον
1277 3126 1455 3196 γῆρας
1484 3124 1580 3195 τὴν
1613 3125 1822 3178 ἑαυτῶν

131 3215 486 3278 ἐκτείναντες
513 3214 762 3283 ἄσκησιν,
797 3215 856 3266 ἐν
879 3215 991 3276 τοῖς
1028 3211 1354 3282 ἀρχομένοις
1385 3212 1522 3265 εἰσίν
1544 3228 1558 3242 ’
1594 3212 1822 3283 ἀρχουσι
1869 3207 1874 3211 ’

130 3305 197 3358 δὲ
230 3303 412 3357 αὑτῶν
446 3304 494 3356 οἱ
525 3303 713 3366 παῖδες
751 3300 949 3364 αὐτῶν,
985 3301 1080 3353 καὶ
1120 3299 1256 3371 μηδέ
1296 3299 1422 3363 τοὺς
1453 3299 1650 3368 νόμους
1683 3301 1824 3370 ἀκη-

129 3391 334 3455 κοότες
363 3391 482 3444 καθ’
514 3389 605 3453 οὓς
630 3388 835 3459 ταύτην
867 3387 948 3440 δεῖ
976 3386 1198 3440 διοικεῖν
1219 3387 1318 3458 τὴν
1343 3387 1518 3458 ἀρχήν
1552 3397 1599 3440 ε.
1639 3387 1823 3441 Ταῦτα

132 3478 243 3533 καὶ
276 3479 496 3531 πλείονα
531 3475 734 3530 τούτων
772 3475 1022 3543 λέγοντες
1049 3474 1290 3545 συνεχῶς
1312 3475 1442 3544 ἡμῖν
1481 3474 1818 3543 ἐπιφύονται.

145 3568 302 3637 Ἐγὼ
335 3567 436 3620 δέὃ
463 3583 516 3619 τι
553 3564 651 3636 μὲν
692 3563 1107 3634 ἀπολογήσομαι
1156 3562 1291 3632 πρὸς
1321 3561 1496 3615 ταῦτα
1543 3563 1644 3616 οὐκ
1693 3562 1820 3632 ἔχω,

125 3656 336 3723 δέομαι
379 3654 437 3707 δέ
494 3670 588 3706 σου
623 3652 829 3724 φράσαι
868 3668 980 3721 μοι.
1015 3649 1150 3704 Οὐδὲ
1189 3649 1298 3720 γὰρ
1329 3648 1515 3713 ἁπλῶς
1543 3649 1662 3703 οὐδὲ
1701 3651 1822 3721 είκῆ

129 3743 354 3811 ταύτην
385 3737 540 3812 οίμαί
594 3758 652 3794 σε
686 3743 877 3810 φυγεῖν
909 3738 1008 3809 τὴν
1059 3737 1259 3808 φυγὴν,
1311 3739 1406 3790 καὶ
1456 3738 1592 3807 πρὸς
1624 3737 1826 3808 ἄνδρας

131 3830 291 3884 οὑτω
325 3829 594 3899 μεγάλους
625 3829 897 3897 τοσαύτην
923 3824 1284 3892 ἀναδέξασθαι
1323 3825 1423 3896 τὴν
1446 3824 1668 3894 ἔχθραν,
1690 3825 1824 3879 ἀλλά

137 3917 294 3989 μετά
325 3933 470 3976 τινος
499 3915 761 3986 λογισμοῦ
788 3914 882 3968 καὶ⁸
906 3913 1151 3982 σκέψεως
1178 3913 1270 3965 ἐπὶ
1293 3911 1453 3966 τοῦτο
1483 3912 1680 3972 ἐλθεῖν.
1702 3912 1823 3966 ὅθεν

133 4006 245 4060 καὶ
278 4005 437 4072 λόγον
463 4005 680 4074 ἕτοιμον
712 3999 850 4056 εἷναί
879 4018 959 4054 σοι
984 4001 1117 4072 πρὸς
1149 3999 1444 4068 ἀπολογίαν
1470 3999 1819 4070 στοχάζομαι.

135 4093 285 4147 Εἰπὲ
313 4088 407 4145 οὖν
435 4091 490 4144 εἴ
511 4107 634 4144 τινα
651 4090 922 4160 πρόφασιν
939 4088 1092 4160 [567]
1111 4087 1324 4140 δικαίαν
1345 4088 1480 4157 πρὸς
1509 4088 1634 4151 τοὺς
1655 4089 1823 4155 ἐγκα-

135 4179 378 4242 λοῦντας
416 4177 758 4249 δυνησόμεθα
798 4176 998 4244 λέγειν.
1055 4170 1158 4228 Ὧν
1209 4175 1316 4246 γὰρ
1367 4175 1529 4238 αὐτὸς
1559 4175 1823 4246 ἠδίκημαι

135 4267 303 4339 παρά
328 4266 444 4330 σοῦ,
477 4267 669 4320 οὑδένα
693 4264 911 4319 ἀπαιτῶ
937 4264 1115 4333 λόγον,
1153 4265 1252 4335 οὐχ
1282 4256 1356 4317 ὦν
1385 4261 1696 4334 ﬁnit-quq,
1727 4265 1824 4335 οὐχ

134 4349 225 4410 ὧν
251 4354 598 4427 προῦδωκας,
629 4354 726 4424 οὐχ
768 4347 843 4407 ὧν
877 4353 1200 4424 ἀπήλαυσας
1239 4353 1368 4423 παρ’
1407 4353 1563 4423 ἡμῶν
1611 4353 1825 4407 ἅπαντα

132 4445 241 4496 τὸν
269 4442 578 4513 ἔμπροσθεν
608 4443 818 4513 χρόνον.
860 4442 1052 4511 Ἡμεῖς
1082 4441 1182 4510 μὲν
1221 4439 1330 4510 γὰρ
1379 4440 1471 4492 καὶ
1509 4439 1608 4511 τήν
1647 4440 1824 4510 ψυχὴν

133 4532 250 4604 τὴν
271 4533 567 4602 ἡμετέραν,
596 4531 672 4594 ὡς
701 4532 898 4596 εἰπεῖν,
919 4529 1195 4600 φέροντες,
1229 4526 1565 4598 ἐνεθήκαμέν
1590 4545 1683 4582 σου
1706 4531 1826 4592 ταῖς

134 4619 342 4691 χερσί·
379 4620 442 4672 σὺ
468 4619 524 4671 δὲ
559 4618 797 4689 τοσαύτῃ
827 4619 963 4690 πρὸς
996 4617 1141 4687 ἡμᾶς
1171 4616 1390 4686 ἐχρήσω
1408 4617 1473 4685 τῇ
1493 4618 1823 4688 πανουργίᾳ,

129 4709 360 4778 ὃσῃπερ
393 4706 463 4760 ἂν
504 4708 553 4759 εί
600 4706 892 4776 πολεμίους
945 4704 1033 4758 σοί
1065 4720 1218 4766 τινας
1276 4702 1615 4774 φυλάξασθαι
1660 4703 1828 4775 προῦ-

132 4813 323 4851 κειτο.
376 4796 566 4849 Καίτοι
607 4812 669 4863 γε
698 4795 888 4866 ἐχρῆν,
935 4795 984 4846 εἰ
1014 4794 1114 4863 μὲν
1145 4792 1422 4861 ὠφέλιμον
1448 4791 1654 4862 ταύτην
1679 4793 1827 4863 ᾔδεις

129 4881 318 4939 οὖσαν
342 4884 440 4954 τὴν
462 4883 708 4955 γνώμην,
748 4883 883 4954 μηδέ
907 4881 1080 4951 αὐτῆς
1119 4882 1180 4934 τὸ
1203 4879 1228 4918 δ
1273 4879 1466 4952 κέρδος
1508 4883 1699 4949 φυγεῖν
1719 4897 1733 4909 ο
1777 4883 1826 4934 εί

130 4975 202 5028 δὲ
235 4972 531 5041 ἐπιϐλαὸῆ.
565 4973 660 5025 καὶ
694 4973 862 5041 ἡμᾶς,
895 4969 990 5032 οὓς
1015 4969 1271 5023 ἀπάντων
1294 4968 1382 5022 ἀεὶ
1410 4969 1683 5039 προτιμᾷν
1707 4968 1825 5020 ἔλεκ-

131 5078 268 5132 τες,
321 5061 629 5125 ἀπαλλάξαι
661 5060 761 5130 τῆς
809 5059 1032 5130 ζημίας.
1062 5059 1135 5112 Σὺ
1169 5058 1226 5110 δέ
1251 5058 1348 5110 καὶ
1373 5058 1519 5120 ὅπως
1552 5057 1824 5127 ἐμπεσού-

136 5147 297 5220 μεθα
342 5150 558 5201 ᾶπαντα
603 5146 876 5218 ἔπραξας·
924 5145 1021 5198 καὶ
1061 5144 1212 5198 δόλου
1246 5162 1326 5198 σοι
1356 5145 1451 5197 καὶ
1483 5143 1824 5215 ὑποκρίσεως

133 5239 373 5307 ἐδέησεν
403 5233 556 5288 οὐδὲν
593 5236 727 5306 πρὸς
754 5234 847 5287 τὸν
876 5233 1080 5296 ἀδόλως
1123 5233 1218 5286 καὶ
1256 5231 1442 5294 ἁπλῶς
1485 5231 1702 5286 ἅπαντα
1734 5235 1826 5286 καὶ

133 5327 336 5393 λέγειν
356 5325 451 5377 καὶ
490 5323 749 5395 πράττειν
781 5322 1010 5377 εἰωθότα
1042 5322 1179 5394 πρὸς
1200 5322 1278 5374 σέ.
1326 5321 1466 5374 Ἀλλ’
1493 5322 1662 5391 ὅμως,
1688 5322 1824 5391 ὅπερ

210 5430 236 5501 ξ’
268 5430 509 5501 Duorm“.
534 5430 733 5501 φανέντα
755 5429 1034 5501 τῇςὴμέρας
1053 5429 1189 5490 μέρος
1313 5426 1515 5501 πόλεως.

211 5487 241 5526 1³
268 5495 488 5550 Qualuor
509 5487 622 5538 mss.
647 5493 741 5538 τῶν
765 5491 816 5537 δὲ
838 5487 1036 5549 λοὶπῶν,
1056 5487 1179 5550 qua;
1207 5487 1359 5535 lectio
1388 5487 1820 5550 lAlonrspernenda.

209 5572 234 5594 «-
263 5548 470 5612 Quidam
497 5566 608 5599 mss.
637 5552 738 5599 καθ’
762 5552 842 5606 οὓς
862 5553 1036 5612 ταύτην
1052 5548 1221 5603 αὑτοὺς
1243 5548 1432 5612 διοικεῖν
1448 5549 1544 5612 *τήν
1563 5548 1729 5612 ἀρχήν.

213 5625 240 5652 σι
265 5605 348 5662 Sir
372 5617 579 5661 maxima
602 5626 712 5674 pws
735 5605 848 5660 mss}
880 5605 1008 5674 [£1]in
1049 5620 1100 5658 el
1128 5611 1368 5674 aliinmBE-z
1407 5609 1548 5656 αὑτὸν
1589 5605 1660 5656 τό.
1698 5610 1822 5657 Infra

130 5697 156 5728 ο
173 5680 282 5726 Lai-1
307 5680 411 5736 νυνι
436 5671 623 5731 ἐδίησεῦ
644 5675 783 5722 does!
806 5677 854 5722 in
876 5671 1025 5722 Satil.
1053 5679 1105 5719 el
1124 5674 1170 5720 in
1190 5671 1374 5730 aliquot
1406 5684 1519 5717 mss.
1777 5693 1779 5696 ι

581 5762 848 5823 PATBOL.
895 5763 1010 5820 Gn.
1063 5763 1320 5824 XLVIII

1471 208 1557 264 DE
1587 210 2037 266 SACERD‘OTIO
2078 210 2208 266 LIB.
2251 211 2289 264 I.

1927 326 2084 396 ἔφην,
2125 325 2277 379 οὐδὲν
2309 325 2514 378 τούτων
2535 325 2752 394 ἐγκαλῶ
2780 325 2896 391 νῦν,
2927 327 3047 380 οὑδὲ
3075 327 3319 393 ὀνειδίζω
3342 329 3441 402 τὴν
3473 334 3609 404 ἐρη-

1927 413 2078 483 μίαν,
2114 414 2194 476 είς
2222 414 2290 484 ἢν
2333 413 2676 484 κατέστησας
2704 416 2876 485 ἡμᾶς,
2909 416 3009 478 τὰς
3046 416 3301 478 συνόδους
3345 417 3610 486 διακόψας

1922 501 2158 564 ἐκείνας,
2184 499 2243 565 ἐξ
2272 494 2347 554 ὧν
2379 503 2473 555 καὶ
2496 502 2690 573 ἡδονὴν
2712 504 2805 555 καὶ
2830 503 3101 572 ὠφέλειαν
3130 502 3191 556 οὗ
3215 503 3314 574 τὴν
3335 489 3608 575 τυχοῦσαν

1924 588 2368 660 ἐκαρπωσάμεθα
2418 589 2712 653 πολλάκις·
2769 589 2906 643 ἀλλά
2953 590 3131 643 πάντα
3175 591 3349 644 ταῦτα
3380 591 3609 662 ἀφίημι,

1925 676 2018 728 καὶ
2041 675 2192 748 φέρω
2223 679 2346 747 σιγῇ
2379 677 2474 729 καὶ
2503 677 2694 748 πράως
2713 694 2727 708 ο
2765 678 2866 730 οὐκ
2890 678 3079 749 ἐπειδὴ
3110 679 3303 748 πράως
3348 681 3428 743 είς
3456 680 3608 750 ἡμᾶς

1927 762 2359 834 ἐπλημμέλησας
2382 807 2397 829 ,
2432 765 2550 817 ἀλλ’
2589 765 2778 837 ἐπειδὴ
2817 764 3006 818 τοῦτον
3030 765 3202 837 ἔθηκα
3245 766 3470 837 ἐμαυτῷ
3519 765 3612 819 τὸν

1925 849 2087 920 νόμον
2117 849 2224 903 ἀπὸ
2255 850 2354 920 τῆς
2385 851 2597 922 ἡμέρας
2644 851 2860 921 ἐκείνης
2887 847 2955 922 ἦς
2991 853 3091 922 τὴν
3142 853 3324 921 φιλίαν
3373 852 3611 922 ἔστερξα

1925 935 2023 1007 τὴν
2054 936 2151 1007 σὴν
2177 977 2190 999 ,
2239 937 2380 1008 ὑπὲρ
2429 931 2504 989 ὧν
2533 937 2599 990 ἂν
2626 937 2787 1010 θέλῃς
2810 939 2956 1009 ἡμᾶς
2985 938 3197 1002 λυπεῖν,
3249 940 3520 1011 μηδέποτέ
3552 957 3614 992 σε

1927 1026 2007 1086 είς
2030 1023 2328 1093 ἀπολογίας
2360 1025 2604 1097 ἀνάγκην
2640 1025 2924 1096 καθιστᾷν.
2977 1028 3150 1091 Ἐπεὶ,
3189 1028 3272 1080 ὅτι
3317 1044 3379 1096 γε
3420 1029 3480 1080 οὐ
3525 1045 3613 1098 μι-

1927 1111 2065 1178 κράν
2095 1122 2118 1150 ο
2157 1111 2262 1182 τὴν
2291 1112 2493 1182 ζημίαν
2527 1115 2659 1184 ἡμῖν
2692 1113 2995 1183 ἐπήγαγες,
3037 1110 3195 1167 οἶσθα
3219 1116 3309 1167 καὶ
3347 1114 3532 1179 αὐτὸς,
3565 1115 3616 1167 εί

1928 1215 1990 1267 γε
2023 1199 2298 1268 μέμνησαι
2330 1200 2438 1253 τῶν
2489 1201 2772 1272 ῥημάτων,
2816 1200 3041 1254 καὶτῶν
3072 1199 3224 1274 παρά
3261 1201 3370 1254 τῶν
3412 1200 3613 1267 ἔξωθεν

1928 1287 2057 1357 περὶ
2080 1286 2258 1356 ἡμῶν,
2287 1287 2380 1339 καὶ
2409 1286 2518 1340 τῶν
2545 1289 2633 1357 ὑφ’
2661 1290 2693 1358 ή
2703 1287 2820 1360 μῶν
2850 1287 3162 1360 λεγομένων
3191 1289 3312 1342 ἀεί’
3341 1287 3515 1342 ταῦτα
3554 1289 3612 1342 δὲ

1925 1369 2016 1444 ἦν,
2057 1374 2139 1426 ὃτι
2165 1373 2299 1426 πολὺ
2341 1374 2532 1446 κέρδος
2555 1376 2685 1446 ἡμῖν
2719 1376 3018 1447 όμοψύχοις
3055 1375 3195 1431 εἷναί
3228 1395 3286 1430 τε
3322 1377 3416 1430 καὶ
3438 1377 3614 1448 φράτ-

1927 1461 2114 1514 τεσθαι
2140 1464 2206 1533 τῇ
2238 1462 2374 1534 πρὸς
2397 1463 2660 1535 ἀλλήλους
2689 1464 2860 1536 φιλίᾳ.
2889 1466 3001 1518 Καὶ
3025 1467 3075 1519 οί
3105 1466 3204 1536 μὲν
3222 1465 3372 1519 ἄλλοι
3408 1466 3612 1528 πάντες

1926 1549 2151 1618 ἔλεγον,
2202 1551 2298 1603 καλ⁸
2345 1550 2555 1620 ἐτέροις
2611 1551 2828 1615 πολλοῖς
2857 1553 2917 1604 οὑ
2963 1553 3168 1623 μικρὰν
3199 1553 3472 1622 ὠφέλειαν
3512 1553 3612 1623 τὴν

1928 1638 2202 1708 ἡμετέραν
2243 1638 2412 1692 οἴσειν
2451 1640 2738 1710 ὁμόνοιαν
2778 1639 2892 1708 ἐγὼ
2918 1641 2975 1692 δέ
3005 1640 3275 1709 ὠφέλειαν
3328 1640 3428 1710 μὲν
3455 1641 3612 1694 οὑδὲ-

1929 1742 2057 1778 ποτε
2081 1727 2363 1796 ἐνενόησα,
2387 1727 2448 1779 τό
2471 1744 2536 1795 γε
2567 1728 2648 1790 είς
2677 1727 2778 1796 ἐμὲ
2809 1723 2965 1799 ἧκον,
2994 1728 3253 1798 παρέξειν
3281 1729 3454 1781 τισίν·
3491 1728 3611 1781 ἔλε-

1927 1830 2023 1882 γον
2043 1813 2120 1881 δὲ,
2146 1814 2232 1867 ὅτι
2257 1814 2414 1867 τοῦτο
2447 1815 2578 1882 γοῦν
2607 1817 2700 1869 ἀπ’
2727 1815 2900 1885 αὑτῆς
2936 1815 3313 1886 κερδανοῦμεν
3335 1816 3528 1886 κέρδος
3547 1817 3611 1870 οὑ

1931 1900 2146 1972 μικρὸν,
2177 1901 2238 1953 τὸ
2261 1900 2611 1973 δυσχείρωτοι
2636 1901 2892 1970 γενέσθαι
2930 1903 2951 1940 τ
2987 1903 3101 1966 τοῖς
3129 1903 3610 1972 καταγωνίσασθαι

1929 1987 2268 2060 βουλομένοις
2281 1990 2446 2059 ἡμᾶς.
2463 1990 2574 2043 Καὶ
2589 1990 2765 2044 ταῦτά
2787 2007 2846 2042 σε
2864 1991 3299 2061 ὑπομιμνήσκων
3326 1991 3427 2044 οὐκ
3445 1992 3611 2045 ἐπαυ-

1929 2074 2109 2146 σάμην
2132 2075 2284 2128 ποτέ.
2310 2075 2562 2140 Χαλεπδς
2589 2077 2618 2129 6
2641 2076 2860 2149 καιρόςο
2901 2079 2952 2131 οἱ
2998 2077 3442 2141 ἐπιδουλεύοντες
3480 2078 3611 2132 πολ-

1926 2164 2035 2216 λοί·
2063 2165 2123 2218 τὸ
2155 2165 2254 2236 τῆς
2287 2165 2510 2236 ἀγάπης
2543 2167 2764 2236 γνήσιον
2810 2166 3091 2220 ἀπόλωλεν
3115 2185 3128 2197 ⁸
3169 2167 3526 2237 ἀντεισῆκται
3551 2167 3609 2220 δὲ

1926 2253 1954 2303 6
1989 2253 2089 2323 τῆς
2131 2251 2431 2322 βασκανίας
2471 2251 2722 2325 δλεθρος·
2751 2257 2808 2308 ἐν
2862 2256 3015 2325 μέσῳ
3055 2254 3297 2323 παγίδων
3339 2256 3610 2308 διαϐαίνο-

1929 2355 2050 2408 μεν,
2090 2339 2184 2392 καὶ
2223 2339 2317 2392 ἐπὶ¹
2365 2339 2645 2405 ἐπάλξεων
2685 2340 2896 2394 πόλεων
2929 2340 3380 2412 περιπατοῦμεν·
3419 2342 3470 2393 οί
3508 2341 3607 2411 μὲν

1927 2425 2130 2494 έτοιμοι
2156 2427 2272 2489 τοῖς
2293 2426 2583 2497 ἡμετέροις
2605 2427 2708 2497 ἐφη
2718 2427 2910 2498 σθῆναι
2941 2431 3151 2492 κακοῖς,
3171 2427 3371 2481 εἴποτέ
3393 2445 3445 2480 τι
3471 2444 3611 2498 συμ-

1927 2511 2056 2582 ϐαίη
2073 2552 2089 2576 ,
2118 2512 2302 2566 πολλοὶ
2333 2514 2425 2567 καὶ
2463 2512 2793 2584 πολλαχόθεν
2824 2517 2848 2555 8
2866 2516 3232 2588 ἐφεστήκασιν
3250 2532 3262 2546 ’
3290 2516 3390 2570 ὀδέ
3415 2516 3612 2570 συναλ-

1927 2599 2114 2669 γήσων
2151 2599 2329 2662 οὐδεὶς
2354 2639 2369 2665 ,
2403 2598 2436 2670 ἢ
2481 2602 2575 2653 καὶ
2608 2600 2970 2672 εὐαρίθμητοι
3019 2602 3159 2655 λίαν.
3195 2602 3340 2673 Ὅρα
3387 2601 3463 2672 μὴ
3491 2601 3610 2654 δια-

1929 2686 2152 2749 στάντες
2173 2686 2306 2740 ποτέ
2337 2686 2506 2741 πολὺν
2539 2687 2630 2740 τὸν
2657 2687 2868 2756 γέλωτα
2887 2688 3236 2760 όφλήσωμεν,
3271 2689 3366 2742 καὶ
3394 2687 3488 2741 τοῦ
3513 2688 3610 2757 γέο

1923 2771 2094 2836 λωτος
2144 2772 2367 2844 μείζονα
2408 2772 2505 2844 τὴν
2552 2774 2792 2846 ζημίαν·
2845 2775 3128 2845 Ἀδελφός
3168 2776 3289 2831 ὑπὸ
3338 2775 3609 2847 ἀδελφοῦ

1883 2888 1886 2890 τ
1919 2863 2333 2932 ,βοηθούμενος
2355 2864 2435 2931 ὡς
2465 2866 2644 2932 πόλις·
2667 2867 2876 2935 ὀχυρὰ,
2902 2867 3002 2921 καὶ
3033 2869 3113 2934 ὼς
3145 2869 3607 2938 μεμοχλευμένη

1922 2951 2232 3015 βασιλεία.
2283 2952 2375 3022 Μὴ
2415 2951 2480 3023 δὴ
2533 2953 2793 3025 διαλύσῃς
2837 2954 3042 3025 ταύτην
3091 2955 3192 3025 τὴν
3252 2956 3606 3027 γνησιότητα.

1929 3037 2063 3109 μηδέ
2083 3037 2346 3111 διακόψῃς
2365 3039 2456 3092 τὸν
2487 3040 2702 3110 μοχλόν.
2723 3040 2910 3094 Ταῦτα
2934 3042 3030 3096 καὶ
3056 3041 3127 3094 τὰ
3157 3042 3364 3095 τούτων
3385 3042 3608 3096 πλείονα

1927 3125 2113 3194 ἔλεγον
2150 3127 2386 3196 συνεχῶς
2412 3167 2428 3191 ,
2483 3128 2636 3180 οὐδὲν
2672 3128 2771 3197 μέν
2819 3146 2952 3182 ποτε
2987 3127 3311 3181 ὑποπτεύων
3344 3129 3606 3191 τοιοῦτον,

1927 3214 2064 3268 ἀλλά
2088 3215 2183 3268 καὶ
2208 3215 2348 3268 πάνυ
2390 3231 2449 3266 σε
2492 3214 2560 3267 τὰ
2607 3215 2744 3285 πρὸς
2778 3217 2926 3287 ἡμᾶς
2954 3215 3217 3284 ὑγιαίνειν
3251 3215 3508 3287 νομίζων,
3543 3218 3608 3271 ἐκ

1928 3303 2246 3374 περιουσίας
2277 3302 2333 3355 δέ
2379 3303 2474 3357 καὶ
2512 3303 2824 3372 ὑγιαίνοντα
2865 3303 3196 3376 θεραπεύειν
3241 3303 3565 3375 βουλόμενος
3589 3321 3604 3335 ·

1929 3389 2220 3444 ἐλάνθανον
2247 3390 2324 3456 δέ,
2352 3391 2427 3454 ὡς
2453 3389 2620 3457 ἔοικε,
2645 3391 2886 3445 νοσοῦντι
2912 3391 2981 3446 τά
3013 3393 3282 3463 φάρμακα
3314 3391 3605 3456 ἐπιτιθείς·

1928 3476 2024 3529 καὶ
2053 3477 2175 3530 οὑδέ
2217 3477 2391 3541 οὑτως
2423 3480 2451 3531 6
2493 3478 2723 3542 δείλαιος
2775 3477 2964 3549 ὢνησα
2987 3518 3000 3542 ,
3043 3477 3195 3551 [568]
3227 3479 3348 3533 οὑδέ
3380 3480 3607 3549 γέγονεν

1928 3564 2050 3634 ἐμοί
2077 3581 2130 3616 τι
2160 3563 2319 3616 πλέον
2356 3567 2421 3617 ἐκ
2464 3565 2670 3636 ταύτης
2695 3566 2798 3636 τῆς
2836 3565 2976 3633 ἀγαν
3016 3566 3379 3638 προμηθείας.
3419 3567 3606 3622 Πάντα

1928 3649 2037 3720 γὰρ
2066 3649 2246 3702 ἐκεῖνα
2273 3649 2435 3720 ῥίψας
2451 3649 2686 3722 ἀθρόως,
2730 3651 2827 3706 καὶ
2861 3651 2983 3705 οὐδὲ
3022 3655 3102 3716 είς
3129 3654 3256 3707 νοῦν
3288 3652 3605 3724 βαλόμενος,

1927 3737 2113 3808 ὥσπερ
2145 3738 2538 3808 ἀνερμάτιστον
2570 3739 2754 3793 πλοῖον
2794 3741 2876 3802 είς
2916 3741 3160 3808 πέλαγος
3197 3742 3346 3812 ἡμᾶς
3380 3741 3607 3813 ἄπειρον

1927 3827 2167 3897 ἀφῆκας,
2194 3826 2347 3880 οὐδὲν
2373 3827 2484 3879 τῶν
2515 3828 2721 3898 ἀγρίων
2753 3828 2978 3882 ἐκείνων
3022 3830 3286 3900 ἐννοήσας
3319 3830 3605 3900 κυμάτων,

1928 3914 2074 3984 άπερ
2105 3915 2256 3985 ἡμᾶς
2297 3914 2591 3984 ὑπομένειν
2629 3915 2866 3986 ἀνάγκη.
2908 3915 2971 3968 EI
3001 3916 3108 3986 γάρ
3135 3933 3263 3969 ποτε
3299 3918 3539 3990 συμϐαίη
3574 3918 3604 3958 II

1929 4005 2313 4073 συκοφαντίαν,
2339 4003 2371 4072 ἦ
2407 4004 2726 4074 χλευασίαν,
2768 4004 2801 4076 ἢ
2832 4006 2926 4058 καὶ
2957 4005 3126 4076 ἀλλην
3170 4007 3295 4061 τινὰ
3324 4007 3483 4079 ὓϐριν
3511 4010 3607 4063 καὶ

1928 4091 2191 4161 ἐπήρειαν
2219 4091 2577 4162 ἐπενεχθῆναί
2609 4091 2772 4145 ποθεν
2797 4095 2930 4163 ἡμῖν
2963 4093 3260 4164 (πολλάκις
3294 4096 3353 4150 δέ
3392 4097 3461 4150 τά
3493 4114 3606 4150 τοι-

1929 4176 2072 4232 αῦτα
2103 4176 2421 4249 συμϐαίνειν
2464 4179 2755 4250 ἀνάγκη),
2793 4180 2930 4250 πρὸς
2959 4181 3082 4235 τίνα
3112 4183 3603 4255 καταφευξόμεθα;

1929 4264 2035 4317 τίνι
2061 4265 2433 4338 κοινωσόμεθα
2462 4267 2562 4332 τὰς
2595 4269 2870 4340 ἡμετέρας
2901 4268 3174 4340 ἀθυμίας;
3197 4271 3284 4334 τίς
3309 4273 3439 4343 ἡμῖν
3459 4273 3596 4344 ἀμῦ-

1928 4369 2018 4404 ναι
2058 4352 2294 4422 θελήσει,
2350 4355 2445 4408 καὶ
2498 4356 2627 4420 τοὺς
2662 4356 2760 4427 μὲν
2817 4356 3122 4421 λυποῦντας
3178 4358 3462 4428 ἀνακόψει,
3510 4361 3608 4429 καὶ

1931 4440 2149 4509 ποιήσει
2190 4441 2387 4511 μηκέτι
2417 4441 2608 4496 λυπεῖν
2637 4484 2651 4508 ,
2697 4445 2847 4514 ἡμᾶς
2897 4444 2954 4496 δέ
3002 4444 3481 4516 παραμυθήσεται,
3513 4448 3606 4500 καὶ

1931 4527 2339 4596 παρασκευάσει
2397 4527 2496 4593 τὰς
2547 4531 2748 4601 ἐτέρων
2800 4531 2987 4602 φέρειν
3043 4532 3440 4599 ἀπαιδευσίας;
3491 4535 3605 4589 Οὐκ

1932 4611 2078 4665 ἐστιν
2106 4612 2300 4677 οὐδεὶς,
2343 4614 2436 4668 σοῦ
2460 4615 2744 4687 πόρρωθεν
2774 4619 3064 4687 ἑστηκότος
3096 4618 3191 4671 τοῦ
3217 4617 3392 4672 δεινοῦ
3413 4619 3604 4673 τούτου

1931 4700 2190 4772 πολέμου,
2220 4702 2314 4756 καὶ
2346 4703 2481 4773 μηδέ
2521 4704 2768 4775 κραυγὴν
2797 4704 3028 4759 ἀκοῦσαι
3055 4705 3356 4778 δυναμένου
3387 4709 3429 4762 ί,
3458 4703 3526 4760 Ἀ
3538 4725 3604 4778 ρα

1929 4783 2073 4849 οἶδας
2104 4788 2228 4840 ὅσον
2258 4787 2544 4858 εἴργασταί
2578 4807 2661 4842 σοι
2694 4791 2863 4844 κακόν
2889 4807 2902 4856 ;
2934 4788 3043 4862 ἆρα
3080 4792 3174 4846 νῦν
3203 4792 3333 4859 γοῦν
3377 4794 3515 4864 μετά
3544 4795 3603 4848 τὸ

1931 4871 2135 4941 πλῆξαι
2164 4872 2548 4941 ἐπιγινώσκεις
2585 4877 2661 4938 ὡς
2697 4877 2919 4947 καιρίαν
2948 4879 3080 4949 ἡμῖν
3113 4879 3320 4942 ἔδωκας
3338 4880 3439 4950 τὴν
3462 4881 3602 4952 πλη-

1931 4959 2066 5029 γήν;
2100 4958 2262 5012 ’Δλλὰ
2290 4961 2460 5014 ταῦτα
2498 4963 2595 5032 μὲν
2617 4964 2862 5032 ἀφείσθω
2883 4982 2896 4996 °
2935 4965 3056 5019 οὺδέ
3081 4966 3191 5038 γὰρ
3215 4967 3330 5020 ἐστι
3358 4969 3428 5022 τά
3450 4970 3602 5038 γενό-

1931 5064 2070 5117 μενα
2096 5047 2358 5102 ἀναλῦσαι
2393 5050 2600 5117 λοιπὸν,
2627 5053 2750 5106 οὑδὲ
2772 5054 2941 5124 πόρον
2977 5057 3088 5118 τοῖς
3130 5056 3359 5127 ἀπόροις
3395 5059 3595 5129 εὑρεῖν.

1930 5134 1995 5185 Τί
2020 5136 2156 5206 πρὸς
2177 5137 2303 5199 τοὺς
2336 5136 2534 5203 ἔξωθεν
2563 5139 2830 5211 ἐροῦμεν;
2868 5143 2919 5195 τί
2946 5143 3082 5212 πρὸς
3125 5143 3222 5206 τὰς
3244 5144 3424 5206 αἰτίας
3459 5146 3596 5199 ἀπο-

1928 5220 2270 5294 λογησόμεθα
2301 5224 2400 5288 τὰς
2434 5226 2691 5295 ἐκείνων;

1982 5425 2016 5493 '_
2034 5425 2238 5493 Αὲἱὶγούκ
2270 5432 2334 5486 εἰς
2357 5432 2516 5493 μικρά.

1996 5485 2016 5555 ξ
2041 5492 2140 5555 Alii
2167 5485 2474 5555 δυσχείρωτὸι
2499 5493 2632 5542 εἶναι.

1990 5551 2016 5617 f5
2141 5550 2361 5617 nouliinIii
2389 5563 2540 5617 recte.
2564 5556 2707 5617 Vulg.
2731 5557 2895 5604 πολλοὶ
2918 5557 2967 5605 δὲ
2987 5559 3094 5605 πολ.
3125 5557 3260 5605 Enn.

1993 5611 2016 5682 ξ·
2044 5614 2286 5682 είς-τλοοῑο
2309 5615 2459 5682 Savii.
2489 5611 2746 5682 οιειὲιιιῆοι
2767 5633 2880 5667 mss.
2911 5618 3191 5681 chehalur
3225 5619 3480 5682 συμϐαίνῃ.
3503 5621 3591 5672 Ε).

1995 5675 2012 5711 ί
2041 5676 2137 5722 Alii
2161 5675 2416 5736 ξ’·ιπναμένου
2441 5678 2568 5723 κοτέ.

3155 5771 3190 5828 7
