3890 6220
328 244 429 303 θρα

328 354 987 415 —CHRYSOSTOMUS.
1038 351 1217 418 Bono,
1265 353 1508 421 inquam,
1549 350 1728 404 animo
1755 355 1904 409 esto;

328 466 499 522 neque
527 451 670 506 enim
713 448 779 501 ad
808 447 995 502 horum
1041 453 1243 500 tantum
1288 445 1547 497 rationem
1586 437 1911 496 reddendam

331 549 543 611 paratus
573 554 713 603 sum,
744 537 838 592 sed
865 546 921 591 et
948 536 999 589 in
1025 536 1218 604 quibus
1244 548 1338 587 nos
1364 533 1512 601 culpa
1536 532 1795 585 immunes
1825 526 1913 582 dia-

331 632 541 699 ntisisti,
566 631 618 684 in
641 630 705 684 iis
725 629 883 683 etiam
909 640 1003 696 pro
1030 624 1169 680 virili
1191 639 1304 678 mea
1332 622 1695 677 defensionem
1723 633 1911 689 parare

330 722 601 785 conabor;
633 736 697 775 ac
721 720 765 774 si
792 719 937 781 libet,
960 717 1027 771 ab
1048 716 1113 770 iis
1141 715 1267 785 ipsis
1292 714 1488 767 ordiar.
1512 712 1783 783 Siquidem
1811 710 1910 764 ab-

330 813 523 872 surdus
563 810 956 878 admodumque
1004 808 1237 877 ingratus
1275 819 1470 870 essem,
1518 804 1563 858 si
1608 810 1911 857 exterarum

333 906 639 975 opinionem
668 916 883 965 curans,
903 899 1138 968 nihilque
1158 912 1265 952 non
1290 910 1453 966 agens
1481 902 1538 948 ut
1556 893 1605 948 ei
1632 891 1912 947 accusandi

336 1000 494 1051 ﬂuent
524 996 738 1057 faciant,
767 993 938 1047 virum
964 991 1092 1045 mihi
1122 988 1358 1043 omnium
1387 986 1790 1049 amicissimum,
1821 982 1913 1052 qui

335 1097 477 1142 tanta
507 1101 631 1156 erga
670 1100 756 1139 me
784 1097 911 1139 usus
948 1082 1018 1136 sit
1043 1079 1360 1135 verecundia
1384 1118 1399 1142 ,
1432 1086 1489 1131 ut
1518 1092 1584 1131 ne
1609 1075 1823 1146 quidem
1846 1074 1913 1130 de

336 1181 476 1234 illata
503 1178 632 1244 sibi,
666 1185 722 1231 ut
754 1182 922 1246 putat,
949 1173 1142 1242 injuria
1167 1170 1418 1240 conqueri
1442 1169 1587 1232 velit,
1619 1168 1726 1221 imo
1753 1167 1912 1222 etiam

338 1272 448 1325 suis
469 1268 777 1340 posthabitis
795 1266 862 1320 de
886 1264 1080 1320 nostris
1108 1263 1323 1331 insuper
1342 1268 1565 1330 satagat,
1590 1273 1693 1313 non
1717 1259 1913 1328 possim

337 1361 572 1426 flectere,
602 1372 792 1427 meque
824 1354 964 1426 apud
1003 1354 1151 1409 illum
1176 1354 1243 1408 de
1270 1351 1411 1405 illata
1439 1349 1626 1420 injuria
1655 1363 1909 1419 purgare,

334 1450 463 1520 quin
484 1449 640 1504 etiam
664 1446 862 1514 majore
879 1459 1003 1515 erga
1030 1444 1173 1498 illum
1195 1442 1416 1513 segnitie
1436 1442 1508 1496 uti
1530 1440 1728 1503 videar,
1756 1454 1914 1509 quam

338 1540 425 1593 ille
471 1536 822 1592 sollicitudine
849 1549 971 1606 erga
1001 1549 1087 1588 me
1134 1534 1316 1588 utitur.
1345 1532 1458 1598 Qua
1506 1532 1663 1601 igitur
1701 1531 1751 1585 in
1783 1540 1915 1585 rete

338 1628 571 1683 laesimus
591 1669 606 1693 ,
636 1624 1064 1696 quandoquidem
1095 1624 1219 1678 hinc
1263 1623 1633 1677 constituimus
1656 1620 1914 1691 apologite

341 1721 556 1790 pelagus
582 1716 822 1787 ingredi?
849 1731 915 1770 an
940 1716 1062 1786 quia
1086 1724 1136 1769 te
1159 1714 1622 1778 circumvenimus,
1655 1720 1916 1766 nostram-

337 1828 442 1882 que
470 1812 562 1866 tibi
592 1819 820 1865 mentem
851 1806 1179 1863 celavimus?
1208 1807 1364 1876 Atqui
1410 1804 1538 1860 illud
1568 1820 1688 1860 cum
1719 1819 1814 1874 pro
1841 1803 1915 1858 tui

334 1902 567 1971 decepti,
613 1909 723 1955 tum
778 1914 873 1968 pro
922 1912 1105 1954 eorum
1158 1898 1336 1958 etiam,
1364 1895 1553 1966 quibus
1582 1904 1634 1950 te
1690 1893 1918 1949 fallendo

340 1990 701 2060 prodidimus,
728 1987 951 2043 utilitate
978 1986 1218 2042 fecimus.
1251 1985 1305 2041 Si
1339 1986 1513 2054 itaque
1555 1984 1743 2038 astutia
1775 1999 1917 2038 scm-

337 2096 434 2150 per
459 2080 618 2147 mala,
648 2092 818 2148 neque
865 2077 950 2132 illa
977 2090 1227 2146 umquam
1253 2076 1338 2130 vel
1382 2074 1447 2129 ad
1473 2073 1746 2145 quodlibet
1772 2089 1919 2129 com-

345 2172 556 2227 modum
579 2171 652 2225 uti
682 2172 859 2236 liceat,
891 2175 1104 2240 paratus
1129 2152 1245 2222 sum
1278 2182 1460 2237 poenas
1483 2167 1611 2223 dare
1638 2181 1921 2237 quascum-

342 2278 443 2333 que
481 2263 710 2317 volneris
743 2279 755 2314 :
785 2276 879 2317 seu
910 2260 1085 2329 potius
1108 2260 1231 2328 quia
1262 2273 1548 2328 numquam
1591 2272 1657 2312 ex
1683 2272 1769 2311 me
1798 2272 1914 2326 pm-

341 2369 438 2407 nas
463 2354 674 2423 exigere
701 2350 1007 2413 sustinebis,
1036 2363 1128 2403 eas
1158 2347 1255 2417 ipsi
1285 2348 1680 2417 nobismetipsis
1716 2347 1919 2417 irroga-

343 2446 532 2507 bimus,
555 2458 684 2513 quas
706 2443 881 2497 solent
900 2439 1104 2510 judiccs
1129 2438 1389 2503 sontibus,
1416 2453 1537 2492 cum
1562 2437 1630 2492 ab
1650 2437 1917 2493 actoribus

340 2532 452 2587 suis
479 2534 553 2587 rei
585 2532 781 2601 peracti
807 2530 1023 2586 fuerint.
1050 2529 1144 2584 Sin
1173 2543 1300 2582 vero
1326 2528 1516 2582 astutia
1555 2542 1661 2582 non
1705 2542 1919 2596 semper

340 2624 496 2677 noxia
525 2631 632 2685 est,
666 2621 761 2677 sed
799 2635 896 2691 pro
924 2634 1107 2675 eorum
1138 2618 1227 2688 qui
1255 2618 1339 2672 illa
1370 2625 1588 2671 utuntur
1615 2616 1793 2671 animo
1821 2632 1915 2671 seu

341 2715 477 2769 mala
498 2728 592 2768 seu
616 2712 751 2767 bona
767 2710 1011 2776 efficitur,
1036 2710 1249 2763 missam
1272 2707 1472 2763 iaciens
1492 2706 1917 2762 criminationem

343 2807 494 2858 istam
514 2844 529 2869 ,
573 2818 675 2873 qua
706 2811 758 2857 te
793 2801 1211 2855 circumventum
1251 2797 1521 2869 quereris,
1552 2797 1713 2866 proba
1741 2811 1837 2850 nos
1866 2797 1917 2850 in

341 2895 535 2949 malum
562 2901 681 2947 astu
715 2906 840 2946 usos
868 2905 989 2946 esse
1022 2908 1034 2944 :
1068 2890 1236 2945 donec
1262 2889 1406 2943 enim
1448 2888 1499 2943 id
1530 2886 1778 2951 abfuerit,
1809 2903 1915 2942 non

338 2983 629 3048 criminari,
649 2982 741 3036 sed
760 2980 974 3035 laudare
998 2978 1351 3050 decipientem
1368 2994 1575 3048 aequum
1601 2978 1756 3033 fuerit
1777 2977 1915 3047 apud

339 3090 432 3129 eos
470 3074 656 3126 saltem
687 3072 775 3141 qui
817 3070 1044 3139 aliquam
1074 3068 1210 3138 aequi
1241 3068 1471 3138 bonique
1514 3067 1773 3122 rationem
1819 3068 1917 3121 lia-

344 3166 488 3218 bent.
531 3163 759 3216 Tantum
801 3162 943 3214 enim
989 3159 1121 3213 lucri
1168 3158 1325 3213 habet
1352 3167 1648 3227 opportuna
1673 3157 1917 3227 bonoque

341 3255 521 3309 animo
548 3262 729 3324 parata
758 3250 933 3317 fraus,
965 3258 1022 3304 ut
1050 3248 1198 3303 multi
1240 3263 1402 3317 saepe,
1446 3247 1585 3317 quod
1612 3262 1672 3302 ea
1702 3264 1806 3302 non
1837 3249 1915 3302 nsi

340 3344 466 3407 sint,
516 3357 699 3413 paenae
740 3341 1002 3396 dederint.
1036 3340 1113 3394 Ac
1146 3340 1190 3394 si
1221 3340 1352 3394 velis
1397 3338 1560 3394 duces
1588 3339 1915 3394 exercituum

338 3435 647 3489 examinare
679 3434 747 3487 ab
772 3432 901 3485 orbe
939 3430 1153 3485 condito
1177 3429 1500 3484 celebriores
1518 3470 1534 3495 ,
1564 3429 1777 3484 illorum
1805 3439 1915 3483 tro-

343 3538 454 3593 pzea
474 3538 629 3592 quam
652 3521 879 3591 plurima
908 3518 1033 3574 dolo
1059 3527 1208 3589 parta
1234 3519 1551 3589 comperies,
1579 3534 1777 3588 eosque
1806 3532 1910 3572 ma-

337 3612 440 3680 jori
481 3610 635 3665 laude
676 3611 971 3665 celebratos
992 3651 1007 3676 ,
1056 3624 1214 3679 quam
1241 3609 1330 3678 qui
1357 3618 1544 3678 aperto
1574 3617 1744 3663 marte
1772 3608 1916 3663 vice-

341 3712 484 3757 runt.
516 3703 644 3757 Nam
688 3702 975 3771 Mquidem
1018 3700 1202 3771 majori
1231 3702 1570 3770 pecuniarum
1610 3700 1915 3754 hominum-

340 3810 445 3864 que
470 3794 745 3863 dispendio
771 3793 955 3847 hostes
975 3800 1247 3861 superant,
1278 3792 1347 3845 ita
1372 3801 1427 3845 ut
1455 3792 1763 3862 plerumque
1784 3792 1913 3847 nihil

342 3885 609 3941 commodi
638 3902 704 3940 ex
731 3885 951 3939 victoria
974 3884 1228 3949 referant,
1258 3882 1351 3938 sed
1382 3898 1488 3937 non
1509 3883 1771 3938 minorem
1793 3886 1809 3915 ³
1838 3884 1917 3938 vi-

340 3987 517 4030 ctores
537 3990 692 4045 quam
722 3975 843 4028 victi
872 3984 979 4027 tum
1018 3973 1279 4027 exercitus
1309 3982 1417 4025 tum
1447 3972 1619 4026 aerarii
1653 3972 1913 4041 jacturam

346 4066 558 4121 faciant.
592 4063 671 4117 Ad
700 4064 813 4118 lucc
841 4078 968 4118 vero
1000 4078 1103 4117 non
1133 4063 1313 4115 sinunt
1340 4076 1432 4116 eos
1459 4062 1581 4116 'vicn
1614 4070 1719 4115 tota
1745 4062 1914 4116 victu-

342 4160 434 4210 ria:
460 4155 623 4224 gloria
668 4153 801 4218 frui;
833 4153 1027 4209 etenim
1080 4152 1210 4222 ipsis
1237 4151 1353 4221 ejus
1395 4166 1517 4220 pars
1545 4167 1650 4207 non
1697 4152 1914 4207 minima

341 4248 500 4310 cedit,
533 4255 716 4315 utpote
759 4244 850 4315 qui
877 4244 1068 4299 animis
1098 4244 1327 4299 victores
1349 4284 1366 4311 ,
1409 4244 1719 4313 corporibus
1743 4244 1913 4299 solum

344 4338 623 4395 inferiores
649 4337 877 4403 fuerint;
909 4338 978 4391 ita
1005 4345 1083 4402 ut,
1112 4336 1157 4390 si
1189 4336 1484 4406 potuissent
1511 4335 1784 4389 confossi’
1809 4350 1913 4389 non

343 4431 553 4498 cadere,
578 4445 749 4500 neque
769 4445 912 4484 mors
938 4430 1057 4484 illos
1082 4427 1473 4498 prostravisset,
1498 4443 1780 4498 numquam
1806 4428 1917 4482 ala-

342 4522 581 4575 critatem
604 4521 728 4574 anni
755 4521 1077 4575 amisissent.
1105 4519 1204 4585 Qui
1231 4533 1360 4573 vero
1382 4517 1565 4573 fraude
1583 4520 1795 4573 vincere
1820 4534 1915 4589 po-

345 4614 463 4677 tuit,
492 4628 596 4666 non
617 4612 955 4666 calamitosos
979 4610 1171 4675 solum,
1198 4610 1290 4664 sed
1309 4611 1470 4664 etiam
1493 4610 1601 4665 risu
1624 4610 1811 4680 dignos
1833 4610 1913 4664 cf-

346 4701 451 4754 ficit
482 4700 681 4755 hostes.
735 4700 850 4754 Non
880 4701 1040 4765 enim,
1076 4708 1133 4753 ut
1162 4699 1288 4764 illic,
1321 4714 1498 4768 parem
1524 4699 1734 4769 utrique
1764 4698 1916 4753 forti-

344 4791 573 4856 tudinis,
601 4791 668 4843 ita
706 4800 761 4845 et
784 4791 869 4843 hic
896 4789 1053 4843 ambo
1082 4788 1373 4857 prudentiae
1403 4788 1610 4842 laudem
1638 4788 1873 4843 referunt
1896 4807 1910 4856 ;

343 4881 434 4933 sed
465 4880 724 4948 integrum
779 4880 1064 4933 victoribus
1112 4878 1347 4932 victoria:
1402 4879 1677 4947 prmmium
1728 4880 1908 4933 cedit:

350 4970 596 5038 quodque
625 4986 728 5022 non
760 4971 934 5022 minus
972 4978 1075 5031 est,
1104 4970 1337 5023 victoria:
1362 4969 1683 5037 voluptatem
1714 4971 1913 5025 civitati

341 5062 605 5115 sinceram
630 5069 861 5114 servant.
893 5060 1073 5129 Neque
1100 5059 1242 5114 enim
1274 5059 1492 5129 perinde
1522 5074 1580 5113 se
1604 5060 1798 5115 habent
1819 5075 1913 5129 pe-

340 5153 613 5206 cuniarum
638 5153 788 5220 copia
822 5151 1201 5220 hominumque
1229 5150 1528 5215 multitudo,
1566 5160 1724 5221 atque
1749 5152 1911 5206 animi

344 5242 656 5311 prudentia;
678 5240 940 5310 siquidem
971 5241 1056 5296 illa
1083 5242 1135 5295 in
1170 5256 1269 5295 usu
1290 5241 1483 5295 bellico
1503 5240 1764 5310 frequenti
1788 5255 1913 5294 con-

338 5332 473 5385 sumi
518 5331 709 5395 Solent,
758 5340 917 5402 atque
966 5344 1303 5401 possessores
1340 5345 1465 5384 suos
1494 5331 1768 5396 deserere;
1802 5331 1914 5385 haec

404 5508 421 5537 ⁸
456 5512 619 5562 Deest,
644 5503 892 5557 tnt'norcm.
915 5506 963 5555 in
987 5504 1140 5554 tribus
1163 5511 1268 5553 Mss.

401 5569 421 5597 ¹
454 5569 528 5615 sic
569 5566 707 5615 soul.
774 5572 826 5614 et
886 5578 1059 5615 omnes
1119 5566 1225 5614 fere
1294 5574 1431 5625 mss;

339 5627 539 5678 colentes
549 5666 557 5676 .

1508 5563 1670 5613 ποι-ει.
1739 5563 1906 5623 habet,

1525 236 1613 292 DE
1644 230 2090 291 SACERDOTIO.
2134 231 2261 287 LIB.
2302 232 2345 288 Ι.

3494 239 3600 296 σω

2020 360 2148 400 vero
2190 354 2389 416 quanto
2430 346 2597 416 magis
2652 361 2924 411 exerceas,
2975 355 3118 402 tanto
3144 348 3310 420 magis
3357 356 3595 421 augetur.

2016 437 2200 508 Neque
2222 438 2395 492 solum
2425 438 2476 493 in
2503 438 2681 505 bellis,
2712 438 2805 493 sed
2828 440 2986 494 etiam
3025 440 3170 509 pacis
3198 449 3458 511 tempore,
3483 459 3597 497 ma-

2017 543 2179 597 gnum
2218 529 2683 598 necessariumque
2709 528 2907 583 fraudis
2937 546 3087 583 usum
3111 545 3231 586 esse
3268 534 3599 602 comperias,

2018 634 2119 673 nec
2149 628 2355 673 tantum
2381 619 2447 674 ad
2473 620 2701 675 civitatis
2742 621 2970 690 negotia,
2994 622 3088 677 sed
3117 631 3170 677 et
3194 622 3259 677 ad
3284 622 3598 690 domestica,

2018 708 2132 763 viro
2147 708 2403 763 adversus
2428 724 2671 773 uxorem,
2698 711 2850 765 uxori
2879 710 3135 765 adversus
3162 712 3356 776 virum,
3382 714 3518 782 patri
3545 712 3599 768 in

2018 796 2183 852 ﬁlium
2209 839 2224 863 ,
2256 799 2427 854 amico
2452 800 2506 854 in
2548 800 2800 867 amicum,
2824 801 2930 856 imo
2958 802 3116 857 etiam
3147 802 3255 857 lilio
3280 803 3332 857 in
3369 815 3596 874 patrem.

2018 888 2199 959 Neque
2225 890 2366 945 enim
2396 891 2500 948 alio
2528 892 2688 947 modo
2714 894 2884 963 potuit
2908 894 3012 949 filia
3041 895 3219 951 Saulis
3244 898 3414 951 virum
3442 913 3597 954 suum

2018 994 2050 1034 e
2079 981 2320 1036 manibus
2344 983 2461 1051 ejus
2493 998 2714 1050 eruere,
2746 1000 2904 1053 quam
2933 995 3135 1056 patrem
3177 987 3492 1058 decipiendo
3519 989 3596 1061 (l.

2021 1072 2148 1143 Reg.
2182 1074 2269 1128 l9.
2298 1074 2365 1128 l2
2384 1073 2424 1146 ).
2458 1074 2693 1146 Eiusque
2737 1076 2899 1133 frater
2919 1078 3027 1147 jam
3057 1090 3295 1148 ereptum
3326 1096 3362 1135 a
3389 1095 3597 1149 sorore,

2021 1166 2315 1236 iterumque
2341 1166 2730 1236 periclitantem
2758 1183 2974 1223 servare
3001 1171 3243 1239 cupiens,
3267 1171 3455 1227 iisdem
3484 1174 3601 1243 qui-

2020 1255 2118 1311 bus
2148 1271 2287 1311 uxor
2314 1256 2431 1326 ejus
2458 1272 2584 1313 usus
2609 1268 2690 1313 est
2712 1259 2835 1313 telis
2861 1258 3024 1331 (Ibid.
3054 1260 3144 1315 20.
3167 1261 3247 1332 8).

2092 1348 2224 1402 Tum
2254 1348 2579 1415 BASILIUS,
2610 1350 2752 1406 Nihil
2794 1351 2907 1406 lucc
2944 1352 3159 1420 adme,
3193 1353 3396 1424 inquit,
3430 1370 3601 1424 neque

2019 1438 2160 1492 enim
2191 1439 2360 1494 hostis
2388 1454 2504 1495 sum
2534 1441 2615 1496 vel
2646 1442 2890 1498 inimicus
2909 1485 2924 1507 ,
2955 1458 3128 1514 neque
3170 1460 3235 1499 ex
3278 1461 3460 1500 eorum
3503 1461 3602 1500 nn-

2020 1544 2170 1585 mero
2192 1572 2207 1599 ,
2250 1532 2440 1602 quibus
2466 1533 2688 1589 lredendi
2719 1536 2928 1591 animus
2970 1546 3082 1601 est;
3115 1546 3299 1592 contra
3331 1553 3459 1594 vero
3497 1549 3602 1594 tute

2020 1634 2232 1689 semper
2279 1623 2555 1677 sententiae
2584 1624 2761 1678 omnia
2793 1640 2908 1679 mea
2936 1627 3199 1689 commisi,
3251 1629 3335 1682 cui
3362 1610 3597 1698 semper,

2019 1710 2232 1780 quando
2258 1720 2313 1765 tu
2337 1710 2561 1781 jnssisti,
2589 1713 2916 1783 obsequutus
2940 1728 3081 1769 sum.

2092 1801 2145 1856 9.
2201 1800 2390 1872 Magna
2417 1819 2483 1856 ea:
2522 1805 2811 1873 tempestiva
2836 1805 3015 1876 fraude
3052 1806 3260 1861 utilitas.
3288 1838 3359 1846 —
3383 1807 3601 1862 CHRY-

2020 1890 2395 1948 SOSTOMUS.
2429 1894 2516 1958 At,
2547 1908 2581 1947 ο
2609 1894 2689 1948 vir
2712 1894 3022 1951 admirando
3048 1906 3206 1967 atque
3227 1899 3447 1967 optime,
3482 1900 3601 1955 ideo

2024 1979 2115 2033 tibi
2138 1980 2245 2049 jam
2274 1990 2428 2035 antea
2455 1981 2587 2049 dixi,
2611 1999 2716 2039 non
2739 1983 2792 2037 in
2826 1983 2963 2039 bello
2988 1994 3186 2040 tantum
3210 1995 3264 2041 et
3290 1995 3472 2041 contra
3502 1988 3599 2042 lto-

2022 2078 2153 2134 stes,
2176 2070 2270 2124 sed
2301 2072 2458 2125 etiam
2483 2072 2534 2126 in
2574 2087 2704 2142 pace
2727 2083 2781 2128 et
2804 2073 3056 2129 adversus
3082 2075 3431 2131 amicissimos
3456 2077 3602 2132 frau-

2020 2158 2089 2213 de
2115 2164 2188 2214 uti
2218 2161 2478 2217 interdum
2519 2179 2653 2234 opus
2677 2180 2814 2221 esse.
2844 2165 2995 2233 Quod
3016 2176 3190 2222 autem
3217 2182 3280 2223 ea
3309 2183 3414 2224 non
3442 2170 3601 2231 modo

2021 2250 2424 2321 decipientibus,
2454 2255 2546 2309 sed
2576 2256 2733 2310 etiam
2766 2256 3001 2328 deceptis
3030 2259 3170 2313 utilis
3191 2260 3278 2319 sit.
3301 2274 3330 2313 a
3352 2261 3599 2331 quopiam

2022 2344 2345 2398 medicorum
2399 2346 2689 2412 sciscitare,
2744 2363 2972 2417 quonam
3018 2348 3090 2402 illi
3139 2350 3298 2403 modo
3351 2364 3523 2420 mgros
3570 2367 3601 2405 a

2024 2439 2211 2493 morbo
2243 2438 2502 2506 liberent;
2531 2440 2817 2509 audieSque
2840 2443 2981 2511 ipsos
3009 2457 3115 2496 non
3136 2452 3248 2497 arte
3276 2453 3477 2497 tantum
3504 2443 3599 2510 uti,

2023 2529 2115 2584 sed
2141 2539 2193 2584 et
2223 2530 2485 2585 fallaciam
2532 2531 2793 2586 interdum
2823 2533 3099 2596 adhibere,
3130 2538 3286 2603 atque
3310 2534 3425 2603 ejus
3449 2536 3602 2589 auxi—

2022 2619 2092 2673 lio
2119 2619 2352 2674 adhibito
2393 2634 2565 2691 nigros
2603 2621 2812 2674 sanitati
2848 2623 3144 2677 restituere.
3194 2622 3419 2690 Quando
3458 2625 3601 2679 enim

2024 2719 2131 2764 tum
2156 2711 2340 2765 morbo
2366 2710 2716 2767 laborantium
2755 2714 3058 2781 morositas,
3091 2724 3202 2768 tum
3234 2716 3405 2769 morbi
3436 2715 3600 2785 ipsius

2020 2799 2306 2855 difficultas
2345 2802 2670 2857 medicorum
2710 2803 2989 2858 consilium
3036 2821 3141 2860 non
3184 2806 3433 2873 admittit,
3478 2816 3601 2863 tunc

2021 2892 2241 2947 fallacia:
2269 2908 2548 2963 personam
2581 2896 2804 2951 induere
2839 2907 3117 2967 coguntur,
3153 2908 3210 2952 ut
3250 2900 3601 2968 quemadmo-

2020 2984 2145 3039 dum
2180 2985 2232 3039 in
2270 3000 2429 3040 scena
2455 2986 2531 3042 rei
2569 2989 2846 3044 veritatem
2885 2989 3135 3060 obtegere
3175 2992 3396 3059 possint.
3429 2992 3601 3062 Atque

2022 3076 2126 3141 hic,
2159 3078 2204 3132 si
2231 3076 2423 3147 placet,
2472 3094 2632 3133 unum
2683 3080 2775 3135 tibi
2802 3096 2867 3135 ex
2892 3081 3072 3135 multis
3096 3081 3277 3135 dolum
3300 3083 3562 3137 enarrabo
3581 3126 3595 3147 ,

2018 3184 2176 3238 quem
2201 3182 2230 3222 a
2257 3168 2477 3224 medicis
2511 3170 2882 3225 concinnatum
2928 3171 3125 3225 audivi.
3171 3171 3359 3226 Incidit
3384 3172 3597 3241 quidam

2022 3261 2073 3314 in
2099 3259 2288 3316 febrim
2326 3260 2597 3316 ardentem
2628 3276 2692 3316 ac
2725 3261 3247 3316 vehementissimam
3278 3278 3292 3315 :
3326 3272 3484 3317 a-stus
3515 3263 3598 3316 in-

2017 3365 2147 3420 gens
2175 3358 2309 3417 erat,
2341 3366 2404 3406 ac
2431 3361 2618 3406 cuneta
2643 3366 2727 3413 ea,
2750 3367 2868 3420 qua:
2890 3352 3062 3421 ignem
3083 3354 3418 3422 exstinguere
3444 3363 3595 3422 pote-

2018 3450 2157 3509 rant,
2182 3442 2470 3511 respuebat
2496 3457 2656 3514 :rger.
2687 3442 2945 3512 Cupiebat
2964 3452 3140 3498 autem
3167 3453 3220 3498 ct
3245 3445 3381 3513 apud
3412 3460 3598 3500 onmes

2018 3546 2077 3587 se
2103 3533 2359 3588 adeuntes
2380 3533 2628 3599 instabat,
2652 3534 2751 3588 sibi
2772 3549 2976 3589 merum
3002 3534 3149 3605 large
3172 3536 3520 3605 porrigerent,
3545 3548 3598 3591 et

2018 3624 2292 3678 exitiosam
2317 3625 2460 3678 illam
2483 3624 2786 3694 cupidinem
2811 3626 3030 3695 implere
3058 3637 3421 3695 procurarent.
3445 3628 3595 3695 Quod

2018 3728 2147 3769 sane
2175 3729 2280 3768 non
2304 3713 2495 3769 febrim
2523 3715 2682 3769 modo
2714 3716 3112 3781 inflammasset,
3144 3718 3235 3771 sed
3266 3719 3516 3773 miserum
3544 3720 3594 3773 in

2017 3804 2253 3859 furorem
2281 3805 2616 3874 coniecisset,
2649 3808 2692 3860 si
2716 3807 2832 3875 quis
2860 3817 3032 3861 tamen
3064 3809 3224 3862 talem
3254 3810 3349 3878 ipsi
3377 3810 3595 3879 gratiam

2016 3895 2358 3951 exhibuisset.
2385 3896 2517 3950 Cum
2559 3897 2644 3951 hic
2673 3912 2760 3951 ars
2790 3898 2919 3952 nihil
2951 3901 3231 3969 proliceret
3252 3940 3267 3965 ,
3293 3901 3597 3971 nullamque

2018 3987 2315 4043 machinam
2336 3990 2636 4056 excogitare
2660 3998 2858 4058 posset,
2879 3991 2985 4044 imo
3002 4005 3215 4059 prorsus
3233 4006 3293 4045 ea
3309 3992 3596 4061 rejicienda

2016 4078 2315 4144 videretur,
2358 4078 2475 4146 ejus
2514 4079 2655 4133 vices
2691 4078 2893 4133 fallacia
2932 4081 3228 4148 suscipiens
3254 4082 3357 4134 vim
3398 4091 3595 4136 tantam

2017 4170 2266 4236 ostendit,
2291 4179 2542 4239 quantam
2575 4187 2696 4224 mox
2734 4171 2936 4226 audies.
2983 4171 3193 4225 Etenim
3230 4172 3469 4229 medicus
3504 4189 3597 4228 vas

2018 4270 2304 4317 testaceum
2330 4277 2517 4318 recens
2534 4277 2564 4316 e
2582 4262 2793 4317 fornace
2807 4261 3052 4317 eductum
3070 4263 3192 4316 vino
3212 4263 3475 4331 permulto
3502 4264 3598 4317 im-

2017 4354 2202 4408 mersit
2222 4370 2233 4405 :
2257 4354 2579 4409 abstractum
2598 4354 2719 4408 hinc
2738 4368 2958 4407 vacuum
2978 4368 3096 4408 cum
3109 4368 3240 4423 aqua
3265 4354 3593 4424 replevisset,

2012 4444 2164 4511 jubet
2178 4444 2481 4513 agrotautis
2496 4444 2797 4498 cubiculum
2822 4444 2953 4498 velis
2980 4443 3156 4497 multis
3175 4444 3500 4508 obumbrari,
3530 4460 3597 4499 ne

2016 4534 2103 4588 lux
2128 4534 2305 4587 dolum
2329 4534 2613 4602 proderet;
2649 4542 2703 4588 et
2727 4547 2872 4602 nigro
2894 4547 2985 4587 vas
3015 4533 3164 4603 quasi
3193 4548 3342 4587 mero
3382 4534 3593 4603 plenum

2018 4627 2264 4697 propinat
2291 4642 2305 4679 :
2335 4641 2438 4696 quo
2473 4626 2556 4680 vix
2600 4626 2843 4679 manibus
2878 4626 3208 4694 apprehenso
3234 4636 3463 4695 aegrotus
3489 4626 3594 4680 viui

2016 4721 2180 4774 odore
2196 4719 2371 4773 statim
2389 4718 2656 4787 deceptus,
2677 4717 2815 4787 qum]
2837 4718 3066 4771 oblatum
3086 4715 3252 4772 fuerat
3274 4731 3377 4770 non
3395 4718 3597 4771 curavit

2020 4810 2450 4875 examinandum,
2471 4810 2565 4865 sed
2592 4809 2757 4863 odore
2779 4808 2985 4863 illectus
3011 4822 3075 4861 ac
3100 4807 3333 4862 tenebris
3358 4807 3594 4871 delusus,

2018 4909 2239 4970 urgente
2254 4901 2412 4954 etiam
2426 4898 2693 4968 cupidine,
2709 4898 2871 4951 nmlta
2889 4912 3009 4952 cum
3033 4897 3284 4951 aviditate
3307 4896 3481 4951 hausit
3501 4912 3515 4960 ;
3534 4911 3595 4949 ac

2017 4992 2237 5045 satiatus
2265 4988 2669 5043 suffocationem
2699 4989 2875 5042 statim
2900 4988 2914 5019 ¹
2941 4988 3193 5052 excussit,
3233 4998 3288 5040 et
3314 4986 3596 5041 imminens

2016 5080 2305 5149 periculum
2352 5078 2553 5147 cll‘ugit.
2588 5077 2771 5132 Videu‘
2808 5077 3030 5131 fallaciae
3072 5076 3308 5131 lucrum?
3348 5076 3500 5142 Quod
3552 5077 3595 5127 si

2016 5171 2135 5240 quis
2173 5184 2361 5223 omnes
2403 5168 2729 5223 medicorum
2758 5168 2908 5222 dolos
2937 5182 3218 5221 recensere
3248 5168 3390 5229 velit,
3423 5168 3596 5219 oratio

2018 5276 2146 5315 sane
2174 5242 2586 5328 longior,'quam
2610 5274 2705 5327 par
2732 5258 2820 5323 sit,
2848 5257 3055 5312 evadet.
3083 5256 3192 5311 Nec
3220 5257 3393 5309 solum
3422 5256 3477 5319 ii,
3502 5259 3592 5325 qui

2018 5359 2239 5413 corpora
2269 5351 2489 5405 curant,
2518 5342 2611 5395 sed
2634 5342 2794 5396 etiam
2826 5342 2859 5395 ii
2881 5382 2895 5402 ,
2925 5341 3011 5410 qui
3042 5340 3236 5394 anima:
3268 5340 3466 5392 morbis
3502 5352 3591 5391 cur

2019 5436 2198 5491 randis
2226 5446 2442 5501 vacant,
2480 5435 2578 5488 hoc
2612 5433 2912 5504 frequenter
2961 5431 3202 5487 remedio
3254 5429 3329 5483 uti
3375 5443 3596 5497 compa.

2079 5562 2096 5593 ¹
2124 5568 2172 5610 In
2188 5560 2350 5610 Morel.
2374 5560 2539 5618 deest,
2560 5558 2747 5617 statim;
2763 5559 2849 5609 sed
2873 5559 3079 5609 habetur
3096 5557 3144 5603 in
3166 5554 3303 5603 :‘avil.
3326 5562 3377 5603 et
3388 5554 3433 5600 in
3452 5566 3597 5601 omm-

2016 5623 2111 5672 bus
2138 5636 2267 5686 pene
2283 5622 2539 5672 codicibus.
