3890 6220
320 226 419 285 651

321 371 545 424 riuntur.
584 354 677 423 Sic
702 366 891 423 beatus
912 347 1106 421 Paulus
1132 348 1280 434 (Act.
1308 351 1524 432 21.26)
1554 358 1746 415 multas
1781 352 1901 411 illas

321 457 624 514 indecorum
662 457 931 530 myriadas
957 456 1172 511 attraxit
1195 455 1215 526 (
1238 454 1327 509 Id.
1373 453 1460 508 16.
1484 450 1556 524 3)
1585 450 1726 508 :lioc
1771 454 1895 505 item

321 550 547 606 consilio
572 548 911 605 Timotheum
934 545 1264 602 circumcidit
1288 545 1392 606 ille,
1413 545 1502 615 qui
1531 541 1731 600 Calatis
1756 539 1898 612 (Gal.

323 642 376 697 ὃ.
407 639 464 712 2)
494 638 789 696 scribebat‘
808 637 936 693 nihil
964 639 1295 711 profuturum
1322 634 1588 691 Christum
1608 634 1671 690 iis
1690 634 1779 705 qui
1801 632 1905 689 cir-

322 724 714 787 cumciduntur.
748 728 874 784 Ideo
904 728 1009 796 legi
1054 742 1115 782 se
1144 724 1375 783 subdidit
1421 728 1488 793 is,
1533 732 1620 798 qui
1645 727 1902 799 justitiam

323 832 391 877 ex
417 821 532 890 lege
567 828 687 891 post
717 819 870 875 ﬁdem
903 819 955 874 in
986 819 1254 875 Christum
1282 818 1906 904 detrimentunrputabat

328 909 585 984 (Philipp.
633 912 688 967 5.
719 904 801 983 ‘7).
831 907 1055 968 Fraudis
1082 912 1279 982 quippe
1305 908 1491 982 magna
1524 912 1601 966 vis
1624 951 1639 974 ,
1670 909 1796 965 dum
1837 925 1908 966 ne

323 1004 509 1059 doloso
535 1003 762 1059 consilio
787 1003 1062 1061 offeratur.
1090 1002 1356 1058 lmo‘vero
1381 996 1495 1057 lucc
1522 1003 1738 1058 minime
1761 1001 1907 1057 fraus

322 1090 639 1163 appellanda
667 1101 772 1159 est,
813 1093 907 1148 sed
935 1093 1254 1160 mcunomia,
1283 1091 1543 1162 sapientia
1566 1101 1620 1147 et
1647 1107 1734 1147 ars
1763 1098 1907 1164 Qum-

324 1183 481 1251 dam,
510 1190 631 1255 qua:
660 1183 828 1253 possit
856 1182 1052 1239 multos
1080 1184 1255 1238 exitus
1280 1184 1331 1237 in
1361 1182 1520 1239 rebus
1539 1180 1719 1238 arduis
1748 1198 1905 1253 repe-

328 1274 453 1340 rire,
495 1275 793 1345 anima-que
823 1273 1014 1330 delicta
1035 1275 1350 1332 emendare.
1385 1274 1566 1346 Neque
1595 1276 1737 1331 enim
1779 1274 1908 1330 Phi-'-

327 1359 487 1422 neem'
522 1366 840 1421 homicidam
881 1367 1106 1422 dixerim
1137 1365 1328 1438 (Num.
1355 1358 1447 1425 25.
1477 1369 1557 1440 7),
1583 1368 1726 1439 quod
1758 1368 1909 1438 plaga

328 1464 435 1512 una
484 1456 619 1513 duos
674 1457 968 1513 occiderit:
1000 1456 1443 1528 quemadmodum
1480 1455 1668 1528 neque
1702 1452 1907 1514 Heliam

330 1550 405 1617 (4.
442 1549 569 1621 Ilrg.
590 1547 808 1622 l.9-l2)
822 1550 891 1604 ob
915 1548 1034 1604 illos
1049 1558 1260 1606 centum
1278 1550 1470 1605 milites
1495 1558 1785 1621 eorumque
1813 1550 1907 1607 du"-

329 1655 439 1706 ces,
466 1654 530 1695 ac
556 1640 801 1710 magnum
841 1640 985 1697 illum
1014 1642 1286 1711 sanguinis
1317 1648 1627 1709 torrentem,
1659 1658 1814 1714 quem
1841 1659 1907 1700 ex

328 1747 512 1786 eorum
537 1732 626 1803 qui
649 1732 950 1788 dmmoﬁum
987 1734 1269 1791 sacriﬁculi
1311 1740 1465 1791 erant
1501 1738 1649 1794 czede
1692 1725 1910 1795 manare

391 1843 409 1874 ⁸
435 1844 507 1892 sic
538 1844 678 1894 Savil.
704 1853 757 1896 et
778 1844 963 1910 aliquot
980 1854 1090 1898 Mss.
1114 1856 1166 1898 tn
1189 1856 1236 1899 Β.
1257 1851 1591 1903 comminatur.

1042 224 1100 280 S.
1138 220 1418 280 JOANNIS
1453 215 1898 277 CHRYSGSTOM

2007 215 2288 274 ,RCHIEP.
2325 216 2865 276 DONSTANTINOP.

2005 350 2131 408 fecit
2155 353 2175 425 (
2198 353 2254 410 ε.
2287 353 2425 427 Reg.
2445 354 2531 411 ts.
2560 353 2633 412 st
2650 338 2695 424 ’).
2720 340 2925 410 Παπιῖεί
2956 352 3058 409 hoc
3084 354 3520 420 concederemus.
3539 368 3593 411 et

2003 444 2047 496 si
2077 458 2165 499 res
2194 443 2336 513 ipsas
2375 444 2563 511 nudas,
2596 459 2700 498 non
2742 457 2979 514 expenso
3021 453 3296 499 auctmuu
3324 446 3554 501 corisilio
3574 488 3590 509 ,

2008 533 2309 603 expendere
2330 536 2451 605 quis
2471 533 2721 601 voluerit,
2749 534 3018 590 Abraham
3045 536 3208 591 occisi
3230 540 3336 592 nati
3362 537 3585 593 damna-

2009 639 2067 678 re
2105 624 2280 694 quivis
2333 624 2575 695 poterit(
2611 625 2740 679 Gen.
2795 624 2889 679 22.
2944 627 3012 691 5;
3041 626 3132 681 27.
3165 627 3304 697 l9);
3345 640 3594 700 nepotem

2007 715 2132 768 item
2163 722 2217 769 et
2255 715 2572 783 abnepotem
2626 716 2742 786 ejus
2784 716 3047 771 maleﬁcii
3082 725 3137 772 et
3181 718 3290 773 doli
3335 734 3593 777 accusare

2010 803 2204 879 (Exod.
2232 800 2317 861 ll.
2343 806 2402 878 2)
2451 823 2467 860 :
2518 807 2598 863 sic
2643 806 2786 864 enim
2817 809 2907 864 ille
2933 810 3403 880 primogenitumm
3446 816 3593 870 obtis

2009 900 2160 964 nuit;
2195 898 2281 954 hic
2326 915 2456 956 vero
2505 900 2878 972 Egyptiurum
2911 903 3121 958 divitias
3151 905 3203 958 in
3233 905 3591 963 lsraelitarnm

2009 991 2280 1046 exercitus
2309 991 2601 1047 transtulit.
2645 993 2711 1047 At
2740 1007 2846 1047 non
2875 993 2945 1048 ita
2975 1008 3035 1049 sc
3061 1010 3147 1050 res
3174 996 3352 1065 habet,
3383 1012 3486 1051 non
3518 1001 3591 1053 ita

2009 1095 2141 1136 sane
2173 1097 2187 1134 :
2219 1095 2383 1151 apage
2420 1090 2618 1137 tantam
2656 1083 2949 1138 audaciam.
2977 1083 3094 1139 Non
3120 1086 3279 1142 modo
3300 1089 3443 1143 enim
3471 1089 3595 1144 illos

2009 1171 2163 1241 culpa
2184 1186 2376 1228 vacare
2398 1172 2648 1239 dicimus,
2671 1174 2766 1230 sed
2790 1175 2949 1230 etiam
2966 1180 3036 1232 eo
3060 1179 3273 1234 nomine
3298 1181 3590 1247 miramur;

2014 1261 2446 1332 quandoquidem
2473 1263 2587 1333 lpSe
2613 1264 2753 1343 Deus
2788 1265 2907 1321 illos
2933 1266 3051 1321 ideo
3078 1268 3326 1324 laudavit.
3350 1270 3594 1342 Namque

2011 1351 2100 1406 illc
2125 1350 2284 1407 fallax
2317 1352 2438 1423 jure
2465 1352 2695 1423 dicatur,
2722 1356 2815 1427 qui
2845 1357 2897 1411 id
2922 1358 3099 1428 inique
3131 1359 3453 1430 aggreditur,
3472 1364 3588 1416 non

2012 1451 2189 1496 autem
2219 1443 2309 1513 qui
2341 1456 2472 1500 sano
2499 1445 2551 1500 id
2578 1447 2802 1501 consilio
2831 1446 2956 1503 facit
2982 1449 3021 1502 ⁸.
3054 1449 3310 1522 Smpeque
3337 1453 3595 1524 contingit

2011 1541 2072 1586 ut
2115 1531 2298 1590 fallere
2347 1535 2416 1591 sit
2462 1546 2619 1605 Opus,
2651 1545 2711 1591 ut
2756 1551 2850 1607 per
2879 1537 3178 1606 hujusmodi
3211 1551 3379 1597 artem
3405 1550 3594 1613 magna

2014 1623 2211 1678 utilitas
2253 1625 2589 1694 importetur.
2618 1627 2731 1695 Qui
2761 1638 2937 1682 autem
2982 1638 3125 1684 recta
3168 1630 3252 1685 via
3282 1632 3511 1696 incedit,
3544 1636 3593 1688 ei

2011 1726 2169 1781 quem
2194 1712 2377 1770 fallere
2404 1716 2572 1771 noluit
2600 1732 2789 1787 magna
2816 1731 2956 1787 smpe
2985 1721 3118 1773 mala
3150 1722 3347 1777 intulit.

2079 1802 2095 1833 ⁸
2130 1809 2257 1873 time,
2272 1815 2375 1873 non
2394 1811 2554 1855 mrtem
2576 1805 2659 1873 qui
2672 1818 2809 1873 squo
2841 1807 2895 1857 id
2931 1822 3020 1859 con
3044 1809 3130 1873 itis
3165 1811 3299 1873 facit,
3328 1812 3510 1873 (nsunt
3548 1815 3599 1865 in

2015 1865 2223 1913 maxima
2246 1871 2352 1914 Mss.
2379 1874 2536 1928 parte,
2559 1865 2647 1916 sed
2672 1869 2910 1920 habentur
2936 1873 2985 1920 iu
3005 1871 3145 1921 savii.
3165 1865 3225 1923 ἀι
3248 1865 3407 1934 alorci.

324 1941 2490 1980 -——_._______.______._______________

1311 2003 1780 2136 LIBER
1874 2036 2158 2187 suo
2171 2038 2489 2195 UND
2502 2044 2714 2151 US.

749 2307 855 2342 ιιιεε
886 2307 1055 2343 ωεωςτ
1088 2308 1225 2345 ιιιιιιο
1256 2309 1485 2348 SECUNDO:

252 2448 259 2453 _
328 2401 362 2444 t.
389 2394 719 2504 εῗίνκευνάοιίιιιιι
739 2395 924 2457 grande
949 2409 1060 2446 esse
1082 2397 1274 2459 signum
1310 2398 1556 2450 charttatts
1610 2415 1730 2466 erga
1779 2405 1914 2454 Chri-

436 2468 535 2503 unt.

436 2468 516 2503 Ulli
523 2490 535 2502 .

325 2522 383 2563 ιι.
417 2523 513 2566 ttoc
526 2516 851 2567 ministerium
872 2516 981 2567 aliis
1001 2519 1322 2570 anteeellere.

329 2585 396 2645 tu.
428 2583 647 2645 stagnum
669 2584 721 2627 et
732 2577 1299 2645 admirandumanimnm
1321 2584 1597 2645 requirere.

324 2642 395 2686 Iv.
430 2637 544 2686 nem
566 2649 681 2689 esse
698 2637 888 2705 plenam
908 2639 1235 2705 difﬁcultatum
1255 2655 1312 2692 ac
1330 2637 1669 2705 poi-iuniorum.

327 2707 378 2770 ξπ
413 2705 505 2770 nos
526 2702 1003 2770 (temer-caritatem
1026 2704 1075 2751 in
1109 2702 1345 2770 chr-istum
1368 2718 1488 2770 rem
1514 2709 1653 2756 istam
1696 2707 1907 2770 fugisse.

327 2765 397 2808 \‘t.
428 2762 782 2834 pettmnstratio
841 2762 1030 2813 virtutis
1088 2764 1261 2826 Basilii,
1309 2780 1366 2817 ac
1413 2767 1723 2820 vehementis
1751 2762 1900 2834 vejus

395 2821 625 2870 caritatis.

328 2887 416 2929 vn.
448 2881 698 2954 non
721 2884 773 2933 in
801 2884 1141 2954 goutumeliam
1177 2899 1363 2949 eorum,
1388 2891 1470 2952 qui
1496 2902 1586 2941 nos
1630 2891 1905 2954 elegerant,

389 2943 741 3008 ordinationem
765 2943 1085 3008 eii'ugcrimus
1096 2982 1108 2995 .

324 3008 433 3053 vui.
465 3004 594 3062 Quod
619 3006 765 3055 etiam
795 3004 1026 3069 fugiend)
1046 3020 1075 3057 a
1099 3004 1452 3071 vituperatione
1487 3010 1595 3064 illos
1617 3017 1906 3066 caruerimus.

394 3213 544 3281 Quod
567 3216 724 3285 igitur
749 3233 814 3272 ex
843 3233 997 3288 atquo
1022 3228 1077 3275 et
1122 3219 1264 3277 bono
1288 3221 1489 3279 fraudis
1517 3225 1568 3280 vi
1614 3227 1690 3282 uti
1720 3229 1901 3298 liceat,

327 3306 434 3360 imo
452 3307 627 3376 potius
662 3308 802 3378 quod
827 3324 945 3365 eam
972 3327 1077 3367 non
1109 3312 1346 3368 fraudem
1373 3353 1389 3379 ,
1412 3317 1508 3372 sed
1539 3318 1904 3389 admirandam

324 3399 674 3452 ceconomiam
728 3401 996 3470 appellare
1043 3414 1333 3475 oporteat,
1389 3410 1631 3479 pluribus
1695 3423 1904 3483 poterat

323 3487 676 3555 comprobari.
716 3487 848 3556 Quia
892 3505 1020 3547 vero
1076 3508 1195 3564 quae
1222 3498 1465 3568 superius
1493 3500 1635 3557 dicta
1663 3513 1789 3561 sunt
1834 3506 1902 3562 ad

326 3575 377 3629 id
425 3575 893 3635 demonstrandum
952 3583 1257 3652 sufﬁciunt,
1304 3604 1466 3658 grave
1514 3593 1903 3667 molestumque

318 3667 550 3735 putarim
581 3684 1023 3739 supervacaneam
1082 3677 1449 3749 prolixamqne
1486 3698 1549 3739 ea
1578 3684 1644 3740 de
1672 3702 1731 3742 re
1775 3702 1899 3744 ora-

325 3758 521 3814 tionem
555 3768 753 3816 texere.
788 3761 959 3817 Tuum
980 3765 1049 3820 de
1077 3768 1279 3838 reliquo
1302 3771 1403 3826 erit
1429 3776 1742 3842 ostendere,
1774 3794 1900 3837 num

322 3863 387 3901 ex
427 3850 709 3904 commodo
741 3860 833 3907 tuo
859 3852 1002 3909 fraus
1041 3872 1103 3911 ea
1132 3873 1161 3911 a
1207 3861 1361 3916 nobis
1386 3862 1620 3927 adhibita
1647 3869 1734 3922 sit.
1760 3870 1895 3926 Tum

326 3940 625 3998 BASILIUS
652 3961 665 3996 :
696 3944 769 3999 Ec
819 3946 959 4015 quod
984 3989 1000 4014 ,
1034 3948 1205 4019 inquit
1226 3991 1243 4019 ,
1292 3954 1445 4009 nobis
1474 3956 1680 4014 lucrum
1719 3976 1783 4015 ex
1809 3964 1899 4018 tali

322 4031 403 4085 vel
453 4035 748 4088 mentientia
778 4036 861 4091 vel
909 4039 1163 4108 sapientia
1193 4082 1208 4106 ,
1248 4051 1302 4098 et
1341 4048 1609 4114 quomodo
1650 4066 1766 4105 eam
1799 4067 1898 4122 ap-

324 4122 521 4190 pellare
571 4123 728 4177 libeat
751 4165 765 4188 ,
814 4136 870 4179 ut
899 4142 1207 4196 persuasum
1257 4133 1410 4188 nobis
1448 4136 1518 4191 sit
1541 4152 1639 4193 nos
1660 4151 1761 4196 ate
1791 4157 1901 4198 non

318 4212 481 4268 fuisse
501 4213 783 4285 deceptos?

396 4303 450 4357 1.
476 4303 830 4360 Sacerdotium
875 4310 1068 4378 grande
1110 4327 1218 4366 esse
1260 4315 1456 4386 signum
1504 4320 1727 4375 caritatis
1776 4339 1899 4395 erga

320 4392 597 4450 Christum.
616 4395 1003 4455 —JOANNES
1027 4400 1068 4456 ¹.
1098 4400 1323 4472 Ecquid,
1362 4405 1595 4476 inquam,
1626 4408 1727 4466 hoc
1749 4392 1897 4467 lucro

319 4484 493 4556 majus
528 4487 686 4543 luerit
709 4528 725 4555 ,
756 4504 913 4561 quam
943 4492 989 4547 si
1029 4493 1142 4549 lucc
1165 4509 1383 4566 agamus
1404 4540 1420 4565 ,
1449 4516 1568 4568 qua:
1596 4502 1896 4561 dilectionis

317 4589 444 4644 erga
490 4575 757 4633 Christum
794 4591 1103 4650 argumenta
1140 4599 1259 4641 esse
1301 4587 1434 4642 dixit
1463 4590 1576 4661 ipse
1609 4593 1848 4658 Christus
1874 4636 1893 4664 ,

315 4666 405 4736 qui
432 4668 793 4737 apostolorum
830 4673 1170 4744 coryphmum
1218 4679 1298 4734 sic
1336 4680 1625 4750 alloquitur
1650 4724 1666 4750 ,
1698 4684 1849 4742 Petra
1873 4728 1902 4756 ,.

317 4757 530 4827 inquit,
569 4777 713 4816 amas
763 4780 842 4819 me
870 4764 1046 4835 (Joan.
1071 4767 1162 4824 2i.
1192 4771 1321 4841 15)?
1347 4774 1399 4828 id
1440 4776 1530 4829 illo
1570 4778 1888 4847 conﬁtente,

314 4849 554 4921 adjuugit
583 4870 598 4907 :
627 4855 688 4908 Si
732 4871 874 4910 amas
909 4874 1006 4922 me,
1039 4876 1189 4929 pasce
1239 4878 1353 4916 oves
1400 4880 1557 4921 meas.
1600 4867 1897 4942 Interrogat-

313 4939 632 5010 discipulum
653 4943 903 5013 Magister
933 4987 949 5013 ,
983 4964 1107 5002 num
1153 4950 1402 5020 diligatur
1430 4954 1499 5010 ab
1527 4970 1594 5011 eo
1616 4996 1632 5022 ,
1672 4974 1775 5015 non
1808 4939 1892 5016 ἰιι

317 5028 555 5086 ediscat:
587 5034 853 5100 quomodo
882 5036 1021 5091 enim
1049 5039 1250 5095 ediscat
1292 5059 1412 5096 etim
1441 5046 1678 5103 omnium
1729 5052 1887 5107 corda

315 5122 456 5178 norit
482 5123 507 5179 1
537 5124 631 5179 sed
661 5134 718 5179 ut
766 5141 863 5182 nos
891 5128 1135 5197 doceret,
1169 5144 1423 5202 quantum
1448 5136 1594 5192 cordi
1620 5141 1721 5195 sibi
1746 5152 1890 5198 esset

315 5214 617 5286 bujusmodi
639 5219 813 5288 gregis
839 5222 1167 5288 praefectura.
1205 5223 1257 5278 ld
1278 5239 1397 5279 cum
1435 5229 1607 5296 palam
1636 5231 1725 5298 sit,
1759 5233 1886 5289 illud

314 5307 440 5361 item
470 5307 811 5365 manifestum
837 5311 960 5377 erit,
990 5327 1231 5383 magnam
1262 5314 1376 5370 fore
1405 5320 1705 5377 mercedem
1735 5324 1886 5380 labo-

314 5398 448 5453 ranti
497 5400 552 5455 in
596 5400 661 5461 iis
686 5444 701 5466 ,
752 5418 871 5472 qua:
898 5420 1088 5475 magno
1128 5408 1265 5476 apud
1323 5407 1588 5467 Christum
1619 5413 1672 5470 in
1715 5419 1886 5486 pretio

375 5550 461 5632 itu
484 5538 665 5613 aliquot
681 5554 922 5632 codicibus
938 5554 1013 5603 hic
1036 5557 1279 5632 ipsa-ritur,
1292 5563 1510 5632 Joannes,
1528 5562 1716 5632 supple,
1733 5567 1885 5632 Phry-

312 5616 556 5669 sostwms,
578 5626 685 5676 qna-
710 5623 786 5664 est
804 5614 953 5665 altera
976 5616 1197 5679 colloquii
1223 5632 1445 5679 persona.
1472 5614 1518 5671 tn
1542 5614 1648 5673 aliis
1667 5614 1827 5679 secus.

2021 2314 2164 2357 sunt.
2207 2304 2336 2358 Nam
2376 2306 2456 2371 si,
2516 2320 2637 2361 cum
2687 2308 2944 2376 quosdam
2996 2310 3238 2368 videmus
3281 2314 3601 2397 mutulorum

2017 2396 2099 2449 vel
2166 2411 2414 2462 pecorum
2472 2397 2817 2455 ‘nostrorum
2873 2416 3055 2456 curam
3123 2403 3355 2474 habere,
3398 2409 3595 2463 sollicio

2018 2485 2253 2541 tudinem
2306 2487 2450 2555 illam
2519 2504 2614 2557 pro
2671 2500 2986 2560 argumento
3041 2497 3240 2551 arnoris
3297 2514 3423 2569 erga
3493 2517 3595 2556 nos

2020 2574 2276 2632 habemus
2299 2616 2315 2641 ,
2345 2577 2554 2634 etiamsi
2602 2580 2691 2634 illa
2726 2582 2904 2637 omnia
2948 2586 3187 2653 pecunize
3215 2592 3386 2657 pretio
3410 2607 3595 2647 eman-

2014 2675 2102 2721 tur
2131 2686 2145 2722 :
2173 2668 2260 2738 qui
2291 2684 2397 2729 non
2453 2672 2675 2740 pecunia
2721 2681 2814 2728 aut
2853 2674 2959 2729 alio
2983 2679 3233 2747 quoniam
3284 2682 3468 2748 simili,
3499 2685 3597 2741 sed

2014 2759 2232 2828 propria
2259 2768 2431 2815 morte
2461 2760 2601 2816 hunc
2620 2777 2836 2834 gregem
2869 2766 3029 2832 emit,
3068 2776 3123 2824 et
3152 2785 3247 2839 pro
3285 2772 3445 2828 ovilis
3471 2791 3595 2844 pre~

2014 2851 2089 2906 tio
2135 2853 2446 2922 sanguinem
2473 2853 2619 2910 dedit
2649 2893 2665 2919 ,
2695 2867 2895 2926 quanto
2937 2863 3156 2928 [triennio
3189 2873 3429 2932 pastores
3478 2869 3597 2938 ejus

2012 2945 2407 3000 remunerabit?
2431 2946 2787 3012 Quamobrem
2825 2963 2947 3004 cum
2991 2951 3215 3008 dixisset
3258 2955 3553 3028 discipulus
3576 3000 3596 3024 ,

2011 3032 2089 3086 'l'u
2113 3034 2232 3101 scis,
2262 3033 2480 3099 Domine
2500 3077 2516 3101 ,
2546 3037 2664 3106 quia
2706 3053 2822 3093 ante
2857 3049 2925 3105 te,
2959 3049 3014 3095 et
3055 3042 3303 3120 dilectum
3332 3046 3501 3115 ipsum
3541 3051 3597 3105 in

2008 3123 2306 3189 dilectionis
2327 3136 2516 3187 testem
2566 3139 2806 3185 vocasset
2842 3148 2858 3183 :
2906 3147 3014 3188 non
3042 3133 3127 3189 hic
3149 3137 3297 3191 stetit
3321 3136 3594 3210 Servatur,

2006 3215 2101 3272 sed
2116 3215 2416 3273 dilectionis
2429 3228 2797 3290 argumentum
2811 3220 3026 3292 adjecit.
3049 3224 3160 3281 Non
3176 3227 3316 3282 enim
3334 3242 3595 3300 quantum

2007 3307 2196 3365 Petrus
2209 3324 2268 3364 se
2281 3309 2525 3381 diligeret
2538 3311 2821 3370 ostendere
2839 3321 2962 3370 tunc
2978 3317 3187 3373 Volebat
3203 3338 3216 3372 :
3234 3336 3357 3377 nam
3370 3322 3420 3376 id
3437 3323 3592 3380 nobis

2004 3412 2070 3454 ex
2099 3400 2278 3460 multis
2302 3403 2631 3471 argumentis
2672 3403 2785 3473 jam
2811 3405 2981 3474 palam
3031 3421 3182 3475 erat;
3213 3412 3309 3468 sed
3336 3424 3595 3483 quanttt.

2006 3488 2121 3558 ipse
2169 3488 2461 3551 Ecclesiam
2513 3492 2758 3563 diligeret
2798 3509 2949 3551 suam
2972 3537 2991 3564 ,
3029 3507 3084 3555 et
3135 3501 3244 3557 Pet:
3259 3519 3347 3559 um
3386 3516 3442 3561 et
3491 3523 3594 3563 nos

2004 3594 2190 3635 omnes
2219 3580 2430 3642 edoceri
2468 3584 2633 3639 voluit
2654 3626 2670 3651 ,
2700 3594 2758 3640 ut
2786 3601 3027 3657 magnam
3055 3599 3112 3649 et
3147 3580 3389 3651 nos‘hac
3430 3598 3484 3651 in
3530 3615 3593 3654 re

2004 3670 2409 3729 sollicitudinem
2457 3672 2835 3733 exhiberemus
2860 3677 3035 3749 (Rom.
3063 3681 3118 3737 8.
3148 3684 3263 3753 52).
3289 3686 3398 3742 Cur
3445 3691 3590 3746 enim

2005 3760 2145 3817 Dens
2174 3761 2312 3817 Filio
2335 3778 2433 3819 suo
2455 3764 2727 3836 nnigenito
2751 3783 2855 3823 non
2883 3775 3151 3839 pepercit,
3178 3776 3272 3830 sed
3299 3793 3455 3848 quem
3479 3782 3592 3836 uni-

2001 3864 2124 3906 cum
2174 3851 2404 3909 habebat
2433 3855 2651 3913 tradidit
2690 3856 2870 3925 (101m.
2899 3860 2953 3915 5.
2987 3862 3121 3931 16)*
3141 3862 3208 3920 Ut
3231 3881 3326 3921 eos
3364 3870 3453 3937 qui
3481 3871 3589 3925 ini-

2002 3941 2142 3995 mico
2175 3958 2299 4012 erga
2353 3959 2413 3997 se
2475 3946 2656 4000 animo
2703 3958 2884 4003 essent
2934 3951 3032 4006 sibi
3086 3957 3487 4026 reconciliaret,
3532 3972 3589 4018 et

2002 4031 2322 4101 peculiarem
2372 4033 2471 4088 sibi
2537 4038 2787 4105 populum
2843 4037 3060 4096 laceret.
3112 4041 3223 4098 Cur
3275 4050 3588 4117 sanguinem

1998 4121 2221 4179 ell'udit?
2254 4122 2322 4177 Ut
2347 4124 2445 4179 has
2470 4136 2679 4181 emeret
2706 4141 2858 4194 oves,
2887 4144 3018 4199 quas
3045 4131 3205 4189 Petro
3230 4143 3285 4190 et
3309 4151 3586 4197 successo-

1998 4211 2146 4273 ribus
2196 4213 2315 4281 ejus
2354 4216 2570 4289 tradidit
2600 4217 2732 4286 (Tit.
2775 4219 2830 4274 2.
2863 4222 3118 4293 N)..lure
3159 4228 3180 4259 ³
3222 4243 3351 4299 ergo
3376 4230 3581 4288 dicebat

1998 4303 2262 4372 Christus,
2299 4307 2545 4374 Quisnam
2571 4319 2647 4365 est
2677 4312 2843 4378 ﬁdelis
2887 4330 3057 4371 servus
3076 4328 3124 4372 et
3149 4321 3370 4389 prudens
3389 4362 3406 4387 ,
3434 4341 3588 4394 quem

2000 4394 2263 4449 Constituet
2285 4396 2518 4453 dominus
2545 4402 2655 4471 ejus
2679 4418 2832 4471 super
2857 4404 3058 4459 domum
3075 4424 3222 4462 suam
3243 4410 3457 4481 (Matth.
3483 4414 3583 4471 24.

1998 4483 2129 4554 45η
2158 4485 2387 4541 Rursum
2425 4490 2581 4547 verba
2611 4491 2900 4549 dubitantis
2943 4507 3105 4564 sunt,
3129 4501 3228 4555 etsi
3256 4503 3346 4572 qui
3403 4504 3583 4575 loqui-

2001 4584 2085 4631 tur
2124 4578 2253 4632 nihil
2308 4579 2557 4639 dubitans
2602 4596 2666 4638 ea
2699 4585 2932 4654 proferat
2962 4605 2977 4640 :
3002 4590 3096 4644 sed
3133 4593 3581 4660 quemadmodum

1996 4682 2116 4722 cum
2146 4668 2360 4724 Petrum
2394 4672 2739 4743 interrogaret
2764 4693 2888 4734 num
2916 4694 2977 4734 se
3013 4680 3287 4751 diligeret,
3319 4700 3423 4740 non
3454 4688 3585 4743 ideo

1994 4760 2363 4815 sciscitabatur
2389 4764 2530 4831 quod
2558 4766 2716 4821 vellet
2741 4767 2983 4837 discipuli
3011 4786 3247 4829 amorem
3270 4778 3581 4847 explorare,

1995 4848 2089 4902 sed
2121 4859 2178 4903 ut
2204 4852 2404 4920 proprii
2429 4855 2626 4911 amoris
2652 4858 3064 4927 magnitudinem
3091 4862 3405 4933 declararet;
3426 4868 3496 4923 ita
3518 4880 3582 4926 et

1997 4952 2137 4991 nunc
2164 4953 2284 4993 cum
2311 4940 2469 5007 dicit,
2497 4942 2743 5009 Quisnam
2770 4957 2844 5001 est
2863 4948 3028 5017 ﬁdelis
3053 4966 3222 5008 seruus
3247 4964 3296 5008 et
3318 4958 3583 5025 prudens!

1996 5040 2100 5079 non
2130 5025 2232 5083 hoe
2284 5032 2396 5093 ait,
2426 5031 2566 5100 quod
2597 5033 2645 5088 ei
2686 5035 2905 5104 ignotus
2932 5038 3001 5092 sit
3030 5040 3200 5096 ﬁdelis
3248 5059 3311 5100 ac
3338 5049 3583 5116 prudens

1994 5128 2201 5181 servus,
2233 5119 2327 5173 sed
2351 5120 2493 5189 quod
2518 5124 2803 5179 ostendere
2830 5127 2989 5192 velit,
3016 5144 3176 5199 quam
3206 5136 3310 5188 rari
3329 5137 3439 5190 sint
3467 5136 3574 5193 lm-

1988 5203 2217 5272 jusmodi
2247 5209 2420 5274 servi,
2450 5221 2506 5264 et
2542 5223 2743 5280 quanta
2785 5216 2853 5271 sit
2883 5218 3022 5275 illius
3074 5222 3409 5291 magistratus
3445 5243 3570 5283 am-

1992 5294 2217 5361 plitudo.
2248 5297 2377 5353 Vide
2421 5300 2599 5371 itaque
2636 5315 2887 5373 quantum
2916 5308 2986 5363 sit
3027 5316 3301 5379 praemium
3343 5333 3358 5369 :
3396 5318 3574 5390 Super

1990 5386 2179 5453 omnia,
2229 5388 2433 5458 inquit,
2463 5392 2594 5447 bona
2620 5412 2712 5449 sua
2732 5399 2994 5455 constituet
3033 5418 3168 5459 eum.

2052 5518 2659 5603 1‘sic‘sanvillﬁtuplurimi
2677 5535 2783 5603 μεθ.
2825 5538 2872 5581 tn
2897 5533 3078 5601 March:
3100 5545 3150 5589 et
3190 5539 3314 5603 aliis,
3357 5544 3574 5603 [mutilo-

1985 5586 2566 5650 rumetpmpinquotjum,
2593 5586 2788 5650 legitur.
3064 5590 3075 5601 '
3108 5586 3147 5589 ’⁷
3193 5586 3314 5603 ’ψ’
3357 5586 3365 5605 ³

2053 5640 2071 5669 ³
2105 5638 2287 5704 Aliquot
2306 5638 2565 5707 .\:§s.,jure'
2579 5638 2799 5705 ac‘j'ustc.
