3860 6216
240 333 345 391 635

314 448 382 519 β’.
404 446 525 501 Ἔτι
556 439 652 502 οῦν
687 444 1125 518 ἀμφισϐητήσεις
1153 445 1284 515 ἡμῖν
1313 440 1410 496 τοῦ
1445 440 1521 514 μὴ
1554 439 1735 504 καλῶς
1762 441 1914 510 ήπα-

237 535 456 607 τῆσθαι,
488 535 622 588 πᾶσι
658 532 866 606 μέλλων
898 531 1287 602 ἐπιστήσεσθαι
1309 529 1406 583 τοῦ
1435 526 1571 582 Θεοῦ
1591 529 1704 592 τοῖς
1732 526 1914 599 ὑπάρ-

241 640 416 695 χουσι,
453 622 551 676 καὶ
579 621 751 676 ταῦτα
781 619 1057 692 πράττων,
1086 617 1122 672 ἀ
1161 619 1256 671 καὶ
1285 616 1376 670 τὸν
1416 616 1623 687 Πέτρον
1655 613 1914 668 ποιοῦντα

241 711 413 782 ἔφησε
456 707 777 781 δυνήσεσθαι
822 708 919 761 καὶ⁸
954 706 1064 760 τῶν
1120 705 1432 759 ἀποστόλων
1488 702 1913 774 ύπερακοντίσαι

238 799 368 864 τοὺς
385 797 627 860 λοιπούς.
659 795 842 864 Πέτρε
868 793 997 865 7&9,
1028 795 1182 865 φησί,
1205 792 1401 863 φιλεῖς
1421 809 1499 861 με
1530 791 1744 846 πλεῖον
1774 790 1912 844 τού·

238 901 398 950 των;
423 884 704 954 Ποίμαινε
726 881 801 936 τὰ
827 880 1091 950 πρόϐατά
1112 898 1254 951 μου.
1284 880 1477 934 Καίτοι
1506 881 1559 949 γ’
1587 879 1717 950 ἐνῆν
1738 880 1914 932 εἰπεῖν

240 972 379 1044 πρὸς
402 970 584 1037 αὑτὸν,
619 971 668 1025 εἰ
701 970 875 1040 φιλεῖς
921 986 1010 1040 με,
1058 968 1315 1041 νηστείαν
1357 968 1538 1033 ἄσκει,
1586 966 1911 1039 χαμευνίαν,

239 1059 544 1132 ἀγρυπνίας
567 1059 872 1122 συντόνους,
897 1058 1199 1129 προῖστασο
1212 1055 1321 1110 τῶν
1341 1055 1735 1125 ἀδικουμένων,
1762 1053 1912 1124 γίνου

239 1151 493 1221 ὀρφανοῖς
521 1149 598 1213 ὡς
634 1147 839 1217 πατὴρ,
878 1145 977 1200 καὶ
1009 1145 1130 1199 ἀντί
1169 1144 1361 1215 ἀνδρὸς
1401 1145 1470 1214 τῇ
1504 1144 1675 1215 μητρὶ
1711 1142 1911 1198 αὐτῶν.

240 1236 357 1292 Νῦν
387 1236 444 1290 δὲ
470 1236 649 1292 πάντα
674 1233 848 1289 ταῦτα
871 1233 1049 1303 ἀφεὶς,
1084 1232 1137 1286 τί
1170 1248 1337 1301 φησι;
1365 1232 1646 1300 Ποίμαινε
1665 1230 1738 1285 τὰ
1764 1233 1914 1312 ⁵πρό--

242 1324 391 1380 ϐατά
413 1342 555 1396 μου.
598 1323 810 1377 Ἐκεῖνα
832 1321 929 1394 μὲν
954 1321 1084 1393 7&9,
1115 1319 1155 1374 ἀ
1177 1321 1458 1391 προεῖπον,
1489 1320 1587 1373 καὶ
1617 1318 1727 1372 τῶν
1752 1318 1916 1390 ἀρχο-

244 1413 423 1486 μένων
459 1411 647 1467 πολλοὶ
677 1410 909 1465 δύναιντ’
944 1409 1010 1462 ἂν
1041 1406 1307 1461 ἐπιτελεῖν
1337 1405 1554 1478 ῥαδίως,
1590 1406 1691 1460 οὐκ
1722 1406 1915 1476 ἀνδρες

247 1501 427 1571 μόνον,
450 1498 587 1553 ἀλλά
614 1498 710 1551 καὶ
729 1497 1002 1566 γυναῖκες·
1029 1495 1157 1548 ὅταν
1175 1493 1231 1547 δὲ
1261 1492 1588 1563 Ἐκκλησίας
1614 1492 1915 1565 προστῆναι

241 1587 358 1659 δέη,
388 1586 481 1639 καὶ
503 1583 693 1655 ψυχῶν
719 1582 1034 1652 ἐπιμέλειαν
1060 1578 1417 1648 πιστευθῆναι
1443 1577 1733 1641 τοσούτων,
1764 1579 1914 1631 πᾶσα

246 1674 345 1745 μὲν
391 1674 425 1745 ή
466 1670 756 1741 γυναικεία
790 1668 951 1739 φύσις
992 1666 1390 1739 παραχωρείτω
1435 1665 1513 1738 τῷ
1548 1664 1771 1736 μεγέθει
1817 1664 1915 1719 τοῦ

243 1760 589 1834 πράγματος,
623 1758 717 1812 καὶ
750 1756 960 1828 ἀνδρῶν
994 1755 1051 1809 δέ
1082 1754 1144 1808 τδ
1173 1753 1355 1807 πλέον·
1394 1752 1717 1823 ἀγέσθωσαν
1748 1753 1806 1807 δέ
1834 1754 1916 1817 είς

246 1848 409 1923 μέσον
437 1847 487 1900 οἰ
512 1843 692 1915 πολλῷ
714 1843 794 1915 τῷ
822 1842 1007 1914 μέτρῳ
1035 1840 1485 1905 πλεονεκτοῦντες
1507 1840 1786 1906 ἀπάντων,
1820 1842 1916 1896 καὶ

242 1933 493 1990 τοσοῦτον
524 1932 844 2004 ὑψηλότεροι
872 1930 980 1983 τῶν
1008 1928 1183 1983 άλλιον
1208 1927 1350 1982 κατά
1380 1927 1479 1999 τὴν
1502 1928 1602 1999 τῆς
1622 1928 1801 1999 ψυχῆς
1827 1927 1914 1982 δν-

240 2041 332 2089 τες
370 2022 593 2095 ἀρστὴν,
627 2022 751 2074 ὅσον
790 2017 885 2073 τοῦ
916 2017 1116 2081 παντὸς
1154 2016 1341 2080 ἔθνους
1375 2015 1644 2088 Ἐϐραίων
1680 2016 1823 2071 κατά
1851 2016 1913 2070 τὸ

240 2112 336 2167 τοῦ
366 2111 614 2182 σώματος
642 2106 868 2181 μέγεθος
896 2108 925 2161 ό
950 2105 1142 2170 Σαοὺλ,
1170 2103 1369 2176 μᾶλλον
1393 2103 1452 2157 δὲ
1480 2104 1574 2157 καὶ
1599 2102 1754 2177 [575]
1788 2104 1916 2158 πολ-

240 2200 318 2273 λῷ
348 2198 530 2253 πλέον.
559 2196 650 2267 Μὴ
670 2196 780 2267 γάρ
810 2210 901 2265 μοι
926 2193 1086 2265 μόνον
1111 2192 1432 2262 ύπερωμίας
1461 2191 1696 2247 ἐνταῦθα
1726 2191 1912 2263 ζητεί-

243 2288 356 2343 σθω
383 2286 598 2359 μέτρον·
636 2281 750 2337 ἀλλ’
775 2282 875 2352 ὅση
924 2280 1061 2350 πρὸς
1100 2278 1171 2333 τά
1212 2279 1381 2348 ἄλογα
1414 2278 1523 2334 τῶν
1562 2278 1794 2349 λογικῶν
1819 2281 1914 2334 ἀν-

241 2376 476 2450 θρώπων
494 2377 529 2446 ή
562 2371 815 2443 διαφορὰ,
835 2368 1091 2424 τοσοῦτον
1121 2367 1214 2422 τοῦ
1243 2366 1503 2438 ποιμένος
1526 2369 1622 2421 καὶ
1649 2367 1759 2423 τῶν
1795 2387 1914 2423 ποι-

244 2461 587 2536 μαινομένων
620 2459 763 2512 έστω
791 2456 855 2510 τδ
890 2456 1076 2528 μέσον,
1105 2455 1195 2510 ἵνα
1233 2454 1308 2526 μὴ
1346 2454 1436 2508 καὶ
1478 2454 1640 2510 πλέον
1671 2472 1722 2509 τι
1751 2457 1910 2511 εῖπω·

240 2550 336 2606 καὶ
365 2549 474 2621 γὰρ
499 2546 627 2619 περὶ
658 2543 836 2614 πολλῷ
873 2542 1137 2615 μειζόνων
1175 2542 1205 2596 ό
1234 2541 1496 2606 κίνδυνος.
1541 2541 1599 2595 '0
1644 2542 1742 2613 μὲν
1778 2544 1914 2616 πρό-

240 2638 381 2692 ϐατα
407 2632 666 2698 ἀπολλὺς,
695 2632 735 2704 ﬁ
752 2631 937 2687 λύκων
956 2628 1342 2702 ἁρπασάντων,
1364 2628 1399 2699 ἢ
1420 2628 1633 2700 λῃστῶν
1656 2630 1914 2685 ἐπιστάν-

239 2744 370 2790 των,
407 2724 443 2796 ἦ
479 2721 667 2793 λοιμοῦ
707 2737 873 2787 τινος,
896 2719 931 2791 ἢ
963 2718 1056 2773 καὶ
1097 2717 1256 2774 άλλου
1283 2716 1691 2789 συμπτώματος
1714 2719 1910 2774 ἐπιπε-

241 2813 447 2879 σόντος,
479 2810 633 2882 τύχοι
674 2810 773 2880 μὲν
807 2808 872 2864 άν
908 2823 1053 2871 τινος
1101 2807 1197 2860 καὶ
1241 2804 1570 2878 συγγνώμης
1622 2806 1775 2876 παρά
1815 2807 1911 2862 τοῦ

240 2901 431 2974 κυρίου
469 2899 567 2972 τῆς
609 2896 862 2969 ποίμνης·
898 2897 946 2948 εἰ
994 2894 1051 2948 δέ
1093 2895 1185 2949 καὶ
1216 2893 1372 2964 δίκην
1407 2895 1712 2961 ἀπαιτοῖτο,
1749 2895 1912 2968 μέχρι

238 2989 347 3045 τῶν
366 2986 666 3062 χρημάτων
693 2987 732 3057 η
760 2983 955 3056 ζημία·
980 2984 1011 3036 ό
1036 2982 1093 3036 δὲ
1118 2981 1440 3053 ἀνθρώπους
1482 2982 1814 3050 πιστευθεὶς,
1850 2985 1912 3039 τὸ

236 3077 454 3148 λογικὸν
477 3073 570 3129 τοῦ
597 3070 835 3145 Χριστοῦ
863 3070 1131 3142 ποίμνιον,
1154 3069 1371 3142 πρῶτον
1400 3069 1498 3141 μὲν
1535 3069 1637 3123 ούκ
1661 3071 1741 3133 είς
1773 3072 1912 3143 χρή-

241 3182 405 3237 ματα,
435 3162 549 3218 ἀλλ’
574 3162 653 3224 εἰς
677 3158 776 3231 τὴν
813 3156 1010 3213 ἐαυτοῦ
1045 3155 1223 3228 ψυχὴν
1255 3154 1353 3228 τὴν
1387 3155 1591 3228 ζημίαν
1617 3157 1911 3227 ὑφίσταται

237 3253 374 3324 ὑπὲρ
400 3251 499 3321 τῆς
524 3249 634 3304 τῶν
660 3246 947 3321 προϐάτων
980 3244 1276 3308 ἀπωλείας·
1311 3242 1504 3298 ἔπειτα
1525 3244 1733 3298 καὶτὸν
1762 3245 1910 3315 ἀγῶ-

236 3358 303 3394 να
332 3337 510 3409 πολλῷ
549 3335 767 3407 μείζονα
805 3334 899 3388 καὶ
932 3330 1313 3404 χαλεπώτερον
1335 3329 1472 3401 ἔχει.
1504 3330 1579 3384 Ού
1616 3329 1727 3404 γάρ
1759 3332 1911 3406 αὐτῷ

236 3426 376 3499 πρὸς
403 3425 600 3488 λύκους
643 3425 679 3494 ἡ
714 3421 884 3494 μάχη,
911 3420 1033 3475 ούδέ
1071 3419 1213 3491 ὑπὲρ
1245 3417 1457 3490 λῃστῶν
1481 3417 1740 3485 δέδοικεν,
1786 3422 1909 3478 ούδέ

238 3518 326 3570 ενα
368 3511 558 3585 λοιμὸν
581 3510 829 3581 ἀπελάσῃ
865 3509 965 3579 τῆς
999 3507 1234 3578 ποίμνης
1264 3504 1536 3579 φροντίζει
1558 3524 1571 3539 .
1600 3508 1739 3563 ἀλλὰ
1771 3512 1912 3582 πρὸς
1974 3514 1981 3518 .

235 3603 389 3666 τίνας
431 3603 460 3654 δ
488 3599 745 3670 πόλεμος,
781 3598 876 3651 καὶ
919 3595 1060 3667 μετά
1090 3595 1251 3649 τίνων
1272 3596 1306 3665 ή
1363 3594 1545 3666 πάλη;
1582 3597 1783 3650 Ἄκουε
1811 3600 1908 3654 τοῦ

242 3688 509 3764 μακαρίου
541 3685 754 3741 Παύλου
785 3683 1055 3752 λέγοντος·
1097 3683 1219 3737 Οὐκ
1264 3681 1436 3736 ἐστιν
1477 3681 1622 3753 ἡμῖν
1652 3684 1692 3753 ἡ
1738 3684 1905 3757 πάλη

238 3777 389 3846 πρὸς
435 3769 579 3844 αἷμα
620 3772 718 3827 καί
763 3770 980 3840 σάρκα,
1011 3769 1175 3825 ἀλλὰ
1212 3768 1363 3838 πρὸς
1388 3769 1496 3837 τὰς
1524 3769 1732 3841 ἀρχὰς,
1757 3774 1911 3842 πρὸς

236 3866 341 3932 τὰς
372 3862 680 3929 ἐξουσίας,
720 3858 865 3931 πρὸς
912 3857 1051 3925 τοὺς
1092 3855 1581 3928 κοσμοκράτορας
1624 3858 1730 3914 τοῦ
1764 3861 1909 3915 σιιό..

235 3970 378 4019 τους
413 3950 520 4006 τοῦ
573 3946 788 4014 αἰῶνος
816 3946 1053 4012 τούτου,
1095 3943 1246 4014 πρὸς
1280 3945 1355 3999 τὰ
1390 3947 1762 4016 πνευματικὰ
1797 3947 1909 4018 τῆς

238 4039 527 4112 πονηρίας
551 4037 622 4093 ἐν
642 4035 767 4107 τοῖς
790 4036 1192 4103 ἐπουρανίοις.
1220 4029 1374 4097 Εἶδες
1401 4034 1676 4106 πολεμίων
1704 4035 1905 4108 πλῆθος

231 4127 426 4191 δεινὸν,
457 4127 553 4180 καὶ
579 4124 861 4195 φάλαγγας
890 4121 1108 4193 ἀγρίας,
1147 4121 1208 4174 οὐ
1246 4120 1453 4192 σιδήρῳ
1480 4123 1903 4195 πεφραγμένας,

232 4216 349 4273 ἀλλ’
377 4215 498 4269 ἀντὶ
520 4212 699 4281 πάσης
739 4209 1039 4270 πανοπλίας
1064 4207 1408 4278 άρκουμένας
1444 4210 1510 4278 τῇ
1549 4208 1743 4278 φύσεις
1772 4211 1906 4266 Βού..

231 4302 313 4356 λει
343 4301 440 4358 καὶ
461 4299 645 4370 ἕτερον
675 4294 1037 4368 στρατόπεδον
1061 4293 1186 4348 ἰδεῖν
1210 4292 1417 4365 ἀπηνὲς
1438 4295 1530 4349 καὶ
1552 4294 1705 4366 ὠμὸν
1728 4296 1904 4373 ταύτῃ

232 4384 595 4463 προσεδρεῦον
623 4387 691 4456 τῇ
723 4382 964 4458 mlum;
1013 4380 1108 4433 καὶ
1148 4379 1304 4434 τοῦτο
1328 4379 1435 4434 ἀπὸ
1455 4380 1557 4450 τῆς
1581 4382 1749 4455 αὐτῆς
1781 4383 1903 4454 δψει

231 4474 536 4549 περιωπῆς.
572 4473 631 4525 ’0
662 4471 771 4543 γὰρ
810 4470 938 4540 περὶ
968 4467 1191 4523 ἐκείνων
1216 4469 1349 4538 ἡμῖν
1384 4466 1707 4540 διαλεχθεὶς,
1745 4463 1901 4537 οὗτος

230 4565 326 4617 καὶ
369 4561 589 4623 τούτους
633 4560 764 4632 ἡμῖν
799 4555 1143 4611 ὑποδείκνυσι
1180 4554 1307 4619 τοὺς
1342 4554 1592 4627 ἐχθροὺς,
1634 4550 1738 4612 ὧδέ
1781 4577 1899 4625 πως

227 4638 421 4719 λέγων·
452 4645 685 4716 Φανερὰ
710 4645 842 4699 ἐστι
869 4645 942 4696 τὰ
966 4642 1109 4712 ἔργα
1130 4640 1242 4710 τῆς
1268 4641 1513 4710 σαρκὸς,
1548 4641 1721 4698 ἅτινά
1744 4645 1896 4713 ἐστι,

226 4736 499 4807 πορνεία,
534 4734 795 4805 μοιχεία,
834 4730 1192 4799 ἀκαθαρσία,
1234 4731 1545 4800 ἀσέλγεια,
1578 4730 1899 4788 εἰδωλολα-

225 4825 411 4893 τρεία,
458 4822 818 4893 φαρμακεία,
845 4820 1074 4889 ἔχθραι,
1110 4820 1285 4888 ἕρεις,
1318 4819 1506 4888 ζῆλοι,
1545 4823 1742 4891 θυμοὶ,
1783 4823 1899 4893 ἐρι-

226 4913 396 4975 ΰεῖαι,
438 4909 818 4972 καταλαλιαί,
865 4909 1237 4978 ψιθυρισμοί,
1281 4908 1629 4979 φυσιώσεις,
1679 4913 1899 4968 ἀκατα-

224 4999 495 5062 στασίαι,
518 4997 613 5051 καὶ
641 4997 806 5067 ἐτερα
832 4995 1036 5070 τούτων
1061 4995 1300 5051 πλείονα·
1330 4997 1393 5050 ού
1421 4994 1529 5069 γάρ
1555 4999 1734 5053 πάντα
1765 5018 1896 5055 κατ-

226 5086 428 5154 έλεξεν.
458 5084 572 5140 ἀλλ’
591 5087 656 5139 ἐκ
679 5083 883 5138 τούτων
908 5084 1121 5155 ἀφῆκεν
1144 5083 1339 5137 εἰδέναι
1366 5083 1461 5136 καὶ
1485 5083 1556 5137 τά
1582 5084 1763 5141 λοιπά.
1786 5089 1895 5142 Καὶ

226 5174 320 5227 ἐπὶ
360 5173 462 5244 μὲν
488 5171 584 5226 τοῦ
623 5170 879 5244 ποιμένος
915 5171 1023 5225 τῶν
1073 5170 1284 5240 ἀλόγων
1323 5171 1374 5224 οί
1425 5170 1737 5242 βουλόμενοι
1780 5173 1894 5230 δια-

223 5258 440 5332 φθεῖραι
477 5260 576 5332 τὴν
604 5260 859 5331 ποίμνην,
891 5260 1018 5316 ὅταν
1046 5259 1197 5313 ῖδωσι
1221 5259 1312 5312 τὸν
1349 5259 1635 5327 ἐφεστῶτα.
1668 5262 1895 5331 φεύγον-

220 5361 310 5412 τα,
339 5348 438 5420 τήν
466 5348 601 5421 πρὸς
626 5348 834 5402 ἐκεῖνον
863 5349 1043 5420 μάχην
1069 5347 1320 5417 ἀφέντες,
1363 5347 1663 5418 ἀρκοῦνται⁴
1692 5354 1756 5422 τῇ
1784 5351 1892 5405 τῶν

222 5433 556 5505 θρεμμάτων
578 5435 823 5508 ἁρπαγῇ·
847 5434 1080 5489 ἐνταῦθα
1104 5433 1183 5497 δὲ,
1210 5433 1311 5486 κᾶν
1330 5431 1546 5486 ἃπασαν
1565 5432 1773 5489 λάϐωσι
1795 5438 1893 5507 τὴν

220 5524 478 5595 ποίμνην,
504 5524 612 5579 οὐδ’
633 5524 777 5580 οὕτω
803 5524 896 5579 τοῦ
925 5523 1181 5594 ποιμένος
1215 5522 1559 5591 ἀφίστανται,
1591 5524 1728 5578 ἀλλά
1759 5527 1894 5598 μᾶλ-

219 5609 312 5664 λον
340 5613 691 5682 ἐφεστήκασι,
721 5613 817 5667 καὶ
837 5613 995 5666 πλέον
1020 5611 1398 5683 θρασύνονται·
1426 5613 1521 5667 καὶ
1546 5614 1607 5667 ού
1630 5616 1892 5687 πρότερον

222 5695 506 5764 παύονται,
538 5699 644 5761 ἕως
674 5701 741 5754 ἂν
778 5700 812 5769 ἦ
843 5700 1227 5754 καταϐάλωσιν
1256 5702 1481 5767 ἐκεῖνον,
1517 5703 1552 5774 ἦ
1584 5702 1880 5775 νικηθῶσιν

221 5782 396 5844 αὐτοί.
427 5787 569 5858 Πρὸς
606 5786 669 5844 δὲ·
692 5786 898 5851 τούτοις
928 5788 994 5841 τά
1025 5788 1121 5861 μὲν
1160 5788 1267 5845 τῶν
1293 5788 1576 5861 προϐάτων
1604 5791 1890 5862 νοσήματα

983 325 1344 389 SJOANNIS
1379 322 1871 383 CHRYSOSTOII
1903 320 2227 384 ARCHIEP.
2265 327 2817 390 CONSTANTINOP.

3587 334 3697 399 σοι

2026 442 2331 516 καθέστηκε
2362 446 2593 518 φανερά,
2621 446 2726 502 κᾶν
2752 446 2910 518 λιμὸς
2933 443 2991 520 ᾖ,
3026 447 3129 503 κᾶν
3158 448 3364 522 λοιμὸς,
3393 453 3499 506 κάν
3528 453 3696 526 τραῦ-

2024 542 2121 596 μα,
2149 527 2252 582 κᾶν
2277 529 2630 601 ὁτιδηποτοῦν
2654 527 2897 606 Ξτερονῇ
2922 532 2984 586 τὸ
3007 531 3233 588 λυποῦν·
3263 534 3326 588 ού
3358 537 3557 608 μικρὸν
3583 545 3609 571 ³
3636 539 3694 592 δὲ

2019 609 2177 695 τοῦτο
2200 610 2404 695 δύναιτ’
2438 613 2507 668 ἀν
2529 613 2667 686 πρὸς
2691 615 2792 686 τήν
2817 616 2928 670 τῶν
2948 616 3310 687 ἐνοχλούντων
3347 621 3691 695 ἀπαλλαγήν.

2024 694 2182 748 Ἔστι
2209 694 2268 749 δέ
2294 713 2350 749 τι
2377 697 2471 750 καὶ
2496 696 2684 769 ἕτερον
2713 697 2906 754 τούτου
2938 699 3143 771 μεῖζον,
3166 702 3230 755 τὸ
3261 703 3453 759 ποιοῦν
3472 694 3697 777 ταχεῖαν

2020 777 2122 858 τῆς
2169 778 2481 850 ἀρρωστίας
2524 780 2741 853 ἐκείνης
2779 782 2880 854 τὴν
2919 781 3093 839 λύσιν.
3132 785 3199 838 Τί
3233 785 3293 840 δέ
3336 787 3494 842 τοῦτό
3534 792 3695 858 tam;

2021 857 2172 913 Μετά
2194 860 2393 933 πολλῆς
2421 861 2520 934 τῆς
2551 861 2799 930 ἐξουσίας
2825 865 3302 936 καταναγκάζουσι
3344 869 3417 924 τά
3444 857 3697 942 πρόϐατα

2020 946 2069 998 οί
2094 946 2351 1017 ποιμένες
2373 947 2624 1019 δέχεσθαι
2643 948 2744 1020 τήν
2770 949 3034 1022 ἰατρείαν,
3064 950 3196 1006 ὅταν
3221 951 3419 1007 ἐκόντα
3455 954 3532 1026 μή
3556 954 3697 1009 ὐπο-

2024 1028 2182 1103 μένῃ.
2207 1030 2317 1084 Καὶ
2342 1029 2452 1102 γὰρ
2482 1029 2642 1103 δῆσαι
2668 1029 2909 1098 εΰκολον,
2939 1032 3069 1087 ὅταν
3101 1033 3302 1089 καῦσαι
3339 1035 3457 1109 δέῃ,
3484 1038 3582 1092 καί
3612 1038 3700 1091 τέ-

2024 1114 2146 1183 μεῖν
2171 1114 2266 1167 καὶ
2288 1112 2523 1184 φυλάξαι
2548 1112 2695 1169 ἔνδον
2714 1114 2809 1169 ἐπὶ
2834 1117 3027 1187 χρόνον
3053 1118 3247 1184 πολὺν,
3269 1119 3435 1192 ήνίκα
3454 1120 3522 1174 ἂν
3538 1121 3700 1177 τοῦτο

2023 1197 2297 1271 συμφέρῃ,
2327 1198 2420 1251 καὶ
2452 1197 2649 1269 ἑτέραν
2689 1198 2747 1252 δέ
2789 1199 2906 1254 ἀνθ’
2932 1201 3128 1272 ἑτέρας
3168 1207 3538 1276 προσαγαγεῖν
3570 1223 3700 1278 τρο-

2021 1282 2149 1352 φὴν,
2186 1282 2282 1336 καί¹
2310 1281 2662 1336 ἀποκωλῦσαι
2695 1284 2974 1355 ναμάτων,
3005 1286 3102 1339 καὶ
3131 1285 3203 1340 τά
3234 1286 3371 1342 ἄλλα
3401 1288 3458 1342 δέ
3492 1289 3697 1356 πάντα,

2020 1367 2230 1437 ὅσαπερ
2258 1363 2323 1419 ἀν
2339 1365 2676 1436 δοκιμάσωσι
2697 1365 2834 1439 πρὸς
2858 1367 2957 1439 τὴν
2977 1368 3202 1424 ἐκείνων
3225 1369 3438 1440 ὑγίειαν
3461 1371 3701 1445 συμϐάλ-

2022 1448 2207 1503 λεσθαι
2243 1448 2292 1514 δ,
2330 1449 2467 1520 μετά
2496 1448 2698 1521 πολλῆς
2728 1451 2921 1518 ἄγουσι
2947 1446 3343 1523 τῆςοεύκολίας.

2097 1531 2248 1606 [574]
2285 1540 2354 1603 γ’.
2397 1532 2509 1597 Τάς
2538 1532 2597 1586 δὲ
2626 1532 2736 1587 τῶν
2777 1533 3080 1606 ἀνθρώπιον
3122 1537 3435 1609 ἀρρωστίας
3477 1538 3700 1610 πρῶτον

2029 1616 2126 1686 μὲν
2177 1616 2278 1670 ούκ
2327 1615 2473 1670 ἔστιν
2498 1615 2771 1689 ἀνθρώπῳ
2803 1617 2982 1689 ῥᾴδιον
3032 1618 3178 1673 ἰδεῖν·
3210 1619 3423 1687 Οὐδείς
3465 1623 3575 1693 γὰρ
3613 1620 3700 1679 οτ-

2023 1699 2132 1754 δεν
2152 1698 2479 1769 ἀνθρώπων
2516 1699 2591 1755 τὰ
2626 1699 2734 1755 τοῦ
2779 1699 3114 1770 ἀνθρώπου,
3142 1703 3199 1756 εἰ
3230 1700 3319 1773 μὴ
3364 1702 3433 1757 τὸ
3459 1704 3699 1776 πνεῦμα

2020 1781 2129 1836 τοῦ
2172 1780 2487 1850 ἀνθρώπου
2524 1783 2589 1836 τὸ
2623 1782 2695 1838 ἐν
2724 1780 2905 1849 αὐτῷ.
2953 1782 3079 1848 Πῶς
3114 1779 3209 1840 οὖν
3236 1802 3322 1850 τις
3352 1788 3698 1859 προσαγάγοι

2019 1865 2120 1936 τῆς
2145 1865 2304 1921 νόσου
2321 1865 2384 1919 τὸ
2412 1864 2725 1937 φάρμακον,
2755 1859 2827 1937 ῆς
2855 1866 2945 1921 τὸν
2971 1867 3174 1939 τρόπον
3205 1869 3309 1923 οὐκ
3334 1862 3465 1934 οἶδε,
3496 1870 3697 1927 πολλά-

2022 1965 2108 2011 κις
2131 1949 2189 2002 δέ
2213 1948 2347 2020 μηδὲ
2364 1950 2412 2002 εί
2436 1949 2691 2020 τυγχάνοι
2713 1949 2884 2005 νοσῶν
2907 1950 3205 2024 δυνάμενος
3227 1953 3489 2022 συνιδεῖνς
3523 1956 3699 2010 Ἐπει-

2020 2031 2119 2087 δάν
2143 2032 2200 2086 δέ
2225 2033 2321 2087 καί
2342 2032 2661 2105 καταφανὴς
2683 2032 2931 2107 γένηται,
2953 2035 3077 2090 τότε
3109 2036 3336 2093 πλείονα
3369 2037 3520 2111 αὐτῷ
3551 2056 3699 2111 παρ-

2021 2115 2135 2187 έχει
2158 2115 2258 2188 τὴν
2292 2115 2575 2171 δυσκολίαν
2598 2127 2646 2172 α.
2680 2117 2756 2169 Ού
2794 2118 2901 2190 γάρ
2932 2118 3051 2172 ἐστι
3085 2117 3227 2190 μετά
3251 2120 3520 2194 τοσαύτης
3549 2120 3699 2189 ἐξου-

2022 2200 2144 2263 σίας
2176 2199 2422 2265 ἀπαντας
2450 2199 2772 2272 θεραπεύειν
2799 2198 3141 2272 ἀνθρώπους,
3175 2202 3295 2275 μεθ’
3320 2203 3455 2277 ὅσης
3475 2204 3539 2258 τὺ
3566 2205 3699 2277 πρό-

2020 2280 2184 2338 ϐατον
2209 2283 2240 2336 ό
2272 2284 2497 2356 ποιμήν.
2526 2284 2683 2338 Ἐστι
2720 2282 2821 2355 μὲν
2855 2284 2965 2358 γάρ
2995 2285 3089 2339 καὶ
3120 2285 3358 2341 ἐνταῦθα
3385 2286 3482 2342 καὶ
3504 2287 3694 2358 δῆσαι,

2019 2364 2115 2419 καὶ
2136 2365 2346 2437 τροφῆς
2374 2365 2650 2439 ἀπεῖρξαι,
2678 2366 2773 2421 καί
2799 2362 3021 2434 καῦσαι,
3046 2367 3143 2421 καὶ
3170 2371 3380 2440 τεμεῖν·
3409 2368 3527 2426 ἀλλ’
3547 2370 3581 2442 ή
3605 2369 3700 2435 ἐξ·

2018 2446 2176 2503 ουσία
2211 2447 2305 2502 τοῦ
2333 2448 2587 2514 δέξασθαι
2626 2449 2725 2521 τὴν
2749 2449 2994 2522 ἰατρείαν
3023 2450 3123 2504 οὐκ
3169 2451 3230 2505 ἐν
3252 2450 3332 2523 τῷ
3361 2452 3698 2524 προσάγοντι

2017 2531 2080 2585 τὸ
2110 2531 2423 2603 φάρμακον,
2456 2531 2572 2587 ἀλλ’
2605 2533 2665 2585 ἐν
2694 2531 2771 2604 τῷ
2798 2531 2826 2572 δ
2855 2530 3114 2604 κάμνοντι
3146 2534 3347 2590 κεῖται.
3381 2534 3555 2589 Τοῦτο
3580 2534 3697 2607 γάρ

2020 2616 2115 2670 καὶ
2146 2618 2176 2670 ό
2194 2613 2497 2686 θαυμάσιος
2539 2617 2748 2680 ἐκεῖνος
2777 2615 2919 2689 ἀνὴρ
2953 2615 3200 2683 συνιδὼν,
3233 2619 3548 2690 Κορινθίοις
3578 2619 3699 2673 ελε-

2018 2716 2133 2767 γεν·
2171 2701 2255 2753 Οὐ
2278 2698 2389 2769 γὰρ
2420 2698 2769 2769 κυριεύομεν
2800 2709 2824 2738 °
2864 2697 3036 2769 ὑμῶν
3080 2698 3193 2769 τῆς
3223 2700 3506 2768 πίστεως,
3529 2702 3699 2759 ἀλλὰ

2018 2781 2304 2851 συνεργοί
2341 2781 2530 2851 ἐσμεν
2563 2780 2676 2849 τῆς
2719 2778 2910 2850 χαρᾶς
2945 2779 3134 2850 ὑμῶν.
3169 2781 3422 2837 Μάλιστα
3452 2782 3557 2854 μὲν
3581 2782 3698 2856 7&9

2018 2867 2272 2923 ἀπάντων
2295 2868 2645 2939 Χριστιανοῖς
2674 2868 2774 2921 οὐκ
2803 2869 3014 2936 ἐφεῖται
3048 2867 3187 2939 πρὸς
3209 2867 3330 2937 βίαν
3355 2868 3698 2940 ἐπανορθοῦν

2014 2950 2084 3004 τά
2112 2949 2223 3004 τῶν
2257 2949 2674 3021 ἁμαρτανόντων
2705 2950 3042 3021 πταίσματα.
3084 2950 3223 3004 ’Δλλ’
3248 2951 3299 3005 οἰ
3347 2951 3447 3022 μὲν
3490 2951 3697 3017 ἔξωθεν

2014 3034 2264 3089 δικασταὶ
2287 3035 2413 3097 τοὺς
2434 3032 2776 3107 κακούργους
2816 3035 2944 3089 ὅταν
2972 3034 3078 3088 ὑπὸ
3107 3037 3222 3099 τοῖς
3248 3035 3438 3105 νόμοις
3456 3035 3693 3101 λάϐωσι,

2016 3118 2217 3190 πολλὴν
2266 3116 2666 3172 ἐπιδείκνυνται
2711 3117 2813 3188 τὴν
2861 3117 3131 3183 ἐξουσίαν,
3173 3119 3269 3172 καὶ
3312 3119 3556 3185 ἄκοντας
3576 3125 3698 3186 τοῖς

2013 3200 2237 3271 τρόποις
2282 3197 2555 3252 κωλύουσι
2599 3198 2835 3270 χρῆσθαι
2877 3200 2992 3263 τοῖς
3019 3199 3220 3253 αὐτῶν·
3257 3199 3495 3255 ἐνταῦθα
3535 3200 3594 3255 δέ
3628 3203 3693 3257 οὗ

2017 3281 2355 3355 βιαζόμενον,
2379 3282 2515 3338 ἀλλά
2543 3283 2801 3338 πείθοντα
2833 3283 2915 3337 δεῖ
2937 3284 3110 3337 ποιεῖν
3144 3282 3357 3353 ἀμείνω
3396 3284 3488 3339 τὸν
3512 3283 3693 3338 τοιοῦ-

2013 3385 2125 3424 τον.
2157 3366 2295 3424 Οὔτε
2338 3366 2445 3439 γὰρ
2486 3369 2621 3439 ἡμῖν
2650 3366 2868 3433 ἐξουσία
2905 3365 3145 3437 τοσαύτη
3181 3365 3334 3438 παρὰ
3368 3366 3480 3422 τῶν
3506 3367 3704 3439 νόμων

2012 3450 2220 3505 δέδοται
2267 3450 2403 3522 πρὸς
2440 3449 2504 3503 τὸ
2542 3448 2772 3503 κωλύειν
2806 3447 2935 3513 τοὺς
2974 3447 3412 3521 ἁμαρτάνοντας,
3453 3448 3600 3516 οὔτε,
3641 3453 3695 3506 εἰ

2013 3534 2107 3589 καί
2135 3534 2365 3599 ἔδωκαν,
2397 3533 2618 3604 εῖχομεν
2656 3533 2791 3586 ὅπου
2826 3531 3143 3604 χρησόμεθα
3178 3530 3198 3571 ΐ
3224 3534 3292 3604 τῇ
3332 3531 3582 3605 δυνάμει,
3626 3536 3692 3589 ού

2013 3618 2141 3682 τοὺς
2171 3617 2386 3688 ἀνάγκη
2418 3618 2517 3687 τῆς
2555 3615 2774 3683 κακίας,
2807 3615 2943 3670 ἀλλά
2977 3615 3104 3679 τοὺς
3134 3615 3460 3687 προαιρέσει
3485 3617 3694 3689 ταύτης

2012 3701 2384 3774 ἀπεχομένους
2414 3702 2439 3741 ⁸
2458 3698 2845 3770 στεφανοῦντος
2866 3697 2961 3753 τοῦ
2990 3696 3149 3753 Θεοῦ.
3180 3699 3278 3754 Διά
3299 3700 3458 3754 τοῦτο
3487 3701 3693 3773 πολλῆς

2012 3786 2172 3855 χρεία
2206 3784 2307 3855 τῆς
2346 3783 2616 3855 μηχανῆς,
2667 3782 2756 3837 ἵνα
2798 3781 3093 3836 πεισθῶσιν
3134 3782 3161 3822 ιι
3199 3782 3419 3847 ἑκόντες
3459 3783 3695 3851 ἑαυτοὺς

2012 3867 2235 3939 ὑπέχειν
2264 3868 2388 3930 ταῖς
2414 3865 2569 3936 παρά
2592 3864 2702 3918 τῶν
2727 3863 2917 3936 ἱερέων
2945 3862 3264 3937 θεραπείαις
3287 3865 3339 3918 οἰ
3362 3865 3693 3937 κάμνοντες,

2012 3952 2107 4004 καὶ
2136 3952 2197 4004 οὐ
2224 3949 2384 4003 τοῦτο
2419 3949 2602 4021 μόνον,
2635 3947 2750 4003 ἀλλ’
2780 3948 2871 4002 ἶνα
2913 3947 3010 4001 καὶ
3045 3948 3207 4019 χάριν
3245 3947 3429 4002 εἰδῶσι
3463 3949 3565 4020 τῆς
3601 3952 3689 4004 ἰα-

2009 4036 2195 4108 τρείας
2222 4035 2427 4098 αὑτοῖς.
2458 4036 2558 4088 Ἂν
2580 4049 2641 4086 τε
2672 4032 2783 4105 γάρ
2808 4048 2939 4086 ποτε
2972 4033 3245 4105 σκιρτήσῃ
3266 4032 3444 4097 δεθεὶς
3473 4033 3689 4106 (κύριος

2010 4122 2119 4192 γάρ
2161 4123 2278 4174 ἐστι
2324 4118 2561 4186 τούτου),
2607 4118 2789 4189 χεῖρον
2836 4117 3133 4188 εἰργάσατο
3175 4117 3239 4171 τὸ
3283 4117 3477 4172 δεινόν·
3513 4119 3579 4173 ἄν
3625 4137 3689 4176 τε

2008 4204 2134 4267 τοὺς
2190 4202 2410 4273 σιδήρου
2447 4200 2604 4272 δίκην
2645 4200 2943 4271 τέμνοντος
2977 4198 3171 4268 λόγους
3224 4203 3685 4277 παραπέμψηται.

2010 4283 2316 4356 προσέθηκε
2342 4283 2434 4338 διά
2462 4284 2562 4355 τῆς
2592 4283 3053 4354 καταφρονήσεως
3089 4281 3311 4354 τραῦμα
3338 4284 3547 4357 ἕτερον,
3587 4292 3686 4344 καὶ

2008 4370 2230 4438 γέγονεν
2269 4370 2304 4439 ή
2335 4366 2437 4437 τῆς
2472 4365 2766 4438 θεραπείας
2798 4365 3072 4437 πρόφασις
3100 4366 3256 4421 νόσου
3297 4367 3692 4443 χαλεπωτέρας

2008 4450 2284 4515 ὑπόθεσις.
2322 4449 2380 4504 '0
2399 4448 2507 4520 7&9
2534 4445 2966 4517 καταναγκάξων
2995 4446 3089 4502 καὶ
3110 4446 3313 4504 άκοντα
3346 4450 3684 4523 θεραπεῦσαι

2007 4535 2307 4605 δυνάμενος
2338 4533 2440 4586 οὐκ
2462 4531 2600 4587 ἔστι.

2075 4617 2139 4672 δ’.
2168 4616 2234 4671 Τί
2274 4612 2368 4669 οὖν
2409 4613 2475 4669 άν
2517 4632 2600 4680 τις
2638 4614 2914 4685 ποιήσειε;
2951 4615 3062 4670 Καὶ
3094 4616 3235 4688 γὰρ,
3266 4617 3333 4671 ἂν
3378 4617 3693 4693 πραότερον

2006 4698 2393 4772 προσενεχθῇς,
2418 4696 2497 4769 τῷ
2523 4696 2724 4769 πολλῆς
2745 4697 3047 4769 ἀποτομίας
3071 4699 3329 4772 δεομένῳ,
3353 4703 3448 4755 καὶ
3475 4703 3551 4776 μή
3571 4704 3685 4776 δῷς

2006 4783 2226 4854 βαθεῖαν
2257 4783 2356 4855 τὴν
2379 4781 2593 4853 πληγὴν
2621 4782 2636 4822 ί
2668 4780 2748 4852 τῷ
2768 4780 3023 4851 τοιαύτης
3045 4782 3235 4853 χρείαν
3257 4782 3454 4855 ἔχοντι,
3485 4786 3547 4840 τὸ
3578 4788 3684 4858 μὲν

2004 4862 2355 4935 περιέκοψας,
2384 4862 2446 4917 τὸ
2479 4862 2536 4917 δέ
2571 4862 2788 4934 ἀφῆκας
2818 4861 2912 4915 τοῦ
2940 4860 3277 4934 τραύματος·
3306 4865 3410 4920 κάν
3438 4866 3683 4937 ἀφειδῶς

2062 5058 2079 5122 ξ
2110 5060 2244 5110 Unus
2274 5060 2385 5109 cod.
2405 5060 2478 5108 ὅτι
2496 5060 2673 5115 δήποτε
2687 5057 2743 5106 τὸ
2762 5055 2955 5106 λυποῦν·
2982 5057 3141 5121 ἕτερον
3163 5057 3219 5107 οὗ
3241 5058 3409 5122 μικρὸν

2059 5119 2090 5161 1·
2115 5124 2210 5171 Alii
2235 5122 2573 5184 συμϐαλέσθαι.

2062 5186 2084 5215 ο
2108 5184 2256 5232 Savil.
2272 5182 2563 5232 δυσγέοειαν.

2062 5186 2084 5215 ο
2108 5185 2256 5233 Savil.
2272 5185 2563 5246 δυσχέρειαν.

2062 5244 2089 5285 d
2106 5247 2194 5309 δίο
2212 5245 2367 5309 ξενιι.
2411 5250 2465 5292 et
2484 5255 2657 5293 omnes
2679 5241 2783 5291 fere
2804 5256 2917 5309 nisis.
2953 5240 3081 5309 Edit.
3117 5241 3293 5309 Marp].
3321 5245 3429 5309 ἀλλ’
3450 5247 3480 5305 ἠ
3502 5246 3555 5309 ἐν
3582 5250 3673 5309 τῷ.

2059 5309 2078 5331 ⁸
2098 5307 2182 5381 §ic
2200 5305 2365 5381 βονηέ
2394 5310 2449 5353 ei.
2469 5317 2645 5354 omnes
2687 5302 3162 5381 ωεωμυτοίέξνιειιο
3189 5305 3280 5368 οὐχ
3312 5307 3387 5355 ὅτι
3409 5302 3516 5372 κυρ.
3544 5302 3681 5361 Inﬁ'a

1999 5369 2148 5420 Savil.
2164 5374 2214 5417 et
2236 5367 2446 5416 maxima
2466 5379 2579 5428 pars
2598 5378 2713 5414 mss.
2734 5366 2929 5434 ἐφεῖται,
2953 5366 3064 5415 aliis
3087 5366 3281 5431 ἐφίεταιζ
3472 5366 3483 5372 ’

2066 5430 2084 5468 f
2111 5430 2208 5492 Alii
2233 5430 2341 5477 ὅποι
2365 5428 2447 5476 καί
2465 5428 2771 5492 χρησώμεθα,
2794 5428 2878 5492 a_lii
2903 5426 3022 5475 ὅπου
3041 5430 3122 5477 καὶ
3138 5445 3214 5492 χρ.
3232 5427 3671 5482 Ιηειίὶεκαίάοεεῑ.

2062 5492 2088 5531 Β
2121 5488 2473 5553 Ἀπεχομένους
2487 5488 2674 5541 iterum
2694 5488 2957 5551 legebatur
2974 5501 3119 5551 supra
3138 5488 3250 5552 βὸει
3268 5492 3438 5548 κακίας
3450 5527 3466 5553 ,
3485 5494 3580 5542 sed
3592 5507 3676 5544 re-

1999 5553 2295 5609 dundanter,
2324 5556 2380 5600 ut
2400 5551 2542 5600 nobis
2567 5552 2720 5600 visum
2750 5556 2842 5599 est.
2870 5549 3008 5599 Εοιτ.
3667 5556 3673 5560 ’

2040 5612 2089 5653 ηδ
2112 5612 2316 5673 Quidam
2356 5625 2471 5661 mss.
2497 5612 2745 5661 πείσωσιν.
2792 5612 2946 5661 Paulo
2981 5617 3096 5675 post
3139 5612 3310 5665 Morel.
3336 5614 3394 5662 ἄν
3417 5629 3471 5664 τε
3490 5617 3584 5680 γάρ
3603 5632 3676 5676 τις

1998 5676 2232 5739 σκιρτήσῃ
2253 5675 2413 5731 δεθεὶς,
2442 5673 2602 5739 κύριος
2631 5673 2685 5739 δέ
2710 5674 2811 5739 ἐστι
2832 5675 3020 5739 τούτου.
3050 5676 3199 5739 εογίι.
3227 5685 3282 5724 ει
3321 5677 3510 5738 aliquot
3549 5690 3669 5730 mss.

1999 5738 2056 5786 ἄν
2069 5736 2124 5800 τε
2154 5736 2244 5799 γάρ
2261 5752 2376 5783 ποτε
2398 5736 2631 5800 σκιρτήσῃ
2654 5736 2815 5800 δεθεὶς,
2833 5736 2991 5800 κύριος
3008 5738 3096 5798 γάρ
3117 5737 3238 5785 ἐστι.

2063 5798 2079 5838 ί
2107 5795 2230 5849 δαν(
2254 5804 2307 5847 ει
2330 5795 2528 5861 quidam
2551 5795 2667 5847 ωεε.
2692 5799 2777 5856 τὴν
2794 5795 2965 5859 τομήν.
2980 5795 3081 5849 ΑἸίί
3098 5806 3212 5849 cum‘
3234 5797 3443 5859 Momﬁv
3468 5799 3668 5863 πληγήν.
