3890 6220
313 300 419 358 εδδ

390 412 446 464 2.
480 410 591 464 lfoc
608 409 938 463 ministerium
956 409 1069 464 aliis
1095 407 1729 465 antecedere—Etiamne
1747 408 1903 477 igitur

321 515 460 555 nunc
509 501 784 554 nobiscum
812 499 1101 555 contendes
1121 499 1271 569 quasi
1316 508 1367 553 te
1406 498 1546 555 male
1584 498 1635 551 in
1664 497 1900 551 fraudem

321 590 699 661 injecerinn.s,
748 605 869 642 eum
917 590 1166 645 omnibus
1192 590 1287 645 Dei
1336 589 1489 643 bonis
1536 588 1902 658 prazficiendus

319 682 429 746 sis,
462 680 549 734 illa
572 695 757 749 agens,
803 695 921 749 qua:
950 680 1125 749 agenti
1168 680 1323 734 Petro
1363 682 1648 748 potentiam
1689 678 1897 744 indidit,

325 772 637 840 ca:tcrisque
680 770 936 839 apostolis
979 770 1135 840 longe
1177 769 1497 839 anteposuit.
1542 769 1696 835 Nam,
1726 768 1897 835 Petro,

319 863 518 933 inquit,
554 880 695 916 amas
734 878 812 916 me
849 862 963 931 plus
1013 861 1130 916 his?
1166 859 1328 914 Pasce
1370 876 1482 914 oues
1531 876 1689 915 meas.
1741 859 1900 928 Atqui

320 963 528 1024 poterat
552 956 628 1009 sic
656 970 779 1009 eum
806 954 1005 1024 alloqui
1031 953 1120 1010 :Si
1141 968 1289 1008 amas
1319 968 1434 1017 me,
1460 952 1657 1022 jejunia
1683 966 1896 1018 exerce,

314 1048 457 1101 bumi
483 1046 644 1111 cuba,
675 1046 881 1116 vigilias
914 1046 1061 1111 cole,
1090 1044 1286 1114 injuria
1316 1043 1521 1099 affectis
1540 1043 1896 1114 patrocinare,

308 1146 428 1192 esto
453 1136 663 1208 pupillis
683 1136 831 1205 quasi
859 1143 1027 1205 pater,
1047 1145 1100 1189 et
1116 1134 1267 1188 matri
1283 1148 1467 1188 eorum
1484 1133 1633 1203 quasi
1657 1133 1893 1186 maritus.

309 1227 461 1283 Nunc
480 1243 607 1282 vero
632 1226 715 1281 his
735 1226 1107 1297 prretermissis
1142 1226 1411 1290 onmibus,
1455 1225 1579 1295 quid
1605 1226 1715 1279 ait?
1740 1223 1899 1278 Pasce

313 1334 427 1373 oves
456 1335 612 1373 meas.
654 1318 741 1372 llla
764 1317 906 1373 enim
938 1333 1057 1386 qua:
1084 1332 1242 1387 supra
1271 1317 1379 1371 dixi
1402 1332 1466 1371 ex
1490 1316 1712 1371 subditis
1740 1316 1891 1370 multi

313 1409 468 1464 facile
507 1419 762 1478 prmstare
784 1409 1025 1478 possint,
1058 1425 1163 1462 non
1195 1408 1291 1463 viri
1334 1408 1544 1475 solum,
1590 1408 1684 1463 scd
1734 1408 1893 1463 etiam

314 1501 565 1556 mulieres
596 1519 607 1554 :
640 1510 695 1554 at
722 1517 841 1555 cum
874 1500 941 1555 de
965 1501 1216 1556 Ecclesia:
1242 1501 1551 1571 praefectura
1572 1500 1742 1572 dcquc
1766 1516 1897 1556 con-

311 1591 579 1660 credenda
606 1600 680 1645 tot
700 1590 997 1645 animarum
1022 1606 1146 1645 cura
1172 1593 1343 1661 agitur
1359 1632 1375 1658 ,
1406 1592 1618 1646 recedat
1636 1607 1666 1645 a
1690 1592 1893 1660 magni-

315 1686 501 1741 tudine
531 1686 660 1738 tanti
682 1685 879 1756 negotii
912 1693 1052 1739 totus
1079 1683 1359 1738 femininus
1385 1698 1574 1749 sexus,
1611 1683 1717 1737 imo
1737 1684 1893 1738 etiam

317 1779 553 1833 virorum
624 1792 747 1846 pars
819 1778 1089 1841 maxima;
1158 1784 1381 1845 agantur
1422 1775 1475 1830 in
1527 1774 1761 1829 medium
1804 1776 1895 1845 qui

309 1885 503 1941 magno
550 1869 836 1923 intervallo
880 1872 1090 1922 caneris
1132 1866 1382 1922 onmibus
1418 1865 1788 1931 antecellunt,
1839 1874 1896 1921 et

304 1961 397 2030 qui
426 1958 716 2016 secundmn
743 1958 906 2012 animi
933 1958 1178 2013 virtutem
1208 1956 1415 2013 caeteris
1441 1966 1587 2011 tanto
1617 1956 1889 2011 sublimio-

310 2067 399 2106 res
436 2058 589 2117 sunt,
631 2060 830 2120 quanto
882 2049 1131 2104 universa
1182 2048 1528 2103 llebrmorum
1580 2056 1738 2118 gente
1764 2047 1894 2103 Saiil

310 2142 603 2203 secundum
652 2141 895 2211 corporis
932 2140 1302 2211 proceritatem
1356 2141 1435 2210 (1.
1471 2139 1600 2211 Reg.
1630 2139 1719 2194 10.
1756 2138 1891 2209 25);

313 2238 422 2291 imo
472 2244 527 2291 et
563 2236 719 2306 longe
761 2234 951 2306 majori
1000 2234 1194 2304 Spatio.
1221 2233 1297 2288 Ne
1322 2232 1453 2287 mihi
1493 2233 1638 2288 enim
1670 2231 1758 2287 hic
1793 2232 1893 2285 hu-

309 2342 578 2383 merorum
608 2326 944 2397 proceritatis
968 2338 1218 2380 mensura
1246 2332 1519 2394 qureratur
1543 2340 1557 2376 :
1588 2322 1681 2378 sed
1699 2331 1895 2393 quanta

306 2419 551 2473 estinter
596 2418 749 2471 bruta
786 2426 840 2472 et
883 2415 1224 2471 rationabiles
1261 2414 1507 2470 homines
1552 2414 1851 2470 differentia
1876 2455 1892 2480 ,

307 2518 510 2564 tantum
538 2509 675 2563 inter
688 2518 953 2577 pastorem
973 2516 1028 2564 et
1043 2524 1137 2564 eos
1160 2507 1248 2577 qui
1264 2515 1551 2576 pascuntur
1571 2507 1638 2562 sit
1651 2506 1897 2561 interval-

311 2602 441 2668 lum,
467 2601 675 2671 nequid
700 2601 927 2669 amplius
942 2600 1117 2655 dicam
1145 2618 1159 2655 :
1180 2614 1301 2654 nam
1318 2598 1385 2654 de
1410 2598 1579 2655 multo
1606 2598 1895 2669 majoribus

308 2691 603 2760 periculum
628 2699 727 2746 est.
746 2689 1018 2759 Siquidem
1043 2690 1135 2759 qui
1154 2703 1281 2744 oves
1303 2689 1802 2758 perdidit,autlupis
1820 2701 1898 2742 ra-

314 2783 582 2851 pientibus
602 2824 618 2849 ,
645 2792 735 2839 aut
763 2783 964 2836 furibus
985 2782 1322 2848 instantibus,
1353 2789 1443 2836 aut
1463 2790 1610 2851 peste
1633 2781 1858 2850 quadam
1878 2822 1894 2847 ,

305 2885 401 2929 aut
438 2874 545 2928 alio
572 2874 916 2943 contingente
945 2888 1097 2935 casu.
1132 2873 1364 2943 aliquam
1390 2872 1616 2928 fortasse
1645 2873 1897 2928 veniama

311 2966 531 3027 domino
585 2965 762 3036 gregis
792 2964 1188 3036 impetraverit;
1232 2964 1315 3017 sin
1346 2977 1531 3031 pinnas
1560 2962 1648 3017 ille
1686 2963 1896 3033 exigat,

308 3054 533 3125 pecunia
584 3063 785 3109 tantum
826 3052 1203 3108 mtdctabitur:
1236 3061 1290 3106 at
1342 3052 1430 3106 ille
1478 3051 1562 3106 cui
1611 3051 1895 3115 homines,

308 3145 641 3200 rationabilis
694 3144 889 3199 Christi
954 3158 1121 3213 grex,
1182 3142 1471 3197 concrediti
1521 3150 1681 3208 sunt,
1730 3144 1899 3211 primo

307 3235 525 3303 quidem
576 3249 672 3303 pro
720 3234 899 3288 ovium
939 3232 1174 3302 pernicie
1212 3247 1316 3285 non
1363 3232 1707 3300 pecuniarum
1738 3271 1755 3297 ,
1804 3232 1899 3287 sed

306 3325 503 3380 aniuue
531 3340 642 3381 sua:
669 3324 931 3393 jacturam
964 3321 1090 3378 facit
1122 3338 1135 3374 :
1165 3321 1358 3377 deinde
1395 3322 1566 3376 multo
1590 3320 1761 3391 majus
1781 3337 1902 3392 gra-

308 3416 533 3485 viusque
560 3424 828 3470 certamen
860 3412 1040 3468 habet.
1085 3411 1199 3467 Non
1250 3426 1371 3466 cum
1412 3411 1551 3481 lupis
1600 3412 1698 3481 ipsi
1730 3427 1900 3481 pugna

309 3515 415 3571 est,
446 3520 543 3561 nec
582 3505 649 3560 de
676 3503 881 3558 furibus
924 3504 1111 3558 metuit
1140 3542 1154 3567 ,
1206 3516 1377 3571 neque
1404 3511 1459 3555 ut
1487 3509 1689 3570 pestem
1721 3501 1900 3570 abigat

309 3613 343 3652 a
381 3610 540 3666 grege
594 3594 853 3649 sollicitus
891 3601 1017 3657 est;
1048 3590 1144 3647 sed
1189 3591 1504 3661 quibuscum
1544 3590 1740 3645 bellum
1787 3591 1899 3655 sit,

314 3696 371 3755 et
411 3685 693 3740 adversum
728 3698 864 3753 quos
902 3682 1041 3736 lucta
1086 3679 1339 3744 ineunda,
1374 3678 1498 3734 audi
1523 3677 1736 3734 beatum
1772 3678 1904 3732 Pau-

318 3777 432 3842 lum
503 3773 767 3830 dicentem
799 3790 813 3827 :
848 3771 970 3825 Non
1017 3781 1089 3825 est
1142 3770 1284 3823 nobis
1346 3768 1480 3822 lucta
1515 3768 1754 3821 adversus
1781 3782 1905 3820 sun-

322 3869 527 3940 guiuem
555 3875 600 3920 et
650 3880 893 3929 carnem,
940 3864 1027 3918 sed
1066 3863 1306 3915 adversus
1335 3859 1684 3930 principatus,
1730 3857 1907 3911 adver-

320 3976 408 4015 sus
458 3966 723 4027 potestates
750 3996 767 4023 ,
825 3956 1065 4008 adversus
1112 3951 1288 4005 mundi
1331 3960 1548 4004 rectores
1594 3950 1908 4019 tenebrarum

317 4050 496 4107 sa'culi
525 4048 676 4113 huius
703 4087 719 4112 ,
768 4047 1008 4098 adversus
1046 4040 1334 4111 spiritualia
1359 4039 1595 4109 nequitia:
1644 4040 1698 4091 in
1757 4036 1907 4091 ca'le-

316 4143 475 4196 stibus
502 4137 716 4209 (Ephes.
748 4135 801 4191 6.
837 4134 949 4204 12).
982 4125 1226 4187 Vidistin'
1251 4129 1582 4185 inimicorum
1618 4125 1909 4181 multitudi-

321 4246 447 4287 nem
476 4230 765 4299 iugentem,
797 4225 1084 4296 phalanges
1114 4221 1320 4277 feroces
1349 4236 1452 4274 non
1485 4219 1625 4273 ferro
1655 4219 1907 4283 numitas,

318 4321 416 4378 sed
462 4321 655 4391 quibus
703 4317 897 4373 sufficit
944 4315 1010 4368 ad
1045 4314 1380 4382 amnigenam
1426 4318 1748 4363 armaturam
1798 4309 1908 4378 ipsa

323 4412 560 4470 natura?
622 4410 711 4464 \‘is
736 4420 787 4464 ct
833 4408 994 4461 alium
1046 4406 1337 4459 exercitum
1385 4401 1567 4455 videre
1615 4409 1816 4454 trucem
1859 4407 1913 4454 et

325 4507 642 4563 immanem,
673 4501 795 4554 huic
831 4499 977 4569 gregi
1008 4493 1392 4551 insidiantem?
1422 4492 1592 4561 ipsum
1618 4505 1827 4561 quoque
1847 4505 1912 4545 ex

324 4597 513 4652 eadem
558 4592 771 4664 Specula
798 4590 1113 4658 cmispicies.
1144 4586 1272 4640 Nam
1304 4584 1394 4653 qui
1450 4584 1518 4637 de
1560 4597 1718 4651 supra
1758 4581 1915 4636 dictis

326 4688 489 4744 verba
521 4685 681 4751 fecit,
734 4683 780 4738 is
821 4683 933 4752 ipse
967 4688 1022 4735 et
1066 4679 1165 4732 hos
1193 4676 1347 4731 nobis
1386 4675 1569 4729 hostes
1611 4672 1808 4728 indicat
1832 4671 1914 4753 his

331 4780 510 4837 verbis
538 4796 552 4833 :
579 4776 851 4847 Manifesta
886 4783 1003 4827 sunt
1027 4787 1177 4840 Opera
1198 4768 1364 4822 carnis
1397 4765 1589 4838 (Galat.
1621 4765 1674 4820 5.
1705 4764 1790 4819 19.
1820 4762 1911 4819 20.

324 4872 427 4939 ,21)
460 4888 473 4923 :
502 4884 614 4938 qua:
650 4876 764 4922 sunt
807 4864 1070 4935 fornicatio
1095 4901 1111 4927 ,
1169 4858 1469 4913 adulterium
1498 4896 1516 4923 ,
1549 4855 1866 4909 inmunditia
1895 4895 1912 4921 ,

337 4962 657 5036 impudicitia
681 5002 695 5025 ,
753 4958 1007 5012 idolorum
1052 4955 1263 5009 servitus
1285 4994 1299 5018 ,
1332 4950 1624 5018 vene/icium
1654 4988 1669 5013 ,
1697 4947 1915 5001 inimici-

326 5058 419 5108 tite
435 5096 450 5121 ,
476 5052 815 5108 contentiones
838 5090 851 5114 ,
882 5045 1227 5102 wnmlationcs
1250 5083 1264 5106 ,
1296 5044 1387 5096 ine
1410 5083 1424 5107 ,
1453 5042 1580 5094 rixa:
1599 5082 1613 5105 ,
1644 5039 1914 5093 detractio-

333 5162 420 5199 nes
443 5187 460 5213 ,
492 5143 683 5198 susurri
709 5183 721 5206 ,
749 5140 905 5193 animi
932 5148 1150 5191 tumores
1176 5175 1190 5199 ,
1224 5132 1552 5208 dissensiones
1577 5131 1651 5200 (2.
1684 5129 1800 5184 Cor.
1826 5128 1914 5183 12.

334 5237 427 5307 20)
452 5279 466 5301 ,
496 5244 551 5290 et
592 5234 691 5286 alia
722 5231 805 5285 his
835 5229 981 5299 plura
1014 5245 1027 5280 :
1058 5241 1227 5295 neque
1264 5222 1403 5278 enim
1427 5222 1601 5275 nuntia
1633 5235 1915 5274 enumera-

330 5331 444 5391 .vit,
475 5326 569 5383 sed
600 5342 663 5380 ex
717 5323 800 5377 his
853 5321 1004 5375 nobis
1049 5328 1241 5373 cetera
1299 5314 1508 5383 reliquit
1558 5309 1913 5381 intelligenda.

336 5423 519 5476 Porro
556 5417 695 5487 quod
743 5414 808 5468 ad
864 5414 1139 5466 hrutnrum
1196 5416 1461 5478 pastorem
1503 5404 1772 5474 pertinet,
1824 5403 1915 5472 qui

335 5529 551 5585 gregem
597 5509 818 5578 perdere
851 5505 1067 5567 volunt,
1110 5502 1197 5556 ubi
1252 5499 1431 5553 vident
1477 5497 1799 5585 pricfectumi
1830 5493 1911 5547 fu-

334 5584 568 5675 gientem
600 5642 615 5663 ,
660 5616 764 5652 non
821 5596 965 5651 illum
1010 5598 1361 5663 oppugnant,
1392 5588 1485 5642 sed
1538 5586 1665 5641 satis
1719 5584 1916 5638 habent

341 5699 386 5755 si
436 5708 629 5769 pecora
690 5688 895 5760 rapiant
939 5685 1065 5741 :ltic
1108 5697 1272 5743 vero.
1322 5681 1419 5736 etsi
1468 5687 1631 5735 totum
1698 5690 1912 5747 gregem

1518 298 1606 355 DE
1644 297 2090 356 SACERDOTIO.
2133 298 2256 353 LIB.
2292 298 2357 354 ll.

3485 311 3587 365 63's

2011 410 2337 478 abripucriat
2367 452 2383 479 ,
2440 427 2507 467 ne
2558 412 2635 467 sic
2679 412 2891 484 quidem
2947 432 2976 471 a
3027 426 3237 485 pastore
3279 419 3589 487 abstinent,

2007 500 2102 556 sed
2146 502 2313 572 magis
2356 503 2557 558 instant
2620 506 2890 576 magisque
2940 506 3239 573 ferociunt,
3291 526 3387 563 nec
3447 512 3589 579 prim

2008 590 2165 643 finem
2202 589 2400 654 faciunt
2433 609 2589 662 quam
2636 595 2718 647 vel
2754 595 2897 649 illum
2928 599 3307 663 prostraverint
3334 639 3347 663 ,
3379 600 3458 652 vel
3492 600 3588 666 ipsi

2008 678 2266 749 proﬂigati
2289 680 2499 735 fuerint.
2519 683 2598 737 Ad
2622 683 2733 737 haec
2755 694 2927 740 autem
2958 687 3214 755 pecudum
3240 688 3407 742 morbi
3423 688 3589 740 mani-

2008 766 2123 821 festi
2152 778 2292 834 sunt,
2325 770 2437 825 sive
2464 770 2629 827 fames
2652 773 2741 837 sit,
2767 773 2880 827 sive
2910 777 3091 843 pestis,
3110 778 3221 831 sive
3242 777 3453 841 vulnus,
3477 777 3589 830 sive

1998 857 2147 935 aliud
2170 858 2435 929 quidpiam
2464 860 2705 916 dolorem
2744 864 2955 932 pariens
2988 884 3001 919 :
3042 866 3091 919 id
3122 876 3297 921 autem
3326 884 3430 921 non
3462 884 3579 920 mn-

2006 947 2126 1002 dico
2167 949 2472 1019 adjumento
2521 963 2601 1006 est
2645 955 2710 1007 ad
2754 957 3079 1025 a‘grttudinis
3114 961 3463 1013 curationem.
3494 962 3587 1015 E~t

2004 1045 2057 1092 et
2105 1038 2247 1092 aliud
2295 1038 2398 1094 hoc
2426 1043 2756 1096 commodius
2791 1044 2856 1098 ad
2910 1048 3149 1117 quemvis
3190 1050 3429 1103 morbum
3478 1057 3585 1104 cito

2004 1128 2343 1198 abigendum.
2392 1132 2529 1200 Quid
2559 1134 2721 1187 illud?
2762 1135 2943 1206 Magna
2998 1154 3116 1191 cum
3165 1150 3421 1207 potestate
3490 1160 3581 1212 pa-

2003 1227 2177 1275 stores
2205 1221 2432 1289 pecudes
2460 1237 2582 1277 suas
2609 1235 2903 1294 pom-ctam
2936 1227 3247 1283 medicinam
3281 1246 3471 1300 capere
3492 1250 3584 1287 co-

2002 1318 2129 1377 gunt
2156 1348 2172 1373 ,
2216 1311 2422 1365 etiamsi
2451 1312 2730 1367 obsistunt.
2759 1314 2888 1369 Nam
2928 1316 3076 1372 facile
3129 1318 3291 1389 ligare
3332 1334 3585 1389 pnsstmt,

2002 1398 2047 1451 si
2093 1398 2403 1467 adustione,
2448 1403 2492 1456 si
2540 1405 2776 1458 sectione
2827 1422 2961 1475 opus
3003 1407 3114 1475 sit,
3143 1410 3186 1463 si
3217 1410 3303 1463 diu
3359 1412 3586 1467 inclusas

2002 1504 2217 1546 servare
2245 1503 2489 1562 Oporteat
2512 1536 2525 1559 ,
2556 1503 2608 1549 et
2636 1496 2777 1549 aliud
2810 1512 2904 1566 pro
2947 1500 3051 1553 alio
3082 1502 3325 1569 pabulum
3353 1504 3582 1569 offerre,

2002 1582 2045 1635 si
2074 1582 2284 1651 abigere
2323 1599 2351 1635 a
2381 1585 2506 1638 rivis
2535 1600 2787 1655 aquarmn
2820 1606 2832 1641 :
2862 1601 3160 1660 eceteraque
3189 1594 3364 1647 omnia
3400 1636 3414 1660 ,
3461 1612 3579 1664 qme

2001 1675 2310 1727 censuerint
2336 1676 2402 1729 ad
2447 1676 2656 1732 illarum
2683 1679 3099 1737 incolmuitatem
3143 1684 3406 1753 ecnfcrre,
3440 1689 3582 1743 nullo

2003 1764 2214 1832 negOtin
2240 1766 2543 1820 admovent.

2072 1856 2123 1909 '5.
2153 1854 2397 1927 Magnum
2421 1867 2468 1913 et
2497 1858 2850 1914 admirandum
2879 1864 3103 1917 animum
3128 1866 3393 1933 requirere.
3423 1897 3492 1907 ——
3514 1870 3582 1923 At

2000 1944 2273 2002 hominum
2327 1947 2661 2004 infirmitates
2714 1953 2851 2006 haud
2896 1952 3049 2009 facile
3102 1955 3260 2010 homo
3307 1963 3509 2013 noverit
3566 1979 3579 2014 :

2002 2035 2195 2092 Nullus
2241 2037 2371 2091 enim
2425 2040 2681 2093 hominum
2712 2044 2843 2095 novit
2888 2060 2999 2111 qtae
3027 2057 3139 2097 sunt
3185 2047 3399 2099 hominis
3428 2090 3443 2114 ,
3485 2052 3581 2103 nisi

2000 2124 2207 2196 spiritus
2239 2128 2454 2182 hominis
2480 2169 2493 2190 ,
2525 2130 2612 2198 qui
2666 2141 2739 2184 est
2780 2133 2829 2184 in
2861 2131 2948 2185 illo
2980 2133 3059 2202 (1.
3088 2134 3206 2188 Cor.
3235 2136 3288 2188 2.
3323 2138 3434 2207 11).
3481 2140 3581 2204 Qui

1996 2211 2163 2286 igitur
2191 2218 2357 2288 possit
2382 2221 2641 2291 quispiam
2689 2222 2977 2277 remedium
3026 2225 3308 2283 admovere
3353 2231 3537 2285 morbo
3565 2274 3585 2298 ,

2009 2308 2160 2378 cujus
2203 2309 2418 2363 modum
2468 2327 2574 2365 non
2606 2312 2783 2378 novit,
2837 2327 2961 2367 cum
3005 2315 3164 2369 etiam
3193 2332 3427 2387 persaepe
3458 2336 3581 2374 nes-

2000 2400 2112 2455 cire
2130 2401 2297 2474 possit
2324 2417 2391 2456 an
2420 2411 2642 2473 aegrotet
2670 2405 2881 2459 necne?
2910 2406 3042 2461 Cum
3070 2421 3229 2475 porro
3261 2419 3415 2463 notus
3442 2427 3583 2464 mor-

2002 2492 2101 2547 bus
2128 2501 2211 2547 est
2235 2534 2249 2558 ,
2286 2502 2409 2548 tunc
2439 2495 2609 2564 majus
2640 2497 2903 2567 negotium
2944 2499 3175 2554 facessit.
3226 2500 3408 2571 Neque
3437 2505 3580 2557 enim

2002 2592 2225 2653 possunt
2270 2585 2491 2655 quilibet
2528 2586 2771 2642 homines
2824 2590 2933 2658 pari
2985 2589 3236 2647 facilitate
3280 2596 3490 2661 curari,
3519 2612 3582 2652 ac

2004 2684 2182 2743 pastor
2205 2685 2355 2730 curat
2377 2690 2552 2731 ovem.
2586 2676 2682 2733 llic
2705 2678 2845 2732 enim
2874 2695 3005 2749 opus
3032 2682 3253 2751 perinde
3286 2692 3368 2738 est
3396 2685 3577 2754 ligare,

2001 2762 2070 2820 ah
2092 2766 2344 2820 alimento
2369 2767 2600 2837 abigere,
2630 2783 2819 2835 urere,
2848 2783 3062 2835 secare;
3086 2771 3177 2823 sed
3206 2781 3437 2841 potestas
3466 2791 3579 2830 mc-

2002 2857 2193 2913 dicinm
2210 2859 2531 2929 accipiendae
2563 2875 2665 2913 non
2711 2876 2874 2929 penes
2902 2862 3043 2914 illum
3063 2872 3143 2916 est
3168 2865 3254 2933 qui
3286 2867 3576 2922 remedium

2004 2948 2295 3015 admovet,
2339 2949 2432 3004 sed
2461 2964 2624 3019 penes
2659 2950 2808 3004 illum
2840 2953 2929 3021 qui
2976 2955 3160 3006 morbo
3208 2954 3428 3007 laborat.
3473 2956 3584 3011 lloc

2003 3040 2146 3093 enim
2192 3054 2311 3093 cum
2368 3048 2549 3094 nosset
2603 3040 2945 3095 admirandus
3007 3043 3095 3097 ille
3146 3043 3257 3107 vir,
3299 3045 3583 3099 Corinthiis

2004 3129 2213 3184 dicebat
2236 3146 2248 3183 :
2278 3128 2393 3183 Non
2415 3132 2547 3184 enim
2575 3130 2895 3183 dominamur
2919 3131 3039 3199 ﬁdei
3066 3143 3238 3187 vestra:
3262 3175 3277 3198 ,
3309 3134 3396 3187 sed
3423 3136 3577 3204 adju-

2008 3228 2139 3273 tores
2174 3236 2346 3273 sumus
2398 3221 2574 3290 gaudii
2609 3222 2758 3274 vestri
2804 3220 2882 3291 (2.
2911 3221 3027 3276 Cor.
3058 3223 3108 3275 1.
3134 3221 3248 3293 25).
3274 3220 3589 3279 Christianis

2006 3308 2150 3362 enim
2203 3308 2420 3363 minime
2458 3310 2693 3363 omnium
2747 3310 2867 3364 licet
2919 3310 3109 3365 delicta
3167 3314 3492 3381 peccantium
3533 3317 3585 3369 vi

2007 3399 2316 3455 emendare.
2348 3400 2529 3455 Exteri
2570 3402 2783 3471 quidem
2810 3401 3015 3471 judices
3050 3403 3376 3459 facinorosos
3418 3405 3588 3461 humi-

2010 3507 2143 3558 nes,
2184 3495 2275 3563 qui
2314 3492 2604 3548 secundum
2661 3493 2803 3563 leges
2836 3495 2972 3561 capti
3004 3504 3128 3549 sunt
3161 3535 3176 3560 ,
3227 3511 3413 3565 magna
3465 3510 3585 3550 cum

2008 3584 2323 3638 auctoritate
2394 3582 2637 3638 cohibent
2662 3623 2677 3648 ,
2720 3598 2781 3638 ac
2809 3585 2889 3638 vel
2917 3584 3107 3639 invitos
3146 3600 3175 3638 a
3218 3586 3452 3640 moribus
3479 3588 3588 3655 pri-

2010 3675 2161 3729 stinis
2187 3680 2409 3729 arcent:
2444 3674 2529 3729 hic
2565 3683 2740 3729 autem
2782 3690 2887 3729 non
2927 3676 2975 3729 vi
3017 3675 3263 3731 adactum
3292 3717 3307 3743 ,
3336 3676 3433 3732 sed
3462 3692 3587 3750 per-

2011 3782 2226 3821 suasum
2269 3766 2566 3836 hujusmodi
2617 3767 2885 3821 hominem
2939 3776 3150 3838 oportet
3194 3768 3261 3823 ad
3309 3769 3586 3825 meliorem

2012 3856 2215 3927 frugem
2270 3872 2546 3913 revocare.
2576 3857 2691 3912 Non
2723 3859 2865 3912 enim
2912 3867 3053 3912 tanta
3094 3859 3246 3915 nobis
3296 3858 3517 3914 facultas
3560 3876 3590 3914 a

2014 3947 2223 4017 legibus
2271 3947 2429 4002 datur
2487 3946 2555 4001 ad
2626 3946 2993 4016 delinquentes
3066 3948 3437 4013 coercendos;
3485 3949 3595 4003 imo

2013 4037 2222 4095 etiamsi
2274 4036 2589 4104 dedissent,
2618 4052 2722 4091 non
2754 4049 3029 4106 possemus
3073 4037 3159 4091 illa
3203 4038 3317 4105 uti,
3356 4037 3593 4107 quando-

2015 4128 2227 4198 quidem
2260 4129 2397 4183 Deus
2422 4142 2526 4182 non
2556 4142 2650 4183 eos
2677 4138 2916 4192 coronat,
2935 4128 3023 4198 qui
3045 4128 3093 4182 vi
3120 4127 3289 4183 abacti
3310 4144 3339 4182 a
3361 4129 3593 4197 nequitia

1995 4219 2322 4291 abstinent,
2365 4219 2457 4273 sed
2485 4233 2579 4273 eos
2606 4259 2621 4285 ,
2658 4220 2747 4289 qui
2805 4235 2871 4274 ex
2904 4219 3072 4275 libero
3116 4221 3386 4291 proposito
3423 4221 3490 4275 ab
3531 4236 3593 4276 ea

2018 4309 2303 4366 declinant.
2331 4309 2686 4375 Quamobrem
2727 4310 2889 4365 multa
2914 4310 3126 4380 quidem
3152 4320 3268 4367 arte
3295 4326 3427 4382 opus
3472 4322 3554 4365 est
3575 4352 3605 4377 ,.

2004 4388 2074 4455 ut
2120 4400 2244 4470 a‘gri
2274 4399 2604 4455 sacerdotum
2638 4400 2885 4455 remediis
2932 4400 3166 4455 libenter
3222 4414 3281 4456 se
3333 4401 3597 4471 subjicere

2020 4489 2341 4544 suadeautur
2369 4506 2383 4541 :
2414 4503 2584 4558 neque
2612 4489 2662 4543 id
2693 4492 2862 4543 solum
2882 4529 2899 4555 ,
2927 4489 3018 4543 sed
3065 4499 3119 4543 ut
3146 4491 3303 4543 etiam
3353 4491 3454 4544 illis
3483 4505 3594 4545 me-

2021 4580 2154 4635 dela:
2178 4580 2405 4649 gratiam
2448 4579 2696 4633 habeant.
2747 4578 2876 4632 Nam
2906 4580 2951 4634 si
2980 4579 3098 4648 quis
3148 4579 3355 4634 vinetus
3400 4580 3600 4635 resiliat

2022 4671 2097 4741 (id
2137 4671 2279 4726 enim
2309 4685 2473 4740 penes
2501 4671 2670 4739 ipsum
2697 4671 2824 4738 est),
2869 4669 3084 4738 gravius
3134 4669 3235 4724 sibi
3273 4669 3467 4724 malum
3517 4671 3598 4723 ef-

2022 4763 2173 4828 ficit;
2214 4762 2262 4818 si
2301 4761 2570 4816 monentis
2598 4759 2789 4821 verba,
2826 4759 2952 4815 ferri
3006 4775 3154 4815 more
3182 4761 3411 4816 sccautia
3438 4802 3453 4825 ,
3509 4778 3597 4817 re—

2022 4851 2226 4921 spuerit
2251 4891 2265 4916 ,
2296 4860 2600 4919 contemptu
2657 4865 2755 4903 suo
2787 4849 2928 4903 aliud
2958 4850 3061 4904 sibi
3087 4851 3276 4906 vulnus
3303 4851 3503 4921 adjicit,
3537 4867 3601 4906 ac

2023 4941 2243 4997 medela:
2281 4940 2559 4994 occasione
2601 4938 3011 4995 vehementioris
3038 4941 3390 4995 morbicausa
3431 4942 3603 4994 nasci-

2024 5044 2109 5087 tur
2139 5050 2151 5085 :
2182 5046 2352 5100 neque
2381 5032 2522 5085 enim
2560 5039 2642 5087 cst
2670 5030 2757 5099 qui
2789 5031 2894 5083 vim
2920 5029 3105 5085 afferat
3132 5072 3146 5097 ,
3181 5045 3278 5085 nec
3300 5031 3388 5100 qui
3414 5044 3601 5084 curare

2024 5126 2246 5183 invitum
2299 5122 2485 5193 possit.
2816 5120 2825 5129 ’
3466 5122 3467 5125 “

2094 5216 2146 5270 4.
2180 5215 2308 5273 Rem
2354 5229 2457 5267 esse
2512 5211 2712 5282 plenam
2762 5211 3101 5282 difﬁcultatum
3148 5225 3208 5262 ac
3247 5209 3604 5276 periculorum.

2022 5304 2245 5372 -—Quid
2276 5303 2430 5373 igitur
2451 5302 2709 5372 agendqu
2732 5301 2753 5355 ?
2774 5300 2984 5356 Etenim
3035 5301 3078 5354 si
3111 5299 3289 5355 mitius
3333 5312 3457 5367 agas
3486 5312 3606 5351 cum

2022 5412 2108 5463 eo,
2134 5396 2222 5466 qui
2240 5410 2427 5464 magna
2453 5394 2689 5448 sectione
2731 5408 2865 5461 Opus
2896 5391 3087 5459 habet,
3105 5405 3274 5459 neque
3294 5388 3605 5460 profundam

2023 5503 2157 5558 opus
2185 5486 2396 5540 habenti
2427 5484 2631 5554 plagam
2660 5483 2882 5552 infligas,
2910 5490 3112 5549 partem
3163 5478 3398 5534 vulneris
3425 5478 3607 5530 abstu-

2024 5581 2146 5643 listi,
2166 5588 2367 5647 partem
2400 5576 2686 5646 reliquisti;
2718 5575 2797 5628 sin
2829 5572 3433 5643 requisitumsectionem
3461 5586 3609 5640 prur-

1974 5668 1983 5673 ”
2024 5685 2114 5731 sus
2135 5670 2460 5738 adhibueris,
2490 5684 2633 5741 saepe
2666 5669 2749 5723 ille
2780 5668 2976 5722 doloris
3028 5664 3349 5736 impatientia
3376 5663 3611 5719 animum
