3890 6220
365 329 472 381 £35

367 437 996 506 dispendens,omnibus
1043 436 1323 491 confertim
1359 435 1592 504 rejectis,
1615 445 1730 489 tum
1777 435 1944 489 medi-

366 531 503 595 cina,
540 541 648 583 tum
708 530 972 600 ligamine,
1007 529 1238 597 seipsum
1276 527 1597 597 prmcipitem
1635 527 1798 593 dabit,
1827 541 1955 581 cou-

369 622 491 675 trito
513 623 639 690 jugo
661 637 724 675 ae
763 621 1032 676 coufracto
1079 619 1307 673 vinculo.
1356 617 1611 688 Equidem
1641 619 1835 672 multos
1861 634 1950 673 re-

367 727 586 765 censere
613 726 819 779 possem
863 712 911 763 iu
957 719 1192 764 extrema
1233 709 1366 763 mala
1416 709 1689 775 deductos,
1716 709 1857 779 quod
1886 710 1953 765 ab

367 805 445 856 eis
473 819 624 872 pmna
675 803 900 872 peccatis
931 817 1026 871 par
1057 809 1450 870 exposceretur.
1502 800 1683 870 Neque
1705 801 1843 855 enim
1869 810 1950 856 ιο-

369 910 513 949 mere
541 895 606 949 ad
638 893 1204 963 peccatorunt‘modum
1229 901 1438 962 Oportet
1479 901 1529 946 et
1557 906 1765 960 pcenam
1797 891 1951 948 adhi-

371 987 495 1040 bere
522 1002 539 1052 ;
587 986 684 1040 sed
714 985 1038 1054 peccantium
1064 984 1387 1054 propositum
1436 982 1815 1051 explorandum
1844 992 1947 1048 est,

371 1096 460 1144 ne,
480 1080 604 1134 dum
632 1081 771 1150 quod
803 1080 1025 1134 scissum
1069 1086 1149 1133 est
1189 1093 1448 1133 censuere
1490 1078 1590 1142 vis,
1632 1078 1947 1132 deteriorem

369 1170 652 1224 scissuram
681 1167 865 1234 facias,
890 1183 1016 1233 neu,
1045 1167 1168 1222 dum
1187 1167 1393 1236 lapsum
1432 1165 1717 1220 emendare
1742 1165 1945 1232 studes,

371 1261 624 1331 majorem
652 1261 858 1314 ruinam
883 1274 1052 1330 pares.
1071 1258 1202 1313 Nam
1220 1258 1305 1329 qui
1327 1258 1518 1312 infirmi
1541 1267 1661 1312 sunt
1676 1271 1738 1311 ac
1759 1257 1948 1311 remis-

371 1349 437 1414 si,
463 1351 732 1420 magisque
756 1349 933 1405 mundi
961 1349 1164 1404 deliciis
1189 1348 1401 1411 irretiti,
1445 1349 1641 1418 quique
1662 1365 1723 1402 ex
1754 1363 1947 1418 genere

369 1453 424 1496 et
451 1443 682 1512 polentia
723 1442 884 1496 altum
907 1457 1096 1512 sapere
1121 1451 1359 1511 possunt,
1392 1441 1424 1496 ii
1448 1441 1642 1496 sensim
1673 1441 1946 1509 paulatim-

375 1548 477 1601 que
505 1547 538 1585 a
565 1532 813 1601 peccandi
845 1531 1226 1586 consuetudine
1255 1531 1474 1594 retrahi,
1495 1547 1557 1586 ac
1586 1533 1628 1586 si
1656 1547 1760 1585 non
1793 1530 1946 1600 peni-

304 1679 308 1682 ,
374 1635 476 1688 tus,
512 1625 701 1692 partim
726 1625 910 1679 saltem
939 1625 1006 1678 ab
1051 1624 1137 1691 iis,
1193 1623 1383 1694 quibus
1424 1623 1746 1689 detinentur,
1794 1624 1946 1677 malis

372 1714 582 1769 liberari
613 1717 814 1783 possint
839 1731 853 1768 :
880 1714 1068 1783 quibus
1093 1715 1138 1768 si
1167 1714 1340 1769 statim
1362 1714 1750 1782 correptionem
1784 1715 1939 1766 indu-

371 1821 484 1871 cas,
524 1806 682 1861 etiam
714 1808 917 1860 minore
969 1807 1053 1861 illa
1087 1805 1453 1860 emendatione
1480 1805 1724 1874 privabis.
1755 1806 1942 1859 Anima

369 1898 564 1968 quippe
585 1899 859 1952 confestim
904 1899 955 1952 in
984 1899 1228 1952 ruborem
1257 1906 1368 1952 acta
1402 1898 1455 1951 in
1499 1897 1838 1951 indolentiam
1868 1898 1944 1951 la-

371 1988 534 2054 bitur,
564 2003 733 2057 neque
762 1988 968 2042 blamlis
995 1998 1174 2058 postea
1221 1988 1398 2042 verbis
1438 1996 1604 2056 paret,
1640 2002 1809 2056 neque
1839 1987 1941 2040 mi-

373 2076 454 2134 nis
477 2077 720 2143 llectitur,
750 2093 848 2132 nec
866 2078 1134 2133 beneficiis
1163 2087 1403 2132 movetur
1427 2095 1440 2140 ;
1473 2076 1564 2131 sed
1607 2077 1770 2131 multo
1791 2078 1940 2132 dete-

373 2167 481 2220 rior
506 2165 735 2220 efficitur
777 2167 865 2221 illa
891 2167 1100 2221 civitate
1122 2207 1138 2232 ,
1173 2181 1326 2240 quam
1357 2166 1609 2237 propheta
1637 2168 1943 2236 vituperans

371 2257 580 2311 dicebat
611 2275 622 2309 :
667 2256 828 2310 Facta
863 2266 936 2311 est
961 2258 1046 2311 tibi
1089 2261 1228 2330 frons
1257 2258 1552 2324 meretricis,
1581 2262 1720 2328 apud
1771 2273 1941 2312 omnes

371 2349 697 2402 inverecunde
716 2351 860 2420 egisti
905 2349 1048 2418 (Jer.
1097 2351 1149 2404 5.
1179 2351 1212 2404 5
1244 2351 1280 2419 ).
1307 2349 1563 2417 Quocirca
1606 2350 1767 2405 multa
1807 2365 1940 2420 opus

370 2446 450 2491 est
480 2439 674 2506 pastori
704 2438 979 2507 prudentia
1018 2453 1078 2492 ac
1098 2438 1359 2493 sexcentis
1403 2439 1586 2503 oculis,
1617 2448 1674 2493 ut
1709 2438 1942 2509 undique

370 2529 559 2582 animte
588 2539 782 2583 statum
829 2530 1236 2602 circumspiciat.
1289 2530 1744 2598 Quemadmodum
1793 2530 1936 2584 enim

373 2619 522 2673 multi
555 2621 604 2672 in
649 2621 1002 2688 arrogantiam
1057 2622 1380 2676 extolluntur
1405 2632 1458 2676 et
1499 2622 1550 2675 in
1598 2622 1782 2676 salutis
1829 2638 1940 2676 sure

369 2711 790 2780 desperationem
810 2712 1066 2778 incidunt,
1099 2711 1240 2781 quod
1269 2712 1542 2766 acerbiora
1573 2713 1804 2767 remedia
1831 2713 1938 2782 pati

369 2799 634 2872 nequeant
663 2803 768 2856 :ita
797 2811 919 2856 sunt
950 2812 1002 2857 et
1029 2803 1118 2856 alii
1163 2804 1273 2873 qui,
1302 2803 1440 2872 quod
1497 2819 1653 2873 pares
1706 2805 1940 2874 peccatis

367 2890 477 2944 suis
503 2891 848 2960 pteuasluere
878 2892 1068 2956 nolint,
1118 2892 1172 2945 in
1220 2891 1518 2962 neglectum
1561 2903 1856 2957 vertuntur,
1885 2903 1938 2946 et

367 2981 531 3038 multo
552 2981 844 3036 deteriores
877 2983 1126 3049 evadunt,
1176 2985 1536 3054 majoremque
1591 2983 1843 3053 peccandi
1866 2984 1930 3038 li-

365 3073 591 3125 centiam
623 3080 894 3140 usurpant.
925 3072 1064 3127 Nihil
1091 3073 1267 3143 itaque
1286 3072 1473 3130 horum
1522 3073 1639 3128 sine
1685 3072 1935 3128 examine

364 3161 764 3232 relinquendum
806 3172 906 3228 est,
961 3162 1055 3218 sed
1104 3165 1352 3219 omnibus
1379 3164 1482 3220 rite
1505 3165 1789 3234 exploratis
1821 3166 1935 3234 cpi-

364 3265 556 3320 scOpus
583 3261 956 3320 congruenter,
985 3268 1104 3322 qua:
1151 3253 1219 3307 ad
1269 3269 1327 3308 se
1374 3253 1656 3322 pertinent,
1705 3254 1938 3323 proferat

363 3349 588 3408 oportet,
609 3355 676 3395 ne
703 3355 891 3395 vanam
921 3341 1324 3397 sollicitudinem
1339 3341 1607 3397 adhibeat.
1633 3343 1812 3414 Neque
1838 3343 1937 3399 hac

364 3433 416 3485 in
446 3447 506 3486 re
530 3440 755 3499 tantum,
772 3432 865 3488 sed
877 3432 1112 3490 etiamin
1125 3433 1645 3490 abscissisEcclcsize
1673 3435 1930 3490 membris

363 3521 743 3591 conjungendis
771 3523 950 3577 multis
972 3523 1118 3576 illum
1172 3523 1398 3591 negotiis
1458 3524 1689 3578 distendi
1730 3526 1928 3580 videas.

363 3611 491 3666 Nam
517 3614 690 3666 ovium
713 3613 924 3682 quidem
954 3624 1130 3684 pastor
1165 3628 1376 3683 gregem
1431 3614 1588 3669 habet
1623 3625 1932 3684 sequentem

362 3716 694 3772 quocumque
720 3702 928 3756 duxerit
960 3720 972 3755 :
1004 3703 1144 3772 quod
1193 3703 1237 3756 si
1278 3718 1394 3772 quze
1432 3719 1560 3759 oves
1587 3703 1654 3758 de
1677 3713 1819 3758 recta
1851 3706 1933 3759 via

361 3792 663 3860 deflectunt,
723 3795 1026 3863 salubrique
1079 3795 1265 3850 relicto
1311 3795 1502 3864 pabulo
1547 3797 1748 3851 sterilia
1776 3805 1934 3867 atque

361 3880 580 3952 abrupta
603 3882 713 3936 loca
735 3882 1041 3954 depascaut,
1074 3885 1202 3939 satis
1227 3894 1328 3950 est,
1351 3885 1396 3939 si
1423 3886 1577 3940 altius
1624 3887 1837 3953 clamet,
1869 3897 1926 3941 ut

359 3987 450 4026 cas
475 3981 677 4042 repetat
703 3981 757 4029 et
782 3973 848 4028 ad
868 3989 1079 4044 gregem
1129 3975 1366 4031 reducat.
1417 3980 1485 4031 At
1509 3978 1552 4031 si
1591 3978 1710 4047 quis
1735 3993 1765 4032 a
1789 3988 1930 4034 recta

362 4060 464 4116 fide
483 4062 828 4129 aberravcrit,
862 4080 1106 4133 maguum
1133 4067 1325 4134 pastori
1348 4081 1480 4134 opus
1505 4066 1780 4134 incumbit,
1810 4083 1923 4122 ma-

357 4166 458 4217 gna
495 4163 612 4220 eget
657 4154 1045 4221 perseverantia
1077 4164 1234 4224 atque
1262 4156 1532 4224 patientia.
1578 4157 1760 4227 Neque
1787 4159 1927 4212 enim

359 4255 532 4312 potest
558 4247 638 4301 vel
655 4247 702 4300 vi
721 4247 1009 4314 retrahere,
1056 4248 1142 4302 vel
1182 4259 1320 4302 metu
1347 4265 1538 4318 cogere
1566 4266 1580 4314 ;
1613 4250 1706 4304 sed
1727 4250 1931 4305 suasio-

361 4354 424 4392 ue
450 4347 659 4406 Oportet
681 4337 746 4390 ad
765 4339 1037 4392 veritatem
1066 4337 1338 4403 reducere,
1369 4339 1508 4394 unde
1535 4340 1686 4394 initio
1708 4340 1925 4395 excidit.

358 4427 627 4482 Generoso
675 4427 847 4497 itaque
880 4427 1078 4497 indiget
1117 4429 1314 4490 animo,
1358 4445 1425 4483 ne
1457 4429 1655 4483 viribus
1693 4428 1923 4496 deficiat,

359 4533 458 4573 neu
476 4518 542 4573 de
571 4519 858 4573 errantium
879 4520 1048 4574 salute
1079 4518 1348 4588 desperet,
1377 4529 1434 4574 ut
1485 4520 1787 4590 frequenter
1814 4519 1927 4576 hace

355 4608 551 4677 cogitet
587 4619 641 4663 ct
667 4609 931 4678 loquatur,
958 4607 1244 4678 Nequando
1283 4609 1420 4664 Deus
1445 4610 1526 4663 det
1553 4611 1654 4664 illis
1675 4611 1925 4680 poeniten-

358 4701 477 4752 tiam
497 4705 564 4752 ad
616 4701 1012 4769 cognoscendam
1048 4704 1320 4768 veritatem,
1352 4711 1396 4756 et
1418 4704 1715 4773 resipiscam
1744 4721 1775 4757 a
1805 4697 1924 4757 did-

354 4789 453 4842 boli
473 4789 649 4857 laqueo
679 4790 696 4859 (
719 4790 775 4844 2.
802 4789 932 4843 Tim.
958 4791 1014 4845 2.
1036 4790 1125 4847 23.
1150 4791 1220 4846 26
1253 4793 1292 4862 ).
1339 4793 1625 4863 Propterea
1665 4795 1918 4850 Dominus

353 4879 638 4946 discipulos
685 4881 762 4935 sic
798 4883 1206 4951 alloquebatur:
1238 4885 1482 4948 Quisnam
1539 4887 1704 4951 fidelis
1751 4905 1923 4941 servus

348 4971 398 5016 et
418 4962 635 5032 prudens
663 4963 681 5032 (
702 4962 887 5018 Matth.
915 4965 1004 5019 24.
1033 4967 1100 5021 45
1136 4967 1199 5038 )?
1224 4967 1353 5021 Nam
1397 4970 1484 5038 qui
1507 4970 1738 5038 seipsum
1764 4987 1922 5026 exer-

350 5059 456 5117 cet,
488 5051 538 5106 in
564 5066 624 5107 se
644 5053 814 5107 solum
843 5056 1122 5110 utilitatem
1175 5058 1563 5114 circumscribit
1593 5078 1604 5112 :
1640 5061 1918 5129 pastoralis

350 5149 526 5199 autem
550 5141 714 5198 officii
763 5144 965 5199 lucrum
991 5145 1058 5200 ad
1087 5147 1390 5202 universum
1419 5149 1673 5218 populum
1717 5159 1918 5206 manat.

350 5233 491 5288 Sane
513 5235 602 5304 qui
652 5235 904 5304 pecunias
935 5237 1115 5307 egenis
1158 5236 1448 5304 distribuit,
1498 5248 1588 5294 aut
1612 5240 1742 5295 alias
1777 5241 1918 5296 Iazsis

350 5325 723 5393 patrocinatur,
757 5327 811 5380 in
835 5327 1010 5397 aliquo
1028 5328 1284 5398 proximis
1305 5329 1538 5398 prodest,
1571 5339 1718 5384 tanto
1743 5331 1918 5384 minus

348 5426 520 5470 tamen
555 5432 709 5484 quam
729 5419 997 5486 sacerdos,
1020 5429 1214 5489 quanto
1237 5420 1511 5476 intervallo
1539 5422 1709 5475 auima
1728 5436 1918 5491 corpo-

347 5505 390 5558 ri
411 5516 644 5573 praestat.
670 5507 796 5564 Jure
813 5511 988 5579 itaque
1040 5509 1294 5564 Dominus
1315 5525 1494 5565 curam
1520 5511 1692 5581 gregis
1720 5511 1915 5565 amoris

348 5609 471 5663 erga
497 5610 554 5651 se
581 5609 946 5667 argumentum
974 5615 1090 5655 esse
1105 5600 1254 5654 dixit.

413 5684 624 5741 BASIL.
677 5687 752 5742 Tu
798 5705 960 5756 vero,
1011 5691 1216 5761 inquit,
1263 5690 1537 5776 Christum
1582 5708 1686 5750 non
1724 5691 1912 5741 amas?

1109 327 1165 385 S.
1205 326 1481 383 JOANNIS
1515 322 1987 381 Ci-IBYSOSTOMI
2027 323 2339 379 ARClllEP.
2381 321 2923 380 CONSTANTINOP.

3535 321 3639 380 6'56

2065 433 2437 490 CllRYSOST.
2490 434 2556 488 Et
2599 449 2754 501 amo,
2801 443 2856 488 et
2898 432 3108 488 amandi
3149 432 3305 488 finem
3352 447 3636 505 numquam

2061 526 2248 580 faciam
2269 535 2351 580 :at
2378 540 2564 580 vereor
2581 541 2667 591 ne,
2690 541 2846 595 quem
2865 540 3006 586 amo,
3029 539 3149 579 eum
3172 525 3394 581 irritem.
3417 526 3634 581 BASIL.

2060 619 2274 689 Ecqttod
2302 619 2548 689 :cnigma,
2584 618 2786 689 inquit,
2815 617 3092 672 obscurius
3119 617 3293 684 fuerit,
3323 619 3366 672 si
3391 618 3638 676 Christus

2055 711 2227 775 illum,
2255 711 2344 780 qui
2377 726 2434 766 se
2460 719 2620 776 amet,
2647 725 2776 764 oves
2805 725 2926 764 suas
2954 724 3171 778 pascere
3195 709 3377 781 jubeat
3396 727 3408 762 :
3429 720 3483 764 tu
3509 727 3638 765 vero

2058 801 2202 856 dicas
2249 802 2367 855 ideo
2415 801 2558 855 nolle
2610 815 2868 868 pascere,
2913 800 3036 870 quia
3085 799 3188 854 hoc
3243 799 3635 869 przecipientem

2057 893 2242 947 amas?
2262 891 2824 949 CHRYSOSTOMUS.
2853 892 2969 947 Non
2996 902 3097 955 est,
3127 891 3361 962 inquam,
3383 894 3632 965 :cnigma,

2058 986 2165 1040 imo
2194 999 2280 1040 res
2309 985 2591 1040 admodum
2623 985 2762 1040 clara
2792 993 2845 1040 et
2872 985 3115 1056 simplex.
3161 984 3292 1039 Nam
3329 986 3373 1040 si
3413 985 3634 1040 idoneus

2057 1093 2229 1133 essem
2261 1078 2679 1132 administramlo
2719 1077 2924 1132 muneri
2950 1077 3098 1145 juxta
3127 1076 3318 1132 Christi
3344 1078 3630 1148 placitum,

2056 1181 2110 1225 ct
2131 1179 2303 1225 tamen
2324 1170 2630 1240 effugerent,
2654 1179 2837 1239 argute
2860 1185 3042 1239 posses
3061 1169 3198 1223 dicta
3222 1185 3337 1224 mea
3358 1170 3632 1226 refellere:

2056 1259 2178 1330 quia
2207 1274 2336 1314 vero
2365 1261 2527 1313 animi
2558 1259 2890 1314 imbecillitas
2922 1260 3042 1314 huic
3071 1275 3156 1314 me
3185 1259 3362 1314 officio
3393 1260 3630 1314 inutilem

2055 1352 2344 1417 constituit,
2391 1366 2485 1406 cur
2529 1351 2827 1420 objectioue
2866 1366 2998 1419 opus
3035 1352 3174 1406 erit?
3210 1352 3416 1407 Etenim
3443 1369 3636 1408 vereor

2055 1457 2122 1496 ne
2151 1441 2195 1495 si
2219 1455 2431 1512 gregem
2457 1441 2648 1496 Christi
2681 1443 2816 1497 bene
2837 1442 3099 1497 valentem
3127 1457 3190 1497 ac
3213 1451 3456 1514 vegetum
3487 1445 3632 1498 acci-

2054 1532 2192 1600 piam
2212 1571 2228 1597 ,
2272 1531 2570 1601 deindeque
2600 1533 2770 1601 ipsum
2816 1532 3015 1586 incuria
3057 1533 3268 1601 perdam
3291 1575 3304 1599 ,
3339 1534 3505 1589 Deum
3531 1536 3630 1589 ad-

2053 1635 2264 1676 versum
2295 1636 2378 1675 me
2409 1621 2608 1675 irritem
2631 1661 2644 1686 ,
2675 1623 2762 1691 qui
2793 1623 2860 1675 ita
2907 1622 3076 1690 ipsum
3110 1633 3246 1675 amat
3274 1663 3289 1688 ,
3333 1631 3389 1676 ut
3417 1622 3481 1677 ad
3512 1626 3631 1692 ejus

2052 1713 2275 1766 salutem
2304 1711 2357 1765 in
2389 1713 2612 1780 pretium
2654 1727 2772 1767 sese
2811 1712 3103 1767 tradiderit.
3143 1712 3467 1770 BASILIUS.
3515 1715 3629 1769 Lu-

2050 1802 2203 1868 dens,
2233 1803 2419 1872 inquit,
2445 1803 2558 1857 haec
2579 1803 2712 1858 dicis
2736 1821 2749 1856 :
2775 1818 2893 1857 nam
2921 1804 2962 1857 si
2987 1803 3149 1867 serio,
3181 1820 3287 1857 non
3314 1805 3465 1860 video
3489 1822 3627 1875 quo-

2051 1893 2208 1947 modo
2235 1893 2426 1947 melius
2475 1892 2839 1948 demonstrare
2879 1893 3108 1948 volueris
3137 1909 3234 1948 nos
3258 1895 3375 1964 jure
3404 1896 3586 1951 dolere
3611 1939 3627 1963 ,

2049 1997 2206 2051 quam
2237 1982 2387 2037 hisee
2415 1983 2588 2037 verbis
2619 1983 2723 2037 tuis
2746 2023 2760 2046 ,
2804 1983 2996 2052 quibus
3036 1999 3318 2039 mterorem
3360 1985 3629 2054 depellere

2048 2072 2293 2126 curabas.
2328 2073 2436 2141 Ego
2462 2073 2602 2126 enim
2628 2073 2748 2127 licet
2775 2072 2918 2140 prius
2945 2073 3179 2128 noverim
3208 2089 3291 2128 me
3332 2090 3424 2142 per
3452 2085 3502 2130 te
3525 2076 3624 2132 de-

2049 2171 2260 2231 ceptum
2288 2177 2350 2216 ac
2376 2163 2638 2231 proditum
2669 2161 2830 2217 fuisse
2855 2203 2868 2226 ,
2904 2178 3045 2216 nunc
3071 2177 3197 2216 sane
3224 2163 3390 2218 multo
3420 2165 3585 2233 magis
3606 2207 3625 2230 ,

2048 2252 2258 2322 quando
2296 2251 2500 2323 objecta
2547 2253 2637 2306 tibi
2680 2253 2902 2307 crimina
2944 2253 3148 2309 diluere
3191 2264 3410 2308 conatus
3435 2270 3522 2320 es,
3572 2257 3624 2310 id

2047 2341 2228 2397 edisco
2251 2350 2305 2397 et
2334 2341 2498 2412 probe
2537 2341 2775 2411 intelligo
2798 2383 2814 2408 ,
2861 2357 2967 2411 quo
3011 2357 3096 2398 me
3126 2343 3336 2397 tandem
3363 2344 3624 2404 malorum

2047 2432 2339 2488 induxeris.
2369 2432 2500 2487 Nam
2523 2434 2565 2488 si
2585 2442 2634 2488 te
2656 2432 2776 2488 ideo
2791 2433 2857 2488 ab
2877 2432 2977 2488 hoc
2993 2434 3284 2500 miniSterio
3300 2435 3621 2500 subduxisti,

2047 2525 2165 2592 quia
2192 2524 2424 2579 animum
2455 2533 2600 2579 tuum
2629 2533 2787 2579 tantae
2820 2523 2976 2580 molis
3014 2525 3090 2580 rei
3136 2541 3316 2596 parem
3359 2543 3462 2582 non
3501 2543 3626 2585 esse

2047 2615 2288 2681 sciebas,
2336 2630 2421 2669 me
2462 2617 2610 2685 prius
2655 2625 2894 2686 ereptum
2941 2620 3210 2686 oportuit,
3263 2619 3422 2673 etiam
3469 2621 3513 2674 si
3568 2622 3622 2675 id

2047 2719 2255 2758 summo
2281 2704 2458 2760 studio
2489 2705 2823 2760 ambivissem
2851 2721 2955 2760 :ne
2997 2705 3169 2760 dicam
3199 2723 3284 2764 me
3312 2709 3401 2762 tibi
3431 2710 3622 2764 horum

2045 2795 2328 2850 consilium
2368 2796 2577 2862 penitus
2609 2795 2958 2851 commisisse.
2982 2795 3131 2851 Nunc
3156 2812 3284 2852 vero
3309 2813 3420 2853 rem
3447 2800 3621 2854 solum

2047 2895 2188 2941 tuam
2231 2886 2300 2940 ob
2325 2888 2509 2941 oculos
2550 2888 2750 2942 habens
2779 2903 2949 2941 meam
2989 2888 3284 2957 neglexisti.
3309 2891 3480 2960 Atque
3510 2891 3622 2946 uli-

2049 2992 2168 3030 nam
2200 2979 2554 3047 neglexisses!
2583 2977 2631 3032 id
2659 2992 2785 3033 sane
2811 2978 3099 3048 Optandum
3121 2989 3262 3034 esset
3287 2998 3302 3035 :
3327 2997 3512 3038 verum
3539 2993 3621 3050 tu,

2045 3076 2100 3121 ut
2129 3068 2333 3123 facilius
2355 3085 2383 3122 a
2414 3068 2774 3138 quzcrcntibus
2809 3083 3034 3139 caperer
3052 3109 3067 3134 ,
3115 3070 3332 3125 insidias
3356 3073 3619 3129 struxisti.

2044 3158 2224 3227 Neque
2250 3160 2390 3213 enim
2413 3158 2536 3214 illud
2562 3158 2736 3230 eifugii
2770 3159 2860 3214 tibi
2895 3159 3226 3229 relinquitur,
3254 3161 3396 3230 quod
3423 3162 3617 3218 videli-

2043 3258 2127 3304 cct
2149 3250 2287 3316 vulgi
2315 3251 2494 3319 opinio
2522 3258 2571 3303 te
2592 3249 2890 3318 deceperit,
2914 3257 3068 3318 teque
3095 3250 3160 3304 ad
3189 3265 3372 3320 magna
3399 3253 3620 3308 mirabi-

2045 3339 2216 3409 liaquc
2245 3339 2311 3394 de
2343 3355 2426 3394 me
2456 3339 2802 3394 existimanda
2831 3339 3129 3394 deduxerit.
3159 3339 3273 3394 Non
3301 3342 3440 3396 enim
3479 3343 3620 3399 inter

2042 3431 2381 3485 admirandos
2408 3440 2460 3485 et
2485 3433 2802 3500 conspicuos
2827 3447 3107 3487 censemur
3132 3451 3145 3488 :
3174 3449 3363 3503 neque,
3408 3437 3615 3493 etiamsi

2043 3539 2129 3577 res
2171 3523 2238 3576 ita
2269 3538 2328 3577 se
2372 3523 2680 3589 habuisset,
2711 3523 2992 3576 multorum
3029 3523 3204 3592 opinio
3229 3527 3433 3580 veritati
3461 3537 3614 3584 ante-

2043 3615 2283 3683 ponenda
2317 3614 2520 3668 fuisset.
2550 3614 2679 3668 Nam
2707 3614 2751 3668 si
2783 3614 2873 3667 tibi
2902 3628 3184 3683 numquam
3213 3631 3431 3684 perlnos
3459 3627 3615 3674 antea

2041 3705 2297 3768 licuisset,
2330 3713 2385 3758 ut
2411 3703 2805 3758 consuetudinis
2839 3714 3032 3757 nosarze
3061 3705 3347 3772 periculum
3381 3706 3614 3774 faceres,

2040 3799 2186 3852 color
2211 3797 2400 3867 aliquis
2425 3796 2614 3851 adesse
2635 3795 2726 3850 tibi
2754 3795 3040 3862 videretur,
3063 3811 3182 3851 cum
3213 3813 3279 3852 ex
3307 3798 3443 3867 vulgi
3473 3800 3611 3854 fama

2040 3890 2355 3944 sententiam
2389 3889 2589 3954 ferres;
2620 3889 2699 3941 sin
2727 3900 2902 3942 autem
2929 3888 3103 3942 nullus
3130 3889 3346 3958 perinde
3371 3900 3530 3959 atque
3558 3901 3615 3946 tu

2039 3989 2218 4034 nostra
2249 3979 2418 4044 novit,
2449 3979 2554 4032 imo
2580 3987 2816 4032 nostrum
2846 3979 3080 4032 animum
3113 3979 3300 4033 melius
3324 3995 3480 4048 quam
3512 3981 3615 4050 ipsi

2040 4082 2285 4140 parentes
2323 4080 2377 4126 et
2418 4069 2698 4125 eductores
2741 4077 3076 4137 perspectum
3115 4068 3312 4135 habes,
3354 4086 3454 4139 qua
3503 4080 3613 4126 tam

2041 4163 2296 4232 probabili
2325 4163 2565 4216 oratione
2593 4162 2756 4214 utaris
2779 4201 2795 4226 ,
2838 4169 2894 4212 ut
2934 4159 3104 4229 possis
3136 4159 3464 4216 auditoribus
3492 4178 3612 4231 per-

2036 4251 2291 4317 suadere,
2343 4260 2393 4306 te
2431 4266 2528 4304 nos
2566 4251 2618 4304 in
2651 4260 2850 4304 tantum
2885 4250 3100 4318 periculi
3133 4265 3235 4304 non
3265 4251 3402 4306 ultro
3431 4255 3595 4319 conje

2035 4343 2210 4398 cisse?
2256 4343 2450 4396 Verum
2490 4342 2604 4395 haec
2633 4355 2771 4395 nunc
2798 4340 2957 4393 missa
3002 4339 3418 4394 faciamuszuou
3463 4344 3609 4399 enim

2040 4442 2090 4487 te
2121 4433 2359 4503 cogimus
2388 4431 2470 4486 his
2497 4431 2563 4484 de
2592 4429 2766 4486 causis
2806 4429 2892 4498 jus
2917 4429 3142 4485 'dicere:
3165 4447 3265 4500 qua
3296 4431 3612 4492 defensioue

2037 4532 2220 4577 contra
2248 4529 2581 4577 accusatores
2611 4521 2852 4574 utemur?
2877 4519 2961 4574 die
2985 4521 3160 4576 sodes.
3189 4522 3428 4577 CllRYS.
3449 4525 3610 4582 Certe

2035 4630 2139 4669 non
2171 4615 2335 4684 prius,
2364 4615 2596 4684 inquam,
2624 4613 2688 4667 ad
2717 4613 2802 4667 illa
2840 4629 2924 4668 me
2953 4622 3155 4668 vertam
3179 4656 3195 4680 ,
3227 4631 3381 4684 quam
3421 4632 3484 4671 ea
3520 4618 3608 4673 di-

2034 4705 2206 4772 luero,
2238 4719 2354 4774 qua:
2382 4703 2446 4758 ad
2479 4713 2528 4757 te
2555 4712 2814 4772 spectant,
2866 4703 3072 4758 etiamsi
3103 4707 3401 4760 sexcenties
3438 4709 3606 4763 instes

2032 4804 2088 4848 ut
2146 4794 2364 4848 crimina
2446 4793 2727 4862 dcpellam.
2804 4793 3151 4862 lgnorantiam
3212 4795 3351 4850 enim
3426 4797 3608 4855 dixisti

2031 4885 2240 4938 veniam
2267 4883 2419 4938 nobis
2439 4882 2647 4946 afferre,
2672 4891 2725 4937 et
2745 4883 2889 4937 omni
2913 4899 3008 4937 nos
3023 4885 3387 4941 criminatione
3408 4887 3602 4944 liberos

2031 4973 2166 5040 fore,
2197 4974 2240 5028 si
2265 4989 2439 5027 rerum
2469 4982 2674 5027 tuarum
2701 4974 2887 5043 ignari,
2917 4982 2967 5028 te
2993 4975 3044 5028 in
3067 4984 3380 5043 prmsontem
3406 4988 3598 5036 statum

2031 5064 2448 5130 deduxerimus;
2493 5064 2615 5134 quia
2645 5079 2772 5119 vero
2801 5072 2852 5118 te
2893 5079 2996 5118 non
3041 5064 3342 5133 ignorantes
3367 5067 3599 5136 prodidi-

2029 5170 2167 5217 mus,
2197 5169 2284 5209 res
2314 5163 2428 5208 tuas
2453 5155 2691 5223 apprime
2731 5153 2986 5208 callentes
3005 5193 3020 5218 ,
3060 5155 3182 5210 ideo
3205 5169 3416 5211 omnem
3447 5158 3601 5215 nobis

2028 5243 2224 5298 auferri
2255 5244 2610 5298 excusationis
2649 5251 2703 5298 et
2742 5245 3081 5314 congruentis
3106 5245 3362 5315 apologia:
3389 5262 3602 5308 ansam.

2028 5337 2098 5388 At
2119 5349 2218 5404 ego
2240 5341 2418 5387 contra
2441 5347 2631 5388 censeo
2646 5352 2660 5389 :
2676 5332 2789 5388 lucc
2808 5336 2948 5388 enim
2971 5335 3139 5388 multo
3161 5346 3317 5405 egent
3335 5340 3600 5396 examine.

2024 5422 2163 5478 Sane
2209 5437 2330 5476 eutn
2384 5422 2473 5491 qui
2523 5421 2589 5476 ad
2638 5423 2990 5477 sacerdotium
3037 5426 3336 5494 quempiam
3385 5427 3603 5485 tradere

2023 5513 2182 5578 velit,
2239 5527 2342 5565 non
2390 5520 2599 5580 oportet
2643 5513 2754 5566 sola
2799 5514 2938 5582 vulgi
2985 5515 3236 5582 opinione
3285 5527 3602 5574 contentum

2021 5615 2161 5667 esse,
2189 5601 2282 5655 sed
2311 5612 2366 5653 ut
2391 5615 2511 5655 cum
2552 5602 2640 5655 illa
2689 5617 2837 5656 suam
2867 5619 2977 5672 prae
3003 5605 3248 5678 omnibus
3275 5605 3433 5662 addat
3457 5624 3600 5677 opus

2023 5700 2134 5750 est.
2180 5701 2340 5760 utque
2369 5692 2419 5744 in
2450 5693 2630 5760 primis
2659 5693 2798 5748 illius
2841 5695 3113 5748 facultates
3153 5677 3412 5763 exploret.
3460 5695 3599 5756 Nam
