3860 6216
311 283 416 342 6'57

313 399 524 454 πολλῶν
565 395 854 470 ἀρκεῖσθαι
899 396 1058 467 φήμῃ
1099 395 1280 465 μόνον,
1313 393 1452 448 ἀλλά
1491 395 1609 465 μετ’
1644 392 1862 463 ἐκείνης
1888 392 1984 445 καὶ

312 490 476 543 αὐτὸν
516 487 750 559 μάλιστα
779 485 998 538 πάντων
1040 484 1135 536 καὶ
1159 482 1266 553 πρὸ
1293 482 1510 536 πάντων
1555 481 1878 553 ἐξητακέναι
1915 480 1986 532 τὰ

191 583 206 590 ’
313 576 547 631 ἐκείνου.
600 573 711 627 Καὶ
758 572 866 642 γάρ
906 573 934 623 ὁ
979 568 1250 640 μακάριος
1281 567 1493 632 Παῦλος
1539 567 1731 631 εἰπὼν,
1773 565 1874 620 Δεῖ
1916 564 1986 618 δὲ

314 665 501 719 αὐτὸν
533 663 630 716 καὶ
659 657 994 730 μαρτυρίαν
1020 656 1184 724 ἔχειν
1213 654 1413 722 καλὴν
1441 653 1561 708 ἀπὸ
1594 653 1712 708 τῶν
1741 653 1983 718 ἔξωθεν,

315 753 417 806 οὐκ
454 750 670 820 ἀναιρεῖ
711 747 809 817 τὴν
846 744 1046 816 ἀκριϐῆ
1085 745 1181 796 καὶ
1222 740 1692 812 βεϐασανισμένην
1732 739 1982 810 ἔρευναν,

315 840 425 893 οὐδ’
459 837 534 901 ὼς
575 832 981 905 προηγούμενον
1009 831 1310 901 τεκμήριον
1340 827 1497 882 τοῦτο
1541 827 1724 898 τίθησι
1750 828 1850 898 τῆς
1877 826 1986 880 τῶν

317 924 570 980 τοιούτων
615 920 958 991 δοκιμασίας.
996 919 1107 972 Καὶ
1149 915 1257 986 γάρ
1304 914 1475 968 πολλὰ
1503 915 1767 986 πρότερον
1813 913 1988 967 διαλε-

316 1015 487 1086 χθεὶς,
515 1012 740 1083 ὕστερον
785 1006 942 1061 τοῦτο
973 1004 1300 1078 προσέθηκε,
1334 1004 1546 1067 δεικνὺς
1577 1002 1654 1066 ὡς
1679 1003 1779 1055 οὐκ
1805 1001 1985 1070 αὐτῷ·

323 1102 487 1174 μόνον
522 1096 811 1172 ἀρκεῖσθαι
841 1095 924 1150 δεῖ
955 1094 1093 1165 πρὸς
1125 1092 1226 1156 τὰς
1265 1089 1521 1153 τοιαύτας
1563 1089 1825 1160 αἱρέσεις,
1852 1089 1987 1142 ἀλλά

323 1187 464 1263 μετά
497 1185 608 1240 τῶν
653 1182 829 1240 ἀλλων
866 1182 961 1235 καὶ
1001 1179 1137 1234 αὐτὸ
1175 1176 1626 1251 παραλαμϐάνειν
1665 1175 1794 1247 χρή.
1845 1175 1986 1244 Συμ-

318 1276 497 1332 ϐαίνει
517 1271 628 1343 γάρ
658 1269 918 1332 πολλάκις
945 1267 1045 1337 τὴν
1071 1266 1179 1319 τῶν
1209 1263 1419 1318 πολλῶν
1441 1263 1731 1343 ψεύδεσθαι
1766 1263 1954 1332 φήμην
1971 1277 1987 1293 ο

319 1364 419 1435 τῆς
447 1361 504 1414 65
527 1342 786 1430 ἀκριϐοῦς
816 1355 1116 1422 ἐξετάσεως
1139 1351 1522 1422 ήγησαμένης,
1556 1342 1744 1404 οὐδένα
1773 1349 1839 1402 ἐκ
1859 1348 1989 1435 ταύξ

320 1433 422 1521 της
453 1445 698 1501 κίνδυνόν
729 1445 876 1496 ἐστιν
905 1439 1243 1494 ὑποπτεῦσαι
1286 1439 1489 1492 λοιπόν.
1521 1437 1620 1490 Διά
1658 1436 1816 1490 τοῦτο
1852 1433 1990 1505 μετά

321 1535 394 1590 τά
423 1532 558 1588 ἀλλα
599 1530 670 1584 τά
706 1528 860 1600 παρά
906 1526 1012 1579 τῶν
1066 1524 1265 1591 ἔξωθεν
1294 1522 1460 1578 αὐτοῦ
1503 1523 1732 1593 τίθησιν.
1777 1522 1853 1574 Οὐ
1882 1521 1992 1589 γὰρ

323 1619 512 1682 ἁπλῶς
541 1617 712 1688 ἔφησε
731 1631 746 1646 ο
777 1613 878 1668 Δεῖ
901 1612 969 1665 δὲ
1003 1611 1191 1665 αὑτὸν
1211 1611 1548 1680 μαρτυρίαν
1575 1611 1739 1677 ἐχειν
1771 1606 1989 1674 καλὴν,

321 1708 462 1764 άλλά
489 1707 550 1761 τὺ
596 1705 691 1759 καὶ
725 1703 894 1771 Παρὰ
939 1701 1058 1754 τῶν
1086 1700 1310 1762 ἔξωθεν
1351 1697 1708 1768 παρενέϐαλε,
1753 1693 1993 1765 δηλῶσαι

324 1795 644 1866 βουλόμενος
667 1791 750 1844 δτι
784 1789 889 1860 πρὸ
914 1787 1014 1858 τῆς
1045 1785 1152 1840 τῶν
1197 1784 1398 1850 ἔξωθεν
1432 1785 1622 1855 φήμης
1666 1783 1801 1854 πρὸς
1833 1781 1993 1852 ἀκρί-

321 1883 476 1936 ϐειαν
524 1879 687 1933 αὐτὸν
726 1873 1175 1946 διερευνήσασθαι
1232 1873 1332 1926 δεῖ.
1381 1871 1534 1924 Ἐπεὶ
1566 1866 1660 1924 οῦν
1690 1871 1782 1924 καὶ
1827 1869 1992 1933 αὐτὸς

322 1969 472 2040 ᾔδειν
501 1966 571 2020 τά
599 1966 668 2018 σά
701 1963 811 2017 τῶν
851 1960 1260 2031 γεγεννηκότων
1311 1958 1530 2030 μᾶλλον,
1577 1957 1652 2020 ὡς
1696 1957 1791 2010 καὶ
1829 1957 1992 2020 αὐτὸς

322 2055 706 2127 ὡμολόγησας,
730 2051 818 2106 διά
848 2050 1006 2104 τοῦτο
1036 2049 1243 2111 δίκαιος
1269 2047 1336 2101 ἂν
1369 2046 1489 2117 εῖην
1529 2045 1709 2116 πάσης
1739 2043 1992 2114 ἀφεῖσθαι

321 2144 524 2205 αίτίας.

395 2229 618 2284 ΒΔΣΙΛ.
645 2227 721 2281 Δι’
757 2225 889 2280 αὐτὸ
936 2224 1035 2296 μὲν
1063 2219 1156 2278 οὖν
1186 2222 1366 2288 τοῦτο,
1406 2221 1591 2292 φησὶν,
1631 2221 1734 2274 οὐκ
1772 2219 1839 2274 ἀν
1865 2217 1994 2289 ἔφυ-

323 2319 486 2388 γεςι),
527 2318 580 2370 εῖ
603 2315 688 2380 τίς
719 2331 778 2368 σε
803 2311 1112 2384 γράφεσθαι
1146 2311 1355 2383 ήθελεν.
1396 2304 1474 2363 Ἦ
1506 2307 1567 2362 οὐ
1601 2306 1874 2379 μέμνησαι
1900 2307 1996 2360 καὶ

324 2406 455 2478 παρ’
490 2401 648 2475 ήμῶν
687 2401 924 2464 ἀκούσας
957 2399 1052 2453 καὶ
1089 2398 1348 2461 πολλάκις
1389 2395 1486 2450 καὶ
1535 2395 1623 2450 διά
1660 2394 1768 2447 τῶν
1816 2393 1995 2465 ἔργων

323 2489 507 2546 αὐτῶν
539 2487 809 2558 διδαχθεὶς
857 2486 918 2540 τὸ
949 2485 1052 2556 τῆς
1099 2483 1280 2555 ψυχῆς
1327 2481 1555 2552 ἀγεννὲς
1581 2481 1680 2552 τῆς
1713 2480 1883 2551 ἐμῆς;
1915 2481 1992 2533 Οὐ

321 2578 413 2632 διά
443 2577 603 2631 τοῦτο
629 2577 710 2640 είς
743 2573 1108 2646 μικροψυχίαν
1140 2573 1288 2642 ἡμᾶς
1307 2569 1561 2633 διετέλεις
1590 2567 1856 2622 σκώπτων
1882 2568 1992 2632 ἀεὶ,

323 2668 406 2719 ὅτι
440 2665 535 2718 καὶ
558 2663 677 2726 ταῖς
700 2659 991 2731 τυχούσαις
1019 2659 1266 2731 φροντίσι
1292 2657 1706 2726 καταπίπτομεν
1727 2653 1992 2720 εὐκόλως;

394 2757 456 2804 5'.
495 2749 829 2803 ΧΡΥΣΟΣΤ.
872 2748 1173 2818 Μέμνημαι
1222 2746 1320 2816 μὲν
1363 2743 1458 2798 καὶ
1498 2743 1671 2797 ταῦτα
1712 2741 1992 2810 πολλάκις,

325 2839 482 2908 ἔφην,
517 2836 753 2900 ἀκούσας
787 2834 938 2905 παρά
967 2833 1058 2887 σοῦ
1092 2833 1160 2887 τά
1196 2833 1437 2904 ῥήματα,
1477 2832 1572 2885 καὶ⁸
1596 2831 1696 2884 ούκ
1727 2829 1793 2882 ἀν
1828 2829 1996 2900 ἀρνη·

325 2927 498 2998 θείην.
529 2922 670 2993 Ἐγὼ
702 2922 759 2976 δέ
787 2939 846 2976 σε
873 2921 928 2975 εί
957 2939 1084 2974 ποτε
1127 2922 1431 2985 ἔσκωπτον,
1468 2918 1698 2983 παίζων,
1729 2917 1830 2970 οὐκ
1857 2915 1994 2986 ἀληο

325 3014 498 3069 θεύων
517 3011 673 3066 τοῦτο
699 3010 932 3064 ἐποίουν.
951 3009 1091 3064 Ἀλλ’
1121 3008 1266 3079 ὅμως
1289 3005 1439 3061 οὐδὲν
1470 3006 1610 3077 ὑπὲρ
1624 3005 1828 3059 τούτων
1851 3003 1998 3072 φιλο-

324 3101 490 3157 νεικῶ
512 3099 628 3163 νῦν,
657 3097 792 3163 ἀξιῶ
815 3097 873 3150 δὲ
904 3098 997 3150 καὶ
1026 3096 1248 3150 σεαυτὸν
1272 3095 1372 3166 τὴν
1405 3094 1527 3166 ῖσην
1567 3109 1657 3164 μοι
1691 3093 1994 3162 παρασχεῖν

323 3185 765 3259 εὐγνωμοσύνην,
789 3185 918 3238 ὅταν
940 3183 1152 3256 θελήσω
1175 3181 1320 3246 τινδς
1342 3180 1744 3253 ἐπιμνησθῆναι
1769 3179 1879 3233 τῶν
1912 3179 1996 3232 σοὶ

325 3275 638 3346 προσόντων
685 3272 927 3342 ἀγαθῶν.
965 3270 1086 3324 Κᾶν
1133 3270 1242 3341 γάρ
1283 3268 1640 3339 ἐπιχειρήσῃς
1671 3267 1823 3337 ἡμᾶς
1889 3265 1996 3319 ἀπ-

325 3361 542 3430 ελέγξαι
579 3359 976 3430 ψευδομένους,
1020 3358 1081 3410 οὐ
1133 3355 1449 3426 φεισόμεθα,
1484 3354 1598 3408 ἀλλ’
1644 3352 1996 3423 ἀποδείξομεν

329 3447 690 3519 μετριάζοντά
728 3462 787 3498 σε
829 3443 1028 3514 μᾶλλον
1065 3443 1098 3513 ἢ
1133 3448 1269 3514 πρὸς
1303 3441 1562 3512 ἀλήθειαν
1613 3439 1788 3494 ταῦτα
1831 3439 1998 3509 φθεγ·

325 3535 578 3607 γόμενον,
611 3532 699 3586 ἑτέ
710 3549 786 3603 ρῳ
829 3530 930 3601 μὲν
961 3530 1159 3597 οὐδενὶ,
1189 3532 1304 3592 τοῖς
1333 3528 1389 3582 δέ
1409 3528 1591 3597 λόγοις
1617 3529 1730 3589 τοῖς
1759 3529 1870 3590 σοῖς
1902 3526 1998 3579 καὶ

324 3625 446 3686 ταῖς
480 3618 711 3692 πράξεσι
737 3619 971 3690 μάρτυσι
995 3615 1320 3689 κεχρημένοι
1353 3614 1488 3686 πρὸς
1502 3614 1602 3686 τὴν
1629 3613 1737 3666 τῶν
1766 3613 1996 3682 λεγομέ-

326 3725 434 3762 νων
461 3707 738 3778 ἀλήθειαν.
789 3705 1011 3774 Πρῶτον
1034 3705 1091 3758 δέ
1134 3720 1191 3756 σε
1230 3703 1409 3756 ἐκεῖνο
1441 3699 1660 3772 ἐρέσθαι
1699 3699 1993 3771 βούλομαιο

325 3791 484 3850 οἶσθα
518 3795 659 3867 πόση
683 3793 781 3864 τῆς
808 3793 1028 3864 ἀγάπης
1047 3794 1081 3863 ή
1113 3789 1373 3861 δύναμις;
1414 3788 1474 3842 Ὀ
1502 3787 1602 3859 μέν
1631 3786 1738 3858 γάρ
1763 3786 1997 3857 Χριστὸς

326 3881 397 3936 τά
441 3881 701 3954 τεράστια
746 3879 924 3934 πάντα
949 3878 1129 3949 ἀφεὶς,
1167 3877 1310 3948 άπερ
1341 3873 1564 3946 ἔμελλεν
1591 3873 1697 3927 ὐπὸ
1724 3872 1833 3926 τῶν
1862 3873 1996 3926 άποο

327 3969 529 4024 στόλων
549 3966 842 4031 τελεῖσθαι,
883 3967 986 4020 Ἐν
1017 3965 1229 4032 τούτῳ,
1264 3964 1414 4034 φησὶ,
1447 3961 1781 4032 γνώσονται
1813 3963 1866 4014 οί
1891 3959 1994 4013 ἄν-

325 4059 566 4126 θρωποι,
601 4055 690 4109 ὅτι
728 4054 858 4124 ἐμοί
885 4053 1024 4107 ἐστε
1047 4050 1324 4122 μαθηταὶ,
1353 4050 1461 4103 ἐὰν
1490 4046 1758 4118 ἀγαπᾶτε
1800 4044 1994 4112 ἀνι-ἰή-

323 4149 508 4212 λουςο
539 4145 568 4197 ὁ
593 4144 651 4196 δέ
684 4141 897 4203 Παῦλος
933 4141 1207 4211 πλήρωμα
1239 4137 1335 4191 τοῦ
1375 4135 1580 4206 νόμουο
1628 4135 1793 4204 φησὶν
1825 4134 1994 4205 αὐτὴν

323 4229 488 4294 εἶναι,
525 4230 619 4282 καὶ
648 4228 855 4298 ,ταύτης
889 4226 1134 4296 ἀπούσης
1162 4225 1313 4278 οὐδὲν
1339 4220 1476 4276 εῖναι
1502 4221 1608 4276 τῶν
1635 4223 1992 4293 χαρισμάτων

323 4318 538 4386 ὄφελος.
575 4315 747 4370 Τοῦτο
771 4315 836 4386 δὴ
861 4314 921 4368 τδ
945 4313 1220 4383 ἐξαίρετον
1241 4310 1469 4380 ἀγαθὸν,
1492 4310 1553 4363 τὸ
1577 4308 1863 4380 γνώρισμα
1885 4309 1992 4361 τῶν

323 4407 419 4460 τοῦ
464 4404 699 4478 Χριστοῦ
748 4401 1026 4476 μαθητῶν,
1073 4402 1134 4454 τὸ
1171 4401 1280 4455 τῶν
1334 4399 1689 4470 χαρισμάτων
1738 4397 1995 4466 ἀνωτέρω

327 4494 596 4566 κείμενον,
625 4486 764 4546 εἶδον
793 4491 1053 4560 γενναίως
1085 4492 1142 4542 ἐν
1175 4490 1241 4559 τῇ
1275 4491 1342 4558 σῇ
1375 4485 1784 4556 πεφυτευμένον
1823 4484 1991 4554 ψυχῇ,

325 4581 420 4634 καὶ
459 4579 636 4652 πολλῷ
669 4578 832 4651 βρύον
866 4575 944 4648 τῷ
991 4574 1209 4648 καρπῷ.
1251 4574 1361 4629 Καὶ
1394 4576 1423 4627 ό
1479 4575 1699 4626 ΒΑΣΙΛ.
1735 4573 1856 4626 Ὅτι
1896 4573 1994 4640 μὲν

325 4667 492 4739 πολλή
536 4684 647 4738 μοι,
695 4665 849 4738 φησὶ,
895 4664 988 4718 τοῦ
1020 4665 1341 4735 πράγματος
1373 4664 1406 4733 ή
1446 4661 1690 4733 φροντὶς,
1719 4659 1811 4715 καὶ
1840 4659 1995 4730 μεγί·

325 4771 458 4825 στην
503 4753 762 4824 ποιοῦμαι
801 4753 902 4824 τὴν
944 4751 1176 4823 σπουδὴν
1211 4751 1350 4824 ύπέρ
1393 4749 1594 4820 ταύτης
1623 4750 1721 4820 τῆς
1749 4747 1992 4818 ἐντολῆς,

325 4842 420 4895 καὶ
448 4841 609 4905 αὐτὸς
634 4839 908 4911 όμολογῶο
938 4839 1019 4892 ὅτι
1051 4839 1108 4892 δὲ
1141 4839 1262 4892 οὐδὲ
1307 4837 1366 4905 ἐξ
1399 4836 1654 4908 ἡμισείας
1692 4833 1862 4905 αὐτὴν
1911 4834 1992 4886 δι-

323 4929 624 5002 ηνύσαμεν,
653 4928 746 4982 καὶ
793 4928 953 4992 αὐτὸς
994 4928 1059 4983 άν
1107 4944 1196 4998 μοι
1229 4922 1660 4998 μαρτυρήσειςά,
1691 4923 1825 4976 εἰτὸ
1854 4920 1992 4992 πρὸς

323 5018 486 5088 χάριν
512 5015 692 5084 λέγειν
719 5016 879 5086 ἀφεὶς
919 5017 1148 5087 τιμῆσαι
1179 5013 1411 5086 τάληθὲς
1445 5011 1782 5083 βουληθείης.
1821 5009 1992 5063 ΧΡΥ-

303 5105 515 5159 ίΣΟΣΤ.
547 5104 754 5158 οὐκοῦν
788 5103 880 5156 ἐπὶ
920 5105 1046 5165 τοὺς
1087 5102 1342 5172 ἐλέγχους
1381 5099 1672 5170 τρέψομαι,
1707 5097 1867 5166 ἔφην,
1897 5095 1992 5148 καὶ

321 5194 458 5265 ὅπερ
495 5193 791 5265 ἠπείλησα,
851 5191 1065 5258 ποιήσω
1105 5189 1200 5244 νῦν
1228 5187 1404 5260 1578],
1446 5183 1759 5258 μετριάζειν
1793 5184 1990 5254 μᾶλλον

385 5403 412 5432 ⁸
434 5399 584 5451 Savil.
607 5404 671 5458 ὡς
689 5405 777 5453 οὐκ
795 5401 944 5463 αὐτῷ,
963 5416 980 5463 ι
998 5412 1132 5447 reme
1154 5411 1244 5463 prp
1269 5397 1400 5458 vulg.
1427 5398 1496 5463 ως
1511 5397 1598 5463 οςύκ
1623 5397 1679 5463 ἂν
1697 5393 1984 5463 αῡτῶ.βυ.ι

323 5461 479 5540 ίξειιιιο
501 5471 609 5540 μορι
633 5455 731 5540 ιξυο
750 5477 865 5512 ιιιεθ.
891 5455 1142 5526 ψεύδεσθαι
1157 5455 1323 5518 δόξαν,
1351 5455 1435 5514 τῆς
1456 5458 1506 5504 δέ
1525 5458 1632 5519 ἀκρ.
1658 5455 1782 5503 lulra
1800 5455 1991 5516 "aliquot

321 5535 436 5571 mss.
462 5525 578 5572 αὐτὸ
602 5525 799 5582 τίθησιν.
908 5525 913 5526 ⁷
1048 5581 1055 5582 ί
1144 5581 1153 5582 ί
1238 5580 1263 5582 η
1498 5577 1523 5582 λ,
1622 5577 1634 5582 _
1943 5551 1946 5554 ’

383 5584 412 5624 b
438 5586 602 5646 Aliqui
638 5577 860 5646 ἀπέφυγε.
892 5583 1020 5632 Infra
1044 5581 1093 5630 in
1136 5580 1287 5630 Savil.
1332 5585 1382 5629 cl
1425 5577 1712 5640 quibusdam
1758 5591 1870 5628 mss.
1907 5577 1986 5626 καί
2059 5599 2064 5602 -

317 5643 466 5696 dces:
486 5643 601 5694 aute
625 5643 868 5700 πολλάκις.

382 5705 409 5767 ἢ
432 5705 599 5767 Aliqui
631 5705 716 5753 τοῦ
737 5707 882 5767 νόμου
908 5705 988 5767 καὶ
1010 5706 1279 5764 προφητῶν.

380 5763 412 5808 σι
427 5763 630 5830 Quidam
653 5781 764 5818 mss.
789 5763 1101 5829 μαρτυρήσῃς.

1064 281 1126 338 8.
1159 276 1442 338 JOANNIS
1476 276 1967 336 CIIRYSOSTOMI
2003 271 2319 332 ARCHIEP.
2354 279 2900 338 CONSTANTENOP.

3641 281 3754 340 638

2091 389 2122 460 ἦ
2142 390 2424 462 ἀληθεύειν
2443 394 2764 468 βουλόμενον
2783 395 3090 462 ἀποδείξας.
3128 395 3269 466 Ἐρῶ
3292 395 3348 449 δέ
3370 396 3600 465 πρᾶγμα
3621 398 3748 466 ἄρτι

2087 473 2460 546 συμϐεϐηκὸς,
2492 477 2579 532 ῖνα
2612 479 2686 550 μή
2719 494 2803 541 τις
2831 475 3148 548 ὑποπτεύσῃ
3170 518 3184 540 ,
3219 475 3287 528 τὰ
3313 475 3517 530 παλαιά
3549 493 3615 546 με
3662 478 3747 530 διο

2083 553 2388 624 ηγούμενον
2427 556 2506 627 τῷ
2533 557 2726 628 πλήθει
2768 557 2864 610 τοῦ
2897 557 3090 627 χρόνου
3131 555 3363 626 τάληθὲς
3407 557 3754 622 ἐπισκιάζειν

2084 633 2402 705 ἐπιχειρεῖν,
2427 636 2527 706 τῆς
2555 635 2725 706 λήθης
2743 646 2767 675 ο
2797 636 2900 689 οὐκ
2931 635 3185 705 ἀφιείσης
3217 635 3521 707 ἐπισκῆψαί
3554 653 3607 689 τι
3635 638 3748 698 τοῖς

2086 710 2223 780 πρὸς
2253 711 2413 783 χάριν
2443 713 2756 784 λεγομένοις
2783 712 2914 784 παρ’
2937 712 3120 784 ἡμῶν.

2157 797 2230 854 ς’.
2269 793 2398 845 Ὅτε
2435 791 2544 864 γάρ
2570 793 2679 846 τῶν
2717 791 3036 862 ἐπιτηδείων
3077 809 3162 855 τις
3199 791 3309 846 τῶν
3355 793 3639 864 ἡμετέρων
3664 794 3750 844 ἐπ’

2086 869 2424 940 ἐγκλήμασιν
2467 870 2707 943 ὕϐρεωςο
2747 871 2842 925 καὶ
2878 869 3132 934 ἀπονοίας
3167 871 3590 942 συκοφαντηθείς
3624 874 3753 939 περὶ

2087 946 2194 999 τῶν
2213 949 2456 1018 ἐσχάτων
2475 949 2805 1013 ἐκινδύνευε,
2819 950 2939 1002 τότε
2957 947 3082 1002 οὐτε
3103 947 3454 1017 ἐγκαλοῦντός
3475 949 3557 1002 σοί
3587 967 3751 1012 τινος,

2087 1023 2210 1077 οὕτε
2233 1027 2441 1080 ἐκείνου
2467 1027 2561 1080 τοῦ
2587 1027 2914 1082 κινδυνεύειν
2935 1027 3217 1099 μέλλοντος
3241 1027 3540 1099 δεηθέντος,
3563 1030 3643 1091 είς
3666 1029 3756 1098 μέ-

2093 1123 2218 1171 σους
2257 1106 2452 1182 σαυτὸν
2491 1108 2720 1182 ἔρριψας
2750 1109 2877 1171 τοὺς
2915 1108 3212 1173 κινδύνους.
3247 1107 3358 1160 Καὶ
3385 1107 3446 1162 τὸ
3474 1107 3572 1178 μὲν
3596 1107 3758 1179 ἔργον

2087 1184 2248 1239 τοῦτο
2265 1181 2352 1256 ἦν·
2390 1186 2477 1240 ἵνα
2503 1186 2561 1240 δέ
2597 1203 2658 1241 σε
2695 1186 2792 1241 καὶ
2829 1187 2938 1240 ἀπὸ
2967 1185 3075 1241 τῶν
3117 1189 3377 1257 ῥημάτων
3424 1186 3755 1257 ἐλέγξωμεν,

2091 1266 2184 1319 καὶ
2216 1264 2395 1320 αὐτῶν
2413 1264 2522 1318 τῶν
2547 1264 2854 1336 εἰρημένων
2884 1281 2963 1318 σοι
2996 1265 3458 1336 μνημονεύσωμεν
3489 1264 3531 1302 ί·
3567 1265 3759 1333 ἐπειδὴ

2090 1345 2199 1416 γάρ
2222 1343 2323 1416 τὴν
2351 1343 2660 1415 προθυμίαν
2680 1342 2882 1413 ταύτην
2917 1344 2969 1395 οἱ
3014 1343 3112 1412 μὲν
3138 1343 3238 1397 οὐκ
3258 1343 3600 1413 ἀπεδέχοντο.
3623 1344 3679 1396 οί
3701 1343 3762 1394 δὲ

2090 1425 2323 1495 ἐπῄνουν
2349 1423 2444 1476 καὶ
2473 1421 2806 1492 ἐθαύμαζον·
2835 1420 2938 1474 Καὶ
2976 1420 3028 1473 τί
3065 1420 3250 1495 πάθως
3279 1421 3412 1491 πρὸς
3436 1421 3562 1483 τοὺς
3585 1422 3759 1488 ἐγκα-

2091 1493 2315 1565 λοῦντας
2345 1502 2509 1572 ἔφης·
2538 1501 2741 1571 ἐτέρως
2769 1500 2876 1570 γάρ
2903 1500 3002 1552 οὐκ
3036 1493 3152 1551 οἶδα
3179 1499 3353 1567 φιλεῖν
3371 1539 3387 1562 ,
3410 1498 3522 1552 ἀλλ’
3553 1499 3586 1567 ἢ
3619 1500 3764 1570 μετά

2091 1579 2185 1633 τοῦ
2215 1581 2309 1632 καὶ
2329 1580 2428 1650 τὴν
2447 1579 2624 1648 ψυχὴν
2651 1577 2911 1631 ἐκδιδόναι
2939 1577 3038 1646 τὴν
3059 1576 3320 1646 ἐμαυτοῦ,
3347 1577 3509 1648 ἡνίκα
3543 1576 3609 1630 ἀν
3637 1595 3761 1630 τινα

2091 1657 2201 1710 τῶν
2232 1657 2555 1728 ἐπιτηδείων
2583 1653 2956 1710 κινδυνεύοντα
2978 1654 3242 1707 διασῶσαι
3268 1655 3386 1726 δέῃ,
3411 1656 3617 1726 ῥήμασι
3659 1656 3763 1726 μὲν

2093 1735 2322 1806 ἑτέροις,
2347 1735 2552 1805 διανοίᾳ.
2589 1733 2648 1787 65
2684 1736 2750 1802 τῇ
2790 1735 2932 1804 αὐτῇ
2965 1731 3041 1786 τὰ.
3062 1731 3156 1786 τοῦ
3183 1733 3417 1804 Χριστοῦ
3456 1733 3764 1802 φθεγγόμεο

2093 1830 2204 1878 νος,
2237 1813 2274 1866 ἀ
2320 1813 2457 1883 πρὸς
2488 1813 2614 1876 τοὺς
2642 1813 2888 1882 μαθητάς
2927 1811 3079 1880 ἔλεγε
3101 1851 3116 1876 ,
3155 1812 3255 1883 τῆς
3290 1813 3498 1876 τελείας
3539 1814 3761 1882 ἀγάπης

2092 1894 2218 1957 τοὺς
2243 1893 2402 1965 ὄρους
2429 1892 2616 1952 τιθείςο
2646 1891 2902 1956 Μείζονα
2926 1891 3036 1962 ¹γπάιρ
3058 1893 3278 1959 ταύτης
3301 1893 3546 1962 ἀγάπην
3563 1894 3763 1960 οὐδεὶς

2093 1974 2238 2042 ἕχει,
2260 1971 2444 2042 φησὶν,
2475 1971 2514 2040 ἢ
2537 1972 2639 2025 ἵνα
2658 1989 2748 2036 τις
2775 1969 2890 2036 τὴν
2917 1970 3130 2039 ψυχὴν
3152 1971 3340 2024 αὑτοῦ
3361 1971 3438 2039 θῇ
3460 1973 3611 2039 ὑπὲρ
3643 1972 3765 2024 τῶν

2093 2053 2289 2122 φίλων
2319 2049 2525 2105 αὑτοῦ.
2560 2051 2622 2103 Εἰ
2647 2050 2826 2103 τοίνυν
2872 2050 3092 2119 μείζονα
3116 2052 3319 2120 ταύτης
3347 2053 3447 2104 οὐκ
3473 2051 3623 2104 ἔστιν
3661 2053 3762 2104 εύ-

2096 2135 2232 2203 ρεῖν,
2264 2133 2358 2184 ἐπὶ
2395 2130 2457 2186 τὸ
2485 2129 2639 2193 τέλος
2669 2130 2844 2199 αὐτῆς
2876 2129 3140 2198 ἔφθασας,
3170 2129 3266 2183 καὶ
3288 2129 3355 2183 δι’
3392 2124 3468 2183 ὧν
3493 2130 3766 2202 ἔπραξας,

2093 2214 2190 2266 καὶ
2225 2203 2374 2264 δι’ὧν
2397 2208 2550 2272 εἶπες
2575 2210 2622 2272 ε,
2642 2208 2744 2277 τῆς
2764 2209 3008 2279 κορυφῆς
3028 2207 3232 2279 ἐπέϐης
3253 2208 3444 2278 αὐτῆς.
3477 2209 3577 2262 Διά
3605 2211 3766 2264 τοῦτό

2097 2307 2158 2343 σε
2181 2288 2598 2362 προύδώκαμεν,
2621 2287 2710 2340 διὰ
2729 2286 2888 2340 τοῦτο
2907 2286 2998 2340 τὸν
3017 2286 3167 2340 δόλον
3186 2286 3506 2359 ἐρράψαμεν
3531 2289 3761 2343 ἐκεῖνον.

2093 2363 2242 2439 τΔρά
2269 2385 2330 2421 σε
2359 2367 2618 2436 πείθομεν
2646 2365 2729 2418 ὃτι
2751 2364 2876 2417 οὐτε
2900 2365 2964 2417 ἐκ
2996 2365 3314 2430 κακονοίας,
3335 2365 3457 2418 οὔτε
3483 2368 3564 2429 είς
3590 2366 3768 2419 κίνδυ-

2095 2464 2184 2500 νον
2217 2446 2474 2517 ἐμϐαλεῖν
2517 2443 2850 2514 βουλόμενοι,
2893 2443 3028 2497 ἀλλά
3071 2446 3340 2514 χρήσιμον
3370 2444 3590 2498 ἔσεσθαι
3633 2447 3769 2499 εἰδό-

2095 2543 2207 2591 τες,
2241 2529 2321 2591 είς
2353 2526 2415 2580 τὸ
2438 2525 2651 2580 στάδιον
2673 2523 2926 2593 εῖλκομεν
2941 2521 3130 2587 τοῦτο;
3159 2525 3379 2579 ΒΑΣιΛ.
3414 2521 3546 2578 Εἶτα
3571 2526 3765 2596 ἀρκεῖν

2095 2607 2221 2670 οίει,
2255 2605 2412 2676 φησὶ,
2461 2605 2598 2675 πρὸς
2641 2603 2740 2673 τὴν
2777 2602 2885 2655 τῶν
2923 2602 3150 2672 πλησίον
3194 2602 3479 2671 διόρθωσιν
3520 2603 3623 2674 τὴν
3663 2606 3767 2675 τῆς

2096 2687 2317 2755 ἀγάπης
2343 2683 2603 2754 δύναμιν;
2636 2681 2970 2735 ΧΡΥΣΟΣΤ.
3003 2681 3252 2735 Μάλιστα
3283 2682 3380 2752 μὲν
3410 2681 3544 2734 πολὺ
3575 2683 3764 2753 μέρος,

2096 2765 2253 2836 ἔφην,
2279 2765 2414 2836 πρὸς
2457 2764 2616 2817 τοῦτο
2651 2759 3057 2831 συμϐάλλεσθαι
3097 2759 3301 2812 δύναιτ’
3333 2763 3431 2814 άν·
3460 2763 3509 2813 εί
3539 2760 3599 2814 65
3637 2762 3767 2832 βού-

2095 2843 2177 2896 λει
2206 2843 2300 2896 καὶ⁵
2327 2841 2428 2911 τῆς
2463 2842 2776 2912 φρονήσεως
2813 2839 2960 2908 ἡμᾶς
2988 2839 3085 2906 τῆς
3109 2842 3206 2906 σῆς
3245 2838 3510 2907 δείγματα
3543 2839 3765 2908 ἐξενεγ.

2095 2924 2232 2988 κεῖν,
2273 2920 2368 2974 καὶ
2415 2920 2508 2972 ἐπὶ
2532 2919 2734 2989 ταύτην
2759 2917 3110 2987 βαδιούμεθα,
3145 2917 3240 2971 καὶ
3264 2917 3510 2986 δείξομεν
3539 2923 3769 2973 συνετὸν

2097 3001 2230 3056 ὄντα
2270 2998 2524 3070 μᾶλλονῆ
2556 2996 2930 3066 φιλόστοργον.

2181 3077 2305 3131 Ἐπί
2322 3076 2530 3139 τούτοις
2545 3076 2572 3115 Ιι
2603 3075 2932 3145 ἐρυθριάσας
2953 3075 3160 3136 ἐκεῖνος
3185 3074 3277 3127 καὶ
3299 3075 3594 3146 φοινιχθεὶς
3619 3077 3638 3147 (
3660 3078 3771 3131 ΒΑ-

2097 3158 2299 3228 ΣΙΛ.),
2331 3157 2414 3209 Τά
2439 3155 2538 3226 μέν
2558 3155 2826 3224 ἡμέτερα,
2859 3153 3014 3222 φησὶ,
3047 3152 3324 3222 παρείσθω
3349 3152 3442 3206 νῦν
3462 3171 3476 3186 ο
3508 3155 3634 3208 οὐδέ
3658 3158 3773 3227 γάρ

2097 3236 2248 3307 παρά
2275 3235 2374 3306 τὴν
2403 3235 2578 3306 ἀρχήν
2605 3249 2664 3285 σε
2695 3233 2788 3284 τὸν
2817 3232 2956 3299 ὑπὲρ
2983 3229 3192 3283 τούτων
3218 3231 3375 3300 λόγον
3405 3232 3650 3304 ἀπῄτουν
3671 3252 3688 3266 ·
3721 3238 3773 3288 εί

2095 3316 2154 3370 δέ
2192 3332 2244 3368 τι
2280 3315 2418 3386 πρὸς
2455 3315 2580 3376 τοὺς
2609 3311 2809 3378 ἔξωθεν
2847 3311 3056 3363 δίκαιον
3089 3311 3236 3381 ἔχεις
3266 3313 3462 3375 εἰπεῖν,
3485 3313 3667 3383 ,ἡδέως
3704 3316 3775 3369 ἂν

2094 3395 2222 3458 τούς
2258 3394 2399 3464 ὑπὲρ
2435 3391 2638 3445 τούτων
2669 3389 2923 3458 ἀκούοιμι
2946 3387 3156 3456 λόγους.
3183 3390 3273 3442 Διὸ
3302 3389 3400 3461 τὴν
3430 3394 3777 3462 σκιαμαχίαν

2095 3472 2298 3543 ταύτην
2323 3471 2482 3542 ἀφεὶς
2500 3471 2640 3533 είπέ,
2662 3471 2714 3521 τί
2737 3468 2871 3538 πρὸς
2894 3469 3020 3530 τοὺς
3043 3467 3263 3531 λοιποὺς
3283 3469 3774 3541 ἀπολογησόμεθα,

2097 3568 2192 3606 και
2231 3553 2356 3616 τοὺς
2404 3549 2763 3620 τετιμηκότας
2795 3547 3042 3610 καὶτοὺς
3067 3548 3206 3616 ὑπὲρ
3247 3548 3472 3602 ἐκείνων
3509 3549 3586 3614 ὡς
3613 3553 3778 3622 ὑϐρι-

2099 3631 2309 3703 σμένων
2335 3628 2654 3698 ἀλγοῦντας.

2167 3712 2231 3778 ζ’.
2274 3711 2606 3766 ΧΡΥΣΟΣΤ.
2645 3711 2756 3764 Καὶ⁷
2790 3710 2952 3773 αὐτὸς
2985 3710 3198 3775 λοιπον,
3237 3710 3391 3782 ἔφην,
3427 3710 3566 3783 πρὸς
3608 3713 3777 3769 τοῦτο

2097 3793 2404 3862 ἐπείγομαι.
2450 3789 2663 3861 Ἐπειδὴ
2708 3790 2817 3860 γάρ
2844 3791 2874 3842 ό
2915 3789 3052 3862 πρὸς
3103 3792 3163 3842 σέ
3213 3807 3302 3860 μοι
3345 3791 3630 3862 διήνυσται
3679 3792 3775 3847 λό-

2095 3888 2211 3941 γος,
2251 3869 2484 3932 εὐκόλως
2524 3869 2617 3922 καὶ
2657 3869 2749 3921 ἐπὶ
2782 3868 2940 3921 τοῦτο
2976 3868 3242 3940 τρέψομαι
3266 3869 3366 3939 τῆς
3385 3870 3684 3937 ἀπολογίας
3712 3872 3774 3926 τὸ

2101 3949 2282 4020 μέρος.
2315 3947 2410 4009 Τίς
2441 3943 2534 4000 οὖν
2567 3949 2601 4018 ή
2626 3945 2828 4000 τούτων
2853 3947 3177 4018 κατηγορία,
3209 3949 3302 4000 καὶ
3319 3948 3441 4000 τίνα
3469 3947 3538 4000 τά
3565 3950 3776 4016 ἐγκλή-

2100 4044 2272 4099 ματα;
2309 4025 2594 4096 ’Υϐρίσθαι
2618 4026 2781 4095 φασὶν
2805 4029 2896 4095 ὑφ’
2921 4027 3098 4097 ήμῶν.
3124 4029 3217 4079 καὶ
3236 4026 3381 4080 δεινά
3411 4029 3769 4098 πεπονθέναι,

2100 4109 2181 4160 6::
2215 4105 2313 4176 τὴν
2350 4104 2545 4176 τιμὴν,
2596 4105 2664 4176 ήν
2709 4105 2936 4174 τιμῆσαι
2982 4105 3271 4176 ἠθέλησαν.
3305 4105 3404 4158 οὐκ
3435 4105 3769 4175 ἐδεξάμεθα.

2111 4183 2253 4254 Ἐγὼ
2293 4185 2352 4237 65
2400 4183 2614 4256 πρῶτον
2664 4183 2764 4254 μὲν
2804 4184 2979 4237 ἐκεῖνό
3031 4202 3202 4255 φημι.
3251 4185 3334 4237 ὄτι
3373 4184 3561 4238 οὐδένα
3607 4186 3771 4254 λόγον

2098 4265 2364 4318 ποιεῖσθαι
2416 4263 2498 4316 δεῖ
2538 4264 2635 4335 τῆς
2677 4264 2757 4327 είς
2810 4262 3130 4333 ἀνθρώπους
3194 4263 3435 4334 ὕϐρεως,
3490 4264 3622 4318 ὅταν
3679 4267 3771 4322 διὰ

2092 4345 2191 4412 τῆς
2236 4344 2314 4406 εἰς
2364 4342 2602 4406 ἐκείνους
2648 4341 2814 4414 τιμῆς
2857 4344 2898 4406 ί,
2933 4341 3369 4410 ἀναγκαζώμεθα
3400 4346 3771 4414 προσκρούειν

2094 4424 2230 4496 Θεῷ.
2278 4425 2411 4478 Οὐδὲ
2463 4425 2572 4496 γὰρ
2611 4427 2724 4487 τοῖς
2773 4424 3170 4492 ἀγανακτοῦσιν
3223 4426 3403 4488 αὐτοῖς
3445 4425 3506 4478 τὸ
3565 4427 3768 4496 δυσ-χε-

2097 4506 2298 4576 ραίνειν
2327 4505 2418 4558 ἐπὶ
2447 4504 2654 4566 τούτοις
2695 4503 2976 4559 ἀκίνδυνον
3007 4504 3170 4574 φαίην
3204 4505 3290 4568 ἂν,
3325 4504 3459 4558 ἀλλὰ
3489 4506 3586 4558 καὶ
3631 4509 3766 4560 πολ-

2093 4583 2192 4654 λὴν
2232 4583 2376 4654 ἔχειν
2410 4582 2507 4650 τὴν
2553 4582 2775 4652 ζημίαν.
2824 4585 2916 4634 Δεῖ
2959 4584 3100 4652 γὰρ,
3140 4579 3328 4652 οἶμαι,
3375 4585 3502 4646 τοὺς
3543 4585 3770 4638 ἀνακει-

2096 4663 2294 4734 μένους
2338 4661 2476 4731 Θεῷ,
2518 4661 2612 4714 καὶ
2661 4661 2797 4730 πρὸς
2841 4661 3002 4714 αὐτὸν
3047 4662 3340 4730 βλέποντας
3383 4663 3565 4731 μόνον,
3619 4663 3772 4717 οὕτω

2095 4743 2246 4814 [379]
2283 4743 2583 4796 διακεῖσθαι
2631 4741 2894 4806 εὐλαϐῶς,
2939 4742 3014 4806 ὡς
3067 4743 3200 4812 μηδέ
3245 4742 3403 4812 ὓϐριν
3450 4740 3511 4795 τὸ
3543 4744 3769 4798 τοιοῦτο

2093 4823 2362 4894 ἡγεῖσθαι,
2402 4822 2504 4876 κᾶν
2549 4820 2807 4892 μυριάκις
2854 4823 3183 4892 ἠτιμωμένο⁹
3232 4823 3570 4890 τυγχάνοιεν.
3634 4824 3767 4876 ’Ὀτι

2091 4903 2148 4955 δέ
2179 4903 2297 4956 ούδέ
2344 4901 2504 4972 μέχρι
2546 4901 2752 4963 ἐννοίας
2784 4901 3108 4971 τετόλμηται
3143 4918 3194 4954 τι
3232 4900 3473 4952 τοιοῦτον
3504 4901 3536 4970 ἦ
3569 4902 3768 4972 ἕτερον

2091 4982 2247 5051 ἐμοὶ,
2297 4981 2454 5050 δῆλον
2503 4979 2730 5033 ἐκεῖθεν.
2781 4979 2842 5031 Ei
2896 4978 2996 5049 μὲν
3045 4980 3152 5049 γὰρ
3201 4978 3428 5048 ἀπονοίᾳ
3475 4981 3570 5032 καὶ
3612 4981 3769 5048 φιλο-

2091 5061 2263 5132 δοξίᾳ,
2305 5063 2382 5124 ιὶις
2434 5059 2691 5124 πολλάκις
2745 5058 2879 5129 ἔφης
2915 5057 3067 5122 τινὰς
3107 5057 3434 5120 διαϐάλλειν,
3470 5059 3564 5110 ἐπὶ
3600 5061 3765 5113 τοῦτο

2155 5267 2178 5296 ⁸
2221 5265 2303 5314 Sic
2344 5266 2533 5326 aliquot
2573 5277 2688 5312 mss.
2736 5269 2789 5310 el
2822 5263 2931 5312 SaV.
2967 5263 3015 5311 in
3046 5275 3237 5326 _marg.,
3267 5275 3284 5307 ι
3311 5262 3443 5322 quod
3482 5261 3622 5323 vulg.
3659 5265 3765 5312 loc-

2093 5326 2229 5382 lioui.
2253 5334 2336 5385 τῆς
2363 5324 2606 5384 ἀληθείας,
2630 5326 2950 5386 ριάιιυιίηιιιε.
2983 5342 3006 5365 »ι
3045 5324 3177 5371 Em-r.

2155 5388 2174 5426 ί
2205 5383 2336 5446 Ηωέ,
2357 5390 2437 5437 καὶ
2456 5388 2611 5436 αὐτῶν
2629 5383 2724 5433 τῶν
2745 5385 2999 5447 εἰρημένων
3027 5401 3104 5431 σοι
3133 5383 3551 5446 μνημονεύσωμεν,
3577 5385 3762 5437 dosqu

2091 5451 2138 5498 in
2159 5452 2345 5510 aliquo:
2365 5464 2478 5498 mss.

2152 5513 2178 5550 Β
2205 5508 2354 5559 εέινὶι.
2375 5518 2422 5558 el
2445 5511 2631 5569 aliquo:
2654 5521 2769 5555 mss.
2799 5508 2946 5569 εἶπας.

2152 5570 2180 5610 h
2207 5573 2286 5619 διο
2307 5584 2479 5620 omnes
2507 5565 2609 5616 fiam
2634 5576 2813 5629 μνίου-τ
2836 5567 3007 5615 Morel.
3033 5565 3275 5630 quihabcl
3295 5566 3372 5614 ἐπὶ
3393 5567 3570 5630 τούτῳ.

2159 5633 2289 5680 iAlii
2329 5635 2407 5681 διὰ
2437 5638 2519 5689 τῆς
2565 5628 2753 5678 ἐκείνων
2777 5634 2940 5689 τιμῆς.
2978 5629 3098 5676 Infra
3141 5628 3335 5688 quidam
3379 5641 3492 5675 mss.
3528 5628 3684 5689 φαίην
3705 5628 3760 5673 ἀν

2103 5696 2352 5779 'om‘iliunl,
2387 5700 2439 5742 οι
2457 5688 2561 5741 mox
2592 5693 2771 5745 habt-ut
2792 5693 2901 5750 εχει.
2930 5688 3052 5737 Infra
3086 5689 3280 5751 quidam
3306 5690 3444 5750 ὕϐριν
3490 5688 3762 5752 τὸπράγμα

2091 5773 2317 5816 ηγειοναι.
