3890 6220
249 341 357 400 83⁸1

251 459 443 515 beatus
475 454 562 513 ille
593 453 788 511 Paulus
815 467 939 510 cum
968 451 1137 508 dixit:
1165 451 1377 521 Oportet
1405 460 1573 505 autem
1604 451 1749 505 illum
1787 460 1835 504 et

253 548 591 603 testimonium
616 547 797 601 habere
819 544 1005 599 bonum
1033 546 1093 597 ab
1114 545 1175 598 iis
1193 543 1279 614 qui
1306 542 1430 613 foris
1454 551 1572 596 sunt
1593 541 1670 611 (l.
1697 539 1839 595 Tim.

254 641 310 695 '5.
342 637 419 710 7),
450 652 785 709 nequaquam
812 637 947 691 tollit
971 642 1275 690 accuratum
1304 632 1691 702 probatumque
1715 645 1843 685 exao

259 747 405 797 men,
424 745 597 801 neque
618 738 674 784 ut
691 729 1012 799 praecipuum
1057 726 1172 798 ejus
1200 726 1527 798 probationis
1552 726 1759 795 signum
1790 724 1843 778 id

259 823 528 894 proponit.
557 822 768 877 Etenim
796 819 976 875 multis
1001 828 1156 873 antea
1176 817 1468 888 prtemissis
1498 816 1711 871 tandem
1739 815 1843 870 hoc

260 912 504 979 addidit,
543 919 604 967 ut
630 910 972 975 ostenderet,
1016 925 1123 964 non
1166 923 1318 963 suum
1352 916 1553 962 tantum
1580 906 1842 962 calculum

254 1002 505 1059 sufﬁcere
527 1000 595 1056 ad
623 1001 756 1055 tales
792 1000 1079 1055 electiones
1097 1040 1113 1065 ,
1143 997 1237 1053 sed
1261 1012 1382 1052 cum
1416 997 1535 1051 aliis
1561 1005 1843 1051 tameure-

254 1093 416 1164 quiri.
460 1091 616 1163 Saepe
643 1105 871 1162 namque
896 1089 1072 1145 evenit
1098 1096 1155 1144 ut
1181 1088 1322 1159 vulgi
1359 1087 1540 1156 opinio
1575 1086 1705 1141 falsa
1731 1086 1801 1141 sit
1825 1103 1839 1140 :

258 1192 531 1252 praeeunte
564 1192 742 1237 autem
771 1188 1019 1236 accurato
1047 1179 1292 1234 examine
1322 1178 1452 1232 nihil
1488 1186 1673 1247 postea
1704 1177 1845 1247 peri-

255 1272 363 1329 culi
391 1288 455 1328 ex
486 1287 547 1327 ea
577 1271 834 1341 suspicari
856 1271 981 1326 licet
1005 1270 1263 1339 :ideoque
1283 1268 1520 1339 postalia
1537 1277 1842 1323 exterorum

256 1364 417 1419 etiam
452 1363 810 1419 testimonium
837 1362 1080 1433 requirit.
1104 1360 1291 1431 Neque
1315 1361 1458 1415 enim
1488 1361 1659 1415 solum
1684 1359 1835 1426 dixit,

260 1454 470 1525 Oportet
508 1464 677 1510 autem
703 1453 851 1508 illuni
891 1462 939 1508 et
979 1453 1314 1509 testimonium
1342 1452 1524 1507 habere
1550 1452 1732 1506 bonum
1762 1452 1838 1523 (Ι.

257 1546 388 1601 Tim.
413 1547 468 1602 5.
494 1544 585 1616 7);
610 1545 705 1601 sed
724 1544 945 1611 addidit,
972 1544 1049 1599 Ab
1072 1544 1134 1598 iis
1158 1544 1243 1614 qui
1266 1543 1391 1613 foris
1417 1552 1559 1608 sunt,
1588 1552 1645 1597 ut
1670 1543 1839 1611 palam

257 1638 491 1704 faceret,
537 1648 844 1694 exterorum
872 1636 1110 1706 opinioni
1150 1643 1205 1689 et
1237 1634 1393 1690 fama:
1422 1635 1611 1704 praeire
1646 1634 1841 1689 debere

254 1732 562 1783 accuratum
596 1742 844 1783 examen.
884 1727 1145 1793 Quoniam
1183 1725 1341 1796 igitur
1367 1740 1467 1795 ego
1489 1740 1609 1796 qua:
1635 1734 1687 1780 te
1715 1740 1840 1795 spe-

252 1818 473 1874 ctabant
513 1818 629 1888 plus
662 1832 822 1889 quam
859 1826 1108 1887 parentes
1152 1816 1261 1883 tui,
1292 1825 1349 1871 ut
1374 1818 1489 1885 ipse
1514 1816 1717 1880 fateris,
1745 1830 1843 1870 no-

253 1923 438 1964 veram
462 1948 479 1972 ,
519 1908 641 1965 ideo
666 1908 857 1979 dignus
890 1922 1007 1962 sum
1038 1906 1128 1977 qui
1174 1906 1243 1961 ab
1268 1905 1412 1961 omni
1450 1906 1674 1962 crimine
1708 1905 1843 1961 liber

254 1999 516 2055 dimittar.
588 2066 595 2077 ι

326 2092 651 2149 BASILIUS.
675 2092 790 2148 Non
818 2091 939 2148 ideo
963 2090 1212 2163 ell'ugeris
1236 2133 1250 2157 ,
1296 2088 1498 2161 inquit,
1531 2090 1576 2146 si
1605 2100 1658 2145 te
1696 2090 1844 2159 quis-

256 2183 398 2252 piam
442 2197 696 2239 accusare
740 2183 887 2238 velit.
934 2185 1127 2237 Annon
1174 2182 1460 2237 meministi
1512 2191 1564 2236 te
1608 2197 1638 2235 a
1687 2181 1841 2236 nobis

254 2288 400 2344 saepe
428 2274 659 2339 audisse,
685 2283 843 2344 atque
861 2273 929 2329 ab
954 2273 1080 2342 ipsis
1101 2273 1350 2342 operibus
1376 2271 1657 2328 edidicisse
1682 2286 1841 2339 quam

254 2380 442 2434 parum
462 2367 706 2436 generosi
730 2366 828 2421 sim
850 2366 1052 2419 animi?
1083 2366 1271 2418 Annon
1294 2364 1424 2418 mihi
1449 2380 1592 2432 smpe
1614 2364 1839 2419 ridendo

254 2459 742 2528 pusillanimitatem
784 2457 1186 2527 exprobrabas,
1235 2455 1377 2526 quod
1428 2456 1514 2510 vel
1562 2455 1842 2512 levissimis

253 2550 399 2604 curis
420 2548 571 2604 facile
596 2548 890 2619 dejicerer?

322 2641 378 2697 5.
409 2640 519 2695 Nos
550 2649 753 2711 prapter
778 2640 1035 2693 caritatem
1064 2638 1116 2691 in
1149 2636 1405 2691 Christum
1438 2653 1544 2691 rem
1577 2636 1725 2690 istam
1749 2635 1838 2705 fu-

249 2732 401 2803 gisse.
430 2761 504 2771 —
530 2728 905 2785 CIIRYSOST.
933 2728 1147 2783 Memini
1176 2743 1307 2782 sane
1336 2742 1423 2782 me
1449 2741 1597 2796 saepe
1618 2726 1720 2781 hoc
1743 2728 1841 2782 abs

251 2832 307 2879 te
332 2822 739 2893 audire,neque
778 2822 984 2876 inficias
1008 2836 1095 2876 eo.
1126 2821 1238 2890 Ego
1266 2835 1395 2875 vero
1433 2820 1477 2873 si
1513 2819 1725 2889 quando
1753 2835 1841 2873 ea-

247 2912 493 2979 villabar,
528 2912 674 2983 joco,
706 2928 814 2967 non
871 2912 1034 2976 serio,
1076 2911 1133 2971 id,
1167 2910 1411 2980 agebam.
1443 2910 1693 2963 Attamen
1732 2924 1838 2963 non

247 3021 313 3062 ea
356 3005 425 3060 de
461 3020 522 3060 re
557 3019 701 3060 nunc
726 3003 1080 3067 contendam;
1123 3017 1256 3071 rogo
1289 3011 1339 3056 te
1378 3011 1557 3056 autem
1593 2999 1837 3055 eamdem

248 3097 379 3152 mihi
398 3106 620 3167 praestes
642 3096 1046 3166 ingenuitatem,
1070 3092 1158 3147 ubi
1182 3092 1438 3146 virtutum
1456 3100 1664 3145 tuarum
1689 3106 1839 3144 men-

249 3189 451 3244 tionem
482 3187 693 3241 faciam.
731 3185 944 3240 Etenim
980 3184 1025 3238 si
1062 3182 1275 3238 coneris
1315 3196 1417 3235 nos
1457 3179 1719 3235 mendacii
1746 3195 1837 3234 ar-

248 3295 443 3351 gnere,
487 3279 580 3335 tibi
621 3294 726 3334 non
767 3290 1070 3347 parcemus,
1106 3274 1200 3329 sed
1236 3272 1579 3328 ostendemus
1623 3280 1675 3326 te
1716 3287 1838 3326 mo-

244 3372 434 3427 destia:
458 3371 657 3440 potius,
677 3383 835 3439 quam
859 3366 1100 3422 veritatis
1115 3380 1273 3421 causa
1296 3363 1413 3418 haec
1435 3364 1594 3418 verba
1618 3362 1833 3429 fecisse,

244 3477 356 3517 non
384 3461 505 3517 aliis
536 3475 696 3531 quam
724 3458 902 3514 verbis
929 3466 984 3512 et
1019 3456 1173 3511 factis
1198 3456 1304 3511 tuis
1338 3455 1609 3524 usurpatis
1633 3454 1699 3509 ad
1721 3470 1835 3509 rem

245 3553 666 3615 conﬁrmandam
697 3551 940 3607 testibus.
985 3552 1163 3619 Atque
1194 3548 1422 3619 primum
1463 3548 1559 3603 abs
1598 3557 1650 3603 te
1684 3563 1835 3617 quae—

249 3659 374 3699 rere
402 3644 525 3698 volo
558 3660 573 3697 :
601 3642 825 3706 Nostin’,
855 3648 1050 3710 quanta
1090 3640 1162 3693 sit
1198 3638 1279 3693 vis
1310 3638 1593 3693 caritatis?
1623 3637 1833 3692 Etenim

244 3736 517 3802 Christus,
545 3734 726 3790 missis
755 3732 1010 3803 prodigiis
1040 3731 1309 3794 omnibus,
1340 3744 1460 3799 qua:
1486 3729 1555 3784 ab
1578 3728 1835 3797 apostolis

246 3828 456 3885 edenda
504 3835 679 3894 erant,
730 3825 796 3880 In
840 3827 964 3890 hoc,
1012 3823 1203 3894 inquit,
1248 3831 1545 3893 cognoscent
1586 3822 1832 3888 homines,

246 3922 369 3992 quia
390 3920 629 3991 discipuli
656 3920 752 3974 mei
777 3918 916 3983 estis,
939 3919 983 3973 si
1008 3916 1330 3970 dilectionem
1357 3914 1633 3969 habueritis
1651 3915 1720 3968 ad
1747 3916 1832 3968 in-

246 4013 404 4066 vicem
449 4010 627 4081 (Joan.
670 4011 762 4065 15.
815 4009 931 4079 35).
981 4007 1178 4062 Paulus
1223 4020 1351 4061 vero
1402 4006 1478 4059 ait
1522 4005 1665 4059 illam
1713 4019 1835 4061 esse

248 4104 382 4174 legis
409 4105 425 4137 ¹
451 4102 834 4174 plenitudinem
853 4142 869 4166 ,
908 4102 1025 4157 sine
1061 4114 1164 4170 qua
1192 4099 1511 4154 charismata
1551 4097 1679 4152 nihil
1709 4112 1837 4168 pro-

244 4204 372 4252 sunt
396 4194 573 4262 (Rom.
597 4194 687 4251 i3.
711 4192 825 4264 10).
851 4190 986 4247 Illud
1010 4205 1141 4246 sane
1161 4191 1414 4247 eximium
1435 4190 1656 4256 bonum,
1677 4188 1832 4243 disci-

246 4286 495 4357 pulorum
542 4283 740 4341 Christi
785 4284 1019 4354 signum,
1061 4281 1204 4352 quod
1248 4281 1377 4351 ipsis
1419 4278 1832 4335 charismatibus

245 4376 494 4447 superius
516 4383 620 4443 est,
650 4373 759 4430 vidi
784 4375 837 4429 in
866 4374 1048 4429 animo
1072 4382 1163 4428 tuo
1190 4386 1452 4443 generose
1476 4372 1713 4438 insitum,
1740 4386 1834 4428 co-

244 4467 564 4537 piosumque
589 4465 819 4521 fructum
856 4464 1126 4521 emittere.
1154 4463 1288 4518 Tum
1317 4462 1621 4521 BASILIUS
1659 4483 1673 4519 :
1707 4464 1831 4519 Mihi

246 4559 387 4615 hanc
423 4574 537 4615 rem
573 4571 915 4627 summopere
951 4572 1095 4612 cura:
1124 4570 1266 4619 esse,
1313 4556 1703 4627 maximamque
1742 4573 1831 4613 me

246 4648 663 4706 sollicitudinem
692 4647 745 4702 in
776 4646 879 4702 hoc
906 4645 1181 4718 implendo
1211 4654 1480 4717 praecepto
1509 4661 1709 4716 ponere
1749 4646 1830 4701 fa-

247 4752 366 4797 teor
395 4757 410 4797 :
439 4739 583 4811 quod
622 4748 801 4795 autem
842 4754 910 4794 ne
946 4737 1226 4793 dimidium
1267 4737 1479 4808 quidem
1524 4739 1641 4809 ejus
1679 4753 1830 4794 asse-

243 4842 441 4902 quutus
466 4830 567 4886 sim
588 4872 603 4896 ,
623 4837 678 4885 tu
699 4829 827 4884 mihi
854 4829 1005 4885 testis
1026 4828 1157 4893 eris,
1181 4828 1224 4883 si
1254 4844 1359 4882 non
1381 4827 1447 4883 ad
1466 4828 1711 4898 gratiam,
1734 4828 1828 4884 sed

245 4922 541 4979 secundum
568 4921 646 4976 rei
672 4922 952 4977 veritatem
991 4920 1135 4991 loqui
1166 4919 1417 4974 volueris.
1446 4918 1825 4975 CIIBYSOST.

247 5015 412 5087 Igitur
437 5014 504 5069 ad
531 5022 843 5085 argumenta
867 5028 953 5068 me
978 5020 1205 5076 vertam,
1228 5020 1281 5066 et
1304 5011 1447 5082 quod
1473 5013 1829 5068 comminatus

240 5122 362 5163 sum
386 5120 527 5161 nunc
549 5104 829 5175 praestabo,
864 5114 921 5158 ut
943 5103 1218 5158 ostendam
1247 5110 1298 5157 te
1328 5102 1641 5157 modestiam
1667 5118 1826 5173 quam

239 5199 523 5253 veritatem
554 5196 722 5267 magis
748 5210 959 5251 curare.
989 5195 1229 5265 Remque
1257 5194 1486 5250 narrabo
1526 5211 1695 5266 nuper
1730 5210 1825 5267 ge-

235 5303 407 5358 stam,
443 5305 511 5345 ne
543 5289 685 5358 quis,
724 5288 769 5343 si
813 5298 989 5343 vetera
1034 5302 1366 5353 recenseam,
1406 5289 1706 5357 suspicetur
1740 5304 1827 5347 me

240 5382 500 5450 temporis
540 5379 887 5435 diuturnitate
924 5380 1201 5433 veritatem
1249 5378 1541 5447 obtegere:
1585 5393 1705 5433 cum
1736 5393 1827 5434 ve-

244 5474 378 5527 ritas
417 5472 531 5541 ipsa
574 5486 679 5526 non
722 5470 992 5539 permittat
1019 5483 1117 5524 nos
1142 5468 1430 5540 quidquam
1456 5468 1713 5541 effingere
1742 5470 1825 5527 vel

235 5565 327 5631 iis,
357 5579 475 5634 quae
502 5562 567 5616 ad
591 5561 815 5633 gratiam
841 5560 1111 5616 dicuntur.

304 5735 323 5770 ί
360 5734 533 5799 Aliqui,
557 5733 675 5799 legis
696 5740 742 5786 et
764 5732 1121 5800 prophetarum.

1421 337 1509 395 DE
1545 333 1994 395 SACERDOTIO.
2036 336 2166 394 LIB.
2206 339 2270 395 ll.

3431 348 3537 405 638

2028 448 2082 503 6.
2123 447 2496 505 Demonstratio
2530 450 2725 507 virtutis
2763 452 2971 523 Basilii,
3010 464 3059 510 et
3092 456 3390 513 vehementis
3429 462 3538 529 ejus

1951 541 2196 595 caritatis.
2214 570 2281 580 —
2304 542 2436 597 Cum
2461 542 2604 598 enim
2633 544 2847 615 quidam
2871 562 2936 602 ex
2963 546 3312 604 familiaribus
3342 553 3539 605 nostris

1951 633 2286 688 contumeliae
2322 643 2377 689 et
2400 638 2716 705 arrogantia:
2744 652 2841 707 per
2874 640 3195 695 calumniam
3234 655 3537 711 accusatus,

1952 722 2005 777 in
2034 732 2275 779 extremo
2305 726 2542 794 periculo
2566 737 2744 783 esset:
2768 738 2895 785 tunc
2924 732 3135 786 nemine
3160 742 3211 787 te
3237 732 3537 800 incusante,

1950 826 2049 866 nec
2064 823 2285 882 rogante
2302 815 2391 868 illo
2407 815 2496 885 qui
2517 817 2928 885 periclitabatur,
2964 820 3015 874 in
3045 821 3279 877 medium
3314 832 3365 878 te
3393 827 3537 891 peri-

1952 902 2128 956 culum
2142 904 2437 973 conjecisti.
2460 907 2571 962 lloc
2597 915 2651 961 tu
2668 909 2863 963 factum
2880 910 3111 965 edidisti.
3128 911 3195 968 Ut
3212 923 3386 968 autem
3411 923 3462 967 te
3472 930 3539 969 ex

1949 991 2124 1048 verbis
2142 994 2247 1048 tuis
2266 1010 2571 1064 arguamus,
2592 998 2791 1067 tibique
2814 999 2925 1069 ipsa
2942 1001 3102 1055 verba
3120 1010 3206 1055 tua
3225 1003 3276 1057 in
3303 1014 3535 1058 mentem

1947 1098 2262 1140 revocemus
2286 1087 2303 1118 ί
2334 1103 2492 1143 :cnm
2540 1088 2675 1143 hanc
2707 1090 2868 1145 animi
2904 1093 2978 1147 tui
3012 1096 3423 1163 generositatem
3447 1096 3535 1149 alii

1949 1192 2054 1231 non
2083 1178 2464 1248 approbarent,
2496 1180 2586 1234 alii
2617 1181 2891 1236 laudarent
2914 1198 2977 1238 ac
3003 1185 3342 1251 mirarentur,
3373 1201 3536 1242 accu-

1947 1270 2213 1324 satoribus
2255 1271 2359 1326 tuis
2394 1270 2573 1326 dixisti
2621 1288 2634 1325 :
2683 1273 2884 1342 Ecquid
2925 1275 3117 1343 agam?
3161 1276 3317 1332 aliter
3354 1292 3537 1333 amare

1949 1374 2054 1413 non
2080 1359 2260 1424 didici,
2289 1361 2390 1416 nisi
2428 1371 2484 1416 ut
2521 1362 2683 1417 vitam
2710 1378 2884 1417 meam
2921 1380 3206 1435 exponam,
3235 1381 3356 1420 cum
3388 1367 3536 1436 peri-

1932 1450 2219 1507 clitantem
2266 1452 2495 1507 amicum
2544 1468 2760 1509 servare
2802 1469 2938 1524 opus
2981 1464 3064 1511 est
3104 1475 3118 1511 :
3160 1459 3279 1511 aliis
3321 1459 3536 1528 quidem

1931 1540 2144 1608 verbis,
2176 1542 2270 1597 sed
2297 1542 2486 1597 eodem
2515 1558 2697 1606 sensu,
2727 1544 2922 1601 Christi
2953 1545 3091 1600 dicta
3121 1547 3392 1615 loquutus,
3416 1551 3536 1618 qui-

1947 1630 2046 1686 bus
2068 1632 2156 1687 ille
2182 1631 2458 1702 discipulis
2486 1632 2737 1703 perfecta:
2761 1636 3283 1691 caritatis'terminos
3315 1639 3487 1706 posuit
3516 1656 3529 1695 :

1948 1736 2071 1777 nam
2099 1721 2348 1793 Majorem
2371 1724 2486 1787 hac,
2521 1725 2713 1795 inquit,
2735 1726 2995 1781 caritatem
3015 1743 3161 1781 nemo
3189 1728 3350 1793 habet,
3384 1746 3534 1800 quant

1946 1823 2003 1865 ut
2028 1813 2251 1867 animam
2276 1831 2422 1869 suam
2452 1815 2565 1882 quis
2593 1827 2750 1887 ponat
2778 1833 2868 1884 pro
2892 1818 3070 1871 amicis
3095 1820 3200 1873 suis
3228 1819 3410 1886 (Joan.
3444 1822 3532 1877 l5.

1948 1905 2059 1975 15).
2084 1904 2247 1975 Igitur
2273 1905 2319 1960 si
2344 1905 2515 1976 major
2542 1905 2640 1962 hac
2668 1906 2893 1963 inveniri
2920 1924 3025 1963 non
3051 1918 3247 1979 potest,
3275 1910 3341 1965 ad
3373 1913 3531 1967 finem

1946 1996 2063 2065 ejus
2088 1997 2398 2066 pervenisti,
2424 2012 2489 2052 ac
2513 1999 2676 2068 gestis
2707 1998 2966 2069 dictisque
2990 2000 3096 2055 tuis
3132 2002 3296 2071 ipsius
3321 2004 3531 2060 culmen

1945 2086 2185 2157 attigisti.
2224 2086 2348 2141 Ideo
2379 2096 2431 2142 te
2468 2088 2819 2157 prodidimus,
2857 2090 2979 2146 ideo
3008 2091 3188 2146 dolum
3216 2093 3532 2163 hujusmodi

1945 2178 2402 2233 concinnavimus.
2426 2178 2562 2233 Num
2591 2180 2685 2236 tibi
2713 2181 3171 2251 persuadebimus,
3198 2201 3295 2239 nos
3323 2198 3429 2241 non
3468 2203 3534 2243 ex

1946 2267 2317 2322 malevolentia
2338 2308 2353 2334 ,
2382 2283 2486 2323 non
2525 2277 2584 2323 ut
2612 2278 2664 2325 te
2705 2270 2758 2324 in
2797 2271 3089 2340 periculum
3123 2273 3531 2342 conjicercmus,

1946 2358 2040 2414 sed
2079 2359 2224 2429 quod
2270 2359 2322 2415 id
2362 2360 2490 2416 utile
2528 2360 2644 2417 fore
2681 2362 2959 2427 sciremus,
2993 2373 3045 2418 te
3080 2364 3130 2418 in
3163 2364 3265 2421 hoc
3302 2366 3531 2423 stadium

1949 2451 2309 2519 pertraxisse?
2336 2452 2662 2510 BASILIUS.
2693 2456 2773 2509 An
2796 2454 2863 2508 ad
2893 2456 3252 2525 proximorum
3280 2461 3532 2515 emcnda-

1947 2542 2148 2597 tionem
2178 2543 2284 2597 vim
2322 2543 2559 2599 caritatis
2592 2546 2723 2600 satis
2761 2560 2882 2601 esse
2923 2550 3115 2616 putas?
3149 2550 3530 2608 CllllYSOS’I‘.

1945 2630 2176 2689 Maxime
2203 2632 2416 2702 quidem
2442 2642 2498 2689 et
2525 2649 2716 2705 magna
2742 2651 2808 2690 ex
2835 2648 2984 2707 parte
3006 2638 3070 2693 ad
3102 2639 3153 2693 id
3178 2642 3423 2699 conferre
3444 2660 3532 2699 ea-

1945 2721 2074 2777 rilas
2103 2723 2292 2792 possit.
2323 2724 2475 2792 Quod
2511 2725 2559 2780 si
2596 2726 2726 2780 velis
2753 2735 2810 2781 ut
2845 2728 3137 2797 prudentia:
3178 2747 3389 2801 quoque
3429 2743 3532 2789 tua:

1944 2815 2233 2883 specimina
2273 2817 2635 2885 proferamus,
2667 2818 2731 2871 ad
2773 2818 2821 2872 id
2860 2835 3072 2890 quoque
3108 2838 3193 2877 me
3231 2824 3526 2892 conferam,

1944 2908 2331 2979 ostendamque
2361 2918 2412 2964 te
2441 2910 2611 2978 magis
2636 2910 2909 2980 prudentia
2940 2914 3136 2967 valere.

2016 2998 2098 3053 Ad
2134 2998 2249 3053 bare
2284 2998 2374 3053 ille
2415 2998 2619 3069 pudore
2657 3000 2957 3071 ruboreque
2991 3003 3211 3058 allectus
3239 3005 3528 3078 (BASIL),

1943 3090 2073 3156 Qua:
2126 3106 2233 3156 me,
2288 3092 2476 3162 inquit,
2529 3103 2771 3163 spectant
2817 3110 2960 3150 nunc
3006 3097 3166 3151 missa
3217 3098 3471 3155 faciamus
3512 3118 3527 3156 :

1943 3196 2119 3252 neque
2146 3182 2289 3237 enim
2327 3183 2396 3238 ab
2431 3183 2584 3238 initio
2621 3184 2809 3239 horum
2841 3186 2935 3240 abs
2966 3194 3018 3241 te
3059 3188 3317 3243 rationem
3347 3191 3529 3262 exige-

1943 3274 2087 3328 bam.
2112 3273 2166 3329 Si
2209 3274 2335 3344 quid
2376 3290 2535 3344 porro
2566 3275 2731 3331 habes
2770 3278 2911 3347 quod
2948 3278 3146 3332 exteris
3177 3291 3530 3350 congruenter

1941 3377 2214 3434 opponere
2239 3364 2434 3434 possis,
2459 3364 2511 3420 id
2538 3380 2668 3421 vero
2693 3366 2919 3422 libenter
2936 3367 3168 3422 audiam.
3197 3370 3529 3441 Quapropter

1942 3456 2105 3511 missa
2140 3458 2238 3512 hac
2277 3456 2549 3513 umbratili
2578 3473 2748 3529 pugna
2771 3501 2786 3525 ,
2815 3458 2902 3513 die
2942 3474 3101 3529 quam
3133 3463 3529 3519 excusationem

1941 3547 2153 3603 caeteris
2177 3547 2483 3615 alferemus,
2513 3550 2719 3605 scilicet
2752 3550 2816 3604 iis
2850 3552 2939 3620 qui
2974 3567 3073 3607 nos
3107 3551 3311 3608 honore
3334 3553 3530 3609 affece-

1942 3648 2086 3704 runt,
2135 3655 2339 3694 necnon
2381 3640 2501 3695 aliis
2537 3641 2625 3710 qui
2668 3640 2878 3696 illorum
2917 3651 3185 3713 tamquam
3222 3645 3412 3714 injuria
3447 3646 3530 3702 af-

1941 3729 2201 3784 fectorum
2234 3730 2404 3786 vicem
2431 3730 2640 3786 dolent.

2011 3821 2066 3876 7.
2108 3820 2258 3887 Quod
2293 3837 2395 3875 non
2428 3821 2481 3875 in
2513 3822 2868 3876 contumeliam
2903 3838 3093 3890 eorum,
3123 3825 3210 3895 qui
3246 3843 3337 3880 nos
3369 3827 3530 3898 elege—

1940 3919 2078 3977 rant,
2100 3911 2469 3965 ordinationem
2497 3911 2842 3983 e/fugerimus.
2861 3944 2933 3953 —
2958 3914 3336 3972 CHRYSOST.
3366 3918 3530 3988 Equi-

1940 4000 2063 4056 dem
2108 4000 2175 4054 ad
2218 4000 2293 4068 id,
2338 4002 2575 4071 inquam,
2619 4001 2730 4070 jam
2781 4017 3043 4073 propero;
3093 4007 3525 4077 quandoquidem

1941 4094 2083 4149 enim
2114 4092 2338 4147 rationis
2364 4092 2505 4163 apud
2542 4102 2594 4147 te
2622 4092 2908 4148 reddenda;
2946 4094 3104 4150 finem
3143 4098 3264 4164 feci,
3295 4098 3362 4152 ad
3392 4099 3528 4155 hanc

1939 4184 2198 4255 apologis:
2233 4193 2438 4253 partem
2486 4183 2638 4239 facile
2679 4200 2766 4239 me
2803 4195 3029 4240 vertam.
3066 4187 3320 4253 Quaenam
3368 4190 3526 4261 igitur

1941 4274 2130 4331 horum
2154 4274 2441 4340 accusatio,
2462 4290 2581 4345 qua:
2600 4275 2825 4330 crimina
2842 4276 2866 4330 ?
2885 4276 2956 4332 Se
2974 4279 3290 4334 contumelia
3308 4278 3527 4336 affectos

1939 4373 1995 4419 et
2027 4365 2208 4435 gravia
2248 4379 2432 4435 passos
2458 4374 2771 4435 queruntur,
2808 4368 2930 4437 quia
2972 4367 3251 4436 honorem,
3289 4386 3396 4441 quo
3428 4388 3525 4428 nos

1939 4471 2134 4512 ornare
2161 4455 2428 4521 volebant,
2475 4472 2581 4511 non
2620 4457 2942 4527 accepimus.
2975 4458 3089 4529 Ego
3128 4475 3256 4515 vero
3294 4462 3523 4531 primum

1938 4548 2135 4614 dicam,
2165 4563 2262 4603 nos
2291 4547 2357 4604 de
2382 4549 2721 4605 contumeliis
2750 4549 3051 4607 hominibus
3080 4552 3239 4608 illatis
3266 4555 3396 4608 nihil
3426 4572 3523 4611 cn-

1940 4657 2061 4697 rare
2080 4642 2300 4708 debere,
2326 4658 2446 4697 cum
2476 4658 2571 4712 per
2597 4644 2675 4699 eis
2706 4644 2908 4699 illatum
2935 4645 3193 4700 honorem
3221 4648 3272 4700 in
3314 4647 3407 4702 Dei
3447 4650 3524 4701 of-

1941 4733 2234 4788 fensionem
2276 4734 2553 4789 incurrere
2581 4734 2843 4805 cogimur.
2873 4734 3056 4806 Neque
3094 4738 3235 4792 enim
3276 4749 3402 4808 puto
3433 4754 3524 4794 eos

1941 4825 2086 4895 ipsos
2115 4824 2205 4895 qui
2234 4825 2597 4895 indignantur,
2629 4840 2750 4880 cum
2787 4841 2904 4881 eam
2940 4842 3052 4882 rem
3075 4828 3299 4883 moleste
3326 4828 3520 4895 ferunt,

1940 4915 2181 4985 periculo
2206 4931 2414 4983 vacare,
2444 4915 2555 4969 imo
2587 4931 2836 4985 magnum
2870 4918 3112 4987 accipere
3144 4919 3522 4976 detrimentmn

1940 5008 2189 5064 dixerim.
2221 5008 2343 5062 Illos
2362 5008 2580 5079 quippe,
2604 5008 2694 5079 qui
2726 5009 2835 5063 Deo
2863 5010 3058 5065 addicti
3083 5022 3226 5079 sunt,
3259 5023 3313 5069 ct
3347 5014 3412 5069 ad
3441 5015 3525 5084 ip-

1939 5114 2056 5152 sum
2096 5099 2266 5152 solmn
2312 5100 2623 5168 respiciunt,
2665 5098 2735 5153 ita
2779 5100 2862 5169 pie
2903 5102 3122 5157 allectos
3165 5120 3286 5160 esse
3329 5105 3525 5161 debere

1939 5206 2153 5255 censeo,
2188 5200 2244 5245 ut
2288 5191 2339 5245 id
2373 5206 2477 5246 non
2522 5206 2619 5262 pro
2656 5194 2984 5249 contumelia
3025 5195 3275 5262 habeant,
3315 5199 3523 5253 etiamsi

1938 5282 2241 5339 sexcenties
2268 5286 2343 5337 sic
2371 5282 2780 5341 inhonorentur.
2812 5285 2963 5353 Quod
2993 5302 3122 5342 vero
3150 5290 3338 5344 similis
3364 5305 3525 5345 ausus

1937 5388 2007 5428 ne
2047 5374 2099 5428 in
2152 5384 2386 5429 mentem
2423 5375 2635 5445 quidem
2679 5377 2806 5431 Inibi
2849 5394 3096 5449 umquam
3129 5381 3355 5444 venerit,
3403 5380 3524 5437 hinc

1938 5464 2194 5535 liquidum
2221 5467 2341 5519 erit.
2372 5465 2504 5520 Nam
2526 5468 2569 5521 si
2600 5468 2733 5522 fastu
2763 5468 2843 5523 vel
2866 5485 3015 5523 vanu:
3040 5470 3223 5541 gloria!
3251 5472 3517 5540 cupidine,

1940 5566 2000 5613 ut
2024 5573 2169 5627 swpe
2207 5557 2386 5613 dixisti
2415 5561 2697 5615 nonnullos
2716 5561 3053 5629 calumniari,
3081 5563 3146 5618 ad
3187 5563 3238 5619 id
3264 5563 3522 5620 deductus

1986 5674 2016 5744 ,ί
2052 5680 2178 5744 uage,
2222 5672 2398 5744 tibique
2427 5671 2544 5744 ipsa
2582 5673 2725 5725 verba
2777 5674 2827 5727 in
2881 5682 3083 5727 mentem
3132 5691 3437 5741 revocantis,
3474 5680 3521 5729 in

1937 5731 2117 5800 aliquot
2140 5743 2244 5785 Mss.
2264 5736 2457 5784 desunt.
