3890 6220
394 312 516 375 .639
1132 315 1190 373 S.
1229 314 1508 374 JOANNIS
1540 309 2015 372 CIIRYSOSTOII
2055 311 2372 371 ARCIIIEP.
2408 311 2945 371 CONSTANTINOP.

413 441 568 498 sum,‘
588 437 649 489 ut
671 427 1074 488 accusatoribus
1100 427 1413 500 adstipuier,
1443 426 1730 482 maximam
1757 440 1891 482 sane
1916 425 2000 480 in-

408 521 608 593 iuriam
629 520 922 589 intuier‘im,
949 520 1040 591 qui
1060 518 1403 575 admirandos
1432 527 1485 574 et
1509 518 1831 589 conspicuos
1859 517 1996 582 illos,

411 612 682 682 etiamque
723 611 853 667 mihi
902 608 1170 666 beneﬁcos
1211 608 1645 679 contempserim.
1696 607 1906 663 Etenim
1957 605 2006 662 si

416 703 550 759 nihil
591 702 846 759 laedentes
875 700 1069 771 injuria
1105 701 1321 757 allicere
1346 700 1607 772 supplicio
1642 698 1859 771 dignum
1899 706 2000 765 est,

411 800 620 862 quanto
664 792 720 847 in
760 790 968 847 honore
1008 799 1134 846 sunt
1187 790 1416 847 habendi
1470 789 1568 856 illi,
1605 789 1698 861 qui
1747 789 2005 847 honorem

417 880 572 937 nobis
608 880 750 936 ultro
795 880 1039 936 conferre
1073 879 1259 936 volunt
1283 881 1338 935 ιτ
1390 877 1576 951 Neque
1628 879 1771 935 enim
1825 878 2006 935 dicere

411 973 537 1043 quis
564 972 754 1043 possit,
785 972 928 1042 ipsos
953 974 1037 1028 vel
1080 986 1245 1043 parvo
1267 972 1356 1027 vel
1396 986 1589 1042 magno
1622 971 1884 1026 beneﬂcio
1920 969 2006 1026 af-

424 1063 596 1121 l'ectos
622 1063 794 1120 vicem
824 1063 1118 1134 rependere
1146 1062 1404 1119 voluisse.
1435 1062 1647 1130 Quanto
1684 1062 1845 1132 igitur
1882 1076 2012 1131 sup-

416 1154 578 1224 plicio
600 1153 794 1226 dignus
813 1164 959 1212 esset
983 1154 1076 1226 qui
1095 1154 1317 1212 adversa
1338 1154 1696 1225 rependeret‘i
1717 1154 1810 1211 Sin
1830 1162 2007 1210 autem

419 1244 473 1302 id
500 1260 570 1305 ne
592 1246 943 1317 cogitavimus
968 1246 1206 1317 quidem,
1234 1246 1327 1302 sed
1353 1247 1463 1302 alio
1496 1247 1655 1318 longe
1686 1246 1911 1303 consilio
1938 1245 2009 1302 ab

419 1351 584 1394 onere
606 1336 994 1395 declinavimus
1019 1355 1032 1392 :
1059 1353 1314 1409 quorsum
1336 1338 1477 1404 illos,
1498 1336 1694 1408 quibus
1716 1337 1761 1392 si
1785 1352 1891 1392 non
1912 1350 2009 1407 ap-

420 1429 813 1499 probationem,
844 1430 1034 1485 saltem
1063 1429 1274 1486 veniam
1302 1430 1430 1485 dare
1455 1428 1794 1495 debuissent,
1815 1428 2005 1484 crimi-

402 1528 640 1588 nantur,
671 1520 814 1591 quod
841 1521 1036 1576 animm
1071 1522 1470 1592 pepercerimus
1511 1522 1748 1577 nosth
1774 1520 2009 1577 Tantum

406 1609 562 1667 enim
581 1609 733 1666 abest
750 1620 810 1666 ut
833 1611 961 1682 ipsis
980 1612 1354 1668 contumeliam
1382 1613 1748 1684 irrogaverim,
1767 1623 1824 1668 ut
1847 1614 2008 1670 etiam

419 1703 719 1759 recusando
760 1703 907 1774 ipsos
944 1704 1148 1761 honore
1179 1705 1421 1770 affecisse
1460 1721 1547 1761 me
1584 1715 1785 1777 putem.
1825 1707 2011 1779 Neque

417 1807 549 1851 vero
585 1792 913 1865 paradeum
940 1802 1042 1850 ‘me
1077 1795 1278 1852 dixisse
1308 1795 1611 1866 putaveris;
1642 1797 1839 1853 etenim
1883 1812 2009 1854 mox

420 1885 582 1956 hujus
604 1888 1015 1958 explicationem
1044 1890 1335 1959 proteram.
1838 1888 1839 1891 “
1926 1888 1933 1889 ί

492 1977 549 2033 8.
578 1976 729 2045 Quod
755 1979 910 2032 etiam
944 1980 1185 2051 fugiendo
1210 1979 1329 2035 illos
1354 1980 1780 2050 aeituperatioue
1811 1982 2008 2037 erueri-

419 2084 549 2124 mus.
574 2098 648 2110 —-
672 2069 820 2126 Tunc
853 2070 1033 2135 enim,
1065 2070 1111 2126 si
1141 2069 1326 2126 minus
1353 2078 1563 2139 omnes,
1590 2069 1781 2128 saltem
1818 2073 1883 2138 li;
1916 2074 2008 2144 qui

418 2156 716 2217 maledictis
756 2158 1107 2227 delectantur,
1143 2160 1309 2219 multa
1346 2175 1469 2217 cum
1508 2161 1577 2217 de
1611 2176 1700 2218 me
1735 2161 2002 2231 ordinato,

421 2257 534 2304 tum
573 2248 645 2305 de
681 2250 748 2305 iis
787 2251 878 2321 qui
916 2265 1005 2306 me
1041 2251 1335 2322 elegerant,
1376 2251 1636 2323 suspicari
1674 2253 2007 2324 potuissent;

419 2339 568 2396 verbi
592 2340 782 2411 gratia,
810 2340 953 2412 quod
978 2341 1045 2397 ad
1068 2341 1283 2398 divitias
1304 2340 1658 2413 respicerent,
1684 2338 1826 2414 quod
1846 2341 2013 2415 gene-

408 2432 501 2489 .ris
543 2432 882 2501 splendorem
929 2433 1269 2503 mirarentur,
1310 2433 1452 2506 quod
1489 2434 1794 2491 adulatione
1827 2444 2010 2492 nostra

423 2522 552 2577 moti
590 2521 658 2581 ad
693 2520 745 2577 id
783 2535 880 2577 nos
913 2523 1249 2591 cooptarint;
1286 2522 1416 2595 quin
1444 2523 1609 2580 etiam
1649 2524 1874 2595 pecunia
1912 2525 2009 2581 ad-

406 2612 610 2671 .duetos
639 2611 691 2667 id
716 2613 894 2683 egisse
932 2614 1114 2669 nescio
1151 2630 1219 2670 an
1240 2614 1419 2673 dicam
1448 2615 1682 2687 aliquem
1710 2610 2010 2688 suspicatu-

421 2718 539 2758 rum
582 2702 763 2759 fuisse.
804 2701 1048 2759 Christus
1084 2704 1322 2774 quidem,
1364 2705 1646 2773 dixissent,
1693 2707 2009 2778 piscatores,

423 2794 885 2850 tabernaculorum
912 2794 1133 2865 opiﬁces
1169 2804 1227 2851 et
1261 2797 1573 2867 publicanos
1611 2797 1678 2855 ad
1707 2798 2011 2869 huiusmodi

420 2887 785 2957 magistratum
817 2890 1025 2944 vocavit
1053 2888 1267 2960 (Matth.
1305 2893 1355 2948 4.
1391 2890 1482 2964 i9)
1512 2909 1526 2946 :
1560 2891 1614 2946 hi
1639 2907 1759 2961 eos,
1787 2894 1879 2964 qui
1907 2894 2011 2951 sibi

419 2978 726 3050 quotidiano
763 2996 926 3051 opere
962 2983 1157 3043 victum
1197 2992 1400 3053 parant,
1440 2995 1701 3056 respuunt
1723 2986 1874 3059 '(Act.
1909 2987 1999 3044 l8.

420 3070 508 3142 5);
538 3070 583 3127 si
608 3071 727 3142 quis
752 3080 928 3128 autem
955 3082 1265 3130 exterorum
1290 3074 1462 3134 literis
1484 3086 1704 3147 cperam
1727 3076 1841 3144 det,
1865 3078 2006 3133 otio-

414 3178 583 3234 seque
619 3163 781 3229 vivat,
824 3164 967 3221 hunc
991 3166 1289 3236 approbant
1312 3175 1368 3222 et
1406 3165 1738 3223 admirantur
1773 3167 1923 3240 (Luc.
1954 3169 2010 3225 5.

415 3257 533 3323 27).
561 3256 692 3313 Nam
730 3272 830 3313 cur
869 3257 1083 3314 tandem
1111 3259 1348 3330 eos,-qui
1394 3259 1462 3314 in'
1485 3260 1742 3316 Ecclesia:
1785 3262 2011 3331 negotiis

418 3349 564 3404 inille
599 3348 826 3406 smiures
867 3348 1225 3419 pertulerant,
1255 3346 1723 3420 contempserunt,
1755 3366 2008 3421 cumque,

416 3440 509 3510 qui
541 3440 640 3495 hos
669 3455 957 3510 numquam
987 3452 1243 3512 expertus
1273 3442 1482 3498 labores
1513 3452 1675 3498 totam
1706 3452 1918 3499 aetatem
1955 3445 2009 3499 in

416 3662 431 3667 -
481 3637 497 3667 ι
533 3642 660 3692 nazc,
683 3635 877 3697 quando
895 3633 1138 3686 inhonora
1161 3642 1269 3686 sunt
1284 3634 1512 3696 habendi,
1530 3636 1712 3688 desunt
1736 3639 1784 3686 in
1808 3640 2016 3690 maxima

419 3698 854 3759 manuscriptorum
867 3705 1019 3760 parte,
1040 3698 1130 3747 sed
1153 3698 1394 3749 habentur
1418 3700 1467 3748 in
1481 3698 1645 3749 titoreL
1673 3707 1725 3751 et
1745 3700 1889 3751 savii.

3578 315 3705 374 τω

2108 427 2260 483 vanis
2285 435 2591 484 exterorum
2615 424 2911 497 disciplinis
2927 426 3270 495 oontriverat,
3295 426 3475 486 statim
3493 431 3549 486 in
3568 441 3694 487 tau-

2109 524 2223 572 tum
2253 517 2510 573 honorem
2532 517 2877 587 pertraxere?
2902 516 3029 574 Haec
3046 526 3103 575 et
3123 519 3314 575 similia
3341 520 3521 578 dicere
3546 534 3702 593 pote-

2109 619 2249 676 rant,
2269 609 2314 664 si
2336 608 2474 664 hane
2491 608 2803 680 dignitatem
2822 610 3168 679 accepissem.
3187 609 3337 673 Nune
3355 628 3483 668 vero
3504 627 3694 677 secus:

2109 698 2286 755 omnis
2314 700 2458 755 enim
2484 699 2588 756 illis
2611 699 2964 759 maledicendi
2989 702 3201 757 occasio
3228 710 3433 759 resecta
3460 711 3561 768 est,
3597 719 3702 759 nec

2090 789 2242 844 mihi
2278 789 2664 856 adulationem,
2706 804 2806 845 nec
2846 789 2953 845 illis
2989 801 3209 861 accepta
3250 807 3469 850 munera
3496 810 3702 864 expro-

2112 878 2271 935 brare
2296 888 2541 950 possunt,
2586 879 2689 936 nisi
2732 880 2967 939 tortassc
2993 881 3121 947 sint,
3151 882 3243 954 qui
3282 884 3421 940 ultro
3460 886 3703 943 imauire

2111 970 2295 1026 velint.
2317 969 2437 1039 Quo
2463 981 2618 1041 pacto
2652 971 2796 1026 enim
2824 970 3132 1027 adulatione
3164 981 3220 1029 et
3256 973 3537 1046 largitione
3563 992 3705 1033 usus

2093 1061 2372 1132 quispiam
2396 1061 2465 1117 ad
2503 1061 2762 1118 honorem
2784 1061 3223 1133 adipiscendum,
3249 1080 3376 1122 mox
3405 1065 3701 1138 adepturus

2111 1169 2257 1223 eum,
2282 1154 2401 1208 aliis
2435 1153 2738 1225 relinquat!
2789 1153 3017 1211 Perinde
3051 1155 3196 1211 enim
3224 1155 3351 1212 illud
3392 1166 3536 1213 esset
3559 1172 3629 1214 ac
3654 1158 3706 1214 si

2111 1245 2234 1315 quis
2250 1252 2370 1315 post
2389 1243 2626 1301 inllnitos
2644 1245 2697 1300 in
2713 1244 3004 1302 excolenda
3026 1253 3165 1301 terra
3183 1246 3413 1313 labores,
3432 1258 3491 1304 ut
3504 1248 3705 1305 uberes

2113 1332 2317 1390 fructus
2357 1344 2674 1406 segetesque
2710 1334 3003 1406 colligeret,
3031 1344 3090 1392 et
3125 1336 3249 1392 vino
3288 1338 3565 1394 toreularia
3606 1355 3701 1395 rc-

2100 1423 2435 1492 .dundarent,
2463 1434 2585 1496 post
2607 1426 2752 1483 mille
2771 1427 2996 1483 sudores
3020 1436 3078 1483 et
3099 1428 3321 1484 multam
3348 1431 3699 1500 pecuniarum

2113 1530 2424 1587 expensam,
2466 1520 2589 1572 cum
2636 1517 2827 1574 messis
2875 1519 2932 1574 et
2965 1517 3252 1575 vindemiae
3289 1520 3511 1591 tempus
3538 1521 3707 1578 adve-

2095 1608 2275 1677 niret,
2323 1608 2443 1664 aliis
2493 1607 2764 1665 fructuum
2815 1618 3135 1680 proventum
3187 1610 3443 1666 traderet.
3490 1612 3699 1678 Videu’,

2110 1698 2324 1761 etiamsi
2348 1715 2468 1771 quae
2491 1708 2622 1761 tunc
2639 1701 2976 1772 iactabantur
3001 1703 3233 1773 procula
3256 1704 3477 1759 veritate
3494 1714 3704 1770 essent,

2114 1805 2360 1861 magnam
2409 1791 2768 1849 calumniandi
2820 1807 3006 1848 ansam
3047 1792 3329 1855 habituros
3367 1794 3707 1852 adversarios

2094 1882 2299 1953 fuisse,
2337 1883 2481 1955 quod
2519 1885 2724 1943 scilicet
2766 1901 2876 1944 non
2913 1895 3064 1942 recto
3096 1885 3533 1957 judicio‘electio
3559 1887 3704 1943 facta

2114 1973 2323 2030 luisset.
2355 1974 2506 2032 Nunc
2532 1986 2711 2033 autem
2738 1992 2806 2031 ne
2835 1975 3044 2033 hiscere
3069 1976 3286 2047 quidem
3309 1977 3391 2033 vel
3412 1992 3473 2034 os
3492 1979 3705 2049 aperire

2115 2080 2235 2122 mea
2274 2070 2438 2136 opera
2484 2066 2727 2138 possunt.
2758 2068 2841 2123 'Et
2879 2066 2993 2123 hinc
3031 2066 3251 2139 quidem
3294 2066 3569 2140 multoque
3619 2071 3705 2127 his

2098 2156 2266 2226 plura
2305 2157 2457 2215 initio
2488 2157 2767 2215 dixissent.
2806 2158 3095 2230 Postquam
3134 2171 3314 2218 autem
3349 2161 3703 2219 ministerium

2112 2247 2496 2320 attigissemus,
2525 2265 2829 2322 numquam.
2852 2251 3211 2322 potuissemus
3245 2250 3580 2323 quotidiaaas
3606 2267 3704 2309 ac-

2112 2349 2416 2399 cusatorum
2443 2342 2742 2398 calumnias
2760 2341 3026 2411 refellere,
3055 2344 3262 2400 etiamsi
3292 2345 3560 2418 inculpata
3580 2361 3705 2401 om-

2106 2430 2200 2487 nia
2221 2432 2518 2504 egissemus
2542 2449 2567 2487 :.
2580 2448 2649 2488 ne
2668 2432 2840 2495 dicam
2870 2448 2968 2490 nos
2989 2434 3088 2493 hac
3113 2444 3272 2491 aetate
3292 2450 3577 2507 rerumque
3598 2436 3706 2492 im-

2115 2524 2304 2593 peritia
2351 2523 2405 2579 in
2446 2524 2627 2579 multis
2672 2526 2981 2581 necessario
3020 2526 3363 2584 aberraturos
3408 2527 3592 2584 fuisse.
3636 2531 3708 2584 At

2114 2628 2257 2670 nunc
2284 2614 2797 2671 illis'criininationis
2818 2615 3122 2687 huiusmodi
3140 2622 3477 2676 occasionem
3505 2629 3696 2674 sustu-

2114 2703 2304 2760 limus:
2331 2711 2458 2762 tunc
2496 2715 2677 2762 autem
2724 2707 2934 2777 probris
2957 2723 3053 2765 eos
3101 2709 3395 2767 innumeris
3436 2711 3709 2768 obnoxios

2115 2794 2545 2856 reddidissemus.
2564 2796 2695 2865 Quis
2704 2797 2848 2853 enim
2861 2813 2966 2854 non
2986 2796 3226 2856 dicturus
3236 2809 3353 2857 erat
3373 2819 3388 2856 :
3406 2800 3512 2856 Res
3528 2811 3709 2860 tantas

2117 2896 2334 2960 tamque
2381 2888 2723 2945 admirandas
2775 2891 2957 2961 pueris
3000 2892 3369 2963 insipientibus
3413 2893 3705 2949 commisc-

2113 2991 2261 3047 runt,
2289 2981 2383 3037 Dei
2402 2996 2617 3054 gregem
2644 2978 3145 3053 pessumdederunt,
3168 2999 3255 3040 res
3275 2984 3706 3040 Christianorum

2110 3073 2223 3144 iam
2264 3072 2396 3129 risui
2432 3088 2497 3129 ac
2536 3072 2762 3130 ludibrio
2804 3077 3062 3145 exposite
3097 3076 3261 3131 sunt?
3291 3077 3360 3131 At
3404 3091 3533 3132 vero
3559 3090 3709 3133 nunc

2120 3164 2300 3221 Omnis
2325 3165 2563 3236 iniquitas
2586 3165 2832 3238 oppilabit
2857 3182 2914 3221 os
2940 3182 3088 3222 suum
3118 3165 3288 3237 (Prol.
3329 3167 3452 3223 106.
3482 3166 3603 3236 Β).
3646 3167 3708 3223 Si

2118 3257 2263 3314 enim
2292 3257 2366 3313 tui
2392 3271 2553 3313 causa
2579 3257 2678 3313 ista
2701 3252 3039 3329 protulerint,
3070 3259 3249 3314 statim
3274 3260 3394 3315 illos
3416 3274 3483 3315 ex
3502 3259 3623 3330 ipsa
3646 3276 3711 3317 re

2113 3349 2356 3416 docebis,
2379 3364 2487 3405 non
2507 3359 2757 3420 oportere
2777 3349 3113 3420 prudentiam
3135 3352 3292 3406 reme
3306 3350 3503 3416 metiri,
3528 3360 3709 3421 neque

2111 3456 2305 3497 senem
2332 3456 2402 3497 ex
2421 3443 2617 3498 canitie
2644 3440 2926 3513 probatum
2960 3442 3176 3507 habere,
3201 3458 3373 3512 neque
3395 3443 3655 3512 juvenem
3675 3454 3708 3497 a

2122 3533 2212 3588 tali
2243 3532 2539 3589 ministerio
2571 3548 2788 3603 prorsus
2822 3549 3029 3601 arcere,
3062 3535 3155 3590 scd
3186 3536 3533 3605 neuphytum.
3574 3534 3713 3590 lul-

2124 3631 2233 3678 tum
2253 3633 2336 3679 est
2361 3632 2538 3678 autem
2567 3624 2706 3679 inter
2730 3624 3012 3696 utrumque
3035 3616 3342 3680 discrimen.

1312 3914 1316 3919 ’
1385 3894 1941 4049 LIBER-
1981 3907 2702 4107 TERTIUS.

389 4151 399 4219 ἰ
1994 4172 2121 4208 ρ-’»

851 4287 956 4321 ΠλιΞο
988 4286 1157 4321 ικδυητ
1190 4283 1327 4319 ιιωιο
1356 4283 1561 4319 TERTIO:

420 4405 452 4448 l.
484 4400 571 4458 Qui
590 4396 813 4460 suspicati
836 4401 948 4460 sunt
965 4407 1069 4460 nos
1114 4406 1201 4460 per
1235 4395 1513 4456 superbiam
1555 4405 1827 4450 recusasse,
1872 4407 2008 4443 suam

484 4453 693 4523 ipsorum
715 4453 1128 4507 existimationem
1148 4453 1349 4523 lusisse.

421 4528 475 4576 lt.
503 4513 598 4572 'Nos
613 4534 710 4590 non
733 4525 930 4590 propter
955 4529 1122 4565 vanam
1143 4516 1344 4590 gloriam
1368 4513 1573 4590 fugisse.

423 4573 491 4633 itt.
520 4582 651 4642 quod
668 4583 708 4631 si
728 4573 930 4643 gloriam
969 4573 1441 4643 concupisceremus,
1457 4573 1556 4626 tale
1599 4577 1756 4638 potius
1799 4577 2012 4627 ministe-

483 4639 607 4693 rium
631 4639 820 4705 eligere
840 4639 1126 4705 oportuerit.

424 4711 498 4757 tv.
529 4698 986 4774 'rrem_eiidum_qu_id
1009 4714 1123 4750 esse
1142 4699 1483 4758 sacerdotium,
1512 4711 1791 4762 novumque
1829 4698 2013 4749 cultum

485 4767 643 4816 veteri
659 4761 1080 4814 formidabiliorem
1097 4774 1226 4811 esse.

425 4835 480 4878 v.
512 4834 724 4889 uagnam
744 4837 861 4889 esse
883 4823 1141 4874 sacerdotii
1164 4828 1455 4889 potestatem
1475 4827 1527 4870 et
1547 4818 1852 4889 dignitatem.

427 4895 499 4938 υ.
532 4881 785 4938 ministeria
823 4898 855 4936 e
894 4897 1099 4935 numero
1153 4881 1268 4934 csse
1330 4881 1648 4933 maximorum
1708 4884 1794 4933 Dei
1858 4881 2013 4935 dono-

427 5017 507 5060 ιἰι⁴
551 5016 708 5073 Ipsum
746 5009 892 5060 etiam
943 5004 1140 5057 Paulum
1174 5004 1458 5056 formidasse
1503 5004 1561 5055 ad
1614 5012 1866 5068 aspectum
1895 5007 2015 5056 tanti

547 5086 796 5119 IDCIDallIS.
852 5096 865 5113 ο

424 5078 1111 5205 ῖίξιῗιὲείὲῖἒιξιλέρέοᾳηρξῃι-
1122 5127 1471 5205 ,ιριιξεξιι
1487 5127 1699 5177 medium
1729 5127 2013 5195 progredia-

484 5202 583 5253 tur,
609 5190 702 5243 nisi
719 5190 962 5256 perquam
978 5191 1116 5240 fortis
1135 5190 1281 5256 animi
1300 5190 1463 5256 iul-rit.

425 5263 499 5307 Ix.
533 5250 659 5307 vana
680 5250 1062 5317 gloria'ejusgue
1085 5251 1222 5317 uia'_is
1243 5252 1394 5313 ipsum
1414 5250 1615 5317 irretiri.

423 5324 479 5367 x.
514 5325 611 5379 Non
634 5318 665 5379 ii
682 5311 789 5366 sum
809 5311 1130 5379 sacerdotium
1164 5311 1336 5364 borum
1370 5311 1603 5361 malorum
1640 5323 1828 5361 causam
1874 5324 2006 5375 esse,

482 5378 572 5428 sed
594 5375 803 5428 nostram
824 5375 1078 5438 ignaviam.

430 5446 516 5549 xz.i
542 5441 779 5549 animum
822 5433 1116 5500 principatus
1160 5433 1503 5485 eliminandum
1539 5434 1602 5484 ab
1645 5434 1805 5487 animo
1851 5446 2018 5485 sacer-

520 5514 551 5549 ο
591 5513 637 5549 s.

520 5502 637 5550 otis.

426 5565 517 5609 xs.
554 5561 629 5624 (a)
654 5560 1064 5624 sapientissimum
1075 5564 1307 5621 oportere
1324 5569 1435 5608 esse
1451 5556 1770 5607 sacerdotem.

489 5682 564 5745 (a)
595 5690 705 5733 tunc
724 5695 754 5745 a
770 5695 974 5745 numero
990 5687 1064 5730 xu
1079 5693 1180 5745 non
1197 5688 1391 5732 exstant
1408 5680 1455 5731 in
1472 5681 1663 5741 σιτίων..
1687 5691 1774 5731 set
1809 5692 1835 5729 a
1875 5679 2018 5743 priori

428 5741 701 5808 interprete
723 5744 848 5796 lecta
869 5743 1018 5794 fuisse
1041 5741 1282 5796 videatur.

2114 4281 2222 4324 xui.
2256 4283 2437 4327 Pra‘ter
2459 4276 2714 4325 maximam
2729 4274 3069 4323 abstinentiam
3111 4271 3202 4321 alia
3222 4284 3418 4334 quoque
3453 4272 3501 4318 in
3543 4273 3714 4318 animo

2174 4338 2654 4405 sacculeﬁsrequiri-
2934 4395 2943 4405 .

2116 4403 2226 4461 xw.
2260 4399 2379 4449 Nihil
2404 4393 2780 4461 tampuritatem
2805 4405 2856 4446 et
2874 4395 3029 4446 aciem
3045 4393 3527 4451 mentisobtuudere,
3564 4404 3716 4454 quam

2176 4459 2465 4511 iracundiam
2486 4459 2831 4509 inordinatam;

2117 4527 2211 4571 xv.
2236 4521 2391 4632 chain:
2412 4524 2631 4585 speciem
2656 4520 2752 4572 litis
2774 4519 2968 4583 picum
2990 4516 3313 4580 periculorum
3333 4516 3706 4578 chrysostomus

2178 4596 2234 4632 os
2257 4597 2318 4632 en
2356 4600 2365 4632 l
2396 4622 2407 4632 .

2178 4586 2407 4635 ostendit.

2118 4650 2230 4695 XVI.
2262 4654 2494 4703 Quantum
2534 4656 2648 4693 esse
2683 4647 2906 4707 oporteat
2922 4653 3053 4703 arm,
3067 4639 3149 4705 qui
3177 4639 3320 4689 tantis
3339 4635 3720 4699 tempestatibus

2181 4707 2497 4768 Opponeudus
2517 4706 2609 4771 sit._
2722 4706 2748 4771 '_
2914 4764 2924 4771 _
3079 4763 3090 4771 _
3154 4762 3167 4771 ι
3314 4761 3343 4771 __

2120 4762 2260 4833 Χνιὶῖ
2282 4776 2495 4828 Quantus
2511 4767 2575 4817 sit
2597 4768 2647 4817 in
2668 4764 3027 4828 gubernatione
3046 4762 3288 4826 virginum
3312 4762 3470 4819 timor.

2195 4992 2248 5047 Ι.
2282 4989 2382 5057 Qui
2407 4986 2648 5059 suspicati
2683 4993 2803 5041 sunt
2844 4999 2937 5039 uos
2973 4998 3063 5055 per
3096 4981 3385 5052 superbiam
3424 4994 3712 5043 recusasse,

2121 5096 2269 5137 suam
2313 5078 2732 5136 existimationem
2780 5075 2987 5130 ltesisse.
3025 5102 3098 5117 --
3137 5070 3293 5141 Quod
3338 5078 3547 5140 spectat
3586 5082 3715 5125 eam

2123 5171 2498 5229 contumeliam
2529 5184 2627 5223 nos
2649 5165 3035 5245 honorantibus
3064 5163 3262 5218 illatam
3281 5203 3297 5227 ,
3320 5159 3571 5231 quodque
3596 5174 3710 5215 non

2125 5280 2220 5321 eos
2245 5259 2630 5320 dehonestandi
2670 5259 2852 5314 animo
2894 5255 3082 5311 honori
3126 5268 3225 5310 nos
3274 5249 3717 5315 subduxerimus,

2125 5371 2189 5411 ex
2210 5355 2319 5426 jam
2338 5352 2496 5409 dictis
2519 5359 2602 5407 sat
2622 5347 2956 5420 comprobari
2982 5353 3163 5417 posset
3187 5360 3204 5400 :
3234 5343 3377 5415 quod
3404 5356 3537 5398 vero
3558 5341 3712 5396 nulla

2127 5449 2292 5504 inﬂati
2317 5446 2564 5518 superbia
2608 5443 2660 5500 id
2700 5442 3002 5514 egerimus,
3046 5439 3156 5510 iam
3189 5452 3287 5509 pro
3310 5435 3514 5491 viribus
3536 5434 3716 5504 palam

2129 5543 2303 5598 facere
2334 5539 2588 5596 conabor.
2638 5536 2770 5592 Nam
2813 5535 2858 5590 si
2904 5533 2988 5589 vel
3026 5530 3270 5588 militaris
3315 5528 3597 5599 legationis
3624 5524 3714 5582 vel
3772 5564 3779 5575 .

2130 5632 2336 5704 imperii
2363 5631 2519 5687 nobis
2560 5629 2705 5698 Optio
2752 5633 3140 5698 proponeretur
3166 5664 3183 5690 ,
3228 5622 3383 5692 eique
3426 5618 3709 5691 pr0posito

2130 5725 2429 5783 insisterem
2451 5762 2469 5792 ,
2492 5721 2610 5793 jure
2642 5728 2825 5792 posset
2847 5717 3109 5790 quispiam
3139 5712 3190 5770 id
3219 5713 3286 5771 de
3311 5725 3398 5771 me
3417 5708 3713 5783 suspicari;

3855 720 3857 819 Ι

3846 834 3858 1275 Ξ

3846 1578 3858 1689 1
