3860 6216
360 207 461 265 641

365 341 750 400 προκειμένης,
789 325 824 398 ἢ
861 321 1114 378 τοσοῦτον
1169 321 1428 395 ἀνωτέρω
1463 321 1742 393 βασιλείας
1773 322 2028 391 ἐστηκεν,

362 414 485 467 ὅσον
509 413 818 485 πνεύματος
839 414 933 468 καὶ
961 411 1161 483 σαρκὸς
1181 411 1242 466 τὸ
1272 412 1455 483 μέσον,
1481 412 1742 482 τολμήσει
1769 429 1854 475 τις
1881 413 2032 482 ἡμᾶς

364 501 664 572 ὑπεροψίας
690 500 1029 572 γράφεσθαι;
1081 500 1191 553 Καὶ
1232 499 1350 562 πῶς
1382 500 1484 552 ούκ
1529 500 1730 554 ἄτοπον
1770 501 1898 563 τοὺς
1931 499 2031 570 μὲν

361 589 432 642 τά
463 588 636 660 μικρὰ
665 587 1020 650 διαπτύοντας
1040 585 1115 650 ὼς
1135 586 1550 657 παραπαίοντας
1575 585 1875 650 αἰτιᾶσθαι,
1907 588 2032 650 τοὺς

362 675 422 730 δέ
449 677 542 728 ἐπὶ
569 675 676 730 τῶν
701 675 839 743 ἀγαν
869 665 1251 744 ὑπερεχόντων
1274 673 1432 726 τοῦτο
1474 672 1762 737 ποιοῦντας
1791 674 1899 726 τῶν
1933 673 2031 744 μέν

361 765 463 834 τῆς
517 763 900 835 παραπληξίας
949 761 1310 832 ἐγκλημάτων
1369 760 1630 831 ἐξαιρεῖν,
1679 765 1800 826 ταῖς
1841 761 1899 814 δὲ
1928 761 2031 831 τῆς

318 903 323 909 ,
365 850 738 920 ὑπερηφανίας
768 847 1090 902 ὑποϐάλλειν
1140 847 1338 910 αἰτίαις
1359 863 1373 911 ;
1398 847 1610 918 Ὥσπερ
1654 847 1723 900 ἂν
1754 849 1808 901 εῐ
1831 864 1914 911 τις
1939 847 2031 900 τὸν

362 937 563 1005 ἀγέλης
595 935 732 1006 βοῶν
778 935 1247 1007 καταφρονοῦντα,
1282 935 1376 988 καὶ
1415 934 1491 1007 μὴ
1530 935 1852 1005 βουλόμενον
1889 931 2031 989 εἷναι

364 1022 640 1093 βουκόλον,
675 1025 754 1088 εἰς
780 1023 1155 1094 ὑπερηφανίαν
1183 1021 1282 1092 μέν
1310 1022 1584 1092 οὑδαμῶς,
1621 1024 1700 1086 εἰς
1733 1023 1789 1076 δὲ
1819 1023 2032 1094 φρενῶν

362 1110 620 1164 ἔκστασιν
659 1110 1002 1179 αἰτιώμενος,
1038 1109 1130 1162 τδν
1160 1111 1376 1180 ἀπάσης
1421 1110 1520 1180 τῆς
1572 1109 1899 1181 οἰκουμένης
1931 1110 2033 1181 τὴν

362 1198 640 1268 βασιλείαν
680 1199 776 1252 καὶ
801 1198 862 1250 τὺ
880 1197 1130 1266 γενέσθαι
1157 1197 1346 1268 κύριον
1375 1199 1484 1250 τῶν
1514 1197 1829 1268 ἀπανταχοῦ
1861 1214 2032 1268 στρα-

358 1286 601 1338 τοπέδων
635 1287 710 1358 μὴ
729 1285 1014 1356 δεχόμενον
1047 1297 1072 1350 ε
1099 1285 1220 1338 ἀντὶ
1252 1284 1344 1339 τοῦ
1372 1284 1656 1356 μαίνεσθαι
1679 1285 2030 1354 τετυφῶσθαι

361 1371 516 1442 φαίη.
565 1372 702 1424 Ἀλλ’
736 1373 837 1428 οὑκ
869 1372 984 1424 ἐστι
1005 1371 1198 1436 ταῦτα,
1228 1372 1329 1426 οὑκ
1371 1371 1538 1433 ἐστιν.
1569 1373 1689 1426 οὑδέ
1712 1374 1860 1444 ἡμᾶς
1889 1373 2028 1443 μᾶλ-

360 1458 452 1512 λον
483 1459 516 1530 ἢ
548 1459 773 1524 ἐαυτοὺς
802 1462 849 1513 οἱ
888 1460 1060 1513 ταῦτα
1101 1459 1351 1529 λέγοντες
1399 1459 1765 1515 διαϐάλλουσι.
1812 1460 1886 1515 Τὸ
1923 1461 2032 1533 γὰρ

361 1545 610 1614 ἐννοῆσαι
642 1547 823 1616 μόνον,
851 1547 931 1600 ὅτι
959 1547 1184 1601 δυνατὸν
1210 1546 1529 1618 ἀνθρωπεία
1561 1547 1718 1618 φύσει
1751 1549 1851 1620 τῆς
1874 1548 2034 1615 ἀξίας

359 1631 767 1705 ὑπερφρονῆσαι
797 1633 1033 1704 ἐκείνης,
1057 1634 1253 1706 δεῖγμα
1287 1635 1408 1689 κατ’
1430 1635 1612 1689 αὐτῶν
1640 1636 1748 1690 τῶν
1770 1636 2032 1708 ἐκφερόν-

357 1735 466 1771 των
494 1719 642 1773 ἐστὶν
665 1714 734 1792 ἦς
765 1719 946 1790 έχουσι
983 1721 1110 1792 περί
1142 1719 1234 1774 τοῦ
1259 1721 1586 1792 πράγματος
1617 1723 1795 1794 δόξης.
1832 1724 1894 1778 Εἰ
1923 1724 2033 1795 γάρ

361 1806 438 1879 μὴ
459 1806 569 1860 τῶν
600 1807 872 1878 τυχόντων
901 1808 1054 1872 αὐτὸ,
1083 1810 1177 1862 καὶ
1201 1805 1276 1862 ὧν
1315 1809 1375 1862 οὑ
1401 1809 1568 1872 πολὺς
1592 1812 1620 1863 ό
1646 1810 1823 1879 λόγος,
1850 1811 2033 1882 ἐνόμι-

359 1893 451 1956 ζον
474 1889 636 1958 εἶναι,
664 1895 776 1950 οὐδ’
799 1895 866 1949 ἂν
898 1895 1237 1950 ὑποπτεῦσαι
1258 1897 1416 1950 τοῦτο
1447 1897 1678 1968 ἐπῆλθεν
1705 1898 1908 1962 αὑτοῖς.
1934 1900 2033 1954 Διά

357 1980 411 2032 τί
440 1981 548 2050 γὰρ
590 1983 720 2054 περὶ
748 1981 849 2052 τῆς
875 1983 982 2036 τῶν
1014 1983 1262 2051 ἀγγέλων
1292 1983 1449 2050 ἀξίας
1474 1983 1647 2048 οὐδεὶς
1677 1985 1945 2056 ἐτόλμησέ
1973 2002 2030 2039 τι

355 2067 598 2122 τοιοῦτον
631 2068 968 2123 ὑποπτεῦσαι
1021 2087 1172 2135 ποτε,
1203 2071 1296 2124 καί
1325 2072 1500 2124 εἰπεῖν
1521 2072 1601 2125 ὄτι
1624 2071 1780 2126 ἐστιν
1811 2071 2028 2144 ἀνθρω-

280 2185 292 2204 ο
358 2154 488 2224 πίνη
531 2155 677 2227 ψυχὴ
725 2156 793 2209 δι’
827 2156 1085 2210 ἀπόνοιαν
1125 2157 1224 2210 οὑκ
1255 2157 1320 2210 ἂν
1369 2156 1599 2228 ἑλομένη
1634 2159 1662 2198 ι)
1704 2159 1798 2211 ἐπὶ
1828 2158 1889 2212 τὸ
1931 2159 2032 2229 τῆς

358 2242 576 2310 φύσεως
612 2242 826 2313 ἐκείνης
854 2243 1071 2314 ἀξίωμα
1115 2242 1323 2309 ἐλθεῖν;
1352 2244 1579 2313 Μεγάλα
1613 2247 1724 2318 γάρ
1743 2263 1864 2300 τινα
1893 2264 2032 2316 φαν-

357 2327 634 2399 ταζόμεθα
664 2329 792 2400 περὶ
815 2329 925 2382 τῶν
957 2328 1239 2400 δυνάμεων
1289 2330 1533 2398 ἐκείνων,
1565 2331 1662 2384 καὶ
1693 2331 1853 2385 τοῦτο
1883 2335 2034 2405 ἡμᾶς

357 2415 458 2467 οὑκ
483 2415 676 2486 ἀφίησι
702 2415 987 2469 πιστεῦσαι
1011 2427 1033 2455 ο
1066 2417 1148 2470 ὅτι
1175 2415 1396 2470 δύναται
1424 2417 1710 2488 ἄνθρωπος
1737 2420 1836 2490 τῆς
1866 2421 2031 2491 τιμῆς

359 2501 627 2573 φρονῆσαί
669 2519 723 2556 τι
785 2505 968 2574 μεῖζον
1014 2503 1250 2574 ἐκείνης.
1277 2504 1440 2556 Ὥστε
1497 2506 1697 2568 αὑτοὺς
1733 2506 1932 2577 μᾶλλον
1954 2507 2032 2561 δι-

359 2589 531 2652 καίως
559 2588 626 2643 ἄν
645 2607 730 2653 τις
757 2590 1028 2662 γράψαιτο
1045 2591 1303 2655 ἀπονοίας
1331 2593 1456 2655 τοὺς
1485 2594 1517 2663 ἡ
1528 2592 1642 2662 μῶν
1682 2593 1845 2647 τοῦτο
1891 2613 1994 2651 κατ
2011 2627 2031 2637 ο

357 2676 715 2748 ηγοροῦντας.
752 2678 829 2730 Οὐ
861 2679 970 2750 γάρ
997 2679 1061 2734 ἄν
1088 2696 1217 2732 ποτε
1250 2682 1380 2749 περὶ
1402 2680 1602 2751 ἐτέρων
1640 2679 1799 2735 τοῦτο
1825 2683 2033 2737 ὑπέλα-

360 2764 475 2828 ϐον,
500 2767 548 2817 εἰ
581 2763 656 2835 μὴ
687 2765 954 2838 πρότερον
987 2767 1141 2819 αὐτοὶ
1193 2765 1289 2819 τοῦ
1320 2767 1666 2838 πράγματος,
1713 2769 1789 2833 ὡς
1819 2770 2045 2834 οὐδενὸς.

357 2849 534 2917 ιντος,
565 2851 936 2921 κατέγνωσαν.
971 2854 1036 2907 El
1067 2853 1124 2906 δέ
1173 2853 1309 2926 πρὸς
1342 2854 1500 2921 δόξαν
1535 2856 1748 2926 ὁρῶντά
1779 2875 1846 2927 με
1877 2858 2036 2912 τοῦτο

361 2937 719 3008 πεποιηκέναι
755 2939 917 3007 φασὶν
963 2939 1015 3007 ά,
1057 2941 1477 3012 περιπίπτοντες
1515 2944 1728 3006 ἑαυτοῖς
1778 2943 2036 3016 ἐλεγχθήο

362 3039 545 3078 σονται
575 3028 664 3080 καὶ
694 3027 992 3098 μαχόμενοι
1027 3027 1294 3101 φανερῶςο
1323 3029 1446 3083 οὑδέ
1474 3029 1583 3101 γὰρ
1605 3027 1723 3085 οἶδα
1753 3032 1941 3095 ποίους
1968 3031 2035 3086 ἂν

362 3110 582 3183 ἐτέρους
604 3113 711 3184 πρὸ
743 3113 947 3168 τούτων
971 3115 1244 3186 ἐζήτησαν
1269 3115 1482 3186 λόγους,
1511 3121 1560 3172 εἰ
1599 3118 1706 3172 τῶν
1745 3119 1844 3190 τῆς
1880 3135 2036 3173 κενο-

362 3198 543 3263 δοξίας
564 3199 712 3270 ἡμᾶς
739 3200 1012 3271 ἠθέλησαν
1057 3201 1366 3268 ἀπαλλάξαι
1409 3205 1790 3277 ἐγκλημάτων.

434 3285 502 3354 β’.
527 3287 589 3340 Εἰ
617 3288 726 3359 7&9
746 3281 902 3353 οὗτός
929 3289 996 3359 μέ
1020 3307 1152 3343 ποτε
1179 3301 1201 3330 ο
1229 3282 1477 3362 εἰσῆλθεν
1495 3294 1524 3346 ό
1545 3292 1708 3364 ἔρως,
1739 3292 2037 3361 καταδέξα-

365 3372 488 3426 σθαι
524 3374 723 3444 μᾶλλον
750 3375 939 3447 ἐχρῆν,
977 3375 1010 3447 ἢ
1047 3379 1260 3445 φυγεῖν.
1287 3378 1388 3432 Διά
1407 3377 1497 3446 τί;
1528 3379 1652 3433 Ὅτι
1680 3380 1879 3452 πολλὴν
1905 3383 2037 3452 ἡμῖν

363 3459 521 3514 τοῦτο
548 3463 650 3532 τὴν
670 3461 824 3527 δόξαν
857 3464 1088 3535 ῆνεγκεν
1120 3466 1206 3519 ἀν.
1244 3465 1317 3519 Τὸ
1357 3466 1466 3539 7&9
1496 3469 1554 3520 ἐν
1581 3467 1755 3540 τούτῳ
1787 3471 1888 3540 τῆς
1918 3469 2038 3541 ὴλιο

364 3547 490 3610 κίας
526 3547 675 3613 ὄντα,
713 3549 807 3601 καὶ
848 3549 954 3622 πρὸ
987 3549 1219 3622 βραχέος
1264 3553 1580 3607 ἀποστάντα
1614 3554 1724 3607 τῶν
1767 3555 2036 3626 βιωτικῶν

365 3635 683 3704 φροντίδων,
709 3635 969 3708 ἐξαίφνης
999 3637 1142 3691 οὑτω
1172 3638 1320 3705 δόξαι
1348 3642 1502 3712 παρὰ
1528 3643 1694 3696 πᾶσιν
1735 3639 1874 3697 εἶναι
1902 3643 2034 3697 θαυ-

368 3719 593 3790 μαστὸν,
617 3718 758 3773 ὥστε
788 3721 899 3775 τῶν
937 3722 1027 3775 τὸν
1061 3721 1278 3779 ἅπαντα
1315 3727 1509 3796 χρόνον
1546 3729 1604 3780 ἐν
1633 3730 1746 3791 τοῖς
1773 3728 2036 3793 τοιούτοις

366 3807 813 3873 ἐξαναλωθέντων
849 3810 1033 3875 πόνοις
1066 3813 1492 3884 προτιμηθῆναι,
1523 3815 1616 3869 καὶ
1653 3816 1902 3882 πλείονας
1932 3817 2038 3888 ψή-

368 3912 502 3964 φους
530 3895 746 3950 πάντων
772 3897 992 3952 ἐκείνων
1007 3898 1212 3966 λαϐεῖν,
1235 3899 1524 3972 θαυμαστά
1549 3919 1670 3956 τινα
1702 3905 1797 3956 καί
1825 3904 2037 3976 μεγάλα

366 3984 496 4056 περί
519 3983 675 4056 ἡμῶν
709 3984 920 4049 πάντας
959 3986 1024 4040 ἂν
1064 3989 1391 4044 ὑποπτεύειν
1422 3990 1640 4060 ἔπεισε,
1681 3993 1774 4044 καὶ
1805 3995 2036 4063 σεμνοὺς

366 4071 433 4125 ἂν
455 4073 605 4144 ἡμᾶς
632 4073 727 4127 καὶ
749 4075 1142 4147 περιϐλέπτους
1176 4077 1497 4149 κατέστησε.
1524 4078 1638 4133 Νῦν
1657 4078 1734 4144 δέ,
1765 4080 1903 4152 πλὴν
1928 4081 2037 4134 όλί-

365 4177 509 4228 γων,
545 4161 608 4214 τὺ
637 4162 801 4216 πλέον
838 4164 937 4235 τῆς
980 4163 1305 4236 Ἑκκλησίας
1334 4166 1499 4237 μέρος
1530 4167 1638 4221 οὐδ’
1678 4168 1738 4234 ἐξ
1777 4169 2038 4240 ὀνόματος

365 4250 515 4318 ἡμᾶς
543 4249 740 4303 ῐσασιν⁹
771 4251 910 4304 ὥστε
943 4251 1064 4305 ούδέ
1101 4253 1182 4306 ὅτι
1224 4254 1585 4326 παρῃτήμεθα
1618 4257 1782 4310 πᾶσιν
1816 4256 1970 4312 ἔσται
2010 4257 2031 4298 τ

367 4335 621 4406 φανερὸν,
663 4337 777 4390 ἀλλ’
807 4337 1008 4407 ὀλίγοις
1051 4339 1219 4404 τισὶν,
1265 4339 1358 4404 οὒς
1402 4342 1510 4395 οὐδ’
1551 4343 1746 4409 αὑτοὺς
1788 4341 1940 4416 οἶμαι
1977 4346 2037 4399 τὸ

369 4421 538 4491 σαφὲς
565 4421 763 4476 εἰδέναι
798 4424 1025 4489 πάντας.
1048 4425 1206 4490 Εἰκὸς
1231 4426 1288 4480 δέ
1316 4427 1568 4502 καὶ[582]
1584 4429 1790 4485 τούτων
1811 4431 2036 4494 πολλοὺς

368 4509 401 4580 ἢ
429 4510 552 4580 μηδ’
581 4509 718 4576 ὅλως
755 4512 903 4582 ἡμᾶς
933 4513 1172 4584 ᾑρῆσθαι
1204 4517 1440 4586 νομίσαι,
1473 4519 1506 4588 ἢ
1542 4518 1857 4590 παρεῶσθαι
1901 4521 2038 4590 μετά

366 4599 466 4669 τὴν
491 4599 723 4670 αἵρεσιν,
760 4600 1165 4672 ἀνεπιτηδείους
1211 4598 1349 4657 εἶναι
1377 4603 1656 4671 δόξαντας,
1683 4607 1781 4677 οὐχ
1811 4607 2037 4672 ἑκόντας

369 4689 577 4755 φυγεῖν.

439 4781 509 4842 γ’.
555 4773 775 4830 ΒΛΣΙΛ.
833 4775 975 4829 Ἀλλ’
1027 4777 1077 4828 οἱ
1129 4777 1358 4850 τάληθὲς
1402 4779 1600 4840 εἰδότες
1645 4779 2034 4850 θαυμάσονται.

370 4859 704 4914 ΧΡΥΣΟΣΤ.
751 4863 858 4916 Καὶ
896 4862 1002 4934 μὴν
1041 4864 1263 4925 τούτους
1301 4865 1436 4934 ἐφης
1477 4865 1552 4928 ὼς
1598 4867 1907 4933 κενοδόξους
1944 4872 2038 4925 καὶ

372 4947 753 5018 ὑπερηφάνους
769 4949 1074 5003 διαϐάλλειν
1091 4953 1257 5022 ἡμᾶς.
1281 4952 1451 5004 Πόθεν
1461 4946 1552 5005 οὖν
1565 4952 1708 5009 ἔστιν
1721 4955 1936 5011 ἐλπίσαι
1950 4960 2038 5012 τὸν

372 5031 620 5098 ἐπαινον;
661 5036 792 5089 Ἀπὸ
821 5036 930 5091 τῶν
975 5037 1220 5106 πολλῶν;
1263 5036 1402 5090 Ἀλλ’
1435 5039 1534 5092 οὑκ
1576 5040 1720 5094 ίσασι
1752 5043 1815 5096 τὸ
1847 5045 2034 5112 σαφές.

432 5197 460 5263 ξ
488 5198 637 5263 _Sa\{i_l.
659 5203 712 5247 et
735 5197 920 5263 aliquoi
947 5212 1065 5247 mss.
1087 5200 1150 5263 μὴ
1183 5200 1575 5263 καταδεχόμενον,

430 5253 457 5292 ¹³
481 5259 629 5308 Savil.
656 5266 709 5331 ξι
728 5253 915 5331 a_llq'pol
934 5273 1057 5331 ⁸ιιιεε.
1084 5253 1171 5331 by
1201 5253 1478 5324 ἀνεχομένη
1529 5279 1548 5310 ι
1574 5263 1834 5316 Nonnullis
1874 5269 2038 5331 conje-

370 5329 502 5371 cium
531 5330 609 5369 est
632 5322 718 5370 οὐκ
745 5320 1070 5382 ἀνελομένη.)
1106 5320 1237 5368 Ευιτ.

433 5385 457 5444 ξ
482 5383 682 5444 Aliquot
703 5395 813 5444 mss.
835 5379 1152 5429 ὑποπτεῦσαι.
1178 5383 1276 5432 Alii
1305 5389 1358 5432 et
1377 5384 1499 5434 editi
1521 5385 1789 5440 πιστεῦσαι.

434 5442 462 5481 δ
487 5442 635 5492 Savll.
652 5448 705 5490 et
728 5442 875 5502 aliqui
899 5443 1123 5504 φήσουσι.

429 5506 450 5527 ⁸
479 5504 684 5565 Aliquot
706 5501 1019 5565 mantisciipii
1039 5504 1117 5565 μοί
1129 5520 1265 5565 ποτε.

437 5565 456 5602 ί
488 5562 748 5635 Αιιὶἶπᾶσίν
788 5565 906 5635 ἐστι.
930 5562 1057 5635 [hirti
1095 5563 1182 5635 alii
1214 5566 1406 5624 πάντας
1437 5569 1538 5635 ἀλλ’
1573 5572 1710 5628 εἰκός.
1738 5571 1910 5635 Ρηιιιογ
1932 5582 2041 5635 post

372 5624 946 5696 “orqfapeéoacilai,
992 5625 1142 5675 Savil.
1198 5632 1547 5692 παρεωρᾶσθαι,
1594 5624 1706 5682 ωεέ.
1757 5624 2037 5696 τοιηριύι-ί·ε
2078 5645 2080 5647 ’

369 5686 660 5749 παρεῶσθαι.

1140 208 1198 265 S.
1238 204 2060 269 ΙΟΔΝΝ18·ΩΗΒΥ508ΤΟΜΙ
2099 205 2422 266 ARCIIIEP.
2462 202 3015 264 CONSTANTINOP.

3705 203 3806 261 διε

2149 323 2286 378 Ἀλλ’
2318 324 2384 377 ἐκ
2412 323 2522 377 τῶν
2549 323 2776 392 όλίγων;
2823 321 2986 376 Ἀλλά
3005 318 3283 375 κάνταῦθα
3313 317 3444 391 ἡμῖν
3479 317 3558 382 εἰς
3586 319 3807 374 τούναν-

2133 411 2248 464 τίον
2277 410 2339 464 τδ
2364 413 2599 483 πρᾶγμα
2626 409 3056 481 περιτέτραπται
3098 409 3148 460 ε.
3193 406 3328 460 Οὐδὲ
3367 406 3476 477 7&9
3510 407 3706 478 ἐτέρου
3734 425 3806 460 τι·

2137 499 2227 563 νὸς
2261 500 2448 553 ἕνεκεν
2473 497 2661 553 ἐνθάδε
2689 496 2936 566 εἰσῆλθες
2963 495 3078 562 νῦν,
3114 494 3229 548 ἀλλ’
3253 495 3339 549 ἵνα
3363 495 3560 567 μάθῃς,
3588 497 3642 548 τί
3675 497 3806 567 πρὸς

2137 587 2380 650 ἐκείνους
2425 584 2872 656 ἀπολογήσασθαι
2919 585 3054 639 δέοι.
3109 583 3221 636 Καὶ
3278 583 3330 636 τί
3380 583 3589 637 τούτων
3621 585 3806 638 ἕνεκεν

2133 673 2599 746 ἀκριϐολογοῦμαι
2631 672 2762 738 νῦν;
2799 673 2923 726 Ὅτι
2961 673 3090 742 γὰρ,
3114 671 3162 724 εἰ
3185 670 3280 724 καὶ
3326 672 3528 734 πάντες
3555 672 3586 711 Ιι
3612 672 3805 742 ᾔδεσαν

2133 761 2385 833 τάληθὲς,
2432 761 2554 815 οὑδὲ
2587 761 2758 824 οὕτως
2801 761 2950 830 ἡμᾶς
3004 759 3325 830 ἀπονοίαςῆ
3370 759 3680 826 φιλοδοξίας
3706 761 3806 814 ἔδει

2135 849 2362 920 κρίνειν,
2389 847 2584 919 μικρὸν
2629 849 2940 918 ἀνάμεινον,
2973 845 3253 901 καὶτοῦτο
3281 848 3402 918 είσῃ
3451 847 3663 917 σαφῶς.
3701 849 3807 904 Καὶ

2135 937 2272 1009 πρὸς
2297 936 2468 1004 τούτῳ
2505 934 2668 989 πάλιν
2701 937 2896 988 ἐκεῖνο·
2926 935 3008 988 ὃτι
3052 935 3114 988 οὑ
3168 937 3282 998 τοῖς
3321 933 3525 1004 ταύτην
3563 936 3808 1006 τολμῶσι
3850 975 3860 1004 _.

2133 1025 2234 1096 τὴν
2253 1025 2456 1096 τόλμαν
2488 1024 2668 1094 μόνον,
2701 1023 2860 1094 εἰπερ
2901 1022 2989 1086 τίς
3035 1023 3184 1076 ἐστιν
3234 1020 3536 1092 ἀνθρώπων
3580 1022 3666 1093 (οὑ
3701 1025 3809 1095 γὰρ

2135 1113 2310 1181 ἔγωγε
2335 1111 2639 1182 πείθομαι),
2668 1109 2805 1164 ἀλλά
2854 1109 2947 1163 καὶ
2975 1113 3088 1173 τοῖς
3111 1108 3242 1180 περὶ
3290 1110 3495 1181 ἐτέρων
3533 1111 3810 1164 ὑποπτεύ-

2135 1199 2531 1265 ουσι,κίνδυνος
2560 1197 2897 1252 ἐπικείσεται
2924 1199 2937 1238 ί
2960 1197 3021 1250 οὑ
3052 1197 3270 1270 μικρός.
3858 1215 3860 1264 ξ

2205 1287 2269 1342 δ’.
2305 1289 2371 1340 Ἡ
2401 1286 2510 1358 7&9
2540 1285 2806 1357 ἱερωσύνη
2845 1285 3076 1340 τελεῖται
3103 1285 3202 1356 μὲν
3229 1285 3322 1338 ἐπὶ
3353 1286 3452 1357 τῆς
3495 1285 3626 1356 γῆς,
3654 1285 3812 1352 τάξιν
3857 1308 3860 1316 ι

2135 1374 2194 1428 δέ
2225 1375 2568 1446 ἐπουρανίων
2595 1374 2708 1446 ἔχει
2729 1375 3046 1445 ταγμάτων·
3080 1373 3174 1428 καὶ
3198 1373 3342 1444 μάλα
3379 1392 3440 1444 γε
3465 1375 3717 1439 εἰκότως.
3738 1377 3808 1429 Οὐ

2135 1461 2248 1535 7&9
2271 1462 2578 1534 ἄνθρωπος,
2603 1463 2704 1515 οὑκ
2723 1461 2974 1531 ἄγγελος,
3007 1461 3108 1515 οὑκ
3140 1460 3498 1532 ἀρχάγγελος,
3532 1463 3631 1516 οὑκ
3671 1462 3807 1534 ἄλλη

2135 1567 2221 1614 τις
2258 1551 2451 1620 κτιστὴ
2483 1549 2736 1620 δύναμις,
2773 1549 2888 1602 ἀλλ’
2923 1549 3085 1612 αὑτὸς
3127 1551 3158 1603 ό
3198 1550 3553 1620 Παράκλητος
3602 1550 3808 1621 ταύτην

2135 1637 2417 1702 διετάξατο
2433 1638 2533 1708 τὴν
2559 1637 2902 1701 ἀκολουθίαν,
2921 1637 3016 1690 καί
3045 1637 3126 1690 ἔτι
3157 1637 3413 1707 μένοντας
3437 1639 3494 1691 ἐν
3522 1639 3688 1708 σαρκὶ
3711 1641 3808 1710 τὴν
3855 1622 3860 1650 ¹

2134 1725 2244 1779 τῶν
2271 1725 2516 1794 ἀγγέλων
2537 1724 2720 1778 έπεισε
2748 1723 3110 1793 φαντάζεσθαι
3138 1723 3433 1778 διακονίαν.
3459 1724 3547 1778 Διὸ
3578 1725 3685 1797 χρὴ
3719 1726 3808 1779 τὸν

2137 1813 2434 1884 ἱερωμένον
2461 1812 2610 1866 ὥσπε
2619 1829 2650 1883 ρ
2680 1813 2739 1865 ἐν
2763 1811 2945 1875 αὑτοῖς
2975 1812 3183 1865 ἐστῶτα
3199 1815 3310 1876 τοῖς
3327 1813 3576 1883 οὐρανοῖς
3605 1813 3806 1882 μεταξὺ

2135 1901 2244 1954 τῶν
2287 1901 2569 1971 δυνάμεων
2614 1899 2837 1954 ἐκείνων
2876 1899 3050 1963 οὕτως
3098 1895 3238 1953 εἴναι
3291 1899 3546 1972 καθαρόν.
3595 1900 3809 1970 Φοϐερά

2139 1989 2239 2060 μὲν
2266 1988 2374 2060 γὰρ
2399 1989 2494 2043 καὶ
2523 1988 2936 2061 φρικωδέστατα
2959 1989 3052 2041 καὶ
3075 1987 3144 2040 τά
3173 1987 3280 2058 πρὸ
3307 1987 3407 2058 τῆς
3428 1989 3666 2060 χάριτος,
3698 1984 3810 2042 οἷον

2134 2079 2182 2130 οἰ
2209 2076 2474 2140 κώδωνες.
2492 2077 2542 2130 οἰ
2574 2077 2803 2148 ροἳσκοι,
2821 2077 2872 2130 oi
2895 2075 3033 2130 λίθοι
3061 2077 3110 2129 οἰ
3133 2075 3226 2130 ἐπὶ
3245 2075 3338 2130 τοῦ
3364 2075 3613 2148 στήθους,
3639 2078 3689 2128 οἰ
3710 2076 3812 2147 τῆς

2135 2164 2428 2234 ἐπωμίδος,
2456 2166 2490 2235 ἡ
2516 2147 2703 2235 μίτρα,
2733 2165 2766 2235 ὴ
2809 2163 3042 2234 κίδαρις,
3065 2166 3093 2218 ὁ
3121 2163 3382 2234 ποδήρης,
3408 2163 3472 2216 τὸ
3493 2162 3726 2217 πέταλον
3748 2164 3810 2216 τδ

2135 2250 2390 2323 χρυσοῦν,
2438 2252 2507 2306 τά
2553 2252 2686 2320 ἆγια
2712 2252 2821 2306 τῶν
2855 2253 3057 2321 ἁγίων,
3086 2253 3120 2322 ἡ
3157 2250 3327 2322 πολλὴ
3359 2249 3469 2304 τῶν
3501 2248 3648 2303 ἔνδον
3678 2251 3811 2321 ἠρε-

2139 2339 2258 2408 μία.
2301 2337 2439 2392 Ἀλλ’
2468 2340 2522 2393 εί
2545 2357 2630 2402 τις
2653 2339 2722 2392 τὰ
2761 2341 2861 2410 τῆς
2888 2340 3112 2412 χάριτος
3137 2337 3432 2405 ἐξετάσειε,
3469 2337 3643 2409 μικρά
3675 2338 3808 2390 ὅντα

2137 2422 2360 2492 εὑρήσει
2407 2422 2475 2475 τὰ
2509 2422 2718 2494 φοϐερά
2761 2423 2858 2477 καὶ
2903 2421 3320 2494 φρικωδέστατα
3351 2421 3556 2486 ἐκεῖνα,
3613 2421 3712 2472 καὶ
3747 2421 3808 2471 τὸ

2138 2515 2267 2587 περί
2292 2513 2386 2567 τοῦ
2438 2513 2605 2584 νόμου
2651 2514 2841 2584 λεχθὲν
2897 2512 3176 2568 κάνταῦθα
3213 2511 3411 2583 ἀληθὲς
3448 2510 3529 2576 ὃν,
3557 2511 3690 2564 Ὀτι
3734 2511 3806 2564 οὐ

2137 2603 2497 2668 δεδόξασται
2539 2605 2606 2658 τὸ
2651 2603 3099 2674 δεδοξασμένον
3147 2603 3219 2656 ἐν
3271 2604 3460 2667 τούτῳ
3503 2603 3585 2668 τῷ
3641 2601 3807 2671 μέρει

2137 2695 2345 2749 ἕνεκεν
2374 2695 2483 2764 τῆς
2533 2696 3038 2764 ὑπερϐαλλούσης
3089 2693 3293 2764 δόξης.
3331 2694 3499 2746 Ὅταν
3548 2691 3658 2763 7&9
3690 2693 3808 2763 ἴδῃς

2135 2784 2227 2837 τὸν
2258 2784 2462 2855 Κύριον
2508 2783 2803 2854 τεθυμένον
2861 2784 2954 2837 καὶ
2999 2783 3271 2854 κείμενον,
3318 2782 3412 2834 καλ⁸
3441 2782 3533 2834 τὸν
3587 2779 3792 2851 ίερέαὶ

2138 2873 2420 2943 ἐφεστῶτα
2463 2872 2542 2943 τῷ
2593 2871 2816 2944 θύματι,
2861 2874 2956 2926 καὶ
3005 2871 3390 2942 ἐπευχόμενον,
3443 2871 3538 2924 καὶ
3595 2869 3809 2932 πάντας

2139 2961 2333 3033 ἐκείνῳ
2365 2961 2443 3033 τῷ
2465 2961 2632 3034 τιμίῳ
2667 2962 3110 3032 φοινισσομένους
3164 2963 3379 3032 αἵματι,
3413 2954 3524 3032 ἆρα
3557 2958 3638 3011 ἐτι
3667 2958 3808 3030 μετά

2137 3048 2445 3121 ἀνθρώπων
2482 3045 2620 3102 εἷναι
2647 3049 2912 3119 νομίζεις,
2943 3050 3039 3104 καὶ
3059 3050 3152 3102 ἐπὶ
3170 3049 3267 3120 τῆς
3289 3049 3393 3118 γῆς
3421 3048 3665 3112 ἐστάναι,
3691 3047 3808 3099 ἀλλ’

2139 3136 2238 3190 οὐκ
2267 3136 2467 3199 εὐθέως
2499 3136 2591 3189 ἐπὶ
2611 3138 2738 3200 τοὺς
2775 3136 3038 3207 οὐρανοὺς
3067 3135 3479 3206 μετανίστασαι,
3504 3135 3597 3187 καὶ
3623 3135 3809 3186 πᾶσαν

2141 3224 2407 3296 σαρκικὴν
2435 3223 2673 3278 διάνοιαν
2701 3223 2800 3294 τῆς
2833 3222 3012 3294 ψυχῆς
3051 3221 3318 3286 ἐκϐαλὼν,
3352 3225 3532 3294 γυμνῇ
3559 3224 3626 3293 τῇ
3659 3221 3807 3292 ψυχῇ

2139 3312 2232 3365 καὶ
2258 3310 2335 3382 τῷ
2362 3310 2438 3382 νῷ
2475 3310 2702 3382 καθαρῷ
2726 3310 3076 3382 περιϐλέπεις
3111 3311 3179 3363 τά
3203 3312 3260 3363 ἐν
3290 3309 3571 3382 οὑρανοῖςς
3607 3309 3671 3362 Ὢ
3710 3307 3808 3360 τοῦ

2139 3397 2443 3469 θαύματοςι
2469 3396 2514 3450 ὢ
2545 3399 2643 3470 τῆς
2675 3397 2768 3450 τοῦ
2793 3396 2929 3451 Θεοῦ
2961 3396 3373 3468 φιλανθρωπίας
3399 3399 3412 3451 !
3454 3397 3513 3450 '0
3547 3395 3687 3468 μετά
3709 3394 3809 3448 τοῦ

2137 3485 2352 3557 Πατρδς
2404 3485 2516 3540 ἀνω
2545 3485 2872 3556 καθήμενος,
2926 3484 3068 3538 κατὰ
3099 3485 3198 3556 τὴν
3245 3483 3394 3557 ὤραν
3430 3485 3647 3555 ἐκείνην
3689 3486 3810 3547 ταῖς

2139 3573 2394 3626 ἀπάντων
2419 3571 2708 3642 κατέχεται
2742 3572 2918 3642 χερσὶ,
2973 3571 3069 3625 καὶ
3101 3571 3314 3625 δίδωσιν
3339 3571 3502 3625 αὑτὸν
3541 3573 3655 3634 τοῖς
3681 3571 3808 3640 βου-

2138 3659 2382 3730 λομένοις
2404 3657 2837 3729 περιπτύξασθαι
2857 3658 2954 3712 καὶ
2981 3657 3313 3730 περιλαϐεῖν.
3336 3657 3556 3711 Ποιοῦσι
3573 3658 3633 3712 δέ
3651 3657 3810 3710 τοῦτο

2138 3747 2339 3811 πάντες
2364 3745 2451 3800 διὰ
2496 3745 2607 3801 τῶν
2637 3745 2932 3818 ὀφθαλμῶν
2982 3747 3081 3817 τῆς
3111 3745 3369 3808 πίστεως.
3404 3741 3551 3817 Ἆρά
3591 3761 3676 3798 σοι
3711 3744 3808 3798 τοῦ

2141 3835 2600 3907 καταφρονεῖσθαι
2663 3834 2835 3888 ταῦτα
2875 3831 2998 3898 ἀξια
3046 3833 3459 3902 καταφαίνεται,
3496 3833 3530 3904 ἢ
3579 3833 3808 3887 τοιαῦτα

2140 3920 2380 3988 εἷναιὼς
2407 3921 2703 3992 δυνηθῆναί
2759 3939 2884 3976 τινα
2931 3921 3024 3974 καὶ
3078 3921 3388 3992 ἐπαρθῆναι
3436 3921 3555 3974 κατ’
3591 3921 3807 3986 αὐτῶνς

2139 4011 2328 4065 Βούλει
2350 4011 2443 4064 καὶ
2475 4009 2535 4075 ἐξ
2562 4009 2750 4082 ἐτέρου
2781 4009 3057 4078 θαύματος
3095 4007 3194 4078 τῆς
3253 4007 3570 4077 ἀγιαστείας
3600 4007 3812 4078 ταύτης

2143 4098 2270 4152 ἰδεῖν
2299 4099 2398 4170 τὴν
2439 4097 2780 4170 ὑπερϐολήνς
2837 4095 3152 4167 ὑπόγραψόν
3201 4113 3292 4166 μοι
3331 4096 3424 4149 τὸν
3458 4096 3646 4150 Ἠλίαν
3695 4099 3812 4158 τοῖς

2137 4185 2456 4256 ὀφθαλμοῖς,
2482 4185 2576 4239 καὶ
2605 4185 2696 4237 τὸν
2735 4183 2962 4255 ἄπειρον
3011 4183 3167 4253 ὄχλον
3193 4182 3556 4255 περιεστῶτα,
3585 4184 3679 4237 καὶ
3707 4183 3811 4254 τὴν

2140 4271 2328 4325 θυσίαν
2351 4272 2443 4325 ἐπὶ
2468 4271 2577 4325 τῶν
2595 4269 2759 4324 λίθων
2784 4269 3064 4341 κειμένην,
3088 4271 3182 4324 καὶ
3210 4271 3416 4334 πάντας
3455 4270 3554 4341 μὲν
3585 4273 3643 4324 ἐν
3671 4272 3811 4341 ησυ-

2139 4360 2233 4431 χία
2256 4360 2383 4422 τοὺς
2411 4358 2633 4416 λοιποὺς
2663 4358 2759 4411 καὶ
2787 4358 2956 4430 πολλῇ
2987 4361 3052 4430 τῇ
3085 4361 3233 4429 σιγῇ,
3284 4358 3443 4429 μόνον
3475 4358 3531 4412 δέ
3555 4357 3646 4412 τὸν
3675 4376 3813 4430 προ-

2141 4451 2318 4518 φήτην
2347 4445 2661 4516 εὐχόμενον⁹
2693 4439 2816 4499 εἶτα
2862 4446 3120 4517 ἐξαίφνης
3155 4446 3254 4516 τὴν
3290 4446 3463 4515 φλόγα
3496 4447 3560 4498 ἐκ
3580 4445 3690 4499 τῶν
3721 4448 3815 4499 οὑ-

2142 4533 2318 4606 ρανῶν
2344 4533 2494 4605 [585]
2555 4533 2648 4587 ἐπὶ
2707 4533 2767 4586 τὸ
2821 4534 3016 4605 ἱερεῖον
3075 4534 3440 4605 ῥιπτουμένην
3462 4551 3476 4564 ·
3519 4531 3816 4604 θαυμαστά

2139 4622 2312 4676 ταῦτα
2341 4622 2436 4675 καὶ
2465 4621 2646 4693 πάσης
2676 4619 2991 4692 ἐκπλήξεως
3017 4620 3274 4691 γέμοντα.
3315 4617 3598 4691 Μετάϐηθι
3632 4620 3818 4674 τοίνυν

2141 4708 2348 4763 ἐκεῖθεν
2379 4709 2472 4761 ἐπὶ
2502 4707 2572 4761 τά
2595 4707 2688 4761 νῦν
2728 4708 3058 4776 τελούμενα,
3111 4709 3206 4762 καὶ
3260 4709 3319 4762 οὑ
3356 4707 3649 4778 θαυμαστὰ
3691 4709 3815 4777 we:

2145 4796 2322 4866 μόνον,
2344 4793 2479 4849 ἀλλά
2505 4795 2597 4849 καί
2627 4795 2809 4848 πᾶσαν
2833 4794 3094 4866 ἔκπληξιν
3125 4794 3542 4866 ὑπερϐαίνοντα.
3565 4795 3813 4865 Ἐστηκε

2141 4882 2250 4952 7&9
2273 4883 2302 4935 ό
2336 4881 2535 4952 ἱερεὺς,
2570 4881 2632 4934 οὐ
2663 4881 2773 4953 πῦρ
2824 4883 3174 4952 καταφέρων,
3199 4882 3334 4936 ἀλλὰ
3381 4883 3441 4936 τὸ
3497 4883 3724 4954 Πνεῦμα
3753 4884 3817 4934 τὸ

2141 4968 2315 5038 ἀγιονο
2346 4969 2442 5022 καί
2465 4968 2564 5038 τὴν
2589 4969 2869 5040 ἱκετηρίαν
2905 4969 2996 5022 ἐπὶ
3021 4969 3155 5023 πολὺ
3191 4972 3440 5034 ποιεῖται,
3473 4971 3573 5040 οὐχ
3607 4971 3698 5024 ῖνα
3730 4987 3815 5032 τις

2139 5056 2361 5127 λαμπάς
2383 5056 2588 5110 ἄνωθεν
2641 5058 2903 5127 ἀφεθεῖσα
2949 5056 3304 5129 καταναλώσῃ
3351 5057 3418 5111 τὰ
3449 5058 3809 5130 προκείμενα,

2139 5143 2254 5197 ἀλλ’
2285 5143 2369 5196 ἵνα
2399 5146 2432 5213 ή
2461 5143 2619 5215 χάρις
2671 5143 3007 5198 ἐπιπεσοῦσα
3050 5148 3116 5216 τῇ
3175 5144 3337 5215 θυσίᾳ
3363 5146 3431 5198 δι’
3460 5145 3681 5216 ἐκείνης
3713 5145 3811 5208 τὰς

2139 5232 2394 5285 ἁπάντων
2421 5232 2602 5303 ἁνάψῃ
2627 5233 2824 5303 ψυχάς,
2851 5233 2947 5286 καὶ
2972 5233 3235 5304 ἀργυρίου
3259 5232 3650 5305 λαμπροτέρας
3680 5236 3815 5288 ἀπο-

2139 5319 2287 5389 δείξῃ
2317 5319 2734 5390 πεπυρωμένου.
2797 5320 3012 5392 Ταύτης
3062 5316 3155 5374 οὖν
3211 5319 3313 5389 τῆς
3363 5319 3810 5391 φρικωδεστάτης

2141 5399 2362 5476 τελετῆς
2406 5407 2491 5470 τίς
2545 5407 2619 5477 μὴ
2665 5407 2871 5478 σφόδρα
2923 5407 3266 5478 μαινόμενος,
3305 5406 3438 5477 μηδέ
3471 5407 3804 5480 ἐξεστηκὼς,

2205 5511 2230 5585 ξ
2252 5509 2456 5585 Quidam
2473 5511 2739 5585 τούναντίον
2808 5513 3193 5585 λόγος-περιτέτρ.

2206 5569 2234 5634 ξι
2258 5571 2427 5634 Morel.
2465 5573 2603 5619 εἶκαὶ
2629 5574 2690 5634 μή
2709 5569 2896 5631 πάντες,
2930 5569 3078 5623 Savil.
3106 5569 3163 5622 el-
3178 5587 3295 5622 mss.
3321 5575 3360 5620 εἰ
3380 5574 3459 5620 καὶ
3478 5573 3670 5630 πάντες.

2212 5633 2232 5699 ί¹
2251 5633 2399 5699 sai/il.
2426 5641 2480 5682 et
2499 5633 2684 5699 aliquoi
2709 5648 2822 5699 ayss.
2847 5635 3166 5699 ἀποκείσεται,
3195 5635 3363 5686 Morel.
3395 5635 3701 5687 ἐπικείσεται.

2221 5696 2235 5743 i
2264 5695 2459 5753 Aliqum
2485 5707 2600 5741 mss.
2627 5696 2707 5741 τὸν
2732 5696 2969 5760 ἀρχιερέα.
