3890 6220
226 190 324 245 641

232 320 341 357 ιιιιο
367 316 472 357 non
510 300 620 373 jam
661 300 923 370 superbia:
942 341 955 365 ,
997 298 1089 356 sed
1118 302 1361 356 amentia:
1382 316 1468 356 me
1496 314 1683 355 omnes
1715 300 1812 355 da-

232 400 483 447 mnarent
533 410 546 445 :
598 400 651 446 at
699 392 997 446 sacerdotio
1046 392 1349 462 proposito,
1416 392 1555 462 quod
1605 401 1809 448 tantum

231 486 458 555 imperio
505 484 785 538 sublimius
829 493 951 552 est,
997 494 1249 556 quantum
1294 489 1433 541 inter
1477 487 1718 556 spiritum
1760 495 1817 541 et

232 591 451 631 carnem
481 584 564 631 est
600 573 966 641 intervallum,
1008 576 1292 632 audebitne
1320 577 1578 647 quispiam
1606 593 1691 632 me
1720 592 1815 631 su-

232 665 430 734 perbia:
459 666 753 721 accusare?
805 665 907 733 Qui
946 681 1107 735 porro
1151 682 1257 721 non
1303 667 1589 722 absurdum
1634 667 1811 733 fuerit,

230 774 326 812 eos
355 760 443 827 qui
467 773 667 811 mmora
700 758 1189 827 respuuntinsanize
1215 773 1488 825 accusare,
1505 775 1598 814 eos
1614 767 1813 825 autem,

234 850 321 916 qui
354 850 403 901 in
434 849 588 918 longe
613 848 1011 903 sublimioribus
1048 848 1277 918 idipsum
1307 848 1542 914 faciunt,
1573 864 1677 904 non
1704 849 1814 917 jam

235 940 287 992 in
319 940 563 992 amenti:e
588 979 603 1003 ,
647 939 741 993 sed
782 940 834 993 in
863 938 1127 1008 superbia:
1165 940 1368 994 crimen
1394 940 1623 994 vocare?
1666 939 1816 994 llaud

234 1044 391 1080 secus
415 1042 477 1082 ac
501 1028 546 1081 si
575 1029 693 1098 quis
719 1043 839 1083 eum
863 1070 880 1094 ,
909 1029 998 1099 qui
1049 1029 1211 1084 boum
1241 1037 1540 1084 armentum
1569 1029 1815 1099 deSpiee-

237 1128 339 1181 ret,
366 1133 429 1171 ac
455 1117 713 1173 bubulcus
739 1133 858 1174 esse
880 1120 1062 1185 nollet,
1093 1135 1196 1174 non
1220 1119 1611 1190 superbiae,scd
1631 1134 1817 1175 amen-

238 1208 327 1258 tia:
378 1222 671 1271 accusans,
725 1222 846 1261 eum
902 1209 990 1278 qui
1038 1208 1199 1263 totius
1238 1210 1383 1264 orbis
1433 1210 1711 1281 imperium
1763 1217 1819 1264 et

236 1297 478 1350 omnium
500 1296 692 1366 ubique
721 1305 982 1352 terrarum
1007 1299 1334 1353 exercituum
1351 1299 1680 1355 dominatum
1710 1314 1815 1354 non

237 1388 539 1457 acciperet,
568 1402 674 1443 non
705 1388 939 1444 insanire
964 1389 1198 1456 diceret,
1231 1389 1324 1444 sed
1351 1391 1595 1461 superbia
1623 1391 1816 1447 inﬂari.

239 1475 346 1532 Sed
371 1492 478 1531 non
504 1478 573 1532 ita
597 1487 698 1543 est,
732 1493 836 1532 non
874 1479 943 1533 ita
968 1493 1117 1547 sane,
1150 1494 1320 1550 neque
1336 1495 1432 1535 nos
1447 1481 1634 1551 magis,
1659 1496 1817 1552 quam

238 1568 480 1636 scipsos,
508 1568 856 1623 criminantur
880 1568 969 1638 qui
1001 1569 1113 1623 lucc
1135 1569 1398 1638 jactitant.
1443 1570 1575 1625 Nam
1611 1572 1693 1626 vel
1722 1588 1819 1627 co-

238 1659 437 1726 gitasse
478 1666 716 1725 tantum,
765 1660 906 1729 quod
939 1660 1107 1728 possit
1136 1659 1362 1714 humana
1405 1672 1592 1716 natura
1620 1670 1818 1718 tantam

239 1747 514 1815 despicere
526 1747 856 1818 dignitatem,
886 1750 1013 1803 satis
1039 1748 1235 1804 indicat
1249 1750 1374 1820 quid
1396 1750 1663 1821 opinionis
1680 1752 1820 1807 circa

242 1838 389 1891 illam
416 1838 641 1893 habeant
668 1837 759 1908 qui
788 1837 841 1893 id
873 1840 1203 1909 protulerunt
1233 1858 1247 1895 :
1280 1840 1380 1896 nisi
1408 1840 1549 1896 enim
1580 1850 1822 1911 putarent

239 1944 364 1982 csse
391 1944 503 1984 rem
534 1929 703 1984 levem
733 1944 797 1987 ac
822 1931 969 2001 parvi
996 1932 1148 2000 pretii
1176 1972 1191 1997 ,
1226 1946 1511 2001 numquam
1543 1933 1673 2003 ipsis
1701 1933 1822 1987 talis

244 2020 479 2088 suspicio
506 2019 559 2073 in
600 2030 833 2075 mentem
857 2021 1109 2076 venisset.
1164 2021 1273 2075 Cur
1296 2022 1436 2076 enim
1473 2022 1540 2077 de
1582 2024 1820 2093 angelica

240 2109 500 2179 dignitate
541 2110 715 2164 nullus
750 2126 1001 2180 umquam
1048 2111 1174 2182 quid
1217 2112 1391 2167 simile
1436 2114 1693 2182 suspicari
1738 2115 1821 2169 Vel

242 2200 424 2255 dicere
451 2214 610 2254 ausus
634 2209 736 2265 est,
764 2216 957 2269 nempe
988 2202 1273 2256 humanum
1302 2217 1423 2257 esse
1446 2204 1703 2271 animum,
1732 2205 1821 2274 qui

243 2305 357 2359 pra:
401 2291 646 2359 superbia
688 2292 818 2345 nolit
856 2290 923 2345 ad
966 2292 1107 2347 illius
1136 2302 1337 2347 natura:
1364 2292 1671 2363 dignitatem
1699 2309 1822 2363 pcr-

242 2379 471 2433 venire?
519 2379 701 2450 Magna
748 2380 942 2450 quippe
983 2381 1310 2450 concipimus
1355 2381 1423 2436 de
1468 2382 1823 2438 Potestatibus

242 2470 353 2523 illis
375 2507 392 2535 ,
440 2470 596 2541 idque
639 2471 857 2540 impedit
882 2472 1166 2541 quominus
1195 2471 1476 2526 credamus
1497 2513 1510 2536 ,
1538 2487 1696 2543 posse
1724 2474 1822 2528 ho-

240 2564 445 2617 minem
486 2563 755 2633 quidpiam
786 2564 956 2633 majus
987 2563 1191 2620 honore
1231 2564 1322 2620 illo
1366 2579 1575 2634 sapere.
1620 2565 1738 2633 Quo
1768 2566 1825 2621 ﬁt

241 2664 308 2707 ut
330 2654 447 2722 jure
467 2655 585 2724 quis
613 2654 732 2709 illos
759 2656 935 2723 potius
962 2656 1225 2725 superbia:
1253 2666 1487 2725 accuset,
1515 2658 1605 2729 qui
1635 2659 1734 2715 hac
1759 2659 1828 2715 de

243 2761 309 2799 re
345 2760 441 2801 nos
466 2746 836 2802 criminantur.
884 2747 1067 2819 Neque
1092 2749 1234 2805 enim
1261 2749 1313 2804 id
1336 2749 1405 2804 de
1431 2751 1550 2805 aliis
1575 2751 1826 2821 suspicati

245 2830 517 2901 fuissent,
548 2836 650 2891 nisi
696 2837 843 2906 prius
881 2853 997 2893 rem
1037 2838 1206 2909 ipsam
1237 2840 1387 2909 quasi
1434 2840 1628 2895 nullius
1671 2842 1827 2911 pretii

242 2928 626 2984 aestimassent.
669 2929 836 2985 Porro
864 2931 907 2985 si
947 2932 999 2986 id
1026 2947 1113 2989 me
1140 2933 1321 3002 gloria:
1347 2947 1506 2988 causa
1532 2932 1718 2988 fecisse
1743 2932 1828 2988 di-

241 3029 375 3073 cant
393 3059 409 3083 ,
453 3034 632 3075 secum
661 3019 942 3076 dissentire
970 3037 1033 3076 ac
1060 3038 1293 3093 pugnare
1322 3024 1497 3095 palam
1524 3022 1829 3093 deprehen-

241 3108 486 3166 dentur:
519 3112 699 3166 nescio
737 3112 877 3166 enim
928 3128 1086 3183 qttam
1133 3113 1291 3168 aliam
1335 3113 1630 3169 orationem
1678 3129 1829 3184 qua:-

243 3199 539 3267 sivissent,
585 3199 633 3254 si
676 3215 775 3256 nos
810 3201 877 3256 ab
922 3201 1093 3257 inanis
1119 3202 1303 3273 gloriae
1340 3203 1565 3259 crimine
1602 3202 1831 3261 liberare

244 3289 563 3345 voluissent.

324 3378 379 3433 2.
422 3379 533 3434 Nos
557 3397 660 3435 non
692 3390 896 3452 propter
921 3399 1102 3436 vanam
1120 3383 1334 3453 gloriam
1364 3384 1575 3455 fugisse.
1601 3413 1674 3425 —
1694 3383 1828 3440 Nam

244 3470 295 3524 si
328 3469 626 3539 hujusmodi
656 3486 741 3527 me
770 3487 1017 3543 umquam
1047 3488 1197 3529 amor
1224 3476 1435 3540 invasit,
1466 3476 1708 3546 accipere
1733 3492 1831 3547 po-

248 3562 391 3625 tius,
420 3576 577 3631 quam
603 3561 781 3632 fugere
809 3565 1059 3632 Oportuit.
1091 3564 1302 3633 Quare?
1343 3567 1477 3634 Quia
1506 3583 1750 3639 magnam
1778 3568 1830 3624 id

246 3650 413 3705 nobis
436 3652 657 3721 gloriam
686 3654 968 3709 attulisset.
1016 3655 1288 3727 Siquidem
1317 3658 1487 3713 virum
1522 3660 1622 3714 hac
1648 3668 1828 3726 :etate,

248 3741 348 3811 qui
379 3758 547 3811 nuper
574 3758 602 3796 a
635 3745 976 3800 smcularibus
1003 3748 1145 3801 curis
1182 3762 1241 3803 se
1266 3748 1587 3804 abdicaverit
1608 3791 1623 3812 ,
1667 3764 1835 3821 usque

252 3833 396 3886 adeo
422 3834 792 3889 admirandum
833 3836 973 3906 apud
1003 3852 1191 3892 omnes
1229 3837 1516 3908 derepente
1545 3841 1747 3907 videri,
1777 3849 1837 3896 ut

252 3924 325 3978 iis
352 3924 508 3977 etiam
532 3966 548 3990 ,
574 3926 664 3994 qui
695 3926 747 3980 in
779 3925 1079 3996 hujusmodi
1126 3927 1393 3984 laboribus
1422 3938 1583 3983 totam
1622 3940 1833 3984 mtatem

252 4014 635 4070 eontrivissent
660 4016 1014 4071 anteferretur
1035 4058 1052 4083 ,
1087 4028 1140 4072 et
1170 4019 1317 4087 plura
1348 4018 1431 4072 his
1458 4020 1704 4073 omnibus
1725 4019 1837 4073 suf-

253 4105 428 4174 fragia
455 4107 752 4176 acciperet;
785 4108 837 4162 id
862 4120 1008 4164 certe
1034 4124 1277 4179 magnam
1303 4117 1357 4163 et
1381 4110 1745 4165 admirabilem
1770 4110 1838 4166 de

256 4198 416 4252 nobis
441 4199 744 4268 opinionem
777 4202 1024 4257 omnibus
1052 4202 1366 4269 indidisset,
1394 4218 1597 4273 nosque
1625 4204 1839 4273 conspi-

254 4303 395 4343 cuos
416 4298 469 4344 et
496 4290 727 4345 illustres
754 4291 1095 4347 exhibuisset.
1133 4286 1297 4347 iNunc
1341 4308 1466 4348 vero
1490 4334 1506 4360 ,
1534 4294 1713 4363 paucis
1741 4309 1837 4349 ex-

254 4379 451 4447 ceptis,
483 4378 709 4433 maxima
740 4394 862 4450 pars
893 4380 1145 4435 Ecclesia:
1173 4397 1273 4436 nos
1297 4396 1363 4436 ne
1387 4384 1601 4437 nomine
1625 4382 1838 4453 quidem

257 4476 459 4521 norunt
491 4486 505 4521 :
537 4469 671 4524 adeo
698 4480 753 4523 ut
780 4486 846 4524 ne
870 4471 1119 4526 omnibus
1139 4472 1351 4542 quidem
1394 4482 1576 4528 notum
1603 4474 1672 4529 sit
1695 4474 1837 4544 quod

256 4559 639 4626 abuuerimus,
679 4560 773 4615 sed
803 4562 983 4631 paucis
1013 4570 1249 4629 tantum,
1284 4577 1419 4633 quos
1446 4573 1621 4619 tamen
1651 4580 1840 4621 onmes

259 4666 371 4703 non
415 4659 544 4721 puto
586 4653 751 4721 probe
786 4668 944 4709 nosse
987 4654 1112 4724 quid
1153 4665 1360 4725 gestum
1399 4657 1468 4711 sit
1502 4658 1839 4714 :verisimile

257 4752 441 4794 autem
479 4750 561 4796 est
597 4757 780 4797 eorum
825 4744 1021 4798 multos
1054 4754 1147 4799 aut
1176 4746 1476 4802 nullatenus
1504 4763 1602 4803 nos
1637 4749 1838 4803 electos

263 4832 433 4888 fuisse
461 4847 679 4889 censere
702 4875 718 4900 ,
769 4844 827 4889 ut
869 4844 986 4904 post
1024 4836 1335 4892 electionem
1364 4838 1613 4909 depulsos
1653 4838 1837 4906 fuisse,

259 4932 317 4977 nt
353 4938 455 4976 non
485 4931 567 4977 sat
593 4923 813 4978 idoneos
838 4926 1001 4991 visos,
1031 4942 1202 4995 neque
1231 4936 1418 4995 Sponte
1445 4927 1730 4999 aufugisse.

334 5013 393 5066 5.
440 5012 501 5067 Si
545 5014 759 5084 gloriam
807 5017 1301 5085 concupisceremus,
1354 5018 1454 5072 tale
1509 5019 1839 5073 ministerium

258 5104 448 5173 eligere
482 5104 722 5173 oportuit.
750 5134 818 5143 —
840 5104 1057 5159 BASIL.
1087 5106 1157 5159 At
1193 5107 1281 5177 qui
1322 5123 1432 5161 rem
1476 5124 1600 5163 vere
1642 5110 1837 5173 sciunt,

260 5193 617 5248 mirabuntur.
649 5193 1023 5250 CIIRYSOST.
1058 5198 1211 5266 Atqui
1245 5198 1341 5252 hos
1368 5197 1511 5267 ipsos
1536 5198 1712 5253 dixisti
1743 5214 1841 5253 no-

258 5289 347 5341 bis
377 5300 526 5339 vanae
555 5288 739 5354 gloria:
766 5303 829 5342 ac
856 5289 1119 5357 superbia:
1156 5290 1357 5343 crimen
1399 5290 1612 5344 oll'erre.
1659 5291 1839 5347 Unde-

264 5394 389 5431 tzam
413 5378 568 5445 igitur
592 5377 707 5431 laus
725 5379 984 5448 speranda
1002 5380 1124 5433 est?
1149 5381 1195 5433 Α
1224 5380 1596 5435 multitudine?
1622 5382 1839 5448 Atrem,

263 5480 323 5523 ut
363 5478 570 5537 peracta
598 5478 713 5536 est,
755 5471 1015 5526 nesciunt.
1058 5474 1098 5526 Α
1138 5472 1355 5541 paucis?
1390 5472 1493 5528 Sed
1522 5472 1605 5528 hic
1634 5490 1844 5545 quoque

265 5559 424 5615 nobis
451 5575 538 5617 res
572 5559 626 5615 in
665 5562 988 5618 contrarium
1025 5562 1234 5619 cecidit.
1288 5562 1467 5633 Neque
1495 5564 1598 5617 alio
1626 5566 1841 5621 nomine

1368 185 1456 241 DE
1494 181 1935 240 SACERDOTIO.
1977 182 2104 243 LIB.
2130 181 2214 239 111.

3388 185 3495 252 643

1926 298 2026 352 huc
2060 300 2327 367 ingressus
2353 313 2411 354 es
2431 340 2445 364 ,
2485 314 2642 367 quam
2673 306 2731 353 ut
2754 297 3017 355 edisccrcs
3040 340 3056 364 ,
3101 314 3219 369 qua:
3242 298 3497 354 adversus

1918 402 2012 442 eos
2037 388 2276 443 defensio
2316 389 2544 458 paranda
2585 389 2672 443 sit.
2718 388 2853 455 Quid
2882 404 3008 443 vero
3035 386 3134 443 bac
3161 388 3229 443 de
3256 404 3315 442 re
3336 402 3491 443 arcu-

1920 489 2032 532 rate
2075 492 2214 532 nunc
2256 478 2560 548 proferam?
2612 479 2763 547 Quod
2814 480 2956 534 enim
3001 480 3207 533 etiamsi
3250 475 3497 535 omnibus

1920 571 1995 623 rei
2027 570 2218 624 veritas
2261 580 2384 624 nota
2429 579 2571 624 esset
2594 612 2609 636 ,
2659 586 2726 624 ne
2768 571 2845 625 sic
2873 569 3087 640 quidem
3116 569 3379 639 superbia:
3406 581 3498 623 aut

1920 674 2070 713 vana:
2114 659 2295 729 gloriae
2333 674 2581 713 accusare
2627 669 2933 728 oporteret,
2978 659 3021 714 si
3060 660 3273 729 paulum
3303 673 3496 727 exspe-

1919 760 2053 814 ctes,
2084 750 2133 804 id
2166 750 2380 819 planum
2413 750 2502 805 tibi
2533 751 2655 815 erit,
2687 758 2845 820 atque
2872 750 3090 820 insuper
3120 749 3270 816 illud,
3307 764 3498 818 nempe

1920 856 2025 895 non
2058 842 2121 895 iis
2150 841 2309 896 modo
2350 842 2437 911 qui
2468 840 2519 895 id
2545 841 2662 895 ausi
2705 840 2939 905 fuerint,
2984 842 3026 895 si
3058 850 3233 895 tamen
3263 839 3380 911 quis
3412 856 3498 894 re-

1921 934 2156 1004 periatur
2182 936 2199 1003 (
2228 950 2331 989 non
2356 935 2498 990 enim
2544 934 2699 991 facile
2737 936 2991 1005 credam)
3020 975 3036 1001 ,
3083 934 3179 989 sed
3207 933 3367 989 etiam
3407 933 3495 997 iis,

1919 1024 2010 1095 qui
2050 1024 2117 1080 de
2159 1025 2277 1081 aliis
2324 1026 2696 1097 suSpicantur,
2745 1026 3038 1097 periculum
3080 1040 3184 1080 non
3229 1023 3497 1079 modicum

1920 1118 2220 1173 imminere.

1991 1209 2046 1264 4.
2077 1207 2413 1263 Tremendum
2453 1225 2558 1264 esse
2593 1224 2728 1262 nunc
2769 1206 3106 1262 sacerdotium
3144 1204 3304 1274 magis
3341 1219 3493 1273 quam

1921 1300 1974 1354 in
1996 1301 2147 1355 veteri
2170 1299 2319 1371 Lege.
2352 1329 2424 1339 —
2449 1298 2816 1354 Sacerdotium
2856 1296 2999 1351 enim
3042 1295 3093 1349 in
3122 1304 3262 1349 terra
3294 1294 3501 1363 peragi-

1922 1401 2008 1447 tur
2029 1433 2045 1457 ,
2074 1390 2168 1447 sed
2188 1390 2478 1446 crelestium
2507 1389 2752 1443 ordinum
2778 1388 3007 1443 classem
3032 1385 3235 1440 obtinet
3264 1402 3277 1437 :
3305 1392 3358 1437 et
3377 1382 3500 1453 jure

1922 1484 2135 1554 quidem
2166 1483 2374 1538 merito.
2423 1480 2537 1536 Non
2566 1481 2709 1536 enim
2748 1478 2909 1533 homo
2933 1518 2948 1541 ,
2977 1491 3081 1531 non
3106 1476 3361 1547 angelus,
3394 1489 3502 1529 non

1922 1575 2274 1647 arcliangclus
2297 1614 2311 1640 ,
2356 1588 2463 1628 non
2491 1572 2592 1626 alia
2621 1571 2880 1642 quaepiam
2906 1577 3086 1623 creata
3118 1576 3375 1637 potestas,
3405 1565 3500 1619 sed

1924 1667 2037 1737 ipse
2057 1665 2363 1720 Paracletus
2389 1662 2490 1717 hoc
2513 1661 2748 1717 ofﬁcium
2778 1657 3078 1725 ordinavit,
3123 1656 3213 1726 qui
3243 1656 3502 1710 manenti-

1923 1755 2023 1809 bus
2048 1754 2102 1809 in
2137 1767 2299 1809 carne
2335 1760 2520 1807 auctor
2559 1751 2657 1805 fuit
2692 1758 2750 1804 ut
2794 1748 3101 1818 angelorum
3149 1743 3501 1800 ministerium

1922 1848 2104 1902 animo
2144 1845 2504 1915 conciperent.
2554 1842 2755 1897 Idcirco
2807 1838 3164 1895 sacerdotium
3210 1836 3496 1893 obeuntem

1926 1940 1996 1993 ita
2027 1953 2215 2009 purum
2241 1952 2359 1992 esse
2384 1936 2536 1990 decet
2556 1974 2571 1999 ,
2616 1949 2679 1988 ac
2704 1933 2748 1988 si
2790 1934 2843 1987 in
2866 1932 3011 1986 caelis
3045 1930 3185 1984 inter
3213 1937 3504 1999 potestates

1926 2029 2045 2083 illas
2065 2028 2359 2083 collocatus
2401 2034 2565 2080 esset.
2618 2022 2900 2078 Terribilia
2948 2034 3175 2088 namque
3205 2026 3355 2072 erant
3383 2032 3503 2087 qua:

1923 2119 2145 2189 gratiam
2176 2125 2559 2186 praecesserunt
2590 2113 2782 2185 (Exod.
2828 2112 2920 2181 28)
2949 2128 2962 2163 :
2989 2109 3164 2181 qualia
3205 2116 3358 2163 erant
3403 2108 3503 2162 tin-

1928 2207 2197 2263 tinnabula
2223 2246 2239 2272 ,
2271 2206 2406 2260 mala
2434 2205 2619 2274 punica
2643 2244 2658 2268 ,
2689 2202 2889 2272 lapides
2921 2200 2971 2253 itt
3005 2206 3221 2270 pectore
3248 2198 3424 2269 positi,
3450 2208 3502 2252 et

1925 2298 2015 2352 alii
2041 2298 2093 2352 in
2139 2294 2556 2365 superbumerali
2583 2334 2597 2358 ,
2641 2294 2794 2347 mitra
2817 2332 2833 2358 ,
2863 2291 3089 2355 cidaris,
3120 2290 3378 2360 poderes,
3423 2289 3504 2342 la-

1928 2387 2069 2442 mina
2107 2402 2305 2453 aurea,
2354 2394 2534 2439 sancta
2564 2394 2898 2448 sanctorum,
2944 2383 3131 2451 ingens
3158 2381 3300 2435 intus
3328 2380 3502 2450 quies.

1929 2483 1997 2535 At
2022 2482 2064 2535 si
2093 2480 2211 2551 quis
2241 2494 2304 2535 ea
2324 2521 2338 2544 ,
2380 2494 2498 2549 quae
2524 2478 2589 2531 ad
2615 2477 2839 2545 gratiam
2867 2484 3110 2546 spectant
3133 2515 3147 2539 ,
3175 2472 3502 2536 consideret,

1931 2572 2182 2628 terribilia
2209 2571 2296 2624 illa
2321 2579 2480 2639 atque
2509 2567 2760 2622 horriﬁca
2782 2606 2798 2633 ,
2836 2581 2997 2635 parva
3026 2580 3146 2621 esse
3175 2563 3505 2634 comperiet:

1927 2677 1990 2717 ac
2014 2662 2155 2731 quod
2185 2660 2252 2715 de
2281 2660 2398 2730 lege
2440 2659 2639 2714 dictum
2669 2666 2784 2723 est,
2835 2657 2921 2711 hic
2959 2670 3170 2727 quoque
3199 2670 3380 2709 verum
3406 2653 3507 2708 dea

1930 2750 2320 2822 prehenderet;
2349 2763 2540 2819 nempe
2563 2791 2579 2814 ,
2614 2746 2735 2801 Non
2761 2746 3101 2817 gloriﬁcatum
3124 2754 3201 2799 est
3237 2744 3371 2815 quod
3399 2743 3506 2797 οια-

1928 2842 2028 2895 ruit
2069 2842 2123 2895 in
2165 2842 2259 2893 hac
2292 2850 2438 2911 parte
2468 2848 2674 2909 propter
2694 2837 3013 2891 excellentem
3040 2835 3253 2907 gloriam
3278 2834 3355 2905 (2.
3384 2833 3505 2889 Cor.

1929 2934 1984 2987 3.
2018 2933 2131 3003 10).
2161 2932 2295 2987 Cum
2335 2931 2477 2985 enim
2519 2928 2716 2983 videris
2761 2926 3041 2981 Dominum
3085 2925 3415 2979 intmol..tum
3453 2933 3509 2979 et

1928 3025 2189 3093 iacentem
2212 3063 2228 3088 ,
2266 3030 2321 3077 et
2385 3020 2714 3075 sacerdotem
2745 3021 2761 3050 ι
2806 3016 3067 3072 sacriﬁcio
3110 3017 3506 3071 incumbentem

1930 3128 1995 3167 ac
2035 3122 2370 3183 precantem,
2418 3124 2709 3179 omnesque
2752 3111 2986 3177 pretioso
3014 3106 3106 3160 illo
3129 3106 3385 3175 sanguine
3413 3121 3506 3159 ru-

1932 3206 2140 3270 bentes,
2171 3218 2238 3258 an
2271 3211 2422 3272 putas
2448 3210 2500 3257 te
2533 3200 2705 3255 adhuc
2731 3216 2849 3255 cum
2877 3200 3177 3254 hominibus
3206 3206 3262 3254 et
3286 3198 3339 3252 in
3369 3207 3510 3255 terra

1933 3295 2092 3350 esse?
2145 3309 2321 3349 annon
2362 3292 2537 3362 potius
2579 3292 2632 3346 in
2681 3291 2842 3346 cados
2887 3289 3207 3357 translatus,
3258 3288 3511 3359 omnique

1936 3386 2136 3442 carnali
2170 3386 2490 3456 cogitatione
2514 3383 2781 3439 eliminata
2804 3424 2820 3449 ,
2854 3382 2997 3436 nudo
3023 3382 3202 3436 animo
3228 3390 3513 3451 menteque

1936 3490 2067 3546 pura
2097 3491 2215 3544 qua:
2254 3475 2306 3530 in
2333 3473 2481 3528 caalis
2506 3480 2631 3527 sunt
2654 3471 3051 3539 circumspicis?
3089 3470 3133 3525 Ο
3160 3470 3508 3525 miraculum!

1935 3582 1969 3621 ο
1999 3567 2093 3621 Dei
2119 3564 2522 3635 benignitatem!
2577 3562 2681 3631 Qui
2722 3576 2842 3616 cum
2882 3561 3039 3616 Patre
3086 3576 3295 3615 sursum
3339 3559 3510 3626 sedet,

1938 3656 2023 3710 illa
2052 3656 2180 3709 hora
2210 3656 2447 3709 omnium
2473 3653 2717 3707 manibus
2743 3660 2954 3707 tenetur
2976 3691 2993 3717 ,
3036 3665 3260 3720 seseque
3290 3650 3514 3705 volenti-

1939 3749 2039 3804 bus
2060 3749 2153 3803 dat
2178 3746 2636 3817 complectentium
2661 3754 2716 3800 et
2751 3743 3139 3815 accipiendum.
3171 3742 3306 3797 lllud
3336 3753 3515 3797 autem

1937 3855 2129 3896 omnes
2158 3838 2355 3893 faciunt
2380 3838 2548 3893 oculis
2578 3836 2721 3890 ﬁdei.
2768 3835 2906 3890 Num
2933 3835 3027 3889 tibi
3057 3836 3169 3888 ιιωο
3206 3840 3515 3902 contemptu

1939 3933 2098 4002 digna
2125 3930 2403 3984 videntur?
2450 3944 2518 3982 an
2560 3926 2863 3996 hujusmodi
2903 3940 3057 3990 esse,
3089 3931 3147 3978 ut
3175 3925 3343 3993 possit
3365 3924 3515 3993 quis-

1940 4025 2080 4093 piam
2134 4020 2391 4075 adversus
2436 4034 2500 4074 ea
2551 4018 2780 4074 extolli?
2833 4016 2997 4071 Visne
3047 4025 3102 4072 et
3151 4015 3516 4069 sanctimonia:

1942 4115 2081 4169 illius
2119 4111 2486 4167 excellentiam
2513 4126 2577 4165 ex
2607 4109 2712 4163 alio
2741 4107 2999 4163 miraculo
3035 4104 3370 4177 perspicere?
3415 4104 3518 4159 lle-

1943 4205 2064 4259 liam
2093 4203 2222 4257 mibi
2251 4202 2321 4257 ob
2349 4202 2531 4257 oculos
2552 4201 2777 4270 depioge
2795 4241 2810 4262 ,
2841 4200 3260 4269 immensamque
3285 4197 3520 4252 circum-

1942 4297 2114 4353 fusam
2152 4296 2395 4361 turbam,
2423 4304 2477 4349 et
2526 4293 2753 4348 hostiam
2799 4292 3057 4361 lapidibus
3094 4290 3393 4360 impositam
3424 4285 3518 4361 (5.

1944 4387 2071 4458 Reg.
2105 4386 2207 4457 18)
2240 4404 2254 4441 :
2285 4396 2443 4456 atque
2468 4398 2654 4440 onmes
2677 4384 2809 4438 alios
2839 4384 2889 4436 in
2915 4383 3091 4453 quiete
3125 4391 3177 4437 et
3216 4396 3409 4452 magno
3438 4380 3521 4435 si-

1944 4479 2109 4534 lentio
2148 4485 2350 4532 stantes
2374 4517 2390 4542 ,
2431 4477 2602 4531 solum
2640 4490 2768 4529 vero
2809 4474 3123 4544 prophetam
3167 4480 3517 4542 precantem:

1944 4580 2057 4625 tum
2083 4579 2303 4639 repente
2340 4566 2609 4623 ﬂammam
2635 4581 2702 4622 ex
2742 4564 2889 4621 ctelis
2926 4566 2978 4619 in
3019 4562 3336 4619 sacriﬁcium
3380 4561 3520 4631 inje-

1943 4669 2104 4716 ctam.
2131 4659 2455 4714 Admiranda
2481 4666 2607 4714 sunt
2634 4657 2749 4712 haec
2769 4695 2786 4723 ,
2817 4655 3070 4726 omnique
3094 4664 3312 4724 stupore
3338 4654 3517 4723 plena.

1945 4753 2093 4807 Illinc
2117 4761 2168 4807 te
2194 4754 2417 4806 transfer
2444 4751 2509 4804 ad
2535 4766 2595 4804 ea
2625 4765 2744 4820 qua:
2775 4764 2914 4804 nunc
2940 4757 3290 4819 peraguntur,
3320 4760 3385 4802 ac
3413 4762 3519 4802 non

1944 4846 2076 4900 mira
2106 4854 2309 4897 tantum
2337 4842 2569 4905 videbis,
2598 4840 2691 4895 sed
2712 4854 2927 4894 omnem
2955 4850 3228 4910 stuporem
3254 4852 3520 4909 superan-

1948 4937 2037 4990 tia.
2060 4934 2173 4990 Stat
2202 4935 2344 4988 enim
2373 4930 2643 4994 sacerdos,
2675 4945 2781 4984 non
2813 4930 2987 5000 ignem
3013 4938 3246 4999 gestans,
3276 4928 3369 4983 sed
3402 4927 3525 4998 Spi-

1946 5027 2106 5080 ritum
2136 5034 2410 5088 sanctum;
2460 5036 2647 5092 preces
2696 5021 2861 5074 multo
2901 5029 3137 5089 tempore
3177 5017 3387 5083 fundit,
3416 5032 3521 5079 non

1946 5126 2003 5170 ut
2034 5118 2115 5169 fax
2138 5115 2364 5170 demissa
2393 5114 2595 5167 cmlitus
2618 5112 2855 5180 apposita
2875 5121 3172 5175 consumat,
3201 5110 3293 5164 sed
3323 5120 3377 5163 ut
3404 5124 3524 5179 gra-

1949 5209 2017 5261 tia
2064 5209 2114 5261 in
2162 5204 2478 5260 sacriﬁcium
2517 5202 2731 5271 delapsa
2772 5217 2869 5271 per
2893 5200 3019 5255 illud
3046 5200 3282 5253 omnium
3316 5198 3524 5251 animos

1950 5301 2276 5365 inﬂammet,
2325 5306 2379 5352 et
2426 5304 2644 5366 argento
2692 5295 2812 5365 igne
2866 5301 3089 5364 purgato
3134 5289 3522 5362 splendidiores

1947 5393 2213 5450 exhibeat.
2244 5390 2354 5445 lloc
2373 5389 2549 5459 itaque
2578 5387 3021 5443 terribilissimum
3052 5383 3383 5455 mysterium,
3406 5380 3525 5451 quis

2012 5572 2029 5602 ί
2066 5564 2251 5629 Aliquot
2270 5572 2395 5627 Mss,
2420 5561 2704 5627 pontiﬁcem.
