  <div class='ocr_page' id='page_1' title='image "/cluster/home/n/w/nwhite01/storage/ocr_20150623/48/nnc1.0046978267/123.png"; bbox 0 0 3890 6220; ppageno 0'>
   <div class='ocr_carea' id='block_1_1' title="bbox 407 345 1995 418">
    <p class='ocr_par' dir='ltr' id='par_1_1' title="bbox 407 345 1995 418">
     <span class='ocr_line' id='line_1_1' title="bbox 407 345 1995 418; baseline -0.01 -5"><span class='ocrx_word' id='word_1_1' title='bbox 407 355 625 413; x_wconf 87' lang='lat' dir='ltr'><strong>tandem</strong></span> <span class='ocrx_word' id='word_1_2' title='bbox 647 393 666 418; x_wconf 93' lang='lat'><strong>,</strong></span> <span class='ocrx_word' id='word_1_3' title='bbox 713 351 814 407; x_wconf 90' lang='lat' dir='ltr'><strong>nisi</strong></span> <span class='ocrx_word' id='word_1_4' title='bbox 855 346 1137 405; x_wconf 77' lang='lat' dir='ltr'><strong>admodum</strong></span> <span class='ocrx_word' id='word_1_5' title='bbox 1185 346 1450 408; x_wconf 90' lang='lat' dir='ltr'><strong>insaniat,</strong></span> <span class='ocrx_word' id='word_1_6' title='bbox 1485 345 1563 399; x_wconf 85' lang='lat' dir='ltr'><strong>vel</strong></span> <span class='ocrx_word' id='word_1_7' title='bbox 1594 353 1770 399; x_wconf 89' lang='lat' dir='ltr'><strong>mente</strong></span> <span class='ocrx_word' id='word_1_8' title='bbox 1795 353 1995 413; x_wconf 16' lang='lat' dir='ltr'><strong>captus;</strong></span> 
     </span>
    </p>
   </div>
   <div class='ocr_carea' id='block_1_2' title="bbox 407 435 1984 514">
    <p class='ocr_par' dir='ltr' id='par_1_2' title="bbox 407 435 1984 514">
     <span class='ocr_line' id='line_1_2' title="bbox 407 435 1984 514; baseline -0.009 -13"><span class='ocrx_word' id='word_1_9' title='bbox 407 448 507 513; x_wconf 90' lang='lat' dir='ltr'><strong>sit,</strong></span> <span class='ocrx_word' id='word_1_10' title='bbox 539 443 813 514; x_wconf 86' lang='lat' dir='ltr'><strong>despicere</strong></span> <span class='ocrx_word' id='word_1_11' title='bbox 837 440 1037 511; x_wconf 81' lang='lat' dir='ltr'><strong>queat?</strong></span> <span class='ocrx_word' id='word_1_12' title='bbox 1085 439 1165 493; x_wconf 81' lang='lat' dir='ltr'><strong>An</strong></span> <span class='ocrx_word' id='word_1_13' title='bbox 1194 438 1409 507; x_wconf 84' lang='lat' dir='ltr'><strong>ignoras</strong></span> <span class='ocrx_word' id='word_1_14' title='bbox 1439 435 1724 490; x_wconf 89' lang='lat' dir='ltr'><strong>humanam</strong></span> <span class='ocrx_word' id='word_1_15' title='bbox 1755 438 1984 489; x_wconf 90' lang='lat' dir='ltr'><strong>animam</strong></span> 
     </span>
    </p>
   </div>
   <div class='ocr_carea' id='block_1_3' title="bbox 409 527 1985 608">
    <p class='ocr_par' dir='ltr' id='par_1_3' title="bbox 409 527 1985 608">
     <span class='ocr_line' id='line_1_3' title="bbox 409 527 1985 608; baseline -0.009 -15"><span class='ocrx_word' id='word_1_16' title='bbox 409 539 584 608; x_wconf 80' lang='lat' dir='ltr'><strong>ignem</strong></span> <span class='ocrx_word' id='word_1_17' title='bbox 607 533 848 588; x_wconf 75' lang='lat' dir='ltr'><strong>sacrificii</strong></span> <span class='ocrx_word' id='word_1_18' title='bbox 873 527 1168 601; x_wconf 75' lang='lat' dir='ltr'><strong>huiusmodi</strong></span> <span class='ocrx_word' id='word_1_19' title='bbox 1190 543 1475 597; x_wconf 86' lang='lat' dir='ltr'><strong>numquam</strong></span> <span class='ocrx_word' id='word_1_20' title='bbox 1496 538 1703 597; x_wconf 84' lang='lat' dir='ltr'><strong>gestare</strong></span> <span class='ocrx_word' id='word_1_21' title='bbox 1729 527 1985 597; x_wconf 62' lang='lat' dir='ltr'><strong>potuisse,</strong></span> 
     </span>
    </p>
   </div>
   <div class='ocr_carea' id='block_1_4' title="bbox 410 619 1985 690">
    <p class='ocr_par' dir='ltr' id='par_1_4' title="bbox 410 619 1985 690">
     <span class='ocr_line' id='line_1_4' title="bbox 410 619 1985 690; baseline -0.007 -7"><span class='ocrx_word' id='word_1_22' title='bbox 410 629 507 683; x_wconf 89' lang='lat' dir='ltr'><strong>sed</strong></span> <span class='ocrx_word' id='word_1_23' title='bbox 533 641 719 681; x_wconf 90' lang='lat' dir='ltr'><strong>omnes</strong></span> <span class='ocrx_word' id='word_1_24' title='bbox 763 623 996 678; x_wconf 83' lang='lat' dir='ltr'><strong>funditus</strong></span> <span class='ocrx_word' id='word_1_25' title='bbox 1029 623 1302 690; x_wconf 84' lang='lat' dir='ltr'><strong>perituros</strong></span> <span class='ocrx_word' id='word_1_26' title='bbox 1344 619 1546 685; x_wconf 81' lang='lat' dir='ltr'><strong>fuisse,</strong></span> <span class='ocrx_word' id='word_1_27' title='bbox 1599 622 1696 674; x_wconf 89' lang='lat' dir='ltr'><strong>nisi</strong></span> <span class='ocrx_word' id='word_1_28' title='bbox 1742 634 1985 687; x_wconf 76' lang='lat' dir='ltr'><strong>inagnum</strong></span> 
     </span>
    </p>
   </div>
   <div class='ocr_carea' id='block_1_5' title="bbox 405 710 1254 785">
    <p class='ocr_par' dir='ltr' id='par_1_5' title="bbox 405 710 1254 785">
     <span class='ocr_line' id='line_1_5' title="bbox 405 710 1254 785; baseline -0.013 -12"><span class='ocrx_word' id='word_1_29' title='bbox 405 717 623 773; x_wconf 78' lang='lat' dir='ltr'><strong>adesset</strong></span> <span class='ocrx_word' id='word_1_30' title='bbox 640 714 822 785; x_wconf 73' lang='lat' dir='ltr'><strong>gratite</strong></span> <span class='ocrx_word' id='word_1_31' title='bbox 847 713 937 768; x_wconf 88' lang='lat' dir='ltr'><strong>Dei</strong></span> <span class='ocrx_word' id='word_1_32' title='bbox 956 710 1254 765; x_wconf 77' lang='lat' dir='ltr'><strong>auxilium?</strong></span> 
     </span>
    </p>
   </div>
   <div class='ocr_carea' id='block_1_6' title="bbox 484 799 1986 874">
    <p class='ocr_par' dir='ltr' id='par_1_6' title="bbox 484 799 1986 874">
     <span class='ocr_line' id='line_1_6' title="bbox 484 799 1986 874; baseline -0.007 -14"><span class='ocrx_word' id='word_1_33' title='bbox 484 807 538 861; x_wconf 78' lang='lat'><strong>5.</strong></span> <span class='ocrx_word' id='word_1_34' title='bbox 564 803 621 858; x_wconf 72' lang='grc' dir='ltr'><em>Π</em></span> <span class='ocrx_word' id='word_1_35' title='bbox 624 819 804 874; x_wconf 80' lang='lat' dir='ltr'><strong>agnam</strong></span> <span class='ocrx_word' id='word_1_36' title='bbox 816 817 924 856; x_wconf 70' lang='lat' dir='ltr'><strong>esse</strong></span> <span class='ocrx_word' id='word_1_37' title='bbox 941 801 1206 856; x_wconf 77' lang='lat' dir='ltr'><strong>sacerdotii</strong></span> <span class='ocrx_word' id='word_1_38' title='bbox 1219 805 1507 868; x_wconf 83' lang='lat' dir='ltr'><strong>potestatem</strong></span> <span class='ocrx_word' id='word_1_39' title='bbox 1533 809 1576 852; x_wconf 84' lang='lat' dir='ltr'><strong>et</strong></span> <span class='ocrx_word' id='word_1_40' title='bbox 1590 799 1898 867; x_wconf 80' lang='lat' dir='ltr'><strong>dignitatem.</strong></span> <span class='ocrx_word' id='word_1_41' title='bbox 1918 827 1986 838; x_wconf 92' lang='lat'><strong><em>—</em></strong></span> 
     </span>
    </p>
   </div>
   <div class='ocr_carea' id='block_1_7' title="bbox 403 889 1988 964">
    <p class='ocr_par' dir='ltr' id='par_1_7' title="bbox 403 889 1988 964">
     <span class='ocr_line' id='line_1_7' title="bbox 403 889 1988 964; baseline -0.005 -14"><span class='ocrx_word' id='word_1_42' title='bbox 403 897 462 951; x_wconf 89' lang='lat' dir='ltr'><strong>Si</strong></span> <span class='ocrx_word' id='word_1_43' title='bbox 494 893 612 964; x_wconf 86' lang='lat' dir='ltr'><strong>quis</strong></span> <span class='ocrx_word' id='word_1_44' title='bbox 640 893 780 947; x_wconf 89' lang='lat' dir='ltr'><strong>enim</strong></span> <span class='ocrx_word' id='word_1_45' title='bbox 808 904 987 947; x_wconf 83' lang='lat' dir='ltr'><strong>secum</strong></span> <span class='ocrx_word' id='word_1_46' title='bbox 1013 899 1221 960; x_wconf 89' lang='lat' dir='ltr'><strong>reputet</strong></span> <span class='ocrx_word' id='word_1_47' title='bbox 1244 899 1498 959; x_wconf 88' lang='lat' dir='ltr'><strong>quantum</strong></span> <span class='ocrx_word' id='word_1_48' title='bbox 1530 889 1655 942; x_wconf 93' lang='lat' dir='ltr'><strong>illud</strong></span> <span class='ocrx_word' id='word_1_49' title='bbox 1683 890 1767 954; x_wconf 72' lang='lat' dir='ltr'><strong>sit,</strong></span> <span class='ocrx_word' id='word_1_50' title='bbox 1799 903 1988 956; x_wconf 90' lang='lat' dir='ltr'><strong>nempe</strong></span> 
     </span>
    </p>
   </div>
   <div class='ocr_carea' id='block_1_8' title="bbox 411 979 1987 1055">
    <p class='ocr_par' dir='ltr' id='par_1_8' title="bbox 411 979 1987 1055">
     <span class='ocr_line' id='line_1_8' title="bbox 411 979 1987 1055; baseline -0.004 -14"><span class='ocrx_word' id='word_1_51' title='bbox 411 989 682 1042; x_wconf 83' lang='lat' dir='ltr'><strong>hominem</strong></span> <span class='ocrx_word' id='word_1_52' title='bbox 712 1001 873 1042; x_wconf 87' lang='lat' dir='ltr'><strong>carne</strong></span> <span class='ocrx_word' id='word_1_53' title='bbox 897 996 950 1041; x_wconf 88' lang='lat' dir='ltr'><strong>et</strong></span> <span class='ocrx_word' id='word_1_54' title='bbox 989 985 1244 1055; x_wconf 88' lang='lat' dir='ltr'><strong>sanguine</strong></span> <span class='ocrx_word' id='word_1_55' title='bbox 1285 984 1572 1037; x_wconf 76' lang='lat' dir='ltr'><strong>involutum</strong></span> <span class='ocrx_word' id='word_1_56' title='bbox 1595 1023 1610 1048; x_wconf 95' lang='lat'><strong>,</strong></span> <span class='ocrx_word' id='word_1_57' title='bbox 1657 996 1819 1051; x_wconf 86' lang='lat' dir='ltr'><strong>prope</strong></span> <span class='ocrx_word' id='word_1_58' title='bbox 1855 979 1987 1035; x_wconf 88' lang='lat' dir='ltr'><strong>bea-</strong></span> 
     </span>
    </p>
   </div>
   <div class='ocr_carea' id='block_1_9' title="bbox 411 1072 1990 1133">
    <p class='ocr_par' dir='ltr' id='par_1_9' title="bbox 411 1072 1990 1133">
     <span class='ocr_line' id='line_1_9' title="bbox 411 1072 1990 1133; baseline -0.005 -1"><span class='ocrx_word' id='word_1_59' title='bbox 411 1089 520 1133; x_wconf 88' lang='lat' dir='ltr'><strong>tam</strong></span> <span class='ocrx_word' id='word_1_60' title='bbox 567 1078 710 1132; x_wconf 81' lang='lat' dir='ltr'><strong>illam</strong></span> <span class='ocrx_word' id='word_1_61' title='bbox 754 1084 808 1132; x_wconf 90' lang='lat' dir='ltr'><strong>et</strong></span> <span class='ocrx_word' id='word_1_62' title='bbox 852 1077 1202 1130; x_wconf 88' lang='lat' dir='ltr'><strong>immortalem</strong></span> <span class='ocrx_word' id='word_1_63' title='bbox 1249 1081 1491 1128; x_wconf 83' lang='lat' dir='ltr'><strong>naturain</strong></span> <span class='ocrx_word' id='word_1_64' title='bbox 1535 1072 1819 1133; x_wconf 83' lang='lat' dir='ltr'><strong>constitui.</strong></span> <span class='ocrx_word' id='word_1_65' title='bbox 1867 1081 1990 1125; x_wconf 89' lang='lat' dir='ltr'><strong>tunc</strong></span> 
     </span>
    </p>
   </div>
   <div class='ocr_carea' id='block_1_10' title="bbox 414 1162 1988 1236">
    <p class='ocr_par' dir='ltr' id='par_1_10' title="bbox 414 1162 1988 1236">
     <span class='ocr_line' id='line_1_10' title="bbox 414 1162 1988 1236; baseline -0.004 -14"><span class='ocrx_word' id='word_1_66' title='bbox 414 1169 581 1236; x_wconf 83' lang='lat' dir='ltr'><strong>probe</strong></span> <span class='ocrx_word' id='word_1_67' title='bbox 610 1167 865 1236; x_wconf 77' lang='lat' dir='ltr'><strong>iuteliiget</strong></span> <span class='ocrx_word' id='word_1_68' title='bbox 894 1175 1089 1234; x_wconf 90' lang='lat' dir='ltr'><strong>quanto</strong></span> <span class='ocrx_word' id='word_1_69' title='bbox 1123 1165 1325 1219; x_wconf 90' lang='lat' dir='ltr'><strong>honore</strong></span> <span class='ocrx_word' id='word_1_70' title='bbox 1358 1164 1584 1232; x_wconf 88' lang='lat' dir='ltr'><strong>Spiritus</strong></span> <span class='ocrx_word' id='word_1_71' title='bbox 1611 1162 1778 1232; x_wconf 84' lang='lat' dir='ltr'><strong>gratia</strong></span> <span class='ocrx_word' id='word_1_72' title='bbox 1805 1177 1988 1216; x_wconf 87' lang='lat' dir='ltr'><strong>sacer-</strong></span> 
     </span>
    </p>
   </div>
   <div class='ocr_carea' id='block_1_11' title="bbox 411 1251 1989 1326">
    <p class='ocr_par' dir='ltr' id='par_1_11' title="bbox 411 1251 1989 1326">
     <span class='ocr_line' id='line_1_11' title="bbox 411 1251 1989 1326; baseline -0.004 -14"><span class='ocrx_word' id='word_1_73' title='bbox 411 1259 566 1312; x_wconf 80' lang='lat' dir='ltr'><strong>dotes</strong></span> <span class='ocrx_word' id='word_1_74' title='bbox 596 1256 886 1312; x_wconf 77' lang='lat' dir='ltr'><strong>ornaverit.</strong></span> <span class='ocrx_word' id='word_1_75' title='bbox 936 1255 1064 1310; x_wconf 88' lang='lat' dir='ltr'><strong>Nam</strong></span> <span class='ocrx_word' id='word_1_76' title='bbox 1093 1270 1186 1326; x_wconf 88' lang='lat' dir='ltr'><strong>per</strong></span> <span class='ocrx_word' id='word_1_77' title='bbox 1211 1271 1304 1310; x_wconf 89' lang='lat' dir='ltr'><strong>eos</strong></span> <span class='ocrx_word' id='word_1_78' title='bbox 1344 1255 1457 1308; x_wconf 69' lang='lat' dir='ltr'><strong>haec</strong></span> <span class='ocrx_word' id='word_1_79' title='bbox 1500 1262 1820 1323; x_wconf 82' lang='lat' dir='ltr'><strong>peraguntur</strong></span> <span class='ocrx_word' id='word_1_80' title='bbox 1855 1251 1989 1306; x_wconf 84' lang='lat' dir='ltr'><strong>alia-</strong></span> 
     </span>
    </p>
   </div>
   <div class='ocr_carea' id='block_1_12' title="bbox 414 1341 1990 1416">
    <p class='ocr_par' dir='ltr' id='par_1_12' title="bbox 414 1341 1990 1416">
     <span class='ocr_line' id='line_1_12' title="bbox 414 1341 1990 1416; baseline -0.002 -16"><span class='ocrx_word' id='word_1_81' title='bbox 414 1362 520 1416; x_wconf 93' lang='lat' dir='ltr'><strong>que</strong></span> <span class='ocrx_word' id='word_1_82' title='bbox 551 1347 634 1401; x_wconf 88' lang='lat' dir='ltr'><strong>his</strong></span> <span class='ocrx_word' id='word_1_83' title='bbox 664 1347 829 1400; x_wconf 89' lang='lat' dir='ltr'><strong>nihilo</strong></span> <span class='ocrx_word' id='word_1_84' title='bbox 855 1343 1102 1399; x_wconf 79' lang='lat' dir='ltr'><strong>inferiora</strong></span> <span class='ocrx_word' id='word_1_85' title='bbox 1128 1387 1144 1408; x_wconf 93' lang='lat'><strong>,</strong></span> <span class='ocrx_word' id='word_1_86' title='bbox 1171 1357 1287 1414; x_wconf 81' lang='lat' dir='ltr'><strong>quae</strong></span> <span class='ocrx_word' id='word_1_87' title='bbox 1313 1345 1378 1397; x_wconf 89' lang='lat' dir='ltr'><strong>ad</strong></span> <span class='ocrx_word' id='word_1_88' title='bbox 1404 1341 1674 1412; x_wconf 79' lang='lat' dir='ltr'><strong>dignitatis</strong></span> <span class='ocrx_word' id='word_1_89' title='bbox 1697 1343 1990 1410; x_wconf 88' lang='lat' dir='ltr'><strong>salutisque</strong></span> 
     </span>
    </p>
   </div>
   <div class='ocr_carea' id='block_1_13' title="bbox 417 1421 1992 1504">
    <p class='ocr_par' dir='ltr' id='par_1_13' title="bbox 417 1421 1992 1504">
     <span class='ocr_line' id='line_1_13' title="bbox 417 1421 1992 1504; baseline -0.002 -15"><span class='ocrx_word' id='word_1_90' title='bbox 417 1444 615 1490; x_wconf 74' lang='lat' dir='ltr'><strong>nostra:</strong></span> <span class='ocrx_word' id='word_1_91' title='bbox 643 1435 902 1489; x_wconf 88' lang='lat' dir='ltr'><strong>rationem</strong></span> <span class='ocrx_word' id='word_1_92' title='bbox 932 1442 1190 1504; x_wconf 87' lang='lat' dir='ltr'><strong>spectant.</strong></span> <span class='ocrx_word' id='word_1_93' title='bbox 1244 1427 1454 1488; x_wconf 84' lang='lat' dir='ltr'><strong>Etenim</strong></span> <span class='ocrx_word' id='word_1_94' title='bbox 1490 1421 1579 1502; x_wconf 80' lang='lat' dir='ltr'><strong>qui</strong></span> <span class='ocrx_word' id='word_1_95' title='bbox 1625 1441 1818 1486; x_wconf 88' lang='lat' dir='ltr'><strong>terram</strong></span> <span class='ocrx_word' id='word_1_96' title='bbox 1847 1432 1992 1486; x_wconf 89' lang='lat' dir='ltr'><strong>inco-</strong></span> 
     </span>
    </p>
   </div>
   <div class='ocr_carea' id='block_1_14' title="bbox 419 1521 1987 1593">
    <p class='ocr_par' dir='ltr' id='par_1_14' title="bbox 419 1521 1987 1593">
     <span class='ocr_line' id='line_1_14' title="bbox 419 1521 1987 1593; baseline -0.002 -15"><span class='ocrx_word' id='word_1_97' title='bbox 419 1524 536 1579; x_wconf 85' lang='lat' dir='ltr'><strong>lunt</strong></span> <span class='ocrx_word' id='word_1_98' title='bbox 558 1526 610 1579; x_wconf 90' lang='lat' dir='ltr'><strong>lu</strong></span> <span class='ocrx_word' id='word_1_99' title='bbox 636 1538 806 1593; x_wconf 58' lang='lat' dir='ltr'><strong>eaque</strong></span> <span class='ocrx_word' id='word_1_100' title='bbox 831 1531 1244 1587; x_wconf 89' lang='lat' dir='ltr'><strong>commorantur,</strong></span> <span class='ocrx_word' id='word_1_101' title='bbox 1278 1523 1342 1576; x_wconf 91' lang='lat' dir='ltr'><strong>ad</strong></span> <span class='ocrx_word' id='word_1_102' title='bbox 1373 1535 1434 1576; x_wconf 90' lang='lat' dir='ltr'><strong>ea</strong></span> <span class='ocrx_word' id='word_1_103' title='bbox 1464 1535 1584 1592; x_wconf 81' lang='lat' dir='ltr'><strong>quae</strong></span> <span class='ocrx_word' id='word_1_104' title='bbox 1613 1521 1664 1575; x_wconf 92' lang='lat' dir='ltr'><strong>in</strong></span> <span class='ocrx_word' id='word_1_105' title='bbox 1692 1523 1836 1576; x_wconf 69' lang='lat' dir='ltr'><strong>cadis</strong></span> <span class='ocrx_word' id='word_1_106' title='bbox 1861 1531 1987 1575; x_wconf 89' lang='lat' dir='ltr'><strong>sunt</strong></span> 
     </span>
    </p>
   </div>
   <div class='ocr_carea' id='block_1_15' title="bbox 417 1611 1991 1683">
    <p class='ocr_par' dir='ltr' id='par_1_15' title="bbox 417 1611 1991 1683">
     <span class='ocr_line' id='line_1_15' title="bbox 417 1611 1991 1683; baseline -0.003 -15"><span class='ocrx_word' id='word_1_107' title='bbox 417 1613 770 1683; x_wconf 85' lang='lat' dir='ltr'><strong>dispensanda</strong></span> <span class='ocrx_word' id='word_1_108' title='bbox 808 1611 1077 1666; x_wconf 88' lang='lat' dir='ltr'><strong>commissi</strong></span> <span class='ocrx_word' id='word_1_109' title='bbox 1115 1620 1273 1676; x_wconf 88' lang='lat' dir='ltr'><strong>sunt,</strong></span> <span class='ocrx_word' id='word_1_110' title='bbox 1321 1619 1739 1680; x_wconf 88' lang='lat' dir='ltr'><strong>potestatemque</strong></span> <span class='ocrx_word' id='word_1_111' title='bbox 1767 1625 1991 1678; x_wconf 89' lang='lat' dir='ltr'><strong>accepe-</strong></span> 
     </span>
    </p>
   </div>
   <div class='ocr_carea' id='block_1_16' title="bbox 417 1701 1994 1773">
    <p class='ocr_par' dir='ltr' id='par_1_16' title="bbox 417 1701 1994 1773">
     <span class='ocr_line' id='line_1_16' title="bbox 417 1701 1994 1773; baseline -0.001 -16"><span class='ocrx_word' id='word_1_112' title='bbox 417 1715 576 1769; x_wconf 88' lang='lat' dir='ltr'><strong>runt,</strong></span> <span class='ocrx_word' id='word_1_113' title='bbox 608 1717 764 1773; x_wconf 90' lang='lat' dir='ltr'><strong>quam</strong></span> <span class='ocrx_word' id='word_1_114' title='bbox 797 1717 968 1772; x_wconf 90' lang='lat' dir='ltr'><strong>neque</strong></span> <span class='ocrx_word' id='word_1_115' title='bbox 1015 1703 1215 1771; x_wconf 83' lang='lat' dir='ltr'><strong>angelis</strong></span> <span class='ocrx_word' id='word_1_116' title='bbox 1253 1717 1426 1771; x_wconf 90' lang='lat' dir='ltr'><strong>neque</strong></span> <span class='ocrx_word' id='word_1_117' title='bbox 1470 1701 1800 1772; x_wconf 82' lang='lat' dir='ltr'><strong>archangelis</strong></span> <span class='ocrx_word' id='word_1_118' title='bbox 1847 1702 1994 1756; x_wconf 85' lang='lat' dir='ltr'><strong>dedit</strong></span> 
     </span>
    </p>
   </div>
   <div class='ocr_carea' id='block_1_17' title="bbox 418 1791 1994 1862">
    <p class='ocr_par' dir='ltr' id='par_1_17' title="bbox 418 1791 1994 1862">
     <span class='ocr_line' id='line_1_17' title="bbox 418 1791 1994 1862; baseline -0.002 -14"><span class='ocrx_word' id='word_1_119' title='bbox 418 1793 578 1848; x_wconf 86' lang='lat' dir='ltr'><strong>Deus.</strong></span> <span class='ocrx_word' id='word_1_120' title='bbox 647 1791 830 1861; x_wconf 84' lang='lat' dir='ltr'><strong>Neque</strong></span> <span class='ocrx_word' id='word_1_121' title='bbox 877 1792 1018 1846; x_wconf 90' lang='lat' dir='ltr'><strong>enim</strong></span> <span class='ocrx_word' id='word_1_122' title='bbox 1074 1792 1176 1846; x_wconf 92' lang='lat' dir='ltr'><strong>illis</strong></span> <span class='ocrx_word' id='word_1_123' title='bbox 1221 1793 1418 1846; x_wconf 89' lang='lat' dir='ltr'><strong>dictum</strong></span> <span class='ocrx_word' id='word_1_124' title='bbox 1472 1801 1555 1846; x_wconf 89' lang='lat' dir='ltr'><strong>est</strong></span> <span class='ocrx_word' id='word_1_125' title='bbox 1599 1809 1612 1846; x_wconf 93' lang='lat'>:</span> <span class='ocrx_word' id='word_1_126' title='bbox 1659 1792 1994 1862; x_wconf 85' lang='lat' dir='ltr'><strong>Qua‘cumque</strong></span> 
     </span>
    </p>
   </div>
   <div class='ocr_carea' id='block_1_18' title="bbox 415 1883 1992 1956">
    <p class='ocr_par' dir='ltr' id='par_1_18' title="bbox 415 1883 1992 1956">
     <span class='ocr_line' id='line_1_18' title="bbox 415 1883 1992 1956; baseline -0.001 -18"><span class='ocrx_word' id='word_1_127' title='bbox 415 1883 686 1956; x_wconf 75' lang='lat' dir='ltr'><strong>ligaveritis</strong></span> <span class='ocrx_word' id='word_1_128' title='bbox 706 1886 756 1938; x_wconf 85' lang='lat' dir='ltr'><strong>in</strong></span> <span class='ocrx_word' id='word_1_129' title='bbox 784 1894 936 1950; x_wconf 85' lang='lat' dir='ltr'><strong>terra,</strong></span> <span class='ocrx_word' id='word_1_130' title='bbox 965 1895 1109 1939; x_wconf 86' lang='lat' dir='ltr'><strong>erunt</strong></span> <span class='ocrx_word' id='word_1_131' title='bbox 1136 1885 1292 1955; x_wconf 83' lang='lat' dir='ltr'><strong>ligata</strong></span> <span class='ocrx_word' id='word_1_132' title='bbox 1316 1893 1363 1939; x_wconf 88' lang='lat' dir='ltr'><strong>et</strong></span> <span class='ocrx_word' id='word_1_133' title='bbox 1398 1886 1447 1938; x_wconf 88' lang='lat' dir='ltr'><strong>in</strong></span> <span class='ocrx_word' id='word_1_134' title='bbox 1478 1885 1637 1948; x_wconf 78' lang='lat' dir='ltr'><strong>ca&#39;lo;</strong></span> <span class='ocrx_word' id='word_1_135' title='bbox 1669 1893 1713 1938; x_wconf 79' lang='lat' dir='ltr'><strong>et</strong></span> <span class='ocrx_word' id='word_1_136' title='bbox 1736 1897 1992 1954; x_wconf 78' lang='lat' dir='ltr'><strong>quwcum-</strong></span> 
     </span>
    </p>
   </div>
   <div class='ocr_carea' id='block_1_19' title="bbox 417 1975 1990 2047">
    <p class='ocr_par' dir='ltr' id='par_1_19' title="bbox 417 1975 1990 2047">
     <span class='ocr_line' id='line_1_19' title="bbox 417 1975 1990 2047; baseline 0.002 -21"><span class='ocrx_word' id='word_1_137' title='bbox 417 1989 512 2043; x_wconf 84' lang='lat' dir='ltr'><strong>que</strong></span> <span class='ocrx_word' id='word_1_138' title='bbox 535 1975 776 2030; x_wconf 77' lang='lat' dir='ltr'><strong>solveritis</strong></span> <span class='ocrx_word' id='word_1_139' title='bbox 805 1976 855 2030; x_wconf 85' lang='lat' dir='ltr'><strong>in</strong></span> <span class='ocrx_word' id='word_1_140' title='bbox 889 1987 1052 2042; x_wconf 87' lang='lat' dir='ltr'><strong>terra,</strong></span> <span class='ocrx_word' id='word_1_141' title='bbox 1095 1987 1238 2031; x_wconf 84' lang='lat' dir='ltr'><strong>erunt</strong></span> <span class='ocrx_word' id='word_1_142' title='bbox 1273 1978 1440 2031; x_wconf 81' lang='lat' dir='ltr'><strong>soluta</strong></span> <span class='ocrx_word' id='word_1_143' title='bbox 1477 1986 1522 2030; x_wconf 83' lang='lat' dir='ltr'><strong>et</strong></span> <span class='ocrx_word' id='word_1_144' title='bbox 1548 1978 1600 2030; x_wconf 85' lang='lat' dir='ltr'><strong>in</strong></span> <span class='ocrx_word' id='word_1_145' title='bbox 1626 1977 1749 2030; x_wconf 65' lang='lat' dir='ltr'><strong>caelo</strong></span> <span class='ocrx_word' id='word_1_146' title='bbox 1778 1977 1990 2047; x_wconf 68' lang='grc' dir='ltr'><strong>(Μαιω-</strong></span> 
     </span>
    </p>
   </div>
   <div class='ocr_carea' id='block_1_20' title="bbox 419 2063 1990 2136">
    <p class='ocr_par' dir='ltr' id='par_1_20' title="bbox 419 2063 1990 2136">
     <span class='ocr_line' id='line_1_20' title="bbox 419 2063 1990 2136; baseline 0.001 -18"><span class='ocrx_word' id='word_1_147' title='bbox 419 2063 508 2119; x_wconf 77' lang='grc'><strong>18.</strong></span> <span class='ocrx_word' id='word_1_148' title='bbox 541 2063 651 2135; x_wconf 85' lang='grc'><strong>18).</strong></span> <span class='ocrx_word' id='word_1_149' title='bbox 702 2063 907 2120; x_wconf 78' lang='lat' dir='ltr'><strong>Habent</strong></span> <span class='ocrx_word' id='word_1_150' title='bbox 945 2067 1158 2136; x_wconf 88' lang='lat' dir='ltr'><strong>quidem</strong></span> <span class='ocrx_word' id='word_1_151' title='bbox 1204 2067 1276 2134; x_wconf 91' lang='lat' dir='ltr'><strong>ii,</strong></span> <span class='ocrx_word' id='word_1_152' title='bbox 1322 2068 1409 2134; x_wconf 90' lang='lat' dir='ltr'><strong>qui</strong></span> <span class='ocrx_word' id='word_1_153' title='bbox 1442 2068 1494 2120; x_wconf 91' lang='lat' dir='ltr'><strong>in</strong></span> <span class='ocrx_word' id='word_1_154' title='bbox 1524 2076 1662 2121; x_wconf 90' lang='lat' dir='ltr'><strong>terra</strong></span> <span class='ocrx_word' id='word_1_155' title='bbox 1709 2067 1990 2136; x_wconf 87' lang='lat' dir='ltr'><strong>imperant,</strong></span> 
     </span>
    </p>
   </div>
   <div class='ocr_carea' id='block_1_21' title="bbox 418 2153 1996 2225">
    <p class='ocr_par' dir='ltr' id='par_1_21' title="bbox 418 2153 1996 2225">
     <span class='ocr_line' id='line_1_21' title="bbox 418 2153 1996 2225; baseline 0.003 -18"><span class='ocrx_word' id='word_1_156' title='bbox 418 2163 730 2223; x_wconf 86' lang='lat' dir='ltr'><strong>potestatem</strong></span> <span class='ocrx_word' id='word_1_157' title='bbox 768 2153 993 2224; x_wconf 86' lang='lat' dir='ltr'><strong>ligandi,</strong></span> <span class='ocrx_word' id='word_1_158' title='bbox 1031 2171 1214 2210; x_wconf 85' lang='lat' dir='ltr'><strong>verum</strong></span> <span class='ocrx_word' id='word_1_159' title='bbox 1257 2172 1479 2225; x_wconf 90' lang='lat' dir='ltr'><strong>corpora</strong></span> <span class='ocrx_word' id='word_1_160' title='bbox 1519 2157 1688 2211; x_wconf 91' lang='lat' dir='ltr'><strong>solum</strong></span> <span class='ocrx_word' id='word_1_161' title='bbox 1725 2174 1738 2210; x_wconf 93' lang='lat'><strong>:</strong></span> <span class='ocrx_word' id='word_1_162' title='bbox 1773 2156 1873 2211; x_wconf 88' lang='lat' dir='ltr'><strong>hoc</strong></span> <span class='ocrx_word' id='word_1_163' title='bbox 1901 2172 1996 2211; x_wconf 90' lang='lat' dir='ltr'><strong>au-</strong></span> 
     </span>
    </p>
   </div>
   <div class='ocr_carea' id='block_1_22' title="bbox 418 2245 1992 2316">
    <p class='ocr_par' dir='ltr' id='par_1_22' title="bbox 418 2245 1992 2316">
     <span class='ocr_line' id='line_1_22' title="bbox 418 2245 1992 2316; baseline 0.003 -19"><span class='ocrx_word' id='word_1_164' title='bbox 418 2253 524 2298; x_wconf 90' lang='lat' dir='ltr'><strong>tem</strong></span> <span class='ocrx_word' id='word_1_165' title='bbox 553 2245 819 2301; x_wconf 87' lang='lat' dir='ltr'><strong>vinculum</strong></span> <span class='ocrx_word' id='word_1_166' title='bbox 843 2247 1007 2315; x_wconf 88' lang='lat' dir='ltr'><strong>ipsatn</strong></span> <span class='ocrx_word' id='word_1_167' title='bbox 1037 2247 1245 2316; x_wconf 86' lang='lat' dir='ltr'><strong>attingit</strong></span> <span class='ocrx_word' id='word_1_168' title='bbox 1273 2247 1526 2312; x_wconf 87' lang='lat' dir='ltr'><strong>animam,</strong></span> <span class='ocrx_word' id='word_1_169' title='bbox 1555 2247 1818 2316; x_wconf 75' lang='lat' dir='ltr'><strong>cmlosque</strong></span> <span class='ocrx_word' id='word_1_170' title='bbox 1847 2257 1992 2302; x_wconf 86' lang='lat' dir='ltr'><strong>tran-</strong></span> 
     </span>
    </p>
   </div>
   <div class='ocr_carea' id='block_1_23' title="bbox 417 2333 1988 2406">
    <p class='ocr_par' dir='ltr' id='par_1_23' title="bbox 417 2333 1988 2406">
     <span class='ocr_line' id='line_1_23' title="bbox 417 2333 1988 2406; baseline 0.001 -18"><span class='ocrx_word' id='word_1_171' title='bbox 417 2333 625 2388; x_wconf 88' lang='lat' dir='ltr'><strong>scendit</strong></span> <span class='ocrx_word' id='word_1_172' title='bbox 657 2353 670 2388; x_wconf 87' lang='lat'><strong>:</strong></span> <span class='ocrx_word' id='word_1_173' title='bbox 699 2351 762 2390; x_wconf 88' lang='lat' dir='ltr'><strong>ac</strong></span> <span class='ocrx_word' id='word_1_174' title='bbox 799 2350 1148 2406; x_wconf 65' lang='lat' dir='ltr'><strong>quotcumque</strong></span> <span class='ocrx_word' id='word_1_175' title='bbox 1189 2335 1395 2391; x_wconf 80' lang='lat' dir='ltr'><strong>inferne</strong></span> <span class='ocrx_word' id='word_1_176' title='bbox 1438 2336 1742 2392; x_wconf 85' lang='lat' dir='ltr'><strong>sacerdotes</strong></span> <span class='ocrx_word' id='word_1_177' title='bbox 1769 2333 1988 2404; x_wconf 76' lang='lat' dir='ltr'><strong>faciunt,</strong></span> 
     </span>
    </p>
   </div>
   <div class='ocr_carea' id='block_1_24' title="bbox 417 2422 1995 2498">
    <p class='ocr_par' dir='ltr' id='par_1_24' title="bbox 417 2422 1995 2498">
     <span class='ocr_line' id='line_1_24' title="bbox 417 2422 1995 2498; baseline 0.004 -22"><span class='ocrx_word' id='word_1_178' title='bbox 417 2422 604 2479; x_wconf 87' lang='lat' dir='ltr'><strong>eadem</strong></span> <span class='ocrx_word' id='word_1_179' title='bbox 637 2425 774 2481; x_wconf 88' lang='lat' dir='ltr'><strong>Deus</strong></span> <span class='ocrx_word' id='word_1_180' title='bbox 815 2441 1044 2496; x_wconf 87' lang='lat' dir='ltr'><strong>superne</strong></span> <span class='ocrx_word' id='word_1_181' title='bbox 1089 2427 1403 2493; x_wconf 83' lang='lat' dir='ltr'><strong>conﬁrmat;</strong></span> <span class='ocrx_word' id='word_1_182' title='bbox 1453 2439 1832 2498; x_wconf 88' lang='lat' dir='ltr'><strong>servorumque</strong></span> <span class='ocrx_word' id='word_1_183' title='bbox 1874 2443 1995 2482; x_wconf 88' lang='lat' dir='ltr'><strong>sen-</strong></span> 
     </span>
    </p>
   </div>
   <div class='ocr_carea' id='block_1_25' title="bbox 418 2516 1993 2586">
    <p class='ocr_par' dir='ltr' id='par_1_25' title="bbox 418 2516 1993 2586">
     <span class='ocr_line' id='line_1_25' title="bbox 418 2516 1993 2586; baseline 0.004 -18"><span class='ocrx_word' id='word_1_184' title='bbox 418 2516 637 2569; x_wconf 88' lang='lat' dir='ltr'><strong>tentiam</strong></span> <span class='ocrx_word' id='word_1_185' title='bbox 682 2517 795 2585; x_wconf 86' lang='lat' dir='ltr'><strong>ipse</strong></span> <span class='ocrx_word' id='word_1_186' title='bbox 826 2517 1076 2574; x_wconf 89' lang='lat' dir='ltr'><strong>Dominus</strong></span> <span class='ocrx_word' id='word_1_187' title='bbox 1103 2525 1272 2572; x_wconf 89' lang='lat' dir='ltr'><strong>ratam</strong></span> <span class='ocrx_word' id='word_1_188' title='bbox 1313 2517 1452 2571; x_wconf 82' lang='lat' dir='ltr'><strong>facit.</strong></span> <span class='ocrx_word' id='word_1_189' title='bbox 1497 2517 1632 2586; x_wconf 85' lang='lat' dir='ltr'><strong>Quid</strong></span> <span class='ocrx_word' id='word_1_190' title='bbox 1671 2519 1812 2572; x_wconf 89' lang='lat' dir='ltr'><strong>enim</strong></span> <span class='ocrx_word' id='word_1_191' title='bbox 1853 2518 1993 2574; x_wconf 86' lang='lat' dir='ltr'><strong>aliud</strong></span> 
     </span>
    </p>
   </div>
   <div class='ocr_carea' id='block_1_26' title="bbox 417 2605 1992 2680">
    <p class='ocr_par' dir='ltr' id='par_1_26' title="bbox 417 2605 1992 2680">
     <span class='ocr_line' id='line_1_26' title="bbox 417 2605 1992 2680; baseline 0.004 -20"><span class='ocrx_word' id='word_1_192' title='bbox 417 2605 522 2660; x_wconf 85' lang='lat' dir='ltr'><strong>illis</strong></span> <span class='ocrx_word' id='word_1_193' title='bbox 547 2605 711 2672; x_wconf 83' lang='lat' dir='ltr'><strong>dedit,</strong></span> <span class='ocrx_word' id='word_1_194' title='bbox 743 2616 898 2676; x_wconf 89' lang='lat' dir='ltr'><strong>quam</strong></span> <span class='ocrx_word' id='word_1_195' title='bbox 925 2623 1134 2662; x_wconf 90' lang='lat' dir='ltr'><strong>omnem</strong></span> <span class='ocrx_word' id='word_1_196' title='bbox 1165 2609 1452 2664; x_wconf 75' lang='lat' dir='ltr'><strong>cmlcstium</strong></span> <span class='ocrx_word' id='word_1_197' title='bbox 1485 2625 1518 2680; x_wconf 93' lang='lat' dir='ltr'><strong>p</strong></span> <span class='ocrx_word' id='word_1_198' title='bbox 1541 2619 1797 2665; x_wconf 68' lang='lat' dir='ltr'><strong>aestatem</strong></span> <span class='ocrx_word' id='word_1_199' title='bbox 1821 2613 1844 2665; x_wconf 78' lang='lat' dir='ltr'><strong>‘t</strong></span> <span class='ocrx_word' id='word_1_200' title='bbox 1871 2627 1992 2667; x_wconf 89' lang='lat' dir='ltr'><strong>nam</strong></span> 
     </span>
    </p>
   </div>
   <div class='ocr_carea' id='block_1_27' title="bbox 421 2693 1991 2768">
    <p class='ocr_par' dir='ltr' id='par_1_27' title="bbox 421 2693 1991 2768">
     <span class='ocr_line' id='line_1_27' title="bbox 421 2693 1991 2768; baseline 0.004 -19"><span class='ocrx_word' id='word_1_201' title='bbox 421 2697 681 2763; x_wconf 77' lang='lat' dir='ltr'><strong>Quorum,</strong></span> <span class='ocrx_word' id='word_1_202' title='bbox 725 2693 923 2767; x_wconf 89' lang='lat' dir='ltr'><strong>inquit,</strong></span> <span class='ocrx_word' id='word_1_203' title='bbox 963 2698 1252 2752; x_wconf 85' lang='lat' dir='ltr'><strong>remiseritis</strong></span> <span class='ocrx_word' id='word_1_204' title='bbox 1292 2709 1494 2766; x_wconf 84' lang='lat' dir='ltr'><strong>peccata</strong></span> <span class='ocrx_word' id='word_1_205' title='bbox 1519 2741 1533 2763; x_wconf 91' lang='lat'><strong>,</strong></span> <span class='ocrx_word' id='word_1_206' title='bbox 1561 2701 1918 2768; x_wconf 87' lang='lat' dir='ltr'><strong>remittuntur;</strong></span> <span class='ocrx_word' id='word_1_207' title='bbox 1946 2709 1991 2756; x_wconf 86' lang='lat' dir='ltr'><strong>et</strong></span> 
     </span>
    </p>
   </div>
   <div class='ocr_carea' id='block_1_28' title="bbox 415 2783 1991 2859">
    <p class='ocr_par' dir='ltr' id='par_1_28' title="bbox 415 2783 1991 2859">
     <span class='ocr_line' id='line_1_28' title="bbox 415 2783 1991 2859; baseline 0.006 -23"><span class='ocrx_word' id='word_1_208' title='bbox 415 2798 627 2853; x_wconf 77' lang='lat' dir='ltr'><strong>quorum</strong></span> <span class='ocrx_word' id='word_1_209' title='bbox 654 2783 953 2840; x_wconf 86' lang='lat' dir='ltr'><strong>retinueritis</strong></span> <span class='ocrx_word' id='word_1_210' title='bbox 975 2827 991 2850; x_wconf 94' lang='lat'><strong>,</strong></span> <span class='ocrx_word' id='word_1_211' title='bbox 1020 2795 1207 2840; x_wconf 87' lang='lat' dir='ltr'><strong>retenta</strong></span> <span class='ocrx_word' id='word_1_212' title='bbox 1235 2798 1350 2841; x_wconf 86' lang='lat' dir='ltr'><strong>sunt</strong></span> <span class='ocrx_word' id='word_1_213' title='bbox 1387 2787 1562 2859; x_wconf 83' lang='lat' dir='ltr'><strong>(Joan.</strong></span> <span class='ocrx_word' id='word_1_214' title='bbox 1594 2789 1683 2845; x_wconf 72' lang='grc' dir='ltr'><strong>ΞΟ.</strong></span> <span class='ocrx_word' id='word_1_215' title='bbox 1716 2788 1831 2858; x_wconf 76' lang='lat'><strong>‘23).</strong></span> <span class='ocrx_word' id='word_1_216' title='bbox 1862 2791 1991 2858; x_wconf 74' lang='lat' dir='ltr'><strong>Qua:</strong></span> 
     </span>
    </p>
   </div>
   <div class='ocr_carea' id='block_1_29' title="bbox 416 2873 1991 2948">
    <p class='ocr_par' dir='ltr' id='par_1_29' title="bbox 416 2873 1991 2948">
     <span class='ocr_line' id='line_1_29' title="bbox 416 2873 1991 2948; baseline 0.004 -20"><span class='ocrx_word' id='word_1_217' title='bbox 416 2874 588 2943; x_wconf 77' lang='lat' dir='ltr'><strong>major</strong></span> <span class='ocrx_word' id='word_1_218' title='bbox 611 2873 712 2928; x_wconf 84' lang='lat' dir='ltr'><strong>hac</strong></span> <span class='ocrx_word' id='word_1_219' title='bbox 737 2884 972 2945; x_wconf 81' lang='lat' dir='ltr'><strong>potestas</strong></span> <span class='ocrx_word' id='word_1_220' title='bbox 1001 2875 1196 2930; x_wconf 82' lang='lat' dir='ltr'><strong>fuerit?</strong></span> <span class='ocrx_word' id='word_1_221' title='bbox 1228 2878 1386 2932; x_wconf 84' lang='lat' dir='ltr'><strong>Omne</strong></span> <span class='ocrx_word' id='word_1_222' title='bbox 1400 2879 1648 2948; x_wconf 82' lang='lat' dir='ltr'><strong>judicium</strong></span> <span class='ocrx_word' id='word_1_223' title='bbox 1676 2880 1810 2933; x_wconf 82' lang='lat' dir='ltr'><strong>dedit</strong></span> <span class='ocrx_word' id='word_1_224' title='bbox 1835 2882 1991 2935; x_wconf 84' lang='lat' dir='ltr'><strong>Pater</strong></span> 
     </span>
    </p>
   </div>
   <div class='ocr_carea' id='block_1_30' title="bbox 416 2963 1989 3040">
    <p class='ocr_par' dir='ltr' id='par_1_30' title="bbox 416 2963 1989 3040">
     <span class='ocr_line' id='line_1_30' title="bbox 416 2963 1989 3040; baseline 0.003 -20"><span class='ocrx_word' id='word_1_225' title='bbox 416 2963 555 3020; x_wconf 75' lang='lat' dir='ltr'><strong>Filio</strong></span> <span class='ocrx_word' id='word_1_226' title='bbox 580 2965 753 3038; x_wconf 81' lang='lat' dir='ltr'><strong>(Joun.</strong></span> <span class='ocrx_word' id='word_1_227' title='bbox 782 2967 837 3023; x_wconf 81' lang='lat'><strong>5.</strong></span> <span class='ocrx_word' id='word_1_228' title='bbox 864 2967 955 3038; x_wconf 73' lang='grc'><strong>22)</strong></span> <span class='ocrx_word' id='word_1_229' title='bbox 992 2986 1006 3022; x_wconf 91' lang='lat'>:</span> <span class='ocrx_word' id='word_1_230' title='bbox 1039 2969 1294 3040; x_wconf 77' lang='lat' dir='ltr'><strong>videoque</strong></span> <span class='ocrx_word' id='word_1_231' title='bbox 1325 2971 1492 3040; x_wconf 90' lang='lat' dir='ltr'><strong>ipsum</strong></span> <span class='ocrx_word' id='word_1_232' title='bbox 1521 2985 1678 3028; x_wconf 87' lang='lat' dir='ltr'><strong>omne</strong></span> <span class='ocrx_word' id='word_1_233' title='bbox 1721 2973 1852 3040; x_wconf 83' lang='lat' dir='ltr'><strong>ipsis</strong></span> <span class='ocrx_word' id='word_1_234' title='bbox 1880 2981 1989 3026; x_wconf 92' lang='lat' dir='ltr'><strong>tra-</strong></span> 
     </span>
    </p>
   </div>
   <div class='ocr_carea' id='block_1_31' title="bbox 412 3057 1990 3131">
    <p class='ocr_par' dir='ltr' id='par_1_31' title="bbox 412 3057 1990 3131">
     <span class='ocr_line' id='line_1_31' title="bbox 412 3057 1990 3131; baseline 0.004 -18"><span class='ocrx_word' id='word_1_235' title='bbox 412 3057 580 3115; x_wconf 89' lang='lat' dir='ltr'><strong>ditum</strong></span> <span class='ocrx_word' id='word_1_236' title='bbox 610 3075 639 3113; x_wconf 91' lang='lat' dir='ltr'><strong>a</strong></span> <span class='ocrx_word' id='word_1_237' title='bbox 667 3060 802 3115; x_wconf 87' lang='lat' dir='ltr'><strong>Filio</strong></span> <span class='ocrx_word' id='word_1_238' title='bbox 829 3075 969 3115; x_wconf 86' lang='lat' dir='ltr'><strong>esse.</strong></span> <span class='ocrx_word' id='word_1_239' title='bbox 1002 3061 1079 3116; x_wconf 83' lang='lat' dir='ltr'><strong>Ac</strong></span> <span class='ocrx_word' id='word_1_240' title='bbox 1107 3062 1151 3115; x_wconf 93' lang='lat' dir='ltr'><strong>si</strong></span> <span class='ocrx_word' id='word_1_241' title='bbox 1180 3062 1320 3116; x_wconf 89' lang='lat' dir='ltr'><strong>enim</strong></span> <span class='ocrx_word' id='word_1_242' title='bbox 1340 3061 1448 3131; x_wconf 87' lang='lat' dir='ltr'><strong>jam</strong></span> <span class='ocrx_word' id='word_1_243' title='bbox 1482 3063 1532 3117; x_wconf 92' lang='lat' dir='ltr'><strong>in</strong></span> <span class='ocrx_word' id='word_1_244' title='bbox 1563 3063 1726 3119; x_wconf 74' lang='lat' dir='ltr'><strong>cados</strong></span> <span class='ocrx_word' id='word_1_245' title='bbox 1751 3065 1990 3119; x_wconf 88' lang='lat' dir='ltr'><strong>translati</strong></span> 
     </span>
    </p>
   </div>
   <div class='ocr_carea' id='block_1_32' title="bbox 412 3150 1988 3223">
    <p class='ocr_par' dir='ltr' id='par_1_32' title="bbox 412 3150 1988 3223">
     <span class='ocr_line' id='line_1_32' title="bbox 412 3150 1988 3223; baseline 0.003 -20"><span class='ocrx_word' id='word_1_246' title='bbox 412 3160 628 3216; x_wconf 87' lang='lat' dir='ltr'><strong>essent,</strong></span> <span class='ocrx_word' id='word_1_247' title='bbox 670 3158 830 3221; x_wconf 90' lang='lat' dir='ltr'><strong>atque</strong></span> <span class='ocrx_word' id='word_1_248' title='bbox 861 3150 1144 3205; x_wconf 88' lang='lat' dir='ltr'><strong>humanam</strong></span> <span class='ocrx_word' id='word_1_249' title='bbox 1192 3161 1431 3206; x_wconf 90' lang='lat' dir='ltr'><strong>naturam</strong></span> <span class='ocrx_word' id='word_1_250' title='bbox 1480 3164 1920 3223; x_wconf 79' lang='lat' dir='ltr'><strong>exsuperasseut,</strong></span> <span class='ocrx_word' id='word_1_251' title='bbox 1961 3170 1988 3207; x_wconf 91' lang='lat' dir='ltr'><strong>a</strong></span> 
     </span>
    </p>
   </div>
   <div class='ocr_carea' id='block_1_33' title="bbox 414 3240 1987 3314">
    <p class='ocr_par' dir='ltr' id='par_1_33' title="bbox 414 3240 1987 3314">
     <span class='ocr_line' id='line_1_33' title="bbox 414 3240 1987 3314; baseline 0.004 -21"><span class='ocrx_word' id='word_1_252' title='bbox 414 3241 611 3294; x_wconf 85' lang='lat' dir='ltr'><strong>nostris</strong></span> <span class='ocrx_word' id='word_1_253' title='bbox 651 3240 925 3296; x_wconf 82' lang='lat' dir='ltr'><strong>an‘ectibus</strong></span> <span class='ocrx_word' id='word_1_254' title='bbox 966 3241 1210 3307; x_wconf 91' lang='lat' dir='ltr'><strong>liberati,</strong></span> <span class='ocrx_word' id='word_1_255' title='bbox 1260 3243 1329 3296; x_wconf 89' lang='lat' dir='ltr'><strong>ita</strong></span> <span class='ocrx_word' id='word_1_256' title='bbox 1377 3243 1428 3296; x_wconf 90' lang='lat' dir='ltr'><strong>in</strong></span> <span class='ocrx_word' id='word_1_257' title='bbox 1471 3246 1673 3298; x_wconf 78' lang='lat' dir='ltr'><strong>tantum</strong></span> <span class='ocrx_word' id='word_1_258' title='bbox 1707 3245 1987 3314; x_wconf 89' lang='lat' dir='ltr'><strong>imperium</strong></span> 
     </span>
    </p>
   </div>
   <div class='ocr_carea' id='block_1_34' title="bbox 411 3333 1998 3402">
    <p class='ocr_par' dir='ltr' id='par_1_34' title="bbox 411 3333 1998 3402">
     <span class='ocr_line' id='line_1_34' title="bbox 411 3333 1998 3402; baseline 0.003 -16"><span class='ocrx_word' id='word_1_259' title='bbox 411 3334 582 3386; x_wconf 78' lang='lat' dir='ltr'><strong>evecti</strong></span> <span class='ocrx_word' id='word_1_260' title='bbox 613 3343 754 3388; x_wconf 91' lang='lat' dir='ltr'><strong>sunt.</strong></span> <span class='ocrx_word' id='word_1_261' title='bbox 799 3334 880 3388; x_wconf 83' lang='lat' dir='ltr'><strong>Ad</strong></span> <span class='ocrx_word' id='word_1_262' title='bbox 916 3333 1032 3388; x_wconf 68' lang='lat' dir='ltr'><strong>hinc</strong></span> <span class='ocrx_word' id='word_1_263' title='bbox 1055 3375 1070 3398; x_wconf 97' lang='lat'><strong>,</strong></span> <span class='ocrx_word' id='word_1_264' title='bbox 1113 3335 1158 3388; x_wconf 89' lang='lat' dir='ltr'><strong>si</strong></span> <span class='ocrx_word' id='word_1_265' title='bbox 1199 3333 1489 3402; x_wconf 86' lang='lat' dir='ltr'><strong>imperator</strong></span> <span class='ocrx_word' id='word_1_266' title='bbox 1523 3337 1850 3390; x_wconf 90' lang='lat' dir='ltr'><strong>subditorum</strong></span> <span class='ocrx_word' id='word_1_267' title='bbox 1878 3337 1998 3390; x_wconf 63' lang='lat' dir='ltr'><strong>eui-’</strong></span> 
     </span>
    </p>
   </div>
   <div class='ocr_carea' id='block_1_35' title="bbox 415 3423 1988 3496">
    <p class='ocr_par' dir='ltr' id='par_1_35' title="bbox 415 3423 1988 3496">
     <span class='ocr_line' id='line_1_35' title="bbox 415 3423 1988 3496; baseline 0.003 -18"><span class='ocrx_word' id='word_1_268' title='bbox 415 3424 554 3492; x_wconf 86' lang='lat' dir='ltr'><strong>piam</strong></span> <span class='ocrx_word' id='word_1_269' title='bbox 605 3423 746 3479; x_wconf 92' lang='lat' dir='ltr'><strong>hunc</strong></span> <span class='ocrx_word' id='word_1_270' title='bbox 799 3423 1055 3478; x_wconf 89' lang='lat' dir='ltr'><strong>honorem</strong></span> <span class='ocrx_word' id='word_1_271' title='bbox 1111 3425 1433 3492; x_wconf 88' lang='lat' dir='ltr'><strong>contulerit,</strong></span> <span class='ocrx_word' id='word_1_272' title='bbox 1485 3435 1543 3479; x_wconf 90' lang='lat' dir='ltr'><strong>ut</strong></span> <span class='ocrx_word' id='word_1_273' title='bbox 1587 3439 1722 3496; x_wconf 86' lang='lat' dir='ltr'><strong>quos</strong></span> <span class='ocrx_word' id='word_1_274' title='bbox 1777 3429 1988 3482; x_wconf 84' lang='lat' dir='ltr'><strong>libuerit</strong></span> 
     </span>
    </p>
   </div>
   <div class='ocr_carea' id='block_1_36' title="bbox 413 3513 1999 3585">
    <p class='ocr_par' dir='ltr' id='par_1_36' title="bbox 413 3513 1999 3585">
     <span class='ocr_line' id='line_1_36' title="bbox 413 3513 1999 3585; baseline 0.008 -24"><span class='ocrx_word' id='word_1_275' title='bbox 413 3513 581 3578; x_wconf 82' lang='lat' dir='ltr'><strong>possit</strong></span> <span class='ocrx_word' id='word_1_276' title='bbox 634 3515 684 3567; x_wconf 93' lang='lat' dir='ltr'><strong>in</strong></span> <span class='ocrx_word' id='word_1_277' title='bbox 728 3528 996 3568; x_wconf 91' lang='lat' dir='ltr'><strong>carcerem</strong></span> <span class='ocrx_word' id='word_1_278' title='bbox 1044 3515 1310 3582; x_wconf 87' lang='lat' dir='ltr'><strong>coojieere</strong></span> <span class='ocrx_word' id='word_1_279' title='bbox 1358 3515 1584 3585; x_wconf 89' lang='lat' dir='ltr'><strong>indeque</strong></span> <span class='ocrx_word' id='word_1_280' title='bbox 1626 3533 1852 3581; x_wconf 90' lang='lat' dir='ltr'><strong>eruere,</strong></span> <span class='ocrx_word' id='word_1_281' title='bbox 1899 3517 1999 3573; x_wconf 89' lang='lat' dir='ltr'><strong>ille</strong></span> 
     </span>
    </p>
   </div>
   <div class='ocr_carea' id='block_1_37' title="bbox 410 3601 1990 3672">
    <p class='ocr_par' dir='ltr' id='par_1_37' title="bbox 410 3601 1990 3672">
     <span class='ocr_line' id='line_1_37' title="bbox 410 3601 1990 3672; baseline 0.003 -18"><span class='ocrx_word' id='word_1_282' title='bbox 410 3601 751 3657; x_wconf 89' lang='lat' dir='ltr'><strong>admirandus</strong></span> <span class='ocrx_word' id='word_1_283' title='bbox 787 3613 842 3657; x_wconf 86' lang='lat' dir='ltr'><strong>et</strong></span> <span class='ocrx_word' id='word_1_284' title='bbox 881 3604 1200 3672; x_wconf 89' lang='lat' dir='ltr'><strong>conspicuus</strong></span> <span class='ocrx_word' id='word_1_285' title='bbox 1236 3605 1376 3672; x_wconf 90' lang='lat' dir='ltr'><strong>apud</strong></span> <span class='ocrx_word' id='word_1_286' title='bbox 1414 3619 1600 3659; x_wconf 88' lang='lat' dir='ltr'><strong>omnes</strong></span> <span class='ocrx_word' id='word_1_287' title='bbox 1647 3606 1896 3670; x_wconf 91' lang='lat' dir='ltr'><strong>habetur;</strong></span> <span class='ocrx_word' id='word_1_288' title='bbox 1936 3615 1990 3659; x_wconf 89' lang='lat' dir='ltr'><strong>at</strong></span> 
     </span>
    </p>
   </div>
   <div class='ocr_carea' id='block_1_38' title="bbox 412 3692 1989 3765">
    <p class='ocr_par' dir='ltr' id='par_1_38' title="bbox 412 3692 1989 3765">
     <span class='ocr_line' id='line_1_38' title="bbox 412 3692 1989 3765; baseline 0.004 -22"><span class='ocrx_word' id='word_1_289' title='bbox 412 3695 455 3743; x_wconf 85' lang='lat' dir='ltr'><strong>is</strong></span> <span class='ocrx_word' id='word_1_290' title='bbox 477 3692 564 3760; x_wconf 89' lang='lat' dir='ltr'><strong>qui</strong></span> <span class='ocrx_word' id='word_1_291' title='bbox 587 3707 615 3744; x_wconf 94' lang='lat' dir='ltr'><strong>a</strong></span> <span class='ocrx_word' id='word_1_292' title='bbox 643 3692 750 3746; x_wconf 82' lang='lat' dir='ltr'><strong>Deo</strong></span> <span class='ocrx_word' id='word_1_293' title='bbox 767 3701 914 3746; x_wconf 91' lang='lat' dir='ltr'><strong>tanto</strong></span> <span class='ocrx_word' id='word_1_294' title='bbox 936 3693 1189 3762; x_wconf 87' lang='lat' dir='ltr'><strong>majorem</strong></span> <span class='ocrx_word' id='word_1_295' title='bbox 1216 3703 1527 3764; x_wconf 89' lang='lat' dir='ltr'><strong>potestatem</strong></span> <span class='ocrx_word' id='word_1_296' title='bbox 1547 3696 1767 3764; x_wconf 83' lang='lat' dir='ltr'><strong>accepit,</strong></span> <span class='ocrx_word' id='word_1_297' title='bbox 1791 3706 1989 3765; x_wconf 90' lang='lat' dir='ltr'><strong>quanto</strong></span> 
     </span>
    </p>
   </div>
   <div class='ocr_carea' id='block_1_39' title="bbox 409 3781 1984 3854">
    <p class='ocr_par' dir='ltr' id='par_1_39' title="bbox 409 3781 1984 3854">
     <span class='ocr_line' id='line_1_39' title="bbox 409 3781 1984 3854; baseline 0.006 -23"><span class='ocrx_word' id='word_1_298' title='bbox 409 3781 599 3834; x_wconf 73' lang='lat' dir='ltr'><strong>cadum</strong></span> <span class='ocrx_word' id='word_1_299' title='bbox 648 3790 784 3835; x_wconf 89' lang='lat' dir='ltr'><strong>terra</strong></span> <span class='ocrx_word' id='word_1_300' title='bbox 818 3784 1099 3850; x_wconf 88' lang='lat' dir='ltr'><strong>pretiosius</strong></span> <span class='ocrx_word' id='word_1_301' title='bbox 1126 3793 1209 3838; x_wconf 88' lang='lat' dir='ltr'><strong>est</strong></span> <span class='ocrx_word' id='word_1_302' title='bbox 1228 3824 1242 3846; x_wconf 93' lang='lat'><strong>,</strong></span> <span class='ocrx_word' id='word_1_303' title='bbox 1271 3792 1326 3838; x_wconf 88' lang='lat' dir='ltr'><strong>et</strong></span> <span class='ocrx_word' id='word_1_304' title='bbox 1350 3795 1547 3854; x_wconf 88' lang='lat' dir='ltr'><strong>quanto</strong></span> <span class='ocrx_word' id='word_1_305' title='bbox 1572 3787 1762 3839; x_wconf 70' lang='lat' dir='ltr'><strong>anima:</strong></span> <span class='ocrx_word' id='word_1_306' title='bbox 1792 3799 1984 3854; x_wconf 88' lang='lat' dir='ltr'><strong>corpo-</strong></span> 
     </span>
    </p>
   </div>
   <div class='ocr_carea' id='block_1_40' title="bbox 410 3868 1988 3942">
    <p class='ocr_par' dir='ltr' id='par_1_40' title="bbox 410 3868 1988 3942">
     <span class='ocr_line' id='line_1_40' title="bbox 410 3868 1988 3942; baseline 0.006 -21"><span class='ocrx_word' id='word_1_307' title='bbox 410 3868 557 3922; x_wconf 85' lang='lat' dir='ltr'><strong>ribus</strong></span> <span class='ocrx_word' id='word_1_308' title='bbox 576 3911 591 3936; x_wconf 95' lang='lat'><strong>,</strong></span> <span class='ocrx_word' id='word_1_309' title='bbox 635 3870 704 3923; x_wconf 91' lang='lat' dir='ltr'><strong>ita</strong></span> <span class='ocrx_word' id='word_1_310' title='bbox 740 3871 988 3942; x_wconf 82' lang='lat' dir='ltr'><strong>exiguum</strong></span> <span class='ocrx_word' id='word_1_311' title='bbox 1027 3873 1293 3927; x_wconf 83' lang='lat' dir='ltr'><strong>nonnullis</strong></span> <span class='ocrx_word' id='word_1_312' title='bbox 1320 3875 1526 3929; x_wconf 85' lang='lat' dir='ltr'><strong>videtur</strong></span> <span class='ocrx_word' id='word_1_313' title='bbox 1552 3875 1806 3930; x_wconf 89' lang='lat' dir='ltr'><strong>honorem</strong></span> <span class='ocrx_word' id='word_1_314' title='bbox 1829 3889 1988 3930; x_wconf 85' lang='lat' dir='ltr'><strong>acce-</strong></span> 
     </span>
    </p>
   </div>
   <div class='ocr_carea' id='block_1_41' title="bbox 411 3959 1989 4036">
    <p class='ocr_par' dir='ltr' id='par_1_41' title="bbox 411 3959 1989 4036">
     <span class='ocr_line' id='line_1_41' title="bbox 411 3959 1989 4036; baseline 0.01 -27"><span class='ocrx_word' id='word_1_315' title='bbox 411 3959 572 4027; x_wconf 86' lang='lat' dir='ltr'><strong>pisse,</strong></span> <span class='ocrx_word' id='word_1_316' title='bbox 621 3971 678 4015; x_wconf 90' lang='lat' dir='ltr'><strong>ut</strong></span> <span class='ocrx_word' id='word_1_317' title='bbox 701 3963 918 4033; x_wconf 86' lang='lat' dir='ltr'><strong>cogitari</strong></span> <span class='ocrx_word' id='word_1_318' title='bbox 951 3965 1133 4032; x_wconf 86' lang='lat' dir='ltr'><strong>possit,</strong></span> <span class='ocrx_word' id='word_1_319' title='bbox 1180 3967 1476 4036; x_wconf 84' lang='lat' dir='ltr'><strong>quempiam</strong></span> <span class='ocrx_word' id='word_1_320' title='bbox 1507 3967 1608 4022; x_wconf 90' lang='lat' dir='ltr'><strong>hoc</strong></span> <span class='ocrx_word' id='word_1_321' title='bbox 1637 3962 1735 4022; x_wconf 83' lang='lat' dir='ltr'><strong>sibi</strong></span> <span class='ocrx_word' id='word_1_322' title='bbox 1766 3983 1989 4024; x_wconf 86' lang='lat' dir='ltr'><strong>concre-</strong></span> 
     </span>
    </p>
   </div>
   <div class='ocr_carea' id='block_1_42' title="bbox 408 4050 1985 4127">
    <p class='ocr_par' dir='ltr' id='par_1_42' title="bbox 408 4050 1985 4127">
     <span class='ocr_line' id='line_1_42' title="bbox 408 4050 1985 4127; baseline 0.007 -23"><span class='ocrx_word' id='word_1_323' title='bbox 408 4050 579 4105; x_wconf 89' lang='lat' dir='ltr'><strong>ditum</strong></span> <span class='ocrx_word' id='word_1_324' title='bbox 623 4052 818 4106; x_wconf 88' lang='lat' dir='ltr'><strong>donum</strong></span> <span class='ocrx_word' id='word_1_325' title='bbox 860 4053 1156 4124; x_wconf 87' lang='lat' dir='ltr'><strong>despicere.</strong></span> <span class='ocrx_word' id='word_1_326' title='bbox 1209 4059 1388 4127; x_wconf 79' lang='lat' dir='ltr'><strong>Apage</strong></span> <span class='ocrx_word' id='word_1_327' title='bbox 1431 4060 1688 4113; x_wconf 77' lang='lat' dir='ltr'><strong>insaniam</strong></span> <span class='ocrx_word' id='word_1_328' title='bbox 1725 4078 1738 4114; x_wconf 91' lang='lat'><strong>:</strong></span> <span class='ocrx_word' id='word_1_329' title='bbox 1784 4061 1985 4116; x_wconf 88' lang='lat' dir='ltr'><strong>insania</strong></span> 
     </span>
    </p>
   </div>
   <div class='ocr_carea' id='block_1_43' title="bbox 409 4136 1984 4212">
    <p class='ocr_par' dir='ltr' id='par_1_43' title="bbox 409 4136 1984 4212">
     <span class='ocr_line' id='line_1_43' title="bbox 409 4136 1984 4212; baseline 0.007 -25"><span class='ocrx_word' id='word_1_330' title='bbox 409 4148 638 4203; x_wconf 83' lang='lat' dir='ltr'><strong>namque</strong></span> <span class='ocrx_word' id='word_1_331' title='bbox 665 4136 940 4190; x_wconf 81' lang='lat' dir='ltr'><strong>manifesta</strong></span> <span class='ocrx_word' id='word_1_332' title='bbox 969 4147 1068 4199; x_wconf 85' lang='lat' dir='ltr'><strong>est,</strong></span> <span class='ocrx_word' id='word_1_333' title='bbox 1099 4147 1298 4192; x_wconf 86' lang='lat' dir='ltr'><strong>tantum</strong></span> <span class='ocrx_word' id='word_1_334' title='bbox 1318 4142 1666 4210; x_wconf 89' lang='lat' dir='ltr'><strong>principatum</strong></span> <span class='ocrx_word' id='word_1_335' title='bbox 1686 4143 1984 4212; x_wconf 84' lang='lat' dir='ltr'><strong>despicere,</strong></span> 
     </span>
    </p>
   </div>
   <div class='ocr_carea' id='block_1_44' title="bbox 409 4225 1983 4299">
    <p class='ocr_par' dir='ltr' id='par_1_44' title="bbox 409 4225 1983 4299">
     <span class='ocr_line' id='line_1_44' title="bbox 409 4225 1983 4299; baseline 0.007 -22"><span class='ocrx_word' id='word_1_336' title='bbox 409 4225 527 4278; x_wconf 87' lang='lat' dir='ltr'><strong>sine</strong></span> <span class='ocrx_word' id='word_1_337' title='bbox 553 4239 660 4292; x_wconf 91' lang='lat' dir='ltr'><strong>quo</strong></span> <span class='ocrx_word' id='word_1_338' title='bbox 685 4240 855 4293; x_wconf 91' lang='lat' dir='ltr'><strong>neque</strong></span> <span class='ocrx_word' id='word_1_339' title='bbox 883 4227 1102 4280; x_wconf 79' lang='lat' dir='ltr'><strong>Salutem</strong></span> <span class='ocrx_word' id='word_1_340' title='bbox 1139 4243 1308 4296; x_wconf 86' lang='lat' dir='ltr'><strong>neque</strong></span> <span class='ocrx_word' id='word_1_341' title='bbox 1343 4232 1600 4299; x_wconf 88' lang='lat' dir='ltr'><strong>promissa</strong></span> <span class='ocrx_word' id='word_1_342' title='bbox 1629 4233 1762 4286; x_wconf 92' lang='lat' dir='ltr'><strong>bona</strong></span> <span class='ocrx_word' id='word_1_343' title='bbox 1789 4249 1983 4288; x_wconf 82' lang='lat' dir='ltr'><strong>conse-</strong></span> 
     </span>
    </p>
   </div>
   <div class='ocr_carea' id='block_1_45' title="bbox 407 4313 1982 4390">
    <p class='ocr_par' dir='ltr' id='par_1_45' title="bbox 407 4313 1982 4390">
     <span class='ocr_line' id='line_1_45' title="bbox 407 4313 1982 4390; baseline 0.008 -26"><span class='ocrx_word' id='word_1_344' title='bbox 407 4313 497 4382; x_wconf 87' lang='lat' dir='ltr'><strong>qui</strong></span> <span class='ocrx_word' id='word_1_345' title='bbox 546 4327 844 4380; x_wconf 84' lang='lat' dir='ltr'><strong>possumus.</strong></span> <span class='ocrx_word' id='word_1_346' title='bbox 893 4315 1023 4368; x_wconf 89' lang='lat' dir='ltr'><strong>Nam</strong></span> <span class='ocrx_word' id='word_1_347' title='bbox 1071 4318 1114 4370; x_wconf 88' lang='lat' dir='ltr'><strong>si</strong></span> <span class='ocrx_word' id='word_1_348' title='bbox 1163 4333 1267 4370; x_wconf 91' lang='lat' dir='ltr'><strong>non</strong></span> <span class='ocrx_word' id='word_1_349' title='bbox 1315 4328 1491 4388; x_wconf 90' lang='lat' dir='ltr'><strong>potest</strong></span> <span class='ocrx_word' id='word_1_350' title='bbox 1540 4321 1657 4390; x_wconf 92' lang='lat' dir='ltr'><strong>quis</strong></span> <span class='ocrx_word' id='word_1_351' title='bbox 1706 4322 1904 4376; x_wconf 90' lang='lat' dir='ltr'><strong>intrare</strong></span> <span class='ocrx_word' id='word_1_352' title='bbox 1933 4324 1982 4377; x_wconf 94' lang='lat' dir='ltr'><strong>in</strong></span> 
     </span>
    </p>
   </div>
   <div class='ocr_carea' id='block_1_46' title="bbox 409 4405 1996 4486">
    <p class='ocr_par' dir='ltr' id='par_1_46' title="bbox 409 4405 1996 4486">
     <span class='ocr_line' id='line_1_46' title="bbox 409 4405 1996 4486; baseline 0.009 -29"><span class='ocrx_word' id='word_1_353' title='bbox 409 4419 631 4475; x_wconf 77' lang='lat' dir='ltr'><strong>regnum</strong></span> <span class='ocrx_word' id='word_1_354' title='bbox 659 4405 926 4472; x_wconf 68' lang='lat' dir='ltr'><strong>caalorum,</strong></span> <span class='ocrx_word' id='word_1_355' title='bbox 961 4409 1059 4463; x_wconf 91' lang='lat' dir='ltr'><strong>nisi</strong></span> <span class='ocrx_word' id='word_1_356' title='bbox 1088 4425 1183 4479; x_wconf 90' lang='lat' dir='ltr'><strong>per</strong></span> <span class='ocrx_word' id='word_1_357' title='bbox 1205 4426 1393 4480; x_wconf 87' lang='lat' dir='ltr'><strong>aquam</strong></span> <span class='ocrx_word' id='word_1_358' title='bbox 1421 4421 1474 4466; x_wconf 91' lang='lat' dir='ltr'><strong>et</strong></span> <span class='ocrx_word' id='word_1_359' title='bbox 1495 4414 1736 4482; x_wconf 82' lang='lat' dir='ltr'><strong>spiritum</strong></span> <span class='ocrx_word' id='word_1_360' title='bbox 1769 4431 1996 4486; x_wconf 41' lang='lat' dir='ltr'><strong>regene-‘</strong></span> 
     </span>
    </p>
   </div>
   <div class='ocr_carea' id='block_1_47' title="bbox 406 4497 1982 4573">
    <p class='ocr_par' dir='ltr' id='par_1_47' title="bbox 406 4497 1982 4573">
     <span class='ocr_line' id='line_1_47' title="bbox 406 4497 1982 4573; baseline 0.008 -24"><span class='ocrx_word' id='word_1_361' title='bbox 406 4507 554 4551; x_wconf 87' lang='lat' dir='ltr'><strong>ratus</strong></span> <span class='ocrx_word' id='word_1_362' title='bbox 589 4497 742 4552; x_wconf 82' lang='lat' dir='ltr'><strong>fuerit</strong></span> <span class='ocrx_word' id='word_1_363' title='bbox 769 4498 946 4569; x_wconf 86' lang='lat' dir='ltr'><strong>(Joan.</strong></span> <span class='ocrx_word' id='word_1_364' title='bbox 981 4502 1034 4556; x_wconf 80' lang='lat'><strong>&#39;5.</strong></span> <span class='ocrx_word' id='word_1_365' title='bbox 1060 4503 1156 4571; x_wconf 82' lang='lat'><strong>5);</strong></span> <span class='ocrx_word' id='word_1_366' title='bbox 1203 4513 1254 4557; x_wconf 90' lang='lat' dir='ltr'><strong>et</strong></span> <span class='ocrx_word' id='word_1_367' title='bbox 1283 4505 1374 4573; x_wconf 89' lang='lat' dir='ltr'><strong>qui</strong></span> <span class='ocrx_word' id='word_1_368' title='bbox 1405 4520 1507 4560; x_wconf 91' lang='lat' dir='ltr'><strong>non</strong></span> <span class='ocrx_word' id='word_1_369' title='bbox 1553 4507 1834 4561; x_wconf 89' lang='lat' dir='ltr'><strong>manducat</strong></span> <span class='ocrx_word' id='word_1_370' title='bbox 1862 4524 1982 4562; x_wconf 85' lang='lat' dir='ltr'><strong>car-</strong></span> 
     </span>
    </p>
   </div>
   <div class='ocr_carea' id='block_1_48' title="bbox 414 4589 1982 4666">
    <p class='ocr_par' dir='ltr' id='par_1_48' title="bbox 414 4589 1982 4666">
     <span class='ocr_line' id='line_1_48' title="bbox 414 4589 1982 4666; baseline 0.008 -24"><span class='ocrx_word' id='word_1_371' title='bbox 414 4603 533 4642; x_wconf 86' lang='lat' dir='ltr'><strong>nem</strong></span> <span class='ocrx_word' id='word_1_372' title='bbox 579 4589 820 4658; x_wconf 88' lang='lat' dir='ltr'><strong>Domini,</strong></span> <span class='ocrx_word' id='word_1_373' title='bbox 867 4607 966 4647; x_wconf 91' lang='lat' dir='ltr'><strong>nec</strong></span> <span class='ocrx_word' id='word_1_374' title='bbox 993 4594 1122 4648; x_wconf 86' lang='lat' dir='ltr'><strong>bibit</strong></span> <span class='ocrx_word' id='word_1_375' title='bbox 1151 4595 1264 4664; x_wconf 86' lang='lat' dir='ltr'><strong>ejus</strong></span> <span class='ocrx_word' id='word_1_376' title='bbox 1291 4600 1621 4666; x_wconf 88' lang='lat' dir='ltr'><strong>sanguinem,</strong></span> <span class='ocrx_word' id='word_1_377' title='bbox 1653 4610 1850 4654; x_wconf 73' lang='lat' dir='ltr'><strong>mterna</strong></span> <span class='ocrx_word' id='word_1_378' title='bbox 1877 4605 1982 4656; x_wconf 89' lang='lat' dir='ltr'><strong>vita</strong></span> 
     </span>
    </p>
   </div>
   <div class='ocr_carea' id='block_1_49' title="bbox 410 4679 1979 4759">
    <p class='ocr_par' dir='ltr' id='par_1_49' title="bbox 410 4679 1979 4759">
     <span class='ocr_line' id='line_1_49' title="bbox 410 4679 1979 4759; baseline 0.011 -30"><span class='ocrx_word' id='word_1_379' title='bbox 410 4679 646 4746; x_wconf 79' lang='lat' dir='ltr'><strong>privatur</strong></span> <span class='ocrx_word' id='word_1_380' title='bbox 670 4679 847 4749; x_wconf 83' lang='lat' dir='ltr'><strong>(Joan.</strong></span> <span class='ocrx_word' id='word_1_381' title='bbox 879 4683 932 4736; x_wconf 88' lang='grc'><strong>6.</strong></span> <span class='ocrx_word' id='word_1_382' title='bbox 959 4684 1049 4753; x_wconf 71' lang='grc'><strong>54)</strong></span> <span class='ocrx_word' id='word_1_383' title='bbox 1084 4702 1096 4737; x_wconf 94' lang='lat'>:</span> <span class='ocrx_word' id='word_1_384' title='bbox 1126 4685 1239 4741; x_wconf 77' lang='lat' dir='ltr'><strong>[nec</strong></span> <span class='ocrx_word' id='word_1_385' title='bbox 1265 4699 1441 4742; x_wconf 89' lang='lat' dir='ltr'><strong>autem</strong></span> <span class='ocrx_word' id='word_1_386' title='bbox 1473 4690 1646 4743; x_wconf 88' lang='lat' dir='ltr'><strong>omnia</strong></span> <span class='ocrx_word' id='word_1_387' title='bbox 1677 4706 1778 4744; x_wconf 87' lang='lat' dir='ltr'><strong>non</strong></span> <span class='ocrx_word' id='word_1_388' title='bbox 1806 4692 1979 4759; x_wconf 88' lang='lat' dir='ltr'><strong>aliter,</strong></span> 
     </span>
    </p>
   </div>
   <div class='ocr_carea' id='block_1_50' title="bbox 407 4775 1979 4852">
    <p class='ocr_par' dir='ltr' id='par_1_50' title="bbox 407 4775 1979 4852">
     <span class='ocr_line' id='line_1_50' title="bbox 407 4775 1979 4852; baseline 0.012 -33"><span class='ocrx_word' id='word_1_389' title='bbox 407 4783 567 4836; x_wconf 87' lang='lat' dir='ltr'><strong>qttam</strong></span> <span class='ocrx_word' id='word_1_390' title='bbox 598 4783 692 4836; x_wconf 91' lang='lat' dir='ltr'><strong>per</strong></span> <span class='ocrx_word' id='word_1_391' title='bbox 716 4781 926 4827; x_wconf 88' lang='lat' dir='ltr'><strong>sanctas</strong></span> <span class='ocrx_word' id='word_1_392' title='bbox 969 4775 1083 4828; x_wconf 91' lang='lat' dir='ltr'><strong>illas</strong></span> <span class='ocrx_word' id='word_1_393' title='bbox 1123 4793 1348 4844; x_wconf 88' lang='lat' dir='ltr'><strong>manus,</strong></span> <span class='ocrx_word' id='word_1_394' title='bbox 1392 4783 1726 4835; x_wconf 68' lang='lat' dir='ltr'><strong>sacerdotum</strong></span> <span class='ocrx_word' id='word_1_395' title='bbox 1767 4799 1979 4852; x_wconf 90' lang='lat' dir='ltr'><strong>nempe,</strong></span> 
     </span>
    </p>
   </div>
   <div class='ocr_carea' id='block_1_51' title="bbox 406 4859 1984 4941">
    <p class='ocr_par' dir='ltr' id='par_1_51' title="bbox 406 4859 1984 4941">
     <span class='ocr_line' id='line_1_51' title="bbox 406 4859 1984 4941; baseline 0.011 -31"><span class='ocrx_word' id='word_1_396' title='bbox 406 4859 794 4926; x_wconf 72' lang='lat' dir='ltr'><strong>perficiuntur:</strong></span> <span class='ocrx_word' id='word_1_397' title='bbox 827 4863 944 4931; x_wconf 91' lang='lat' dir='ltr'><strong>quis</strong></span> <span class='ocrx_word' id='word_1_398' title='bbox 989 4865 1106 4918; x_wconf 87' lang='lat' dir='ltr'><strong>sine</strong></span> <span class='ocrx_word' id='word_1_399' title='bbox 1147 4866 1350 4921; x_wconf 89' lang='lat' dir='ltr'><strong>illarum</strong></span> <span class='ocrx_word' id='word_1_400' title='bbox 1395 4884 1556 4936; x_wconf 85' lang='lat' dir='ltr'><strong>opera</strong></span> <span class='ocrx_word' id='word_1_401' title='bbox 1597 4879 1687 4924; x_wconf 90' lang='lat' dir='ltr'><strong>aut</strong></span> <span class='ocrx_word' id='word_1_402' title='bbox 1727 4872 1984 4941; x_wconf 76' lang='lat' dir='ltr'><strong>gehenna:</strong></span> 
     </span>
    </p>
   </div>
   <div class='ocr_carea' id='block_1_52' title="bbox 411 4947 1987 5031">
    <p class='ocr_par' dir='ltr' id='par_1_52' title="bbox 411 4947 1987 5031">
     <span class='ocr_line' id='line_1_52' title="bbox 411 4947 1987 5031; baseline 0.009 -29"><span class='ocrx_word' id='word_1_403' title='bbox 411 4947 586 5017; x_wconf 83' lang='lat' dir='ltr'><strong>ignem</strong></span> <span class='ocrx_word' id='word_1_404' title='bbox 604 4947 856 5019; x_wconf 83' lang='lat' dir='ltr'><strong>eilngere,</strong></span> <span class='ocrx_word' id='word_1_405' title='bbox 878 4963 969 5008; x_wconf 87' lang='lat' dir='ltr'><strong>aut</strong></span> <span class='ocrx_word' id='word_1_406' title='bbox 993 4957 1250 5023; x_wconf 88' lang='lat' dir='ltr'><strong>repositas</strong></span> <span class='ocrx_word' id='word_1_407' title='bbox 1268 4960 1478 5028; x_wconf 81' lang='lat' dir='ltr'><strong>assequi</strong></span> <span class='ocrx_word' id='word_1_408' title='bbox 1505 4975 1729 5016; x_wconf 85' lang='lat' dir='ltr'><strong>coronas</strong></span> <span class='ocrx_word' id='word_1_409' title='bbox 1757 4963 1987 5031; x_wconf 79' lang='lat' dir='ltr'><strong>poterit?</strong></span> 
     </span>
    </p>
   </div>
   <div class='ocr_carea' id='block_1_53' title="bbox 479 5039 1983 5122">
    <p class='ocr_par' dir='ltr' id='par_1_53' title="bbox 479 5039 1983 5122">
     <span class='ocr_line' id='line_1_53' title="bbox 479 5039 1983 5122; baseline 0.009 -28"><span class='ocrx_word' id='word_1_410' title='bbox 479 5039 532 5094; x_wconf 88' lang='grc'><strong>6.</strong></span> <span class='ocrx_word' id='word_1_411' title='bbox 564 5040 808 5111; x_wconf 75' lang='lat' dir='ltr'><strong>Magnum</strong></span> <span class='ocrx_word' id='word_1_412' title='bbox 836 5059 942 5098; x_wconf 80' lang='lat' dir='ltr'><strong>esse</strong></span> <span class='ocrx_word' id='word_1_413' title='bbox 969 5047 1282 5100; x_wconf 78' lang='lat' dir='ltr'><strong>sacerdotum</strong></span> <span class='ocrx_word' id='word_1_414' title='bbox 1314 5065 1514 5104; x_wconf 84' lang='lat' dir='ltr'><strong>munus.</strong></span> <span class='ocrx_word' id='word_1_415' title='bbox 1544 5079 1615 5090; x_wconf 89' lang='lat'><strong>—-—</strong></span> <span class='ocrx_word' id='word_1_416' title='bbox 1656 5052 1716 5106; x_wconf 89' lang='lat' dir='ltr'><strong>lli</strong></span> <span class='ocrx_word' id='word_1_417' title='bbox 1757 5069 1983 5122; x_wconf 86' lang='lat' dir='ltr'><strong>namque</strong></span> 
     </span>
    </p>
   </div>
   <div class='ocr_carea' id='block_1_54' title="bbox 404 5132 1978 5214">
    <p class='ocr_par' dir='ltr' id='par_1_54' title="bbox 404 5132 1978 5214">
     <span class='ocr_line' id='line_1_54' title="bbox 404 5132 1978 5214; baseline 0.008 -28"><span class='ocrx_word' id='word_1_418' title='bbox 404 5141 566 5197; x_wconf 81' lang='lat' dir='ltr'><strong>sunt,</strong></span> <span class='ocrx_word' id='word_1_419' title='bbox 600 5132 652 5186; x_wconf 92' lang='lat' dir='ltr'><strong>hi</strong></span> <span class='ocrx_word' id='word_1_420' title='bbox 680 5144 822 5199; x_wconf 90' lang='lat' dir='ltr'><strong>sunt,</strong></span> <span class='ocrx_word' id='word_1_421' title='bbox 851 5137 1040 5205; x_wconf 87' lang='lat' dir='ltr'><strong>quibus</strong></span> <span class='ocrx_word' id='word_1_422' title='bbox 1061 5139 1348 5193; x_wconf 81' lang='lat' dir='ltr'><strong>cenet-editi</strong></span> <span class='ocrx_word' id='word_1_423' title='bbox 1375 5151 1499 5194; x_wconf 86' lang='lat' dir='ltr'><strong>sunt</strong></span> <span class='ocrx_word' id='word_1_424' title='bbox 1526 5144 1826 5210; x_wconf 84' lang='lat' dir='ltr'><strong>spirituales</strong></span> <span class='ocrx_word' id='word_1_425' title='bbox 1854 5161 1978 5214; x_wconf 88' lang='lat' dir='ltr'><strong>par-</strong></span> 
     </span>
    </p>
   </div>
   <div class='ocr_carea' id='block_1_55' title="bbox 406 5226 1976 5302">
    <p class='ocr_par' dir='ltr' id='par_1_55' title="bbox 406 5226 1976 5302">
     <span class='ocr_line' id='line_1_55' title="bbox 406 5226 1976 5302; baseline 0.01 -28"><span class='ocrx_word' id='word_1_426' title='bbox 406 5231 494 5275; x_wconf 86' lang='lat' dir='ltr'><strong>tus</strong></span> <span class='ocrx_word' id='word_1_427' title='bbox 520 5231 573 5276; x_wconf 90' lang='lat' dir='ltr'><strong>et</strong></span> <span class='ocrx_word' id='word_1_428' title='bbox 608 5226 879 5291; x_wconf 75' lang='lat' dir='ltr'><strong>generatio</strong></span> <span class='ocrx_word' id='word_1_429' title='bbox 923 5242 1015 5295; x_wconf 91' lang='lat' dir='ltr'><strong>per</strong></span> <span class='ocrx_word' id='word_1_430' title='bbox 1059 5229 1375 5297; x_wconf 59' lang='lat' dir='ltr'><strong>baptismum</strong></span> <span class='ocrx_word' id='word_1_431' title='bbox 1410 5249 1421 5285; x_wconf 92' lang='lat'><strong>:</strong></span> <span class='ocrx_word' id='word_1_432' title='bbox 1457 5248 1550 5302; x_wconf 87' lang='lat' dir='ltr'><strong>per</strong></span> <span class='ocrx_word' id='word_1_433' title='bbox 1585 5233 1684 5288; x_wconf 89' lang='lat' dir='ltr'><strong>hos</strong></span> <span class='ocrx_word' id='word_1_434' title='bbox 1708 5235 1976 5290; x_wconf 86' lang='lat' dir='ltr'><strong>Christum</strong></span> 
     </span>
    </p>
   </div>
   <div class='ocr_carea' id='block_1_56' title="bbox 405 5311 1979 5390">
    <p class='ocr_par' dir='ltr' id='par_1_56' title="bbox 405 5311 1979 5390">
     <span class='ocr_line' id='line_1_56' title="bbox 405 5311 1979 5390; baseline 0.011 -26"><span class='ocrx_word' id='word_1_435' title='bbox 405 5311 692 5374; x_wconf 84' lang='lat' dir='ltr'><strong>induimus,</strong></span> <span class='ocrx_word' id='word_1_436' title='bbox 717 5324 770 5370; x_wconf 88' lang='lat' dir='ltr'><strong>et</strong></span> <span class='ocrx_word' id='word_1_437' title='bbox 794 5331 913 5370; x_wconf 91' lang='lat' dir='ltr'><strong>cum</strong></span> <span class='ocrx_word' id='word_1_438' title='bbox 946 5318 1079 5372; x_wconf 88' lang='lat' dir='ltr'><strong>Filio</strong></span> <span class='ocrx_word' id='word_1_439' title='bbox 1108 5319 1196 5374; x_wconf 83' lang='lat' dir='ltr'><strong>Dei</strong></span> <span class='ocrx_word' id='word_1_440' title='bbox 1227 5323 1514 5389; x_wconf 85' lang='lat' dir='ltr'><strong>sepelimur</strong></span> <span class='ocrx_word' id='word_1_441' title='bbox 1536 5366 1551 5390; x_wconf 94' lang='lat'><strong>,</strong></span> <span class='ocrx_word' id='word_1_442' title='bbox 1577 5327 1811 5381; x_wconf 88' lang='lat' dir='ltr'><strong>membra</strong></span> <span class='ocrx_word' id='word_1_443' title='bbox 1837 5327 1979 5382; x_wconf 88' lang='lat' dir='ltr'><strong>beati</strong></span> 
     </span>
    </p>
   </div>
   <div class='ocr_carea' id='block_1_57' title="bbox 404 5401 1981 5487">
    <p class='ocr_par' dir='ltr' id='par_1_57' title="bbox 404 5401 1981 5487">
     <span class='ocr_line' id='line_1_57' title="bbox 404 5401 1981 5487; baseline 0.011 -31"><span class='ocrx_word' id='word_1_444' title='bbox 404 5401 546 5458; x_wconf 65' lang='lat' dir='ltr'><strong>illius</strong></span> <span class='ocrx_word' id='word_1_445' title='bbox 571 5406 759 5474; x_wconf 89' lang='lat' dir='ltr'><strong>capitis</strong></span> <span class='ocrx_word' id='word_1_446' title='bbox 797 5407 1074 5462; x_wconf 78' lang='lat' dir='ltr'><strong>efﬁcimur.</strong></span> <span class='ocrx_word' id='word_1_447' title='bbox 1125 5409 1198 5465; x_wconf 88' lang='lat' dir='ltr'><strong>Ita</strong></span> <span class='ocrx_word' id='word_1_448' title='bbox 1227 5426 1330 5466; x_wconf 91' lang='lat' dir='ltr'><strong>non</strong></span> <span class='ocrx_word' id='word_1_449' title='bbox 1372 5415 1530 5469; x_wconf 90' lang='lat' dir='ltr'><strong>modo</strong></span> <span class='ocrx_word' id='word_1_450' title='bbox 1571 5416 1894 5487; x_wconf 88' lang='lat' dir='ltr'><strong>principibus</strong></span> <span class='ocrx_word' id='word_1_451' title='bbox 1921 5434 1981 5475; x_wconf 89' lang='lat' dir='ltr'><strong>ac</strong></span> 
     </span>
    </p>
   </div>
   <div class='ocr_carea' id='block_1_58' title="bbox 405 5493 1977 5574">
    <p class='ocr_par' dir='ltr' id='par_1_58' title="bbox 405 5493 1977 5574">
     <span class='ocr_line' id='line_1_58' title="bbox 405 5493 1977 5574; baseline 0.01 -27"><span class='ocrx_word' id='word_1_452' title='bbox 405 5493 617 5563; x_wconf 75' lang='lat' dir='ltr'><strong>regibus</strong></span> <span class='ocrx_word' id='word_1_453' title='bbox 659 5497 1098 5554; x_wconf 82' lang='lat' dir='ltr'><strong>iormidabiliores</strong></span> <span class='ocrx_word' id='word_1_454' title='bbox 1123 5542 1138 5568; x_wconf 93' lang='lat'><strong>,</strong></span> <span class='ocrx_word' id='word_1_455' title='bbox 1183 5503 1275 5557; x_wconf 91' lang='lat' dir='ltr'><strong>scd</strong></span> <span class='ocrx_word' id='word_1_456' title='bbox 1305 5507 1536 5574; x_wconf 87' lang='lat' dir='ltr'><strong>patribus</strong></span> <span class='ocrx_word' id='word_1_457' title='bbox 1563 5508 1720 5563; x_wconf 88' lang='lat' dir='ltr'><strong>etiam</strong></span> <span class='ocrx_word' id='word_1_458' title='bbox 1753 5523 1977 5564; x_wconf 85' lang='lat' dir='ltr'><strong>venera-</strong></span> 
     </span>
    </p>
   </div>
   <div class='ocr_carea' id='block_1_59' title="bbox 404 5581 1976 5672">
    <p class='ocr_par' dir='ltr' id='par_1_59' title="bbox 404 5581 1976 5672">
     <span class='ocr_line' id='line_1_59' title="bbox 404 5581 1976 5672; baseline 0.013 -34"><span class='ocrx_word' id='word_1_459' title='bbox 404 5581 618 5640; x_wconf 84' lang='lat' dir='ltr'><strong>biliores</strong></span> <span class='ocrx_word' id='word_1_460' title='bbox 649 5588 802 5644; x_wconf 89' lang='lat' dir='ltr'><strong>nobis</strong></span> <span class='ocrx_word' id='word_1_461' title='bbox 822 5591 942 5660; x_wconf 86' lang='lat' dir='ltr'><strong>jure</strong></span> <span class='ocrx_word' id='word_1_462' title='bbox 973 5593 1183 5650; x_wconf 79' lang='lat' dir='ltr'><strong>iuerint.</strong></span> <span class='ocrx_word' id='word_1_463' title='bbox 1232 5595 1305 5650; x_wconf 91' lang='lat' dir='ltr'><strong>llli</strong></span> <span class='ocrx_word' id='word_1_464' title='bbox 1351 5598 1492 5654; x_wconf 88' lang='lat' dir='ltr'><strong>enim</strong></span> <span class='ocrx_word' id='word_1_465' title='bbox 1525 5615 1590 5654; x_wconf 83' lang='lat' dir='ltr'><strong>ex</strong></span> <span class='ocrx_word' id='word_1_466' title='bbox 1634 5604 1976 5672; x_wconf 86' lang='lat' dir='ltr'><strong>sanguiuilnts</strong></span> 
     </span>
    </p>
   </div>
   <div class='ocr_carea' id='block_1_60' title="bbox 1115 221 2936 290">
    <p class='ocr_par' dir='ltr' id='par_1_60' title="bbox 1115 221 2936 290">
     <span class='ocr_line' id='line_1_60' title="bbox 1115 221 2936 290; baseline -0.007 0"><span class='ocrx_word' id='word_1_467' title='bbox 1115 235 1174 289; x_wconf 84' lang='lat' dir='ltr'><strong>S.</strong></span> <span class='ocrx_word' id='word_1_468' title='bbox 1211 231 1488 290; x_wconf 73' lang='lat' dir='ltr'><strong>JOANNIS</strong></span> <span class='ocrx_word' id='word_1_469' title='bbox 1523 226 1999 286; x_wconf 64' lang='lat' dir='ltr'><strong>CilRYSOSTOMl</strong></span> <span class='ocrx_word' id='word_1_470' title='bbox 2040 223 2356 282; x_wconf 79' lang='lat' dir='ltr'><strong>ARCIIIEP.</strong></span> <span class='ocrx_word' id='word_1_471' title='bbox 2401 221 2936 281; x_wconf 80' lang='lat' dir='ltr'><strong>CONSTANTINOP.</strong></span> 
     </span>
    </p>
   </div>
   <div class='ocr_carea' id='block_1_61' title="bbox 3567 217 3664 274">
    <p class='ocr_par' dir='ltr' id='par_1_61' title="bbox 3567 217 3664 274">
     <span class='ocr_line' id='line_1_61' title="bbox 3567 217 3664 274; baseline -0.021 0"><span class='ocrx_word' id='word_1_472' title='bbox 3567 217 3664 274; x_wconf 74' lang='lat' dir='ltr'><strong>6H</strong></span> 
     </span>
    </p>
   </div>
   <div class='ocr_carea' id='block_1_62' title="bbox 2091 333 3668 410">
    <p class='ocr_par' dir='ltr' id='par_1_62' title="bbox 2091 333 3668 410">
     <span class='ocr_line' id='line_1_62' title="bbox 2091 333 3668 410; baseline -0.004 -17"><span class='ocrx_word' id='word_1_473' title='bbox 2091 355 2264 410; x_wconf 78' lang='lat' dir='ltr'><strong>exque</strong></span> <span class='ocrx_word' id='word_1_474' title='bbox 2294 339 2562 392; x_wconf 80' lang='lat' dir='ltr'><strong>voluntate</strong></span> <span class='ocrx_word' id='word_1_475' title='bbox 2585 338 2764 392; x_wconf 83' lang='lat' dir='ltr'><strong>carnis</strong></span> <span class='ocrx_word' id='word_1_476' title='bbox 2799 353 2897 392; x_wconf 92' lang='lat' dir='ltr'><strong>nos</strong></span> <span class='ocrx_word' id='word_1_477' title='bbox 2935 343 3261 406; x_wconf 86' lang='lat' dir='ltr'><strong>genuerunt;</strong></span> <span class='ocrx_word' id='word_1_478' title='bbox 3297 333 3349 387; x_wconf 90' lang='lat' dir='ltr'><strong>hi</strong></span> <span class='ocrx_word' id='word_1_479' title='bbox 3380 348 3505 388; x_wconf 81' lang='lat' dir='ltr'><strong>vero</strong></span> <span class='ocrx_word' id='word_1_480' title='bbox 3533 334 3668 387; x_wconf 75' lang='lat' dir='ltr'><strong>illius</strong></span> 
     </span>
    </p>
   </div>
   <div class='ocr_carea' id='block_1_63' title="bbox 2091 426 3665 501">
    <p class='ocr_par' dir='ltr' id='par_1_63' title="bbox 2091 426 3665 501">
     <span class='ocr_line' id='line_1_63' title="bbox 2091 426 3665 501; baseline -0.006 -17"><span class='ocrx_word' id='word_1_481' title='bbox 2091 445 2212 501; x_wconf 67' lang='lat' dir='ltr'><strong>qua:</strong></span> <span class='ocrx_word' id='word_1_482' title='bbox 2251 446 2318 484; x_wconf 78' lang='lat' dir='ltr'><strong>ex</strong></span> <span class='ocrx_word' id='word_1_483' title='bbox 2353 429 2464 484; x_wconf 89' lang='lat' dir='ltr'><strong>Deo</strong></span> <span class='ocrx_word' id='word_1_484' title='bbox 2503 439 2583 484; x_wconf 75' lang='lat' dir='ltr'><strong>est</strong></span> <span class='ocrx_word' id='word_1_485' title='bbox 2627 429 2988 498; x_wconf 82' lang='lat' dir='ltr'><strong>generationis</strong></span> <span class='ocrx_word' id='word_1_486' title='bbox 3038 426 3190 480; x_wconf 88' lang='lat' dir='ltr'><strong>nobis</strong></span> <span class='ocrx_word' id='word_1_487' title='bbox 3232 433 3477 479; x_wconf 87' lang='lat' dir='ltr'><strong>auctores</strong></span> <span class='ocrx_word' id='word_1_488' title='bbox 3523 435 3665 485; x_wconf 86' lang='lat' dir='ltr'><strong>sunt,</strong></span> 
     </span>
    </p>
   </div>
   <div class='ocr_carea' id='block_1_64' title="bbox 2093 515 3667 591">
    <p class='ocr_par' dir='ltr' id='par_1_64' title="bbox 2093 515 3667 591">
     <span class='ocr_line' id='line_1_64' title="bbox 2093 515 3667 591; baseline -0.006 -15"><span class='ocrx_word' id='word_1_489' title='bbox 2093 521 2262 576; x_wconf 76' lang='lat' dir='ltr'><strong>beata:</strong></span> <span class='ocrx_word' id='word_1_490' title='bbox 2289 537 2478 591; x_wconf 89' lang='lat' dir='ltr'><strong>nempe</strong></span> <span class='ocrx_word' id='word_1_491' title='bbox 2523 520 2662 575; x_wconf 90' lang='lat' dir='ltr'><strong>illius</strong></span> <span class='ocrx_word' id='word_1_492' title='bbox 2707 519 3160 590; x_wconf 85' lang='lat' dir='ltr'><strong>regenerationis,</strong></span> <span class='ocrx_word' id='word_1_493' title='bbox 3206 531 3346 572; x_wconf 69' lang='lat' dir='ltr'><strong>verae</strong></span> <span class='ocrx_word' id='word_1_494' title='bbox 3394 515 3667 576; x_wconf 83' lang='lat' dir='ltr'><strong>libertatis,</strong></span> 
     </span>
    </p>
   </div>
   <div class='ocr_carea' id='block_1_65' title="bbox 2092 603 3666 682">
    <p class='ocr_par' dir='ltr' id='par_1_65' title="bbox 2092 603 3666 682">
     <span class='ocr_line' id='line_1_65' title="bbox 2092 603 3666 682; baseline -0.006 -16"><span class='ocrx_word' id='word_1_495' title='bbox 2092 621 2147 666; x_wconf 90' lang='lat' dir='ltr'><strong>et</strong></span> <span class='ocrx_word' id='word_1_496' title='bbox 2176 610 2315 666; x_wconf 90' lang='lat' dir='ltr'><strong>illius</strong></span> <span class='ocrx_word' id='word_1_497' title='bbox 2351 628 2469 682; x_wconf 79' lang='lat' dir='ltr'><strong>qua:</strong></span> <span class='ocrx_word' id='word_1_498' title='bbox 2508 610 2799 666; x_wconf 91' lang='lat' dir='ltr'><strong>secundum</strong></span> <span class='ocrx_word' id='word_1_499' title='bbox 2824 610 3047 679; x_wconf 89' lang='lat' dir='ltr'><strong>gratiam</strong></span> <span class='ocrx_word' id='word_1_500' title='bbox 3075 618 3156 663; x_wconf 90' lang='lat' dir='ltr'><strong>est</strong></span> <span class='ocrx_word' id='word_1_501' title='bbox 3184 607 3504 676; x_wconf 89' lang='lat' dir='ltr'><strong>adoptionis.</strong></span> <span class='ocrx_word' id='word_1_502' title='bbox 3535 603 3666 658; x_wconf 88' lang='lat' dir='ltr'><strong>Cor-</strong></span> 
     </span>
    </p>
   </div>
   <div class='ocr_carea' id='block_1_66' title="bbox 2095 695 3670 772">
    <p class='ocr_par' dir='ltr' id='par_1_66' title="bbox 2095 695 3670 772">
     <span class='ocr_line' id='line_1_66' title="bbox 2095 695 3670 772; baseline -0.006 -17"><span class='ocrx_word' id='word_1_503' title='bbox 2095 699 2238 772; x_wconf 85' lang='lat' dir='ltr'><strong>poris</strong></span> <span class='ocrx_word' id='word_1_504' title='bbox 2261 703 2458 770; x_wconf 79' lang='lat' dir='ltr'><strong>lepratn</strong></span> <span class='ocrx_word' id='word_1_505' title='bbox 2489 715 2732 771; x_wconf 88' lang='lat' dir='ltr'><strong>purgare,</strong></span> <span class='ocrx_word' id='word_1_506' title='bbox 2761 701 2868 753; x_wconf 90' lang='lat' dir='ltr'><strong>imo</strong></span> <span class='ocrx_word' id='word_1_507' title='bbox 2895 700 3068 768; x_wconf 86' lang='lat' dir='ltr'><strong>potius</strong></span> <span class='ocrx_word' id='word_1_508' title='bbox 3095 695 3392 751; x_wconf 89' lang='lat' dir='ltr'><strong>nullatenus</strong></span> <span class='ocrx_word' id='word_1_509' title='bbox 3424 709 3670 764; x_wconf 85' lang='lat' dir='ltr'><strong>purgare,</strong></span> 
     </span>
    </p>
   </div>
   <div class='ocr_carea' id='block_1_67' title="bbox 2093 785 3674 861">
    <p class='ocr_par' dir='ltr' id='par_1_67' title="bbox 2093 785 3674 861">
     <span class='ocr_line' id='line_1_67' title="bbox 2093 785 3674 861; baseline -0.004 -15"><span class='ocrx_word' id='word_1_510' title='bbox 2093 790 2186 846; x_wconf 85' lang='lat' dir='ltr'><strong>sed</strong></span> <span class='ocrx_word' id='word_1_511' title='bbox 2219 801 2466 861; x_wconf 87' lang='lat' dir='ltr'><strong>purgatos</strong></span> <span class='ocrx_word' id='word_1_512' title='bbox 2505 792 2730 861; x_wconf 89' lang='lat' dir='ltr'><strong>probare</strong></span> <span class='ocrx_word' id='word_1_513' title='bbox 2772 797 2974 844; x_wconf 85' lang='lat' dir='ltr'><strong>tantum</strong></span> <span class='ocrx_word' id='word_1_514' title='bbox 3001 829 3016 854; x_wconf 94' lang='lat'><strong>,</strong></span> <span class='ocrx_word' id='word_1_515' title='bbox 3049 787 3352 843; x_wconf 77' lang='lat' dir='ltr'><strong>Jud:r.orum</strong></span> <span class='ocrx_word' id='word_1_516' title='bbox 3381 785 3674 841; x_wconf 83' lang='lat' dir='ltr'><strong>sacerdoti-</strong></span> 
     </span>
    </p>
   </div>
   <div class='ocr_carea' id='block_1_68' title="bbox 2096 879 3674 952">
    <p class='ocr_par' dir='ltr' id='par_1_68' title="bbox 2096 879 3674 952">
     <span class='ocr_line' id='line_1_68' title="bbox 2096 879 3674 952; baseline -0.004 -16"><span class='ocrx_word' id='word_1_517' title='bbox 2096 882 2194 936; x_wconf 90' lang='lat' dir='ltr'><strong>bus</strong></span> <span class='ocrx_word' id='word_1_518' title='bbox 2237 881 2428 936; x_wconf 78' lang='lat' dir='ltr'><strong>licebat</strong></span> <span class='ocrx_word' id='word_1_519' title='bbox 2469 879 2651 951; x_wconf 75' lang='lat' dir='ltr'><strong>(Leuit.</strong></span> <span class='ocrx_word' id='word_1_520' title='bbox 2678 882 2701 934; x_wconf 84' lang='lat' dir='ltr'><strong>l</strong></span> <span class='ocrx_word' id='word_1_521' title='bbox 2724 881 2765 952; x_wconf 84' lang='grc' dir='ltr'><strong>ί)</strong></span> <span class='ocrx_word' id='word_1_522' title='bbox 2797 899 2809 934; x_wconf 94' lang='lat'><strong>:</strong></span> <span class='ocrx_word' id='word_1_523' title='bbox 2840 890 2896 934; x_wconf 89' lang='lat' dir='ltr'><strong>et</strong></span> <span class='ocrx_word' id='word_1_524' title='bbox 2937 889 3112 934; x_wconf 87' lang='lat' dir='ltr'><strong>tamen</strong></span> <span class='ocrx_word' id='word_1_525' title='bbox 3158 879 3294 933; x_wconf 91' lang='lat' dir='ltr'><strong>nosti</strong></span> <span class='ocrx_word' id='word_1_526' title='bbox 3322 886 3515 948; x_wconf 89' lang='lat' dir='ltr'><strong>quanta</strong></span> <span class='ocrx_word' id='word_1_527' title='bbox 3547 887 3674 931; x_wconf 90' lang='lat' dir='ltr'><strong>tunc</strong></span> 
     </span>
    </p>
   </div>
   <div class='ocr_carea' id='block_1_69' title="bbox 2094 968 3674 1040">
    <p class='ocr_par' dir='ltr' id='par_1_69' title="bbox 2094 968 3674 1040">
     <span class='ocr_line' id='line_1_69' title="bbox 2094 968 3674 1040; baseline -0.003 -15"><span class='ocrx_word' id='word_1_528' title='bbox 2094 979 2237 1025; x_wconf 80' lang='lat' dir='ltr'><strong>esset</strong></span> <span class='ocrx_word' id='word_1_529' title='bbox 2267 983 2361 1040; x_wconf 87' lang='lat' dir='ltr'><strong>pro</strong></span> <span class='ocrx_word' id='word_1_530' title='bbox 2402 971 2712 1025; x_wconf 83' lang='lat' dir='ltr'><strong>sacerdotali</strong></span> <span class='ocrx_word' id='word_1_531' title='bbox 2754 971 3011 1040; x_wconf 87' lang='lat' dir='ltr'><strong>dignitate</strong></span> <span class='ocrx_word' id='word_1_532' title='bbox 3048 970 3394 1022; x_wconf 89' lang='lat' dir='ltr'><strong>concertatio.</strong></span> <span class='ocrx_word' id='word_1_533' title='bbox 3437 968 3498 1022; x_wconf 88' lang='grc' dir='ltr'><strong>1Ιί</strong></span> <span class='ocrx_word' id='word_1_534' title='bbox 3540 983 3674 1022; x_wconf 76' lang='lat' dir='ltr'><strong>vero</strong></span> 
     </span>
    </p>
   </div>
   <div class='ocr_carea' id='block_1_70' title="bbox 2097 1059 3674 1133">
    <p class='ocr_par' dir='ltr' id='par_1_70' title="bbox 2097 1059 3674 1133">
     <span class='ocr_line' id='line_1_70' title="bbox 2097 1059 3674 1133; baseline -0.003 -16"><span class='ocrx_word' id='word_1_535' title='bbox 2097 1077 2201 1118; x_wconf 93' lang='lat' dir='ltr'><strong>non</strong></span> <span class='ocrx_word' id='word_1_536' title='bbox 2229 1064 2428 1133; x_wconf 90' lang='lat' dir='ltr'><strong>lepram</strong></span> <span class='ocrx_word' id='word_1_537' title='bbox 2456 1063 2696 1133; x_wconf 88' lang='lat' dir='ltr'><strong>corporis</strong></span> <span class='ocrx_word' id='word_1_538' title='bbox 2716 1107 2728 1129; x_wconf 95' lang='lat'><strong>,</strong></span> <span class='ocrx_word' id='word_1_539' title='bbox 2761 1064 2855 1118; x_wconf 88' lang='lat' dir='ltr'><strong>sed</strong></span> <span class='ocrx_word' id='word_1_540' title='bbox 2884 1061 3269 1116; x_wconf 88' lang='lat' dir='ltr'><strong>immunditiam</strong></span> <span class='ocrx_word' id='word_1_541' title='bbox 3301 1059 3491 1114; x_wconf 57' lang='lat' dir='ltr'><strong>animas.</strong></span> <span class='ocrx_word' id='word_1_542' title='bbox 3519 1101 3532 1123; x_wconf 91' lang='lat'><strong>,</strong></span> <span class='ocrx_word' id='word_1_543' title='bbox 3565 1076 3674 1114; x_wconf 90' lang='lat' dir='ltr'><strong>non</strong></span> 
     </span>
    </p>
   </div>
   <div class='ocr_carea' id='block_1_71' title="bbox 2096 1153 3674 1227">
    <p class='ocr_par' dir='ltr' id='par_1_71' title="bbox 2096 1153 3674 1227">
     <span class='ocr_line' id='line_1_71' title="bbox 2096 1153 3674 1227; baseline -0.003 -17"><span class='ocrx_word' id='word_1_544' title='bbox 2096 1166 2365 1227; x_wconf 85' lang='lat' dir='ltr'><strong>purgatam</strong></span> <span class='ocrx_word' id='word_1_545' title='bbox 2397 1157 2671 1226; x_wconf 88' lang='lat' dir='ltr'><strong>probandi,</strong></span> <span class='ocrx_word' id='word_1_546' title='bbox 2703 1158 2795 1211; x_wconf 88' lang='lat' dir='ltr'><strong>sed</strong></span> <span class='ocrx_word' id='word_1_547' title='bbox 2830 1172 3044 1226; x_wconf 85' lang='lat' dir='ltr'><strong>prorsus</strong></span> <span class='ocrx_word' id='word_1_548' title='bbox 3068 1153 3319 1225; x_wconf 88' lang='lat' dir='ltr'><strong>purgandi</strong></span> <span class='ocrx_word' id='word_1_549' title='bbox 3354 1161 3674 1223; x_wconf 84' lang='lat' dir='ltr'><strong>potestatein</strong></span> 
     </span>
    </p>
   </div>
   <div class='ocr_carea' id='block_1_72' title="bbox 2094 1245 3678 1318">
    <p class='ocr_par' dir='ltr' id='par_1_72' title="bbox 2094 1245 3678 1318">
     <span class='ocr_line' id='line_1_72' title="bbox 2094 1245 3678 1318; baseline -0.004 -14"><span class='ocrx_word' id='word_1_550' title='bbox 2094 1258 2444 1318; x_wconf 66' lang='lat' dir='ltr'><strong>acet-perunt;</strong></span> <span class='ocrx_word' id='word_1_551' title='bbox 2481 1250 2549 1302; x_wconf 87' lang='lat' dir='ltr'><strong>ita</strong></span> <span class='ocrx_word' id='word_1_552' title='bbox 2576 1258 2633 1302; x_wconf 90' lang='lat' dir='ltr'><strong>ut.</strong></span> <span class='ocrx_word' id='word_1_553' title='bbox 2656 1249 2744 1318; x_wconf 90' lang='lat' dir='ltr'><strong>qui</strong></span> <span class='ocrx_word' id='word_1_554' title='bbox 2775 1250 2919 1317; x_wconf 89' lang='lat' dir='ltr'><strong>ipsos</strong></span> <span class='ocrx_word' id='word_1_555' title='bbox 2947 1256 3296 1301; x_wconf 86' lang='lat' dir='ltr'><strong>contemnunt</strong></span> <span class='ocrx_word' id='word_1_556' title='bbox 3323 1286 3336 1309; x_wconf 89' lang='lat'><strong>,</strong></span> <span class='ocrx_word' id='word_1_557' title='bbox 3370 1245 3523 1313; x_wconf 86' lang='lat' dir='ltr'><strong>longe</strong></span> <span class='ocrx_word' id='word_1_558' title='bbox 3552 1259 3678 1298; x_wconf 86' lang='lat' dir='ltr'><strong>sce-</strong></span> 
     </span>
    </p>
   </div>
   <div class='ocr_carea' id='block_1_73' title="bbox 2096 1335 3678 1408">
    <p class='ocr_par' dir='ltr' id='par_1_73' title="bbox 2096 1335 3678 1408">
     <span class='ocr_line' id='line_1_73' title="bbox 2096 1335 3678 1408; baseline -0.003 -15"><span class='ocrx_word' id='word_1_559' title='bbox 2096 1340 2370 1393; x_wconf 90' lang='lat' dir='ltr'><strong>leratiores</strong></span> <span class='ocrx_word' id='word_1_560' title='bbox 2414 1348 2469 1394; x_wconf 90' lang='lat' dir='ltr'><strong>et</strong></span> <span class='ocrx_word' id='word_1_561' title='bbox 2516 1340 2756 1408; x_wconf 82' lang='lat' dir='ltr'><strong>graviore</strong></span> <span class='ocrx_word' id='word_1_562' title='bbox 2797 1337 3058 1407; x_wconf 87' lang='lat' dir='ltr'><strong>supplicio</strong></span> <span class='ocrx_word' id='word_1_563' title='bbox 3097 1335 3372 1405; x_wconf 90' lang='lat' dir='ltr'><strong>digniores</strong></span> <span class='ocrx_word' id='word_1_564' title='bbox 3413 1335 3518 1389; x_wconf 86' lang='lat' dir='ltr'><strong>sint</strong></span> <span class='ocrx_word' id='word_1_565' title='bbox 3559 1335 3678 1400; x_wconf 82' lang='lat' dir='ltr'><strong>ipso</strong></span> 
     </span>
    </p>
   </div>
   <div class='ocr_carea' id='block_1_74' title="bbox 2098 1423 3679 1499">
    <p class='ocr_par' dir='ltr' id='par_1_74' title="bbox 2098 1423 3679 1499">
     <span class='ocr_line' id='line_1_74' title="bbox 2098 1423 3679 1499; baseline -0.003 -15"><span class='ocrx_word' id='word_1_566' title='bbox 2098 1429 2299 1484; x_wconf 85' lang='lat' dir='ltr'><strong>Dathan</strong></span> <span class='ocrx_word' id='word_1_567' title='bbox 2325 1437 2379 1484; x_wconf 87' lang='lat' dir='ltr'><strong>et</strong></span> <span class='ocrx_word' id='word_1_568' title='bbox 2404 1430 2562 1484; x_wconf 85' lang='lat' dir='ltr'><strong>sociis</strong></span> <span class='ocrx_word' id='word_1_569' title='bbox 2586 1429 2701 1497; x_wconf 83' lang='lat' dir='ltr'><strong>ejus</strong></span> <span class='ocrx_word' id='word_1_570' title='bbox 2726 1423 2910 1499; x_wconf 81' lang='lat' dir='ltr'><strong>(Num.</strong></span> <span class='ocrx_word' id='word_1_571' title='bbox 2945 1429 3052 1496; x_wconf 79' lang='grc'><strong>16).</strong></span> <span class='ocrx_word' id='word_1_572' title='bbox 3089 1427 3163 1481; x_wconf 92' lang='lat' dir='ltr'><strong>Illi</strong></span> <span class='ocrx_word' id='word_1_573' title='bbox 3194 1427 3364 1492; x_wconf 84' lang='lat' dir='ltr'><strong>enim,</strong></span> <span class='ocrx_word' id='word_1_574' title='bbox 3396 1425 3497 1479; x_wconf 84' lang='lat' dir='ltr'><strong>etsi</strong></span> <span class='ocrx_word' id='word_1_575' title='bbox 3531 1427 3679 1496; x_wconf 84' lang='lat' dir='ltr'><strong>prin-</strong></span> 
     </span>
    </p>
   </div>
   <div class='ocr_carea' id='block_1_75' title="bbox 2095 1505 3676 1588">
    <p class='ocr_par' dir='ltr' id='par_1_75' title="bbox 2095 1505 3676 1588">
     <span class='ocr_line' id='line_1_75' title="bbox 2095 1505 3676 1588; baseline -0.003 -15"><span class='ocrx_word' id='word_1_576' title='bbox 2095 1505 2324 1588; x_wconf 72' lang='lat' dir='ltr'><strong>cipatum</strong></span> <span class='ocrx_word' id='word_1_577' title='bbox 2347 1519 2410 1574; x_wconf 91' lang='lat' dir='ltr'><strong>ad</strong></span> <span class='ocrx_word' id='word_1_578' title='bbox 2439 1529 2495 1574; x_wconf 83' lang='lat' dir='ltr'><strong>Se</strong></span> <span class='ocrx_word' id='word_1_579' title='bbox 2518 1536 2619 1573; x_wconf 93' lang='lat' dir='ltr'><strong>non</strong></span> <span class='ocrx_word' id='word_1_580' title='bbox 2651 1529 2978 1588; x_wconf 79' lang='lat' dir='ltr'><strong>Spectanteut</strong></span> <span class='ocrx_word' id='word_1_581' title='bbox 3007 1515 3105 1573; x_wconf 90' lang='lat' dir='ltr'><strong>sibi</strong></span> <span class='ocrx_word' id='word_1_582' title='bbox 3132 1517 3495 1584; x_wconf 88' lang='lat' dir='ltr'><strong>vindicarent,</strong></span> <span class='ocrx_word' id='word_1_583' title='bbox 3536 1527 3676 1571; x_wconf 87' lang='lat' dir='ltr'><strong>atta-</strong></span> 
     </span>
    </p>
   </div>
   <div class='ocr_carea' id='block_1_76' title="bbox 2097 1603 3675 1678">
    <p class='ocr_par' dir='ltr' id='par_1_76' title="bbox 2097 1603 3675 1678">
     <span class='ocr_line' id='line_1_76' title="bbox 2097 1603 3675 1678; baseline -0.001 -16"><span class='ocrx_word' id='word_1_584' title='bbox 2097 1625 2218 1664; x_wconf 85' lang='lat' dir='ltr'><strong>men</strong></span> <span class='ocrx_word' id='word_1_585' title='bbox 2265 1612 2450 1663; x_wconf 87' lang='lat' dir='ltr'><strong>iniram</strong></span> <span class='ocrx_word' id='word_1_586' title='bbox 2490 1610 2772 1678; x_wconf 88' lang='lat' dir='ltr'><strong>quamdam</strong></span> <span class='ocrx_word' id='word_1_587' title='bbox 2800 1610 2867 1663; x_wconf 86' lang='lat' dir='ltr'><strong>de</strong></span> <span class='ocrx_word' id='word_1_588' title='bbox 2910 1607 2998 1662; x_wconf 91' lang='lat' dir='ltr'><strong>illo</strong></span> <span class='ocrx_word' id='word_1_589' title='bbox 3040 1608 3344 1678; x_wconf 87' lang='lat' dir='ltr'><strong>opinionem</strong></span> <span class='ocrx_word' id='word_1_590' title='bbox 3389 1603 3675 1674; x_wconf 88' lang='lat' dir='ltr'><strong>habebant,</strong></span> 
     </span>
    </p>
   </div>
   <div class='ocr_carea' id='block_1_77' title="bbox 2096 1696 3676 1771">
    <p class='ocr_par' dir='ltr' id='par_1_77' title="bbox 2096 1696 3676 1771">
     <span class='ocr_line' id='line_1_77' title="bbox 2096 1696 3676 1771; baseline -0.003 -16"><span class='ocrx_word' id='word_1_591' title='bbox 2096 1708 2154 1756; x_wconf 89' lang='lat' dir='ltr'><strong>ut</strong></span> <span class='ocrx_word' id='word_1_592' title='bbox 2177 1715 2244 1755; x_wconf 81' lang='lat' dir='ltr'><strong>ex</strong></span> <span class='ocrx_word' id='word_1_593' title='bbox 2265 1716 2456 1771; x_wconf 90' lang='lat' dir='ltr'><strong>magno</strong></span> <span class='ocrx_word' id='word_1_594' title='bbox 2483 1700 2620 1755; x_wconf 92' lang='lat' dir='ltr'><strong>illius</strong></span> <span class='ocrx_word' id='word_1_595' title='bbox 2643 1700 2905 1756; x_wconf 86' lang='lat' dir='ltr'><strong>desiderio</strong></span> <span class='ocrx_word' id='word_1_596' title='bbox 2926 1701 3099 1769; x_wconf 88' lang='lat' dir='ltr'><strong>palam</strong></span> <span class='ocrx_word' id='word_1_597' title='bbox 3126 1696 3388 1754; x_wconf 82' lang='lat' dir='ltr'><strong>faciebant</strong></span> <span class='ocrx_word' id='word_1_598' title='bbox 3414 1715 3426 1752; x_wconf 93' lang='lat'><strong>:</strong></span> <span class='ocrx_word' id='word_1_599' title='bbox 3455 1697 3508 1751; x_wconf 90' lang='lat' dir='ltr'><strong>hi</strong></span> <span class='ocrx_word' id='word_1_600' title='bbox 3527 1714 3676 1765; x_wconf 87' lang='lat' dir='ltr'><strong>vero,</strong></span> 
     </span>
    </p>
   </div>
   <div class='ocr_carea' id='block_1_78' title="bbox 2098 1788 3679 1861">
    <p class='ocr_par' dir='ltr' id='par_1_78' title="bbox 2098 1788 3679 1861">
     <span class='ocr_line' id='line_1_78' title="bbox 2098 1788 3679 1861; baseline -0.003 -17"><span class='ocrx_word' id='word_1_601' title='bbox 2098 1799 2374 1861; x_wconf 89' lang='lat' dir='ltr'><strong>postquam</strong></span> <span class='ocrx_word' id='word_1_602' title='bbox 2417 1788 2772 1844; x_wconf 82' lang='lat' dir='ltr'><strong>sacerdotium</strong></span> <span class='ocrx_word' id='word_1_603' title='bbox 2812 1798 3088 1857; x_wconf 86' lang='lat' dir='ltr'><strong>tantopere</strong></span> <span class='ocrx_word' id='word_1_604' title='bbox 3126 1796 3372 1842; x_wconf 84' lang='lat' dir='ltr'><strong>ornatum</strong></span> <span class='ocrx_word' id='word_1_605' title='bbox 3402 1797 3511 1850; x_wconf 91' lang='lat' dir='ltr'><strong>est,</strong></span> <span class='ocrx_word' id='word_1_606' title='bbox 3563 1797 3679 1840; x_wconf 86' lang='lat' dir='ltr'><strong>tan-</strong></span> 
     </span>
    </p>
   </div>
   <div class='ocr_carea' id='block_1_79' title="bbox 2099 1878 3678 1950">
    <p class='ocr_par' dir='ltr' id='par_1_79' title="bbox 2099 1878 3678 1950">
     <span class='ocr_line' id='line_1_79' title="bbox 2099 1878 3678 1950; baseline -0.002 -15"><span class='ocrx_word' id='word_1_607' title='bbox 2099 1889 2316 1950; x_wconf 87' lang='lat' dir='ltr'><strong>tumque</strong></span> <span class='ocrx_word' id='word_1_608' title='bbox 2353 1881 2556 1950; x_wconf 87' lang='lat' dir='ltr'><strong>accepit</strong></span> <span class='ocrx_word' id='word_1_609' title='bbox 2590 1881 2972 1935; x_wconf 90' lang='lat' dir='ltr'><strong>incrementum</strong></span> <span class='ocrx_word' id='word_1_610' title='bbox 2998 1922 3013 1947; x_wconf 96' lang='lat'><strong>,</strong></span> <span class='ocrx_word' id='word_1_611' title='bbox 3046 1889 3230 1934; x_wconf 90' lang='lat' dir='ltr'><strong>contra</strong></span> <span class='ocrx_word' id='word_1_612' title='bbox 3256 1894 3413 1948; x_wconf 90' lang='lat' dir='ltr'><strong>quam</strong></span> <span class='ocrx_word' id='word_1_613' title='bbox 3445 1879 3551 1944; x_wconf 91' lang='lat' dir='ltr'><strong>illi,</strong></span> <span class='ocrx_word' id='word_1_614' title='bbox 3581 1878 3678 1933; x_wconf 90' lang='lat' dir='ltr'><strong>sed</strong></span> 
     </span>
    </p>
   </div>
   <div class='ocr_carea' id='block_1_80' title="bbox 2098 1969 3680 2043">
    <p class='ocr_par' dir='ltr' id='par_1_80' title="bbox 2098 1969 3680 2043">
     <span class='ocr_line' id='line_1_80' title="bbox 2098 1969 3680 2043; baseline -0.002 -17"><span class='ocrx_word' id='word_1_615' title='bbox 2098 1981 2274 2027; x_wconf 90' lang='lat' dir='ltr'><strong>tamen</strong></span> <span class='ocrx_word' id='word_1_616' title='bbox 2302 1971 2457 2043; x_wconf 86' lang='lat' dir='ltr'><strong>longe</strong></span> <span class='ocrx_word' id='word_1_617' title='bbox 2485 1972 2725 2042; x_wconf 81' lang='lat' dir='ltr'><strong>graviora</strong></span> <span class='ocrx_word' id='word_1_618' title='bbox 2762 1973 2876 2026; x_wconf 88' lang='lat' dir='ltr'><strong>ausi</strong></span> <span class='ocrx_word' id='word_1_619' title='bbox 2906 1982 3048 2026; x_wconf 91' lang='lat' dir='ltr'><strong>sunt.</strong></span> <span class='ocrx_word' id='word_1_620' title='bbox 3097 1969 3278 2040; x_wconf 89' lang='lat' dir='ltr'><strong>Neque</strong></span> <span class='ocrx_word' id='word_1_621' title='bbox 3303 1969 3444 2025; x_wconf 89' lang='lat' dir='ltr'><strong>enim</strong></span> <span class='ocrx_word' id='word_1_622' title='bbox 3471 1985 3567 2040; x_wconf 86' lang='lat' dir='ltr'><strong>par</strong></span> <span class='ocrx_word' id='word_1_623' title='bbox 3595 1983 3680 2024; x_wconf 75' lang='grc' dir='ltr'><strong>ρει</strong></span> 
     </span>
    </p>
   </div>
   <div class='ocr_carea' id='block_1_81' title="bbox 2097 2063 3675 2133">
    <p class='ocr_par' dir='ltr' id='par_1_81' title="bbox 2097 2063 3675 2133">
     <span class='ocr_line' id='line_1_81' title="bbox 2097 2063 3675 2133; baseline 0 -17"><span class='ocrx_word' id='word_1_624' title='bbox 2097 2073 2456 2132; x_wconf 88' lang='lat' dir='ltr'><strong>contemptus,</strong></span> <span class='ocrx_word' id='word_1_625' title='bbox 2483 2079 2588 2117; x_wconf 92' lang='lat' dir='ltr'><strong>non</strong></span> <span class='ocrx_word' id='word_1_626' title='bbox 2619 2073 3004 2133; x_wconf 86' lang='lat' dir='ltr'><strong>competentetn</strong></span> <span class='ocrx_word' id='word_1_627' title='bbox 3035 2064 3133 2118; x_wconf 88' lang='lat' dir='ltr'><strong>sibi</strong></span> <span class='ocrx_word' id='word_1_628' title='bbox 3170 2063 3424 2133; x_wconf 79' lang='lat' dir='ltr'><strong>honorem</strong></span> <span class='ocrx_word' id='word_1_629' title='bbox 3451 2063 3675 2128; x_wconf 88' lang='lat' dir='ltr'><strong>ambire,</strong></span> 
     </span>
    </p>
   </div>
   <div class='ocr_carea' id='block_1_82' title="bbox 2097 2149 3673 2221">
    <p class='ocr_par' dir='ltr' id='par_1_82' title="bbox 2097 2149 3673 2221">
     <span class='ocr_line' id='line_1_82' title="bbox 2097 2149 3673 2221; baseline -0.003 -14"><span class='ocrx_word' id='word_1_630' title='bbox 2097 2161 2153 2208; x_wconf 86' lang='lat' dir='ltr'><strong>et</strong></span> <span class='ocrx_word' id='word_1_631' title='bbox 2181 2161 2322 2207; x_wconf 90' lang='lat' dir='ltr'><strong>tanta</strong></span> <span class='ocrx_word' id='word_1_632' title='bbox 2350 2154 2486 2207; x_wconf 90' lang='lat' dir='ltr'><strong>bona</strong></span> <span class='ocrx_word' id='word_1_633' title='bbox 2531 2151 2836 2220; x_wconf 90' lang='lat' dir='ltr'><strong>despicere;</strong></span> <span class='ocrx_word' id='word_1_634' title='bbox 2888 2151 2979 2206; x_wconf 90' lang='lat' dir='ltr'><strong>sed</strong></span> <span class='ocrx_word' id='word_1_635' title='bbox 3025 2162 3168 2205; x_wconf 88' lang='lat' dir='ltr'><strong>tanto</strong></span> <span class='ocrx_word' id='word_1_636' title='bbox 3207 2152 3421 2221; x_wconf 87' lang='lat' dir='ltr'><strong>gravius</strong></span> <span class='ocrx_word' id='word_1_637' title='bbox 3450 2151 3548 2205; x_wconf 91' lang='lat' dir='ltr'><strong>hoc</strong></span> <span class='ocrx_word' id='word_1_638' title='bbox 3579 2149 3673 2204; x_wconf 85' lang='lat' dir='ltr'><strong>illo</strong></span> 
     </span>
    </p>
   </div>
   <div class='ocr_carea' id='block_1_83' title="bbox 2097 2241 3675 2312">
    <p class='ocr_par' dir='ltr' id='par_1_83' title="bbox 2097 2241 3675 2312">
     <span class='ocr_line' id='line_1_83' title="bbox 2097 2241 3675 2312; baseline -0.001 -16"><span class='ocrx_word' id='word_1_639' title='bbox 2097 2252 2217 2306; x_wconf 85' lang='lat' dir='ltr'><strong>est,</strong></span> <span class='ocrx_word' id='word_1_640' title='bbox 2263 2251 2514 2312; x_wconf 88' lang='lat' dir='ltr'><strong>quantum</strong></span> <span class='ocrx_word' id='word_1_641' title='bbox 2559 2252 2640 2296; x_wconf 91' lang='lat' dir='ltr'><strong>est</strong></span> <span class='ocrx_word' id='word_1_642' title='bbox 2689 2242 2827 2296; x_wconf 88' lang='lat' dir='ltr'><strong>inter</strong></span> <span class='ocrx_word' id='word_1_643' title='bbox 2871 2241 3139 2296; x_wconf 83' lang='lat' dir='ltr'><strong>iastidium</strong></span> <span class='ocrx_word' id='word_1_644' title='bbox 3174 2251 3229 2297; x_wconf 91' lang='lat' dir='ltr'><strong>et</strong></span> <span class='ocrx_word' id='word_1_645' title='bbox 3272 2241 3675 2296; x_wconf 85' lang='lat' dir='ltr'><strong>admirationem</strong></span> 
     </span>
    </p>
   </div>
   <div class='ocr_carea' id='block_1_84' title="bbox 2098 2330 3678 2399">
    <p class='ocr_par' dir='ltr' id='par_1_84' title="bbox 2098 2330 3678 2399">
     <span class='ocr_line' id='line_1_84' title="bbox 2098 2330 3678 2399; baseline -0.001 -13"><span class='ocrx_word' id='word_1_646' title='bbox 2098 2331 2449 2387; x_wconf 80' lang='lat' dir='ltr'><strong>intervallum.</strong></span> <span class='ocrx_word' id='word_1_647' title='bbox 2494 2330 2622 2399; x_wconf 83' lang='lat' dir='ltr'><strong>Quis</strong></span> <span class='ocrx_word' id='word_1_648' title='bbox 2647 2331 2721 2386; x_wconf 89' lang='lat' dir='ltr'><strong>ita</strong></span> <span class='ocrx_word' id='word_1_649' title='bbox 2747 2332 2912 2386; x_wconf 90' lang='lat' dir='ltr'><strong>miser</strong></span> <span class='ocrx_word' id='word_1_650' title='bbox 2933 2331 3109 2394; x_wconf 79' lang='lat' dir='ltr'><strong>fuerit,</strong></span> <span class='ocrx_word' id='word_1_651' title='bbox 3144 2339 3201 2385; x_wconf 91' lang='lat' dir='ltr'><strong>ut</strong></span> <span class='ocrx_word' id='word_1_652' title='bbox 3231 2339 3307 2385; x_wconf 92' lang='lat' dir='ltr'><strong>tot</strong></span> <span class='ocrx_word' id='word_1_653' title='bbox 3331 2331 3467 2386; x_wconf 91' lang='lat' dir='ltr'><strong>bona</strong></span> <span class='ocrx_word' id='word_1_654' title='bbox 3494 2331 3678 2399; x_wconf 77' lang='lat' dir='ltr'><strong>deSpi-</strong></span> 
     </span>
    </p>
   </div>
   <div class='ocr_carea' id='block_1_85' title="bbox 2097 2420 3681 2490">
    <p class='ocr_par' dir='ltr' id='par_1_85' title="bbox 2097 2420 3681 2490">
     <span class='ocr_line' id='line_1_85' title="bbox 2097 2420 3681 2490; baseline -0.003 -15"><span class='ocrx_word' id='word_1_655' title='bbox 2097 2422 2200 2475; x_wconf 89' lang='lat' dir='ltr'><strong>ciat</strong></span> <span class='ocrx_word' id='word_1_656' title='bbox 2218 2423 2242 2475; x_wconf 69' lang='grc' dir='ltr'><strong>’ἶ</strong></span> <span class='ocrx_word' id='word_1_657' title='bbox 2291 2421 2570 2476; x_wconf 81' lang='lat' dir='ltr'><strong>Neminem</strong></span> <span class='ocrx_word' id='word_1_658' title='bbox 2597 2420 2822 2476; x_wconf 83' lang='lat' dir='ltr'><strong>dixerim</strong></span> <span class='ocrx_word' id='word_1_659' title='bbox 2847 2461 2862 2487; x_wconf 94' lang='lat'><strong>,</strong></span> <span class='ocrx_word' id='word_1_660' title='bbox 2898 2420 2994 2474; x_wconf 78' lang='lat' dir='ltr'><strong>nisi</strong></span> <span class='ocrx_word' id='word_1_661' title='bbox 3022 2421 3142 2490; x_wconf 91' lang='lat' dir='ltr'><strong>quis</strong></span> <span class='ocrx_word' id='word_1_662' title='bbox 3171 2420 3432 2475; x_wconf 90' lang='lat' dir='ltr'><strong>diabolico</strong></span> <span class='ocrx_word' id='word_1_663' title='bbox 3460 2420 3681 2474; x_wconf 87' lang='lat' dir='ltr'><strong>stimulo</strong></span> 
     </span>
    </p>
   </div>
   <div class='ocr_carea' id='block_1_86' title="bbox 2097 2509 3681 2580">
    <p class='ocr_par' dir='ltr' id='par_1_86' title="bbox 2097 2509 3681 2580">
     <span class='ocr_line' id='line_1_86' title="bbox 2097 2509 3681 2580; baseline -0.003 -14"><span class='ocrx_word' id='word_1_664' title='bbox 2097 2511 2409 2566; x_wconf 87' lang='lat' dir='ltr'><strong>concitetur.</strong></span> <span class='ocrx_word' id='word_1_665' title='bbox 2463 2511 2661 2567; x_wconf 79' lang='lat' dir='ltr'><strong>Verum</strong></span> <span class='ocrx_word' id='word_1_666' title='bbox 2707 2526 2774 2566; x_wconf 90' lang='lat' dir='ltr'><strong>eo</strong></span> <span class='ocrx_word' id='word_1_667' title='bbox 2811 2509 2922 2580; x_wconf 88' lang='lat' dir='ltr'><strong>jam</strong></span> <span class='ocrx_word' id='word_1_668' title='bbox 2967 2511 3184 2577; x_wconf 89' lang='lat' dir='ltr'><strong>redibo,</strong></span> <span class='ocrx_word' id='word_1_669' title='bbox 3233 2509 3373 2564; x_wconf 90' lang='lat' dir='ltr'><strong>unde</strong></span> <span class='ocrx_word' id='word_1_670' title='bbox 3408 2509 3681 2579; x_wconf 85' lang='lat' dir='ltr'><strong>digressus</strong></span> 
     </span>
    </p>
   </div>
   <div class='ocr_carea' id='block_1_87' title="bbox 2097 2601 3676 2674">
    <p class='ocr_par' dir='ltr' id='par_1_87' title="bbox 2097 2601 3676 2674">
     <span class='ocr_line' id='line_1_87' title="bbox 2097 2601 3676 2674; baseline 0.001 -18"><span class='ocrx_word' id='word_1_671' title='bbox 2097 2617 2214 2658; x_wconf 90' lang='lat' dir='ltr'><strong>sum</strong></span> <span class='ocrx_word' id='word_1_672' title='bbox 2245 2621 2256 2656; x_wconf 91' lang='lat'>:</span> <span class='ocrx_word' id='word_1_673' title='bbox 2285 2619 2454 2674; x_wconf 81' lang='lat' dir='ltr'><strong>neque</strong></span> <span class='ocrx_word' id='word_1_674' title='bbox 2481 2605 2622 2659; x_wconf 90' lang='lat' dir='ltr'><strong>enim</strong></span> <span class='ocrx_word' id='word_1_675' title='bbox 2666 2601 2720 2658; x_wconf 90' lang='lat' dir='ltr'><strong>in</strong></span> <span class='ocrx_word' id='word_1_676' title='bbox 2751 2603 3016 2674; x_wconf 90' lang='lat' dir='ltr'><strong>puniendo</strong></span> <span class='ocrx_word' id='word_1_677' title='bbox 3042 2604 3214 2658; x_wconf 84' lang='lat' dir='ltr'><strong>Solum</strong></span> <span class='ocrx_word' id='word_1_678' title='bbox 3240 2646 3255 2670; x_wconf 95' lang='lat'><strong>,</strong></span> <span class='ocrx_word' id='word_1_679' title='bbox 3295 2601 3388 2657; x_wconf 88' lang='lat' dir='ltr'><strong>sed</strong></span> <span class='ocrx_word' id='word_1_680' title='bbox 3429 2603 3587 2657; x_wconf 89' lang='lat' dir='ltr'><strong>etiam</strong></span> <span class='ocrx_word' id='word_1_681' title='bbox 3623 2604 3676 2657; x_wconf 92' lang='lat' dir='ltr'><strong>in</strong></span> 
     </span>
    </p>
   </div>
   <div class='ocr_carea' id='block_1_88' title="bbox 2099 2692 3676 2764">
    <p class='ocr_par' dir='ltr' id='par_1_88' title="bbox 2099 2692 3676 2764">
     <span class='ocr_line' id='line_1_88' title="bbox 2099 2692 3676 2764; baseline 0 -16"><span class='ocrx_word' id='word_1_682' title='bbox 2099 2692 2476 2748; x_wconf 78' lang='lat' dir='ltr'><strong>benefaciendo</strong></span> <span class='ocrx_word' id='word_1_683' title='bbox 2503 2695 2756 2763; x_wconf 86' lang='lat' dir='ltr'><strong>majorem</strong></span> <span class='ocrx_word' id='word_1_684' title='bbox 2784 2693 3148 2748; x_wconf 88' lang='lat' dir='ltr'><strong>sacerdotibus</strong></span> <span class='ocrx_word' id='word_1_685' title='bbox 3175 2708 3330 2764; x_wconf 89' lang='lat' dir='ltr'><strong>quam</strong></span> <span class='ocrx_word' id='word_1_686' title='bbox 3362 2693 3676 2761; x_wconf 86' lang='lat' dir='ltr'><strong>parentibus</strong></span> 
     </span>
    </p>
   </div>
   <div class='ocr_carea' id='block_1_89' title="bbox 2098 2782 3681 2854">
    <p class='ocr_par' dir='ltr' id='par_1_89' title="bbox 2098 2782 3681 2854">
     <span class='ocr_line' id='line_1_89' title="bbox 2098 2782 3681 2854; baseline 0.001 -18"><span class='ocrx_word' id='word_1_687' title='bbox 2098 2791 2411 2852; x_wconf 82' lang='lat' dir='ltr'><strong>potestatein</strong></span> <span class='ocrx_word' id='word_1_688' title='bbox 2438 2783 2584 2838; x_wconf 85' lang='lat' dir='ltr'><strong>dedit</strong></span> <span class='ocrx_word' id='word_1_689' title='bbox 2614 2782 2754 2837; x_wconf 87' lang='lat' dir='ltr'><strong>Deus</strong></span> <span class='ocrx_word' id='word_1_690' title='bbox 2783 2797 2797 2837; x_wconf 89' lang='lat'>:</span> <span class='ocrx_word' id='word_1_691' title='bbox 2829 2791 3081 2854; x_wconf 85' lang='lat' dir='ltr'><strong>tantaque</strong></span> <span class='ocrx_word' id='word_1_692' title='bbox 3117 2792 3198 2839; x_wconf 89' lang='lat' dir='ltr'><strong>est</strong></span> <span class='ocrx_word' id='word_1_693' title='bbox 3236 2783 3376 2838; x_wconf 81' lang='lat' dir='ltr'><strong>inter</strong></span> <span class='ocrx_word' id='word_1_694' title='bbox 3419 2793 3681 2853; x_wconf 89' lang='lat' dir='ltr'><strong>utrosque</strong></span> 
     </span>
    </p>
   </div>
   <div class='ocr_carea' id='block_1_90' title="bbox 2095 2867 3677 2944">
    <p class='ocr_par' dir='ltr' id='par_1_90' title="bbox 2095 2867 3677 2944">
     <span class='ocr_line' id='line_1_90' title="bbox 2095 2867 3677 2944; baseline -0.001 -17"><span class='ocrx_word' id='word_1_695' title='bbox 2095 2867 2411 2940; x_wconf 77' lang='lat' dir='ltr'><strong>diﬂ&#39;erentia,</strong></span> <span class='ocrx_word' id='word_1_696' title='bbox 2442 2884 2635 2943; x_wconf 89' lang='lat' dir='ltr'><strong>quanta</strong></span> <span class='ocrx_word' id='word_1_697' title='bbox 2658 2874 2795 2928; x_wconf 85' lang='lat' dir='ltr'><strong>inter</strong></span> <span class='ocrx_word' id='word_1_698' title='bbox 2823 2882 3133 2944; x_wconf 74' lang='lat' dir='ltr'><strong>pnesentem</strong></span> <span class='ocrx_word' id='word_1_699' title='bbox 3159 2883 3212 2928; x_wconf 88' lang='lat' dir='ltr'><strong>et</strong></span> <span class='ocrx_word' id='word_1_700' title='bbox 3231 2872 3460 2940; x_wconf 85' lang='lat' dir='ltr'><strong>futuram</strong></span> <span class='ocrx_word' id='word_1_701' title='bbox 3489 2874 3677 2926; x_wconf 87' lang='lat' dir='ltr'><strong>vitam.</strong></span> 
     </span>
    </p>
   </div>
   <div class='ocr_carea' id='block_1_91' title="bbox 2095 2963 3678 3035">
    <p class='ocr_par' dir='ltr' id='par_1_91' title="bbox 2095 2963 3678 3035">
     <span class='ocr_line' id='line_1_91' title="bbox 2095 2963 3678 3035; baseline -0.001 -17"><span class='ocrx_word' id='word_1_702' title='bbox 2095 2963 2226 3018; x_wconf 81' lang='lat' dir='ltr'><strong>Nam</strong></span> <span class='ocrx_word' id='word_1_703' title='bbox 2250 2964 2319 3018; x_wconf 89' lang='lat' dir='ltr'><strong>illi</strong></span> <span class='ocrx_word' id='word_1_704' title='bbox 2350 2965 2562 3034; x_wconf 90' lang='lat' dir='ltr'><strong>quidem</strong></span> <span class='ocrx_word' id='word_1_705' title='bbox 2585 2964 2637 3018; x_wconf 92' lang='lat' dir='ltr'><strong>in</strong></span> <span class='ocrx_word' id='word_1_706' title='bbox 2661 2963 2694 3017; x_wconf 86' lang='lat' dir='ltr'><strong>lt</strong></span> <span class='ocrx_word' id='word_1_707' title='bbox 2714 2977 2796 3018; x_wconf 69' lang='lat' dir='ltr'><strong>inc</strong></span> <span class='ocrx_word' id='word_1_708' title='bbox 2812 2965 2992 3028; x_wconf 87' lang='lat' dir='ltr'><strong>vitam,</strong></span> <span class='ocrx_word' id='word_1_709' title='bbox 3018 2966 3068 3018; x_wconf 92' lang='lat' dir='ltr'><strong>hi</strong></span> <span class='ocrx_word' id='word_1_710' title='bbox 3097 2964 3148 3018; x_wconf 92' lang='lat' dir='ltr'><strong>in</strong></span> <span class='ocrx_word' id='word_1_711' title='bbox 3171 2963 3394 3018; x_wconf 82' lang='lat' dir='ltr'><strong>futuram</strong></span> <span class='ocrx_word' id='word_1_712' title='bbox 3413 2965 3638 3035; x_wconf 82' lang='lat' dir='ltr'><strong>gignunt</strong></span> <span class='ocrx_word' id='word_1_713' title='bbox 3663 2981 3678 3016; x_wconf 89' lang='lat'><strong>:</strong></span> 
     </span>
    </p>
   </div>
   <div class='ocr_carea' id='block_1_92' title="bbox 2095 3053 3681 3126">
    <p class='ocr_par' dir='ltr' id='par_1_92' title="bbox 2095 3053 3681 3126">
     <span class='ocr_line' id='line_1_92' title="bbox 2095 3053 3681 3126; baseline 0.001 -18"><span class='ocrx_word' id='word_1_714' title='bbox 2095 3063 2253 3126; x_wconf 84' lang='lat' dir='ltr'><strong>atque</strong></span> <span class='ocrx_word' id='word_1_715' title='bbox 2283 3053 2356 3108; x_wconf 90' lang='lat' dir='ltr'><strong>illi</strong></span> <span class='ocrx_word' id='word_1_716' title='bbox 2391 3068 2457 3109; x_wconf 90' lang='lat' dir='ltr'><strong>ne</strong></span> <span class='ocrx_word' id='word_1_717' title='bbox 2495 3056 2825 3124; x_wconf 87' lang='lat' dir='ltr'><strong>corporalem</strong></span> <span class='ocrx_word' id='word_1_718' title='bbox 2867 3055 3078 3125; x_wconf 87' lang='lat' dir='ltr'><strong>quidem</strong></span> <span class='ocrx_word' id='word_1_719' title='bbox 3123 3055 3392 3110; x_wconf 88' lang='lat' dir='ltr'><strong>interitum</strong></span> <span class='ocrx_word' id='word_1_720' title='bbox 3420 3073 3448 3107; x_wconf 89' lang='lat' dir='ltr'><strong>a</strong></span> <span class='ocrx_word' id='word_1_721' title='bbox 3491 3054 3681 3110; x_wconf 80' lang='lat' dir='ltr'><strong>liberis</strong></span> 
     </span>
    </p>
   </div>
   <div class='ocr_carea' id='block_1_93' title="bbox 2095 3146 3683 3218">
    <p class='ocr_par' dir='ltr' id='par_1_93' title="bbox 2095 3146 3683 3218">
     <span class='ocr_line' id='line_1_93' title="bbox 2095 3146 3683 3218; baseline -0.001 -16"><span class='ocrx_word' id='word_1_722' title='bbox 2095 3149 2300 3203; x_wconf 91' lang='lat' dir='ltr'><strong>amoliri</strong></span> <span class='ocrx_word' id='word_1_723' title='bbox 2350 3157 2610 3216; x_wconf 88' lang='lat' dir='ltr'><strong>possunt,</strong></span> <span class='ocrx_word' id='word_1_724' title='bbox 2662 3163 2768 3202; x_wconf 91' lang='lat' dir='ltr'><strong>non</strong></span> <span class='ocrx_word' id='word_1_725' title='bbox 2817 3148 3147 3218; x_wconf 86' lang='lat' dir='ltr'><strong>ingruentem</strong></span> <span class='ocrx_word' id='word_1_726' title='bbox 3198 3148 3440 3202; x_wconf 86' lang='lat' dir='ltr'><strong>morbum</strong></span> <span class='ocrx_word' id='word_1_727' title='bbox 3494 3146 3683 3217; x_wconf 86' lang='lat' dir='ltr'><strong>depel-</strong></span> 
     </span>
    </p>
   </div>
   <div class='ocr_carea' id='block_1_94' title="bbox 2095 3237 3675 3309">
    <p class='ocr_par' dir='ltr' id='par_1_94' title="bbox 2095 3237 3675 3309">
     <span class='ocr_line' id='line_1_94' title="bbox 2095 3237 3675 3309; baseline 0 -17"><span class='ocrx_word' id='word_1_728' title='bbox 2095 3239 2236 3303; x_wconf 87' lang='lat' dir='ltr'><strong>lere;</strong></span> <span class='ocrx_word' id='word_1_729' title='bbox 2292 3238 2345 3292; x_wconf 91' lang='lat' dir='ltr'><strong>hi</strong></span> <span class='ocrx_word' id='word_1_730' title='bbox 2391 3249 2520 3292; x_wconf 81' lang='lat' dir='ltr'><strong>vero</strong></span> <span class='ocrx_word' id='word_1_731' title='bbox 2559 3251 2753 3309; x_wconf 64' lang='lat' dir='ltr'><strong>aegram</strong></span> <span class='ocrx_word' id='word_1_732' title='bbox 2798 3247 2851 3294; x_wconf 89' lang='lat' dir='ltr'><strong>et</strong></span> <span class='ocrx_word' id='word_1_733' title='bbox 2899 3255 3020 3292; x_wconf 74' lang='lat' dir='ltr'><strong>mox</strong></span> <span class='ocrx_word' id='word_1_734' title='bbox 3069 3237 3397 3292; x_wconf 87' lang='lat' dir='ltr'><strong>interituram</strong></span> <span class='ocrx_word' id='word_1_735' title='bbox 3437 3238 3675 3292; x_wconf 86' lang='lat' dir='ltr'><strong>animam</strong></span> 
     </span>
    </p>
   </div>
   <div class='ocr_carea' id='block_1_95' title="bbox 2094 3326 3675 3398">
    <p class='ocr_par' dir='ltr' id='par_1_95' title="bbox 2094 3326 3675 3398">
     <span class='ocr_line' id='line_1_95' title="bbox 2094 3326 3675 3398; baseline -0.001 -15"><span class='ocrx_word' id='word_1_736' title='bbox 2094 3343 2236 3398; x_wconf 66' lang='lat' dir='ltr'><strong>sa‘pe</strong></span> <span class='ocrx_word' id='word_1_737' title='bbox 2263 3337 2561 3392; x_wconf 83' lang='lat' dir='ltr'><strong>servarunt,</strong></span> <span class='ocrx_word' id='word_1_738' title='bbox 2595 3329 2712 3382; x_wconf 89' lang='lat' dir='ltr'><strong>aliis</strong></span> <span class='ocrx_word' id='word_1_739' title='bbox 2740 3329 3098 3383; x_wconf 86' lang='lat' dir='ltr'><strong>retnissiorem</strong></span> <span class='ocrx_word' id='word_1_740' title='bbox 3127 3343 3336 3396; x_wconf 76' lang='lat' dir='ltr'><strong>prunam</strong></span> <span class='ocrx_word' id='word_1_741' title='bbox 3364 3326 3675 3390; x_wconf 87' lang='lat' dir='ltr'><strong>reddentes,</strong></span> 
     </span>
    </p>
   </div>
   <div class='ocr_carea' id='block_1_96' title="bbox 2094 3417 3681 3490">
    <p class='ocr_par' dir='ltr' id='par_1_96' title="bbox 2094 3417 3681 3490">
     <span class='ocr_line' id='line_1_96' title="bbox 2094 3417 3681 3490; baseline -0.003 -14"><span class='ocrx_word' id='word_1_742' title='bbox 2094 3420 2226 3476; x_wconf 90' lang='lat' dir='ltr'><strong>alios</strong></span> <span class='ocrx_word' id='word_1_743' title='bbox 2252 3433 2466 3490; x_wconf 90' lang='lat' dir='ltr'><strong>prorsus</strong></span> <span class='ocrx_word' id='word_1_744' title='bbox 2507 3419 2608 3473; x_wconf 87' lang='lat' dir='ltr'><strong>labi</strong></span> <span class='ocrx_word' id='word_1_745' title='bbox 2637 3433 2742 3472; x_wconf 92' lang='lat' dir='ltr'><strong>non</strong></span> <span class='ocrx_word' id='word_1_746' title='bbox 2785 3420 3055 3483; x_wconf 82' lang='lat' dir='ltr'><strong>sitientes;</strong></span> <span class='ocrx_word' id='word_1_747' title='bbox 3099 3418 3256 3488; x_wconf 85' lang='lat' dir='ltr'><strong>idque</strong></span> <span class='ocrx_word' id='word_1_748' title='bbox 3286 3433 3387 3472; x_wconf 90' lang='lat' dir='ltr'><strong>non</strong></span> <span class='ocrx_word' id='word_1_749' title='bbox 3416 3417 3681 3472; x_wconf 73' lang='lat' dir='ltr'><strong>doctrina:</strong></span> 
     </span>
    </p>
   </div>
   <div class='ocr_carea' id='block_1_97' title="bbox 2096 3509 3683 3582">
    <p class='ocr_par' dir='ltr' id='par_1_97' title="bbox 2096 3509 3683 3582">
     <span class='ocr_line' id='line_1_97' title="bbox 2096 3509 3683 3582; baseline -0.004 -14"><span class='ocrx_word' id='word_1_750' title='bbox 2096 3523 2298 3568; x_wconf 89' lang='lat' dir='ltr'><strong>tantum</strong></span> <span class='ocrx_word' id='word_1_751' title='bbox 2325 3521 2483 3582; x_wconf 89' lang='lat' dir='ltr'><strong>atque</strong></span> <span class='ocrx_word' id='word_1_752' title='bbox 2509 3512 2877 3577; x_wconf 90' lang='lat' dir='ltr'><strong>monitionum,</strong></span> <span class='ocrx_word' id='word_1_753' title='bbox 2905 3510 2996 3564; x_wconf 90' lang='lat' dir='ltr'><strong>sed</strong></span> <span class='ocrx_word' id='word_1_754' title='bbox 3018 3510 3177 3565; x_wconf 86' lang='lat' dir='ltr'><strong>etiam</strong></span> <span class='ocrx_word' id='word_1_755' title='bbox 3201 3509 3496 3564; x_wconf 88' lang='lat' dir='ltr'><strong>orationum</strong></span> <span class='ocrx_word' id='word_1_756' title='bbox 3524 3509 3683 3562; x_wconf 78' lang='lat' dir='ltr'><strong>auxi-</strong></span> 
     </span>
    </p>
   </div>
   <div class='ocr_carea' id='block_1_98' title="bbox 2096 3599 3680 3672">
    <p class='ocr_par' dir='ltr' id='par_1_98' title="bbox 2096 3599 3680 3672">
     <span class='ocr_line' id='line_1_98' title="bbox 2096 3599 3680 3672; baseline -0.003 -16"><span class='ocrx_word' id='word_1_757' title='bbox 2096 3603 2186 3656; x_wconf 91' lang='lat' dir='ltr'><strong>lio.</strong></span> <span class='ocrx_word' id='word_1_758' title='bbox 2235 3601 2416 3672; x_wconf 89' lang='lat' dir='ltr'><strong>Neque</strong></span> <span class='ocrx_word' id='word_1_759' title='bbox 2463 3602 2603 3655; x_wconf 87' lang='lat' dir='ltr'><strong>enim</strong></span> <span class='ocrx_word' id='word_1_760' title='bbox 2652 3611 2856 3654; x_wconf 88' lang='lat' dir='ltr'><strong>tantum</strong></span> <span class='ocrx_word' id='word_1_761' title='bbox 2895 3615 3014 3654; x_wconf 90' lang='lat' dir='ltr'><strong>cum</strong></span> <span class='ocrx_word' id='word_1_762' title='bbox 3057 3616 3155 3655; x_wconf 92' lang='lat' dir='ltr'><strong>nos</strong></span> <span class='ocrx_word' id='word_1_763' title='bbox 3201 3607 3550 3669; x_wconf 76' lang='lat' dir='ltr'><strong>regenerant,</strong></span> <span class='ocrx_word' id='word_1_764' title='bbox 3578 3599 3680 3652; x_wconf 89' lang='lat' dir='ltr'><strong>sed</strong></span> 
     </span>
    </p>
   </div>
   <div class='ocr_carea' id='block_1_99' title="bbox 2095 3688 3680 3760">
    <p class='ocr_par' dir='ltr' id='par_1_99' title="bbox 2095 3688 3680 3760">
     <span class='ocr_line' id='line_1_99' title="bbox 2095 3688 3680 3760; baseline -0.003 -15"><span class='ocrx_word' id='word_1_765' title='bbox 2095 3691 2253 3746; x_wconf 88' lang='lat' dir='ltr'><strong>ctiam</strong></span> <span class='ocrx_word' id='word_1_766' title='bbox 2275 3701 2394 3760; x_wconf 91' lang='lat' dir='ltr'><strong>post</strong></span> <span class='ocrx_word' id='word_1_767' title='bbox 2414 3691 2869 3760; x_wconf 86' lang='lat' dir='ltr'><strong>regenerationem</strong></span> <span class='ocrx_word' id='word_1_768' title='bbox 2885 3690 3112 3743; x_wconf 90' lang='lat' dir='ltr'><strong>admissa</strong></span> <span class='ocrx_word' id='word_1_769' title='bbox 3137 3701 3349 3758; x_wconf 86' lang='lat' dir='ltr'><strong>peccata</strong></span> <span class='ocrx_word' id='word_1_770' title='bbox 3367 3688 3680 3742; x_wconf 85' lang='lat' dir='ltr'><strong>eondonare</strong></span> 
     </span>
    </p>
   </div>
   <div class='ocr_carea' id='block_1_100' title="bbox 2096 3778 3679 3852">
    <p class='ocr_par' dir='ltr' id='par_1_100' title="bbox 2096 3778 3679 3852">
     <span class='ocr_line' id='line_1_100' title="bbox 2096 3778 3679 3852; baseline -0.003 -18"><span class='ocrx_word' id='word_1_771' title='bbox 2096 3789 2336 3852; x_wconf 87' lang='lat' dir='ltr'><strong>possunt.</strong></span> <span class='ocrx_word' id='word_1_772' title='bbox 2363 3778 2494 3834; x_wconf 87' lang='lat' dir='ltr'><strong>Nam</strong></span> <span class='ocrx_word' id='word_1_773' title='bbox 2528 3778 2859 3847; x_wconf 72' lang='lat' dir='ltr'><strong>Inﬁt-matur,</strong></span> <span class='ocrx_word' id='word_1_774' title='bbox 2893 3780 3094 3850; x_wconf 91' lang='lat' dir='ltr'><strong>inquit,</strong></span> <span class='ocrx_word' id='word_1_775' title='bbox 3133 3781 3244 3850; x_wconf 88' lang='lat' dir='ltr'><strong>quis</strong></span> <span class='ocrx_word' id='word_1_776' title='bbox 3275 3780 3325 3832; x_wconf 86' lang='lat' dir='ltr'><strong>in</strong></span> <span class='ocrx_word' id='word_1_777' title='bbox 3355 3778 3532 3832; x_wconf 79' lang='lat' dir='ltr'><strong>vobis?</strong></span> <span class='ocrx_word' id='word_1_778' title='bbox 3571 3779 3679 3830; x_wconf 83' lang='lat' dir='ltr'><strong>ud-</strong></span> 
     </span>
    </p>
   </div>
   <div class='ocr_carea' id='block_1_101' title="bbox 2093 3867 3680 3940">
    <p class='ocr_par' dir='ltr' id='par_1_101' title="bbox 2093 3867 3680 3940">
     <span class='ocr_line' id='line_1_101' title="bbox 2093 3867 3680 3940; baseline -0.001 -17"><span class='ocrx_word' id='word_1_779' title='bbox 2093 3880 2228 3924; x_wconf 78' lang='lat' dir='ltr'><strong>vocet</strong></span> <span class='ocrx_word' id='word_1_780' title='bbox 2256 3869 2567 3940; x_wconf 82' lang='lat' dir='ltr'><strong>presbyteros</strong></span> <span class='ocrx_word' id='word_1_781' title='bbox 2595 3867 2833 3922; x_wconf 75' lang='lat' dir='ltr'><strong>Ecclesia:</strong></span> <span class='ocrx_word' id='word_1_782' title='bbox 2852 3911 2867 3935; x_wconf 95' lang='lat'><strong>,</strong></span> <span class='ocrx_word' id='word_1_783' title='bbox 2897 3878 2942 3922; x_wconf 86' lang='lat' dir='ltr'><strong>et</strong></span> <span class='ocrx_word' id='word_1_784' title='bbox 2967 3878 3109 3923; x_wconf 86' lang='lat' dir='ltr'><strong>orent</strong></span> <span class='ocrx_word' id='word_1_785' title='bbox 3137 3885 3289 3938; x_wconf 83' lang='lat' dir='ltr'><strong>super</strong></span> <span class='ocrx_word' id='word_1_786' title='bbox 3317 3885 3374 3922; x_wconf 87' lang='lat' dir='ltr'><strong>eo</strong></span> <span class='ocrx_word' id='word_1_787' title='bbox 3391 3908 3405 3930; x_wconf 93' lang='lat'><strong>,</strong></span> <span class='ocrx_word' id='word_1_788' title='bbox 3430 3879 3680 3936; x_wconf 75' lang='lat' dir='ltr'><strong>tingentes</strong></span> 
     </span>
    </p>
   </div>
   <div class='ocr_carea' id='block_1_102' title="bbox 2093 3957 3684 4027">
    <p class='ocr_par' dir='ltr' id='par_1_102' title="bbox 2093 3957 3684 4027">
     <span class='ocr_line' id='line_1_102' title="bbox 2093 3957 3684 4027; baseline -0.003 -12"><span class='ocrx_word' id='word_1_789' title='bbox 2093 3977 2206 4015; x_wconf 88' lang='lat' dir='ltr'><strong>eum</strong></span> <span class='ocrx_word' id='word_1_790' title='bbox 2246 3961 2352 4014; x_wconf 82' lang='lat' dir='ltr'><strong>oleo</strong></span> <span class='ocrx_word' id='word_1_791' title='bbox 2391 3960 2443 4014; x_wconf 88' lang='lat' dir='ltr'><strong>in</strong></span> <span class='ocrx_word' id='word_1_792' title='bbox 2478 3959 2676 4013; x_wconf 78' lang='lat' dir='ltr'><strong>nomine</strong></span> <span class='ocrx_word' id='word_1_793' title='bbox 2705 3958 2930 4013; x_wconf 87' lang='lat' dir='ltr'><strong>Domini.</strong></span> <span class='ocrx_word' id='word_1_794' title='bbox 2985 3959 3050 4012; x_wconf 83' lang='lat' dir='ltr'><strong>Et</strong></span> <span class='ocrx_word' id='word_1_795' title='bbox 3093 3960 3253 4012; x_wconf 87' lang='lat' dir='ltr'><strong>oratio</strong></span> <span class='ocrx_word' id='word_1_796' title='bbox 3298 3958 3418 4027; x_wconf 77' lang='lat' dir='ltr'><strong>ﬁdei</strong></span> <span class='ocrx_word' id='word_1_797' title='bbox 3461 3957 3684 4011; x_wconf 81' lang='lat' dir='ltr'><strong>solvabit</strong></span> 
     </span>
    </p>
   </div>
   <div class='ocr_carea' id='block_1_103' title="bbox 2091 4053 3685 4126">
    <p class='ocr_par' dir='ltr' id='par_1_103' title="bbox 2091 4053 3685 4126">
     <span class='ocr_line' id='line_1_103' title="bbox 2091 4053 3685 4126; baseline -0.004 -16"><span class='ocrx_word' id='word_1_798' title='bbox 2091 4058 2348 4126; x_wconf 82' lang='lat' dir='ltr'><strong>inﬁrmum</strong></span> <span class='ocrx_word' id='word_1_799' title='bbox 2375 4071 2395 4110; x_wconf 90' lang='lat'><strong><em>:</em></strong></span> <span class='ocrx_word' id='word_1_800' title='bbox 2421 4066 2468 4109; x_wconf 86' lang='lat' dir='ltr'><strong>et</strong></span> <span class='ocrx_word' id='word_1_801' title='bbox 2493 4056 2724 4109; x_wconf 72' lang='lat' dir='ltr'><strong>excitabit</strong></span> <span class='ocrx_word' id='word_1_802' title='bbox 2757 4071 2869 4108; x_wconf 86' lang='lat' dir='ltr'><strong>eum</strong></span> <span class='ocrx_word' id='word_1_803' title='bbox 2899 4053 3148 4107; x_wconf 80' lang='lat' dir='ltr'><strong>Dominus</strong></span> <span class='ocrx_word' id='word_1_804' title='bbox 3176 4069 3195 4106; x_wconf 92' lang='lat'><strong><em>:</em></strong></span> <span class='ocrx_word' id='word_1_805' title='bbox 3219 4063 3265 4105; x_wconf 87' lang='lat' dir='ltr'><strong>ct</strong></span> <span class='ocrx_word' id='word_1_806' title='bbox 3291 4053 3334 4106; x_wconf 86' lang='lat' dir='ltr'><strong>si</strong></span> <span class='ocrx_word' id='word_1_807' title='bbox 3370 4061 3570 4120; x_wconf 70' lang='lat' dir='ltr'><strong>percutit</strong></span> <span class='ocrx_word' id='word_1_808' title='bbox 3600 4055 3685 4122; x_wconf 81' lang='lat' dir='ltr'><strong>fe-</strong></span> 
     </span>
    </p>
   </div>
   <div class='ocr_carea' id='block_1_104' title="bbox 2092 4144 3681 4217">
    <p class='ocr_par' dir='ltr' id='par_1_104' title="bbox 2092 4144 3681 4217">
     <span class='ocr_line' id='line_1_104' title="bbox 2092 4144 3681 4217; baseline -0.001 -17"><span class='ocrx_word' id='word_1_809' title='bbox 2092 4147 2612 4210; x_wconf 79' lang='lat' dir='ltr'><strong>cerit,remitlenturci</strong></span> <span class='ocrx_word' id='word_1_810' title='bbox 2639 4144 2776 4217; x_wconf 81' lang='lat' dir='ltr'><strong>(Jac.</strong></span> <span class='ocrx_word' id='word_1_811' title='bbox 2809 4146 2860 4199; x_wconf 86' lang='lat'><strong>5.</strong></span> <span class='ocrx_word' id='word_1_812' title='bbox 2893 4147 2977 4199; x_wconf 79' lang='lat' dir='ltr'><strong>H.</strong></span> <span class='ocrx_word' id='word_1_813' title='bbox 3008 4145 3120 4214; x_wconf 81' lang='grc'><strong>15).</strong></span> <span class='ocrx_word' id='word_1_814' title='bbox 3153 4145 3371 4214; x_wconf 88' lang='lat' dir='ltr'><strong>Insuper</strong></span> <span class='ocrx_word' id='word_1_815' title='bbox 3398 4144 3681 4198; x_wconf 83' lang='lat' dir='ltr'><strong>naturales</strong></span> 
     </span>
    </p>
   </div>
   <div class='ocr_carea' id='block_1_105' title="bbox 2094 4235 3684 4307">
    <p class='ocr_par' dir='ltr' id='par_1_105' title="bbox 2094 4235 3684 4307">
     <span class='ocr_line' id='line_1_105' title="bbox 2094 4235 3684 4307; baseline -0.002 -17"><span class='ocrx_word' id='word_1_816' title='bbox 2094 4247 2377 4307; x_wconf 90' lang='lat' dir='ltr'><strong>parentes,</strong></span> <span class='ocrx_word' id='word_1_817' title='bbox 2431 4237 2475 4290; x_wconf 90' lang='lat' dir='ltr'><strong>si</strong></span> <span class='ocrx_word' id='word_1_818' title='bbox 2523 4237 2668 4290; x_wconf 86' lang='lat' dir='ltr'><strong>viros</strong></span> <span class='ocrx_word' id='word_1_819' title='bbox 2718 4236 2973 4306; x_wconf 88' lang='lat' dir='ltr'><strong>quosdam</strong></span> <span class='ocrx_word' id='word_1_820' title='bbox 3024 4235 3287 4304; x_wconf 85' lang='lat' dir='ltr'><strong>principes</strong></span> <span class='ocrx_word' id='word_1_821' title='bbox 3331 4241 3384 4287; x_wconf 87' lang='lat' dir='ltr'><strong>et</strong></span> <span class='ocrx_word' id='word_1_822' title='bbox 3428 4242 3684 4303; x_wconf 86' lang='lat' dir='ltr'><strong>potentes</strong></span> 
     </span>
    </p>
   </div>
   <div class='ocr_carea' id='block_1_106' title="bbox 2091 4323 3685 4394">
    <p class='ocr_par' dir='ltr' id='par_1_106' title="bbox 2091 4323 3685 4394">
     <span class='ocr_line' id='line_1_106' title="bbox 2091 4323 3685 4394; baseline -0.002 -14"><span class='ocrx_word' id='word_1_823' title='bbox 2091 4342 2274 4381; x_wconf 90' lang='lat' dir='ltr'><strong>eorum</strong></span> <span class='ocrx_word' id='word_1_824' title='bbox 2321 4327 2469 4381; x_wconf 88' lang='lat' dir='ltr'><strong>liberi</strong></span> <span class='ocrx_word' id='word_1_825' title='bbox 2510 4325 2862 4389; x_wconf 71' lang='lat' dir='ltr'><strong>offenderint,</strong></span> <span class='ocrx_word' id='word_1_826' title='bbox 2913 4341 3067 4394; x_wconf 84' lang='lat' dir='ltr'><strong>Opem</strong></span> <span class='ocrx_word' id='word_1_827' title='bbox 3101 4325 3229 4393; x_wconf 86' lang='lat' dir='ltr'><strong>ipsis</strong></span> <span class='ocrx_word' id='word_1_828' title='bbox 3256 4324 3450 4378; x_wconf 87' lang='lat' dir='ltr'><strong>nullam</strong></span> <span class='ocrx_word' id='word_1_829' title='bbox 3476 4323 3685 4377; x_wconf 79' lang='lat' dir='ltr'><strong>aii&#39;erie</strong></span> 
     </span>
    </p>
   </div>
   <div class='ocr_carea' id='block_1_107' title="bbox 2095 4415 3682 4486">
    <p class='ocr_par' dir='ltr' id='par_1_107' title="bbox 2095 4415 3682 4486">
     <span class='ocr_line' id='line_1_107' title="bbox 2095 4415 3682 4486; baseline -0.003 -18"><span class='ocrx_word' id='word_1_830' title='bbox 2095 4429 2330 4486; x_wconf 88' lang='lat' dir='ltr'><strong>possunt.</strong></span> <span class='ocrx_word' id='word_1_831' title='bbox 2358 4418 2670 4472; x_wconf 77' lang='lat' dir='ltr'><strong>Sacerdotes</strong></span> <span class='ocrx_word' id='word_1_832' title='bbox 2713 4432 2842 4471; x_wconf 84' lang='lat' dir='ltr'><strong>vero</strong></span> <span class='ocrx_word' id='word_1_833' title='bbox 2882 4431 2985 4469; x_wconf 90' lang='lat' dir='ltr'><strong>non</strong></span> <span class='ocrx_word' id='word_1_834' title='bbox 3018 4415 3278 4485; x_wconf 80' lang='lat' dir='ltr'><strong>principes</strong></span> <span class='ocrx_word' id='word_1_835' title='bbox 3302 4455 3316 4478; x_wconf 90' lang='lat'><strong>,</strong></span> <span class='ocrx_word' id='word_1_836' title='bbox 3351 4430 3454 4467; x_wconf 93' lang='lat' dir='ltr'><strong>non</strong></span> <span class='ocrx_word' id='word_1_837' title='bbox 3493 4428 3682 4482; x_wconf 71' lang='lat' dir='ltr'><strong>reges,</strong></span> 
     </span>
    </p>
   </div>
   <div class='ocr_carea' id='block_1_108' title="bbox 2092 4505 3681 4578">
    <p class='ocr_par' dir='ltr' id='par_1_108' title="bbox 2092 4505 3681 4578">
     <span class='ocr_line' id='line_1_108' title="bbox 2092 4505 3681 4578; baseline -0.001 -18"><span class='ocrx_word' id='word_1_838' title='bbox 2092 4509 2186 4562; x_wconf 89' lang='lat' dir='ltr'><strong>sed</strong></span> <span class='ocrx_word' id='word_1_839' title='bbox 2236 4510 2405 4578; x_wconf 90' lang='lat' dir='ltr'><strong>ipsum</strong></span> <span class='ocrx_word' id='word_1_840' title='bbox 2450 4510 2620 4563; x_wconf 87' lang='lat' dir='ltr'><strong>Deum</strong></span> <span class='ocrx_word' id='word_1_841' title='bbox 2671 4510 2860 4562; x_wconf 85' lang='lat' dir='ltr'><strong>iratum</strong></span> <span class='ocrx_word' id='word_1_842' title='bbox 2903 4508 3008 4562; x_wconf 90' lang='lat' dir='ltr'><strong>illis</strong></span> <span class='ocrx_word' id='word_1_843' title='bbox 3050 4523 3192 4576; x_wconf 71' lang='lat' dir='ltr'><strong>sa&#39;pe</strong></span> <span class='ocrx_word' id='word_1_844' title='bbox 3237 4505 3681 4561; x_wconf 69' lang='lat' dir='ltr'><strong>reconciliarunt.</strong></span> 
     </span>
    </p>
   </div>
   <div class='ocr_carea' id='block_1_109' title="bbox 2091 4598 3682 4670">
    <p class='ocr_par' dir='ltr' id='par_1_109' title="bbox 2091 4598 3682 4670">
     <span class='ocr_line' id='line_1_109' title="bbox 2091 4598 3682 4670; baseline -0.001 -18"><span class='ocrx_word' id='word_1_845' title='bbox 2091 4603 2172 4653; x_wconf 83' lang='lat' dir='ltr'><strong>Au</strong></span> <span class='ocrx_word' id='word_1_846' title='bbox 2213 4613 2392 4669; x_wconf 72' lang='lat' dir='ltr'><strong>posma</strong></span> <span class='ocrx_word' id='word_1_847' title='bbox 2445 4601 2704 4670; x_wconf 89' lang='lat' dir='ltr'><strong>quispiam</strong></span> <span class='ocrx_word' id='word_1_848' title='bbox 2749 4601 2888 4653; x_wconf 89' lang='lat' dir='ltr'><strong>ausit</strong></span> <span class='ocrx_word' id='word_1_849' title='bbox 2933 4615 3029 4653; x_wconf 90' lang='lat' dir='ltr'><strong>nos</strong></span> <span class='ocrx_word' id='word_1_850' title='bbox 3069 4599 3334 4668; x_wconf 71' lang='lat' dir='ltr'><strong>superbia:</strong></span> <span class='ocrx_word' id='word_1_851' title='bbox 3371 4598 3682 4651; x_wconf 76' lang='lat' dir='ltr'><strong>accusare!</strong></span> 
     </span>
    </p>
   </div>
   <div class='ocr_carea' id='block_1_110' title="bbox 2094 4689 3677 4759">
    <p class='ocr_par' dir='ltr' id='par_1_110' title="bbox 2094 4689 3677 4759">
     <span class='ocr_line' id='line_1_110' title="bbox 2094 4689 3677 4759; baseline -0.003 -16"><span class='ocrx_word' id='word_1_852' title='bbox 2094 4689 2205 4758; x_wconf 81' lang='lat' dir='ltr'><strong>Ego</strong></span> <span class='ocrx_word' id='word_1_853' title='bbox 2231 4690 2370 4744; x_wconf 91' lang='lat' dir='ltr'><strong>enim</strong></span> <span class='ocrx_word' id='word_1_854' title='bbox 2401 4704 2464 4745; x_wconf 76' lang='lat' dir='ltr'><strong>ex</strong></span> <span class='ocrx_word' id='word_1_855' title='bbox 2489 4690 2597 4759; x_wconf 88' lang='lat' dir='ltr'><strong>jam</strong></span> <span class='ocrx_word' id='word_1_856' title='bbox 2625 4689 2781 4744; x_wconf 88' lang='lat' dir='ltr'><strong>dictis</strong></span> <span class='ocrx_word' id='word_1_857' title='bbox 2825 4700 3024 4743; x_wconf 83' lang='lat' dir='ltr'><strong>tantam</strong></span> <span class='ocrx_word' id='word_1_858' title='bbox 3070 4697 3195 4758; x_wconf 88' lang='lat' dir='ltr'><strong>puto</strong></span> <span class='ocrx_word' id='word_1_859' title='bbox 3236 4689 3542 4756; x_wconf 82' lang='lat' dir='ltr'><strong>religionem</strong></span> <span class='ocrx_word' id='word_1_860' title='bbox 3570 4702 3677 4739; x_wconf 86' lang='lat' dir='ltr'><strong>au-</strong></span> 
     </span>
    </p>
   </div>
   <div class='ocr_carea' id='block_1_111' title="bbox 2090 4777 3683 4850">
    <p class='ocr_par' dir='ltr' id='par_1_111' title="bbox 2090 4777 3683 4850">
     <span class='ocr_line' id='line_1_111' title="bbox 2090 4777 3683 4850; baseline -0.002 -16"><span class='ocrx_word' id='word_1_861' title='bbox 2090 4780 2320 4835; x_wconf 89' lang='lat' dir='ltr'><strong>ditorum</strong></span> <span class='ocrx_word' id='word_1_862' title='bbox 2348 4781 2550 4835; x_wconf 90' lang='lat' dir='ltr'><strong>animos</strong></span> <span class='ocrx_word' id='word_1_863' title='bbox 2572 4795 2861 4850; x_wconf 88' lang='lat' dir='ltr'><strong>occupasse</strong></span> <span class='ocrx_word' id='word_1_864' title='bbox 2882 4820 2898 4844; x_wconf 94' lang='lat'><strong>,</strong></span> <span class='ocrx_word' id='word_1_865' title='bbox 2933 4790 2988 4834; x_wconf 92' lang='lat' dir='ltr'><strong>ut</strong></span> <span class='ocrx_word' id='word_1_866' title='bbox 3018 4795 3120 4833; x_wconf 90' lang='lat' dir='ltr'><strong>non</strong></span> <span class='ocrx_word' id='word_1_867' title='bbox 3153 4780 3285 4833; x_wconf 89' lang='lat' dir='ltr'><strong>ultra</strong></span> <span class='ocrx_word' id='word_1_868' title='bbox 3308 4793 3429 4845; x_wconf 93' lang='lat' dir='ltr'><strong>eos,</strong></span> <span class='ocrx_word' id='word_1_869' title='bbox 3457 4777 3547 4847; x_wconf 87' lang='lat' dir='ltr'><strong>qui</strong></span> <span class='ocrx_word' id='word_1_870' title='bbox 3582 4777 3683 4831; x_wconf 74' lang='lat' dir='ltr'><strong>fu-</strong></span> 
     </span>
    </p>
   </div>
   <div class='ocr_carea' id='block_1_112' title="bbox 2089 4870 3680 4943">
    <p class='ocr_par' dir='ltr' id='par_1_112' title="bbox 2089 4870 3680 4943">
     <span class='ocr_line' id='line_1_112' title="bbox 2089 4870 3680 4943; baseline -0.001 -19"><span class='ocrx_word' id='word_1_871' title='bbox 2089 4874 2240 4943; x_wconf 87' lang='lat' dir='ltr'><strong>giunt</strong></span> <span class='ocrx_word' id='word_1_872' title='bbox 2260 4914 2275 4936; x_wconf 96' lang='lat'><strong>,</strong></span> <span class='ocrx_word' id='word_1_873' title='bbox 2307 4871 2400 4926; x_wconf 89' lang='lat' dir='ltr'><strong>sed</strong></span> <span class='ocrx_word' id='word_1_874' title='bbox 2431 4887 2523 4927; x_wconf 84' lang='lat' dir='ltr'><strong>cos</strong></span> <span class='ocrx_word' id='word_1_875' title='bbox 2545 4871 2632 4942; x_wconf 87' lang='lat' dir='ltr'><strong>qui</strong></span> <span class='ocrx_word' id='word_1_876' title='bbox 2675 4880 2860 4939; x_wconf 84' lang='lat' dir='ltr'><strong>saepte</strong></span> <span class='ocrx_word' id='word_1_877' title='bbox 2892 4880 3035 4924; x_wconf 88' lang='lat' dir='ltr'><strong>motu</strong></span> <span class='ocrx_word' id='word_1_878' title='bbox 3064 4870 3354 4932; x_wconf 77' lang='lat' dir='ltr'><strong>accedunt,</strong></span> <span class='ocrx_word' id='word_1_879' title='bbox 3383 4882 3436 4924; x_wconf 86' lang='lat' dir='ltr'><strong>et</strong></span> <span class='ocrx_word' id='word_1_880' title='bbox 3463 4880 3680 4922; x_wconf 86' lang='lat' dir='ltr'><strong>tantum</strong></span> 
     </span>
    </p>
   </div>
   <div class='ocr_carea' id='block_1_113' title="bbox 2089 4958 3684 5030">
    <p class='ocr_par' dir='ltr' id='par_1_113' title="bbox 2089 4958 3684 5030">
     <span class='ocr_line' id='line_1_113' title="bbox 2089 4958 3684 5030; baseline -0.005 -11"><span class='ocrx_word' id='word_1_881' title='bbox 2089 4964 2187 5019; x_wconf 89' lang='lat' dir='ltr'><strong>sibi</strong></span> <span class='ocrx_word' id='word_1_882' title='bbox 2231 4964 2470 5018; x_wconf 87' lang='lat' dir='ltr'><strong>ambiunt</strong></span> <span class='ocrx_word' id='word_1_883' title='bbox 2515 4964 2805 5025; x_wconf 89' lang='lat' dir='ltr'><strong>honorem,</strong></span> <span class='ocrx_word' id='word_1_884' title='bbox 2851 4961 3164 5030; x_wconf 76' lang='lat' dir='ltr'><strong>arrogantia:</strong></span> <span class='ocrx_word' id='word_1_885' title='bbox 3206 4972 3259 5014; x_wconf 91' lang='lat' dir='ltr'><strong>et</strong></span> <span class='ocrx_word' id='word_1_886' title='bbox 3298 4958 3533 5012; x_wconf 72' lang='lat' dir='ltr'><strong>audacia:</strong></span> <span class='ocrx_word' id='word_1_887' title='bbox 3570 4959 3684 5011; x_wconf 81' lang='lat' dir='ltr'><strong>da-</strong></span> 
     </span>
    </p>
   </div>
   <div class='ocr_carea' id='block_1_114' title="bbox 2089 5050 3677 5122">
    <p class='ocr_par' dir='ltr' id='par_1_114' title="bbox 2089 5050 3677 5122">
     <span class='ocr_line' id='line_1_114' title="bbox 2089 5050 3677 5122; baseline -0.006 -12"><span class='ocrx_word' id='word_1_888' title='bbox 2089 5064 2290 5110; x_wconf 90' lang='lat' dir='ltr'><strong>mnent.</strong></span> <span class='ocrx_word' id='word_1_889' title='bbox 2333 5054 2465 5109; x_wconf 90' lang='lat' dir='ltr'><strong>Nam</strong></span> <span class='ocrx_word' id='word_1_890' title='bbox 2495 5054 2538 5109; x_wconf 92' lang='lat' dir='ltr'><strong>si</strong></span> <span class='ocrx_word' id='word_1_891' title='bbox 2570 5054 2602 5107; x_wconf 90' lang='lat' dir='ltr'><strong>ii</strong></span> <span class='ocrx_word' id='word_1_892' title='bbox 2640 5053 2832 5122; x_wconf 86' lang='lat' dir='ltr'><strong>quibus</strong></span> <span class='ocrx_word' id='word_1_893' title='bbox 2864 5051 3136 5106; x_wconf 89' lang='lat' dir='ltr'><strong>civitatum</strong></span> <span class='ocrx_word' id='word_1_894' title='bbox 3167 5050 3507 5121; x_wconf 85' lang='lat' dir='ltr'><strong>magistratus</strong></span> <span class='ocrx_word' id='word_1_895' title='bbox 3531 5065 3677 5102; x_wconf 85' lang='lat' dir='ltr'><strong>con-</strong></span> 
     </span>
    </p>
   </div>
   <div class='ocr_carea' id='block_1_115' title="bbox 2087 5143 3682 5212">
    <p class='ocr_par' dir='ltr' id='par_1_115' title="bbox 2087 5143 3682 5212">
     <span class='ocr_line' id='line_1_115' title="bbox 2087 5143 3682 5212; baseline -0.003 -11"><span class='ocrx_word' id='word_1_896' title='bbox 2087 5147 2273 5201; x_wconf 87' lang='lat' dir='ltr'><strong>crcditi</strong></span> <span class='ocrx_word' id='word_1_897' title='bbox 2318 5154 2474 5211; x_wconf 90' lang='lat' dir='ltr'><strong>sunt,</strong></span> <span class='ocrx_word' id='word_1_898' title='bbox 2519 5146 2617 5200; x_wconf 89' lang='lat' dir='ltr'><strong>nisi</strong></span> <span class='ocrx_word' id='word_1_899' title='bbox 2661 5144 2944 5199; x_wconf 87' lang='lat' dir='ltr'><strong>admodum</strong></span> <span class='ocrx_word' id='word_1_900' title='bbox 2988 5143 3274 5212; x_wconf 90' lang='lat' dir='ltr'><strong>prudentes</strong></span> <span class='ocrx_word' id='word_1_901' title='bbox 3298 5158 3361 5198; x_wconf 90' lang='lat' dir='ltr'><strong>ac</strong></span> <span class='ocrx_word' id='word_1_902' title='bbox 3389 5143 3682 5212; x_wconf 81' lang='lat' dir='ltr'><strong>vigilantes</strong></span> 
     </span>
    </p>
   </div>
   <div class='ocr_carea' id='block_1_116' title="bbox 2088 5233 3678 5305">
    <p class='ocr_par' dir='ltr' id='par_1_116' title="bbox 2088 5233 3678 5305">
     <span class='ocr_line' id='line_1_116' title="bbox 2088 5233 3678 5305; baseline -0.003 -15"><span class='ocrx_word' id='word_1_903' title='bbox 2088 5237 2281 5290; x_wconf 80' lang='lat' dir='ltr'><strong>fuerint</strong></span> <span class='ocrx_word' id='word_1_904' title='bbox 2302 5278 2317 5302; x_wconf 96' lang='lat'><strong>,</strong></span> <span class='ocrx_word' id='word_1_905' title='bbox 2357 5251 2499 5305; x_wconf 68' lang='lat' dir='ltr'><strong>smpe</strong></span> <span class='ocrx_word' id='word_1_906' title='bbox 2526 5235 2904 5304; x_wconf 83' lang='lat' dir='ltr'><strong>rempublicam</strong></span> <span class='ocrx_word' id='word_1_907' title='bbox 2933 5236 3243 5304; x_wconf 89' lang='lat' dir='ltr'><strong>seipsosque</strong></span> <span class='ocrx_word' id='word_1_908' title='bbox 3271 5233 3425 5288; x_wconf 88' lang='lat' dir='ltr'><strong>simul</strong></span> <span class='ocrx_word' id='word_1_909' title='bbox 3455 5233 3505 5285; x_wconf 92' lang='lat' dir='ltr'><strong>in</strong></span> <span class='ocrx_word' id='word_1_910' title='bbox 3540 5249 3678 5302; x_wconf 87' lang='lat' dir='ltr'><strong>per-</strong></span> 
     </span>
    </p>
   </div>
   <div class='ocr_carea' id='block_1_117' title="bbox 2090 5327 3677 5397">
    <p class='ocr_par' dir='ltr' id='par_1_117' title="bbox 2090 5327 3677 5397">
     <span class='ocr_line' id='line_1_117' title="bbox 2090 5327 3677 5397; baseline 0.001 -16"><span class='ocrx_word' id='word_1_911' title='bbox 2090 5329 2280 5382; x_wconf 85' lang='lat' dir='ltr'><strong>niciem</strong></span> <span class='ocrx_word' id='word_1_912' title='bbox 2329 5327 2629 5394; x_wconf 83' lang='lat' dir='ltr'><strong>dederunt,</strong></span> <span class='ocrx_word' id='word_1_913' title='bbox 2680 5329 2784 5397; x_wconf 61' lang='lat' dir='ltr'><strong>qui‘</strong></span> <span class='ocrx_word' id='word_1_914' title='bbox 2817 5327 3012 5382; x_wconf 90' lang='lat' dir='ltr'><strong>Christi</strong></span> <span class='ocrx_word' id='word_1_915' title='bbox 3069 5341 3318 5396; x_wconf 61' lang='lat' dir='ltr'><strong>sponsam</strong></span> <span class='ocrx_word' id='word_1_916' title='bbox 3369 5327 3677 5381; x_wconf 84' lang='lat' dir='ltr'><strong>ornandam</strong></span> 
     </span>
    </p>
   </div>
   <div class='ocr_carea' id='block_1_118' title="bbox 2089 5418 3678 5489">
    <p class='ocr_par' dir='ltr' id='par_1_118' title="bbox 2089 5418 3678 5489">
     <span class='ocr_line' id='line_1_118' title="bbox 2089 5418 3678 5489; baseline -0.003 -13"><span class='ocrx_word' id='word_1_917' title='bbox 2089 5421 2338 5488; x_wconf 86' lang='lat' dir='ltr'><strong>suscipit,</strong></span> <span class='ocrx_word' id='word_1_918' title='bbox 2367 5429 2560 5489; x_wconf 88' lang='lat' dir='ltr'><strong>quanta</strong></span> <span class='ocrx_word' id='word_1_919' title='bbox 2593 5420 2684 5474; x_wconf 92' lang='lat' dir='ltr'><strong>tibi</strong></span> <span class='ocrx_word' id='word_1_920' title='bbox 2714 5419 2918 5473; x_wconf 86' lang='lat' dir='ltr'><strong>videtur</strong></span> <span class='ocrx_word' id='word_1_921' title='bbox 2947 5428 3207 5489; x_wconf 85' lang='lat' dir='ltr'><strong>potestate</strong></span> <span class='ocrx_word' id='word_1_922' title='bbox 3237 5418 3469 5488; x_wconf 87' lang='lat' dir='ltr'><strong>indigere</strong></span> <span class='ocrx_word' id='word_1_923' title='bbox 3494 5459 3510 5482; x_wconf 90' lang='lat'><strong>,</strong></span> <span class='ocrx_word' id='word_1_924' title='bbox 3553 5428 3678 5473; x_wconf 84' lang='lat' dir='ltr'><strong>tum</strong></span> 
     </span>
    </p>
   </div>
   <div class='ocr_carea' id='block_1_119' title="bbox 2088 5509 3216 5580">
    <p class='ocr_par' dir='ltr' id='par_1_119' title="bbox 2088 5509 3216 5580">
     <span class='ocr_line' id='line_1_119' title="bbox 2088 5509 3216 5580; baseline -0.001 -15"><span class='ocrx_word' id='word_1_925' title='bbox 2088 5527 2203 5576; x_wconf 86' lang='lat' dir='ltr'><strong>sua,</strong></span> <span class='ocrx_word' id='word_1_926' title='bbox 2235 5521 2344 5564; x_wconf 88' lang='lat' dir='ltr'><strong>tum</strong></span> <span class='ocrx_word' id='word_1_927' title='bbox 2373 5525 2601 5578; x_wconf 89' lang='lat' dir='ltr'><strong>superne</strong></span> <span class='ocrx_word' id='word_1_928' title='bbox 2629 5509 2746 5564; x_wconf 87' lang='lat' dir='ltr'><strong>data</strong></span> <span class='ocrx_word' id='word_1_929' title='bbox 2777 5521 2835 5564; x_wconf 88' lang='lat' dir='ltr'><strong>ut</strong></span> <span class='ocrx_word' id='word_1_930' title='bbox 2861 5527 2964 5565; x_wconf 92' lang='lat' dir='ltr'><strong>non</strong></span> <span class='ocrx_word' id='word_1_931' title='bbox 2994 5511 3216 5580; x_wconf 83' lang='lat' dir='ltr'><strong>peccet?</strong></span> 
     </span>
    </p>
   </div>
   <div class='ocr_carea' id='block_1_120' title="bbox 2161 5602 3679 5673">
    <p class='ocr_par' dir='ltr' id='par_1_120' title="bbox 2161 5602 3679 5673">
     <span class='ocr_line' id='line_1_120' title="bbox 2161 5602 3679 5673; baseline 0.001 -17"><span class='ocrx_word' id='word_1_932' title='bbox 2161 5605 2212 5657; x_wconf 85' lang='grc'><strong>7.</strong></span> <span class='ocrx_word' id='word_1_933' title='bbox 2249 5602 2423 5673; x_wconf 80' lang='lat' dir='ltr'><strong>Ipsum</strong></span> <span class='ocrx_word' id='word_1_934' title='bbox 2453 5604 2600 5656; x_wconf 78' lang='lat' dir='ltr'><strong>ctiam</strong></span> <span class='ocrx_word' id='word_1_935' title='bbox 2636 5602 2850 5656; x_wconf 79' lang='lat' dir='ltr'><strong>Paulum</strong></span> <span class='ocrx_word' id='word_1_936' title='bbox 2882 5603 3178 5672; x_wconf 69' lang='lat' dir='ltr'><strong>{at-initiasse</strong></span> <span class='ocrx_word' id='word_1_937' title='bbox 3211 5603 3566 5657; x_wconf 70' lang='lat' dir='ltr'><strong>sacerdotium.</strong></span> <span class='ocrx_word' id='word_1_938' title='bbox 3600 5633 3679 5645; x_wconf 88' lang='lat'><strong>—-</strong></span> 
     </span>
    </p>
   </div>
  </div>
