3890 6220
109 250 219 306 645

107 365 523 436 ὑπερφρονῆσαι
573 364 890 434 δυνήσεται;
928 364 998 415 Ἢ
1022 361 1255 429 ἀγνοεῖς,
1311 359 1392 412 ὅτι
1428 360 1529 412 οὐκ
1561 359 1626 414 ἀν
1651 376 1782 413 ποτε

105 452 430 524 ἀνθρωπίνη
467 452 614 523 ψυχὴ
647 453 708 506 τὸ
738 451 849 522 πῦρ
888 453 1067 504 ἐκεῖνο
1089 449 1191 519 τῆς
1236 448 1428 511 θυσίας
1462 447 1783 512 ἐϐάστασεν,

105 541 230 594 ἀλλ’
253 541 422 612 ἄρδην
465 542 532 595 ἀν
579 541 816 602 ἀπαντες
853 537 1254 609 ήφανίσθησαν,
1289 537 1338 590 εἰ
1383 536 1459 608 μὴ
1491 536 1661 607 πολλὴ
1689 537 1788 608 τῆς

107 627 209 682 τοῦ
240 627 377 681 Θεοῦ
406 627 638 699 χάριτος
661 622 728 698 ἦν
759 629 792 696 ὴ
828 625 1079 696 βοήθεια;

184 722 246 770 ε’.
272 716 336 768 El
357 715 466 785 γάρ
491 733 574 779 τις
602 715 908 784 ἐννοήσειεν
923 714 1046 766 ὅσον
1063 713 1212 765 ἐστὶν
1229 711 1514 784 ἄνθρωπον
1530 711 1681 776 ὄντα,
1698 711 1790 764 καὶ

108 804 197 857 ἔτι
232 804 396 873 σαρκὶ
417 804 511 856 καὶ
544 803 736 874 αἵματι
774 799 1286 871 περιπεπλεγμένον
1309 812 1357 864 δ,
1385 801 1484 872 τῆς
1515 798 1791 870 μακαρίας

110 894 213 944 καὶ
232 890 513 962 ἀκηράτου
535 891 750 960 φύσεως
772 889 990 958 ἐκείνης
1011 889 1178 957 ἐγγὺς
1197 887 1492 959 δυνηθῆναι
1515 886 1789 956 γενέσθαι,

108 979 237 1031 τότε
263 978 454 1048 ὄψεται
483 976 662 1040 καλῶς
691 978 822 1046 ὅσης
859 977 985 1038 τοὺς
1021 976 1186 1046 ἱερεῖς
1213 975 1382 1045 τιμῆς
1419 978 1452 1046 ή
1484 974 1577 1028 τοῦ
1623 974 1793 1026 Πνεύ-

113 1081 290 1135 ματος
311 1063 512 1134 ἠξίωσε
537 1064 718 1135 χάρις.
753 1062 854 1115 Διὰ
885 1061 995 1132 γάρ
1026 1061 1254 1114 ἐκείνων
1297 1060 1392 1113 καὶ
1417 1059 1590 1114 ταῦτα
1618 1059 1790 1112 τελεῖ-

111 1170 227 1213 ται,
259 1153 352 1206 καὶ
371 1151 538 1222 ἐτερα
563 1150 771 1203 τούτων
800 1149 952 1203 οὐδὲν
981 1147 1300 1211 ἀποδέοντα,
1329 1149 1423 1201 κα)⁴
1443 1149 1522 1212 εἱς
1551 1145 1791 1217 ἀξιώμα-

113 1256 209 1303 τος
232 1239 329 1293 καὶ
359 1240 438 1303 εἰς
466 1238 742 1310 σωτηρίας
776 1238 874 1307 τῆς
921 1236 1194 1308 ἡμετέρας
1246 1235 1426 1304 λόγον.
1457 1237 1521 1289 Οἱ
1556 1237 1664 1306 γὰρ
1695 1235 1794 1306 τὴν

114 1328 223 1397 γῆν
248 1328 542 1391 οἰκοῦντες,
566 1326 661 1380 καὶ
688 1329 745 1380 ἐν
773 1325 950 1396 ταύτῃ
978 1323 1292 1395 ποιούμενοι
1347 1324 1444 1395 τὴν
1482 1322 1793 1395 διατριϐὴν,

113 1415 189 1467 τὰ
217 1415 276 1466 ἐν
295 1415 544 1484 οὐρανοῖς
571 1414 792 1468 διοικεῖν
823 1411 1232 1483 ἐπετράπησαν,
1275 1411 1371 1464 καὶ
1399 1408 1644 1475 ἐξουσίαν
1674 1408 1796 1461 ἐλα-

118 1500 218 1554 ϐον
245 1501 315 1571 ἢν
339 1499 464 1554 οὐτε
489 1500 740 1569 ἀγγέλοις
778 1499 902 1553 οὐτε
937 1499 1302 1570 ἀρχαγγέλοις
1333 1498 1535 1552 ἔδωκεν
1573 1498 1602 1550 ό
1637 1496 1792 1560 Θεὸς.

119 1588 200 1640 Οὐ
225 1587 335 1660 γάρ
369 1588 506 1659 πρὸς
548 1588 784 1652 ἐκείνους
837 1586 1074 1658 εἴρηται·
1107 1587 1266 1642 Ὅσα
1299 1586 1382 1641 ἂν
1431 1585 1661 1654 δήσητε
1696 1585 1796 1638 ἐπὶ

117 1674 236 1742 τῆς
274 1673 405 1745 γῆς,
426 1676 599 1730 ἔσται
625 1674 915 1744 δεδεμένα
943 1675 1040 1728 καὶ
1072 1675 1142 1728 ἐν
1172 1673 1252 1739 τῷ
1276 1672 1528 1742 οὐρανῷ,
1557 1672 1656 1727 καὶ
1681 1671 1800 1728 ὅσα

119 1762 203 1815 ἂν
233 1765 464 1830 λύσητε
490 1763 589 1816 ἐπὶ
626 1763 737 1831 τῆς
769 1761 902 1832 γῆς,
929 1764 1102 1817 ἔσται
1145 1759 1452 1830 λελυμένα
1482 1760 1553 1813 ἐν
1585 1757 1666 1825 τῷ
1694 1760 1798 1814 οὐ·

117 1847 307 1916 ρανῷ.
339 1849 561 1918 Ἔχουσι
595 1849 694 1920 μὲν
721 1849 830 1921 γάρ
868 1849 962 1902 καὶ
993 1850 1043 1901 οἱ
1088 1848 1412 1919 κρατοῦντες
1447 1847 1539 1899 ἐπὶ
1570 1847 1671 1916 τῆς
1696 1847 1801 1916 γῆς

120 1936 226 2005 τὴν
250 1936 344 1990 τοῦ
371 1936 590 2008 δεσμεῖν
625 1938 653 1978 ιι
673 1935 944 2002 ἐξουσίαν,
971 1937 1110 1991 ἀλλὰ
1140 1935 1408 2006 σωμάτων
1438 1935 1619 2004 μόνον·
1648 1930 1802 1997 οὗτος

122 2023 184 2075 δὲ
215 2023 466 2094 ὀδεσμὸς
498 2023 670 2094 αὐτῆς
716 2025 950 2078 ἀπτεται
996 2024 1095 2094 τῆς
1140 2021 1340 2092 ψυχῆς,
1399 2021 1496 2074 καὶ
1537 2020 1802 2075 διαϐαίνει

123 2112 258 2174 τοὺς
287 2111 570 2183 οὐρανούς*
599 2112 695 2166 καὶ
726 2111 870 2182 άπερ
898 2110 963 2164 ἂν
986 2110 1329 2181 ἐργάσωνται
1359 2109 1511 2162 κάτω
1542 2109 1592 2161 οἰ
1615 2109 1802 2178 ἱερεῖς,

125 2202 306 2256 ταῦτα
326 2201 505 2266 όΘεὸς
531 2202 644 2257 ἀνω
669 2204 848 2273 κυροῖ,
885 2201 980 2256 καὶ
1007 2201 1108 2270 τὴν
1144 2200 1250 2252 τῶν
1279 2197 1480 2252 δούλων
1509 2196 1734 2268 γνώμην
1778 2200 1806 2250 6

127 2291 414 2361 Δεσπότης
446 2291 672 2361 βεϐαιοῖ.
714 2291 827 2344 Καὶ
850 2289 903 2342 τί
937 2289 1044 2360 γάρ
1072 2287 1187 2340 ἀλλ’
1216 2287 1248 2356 ἢ
1286 2287 1466 2339 πᾶσαν
1493 2285 1678 2347 αὐτοῖς
1707 2285 1806 2355 τὴν

124 2377 385 2446 οὐράνιον
413 2376 610 2430 ἔδωκεν
650 2375 926 2441 ἐξουσίαν;
965 2369 1077 2428 ’Ὧν
1104 2372 1214 2444 γάρ
1252 2372 1349 2435 ἂν,
1401 2371 1588 2441 φησὶν,
1615 2369 1808 2438 ἀφῆτε

130 2464 244 2529 τὰς
270 2463 579 2532 ἁμαρτίας,
605 2462 921 2531 ἀφέωνται,
945 2461 1043 2514 καὶ
1066 2454 1152 2514 ὧν
1179 2460 1255 2512 ἂν
1293 2459 1568 2526 κρατῆτε,
1601 2456 1810 2525 κεκρά-

130 2567 368 2615 τηνται.
391 2549 487 2614 Τίς
515 2550 581 2603 ἂν
609 2551 819 2620 γένοιτο
843 2547 1047 2618 ταύτης
1080 2547 1296 2612 ἐξουσία
1326 2544 1527 2617 μείζων
1550 2562 1563 2601 :
1597 2544 1810 2599 Πᾶσαν

129 2638 255 2707 τὴν
282 2640 485 2705 κρίσιν
518 2637 740 2692 ἔδωκεν
769 2640 801 2691 ὀ
834 2636 1034 2703 Πατὴρ
1069 2633 1150 2698 τῷ
1184 2632 1311 2697 Υίῷυ
1368 2633 1482 2703 ὁρῶ
1531 2632 1587 2684 δὲ
1628 2633 1809 2684 πᾶσαν

131 2724 310 2796 αὐτὴν
338 2726 557 2788 τούτους
604 2723 1044 2795 ἐγχειρισθέντας
1075 2733 1099 2760 ο
1138 2720 1242 2774 ὐπὸ
1283 2718 1377 2772 τοῦ
1417 2719 1571 2772 Υἱοῦ.
1601 2719 1810 2788 Ὥσπερ

133 2812 250 2884 γὰρ
279 2814 360 2874 εἰς
397 2811 659 2882 οὐρανοὺς
703 2810 806 2881 ήδη
847 2807 1258 2881 μετατεθέντες,
1309 2805 1404 2860 καὶ
1449 2804 1549 2875 τὴν
1599 2803 1811 2872 ἀνθρω-

135 2898 305 2952 πείαν
346 2897 685 2968 ὑπερϐάντες
721 2895 905 2966 φύσιν,
949 2896 1044 2949 καὶ
1081 2893 1190 2948 τῶν
1235 2891 1520 2964 ἡμετέρων
1565 2891 1812 2945 ἀπαλλα-

135 2989 336 3059 γέντες
371 2987 581 3050 παθῶν,
604 2986 781 3051 οὕτως
821 2989 901 3050 εἰς
956 2984 1163 3056 ταύτην
1201 2982 1448 3055 ῇχθησαν
1475 2980 1574 3052 τὴν
1615 2982 1810 3051 ἀρχήν.

135 3076 299 3142 Εἶτα,
324 3078 391 3133 ἂν
416 3079 516 3149 μὲν
550 3076 804 3148 βασιλεύς
823 3093 930 3130 τινι
963 3075 1071 3129 τῶν
1103 3075 1196 3127 ὑπ’
1229 3073 1390 3127 αὐτὸν
1415 3071 1582 3125 ὄντων
1611 3069 1815 3140 ταύτης

134 3165 364 3236 μεταδῴ
397 3167 496 3235 τῆς
533 3166 720 3237 τιμῆς,
775 3164 916 3219 ὥστε
975 3161 1268 3234 ἐμϐάλλειν
1310 3161 1390 3223 εἱς
1441 3159 1816 3230 δεσμωτήριον

138 3253 243 3318 οὓς
278 3253 345 3308 ἂν
371 3253 554 3326 ἐθέλῃ,
596 3253 692 3306 καὶ
721 3251 942 3322 ἀφιέναι
992 3237 1176 3314 πάλιν,
1240 3245 1479 3317 ζηλωτὸς
1521 3247 1616 3300 καὶ
1663 3245 1818 3316 περί-

139 3341 380 3404 σλεπτος
403 3339 555 3412 παρά
608 3342 773 3394 πᾶσιν
799 3331 973 3402 οὗτος·
997 3340 1027 3392 6
1081 3336 1139 3389 δέ
1199 3334 1350 3407 παρά
1400 3333 1534 3387 Θεοῦ
1582 3332 1819 3403 τοσούτῳ

135 3429 378 3500 μείζονα
410 3427 656 3494 ἐξουσίαν
688 3425 888 3488 λαϐὼν,
921 3427 1032 3496 ὅσῳ
1061 3425 1165 3494 γῆς
1193 3421 1521 3492 τιμιώτερος
1540 3423 1568 3474 6
1590 3418 1820 3490 οὐρανὸς

139 3516 246 3573 καὶ
279 3515 544 3586 σωμάτων
570 3515 760 3585 ψυχαὶ,
791 3513 931 3568 οὕτω
970 3512 1171 3584 μικράν
1214 3527 1356 3564 τισιν
1395 3510 1572 3574 ἔδοξεν
1605 3508 1820 3578 εἰληφέ-

143 3620 242 3656 ναι
266 3602 452 3674 τιμὴν,
481 3601 557 3668 ὡς
581 3600 876 3672 δυνηθῆναι
906 3600 1001 3654 καὶ
1027 3599 1280 3669 ἐννοῆσαι
1304 3597 1386 3650 ὅτι
1414 3595 1524 3650 τῶν
1543 3594 1717 3650 ταῦτά
1738 3612 1823 3659 τις

144 3687 549 3744 πιστευθέντων
589 3688 991 3760 ὐπερφρονήσει
1052 3687 1151 3757 τῆς
1201 3684 1431 3755 δωρεᾶς.
1466 3683 1682 3750 Ἀπαγε
1724 3681 1823 3752 τῆς

141 3776 354 3850 μανίας
384 3777 398 3830 ι
430 3776 600 3848 μανία
627 3775 737 3846 γὰρ
771 3774 1075 3845 περιφανὴς
1122 3772 1396 3844 ὑπερορᾷν
1426 3769 1525 3841 τῆς
1556 3768 1826 3840 τοσαύτης

141 3863 354 3935 ἀρκῆςο
393 3858 456 3937 ἧς
491 3863 619 3918 ἄνευ
649 3861 773 3916 οὐτε
823 3861 1098 3933 σωτηρίας
1131 3861 1286 3931 ⁴ἡμῖν,
1317 3856 1442 3911 οὐτε
1494 3857 1602 3910 τῶν
1653 3856 1827 3926 ἐπηγ-

146 3950 434 4020 γελμένων
465 3949 648 4020 τυχεῖν
677 3947 822 4002 ἔστιν
850 3945 1096 4016 ἀγαθῶν.
1125 3947 1188 3999 El
1217 3944 1326 4015 γάρ
1365 3943 1427 3997 οὐ
1478 3942 1702 3997 δύναταί
1742 3959 1828 4005 τις

150 4037 419 4093 εἰσελθεῖν
447 4038 528 4100 εἰς
567 4038 667 4107 τὴν
715 4035 991 4107 βασιλείαν
1029 4033 1140 4088 τῶν
1187 4031 1456 4104 οὐρανῶν,
1512 4029 1608 4083 ἐὰν
1659 4029 1734 4100 μὴ
1761 4028 1829 4083 δι’

147 4127 350 4188 ,ὕδατος
383 4125 479 4176 καὶ
529 4125 838 4191 πνεύματος
881 4117 1244 4188 ἀναγεννηθῇ,
1293 4117 1389 4168 καὶ
1434 4117 1462 4166 6
1495 4115 1571 4186 μὴ
1601 4115 1830 4184 τρώγων

150 4213 258 4286 τὴν
290 4212 468 4284 σάρκα
494 4208 588 4264 τοῦ
613 4207 764 4281 [584]
804 4206 1028 4279 Κυρίου,
1059 4207 1154 4260 καὶ
1179 4205 1237 4259 τὸ
1265 4198 1414 4290 μὶμα
1440 4201 1604 4255 αὐτοῦ
1637 4202 1827 4260 πίνων.

153 4299 486 4370 ἐκόέόληται
521 4297 622 4366 τῆς
654 4295 873 4351 αἰωνίου
923 4293 1089 4364 ζωῆς,
1125 4292 1302 4346 πάντα
1329 4291 1386 4345 δέ
1413 4291 1587 4345 ταῦτα
1613 4291 1681 4344 δι’
1715 4291 1832 4344 ἐτέ-

159 4406 258 4460 ρου
285 4391 383 4459 μὲν
407 4385 642 4449 οὐδενὸς,
673 4384 832 4454 μόνον
857 4382 914 4436 δέ
941 4381 1030 4435 διὰ
1055 4381 1164 4434 τῶν
1192 4379 1362 4446 ἁγίων
1393 4379 1619 4434 ἐκείνων
1650 4381 1831 4432 ἐπιτε-

149 4475 336 4531 λεῖται
366 4471 586 4544 χειρῶν,
614 4470 722 4524 τῶν
745 4469 838 4523 τοῦ
890 4469 1079 4540 ἱερέως
1107 4467 1273 4537 λέγω*
1328 4466 1445 4530 πῶς
1479 4467 1544 4522 ἄν
1573 4483 1679 4533 τις,
1705 4466 1832 4519 τού-

159 4578 272 4616 των
298 4560 474 4624 ἐκτὸς,
499 4558 533 4629 ἢ
561 4557 624 4610 τὸ
651 4557 750 4627 τῆς
775 4555 1000 4626 γεέννης
1033 4555 1291 4622 ἐκφυγεῖν
1321 4552 1610 4624 δυνήσεται
1643 4552 1774 4624 πῦρ,
1797 4552 1831 4623 ἢ

155 4647 273 4701 τῶν
298 4644 676 4716 ἀποκειμένων
707 4642 989 4712 στεφάνων
1025 4643 1238 4711 τυχεῖν;

230 4726 489 4802 ς-’.Οὖτοι
509 4733 616 4803 γάρ
639 4733 768 4802 ἡμῖν
785 4731 944 4793 εἰσιν,
964 4722 1112 4782 οῦτοι
1140 4728 1190 4782 οἱ
1218 4727 1316 4789 τάς
1347 4725 1724 4797 πνευματικὰς
1755 4743 1838 4779 πι-

153 4824 484 4886 στευθέντες
513 4822 729 4886 ὠδῖνας,
756 4821 851 4872 καὶ
876 4818 966 4872 τὸν
981 4818 1068 4872 διὰ
1095 4817 1189 4872 τοῦ
1215 4815 1589 4886 βαπτίσματος
1615 4816 1838 4886 ἐπιτρα-

164 4916 364 4978 πέντες
399 4915 578 4968 τόκονο
618 4911 708 4966 διά
745 4909 950 4963 τούτων
983 4906 1278 4976 ἐνδυόμεθα
1323 4906 1415 4959 τὸν
1445 4905 1715 4976 Χριστὸν,
1745 4903 1840 4957 καὶ

158 5003 586 5076 ,συνθαπτόμεθα
613 5001 693 5074 τῷ
715 5000 829 5073 Υἱῷ
857 4998 950 5052 τοῦ
981 4997 1137 5062 Θεοῦ,
1171 4996 1306 5068 μέλη
1336 4994 1594 5066 γινόμεθα
1617 4994 1716 5064 τῆς
1738 5009 1842 5064 μα-

167 5095 370 5168 καρίας
395 5093 608 5164 ἐκείνης
637 5087 938 5160 κεφαλῆςδ.
956 5087 1115 5141 Ὥστε
1143 5087 1276 5156 ἡμῖν
1305 5084 1404 5138 οὐκ
1436 5083 1712 5156 ἀρχόντων
1743 5081 1841 5153 μό-

165 5204 282 5250 νον,
309 5183 431 5237 οὐδέ
463 5180 728 5253 βασιλέοιν
751 5176 1137 5251 φοϐερώτεροι,
1177 5173 1316 5228 ἀλλά
1356 5173 1452 5225 καὶ
1482 5171 1732 5242 πατέρων
1760 5187 1842 5223 τι-

167 5273 431 5346 μιώτεροι
453 5271 677 5334 δικαίως
705 5269 770 5323 ἂν
798 5262 927 5322 εἷεν.
952 5266 1014 5318 υἱ
1046 5265 1144 5334 μὲν
1173 5262 1282 5332 γάρ
1307 5261 1367 5325 ἐξ
1391 5260 1634 5346 αἱμάτων
1664 5258 1758 5346 καὶ
1780 5259 1845 5310 ἐκ

169 5344 478 5432 θελήματος
498 5357 702 5432 σαρκὸς
733 5355 1052 5425 ἐγέννησαν,
1075 5353 1125 5408 οἱ
1151 5350 1209 5405 δέ
1232 5349 1330 5419 τῆς
1356 5349 1420 5400 ἐκ
1439 5347 1531 5402 τοῦ
1557 5344 1692 5399 Θεοῦ
1718 5361 1844 5414 γεν-

238 5515 266 5544 ⁸
295 5509 447 5560 SaVil.
469 5514 524 5558 et
540 5509 862 5569 aliqugtjprss.
885 5501 1223 5569 πεπλεγμένον.

239 5575 270 5617 ι
297 5555 822 5632 ᾘίὶῐὲοῗίεέᾶιὶδῡίιιίι
838 5563 924 5614 τοῦ
946 5555 1152 5624 δεσμεῖν.
1185 5559 1308 5610 Infra
1332 5559 1484 5619 aliqui
1518 5571 1635 5606 mss.
1662 5555 1846 5604 διαϐαί-

177 5652 247 5687 νει
271 5639 336 5690 εἰς
360 5633 599 5696 οὐρανούς.

238 5698 264 5728 ⁸
288 5689 386 5746 Αἰξί
405 5689 589 5747 τούτοις
607 5689 987 5752 ἐγχειρισθεῖσαν.

241 5757 269 5799 δ
288 5739 834 5808 ξίὲέενίιξὲιίάὶἰιῖοιιι
849 5761 957 5811 pars
979 5758 1093 5793 mss.
1119 5743 1289 5792 Morel.
1313 5755 1431 5790 vero
1454 5759 1494 5792 τ.
1528 5759 1577 5804 μ.
1601 5756 1740 5791 mox.
1775 5739 1845 5790 ἐκ.

617 5828 891 5891 ΡΑτιιοι..
941 5826 1056 5886 Gn.
1104 5823 1388 5886 XLVIII.

1412 243 1501 297 DE
1541 244 1992 302 SACEIiDOTIO.
2010 247 2138 307 LIB.
2182 249 2269 306 ΙΙΙ.

3450 256 3555 311 6M

1891 365 2099 434 νήσεως
2121 368 2255 437 ἡμῖν
2293 367 2430 420 εἰσιν
2458 367 2647 431 αἴτιοι,
2687 365 2787 438 τῆς
2830 369 3106 440 μακαρίας
3139 369 3557 438 παλιγγενεσίας

1893 451 2127 522 ἐκείνης,
2144 455 2244 524 τῆς
2272 452 2580 525 ἐλευθερίας
2607 454 2706 524 τῆς
2737 454 2968 524 ἀληθοῦς
2994 456 3205 526 καὶτῆς
3233 456 3375 510 κατά
3398 457 3559 527 χάριν

1895 538 2186 604 υἱοθεσίας.
2232 540 2454 612 Λέπραν
2507 540 2756 612 σώματος
2802 541 3200 607 ἀπαλλάττειν,
3259 542 3458 612 μᾶλλον
3502 542 3560 597 δέ

1895 626 2260 682 ἀπαλλάττειν
2295 629 2392 698 μὲν
2418 629 2698 700 οὐδαμῶς,
2727 631 2852 694 τοὺς
2877 630 2934 683 δὲ
2963 629 3376 699 ἀπαλλαγέντας
3411 630 3560 686 δοκι-

1900 713 2091 786 μάζειν
2125 716 2285 785 μόνον
2314 713 2459 786 εἶχον
2483 717 2730 784 ἐξουσίαν
2751 719 2803 770 οἱ
2823 717 2932 770 τῶν
2971 717 3239 771 Ἰουδαίων
3264 720 3449 788 ἱερεῖς,
3467 716 3563 771 καὶ

1897 804 2052 862 οἶσθα
2082 807 2200 870 πῶς
2221 807 2593 880 περιμάχητον
2621 804 2687 878 ἦν
2713 808 2773 860 τὸ
2804 807 2910 860 τῶν
2941 807 3129 878 ἱερέων
3157 807 3295 860 τότε.
3320 799 3481 860 Οὗτοι
3504 804 3565 860 δέ

1897 895 1959 948 οὐ
1996 894 2202 966 λέπραν
2229 895 2500 966 σώματος,
2525 895 2639 948 ἀλλ’
2667 894 3006 964 ἀκαθαρσίαν
3033 895 3232 966 ψυχῆς,
3261 896 3362 948 οὐκ
3386 893 3564 948 ἀπαλ-

1897 983 2156 1052 λαγεῖσαν
2182 983 2517 1056 δοκιμάζειν,
2539 983 2656 1037 ἀλλ’
2678 983 3040 1038 ἀπαλλάττειν
3071 981 3347 1045 παντελῶς
3372 983 3565 1036 ἔλαϐον

1899 1072 2168 1140 ἐξουσίαν.
2199 1073 2362 1126 Ὥστε
2395 1074 2445 1127 οἱ
2474 1072 2678 1127 τούτων
2718 1072 3092 1144 ὑπερορῶντες
3131 1070 3311 1142 πολλῷ
3342 1071 3567 1126 καὶτῶν

1901 1162 2028 1234 περὶ
2054 1160 2229 1215 Δαθάν
2253 1156 2364 1215 εἷεν
2393 1161 2762 1232 ἐναγέστεροι,
2800 1160 2893 1214 καὶ
2942 1159 3188 1228 μείζονος
3225 1158 3366 1224 ἄξιοι
3395 1174 3569 1229 τιμω-

1905 1247 2044 1319 ρίας.
2075 1250 2138 1302 Οἱ
2161 1248 2260 1319 μὲν
2284 1248 2393 1320 γὰρ
2420 1249 2468 1302 εἱ
2486 1249 2580 1302 καὶ
2606 1248 2680 1320 μὴ
2703 1248 3088 1318 προσηκούσης
3110 1247 3292 1308 αὐτοῖς
3321 1246 3572 1298 ἀντεποι-

1901 1334 2057 1388 οῦντο
2080 1338 2180 1408 τῆς
2213 1337 2409 1408 ἀρχῆς,
2443 1336 2559 1388 ἀλλ’
2587 1337 2735 1405 ὅμως
2766 1335 3082 1405 θαυμαστήν
3105 1351 3226 1386 τινα
3253 1332 3380 1404 περὶ
3401 1330 3571 1400 αὐτῆς

1903 1424 2045 1498 εἶχον
2070 1427 2250 1494 δόξαν,
2273 1430 2366 1482 καὶ
2387 1424 2542 1482 τοῦτο
2567 1427 2642 1498 τῷ
2677 1427 2815 1496 μετὰ
2833 1425 3033 1495 πολλῆς
3059 1422 3308 1492 ἐφίεσθαι
3334 1421 3574 1490 σπουδῆς

1903 1514 2127 1580 ἔδειξαν·
2155 1509 2300 1569 οὗτοι
2328 1515 2405 1576 δὲ,
2437 1515 2527 1568 ὅτε
2578 1515 2671 1567 ἐπὶ
2711 1513 2772 1566 τὸ
2825 1515 3072 1584 κρεῖττον
3116 1509 3452 1579 διεκοσμήθη
3479 1508 3573 1560 καὶ

1904 1601 2170 1671 τοσαύτην
2201 1601 2391 1656 ἐλαϐεν
2417 1601 2657 1654 ἐπίδοσιν
2686 1601 2748 1653 τὸ
2796 1602 3049 1671 πρᾶγμα,
3081 1598 3201 1654 τότε
3242 1596 3302 1662 ἐξ
3324 1596 3573 1660 ἐναντίας

1909 1688 2008 1758 μὲν
2035 1689 2284 1755 ἐκείνοις,
2314 1686 2497 1759 πολλῷ
2532 1689 2591 1743 δέ
2626 1688 2850 1743 ἐκείνων
2898 1686 3120 1757 μείζονα
3158 1683 3572 1754 τετολμήκασιν.

1907 1777 2040 1831 Οὐδὲ
2072 1775 2181 1847 γὰρ
2211 1777 2324 1829 ἴσον
2353 1777 2434 1838 είς
2486 1776 2952 1845 καταφρονήσεως
3010 1773 3171 1840 λόγον
3220 1769 3468 1840 ἐφίεσθαι
3500 1770 3575 1839 μὴ

1907 1864 2292 1936 προσηκούσης
2326 1865 2512 1936 τιμῆς,
2543 1866 2640 1918 καὶ
2671 1863 2947 1934 ὐπερορᾷν
3000 1859 3270 1913 τοσούτων
3313 1856 3534 1925 ἀγαθῶν
3554 1895 3571 1918 ,

1908 1951 2043 2008 ἀλλὰ
2073 1952 2311 2021 τοσούτῳ
2345 1952 2527 2022 μεῖξον
2550 1953 2725 2004 ἐκεῖνο
2757 1950 2969 2011 τούτου,
3021 1949 3130 2020 ὅσῳ
3156 1947 3251 2000 τοῦ
3293 1945 3578 2000 διαπτύειν

1911 2041 2002 2092 καὶ
2038 2039 2338 2111 θαυμάζειν
2383 2041 2444 2092 τὸ
2494 2039 2658 2109 μέσον
2689 2037 2857 2090 ἐστίν.
2907 2036 3002 2100 Τίς
3056 2032 3149 2088 οῦν
3192 2034 3367 2100 οὕτως
3418 2032 3578 2088 ἀθλία

1909 2127 2077 2198 ψυχὴ,
2107 2129 2184 2192 ὡς
2209 2127 2481 2181 τοσούτων
2516 2125 2792 2196 ὑπεριδεῖν
2815 2122 3068 2192 ἀγαθῶν;
3099 2123 3213 2175 Οὐκ
3242 2123 3308 2176 ἄν
3338 2137 3467 2174 ποτε
3487 2121 3580 2174 οὐ·

1911 2220 2038 2272 δένα
2066 2218 2234 2288 φαίην
2257 2215 2454 2284 ἔγωγε,
2488 2214 2627 2285 πλὴν
2658 2215 2704 2266 εί
2739 2215 2811 2284 μή
2862 2229 2947 2275 τις
2989 2208 3204 2282 οἶστρον
3236 2208 3582 2279 ὑπομείνειεν

1911 2307 2239 2377 δαιμονικόν.
2287 2302 2448 2356 Ἀλλά
2481 2303 2590 2372 γὰρ
2637 2302 2894 2371 ἐπάνειμι
2930 2299 3090 2354 πάλιν
3117 2298 3238 2351 ὅθεν
3271 2296 3487 2366 ἐξέϐην·
3519 2295 3582 2347 οὐ

1913 2395 2022 2464 γὰρ
2054 2396 2109 2446 ἐν
2138 2392 2214 2464 τῷ
2263 2390 2513 2455 κολάζειν
2546 2390 2725 2460 μόνον,
2779 2387 2917 2442 ἀλλά
2953 2388 3047 2440 καὶ
3078 2389 3136 2439 ἐν
3168 2384 3249 2456 τῷ
3298 2386 3472 2437 ποιεῖν
3497 2377 3580 2442 εὖ.

1917 2482 2138 2554 μείζονα
2164 2483 2276 2543 τοῖς
2313 2478 2550 2550 ἱερεῦσιν
2585 2476 2754 2530 ἔδωκε
2811 2475 3040 2547 δύναμιν
3078 2475 3186 2527 τῶν
3217 2470 3461 2542 φυσικῶν
3491 2486 3586 2538 γο-

1915 2572 2050 2626 νέων
2079 2571 2107 2622 6
2133 2569 2286 2632 85.6;-
2324 2567 2417 2620 καὶ⁹
2438 2563 2690 2630 τοσοῦτον
2714 2563 3041 2636 ἀμφοτέρων
3071 2562 3132 2614 τὸ
3157 2556 3436 2631 διάφορον,
3460 2557 3585 2612 ὅσον

1916 2660 2015 2728 τῆς
2054 2656 2336 2728 παρούσης
2381 2656 2474 2708 καὶ
2515 2654 2613 2723 τῆς
2650 2652 2949 2722 μελλούσης
2980 2651 3127 2720 ζωῆς
3168 2661 3214 2704 θ.
3243 2650 3307 2701 Οἱ
3340 2648 3438 2718 μὲν
3475 2646 3585 2718 γὰρ

1919 2749 1998 2810 εἰς
2026 2746 2252 2815 ταύτην,
2283 2745 2332 2797 οἱ
2355 2743 2411 2796 δέ
2440 2745 2520 2806 εἰς
2540 2741 2757 2811 ἐκείνην
2785 2739 3036 2809 γεννῶσι·
3073 2739 3316 2791 κάκεῖνοι
3344 2736 3443 2806 μὲν
3463 2733 3587 2788 οὐδὲ

1919 2835 2009 2887 τὸν
2045 2833 2355 2904 σωματικὸν
2390 2831 2573 2892 αὐτοῖς
2599 2829 2837 2896 δύναιντ’
2873 2827 2938 2880 ἂν
2995 2824 3202 2895 ἀμῦναι
3242 2824 3496 2882 θάνατον,
3524 2821 3584 2872 οὐ

1921 2923 2072 2975 νόσον
2107 2919 2486 2988 ἐπενεχθεῖσαν
2525 2912 3002 2988 ἀποκρούσασθαι,
3051 2906 3197 2966 οὗτοι
3249 2910 3315 2966 .δέ
3353 2909 3447 2966 καὶ
3489 2909 3590 2965 κά·

1925 3026 2160 3080 μνουσαν
2184 3007 2279 3060 καὶ
2312 3003 2644 3060 ἀπόλλυσθαι
2679 3001 2974 3073 μέλλουσαν
3004 2999 3101 3070 τὴν
3121 2999 3299 3069 ψυχὴν
3333 2995 3591 3057 πολλάκις

1923 3099 2154 3160 ἔσωσαν,
2188 3098 2301 3158 τοῖς
2332 3094 2428 3164 μέν
2468 3090 2778 3166 πραοτέραν
2807 3087 2905 3156 τὴν
2943 3087 3162 3140 κόλασιν
3197 3083 3588 3155 ἐργασάμενοι.

1922 3189 2047 3249 τοὺς
2076 3186 2132 3238 δὲ
2157 3184 2277 3238 οὐδὲ
2307 3181 2457 3254 παρά
2481 3180 2579 3250 τὴν
2612 3178 2789 3250 ἀρχὴν
2826 3176 3059 3245 ἀφέντες
3104 3175 3389 3244 ἐμπεσεῖν,
3423 3173 3483 3228 οὐ
3515 3170 3593 3242 τῷ

1924 3272 2193 3328 διδάσκειν
2228 3268 2390 3339 μόνον
2419 3269 2514 3321 καὶ
2567 3265 2859 3328 νουθετεῖν,
2891 3262 3030 3318 ἀλλά
3069 3262 3160 3314 καὶ
3207 3259 3283 3329 τῷ
3330 3260 3398 3314 δι’
3419 3257 3594 3329 εὐχῶν

1929 3363 2161 3435 βοηθεῖν.
2187 3362 2262 3415 Οὐ
2291 3360 2400 3429 γάρ
2429 3359 2556 3412 ὅταν
2582 3357 2729 3427 ἡμᾶς
2763 3350 3097 3422 ἀνα-γεννῶσι
3126 3350 3313 3423 μόνον,
3342 3347 3475 3403 ἀλλά
3500 3349 3596 3402 καὶ

1925 3453 1994 3507 τὰ
2031 3451 2167 3523 μετὰ
2204 3448 2379 3503 ταῦτα
2440 3446 2742 3522 συγχωρεῖν
2779 3443 2996 3514 ἔχουσιν
3040 3438 3289 3505 ἐξουσίαν
3345 3437 3596 3508 ἁμαρτή-

1933 3557 2099 3612 ματα.
2145 3535 2406 3593 Ἀσθενεῖ
2425 3535 2532 3606 γάρ
2573 3551 2682 3600 τις,
2718 3533 2904 3602 φησὶν,
2947 3531 3018 3586 ἐν
3052 3527 3234 3598 fair;
3260 3527 3600 3596 προσκάλει

1929 3629 2138 3684 σάσθω
2190 3625 2332 3690 τοὺς
2379 3621 2822 3692 πρεσϐυτέρους
2873 3617 2986 3688 τῆς
3042 3615 3406 3682 Ἐκκλησίάς
3430 3653 3444 3676 ,
3499 3613 3599 3666 καί

1931 3712 2488 3784 προσευξάσθωσαν
2537 3709 2630 3762 ἐπ’
2670 3705 2857 3762 αὑτὸν
2901 3705 2947 3769 ί,
2997 3704 3360 3771 ἀλείψαντες
3412 3699 3602 3756 αὐτὸν

1931 3804 2110 3870 ἐλαίῳ
2130 3801 2198 3855 ἐν
2218 3798 2296 3864 τῷ
2323 3799 2566 3866 ὀνόματι
2612 3795 2719 3849 τοῦ
2754 3793 2994 3862 Κυρίου.
3035 3791 3148 3844 Καὶ
3204 3791 3243 3856 ἠ
3293 3787 3448 3855 εὐχὴ
3492 3785 3602 3854 τῆς

1934 3889 2192 3953 ,πίστεως
2221 3882 2409 3937 σώσει
2450 3879 2556 3933 τὸν
2589 3878 2913 3947 κάμνοντα,
2969 3877 3068 3929 καὶ
3098 3873 3291 3944 ἐγερεῖ
3334 3870 3520 3926 αὐτὸν
3569 3873 3604 3924 ό

1935 3977 2181 4044 Κύριος·
2233 3971 2350 4024 κᾶν
2403 3968 2689 4039 ἁμαρτίας
2749 3961 2791 4036 ᾖ
2848 3963 3207 4030 πεποιηκὼς,
3265 3959 3606 4029 ἀφεθήσον..

1934 4081 2031 4119 ται
2065 4059 2218 4133 [585]
2251 4057 2432 4124 αὐτῷ.
2461 4057 2693 4109 Ἔπειτα
2733 4057 2782 4108 οἱ
2827 4054 2924 4124 μὲν
2963 4051 3184 4120 φυσικοὶ
3209 4051 3408 4118 γονεῖς,
3429 4050 3477 4101 εἱ
3506 4047 3606 4119 μέν

1935 4169 2046 4206 τισι
2074 4148 2185 4202 τῶν
2237 4145 2610 4218 ὑπερεχόντων
2665 4145 2757 4197 καὶ
2813 4141 3024 4212 μεγάλα
3074 4134 3178 4193 ὧδε
3213 4141 3240 4179 ε
3280 4135 3605 4207 δυναμένων

1938 4235 2368 4312 προσκρούσαιεν
2399 4236 2447 4286 οἱ
2474 4233 2685 4295 παῖδες,
2710 4230 2858 4292 οὐδὲν
2886 4229 3084 4294 αὐτοὺς
3118 4225 3333 4298 ἔχουσιν
3353 4223 3603 4294 ὠφελεῖν·

1939 4307 2075 4374 οῖ’δέ
2101 4307 2268 4391 ἱερεῖς
2311 4317 2411 4370 οὐκ
2465 4315 2753 4386 ἄρχοντας,
2809 4312 2935 4368 οὐδὲ
2988 4311 3250 4391 βασιλεῖς,
3295 4307 3410 4362 ἀλλ’
3445 4307 3608 4362 αὐτὸν

1940 4411 2123 4472 αὐτοῖς
2149 4390 2409 4468 πολλάκις
2441 4403 2766 4475 ὀργισθέντα
2800 4396 3146 4472 κατήλλαξαν
3174 4390 3265 4450 τὸν
3295 4396 3452 4451 Θεόν.
3486 4394 3610 4450 Ἔτι

1940 4493 2033 4550 οὖν
2059 4496 2206 4567 ἡμᾶς
2230 4492 2366 4565 μετά
2392 4490 2566 4554 ταῦτα
2618 4489 2879 4560 τολμήσει
2930 4504 3014 4550 τις
3057 4484 3317 4547 ἀπονοίας
3360 4483 3607 4554 κρίνειν;

1954 4583 2094 4654 Ἐγὼ
2125 4584 2223 4654 μὲν
2254 4583 2361 4652 γὰρ
2414 4582 2478 4636 ἐκ
2507 4577 2615 4632 τῶν
2669 4575 2973 4648 εἰρημένων
3013 4571 3280 4644 τοσαύτην
3323 4570 3613 4624 εὐλάόειαν

1941 4667 2094 4742 οἶμαι
2123 4670 2222 4734 τάς
2245 4668 2352 4722 τῶν
2378 4666 2682 4721 ἀκουόντων
2719 4663 3013 4732 κατασχεῖν
3045 4659 3246 4734 ψυχάς,
3291 4658 3372 4721 ὡς
3412 4657 3614 4730 μηκέτι

1943 4761 2068 4822 τοὺς
2097 4757 2418 4828 φεύγοντας,
2463 4752 2595 4807 ἀλλά
2628 4752 2724 4804 καὶ
2751 4750 2878 4812 τοὺς
2918 4749 3011 4821 ἀφ’
3041 4745 3252 4802 ἐαυτῶν
3295 4745 3618 4817 προσιόντας

1938 4833 2040 4906 ’καὶ
2070 4842 2468 4907 σπουδάζοντας
2489 4839 2692 4908 ταύτην
2733 4838 2945 4899 ἑαυτοῖς
2965 4833 3271 4906 κτήσασθαι
3299 4834 3400 4904 τὴν
3426 4832 3616 4904 τιμὴν,

1946 4933 2204 4996 ἀπονοίας
2231 4932 2326 4986 καὶ
2352 4929 2557 5000 τόλμης
2579 4927 2787 4998 κρίνειν
2816 4925 2865 4978 ιι.
2909 4923 2974 4978 Εἰ
3021 4925 3132 4996 γὰρ
3173 4923 3224 4977 οἱ
3255 4920 3355 4987 τάς
3380 4921 3489 4976 τῶν
3519 4922 3620 4976 πό-

1946 5022 2084 5076 λεων
2106 5017 2279 5091 ἀρχὰς
2304 5013 2704 5077 πιστευθέντες,
2727 5014 2855 5068 ὅταν
2883 5010 2959 5083 μὴ
2983 5009 3192 5065 συνετοὶ
3211 5011 3305 5064 καὶ
3330 5009 3451 5064 λίαν
3477 5007 3619 5074 ὀξεῖς

1949 5109 2288 5180 τυγχάνωσιν
2320 5104 2492 5168 ὄντες,
2517 5101 2612 5157 καὶ
2637 5102 2735 5164 τάς
2774 5099 2957 5163 πόλεις
2988 5098 3310 5170 ἀνέτρεψαν,
3356 5095 3452 5150 καῖ⁵
3495 5097 3620 5149 ἐαυο

1949 5201 2076 5260 τοὺς
2100 5191 2551 5267 προσαπώλεσανο
2587 5193 2616 5244 6
2654 5187 2750 5242 τοῦ
2789 5186 3026 5260 Χριστοῦ
3055 5187 3153 5259 τὴν
3191 5185 3410 5260 νύμφην
3445 5201 3619 5240 κατα-

1951 5289 2178 5358 κοσμεῖν
2206 5284 2407 5353 λαχὼν,
2431 5282 2602 5350 πόσης
2650 5296 2732 5333 σοι
2773 5278 2922 5333 δοκεῖ
2964 5277 3171 5331 δεῖσθαι
3216 5275 3501 5346 δυνάμεως
3526 5274 3622 5328 καὶ

1951 5376 2048 5446 τῆς,
2081 5374 2210 5443 παρ’
2240 5370 2404 5426 αὑτοῦ
2437 5369 2533 5423 καὶ
2562 5368 2661 5439 τῆς
2690 5366 2894 5425 ἀνωθεν
2918 5365 3052 5438 πρὸς
3075 5365 3135 5418 τὺ
3164 5364 3240 5435 μὴ
3264 5363 3618 5434 διαμαρτεῖν;

2014 5491 2034 5512 ⁸
2072 5489 2121 5538 In
2143 5487 2569 5550 quibusdammss.
2597 5489 2707 5545 post
2726 5488 2848 5540 ζωῆς
2873 5481 3068 5530 additur
3096 5480 3152 5528 τὸ
3172 5480 3332 5541 μέσον.
3359 5477 3486 5527 Infra
3509 5484 3624 5541 qni—

1954 5553 2061 5602 dam
2080 5551 2359 5612 ἀμύνασθαι.

2024 5614 2039 5648 ί
2072 5607 2276 5671 Quidam
2295 5623 2411 5658 mss.
2439 5609 2556 5670 ὐπέρ
2577 5607 2742 5671 αὐτοῦ.

2021 5677 2045 5745 β
2072 5664 2127 5745 ᾧ
2139 5673 2436 5745 ,ςιιιέιυδρεῐη
2461 5664 2735 5745 ὧδεᾶεθξι.
2897 5667 2980 5745 εἰῇ
3003 5666 3246 5741 ἰσχύουσιν
3269 5664 3480 5745 ὠφελεῖν,

2020 5737 2047 5774 ιι
2073 5727 2178 5788 Alii
2190 5736 2269 5782 καὶ
2289 5734 2464 5795 τόλμης
2483 5731 2754 5792 γράφεσθαι.
2783 5729 2890 5778 Mox
2916 5727 3481 5792 αιὶᾳιιίίὲμπιστευθέντις,

3186 5809 3230 5870 8
