3860 6216
280 200 391 257 ωδ

345 326 412 384 ς’.
449 318 635 382 (ὶύδεὶς
663 319 862 390 μᾶλλον
895 321 1109 376 Παύλου
1141 324 1231 378 τὸν
1264 327 1498 397 Χριστὸν
1530 330 1842 402 ἠγάπησεν,
1865 335 1954 388 ού-

273 407 384 470 δεὶς
418 406 639 477 μείζονα
663 409 870 460 ἐκείνου
899 411 1132 480 σπουδὴν
1153 413 1486 479 ἐπεδείξατο,
1511 417 1687 482 οὐδεὶς
1714 421 1954 486 πλείονος

274 493 480 564 ἠξιώθη
537 498 779 567 χάριτοςσ
813 497 926 550 ἀλλ’
955 499 1106 568 ὅμως
1136 502 1274 570 μετὰ
1324 503 1566 558 τοσαῦτα
1628 507 1958 577 πλεονεκτή-

275 601 421 652 ματα
446 585 685 640 δέδοικεν
714 585 794 638 ἕτι
821 587 915 639 καὶ
943 586 1138 658 τρέμει
1163 590 1290 660 περὶ
1307 591 1514 664 ταύτης
1539 596 1638 666 τῆς
1661 597 1838 668 ἀρχῆς
1864 600 1958 652 καὶ

272 671 383 724 τῶν
415 673 736 742 ἀρχομένων
784 674 876 727 ὑπ’
922 674 1107 729 αὑτοῦ.
1144 677 1445 747 Φοϐοῦμαι
1513 681 1643 752 γὰρ,
1687 686 1842 754 φησι,
1870 686 1956 755 μή

273 771 418 824 πως,
449 760 530 826 ὡς
559 763 592 813 ό
618 760 752 829 ὄφις
780 761 947 816 Εὔαν
972 761 1364 833 ἐξηπάτησεν
1409 767 1480 820 ἐν
1519 766 1596 836 τῇ
1623 774 1959 842 πανουργίᾳ

271 847 480 910 αὑτοῦ,
508 847 663 900 οὕτω
688 848 889 917 φθαρῇ
915 849 986 903 τὰ
1013 850 1284 922 νοήματα
1308 853 1475 923 ὑμῶν
1497 856 1615 910 ἀπὸ
1640 857 1751 928 τῆς
1772 860 1959 914 ἁπλό-

272 950 450 1002 τητος
481 934 594 1003 τῆς
616 938 704 1001 εἰς
726 939 834 989 τὸν
868 939 1147 1016 Χριστόνο
1180 941 1276 995 καὶ
1317 943 1502 1008 πάλιν,
1541 945 1638 999 Ἐν
1664 949 1827 1015 φόϐῳ
1855 949 1956 1002 καί

270 1024 340 1075 ἐν
367 1025 562 1093 τρόμῳ
590 1024 800 1090 πολλῷ
827 1027 1124 1098 ἐγενόμην
1152 1032 1304 1099 πρὸς
1341 1032 1517 1102 ὑμᾶς·
1558 1035 1844 1108 ἄνθρωπος
1878 1039 1958 1101 εἰς

271 1111 452 1180 τρίτον
485 1112 764 1182 ἀρπαγείς
795 1113 1044 1184 οὐρανὸν,
1094 1117 1190 1170 καὶ
1241 1119 1571 1191 ἀπορρήτων
1623 1124 1958 1194 κοινωνήσας

269 1195 392 1265 Θεῷ
421 1207 462 1260 ⁸,
507 1197 602 1251 καὶ
630 1196 918 1262 τοσούτους
974 1200 1274 1270 ὑπομείνας
1328 1202 1611 1268 θανάτους,
1655 1207 1782 1272 ὅσας
1819 1209 1956 1277 μετά

271 1285 333 1336 τὺ
359 1285 647 1339 πιστεῦσαι
677 1285 871 1357 Εςησεν
895 1288 1127 1359 ἡμέρας
1152 1290 1439 1362 ἄνθρωπος
1482 1295 1614 1366 μηδὲ
1645 1299 1710 1366 τῇ
1741 1296 1958 1370 δοθείσῃ

273 1371 426 1440 παρά
476 1372 572 1426 τοῦ
611 1373 850 1444 Χριστοῦ
900 1377 1208 1447 χρήσασθαι
1268 1378 1489 1452 ἐξουσίᾳ
1535 1381 1838 1452 βουληθεὶς.
1869 1384 1958 1439 ἵνα

274 1460 352 1528 μή
381 1474 464 1523 τις
487 1461 596 1513 τῶν
641 1464 1052 1517 πιστευσάντων
1091 1466 1476 1539 σκανδαλισθῇ.
1533 1470 1596 1522 Εἰ
1629 1470 1810 1525 τοίνυν
1837 1473 1865 1524 ὁ
1889 1471 1957 1525 τά

271 1549 675 1619 προστάγματα
707 1551 1049 1622 ὑπερϐαίνων
1091 1554 1186 1607 τοῦ
1218 1553 1353 1607 Θεοῦ
1396 1555 1446 1620 ι),
1486 1556 1581 1609 καὶ
1616 1557 1866 1629 μηδαμοῦ
1897 1558 1957 1611 τὸ

271 1636 466 1688 ἐαυτοῦ
498 1637 700 1709 ζητῶν,
734 1640 869 1694 ἀλλά
896 1641 958 1693 τὸ
993 1641 1103 1695 τῶν
1130 1643 1474 1713 ἀρχομένων,
1512 1644 1685 1709 οὕτως
1716 1647 1957 1717 ἔμφοϐος

268 1721 338 1794 ἦν
367 1727 477 1788 ἀεὶ,
503 1727 640 1797 πρὸς
678 1727 736 1780 τὺ
771 1729 872 1799 τῆς
918 1729 1091 1800 ἀρχῆς
1124 1730 1356 1800 μέγεθος
1401 1731 1647 1804 ἀφορῶν,
1677 1734 1729 1786 τί
1781 1734 1958 1788 πεισό-

274 1814 414 1883 μεθα
437 1805 599 1885 ἡμεῖς
645 1816 695 1868 οἰ
735 1816 1004 1887 πολλαχοῦ
1049 1821 1119 1871 τά
1168 1819 1374 1871 ἑαυτῶν
1413 1818 1724 1891 ζητοῦντες,
1755 1823 1804 1875 οί
1858 1822 1955 1886 τὰς

271 1902 492 1966 ἐντολὰς
529 1902 624 1956 τοῦ
655 1904 893 1975 Χριστοῦ
921 1905 982 1958 οὐ
1012 1905 1172 1975 μόνον
1217 1907 1314 1977 οὑχ
1345 1907 1786 1979 ὑπερϐαίνοντες,
1820 1909 1957 1965 ἀλλὰ

273 1990 366 2042 καὶ
401 1993 465 2042 ἐκ
510 1990 755 2055 πλείονος
804 1991 1235 2062 παραϐαίνοντες
1289 1993 1511 2064 μοίρας;
1550 1997 1644 2062 Τίς
1674 1996 1953 2062 ἀσθενεῖ,

271 2079 428 2148 φησί,
453 2077 552 2132 καί
600 2080 712 2132 οὐκ
754 2078 1026 2144 ἁσθενῶ;
1063 2082 1154 2146 τίς
1186 2080 1664 2149 σκανδαλίζεται,
1712 2084 1811 2136 καὶ
1844 2089 1956 2138 οὐκ

272 2165 388 2235 ἐγὼ
417 2164 718 2236 πυροῦμαι
741 2185 759 2232 ;
785 2167 1027 2221 τοιοῦτον
1049 2166 1188 2222 εῗναι
1217 2169 1298 2221 δεῖ
1338 2169 1430 2222 τὸν
1465 2171 1635 2241 ἱερέα,
1673 2172 1872 2242 μᾶλλον
1899 2173 1955 2226 δὲ

271 2255 334 2306 οὐ
360 2253 601 2307 τοιοῦτον
632 2254 809 2325 μόνον’
846 2257 1018 2326 μικρά
1047 2256 1156 2326 γὰρ
1180 2256 1354 2310 ταῦτα
1403 2259 1495 2311 καὶ
1534 2259 1595 2310 τὸ
1628 2259 1794 2330 μηδὲν
1821 2261 1956 2331 πρὸς

272 2342 302 2395 ὃ
336 2342 516 2413 μέλλω
570 2341 772 2412 λέγειν.
802 2343 866 2396 Τί
904 2344 961 2397 δὲ
991 2343 1150 2396 τοῦτό
1179 2347 1360 2411 ἐστινς
1395 2349 1706 2416 Ηὺχόμην,
1754 2351 1952 2419 φησὶν,

273 2430 544 2499 ἀνάθεμα
566 2426 721 2484 εἶναι
745 2430 865 2485 ἀπὸ
897 2431 1002 2485 τοῦ
1027 2433 1286 2500 Χριστοῦ
1334 2436 1486 2502 ὑπὲρ
1521 2436 1639 2490 τῶν
1675 2435 1956 2505 ἀδελφῶν

270 2535 388 2588 μου
417 2516 535 2572 τῶν
566 2518 887 2590 συγ-γενῶν
913 2537 1033 2589 μου
1059 2519 1177 2574 τῶν
1209 2523 1357 2577 κατὰ
1399 2523 1613 2593 σάρκα.
1646 2524 1712 2577 Εἴ
1735 2541 1818 2587 τις
1865 2525 1955 2578 δύ-

274 2624 432 2661 ναται
459 2607 664 2679 ταύτην
697 2607 915 2677 ἀφιέναι
945 2608 1044 2679 τὴν
1077 2610 1278 2680 φωνὴν,
1322 2611 1374 2662 εἴ
1403 2629 1484 2674 τις
1514 2611 1624 2682 ἔχει
1652 2612 1749 2684 τὴν
1779 2611 1955 2682 ψυχὴν

271 2695 480 2767 ταύτης
509 2693 907 2768 ἐφικνουμένην
935 2699 1034 2767 τῆς
1063 2697 1252 2768 εύχῆς,
1279 2699 1629 2768 ἐγκαλεῖσθαι
1655 2700 1862 2765 δίκαιος
1890 2703 1956 2755 ἂν

274 2783 361 2855 εἴη
397 2782 636 2852 φεύγων⁹
678 2784 728 2836 εἰ
765 2783 822 2836 δέ
852 2800 938 2846 τις
989 2783 1209 2837 ἀποδέοι
1241 2786 1340 2856 τῆς
1393 2788 1596 2858 ἀρετῆς
1623 2789 1839 2858 ἐκείνης
1866 2807 1954 2844 το-

277 2871 488 2934 σοῦτον,
517 2873 639 2926 ὅσον
681 2873 862 2942 ήμεῖς,
891 2871 989 2942 οὐχ
1017 2872 1144 2926 ὅταν
1184 2874 1385 2948 φεύγῃ,
1434 2875 1549 2929 ἀλλ’
1575 2877 1703 2929 ὅταν
1730 2877 1954 2948 δέχηται

277 2959 555 3032 μισεῖσθαι
579 2959 806 3022 δίκαιος.
845 2960 980 3014 Οὐδὲ
1013 2960 1144 3032 γὰρ,
1172 2963 1220 3015 εἰ
1254 2963 1652 3034 στρατιωτικῆς
1682 2963 1841 3029 ἀξίας
1867 2965 1954 3018 αἴ-

279 3063 428 3117 ρεσις
457 3045 772 3119 προῦκειτο,
791 3042 911 3102 εἶτα
932 3047 1292 3118 χαλκοτύπον,
1328 3050 1360 3122 ἢ
1392 3051 1746 3120 σκυτοτόμον,
1776 3053 1809 3122 ἦ
1836 3069 1956 3106 τινα

274 3133 383 3186 τῶν
409 3134 666 3188 τοιούτων
695 3133 1044 3206 δημιουργῶν
1083 3135 1412 3200 ἑλκύσαντες
1470 3137 1550 3199 εἰς
1595 3136 1656 3189 τὸ
1712 3137 1876 3207 μέσον
1906 3141 1956 3190 οἱ

273 3221 456 3276 δοῦναι
489 3221 671 3294 κύριοι
693 3221 796 3293 τὴν
820 3222 989 3294 τιμὴν
1009 3263 1024 3285 ,
1069 3223 1396 3294 ἐνεχείριζον
1423 3223 1519 3276 τὸν
1550 3224 1781 3294 στρατὸν
1805 3265 1820 3290 ,
1852 3226 1953 3278 ἐπ-

275 3311 445 3381 ῄνεσα
467 3321 488 3349 ο
528 3310 594 3364 ἂν
634 3310 725 3363 τὸν
750 3309 982 3363 δείλαιον
1009 3311 1213 3364 ἐκεῖνον
1246 3311 1307 3362 οὐ
1327 3309 1613 3378 φεύγοντα,
1651 3311 1746 3364 καὶ
1779 3312 1957 3366 πάντα

277 3398 533 3452 ποιοῦντα
565 3395 708 3450 ὥστε
747 3397 821 3467 μὴ
852 3399 932 3459 εἰς
959 3393 1235 3467 προῦπτον
1257 3396 1448 3450 ἐαυτὸν
1474 3395 1734 3467 ἐμϐαλεῖν
1765 3399 1953 3454 κακόν.

277 3485 341 3538 Εἰ
375 3486 472 3556 μὲν
494 3484 604 3555 γὰρ
622 3483 809 3547 ἁπλῶς
841 3483 901 3536 τὸ
929 3483 1196 3555 κληθῆναι
1237 3483 1476 3554 ποιμένα
1502 3484 1597 3536 καὶ
1647 3486 1958 3558 μεταχειρί-

279 3588 370 3624 σαι
390 3572 452 3626 τὸ
482 3573 716 3642 πρᾶγμα
742 3567 817 3633 ὡς
845 3569 1032 3639 ἔτυχεν
1059 3569 1210 3642 [586]
1244 3571 1426 3642 ἀρκεῖ,
1458 3571 1556 3624 καὶ
1593 3571 1838 3637 κίνδυνος
1865 3574 1957 3626 ού-

277 3654 408 3718 δεὶς,
471 3653 775 3723 ἐγκαλείτω
831 3652 1140 3718 κενοδοξίας
1187 3655 1320 3724 ἡμῖν
1375 3654 1405 3707 ὁ
1444 3653 1786 3726 βουλόμενος·
1819 3656 1868 3708 εί
1901 3657 1958 3710 δέ

279 3741 482 3814 πολλὴν
516 3743 615 3813 μὲν
675 3741 914 3804 σύνεσιν,
945 3741 1148 3812 πολλὴν
1181 3739 1239 3795 δὲ
1268 3740 1374 3814 πρὸ
1427 3742 1528 3810 τῆς
1560 3742 1831 3807 συνέσεως
1859 3745 1959 3815 τὴν

279 3832 434 3902 παρά
456 3830 551 3884 τοῦ
576 3828 714 3884 Θεοῦ
738 3829 921 3902 χάριν,
955 3830 1050 3884 καί
1083 3829 1302 3901 τρόπων
1330 3829 1620 3902 ὀρθότητα,
1663 3832 1756 3884 καὶ
1786 3831 1960 3886 καθα-

282 3920 483 3991 ρότητα
523 3918 662 3990 βίου,
711 3919 806 3972 καὶ
843 3917 1066 3988 μείζονα
1108 3918 1141 3989 ἦ
1187 3918 1330 3972 κατά
1363 3918 1653 3990 ἄνθρωπον
1684 3918 1830 3991 ἔχειν
1879 3920 1962 3974 δεῖ

277 4008 377 4080 τὴν
403 4007 628 4079 ἀρετὴν,
660 4006 753 4060 τὸν
777 4006 983 4077 ταύτην
1022 4005 1415 4077 ἀναδεχόμενον
1440 4006 1541 4078 τὴν
1576 4008 1857 4079 φροντίδα,
1883 4010 1957 4080 μή

283 4113 354 4166 με
381 4095 765 4167 ἀποστερήσῃς
809 4093 1161 4164 συγγνώμης,
1194 4093 1370 4163 μάτην
1404 4095 1707 4148 ἀπολέσθαι
1736 4094 1813 4166 μὴ
1835 4094 1958 4166 βου-

277 4183 506 4256 λόμενον
547 4183 642 4238 καὶ
690 4183 833 4252 εἰκῆ.
867 4181 977 4234 Καὶ
1024 4179 1134 4251 γὰρ
1162 4181 1210 4233 εἰ
1251 4181 1601 4254 μυριάγωγόν
1642 4199 1726 4245 τις
1753 4183 1960 4237 ὁλκάδα

282 4271 452 4340 ἄγων,
487 4269 929 4340 πεπληρωμένην
975 4267 1200 4339 ἐρετῶν,
1250 4269 1344 4320 καὶ
1399 4269 1636 4339 φορτίων
1679 4271 1959 4341 γέμουσαν

284 4357 615 4418 πολυτελῶν,
651 4353 773 4411 εἷτα
803 4357 898 4410 ἐπὶ
946 4355 1056 4411 τῶν
1096 4359 1300 4410 οἰάκων
1356 4356 1588 4420 καθίσας
1633 4358 1853 4413 ἐκέλευέ
1890 4377 1959 4430 με

284 4448 458 4518 περᾷν
483 4445 544 4499 τὸ
573 4444 854 4515 Αἰγαῖονῆ
881 4443 940 4498 τὸ
969 4444 1308 4516 Τυρρηνικὸν
1341 4443 1598 4513 πέλαγος,
1635 4445 1702 4498 ἐκ
1737 4444 1962 4516 πρώτης

281 4534 348 4587 ἂν
386 4533 717 4605 ἀπεπήδησα
753 4531 852 4602 τῆς
902 4532 1106 4602 φωνῆς·
1160 4532 1253 4584 καὶ
1291 4531 1345 4584 ετ
1390 4548 1475 4596 τις
1526 4531 1710 4602 ἤρετο,
1748 4531 1838 4586 διὰ
1868 4532 1959 4596 τί;

284 4623 402 4675 Ἵνα
425 4623 500 4692 μὴ
531 4620 822 4675 καταδύσω
858 4619 919 4672 τὸ
969 4618 1174 4683 πλοῖον,
1222 4616 1375 4673 εἷπον
1409 4619 1496 4674 ἀν.
1522 4616 1657 4673 Εἶτα
1698 4619 1828 4674 ἔνθα
1864 4619 1962 4690 μὲν

280 4712 362 4773 εἰς
389 4712 649 4781 χρήματα
677 4710 713 4781 ἡ
739 4707 933 4780 ζημία,
988 4706 1083 4762 καὶ
1115 4707 1144 4759 ὁ
1173 4706 1415 4770 κίνδυνος
1451 4705 1767 4778 σωματικοῦ
1802 4707 1963 4778 μέχρι

283 4798 536 4860 θανάτου,
559 4797 736 4860 οὐδεὶς
768 4795 1054 4866 ἐγκαλέσει
1087 4795 1256 4867 πολλῇ
1301 4796 1671 4866 κεχρημένοις
1710 4795 1960 4866 προνοίᾳ·

281 4888 418 4940 ὅπου
439 4885 496 4938 δὲ
523 4887 634 4949 τοῖς
661 4883 990 4953 ναυαγοῦσιν
1028 4884 1130 4937 οὐκ
1157 4886 1237 4948 εἰς
1263 4884 1325 4936 τὸ
1370 4883 1610 4951 πέλαγος
1632 4882 1814 4944 τοῦτο,
1846 4882 1963 4936 ἀλλ’

282 4975 364 5036 εἰς
397 4973 494 5045 τήν
524 4972 760 5027 ἄϐυσσον
789 4971 885 5026 τοῦ
909 4973 1081 5042 πυρὸς
1101 4973 1389 5026 ἀπόκειται
1437 4973 1645 5036 πεσεῖν,
1670 4969 1767 5024 καὶ
1799 4970 1964 5025 θάνα-

282 5077 375 5123 τος
398 5061 595 5124 αὐτοὺς
623 5061 722 5131 οὐχ
751 5060 778 5113 ὁ
823 5059 921 5132 τὴν
956 5060 1136 5130 ψυχὴν
1164 5058 1271 5111 ἀπὸ
1303 5057 1397 5111 τοῦ
1435 5056 1689 5126 σώματος
1713 5057 1961 5130 διαιρῦν,

285 5147 401 5201 ἀλλ’
433 5149 462 5201 ὁ
494 5145 698 5217 ταύτην
755 5147 872 5218 μετ’
918 5145 1129 5198 ἐκείνου
1182 5146 1260 5207 εἰς
1311 5143 1534 5196 κόλασιν
1575 5144 1965 5215 παραπέμπων

286 5236 502 5289 αἰώνιον
526 5234 829 5306 ἐκδέχεται,
862 5233 1098 5288 ἐνταῦθα
1125 5233 1206 5285 ὅτι
1247 5231 1324 5302 μή
1349 5232 1638 5302 προπετῶς
1665 5234 1746 5296 εἰς
1777 5233 1968 5288 τοσοῦ-

283 5337 376 5375 τον
399 5321 626 5384 ἑαυτοὺς
658 5321 966 5392 ἐρῤίψαμεν
992 5319 1184 5380 κακὸν,
1229 5317 1505 5390 ὀργιεῖσθε
1538 5319 1632 5371 καί,
1666 5321 1963 5390 μισήσετε;

356 5416 422 5480 η’.
451 5411 564 5480 Μὴ,
585 5408 780 5480 δέομαι
805 5409 900 5464 καὶ
921 5406 1204 5461 ἀντιϐολῶ.
1224 5401 1356 5460 Οἶδα
1380 5407 1480 5477 τὴν
1501 5407 1737 5477 ἐμαυτοῦ
1765 5408 1964 5481 ψυχὴν,

350 5553 378 5581 ⁸
406 5549 498 5600 Alii
512 5549 658 5600 Θεοῦ.

349 5614 377 5652 1)
405 5612 501 5676 ᾼίἰί
523 5611 610 5676 τοῦ
631 5610 864 5676 Χριστοῦ.

298 5739 311 5752 η
416 5673 589 5723 Morel.
639 5671 890 5737 ἐπῄνεσαν.
936 5673 1086 5721 Savil.
1133 5679 1186 5721 et
1230 5671 1430 5731 quidam
1472 5672 1838 5736 σιδαέπῄνεσα.
1865 5672 1964 5723 Alii

293 5751 537 5798 επῃνεσας.

1071 206 1129 262 S.
1175 207 1459 266 JOANNIS
1497 211 1982 273 CHRYSOSTOMI
2023 219 2344 275 ARCIIIEP.
2384 221 2939 280 CONSTANTENOP.

3635 224 3740 288 656

2072 336 2170 406 τήν
2191 336 2393 406 ἀσθενῆ
2416 339 2621 408 ταύτην
2657 341 2752 392 καὶ
2776 341 2999 411 μικράν·
3031 336 3149 395 οἶδα
3181 343 3278 413 τῆς
3301 341 3578 409 διακονίας
3602 347 3742 400 ἐκείο

2069 440 2167 493 νης
2195 427 2255 476 τὸ
2297 424 2524 494 μέγεθος
2559 428 2654 479 καὶ
2693 427 2792 497 τὴν
2822 428 3023 499 πολλὴν
3064 429 3160 482 τοῦ
3193 430 3517 501 πράγματος
3549 433 3744 489 δυσκοετ

2069 512 2207 566 λίαν.
2238 513 2465 566 Πλείονα
2482 513 2592 585 γάρ
2623 513 2732 566 τῶν
2757 514 2856 585 τὴν
2879 516 3149 570 θάλατταν
3171 519 3552 589 ταραττόντων
3577 538 3738 575 πνευ-

2072 600 2258 670 μάτων
2284 598 2310 639 d
2343 601 2593 671 χειμάζει
2619 601 2842 672 κύματα
2861 603 2961 674 τὴν
2992 603 3086 658 τοῦ
3121 605 3420 676 ἱερωμένου
3451 607 3651 678 ψυχήν.

2140 687 2205 742 θ’.
2237 689 2346 743 Καὶ
2385 689 2604 760 πρῶτον
2644 689 2900 745 ἀπάντων
2928 693 2957 744 ὁ
2984 691 3286 757 δεινότατος
3314 694 3416 765 τῆς
3441 694 3746 760 κενοδοξίας

2070 777 2352 840 σκόπελος,
2374 777 2754 851 χαλεπώτερος
2779 777 2854 832 ὢν
2885 773 3056 852 οὗπερ
3077 783 3128 834 οἰ
3171 783 3458 852 μυθοποιοί
3483 785 3745 855 τερατεύο

2067 881 2217 916 ονται
2240 863 2349 917 τῶν
2372 866 2665 936 Σειρήνων·
2685 866 2877 920 τοῦτον
2902 867 3012 938 γὰρ
3033 869 3216 923 πολλοὶ
3252 871 3353 941 μὲν
3382 872 3608 940 ἴσχυσαν
3633 872 3749 925 δια-

2068 951 2402 1016 πλεύσαντες
2433 953 2716 1023 διαφυγεῖν
2745 955 2968 1018 ἀσινεῖς·
2999 957 3125 1027 ἐμοί
3153 957 3210 1009 δέ
3233 957 3378 1011 οὕτω
3415 957 3572 1011 τοῦτο
3597 958 3750 1028 χαλε-

2067 1040 2191 1104 πὸν,
2221 1041 2297 1103 ὼς
2326 1041 2461 1112 μηδὲ
2492 1041 2608 1106 νῦν,
2628 1043 2718 1095 ὅτε
2733 1043 2962 1115 οὐδεμία
2982 1045 3050 1115 μέ
3066 1062 3153 1108 τις
3173 1045 3387 1115 ἀνάγκη
3410 1046 3544 1116 πρὸς
3569 1047 3750 1100 ἐκεῖνο

2067 1128 2200 1182 ὠθεῖ
2224 1130 2285 1182 τὸ
2314 1129 2608 1201 βάραθρον,
2641 1131 2904 1186 δύνασθαι
2943 1132 3268 1204 καθαρεύειν
3311 1133 3406 1188 τοῦ
3447 1133 3650 1189 δεινοῦ.
3683 1135 3748 1187 Εἰ

2065 1216 2123 1270 δὲ
2153 1217 2248 1270 καὶ
2273 1217 2372 1288 τὴν
2400 1219 2726 1272 ἐπιστασίαν
2753 1237 2836 1283 τις
2874 1220 3169 1291 ἐγχειρίζοι
3192 1220 3420 1290 ταύτην,
3462 1224 3749 1292 μονονουχὶ

2065 1304 2234 1376 δήσας
2257 1305 2432 1358 ὀπίσω
2462 1305 2539 1359 τὼ
2561 1309 2730 1377 χεῖρε,
2755 1307 3069 1378 παραδώσει
3094 1309 3207 1371 τοῖς
3234 1310 3292 1361 ἐν
3315 1308 3506 1379 ἐκείνῳ
3524 1308 3603 1378 τῷ
3625 1326 3752 1362 σκο-

2069 1392 2216 1463 πέλῳ
2233 1391 2548 1446 κατοικοῦσι
2575 1393 2786 1464 θηρίοις
2809 1394 2932 1447 καθ’
2954 1394 3192 1465 ἑκάστην
3211 1412 3276 1465 με
3298 1395 3630 1466 σπαράττειν
3647 1397 3749 1467 τὴν

2067 1481 2301 1552 ἡμέραν.
2338 1480 2472 1533 Τίνα
2495 1480 2551 1534 δέ
2584 1482 2701 1534 ἐστι
2727 1482 2795 1536 τὰ
2823 1481 3248 1552 θηρίαῂΘυμὸς,
3271 1482 3496 1552 ἀθυμία,
3529 1482 3746 1551 φθόνος,

2067 1568 2204 1639 ἔρις,
2241 1568 2505 1635 διαϐολαὶ,
2541 1573 2892 1642 κατηγορίαι,
2921 1569 3145 1638 ψεῦδος,
3177 1569 3489 1641 ὑπόκρισις,
3521 1571 3750 1623 ἐπιϐου-

2067 1655 2175 1717 λαὶ,
2201 1657 2361 1728 ὀργαὶ
2391 1657 2532 1709 κατά
2565 1667 2589 1695 θ
2631 1658 2740 1710 τῶν
2790 1657 3131 1727 ἠδικηκότων
3182 1658 3358 1721 οὐδὲν,
3413 1658 3600 1728 ήδονα⁸ι
3653 1662 3750 1713 ἐπὶ

2066 1747 2187 1809 ταῖς
2213 1744 2321 1799 τῶν
2351 1743 2808 1815 λειτουργούντων
2825 1743 3258 1815 ἀσχημοσύναις,
3286 1744 3482 1809 πένθος
3505 1747 3598 1799 ἐπὶ
3627 1749 3747 1809 ταῖς

2067 1832 2407 1903 εὐημερίαις,
2448 1831 2687 1884 ἐπαίνων
2743 1831 2901 1904 ἐρως,
2937 1831 3103 1902 τιμῆς
3155 1831 3322 1895 πόθος
3377 1832 3559 1902 (τοῦτο
3588 1834 3748 1905 δήτὸ

2070 1921 2303 1991 μάλιστα
2325 1920 2543 1974 πάντων
2576 1919 2675 1990 τὴν
2709 1920 3055 1991 ἀνθρωπείαν
3089 1920 3480 1992 ἐκτραχηλίζον
3501 1922 3705 1992 ψυχὴν)
3727 1963 3745 1986 ,

2065 2010 2406 2064 διδασκαλίαι
2463 2009 2600 2082 πρὸς
2657 2011 2871 2081 ἡδονὴν,
2909 2010 3253 2082 ἀνελεύθεροι
3305 2010 3608 2073 κολακεῖαι,
3643 2012 3749 2063 θω-

2066 2102 2218 2152 πεῖαι
2278 2101 2559 2168 ἀγεννεῖς,
2621 2100 3063 2171 καταφρονήσεις
3123 2100 3399 2170 πενήτων,
3455 2099 3748 2170 θεραπεῖαι

2067 2187 2360 2251 πλουσίων,
2396 2188 2671 2257 ἀλόγιστοι
2699 2187 2858 2258 τιμαὶ
2889 2188 2983 2240 καὶ
3015 2187 3350 2250 ἐπιϐλαϐεῖς,
3386 2187 3610 2258 χάριτες
3634 2187 3749 2241 κίν-

2065 2275 2217 2330 δυνον
2250 2276 2518 2345 φέρουσαι
2557 2277 2651 2328 καὶ
2686 2278 2799 2339 τοῖς
2846 2275 3149 2346 παρέχουσι
3178 2276 3409 2340 καὶτοῖς
3434 2277 3750 2348 δεχομένοις

2066 2364 2256 2429 αὑτάς,
2294 2363 2456 2433 φόϐος
2503 2365 2898 2436 δουλοπρεπὴς,
2951 2365 3044 2418 καὶ
3091 2368 3203 2429 τοῖς
3248 2366 3610 2434 φαυλοτάτοις
3639 2365 3748 2418 τῶν

2066 2453 2412 2524 ἀνδραπόδων
2455 2454 2750 2525 προσήκων
2788 2453 2992 2524 μόνοις,
3051 2454 3369 2525 παρρησίας
3420 2455 3745 2524 ἀναίρεσις,

2064 2544 2565 2615 ταπεινοφροσύνης
2594 2545 2656 2597 τὸ
2692 2545 2791 2615 μὲν
2828 2545 3014 2615 σχῆμα
3048 2545 3206 2609 πολὺ,
3245 2547 3277 2617 ή
3309 2545 3536 2616 ἀλήθεια
3561 2546 3620 2598 δὲ
3658 2546 3750 2597 ob-

2065 2637 2261 2708 δαμοῦ,
2296 2637 2506 2708 ἔλεγχοι
2549 2640 2606 2692 δὲ
2664 2637 2910 2692 ἐκποδὼν
2967 2641 3063 2692 καὶ
3116 2639 3485 2710 ἐπιτιμήσεις,
3543 2637 3751 2709 μᾶλλον

2065 2726 2121 2780 δέ
2151 2725 2292 2780 κατὰ
2321 2727 2420 2797 μὲν
2442 2728 2550 2781 τῶν
2577 2727 2850 2782 ταπεινῶν
2883 2726 2978 2780 καὶ
3019 2727 3162 2798 πέρα
3197 2727 3292 2779 τοῦ
3319 2726 3540 2797 μέτρου,
3576 2728 3672 2778 ἐπὶ
3694 2725 3750 2777 δὲ

2065 2815 2174 2868 τῶν
2237 2816 2557 2870 δυναστείαν
2614 2815 3098 2887 περιϐεϐλημένων
3149 2815 3273 2870 οὑδέ
3321 2816 3507 2887 διᾶραί
3550 2833 3637 2878 τις
3683 2815 3752 2866 τά

2066 2905 2222 2975 χείλη
2243 2905 2436 2977 τολμᾷ.
2457 2903 2642 2959 Ταῦτα
2660 2905 2770 2976 γὰρ
2792 2905 3034 2970 ἅπαντα,
3055 2906 3149 2958 καὶ
3173 2905 3242 2958 τά
3263 2903 3468 2958 τούτων
3499 2904 3752 2969 πλείονα,

2066 2994 2094 3044 ὁ
2128 2993 2392 3056 σκόπελος
2412 2994 2621 3056 ἐκεῖνος
2644 2993 2834 3064 τρέφει
2857 2993 3042 3065 θηρία,
3075 2989 3158 3057 οἷς
3183 2994 3311 3056 τοὺς
3337 2991 3487 3056 ἅπαξ
3514 2991 3752 3054 ἁλόντας

2066 3081 2146 3143 εἰς
2174 3081 2424 3135 τοσοῦτον
2459 3081 2673 3153 ἀνάγκη
2705 3081 3139 3152 καθελκυσθῆναι
3167 3081 3431 3146 δουλείας,
3453 3081 3529 3143 ὡς
3550 3081 3649 3132 καὶ
3669 3081 3752 3142 εἰς

2066 3168 2342 3238 γυναικῶν
2376 3168 2672 3241 ἀρέσκειαν
2721 3169 2984 3241 πράττειν
3013 3169 3186 3222 πολλά
3225 3169 3507 3233 πολλάκις,
3539 3168 3578 3223 ὃ.
3607 3169 3752 3240 μηδὲ

2067 3259 2240 3310 εἰπεῖν
2273 3257 2457 3310 καλόν.
2504 3257 2562 3310 '0
2610 3257 2708 3328 μὲν
2756 3257 2867 3328 γὰρ
2915 3257 3056 3321 θεῖος
3101 3256 3267 3328 νόμος
3320 3257 3492 3320 αὑτὰς
3539 3257 3753 3327 ταύτης

2067 3344 2266 3413 ἐξέωσε
2302 3346 2402 3416 τῆς
2434 3344 2794 3416 λειτουργίας,
2824 3344 2975 3418 [⁸587]
3030 3347 3234 3400 ἐκεῖναι
3289 3345 3348 3398 δὲ
3388 3345 3588 3408 ἐαυτάς
3618 3345 3756 3396 εἴσω

2067 3431 2240 3486 θεῖναι
2275 3431 2572 3503 βιάζονται.
2606 3434 2717 3487 Καὶ
2738 3435 2926 3504 ἐπειδὴ
2959 3434 3027 3487 δι’
3054 3434 3265 3488 ἐαυτῶν
3297 3433 3571 3504 ἰσχύουσιν
3606 3431 3625 3470 ί
3656 3431 3754 3484 οὺ-

2067 3519 2177 3585 δέν,
2205 3520 2270 3573 δι’
2297 3521 2501 3591 ἐτέρων
2537 3521 2755 3575 ἅπαντα
2790 3522 3114 3592 πράττουσι·
3165 3523 3259 3574 καὶ
3297 3519 3567 3591 τοσαύτην
3591 3537 3755 3592 mp:-

2069 3615 2358 3688 ϐέϐληνται
2385 3617 2634 3688 δύναμιν,
2670 3618 2751 3685 ,ὡς
2803 3617 2913 3671 τῶν
2967 3619 3157 3690 ἱερέων
3206 3621 3300 3673 καὶ
3345 3619 3624 3690 ἐγκρίνειν
3657 3617 3757 3670 καὶ

2069 3709 2352 3764 ἐκϐάλλειν
2377 3710 2471 3774 οὓς
2498 3711 2563 3765 ἂν
2592 3710 2838 3764 ἐθέλωσιο
2889 3714 2982 3765 καὶ
3011 3711 3080 3765 τὰ
3108 3713 3220 3768 ἀνω
3274 3713 3445 3773 κάτω,
3485 3709 3648 3764 τοῦτο
3688 3709 3757 3781 δὴ

2068 3799 2255 3870 τὸτῆς
2314 3799 2614 3870 παροιμίας
2659 3799 2948 3870 λεγόμενον
3009 3799 3158 3854 ἐστιν
3211 3801 3338 3854 ἰδεῖν
3383 3800 3754 3871 γιγνόμενον,

2070 3887 2209 3950 Τοὺς
2247 3887 2514 3957 ἄρχοντας
2567 3885 2788 3956 ἄγουσιν
2820 3889 2868 3941 οἰ
2903 3887 3219 3959 ἀρχόμενον
3255 3888 3348 3940 καὶ
3378 3885 3491 3940 εἴθε
3524 3887 3627 3957 μὲν
3656 3887 3756 3941 ἆν-

2069 3973 2212 4045 δρες,
2244 3974 2358 4028 ἀλλ’
2388 3971 2476 4038 αἷς
2501 3973 2624 4027 ούδέ
2651 3975 2923 4029 διδάσκειν
2953 3977 3372 4046 ἐπιτέτραπται.
3399 3976 3465 4028 Τί
3494 3975 3641 4044 λέγω
3674 3975 3760 4028 δι-

2068 4063 2324 4126 δάσκειν;
2354 4061 2473 4114 οὐδὲ
2506 4061 2686 4115 λαλεῖν
2718 4063 2816 4130 μὲν
2841 4059 2932 4114 οὖν
2961 4064 3151 4124 αὑταῖς
3181 4067 3238 4117 ἐν
3271 4064 3571 4134 Ἐκκλησία
3627 4080 3760 4117 συν-

2071 4151 2400 4223 εχώρησενό
2455 4150 2722 4223 μακάριος
2780 4151 3011 4216 Παῦλος.
3053 4151 3194 4219 Ἐγὼ
3239 4151 3296 4204 δέ
3343 4170 3488 4216 τινος
3539 4142 3763 4226 ἥκουσα

2070 4239 2338 4308 λέγοντος,
2360 4239 2441 4292 ὅτι
2463 4240 2559 4294 καί
2583 4239 2853 4309 τοσαύτης
2882 4240 3070 4303 αὑταῖς
3104 4240 3413 4310 μετέδωκαν
3464 4243 3490 4280 ε
3528 4245 3760 4314 παρρη-

2073 4331 2214 4394 σίας,
2242 4329 2317 4393 ὼς
2347 4329 2441 4383 καὶ
2467 4330 2727 4401 ἐπιτιμᾷν
2758 4332 2871 4392 τοῖς
2899 4329 3007 4381 τῶν
3045 4330 3378 4401 Ἐκκλησιῶν
3416 4332 3759 4403 προεστῶσι,

2071 4422 2167 4474 καὶ
2195 4420 2573 4474 καθάπτεσθαι
2604 4421 2928 4493 πικρότερον
2961 4421 3204 4486 ἐκείνων,
3237 4422 3270 4494 ἢ
3301 4423 3410 4477 τῶν
3435 4423 3581 4477 ἰδίων
3604 4425 3762 4478 οἰκε-

2069 4511 2180 4564 τῶν
2200 4513 2248 4564 οἰ
2277 4510 2552 4564 δεσπόται.

2147 4605 2197 4652 ι’.
2226 4599 2336 4652 Καὶ
2367 4599 2440 4668 μή
2467 4598 2535 4668 μέ
2551 4615 2636 4662 τις
2654 4597 2849 4652 οἰέσθω
2882 4598 3090 4662 πάντας
3122 4601 3242 4663 ταῖς
3268 4600 3588 4671 εἰρημέναις
3620 4601 3770 4656 ὑπο-

2073 4685 2292 4740 ϐάλλειν
2321 4685 2545 4750 αἰτίαις·
2577 4686 2687 4738 εἰσὶ
2729 4685 2858 4756 γὰρ,
2903 4687 3010 4739 εἰσὶ
3037 4686 3220 4740 πολλοὶ
3258 4688 3308 4739 οἰ
3342 4687 3548 4741 τούτων
3578 4689 3769 4761 ὑπερ-

2074 4774 2387 4845 ενεχθέντες
2410 4773 2518 4828 τῶν
2543 4772 2799 4837 δικτύων,
2825 4774 3043 4827 καὶτῶν
3072 4775 3310 4828 ἁλόντων
3334 4774 3570 4836 πλείους.
3611 4777 3766 4832 Ἀλλ’

2073 4864 2195 4917 ούδέ
2238 4863 2338 4935 τὴν
2384 4862 2684 4935 ἱερωσύνην
2723 4864 3030 4933 αίτιάσαιμι
3067 4863 3135 4916 ἂν
3161 4863 3368 4918 τούτων
3399 4863 3508 4917 τῶν
3539 4865 3768 4930 κακῶν,

2078 4954 2288 5023 μήποτε
2317 4950 2459 5004 οὕτω
2488 4950 2715 5021 μανείην
2741 4949 2883 5019 ἐγώί
2917 4948 3056 5004 Οὔτε
3109 4951 3219 5022 γὰρ
3263 4950 3355 5003 τὸν
3384 4951 3605 5023 σίδηρον
3644 4955 3771 5007 τῶν

2075 5041 2272 5109 φόνων,
2303 5037 2428 5092 οὔτε
2459 5039 2552 5092 τὸν
2590 5034 2730 5092 οἶνον
2762 5038 2863 5109 τῆς
2893 5037 3083 5109 μέθης,
3124 5037 3248 5090 οὔτε
3290 5037 3388 5109 τὴν
3419 5037 3612 5111 ῥώμην
3651 5041 3770 5113 τῆς

2075 5126 2306 5198 ὕϐρεως,
2356 5125 2481 5180 οὔτε
2527 5125 2624 5197 τὴν
2665 5125 2916 5196 ἀνδρείαν
2959 5125 3061 5194 τῆς
3103 5125 3297 5195 ἀλόγου
3339 5126 3568 5197 τόλμης,
3617 5128 3772 5183 ἀλλὰ

2073 5215 2199 5278 τοὺς
2227 5215 2326 5267 οὐκ
2352 5216 2430 5277 είς
2460 5214 2579 5267 δέον
2611 5213 2926 5284 χρωμένους
2961 5217 3081 5276 ταῖς
3115 5214 3267 5286 παρὰ
3294 5215 3389 5268 τοῦ
3426 5214 3564 5268 Θεοῦ
3612 5215 3768 5272 δεδο-

2077 5303 2268 5374 μέναις
2313 5303 2544 5373 δωρεαῖς
2577 5302 2818 5366 ἅπαντες
2861 5306 2910 5356 οῖ
2945 5303 3069 5356 νοῦν
3111 5303 3327 5373 ἔχοντες
3375 5304 3586 5366 αἰτίους
3615 5299 3774 5361 εἶναι

2075 5410 2209 5462 φασι
2247 5393 2341 5446 καὶ
2369 5391 2706 5456 κολάζουσιν.
2760 5393 2913 5446 Ἐπεὶ
2945 5393 3066 5464 ἦγε
3095 5392 3365 5462 ἱερωσύνη
3396 5393 3491 5446 καί
3521 5393 3772 5462 ἐγκαλέ-

2137 5548 2164 5614 (ξ
2301 5550 2627 5614 ταραττόντων
2646 5550 2887 5614 κυμάτων.

2053 5639 2056 5642 ’
2142 5609 2747 5692 ῒθεξίηέτξιξοιδὶςὶιξῦιὲῑ
2766 5611 3040 5692 μειξὲτὲἲςπ
3065 5609 3214 5672 τιιίίιυί
3248 5610 3770 5674 συλλειτονργσθντωνε

2143 5669 2161 5707 ί
2188 5674 2352 5734 Αἰξί]ιεὶ
2378 5674 2437 5720 δι’
2458 5674 2639 5734 ἑαυτῶν
2659 5669 2778 5727 ἴσως
2804 5673 3040 5734 ἰσχύουσι.

2139 5734 2162 5770 Β
2185 5733 2266 5781 Sic
2285 5736 2434 5784 Saxil.
2461 5733 2607 5796 Vulg.
2628 5733 2883 5796 μετέδωκε.
2909 5734 3045 5783 lion.
