3890 6220
239 375 249 407 ι
288 332 393 389 σκιδ

288 447 453 501 Nemo
479 444 746 500 Christum
773 446 939 518 magis
962 461 1118 517 quam
1138 447 1332 503 Paulus
1352 448 1555 516 dilexit,
1579 466 1734 505 nemo
1758 466 1868 505 ma-

284 540 372 607 jus
396 553 551 607 quam
593 538 683 592 ille
721 539 951 594 studium
982 539 1252 608 exhibuit,
1285 556 1442 596 nemo
1482 542 1680 612 majore
1707 544 1874 613 gratia

288 629 535 695 dignatus
580 638 680 682 est.
723 630 970 685 Attamen
1024 639 1102 684 tot
1146 630 1311 687 fultus
1353 632 1622 702 praeclaris
1663 633 1875 688 dotibus

291 720 467 775 adhuc
514 720 734 775 timebat
781 722 1166 793 tremebatque,
1201 733 1310 778 tum
1342 724 1667 794 principatus
1694 724 1878 793 hujus-

295 812 461 877 modi,
493 822 602 867 turn
631 812 963 868 subditorum
989 830 1147 869 causa
1172 833 1184 868 :
1215 813 1385 869 Timeo
1408 815 1576 878 enim,
1605 815 1791 884 inquit,
1819 832 1879 868 ne

291 904 420 956 sicut
445 918 653 973 serpens
674 902 836 958 Evam
854 905 1054 959 seduxit
1075 907 1264 959 astutia
1292 922 1385 960 sua
1403 947 1417 971 ,
1451 907 1521 960 ita
1544 923 1878 976 corrumpan-

295 1003 377 1047 tur
411 1010 588 1049 sensus
629 996 780 1049 uestri
823 1012 855 1048 ιι
891 996 1247 1066 simplicitate,
1297 1013 1411 1067 quae
1460 1007 1532 1051 est
1581 997 1636 1050 in
1683 996 1881 1052 Christo

298 1083 398 1155 (2.
427 1083 546 1139 Cor.
578 1085 665 1140 11.
698 1086 773 1157 5)
806 1103 820 1140 :
850 1101 913 1140 ac
954 1101 1164 1142 rursum
1195 1104 1208 1139 :
1243 1085 1308 1141 In
1352 1088 1529 1142 timore
1576 1096 1626 1141 et
1672 1097 1883 1143 tremore

296 1176 459 1231 multo
488 1180 653 1248 factus
674 1195 787 1231 sum
813 1178 881 1231 ad
902 1193 988 1232 vos
1017 1176 1103 1251 (1.
1133 1177 1251 1235 Cor.
1280 1178 1335 1232 2.
1365 1180 1437 1249 5)
1464 1197 1477 1233 :
1506 1178 1667 1235 homo
1694 1179 1744 1232 in
1772 1188 1882 1233 ter-

304 1262 441 1317 tium
464 1263 655 1317 caelum
679 1271 869 1334 raptus
905 1272 1069 1335 atque
1094 1268 1314 1323 arcanis
1338 1265 1435 1323 Dei
1467 1268 1880 1324 communicatis

304 1350 384 1423 (2
406 1352 533 1408 Cor.
563 1355 649 1408 l2.
678 1353 731 1422 2)
752 1388 769 1421 ,
807 1364 991 1425 totque
1018 1372 1314 1428 perpessus
1344 1367 1573 1425 mortes,
1605 1367 1737 1429 quot
1761 1359 1878 1413 dies

304 1453 431 1515 post
466 1451 776 1513 susceptam
812 1444 971 1499 fidem
1007 1447 1217 1501 vixerat
1248 1463 1262 1499 :
1300 1447 1463 1503 homo
1497 1448 1592 1518 qui
1622 1449 1747 1503 data
1786 1455 1881 1517 per

300 1537 571 1593 Christum
621 1546 883 1608 potestate
923 1540 997 1593 uti
1042 1540 1242 1605 noluit,
1290 1556 1357 1594 ne
1399 1542 1518 1608 quis
1555 1542 1883 1594 credentium

306 1631 779 1684 scandalizaretur.
807 1630 861 1686 Si
884 1631 1042 1701 igitttr
1064 1631 1171 1697 ille,
1196 1632 1284 1701 qui
1311 1632 1533 1700 majora,
1565 1647 1720 1701 quam
1745 1647 1886 1701 prae-

303 1731 455 1792 cepta
488 1723 581 1777 Dei
603 1725 619 1755 ¹
651 1722 867 1786 ferrent,
894 1733 1192 1794 priestaret,
1238 1735 1292 1780 et
1337 1734 1594 1796 nusquam
1639 1740 1758 1794 quae
1791 1741 1883 1779 sua

303 1823 455 1869 erant
478 1824 776 1884 quaereret,
806 1815 902 1871 sed
934 1830 1051 1885 quze
1076 1815 1405 1870 subditorqu
1427 1857 1441 1881 ,
1472 1816 1543 1869 ita
1581 1814 1889 1870 formidolo-

304 1922 394 1961 sus
422 1916 569 1969 erat,
597 1922 717 1961 cum
747 1906 814 1961 ad
843 1906 1169 1978 principatus
1199 1906 1617 1977 magnitudinem
1649 1907 1887 1976 respice-

306 2008 417 2066 ret,
445 1997 571 2067 quid
602 1998 861 2053 faciemus
891 2013 989 2053 nos
1012 2041 1028 2063 ,
1056 1998 1145 2068 qui
1182 2008 1326 2068 saepe
1351 2007 1534 2052 nostra
1562 1997 1850 2067 quzerinms
1870 2036 1886 2060 ,

306 2091 393 2160 qui
424 2090 619 2145 Christi
652 2088 897 2143 mandata
925 2104 1029 2143 non
1070 2088 1241 2142 solum
1272 2104 1378 2142 non
1412 2097 1763 2156 superamus,
1797 2085 1889 2139 sed

307 2180 490 2249 majori
518 2195 583 2235 ex
616 2188 763 2249 parte
792 2177 1246 2248 transgredimur?
1281 2178 1407 2243 Quis
1451 2177 1761 2245 inﬁrmatur,
1809 2176 1891 2229 itt—

308 2272 454 2340 quit,
487 2280 532 2324 et
570 2288 659 2341 ego
686 2286 787 2324 non
816 2269 1092 2339 inﬁrmor.’
1134 2270 1245 2339 quis
1286 2268 1682 2331 scandalizatur,
1710 2277 1756 2320 et
1799 2281 1890 2336 ego

308 2378 409 2415 non
428 2377 549 2416 uror
577 2361 653 2432 (2.
686 2361 803 2416 Cor.
832 2363 917 2417 11.
944 2362 1040 2432 29)
1059 2361 1082 2413 τ
1102 2360 1285 2415 Talem
1315 2374 1435 2416 esse
1463 2366 1673 2428 oportet
1698 2372 1883 2413 sacer-

309 2453 487 2508 dotem
509 2494 524 2519 ,
557 2453 664 2507 imo
690 2467 793 2507 non
822 2452 981 2507 talem
1012 2450 1348 2506 solummodo
1374 2467 1387 2504 :
1416 2463 1576 2520 parva
1603 2447 1746 2503 enim
1776 2446 1893 2501 haec

314 2552 457 2609 sunt,
485 2544 591 2597 imo
616 2542 750 2597 nihil
771 2542 854 2598 his
877 2551 1201 2612 comparata,
1224 2558 1342 2612 qua:
1361 2541 1471 2613 jam
1497 2540 1734 2595 dicturus
1750 2554 1889 2593 sum.

312 2634 565 2703 Quaenam
596 2634 747 2690 hac?
778 2633 1049 2704 Optabam,
1083 2633 1175 2698 ait,
1204 2634 1473 2686 anathema
1497 2647 1602 2685 esse
1633 2647 1664 2683 a
1692 2628 1892 2685 Christo

315 2740 409 2795 pro
437 2725 678 2793 fratribus
705 2724 848 2790 meis,
878 2725 962 2794 qui
986 2732 1101 2777 sunt
1129 2722 1330 2792 cognati
1364 2723 1459 2775 mei
1482 2723 1754 2775 secundant
1781 2735 1895 2773 car-

313 2832 428 2870 nem
449 2816 624 2889 (Rom.
649 2815 703 2871 9.
727 2816 806 2885 5).
838 2812 893 2870 Si
920 2814 1039 2885 quis
1065 2814 1233 2884 possit
1258 2815 1393 2867 hanc
1419 2816 1663 2867 emittere
1684 2824 1888 2875 vocem,

316 2906 363 2961 si
390 2906 510 2977 quis
534 2920 597 2961 ea
625 2906 879 2976 praeditus
905 2906 973 2960 sit
1001 2906 1197 2969 anima,
1229 2920 1347 2974 quae
1375 2902 1443 2957 ad
1469 2901 1768 2972 hujusmodi
1795 2917 1891 2957 vo-

320 3004 430 3049 tum
458 2995 716 3050 accedere
745 2994 939 3064 possit,
970 2993 1016 3049 is
1036 2994 1157 3064 jure
1182 2992 1346 3063 possit
1371 2992 1519 3062 argui
1546 2992 1591 3045 si
1618 2991 1799 3061 fugiat.
1824 2994 1895 3046 At

316 3086 361 3143 si
392 3087 511 3156 quis
541 3096 742 3142 tantum
768 3086 835 3141 ab
860 3086 960 3142 hac
988 3086 1183 3141 virtute
1221 3095 1457 3140 remotus
1498 3085 1600 3150 sit,
1638 3093 1893 3154 quantum

318 3195 416 3234 nos
442 3194 656 3246 sumus,
691 3194 795 3234 non
819 3194 942 3234 cum
969 3178 1194 3248 fugerit,
1223 3177 1316 3232 sed
1343 3191 1463 3230 cum
1497 3190 1690 3229 nmnus
1716 3191 1897 3230 susce-

316 3272 487 3342 perit,
520 3272 643 3327 odio
671 3271 863 3341 dignus
891 3280 990 3325 est.
1020 3269 1203 3340 Neque
1240 3269 1381 3323 enim
1421 3268 1465 3321 si
1509 3284 1609 3336 qua
1654 3267 1898 3322 militaris

316 3364 588 3434 dignitatis
614 3364 804 3418 electio
847 3371 1255 3433 proponeretur,
1287 3369 1341 3415 et
1366 3360 1397 3413 ii
1425 3359 1615 3429 quibus
1645 3358 1750 3413 tale
1777 3372 1898 3412 tnu-

320 3470 422 3509 nus
448 3455 719 3510 deferendi
751 3464 989 3525 potestas
1016 3454 1367 3516 incumberet,
1396 3450 1603 3506 fabrum
1628 3451 1893 3517 mrarium,

318 3555 413 3600 aut
435 3547 738 3610 coriariurn,
770 3556 864 3600 aut
890 3545 1118 3599 similem
1146 3543 1401 3599 artificem
1432 3542 1485 3596 in
1512 3541 1743 3596 medium
1776 3551 1901 3613 per-

320 3648 543 3693 tractum
574 3638 830 3693 exercitui
856 3638 1197 3709 praelicercnt
1216 3676 1232 3702 ,
1271 3635 1435 3689 miser
1463 3633 1549 3688 ille
1572 3632 1896 3699 laudaretur,

318 3732 363 3786 si
395 3746 498 3784 non
531 3730 754 3799 fugeret,
781 3744 881 3785 nec
908 3729 1090 3784 omnia
1117 3737 1299 3798 ageret
1325 3736 1381 3781 ut
1409 3742 1515 3781 non
1541 3726 1674 3780 sein
1701 3725 1899 3779 malum

322 3823 606 3876 imminens
632 3821 940 3890 conjiceret.
970 3820 1102 3875 Nam
1140 3820 1185 3874 si
1216 3820 1345 3873 satis
1386 3827 1468 3872 cst
1508 3826 1775 3886 pastorem
1805 3832 1899 3869 vo-

324 3913 468 3979 cari,
498 3923 552 3967 et
582 3927 776 3967 munus
803 3921 1088 3981 utcumque
1116 3911 1385 3981 accipere,
1415 3910 1725 3979 nullumque
1763 3908 1903 3962 adsit

329 4004 616 4072 periculum
643 4044 659 4070 ,
690 4004 862 4073 quivis
888 4019 984 4073 pro
1012 4002 1177 4056 lubito
1206 4017 1303 4055 nos
1334 4001 1505 4055 inanis
1530 4000 1710 4070 gloria:
1748 4012 1905 4053 accu-

326 4105 441 4159 set;
471 4097 552 4150 sin
584 4110 772 4165 magna
800 4095 1099 4164 prudentia,
1130 4095 1175 4148 si
1201 4104 1324 4147 ante
1356 4092 1686 4162 prudentiam
1712 4104 1901 4160 magna

327 4188 417 4241 Dei
442 4186 645 4256 gratia.
676 4201 883 4239 morum
909 4184 1175 4254 probitas,
1219 4184 1339 4237 vita:
1372 4183 1612 4252 puritas,
1654 4191 1709 4237 et
1737 4182 1905 4251 major

325 4277 553 4331 humana
586 4277 751 4331 virtus
776 4276 1065 4347 requiritur
1088 4276 1140 4331 in
1168 4275 1279 4342 illo,
1320 4283 1371 4330 et
1411 4277 1501 4345 qui
1541 4274 1698 4329 talem
1722 4288 1903 4328 curam

324 4368 545 4436 suscipit
573 4385 585 4420 :
620 4383 688 4422 ne
713 4382 799 4423 me
828 4368 985 4423 venia
1028 4367 1288 4437 privatum
1320 4367 1451 4421 velis
1471 4406 1487 4433 ,
1519 4366 1563 4421 si
1604 4365 1801 4420 frustra
1840 4378 1905 4419 ac

327 4468 529 4514 temere
554 4474 639 4513 me
665 4459 717 4513 in
744 4459 1029 4528 perniciem
1068 4458 1197 4513 dare
1222 4459 1405 4512 nolim.
1449 4458 1657 4511 Etenim
1700 4457 1744 4510 si
1788 4456 1906 4525 quis

328 4565 517 4605 navem
546 4550 746 4605 ducens
771 4550 1062 4604 innumeris
1086 4557 1329 4603 onustam
1361 4547 1655 4614 mercibus,
1694 4547 1907 4616 remigi-

329 4641 531 4711 busque
558 4642 788 4711 plenam,
815 4657 900 4695 me
926 4640 991 4694 ad
1016 4640 1370 4711 gubernacula
1393 4640 1735 4693 constitutum
1752 4638 1908 4706 jube-

328 4743 412 4789 ret
438 4732 679 4803 Egmum
701 4732 1104 4806 Tyrrhenumve
1130 4746 1275 4786 mare
1304 4731 1566 4799 trajicere,
1590 4730 1655 4784 ad
1677 4730 1903 4799 prinutm

330 4826 409 4879 rei
436 4826 672 4879 auditum
700 4825 961 4879 resilirem
987 4842 1000 4877 :
1028 4839 1091 4877 ac
1117 4824 1161 4877 si
1191 4824 1310 4892 quis
1333 4838 1546 4877 causam
1571 4831 1799 4892 rogaret,
1824 4836 1909 4875 me

330 4930 518 4969 navem
546 4916 945 4969 submersurum
973 4912 1373 4983 responderem.
1401 4911 1545 4966 Itane
1567 4912 1652 4965 uhi
1674 4911 1909 4981 pecuniae

331 5015 535 5061 tantum
563 5006 768 5076 jactura
798 5007 1035 5071 timetur,
1068 5016 1169 5059 nec
1195 5004 1296 5059 nisi
1321 5018 1590 5073 corporea:
1612 5003 1797 5057 mortis
1820 5017 1912 5073 pe-

330 5098 557 5153 riculum
604 5106 720 5163 est,
770 5113 928 5153 nemo
974 5109 1158 5167 arguet
1192 5097 1238 5151 si
1276 5096 1396 5166 quis
1438 5112 1626 5164 magna
1667 5096 1912 5149 cautione

331 5199 543 5255 utatur;
571 5190 661 5243 ubi
695 5199 872 5245 autem
903 5189 1173 5258 naufragis
1202 5203 1306 5242 non
1338 5189 1388 5241 in
1418 5188 1517 5241 hoc
1549 5188 1764 5257 pelagus
1794 5203 1915 5242 cor-

329 5281 615 5347 ruendum,
634 5282 727 5337 sed
750 5283 801 5335 in
824 5282 1072 5353 abyssum
1095 5282 1228 5351 ignis
1248 5280 1541 5335 cadendum
1566 5292 1666 5348 est,
1690 5292 1743 5336 et
1770 5297 1911 5336 mors

332 5374 690 5442 exspectanda
710 5413 727 5440 ,
774 5390 879 5427 non
922 5390 1042 5442 qua:
1079 5373 1309 5426 animam
1337 5386 1365 5425 a
1392 5386 1644 5441 corpore,
1673 5373 1766 5426 sed
1794 5386 1912 5441 qua:

337 5465 476 5519 hanc
499 5480 620 5519 cum
652 5465 744 5520 illo
772 5466 823 5519 in
850 5464 1164 5535 supplicium
1206 5473 1463 5518 aeternum
1503 5463 1779 5533 conjiciat,
1803 5462 1912 5533 jam

335 5556 460 5622 quia
502 5569 607 5609 non
652 5563 855 5610 temere
882 5556 934 5608 in
966 5563 1168 5608 tantum
1198 5568 1296 5608 nos
1327 5554 1523 5608 malum
1560 5554 1912 5626 praccipitavi-

337 5662 480 5709 tuus,
510 5646 807 5701 irascemini
840 5661 1040 5716 nosque
1062 5644 1186 5700 odio
1210 5643 1505 5700 habebitis?

408 5782 424 5801 '
465 5780 566 5839 alii,
592 5779 784 5831 (hri-ti.

1453 332 1541 393 DE
1571 331 2017 397 SACEllDOTlO.
2061 333 2185 396 [ΛΒ.
2230 329 2314 394 Ill.

3451 338 3553 393 646

2062 452 2114 506 8.
2149 452 2301 523 Sa’pe
2327 452 2633 506 sacerdotem
2658 469 2892 523 peccare,
2922 454 3019 506 nisi
3047 453 3166 521 forti
3196 452 3259 505 sit
3282 456 3471 505 animo.
3492 480 3560 492 ⁸--

1982 544 2134 597 Absit
2153 559 2333 612 qmeso
2349 552 2403 598 et
2420 544 2662 599 obsecro.
2686 542 2818 597 Novi
2835 544 3063 597 animant
3086 558 3276 605 nteant,
3297 542 3559 597 infirmant

1984 634 2126 689 illam
2153 644 2206 689 et
2232 635 2501 705 exiguam,
2531 650 2738 689 necnon
2769 636 3034 704 ingentem
3060 632 3140 687 rei
3165 631 3560 687 difficultatem.

1982 723 2209 793 Major-cs
2234 740 2361 779 sane
2388 724 2579 779 ﬂuctus
2602 725 2685 789 iis,
2713 740 2847 795 quos
2878 726 2928 779 in
2959 726 3092 779 mari
3121 723 3356 779 excitant
3381 726 3553 790 venti,

1986 816 2282 870 sacerdotis
2302 818 2535 871 animum
2566 818 2915 891 concutiunt._

2056 906 2108 961 9.
2141 904 2294 982 νέηται
2320 905 2495 974 gloria:
2524 906 3111 975 periculum.-—Primtts
3131 915 3307 960 autem
3328 906 3565 961 omnium

1985 1006 2068 1049 est
2099 996 2401 1050 teterrimus
2440 996 2529 1050 ille
2581 1012 2729 1049 vana:
2757 996 2942 1065 gloria:
2972 996 3216 1064 spiritus,
3247 996 3400 1065 longe
3430 995 3568 1049 infe-

1986 1088 2116 1140 stior
2142 1087 2231 1140 illo
2255 1086 2561 1141 Sirenarum
2586 1096 2852 1156 portento,
2873 1087 3013 1155 quod
3044 1096 3211 1154 poet:e
3236 1086 3565 1155 coolingnnt.

1988 1177 2118 1232 lllud
2146 1178 2287 1232 enim
2317 1178 2463 1231 multi
2507 1177 3008 1246 prwternavigantes
3046 1162 3278 1246 eﬁugere
3320 1177 3437 1231 sine
3471 1176 3569 1229 da-

1989 1286 2114 1323 mno
2147 1278 2417 1339 poterant;
2453 1270 2581 1323 mihi
2611 1270 2682 1323 ita
2713 1271 2969 1324 molestus
2994 1269 3076 1323 hic
3105 1269 3356 1339 scopulus
3385 1278 3486 1333 est,
3513 1280 3571 1322 ut

1990 1378 2056 1416 ne
2102 1376 2242 1415 nunc
2285 1360 2533 1430 quidem,
2584 1359 2674 1414 ubi
2722 1360 2863 1415 nulla
2910 1375 2997 1413 me
3026 1360 3079 1413 in
3122 1358 3224 1413 hoc
3260 1358 3568 1413 barathrum

1988 1452 2261 1521 compellit
2288 1452 2581 1506 necessitas
2599 1492 2614 1513 ,
2644 1466 2673 1503 a
2705 1440 2845 1504 malo
2872 1435 3172 1520 ltujusmodi
3198 1450 3426 1503 evadere
3452 1465 3574 1517 pos-

1990 1547 2110 1598 sim.
2141 1544 2195 1598 Si
2226 1544 2345 1613 quis
2394 1553 2572 1598 autem
2606 1544 2743 1597 hanc
2778 1543 2908 1597 tnihi
2954 1542 3320 1612 prtefecturam
3357 1541 3569 1604 tradat,

1991 1633 2213 1705 perinde
2251 1635 2405 1689 faciat
2428 1650 2490 1689 ac
2518 1635 2564 1689 si
2594 1634 2768 1704 ligatis
2805 1651 2836 1689 a
2868 1643 3017 1703 tergo
3057 1633 3301 1688 manibus
3330 1648 3415 1687 me
3443 1631 3574 1686 feris

1992 1725 2149 1795 hujus
2207 1726 2409 1795 scopuli
2458 1727 2645 1780 incolis
2696 1726 2931 1795 quotidie
2978 1726 3320 1780 lacerandum
3373 1724 3566 1779 tradat.

1991 1817 2244 1883 Qumnam
2267 1817 2367 1870 illa:
2390 1816 2546 1870 ferat?
2573 1816 2652 1870 Ira
2672 1857 2684 1879 ,
2717 1816 2925 1869 tristitia
2949 1856 2963 1879 ,
3006 1815 3199 1869 invidia
3219 1857 3234 1879 ,
3277 1816 3571 1879 contentio,

1992 1907 2309 1972 calumnia),
2355 1906 2791 1971 criminationes,
2834 1906 3202 1972 mendacium,
3242 1906 3571 1976 hypocrisis,

1994 1997 2233 2062 insidias,
2275 1997 2407 2051 irce‘
2436 2006 2621 2051 contra
2668 1996 2797 2050 nihil
2828 1996 3117 2060 lmdentcs,
3165 1996 3462 2064 voluptates
3507 1995 3576 2050 de

1995 2085 2357 2139 ministrorum
2388 2083 2708 2154 turpitudine
2726 2126 2741 2149 ,
2767 2085 2942 2139 luctus
2966 2083 3033 2139 de
3057 2084 3439 2154 prosperitate,
3465 2084 3576 2138 lau-

1994 2173 2121 2227 dum
2146 2173 2368 2244 cupido,
2398 2173 2615 2229 honoris
2640 2173 2961 2228 desiderium
2992 2173 3009 2242 (
3036 2174 3135 2228 hoc
3167 2175 3309 2229 enim
3348 2174 3578 2229 maxime

1995 2268 2231 2322 omnium
2267 2267 2556 2322 humanum
2599 2268 2809 2339 perimit
2853 2268 3168 2337 animum),
3209 2254 3465 2322 doctrina:
3509 2256 3577 2321 ad

1996 2359 2319 2428 voluptatem
2343 2401 2358 2426 ,
2386 2359 2669 2415 illiberales
2698 2349 3058 2426 adulationes,
3091 2358 3420 2430 palpationes
3457 2374 3575 2414 sor-

1996 2449 2155 2516 didae,
2185 2451 2466 2520 despectus
2496 2462 2785 2521 pauperum
2808 2492 2823 2517 ,
2850 2452 3025 2506 cultus
3052 2451 3272 2506 divitum
3290 2492 3304 2518 ,
3348 2452 3579 2506 honores

2001 2539 2225 2595 indebiti
2260 2550 2313 2595 et
2338 2541 2601 2607 damnosi,
2625 2542 2912 2609 gratiarum
2946 2542 3250 2612 largitiones
3286 2541 3579 2611 periculum

1998 2642 2244 2687 creantes
2284 2643 2387 2688 tam
2426 2635 2769 2705 largientibus
2793 2651 2949 2706 quam
2979 2634 3388 2704 accipientibus,
3421 2636 3580 2689 timor

2000 2723 2210 2778 servilis
2261 2718 2638 2795 vilissimisquc
2679 2736 2881 2781 tantum
2928 2726 3205 2795 mancipiis
3248 2740 3578 2796 congruens,

2000 2812 2207 2872 fiduciae
2234 2817 2549 2883 eliminatio,
2584 2819 2896 2872 humilitatis
2927 2819 3133 2890 species
3159 2818 3371 2888 quidem
3394 2819 3579 2883 multa,

2000 2909 2239 2964 veritatis
2260 2910 2421 2977 nulla,
2442 2910 2696 2978 arguendi
2716 2920 2771 2964 ct
2790 2911 3094 2980 increpandi
3115 2910 3333 2964 facultas
3351 2910 3578 2975 sublata;

2002 3005 2110 3058 into
2139 3004 2314 3074 potius
2340 3014 2523 3057 contra
2551 3003 2736 3072 inopes
2776 3002 2913 3057 ultra
2952 3016 3256 3057 mensuram
3282 3042 3297 3065 ,
3327 3001 3583 3058 adversus

2001 3103 2177 3151 autem
2207 3094 2494 3163 optimates
2524 3108 2592 3149 ne
2622 3094 2829 3149 hiscere
2855 3093 3073 3163 quidem
3102 3094 3378 3163 quisquam
3399 3093 3580 3149 audet.

2005 3186 2129 3241 llzec
2158 3187 2353 3257 quippe
2381 3187 2558 3242 omnia
2589 3195 2643 3241 et
2670 3173 2861 3240 horum
2892 3185 3043 3255 plura
3079 3185 3174 3239 alit
3211 3185 3460 3255 scopulus
3495 3186 3584 3242 ille

2004 3276 2233 3331 ferarum
2258 3292 2476 3347 genera,
2504 3278 2697 3347 quibus
2716 3276 2881 3331 semel
2900 3277 3063 3345 capti,
3088 3275 3139 3330 in
3171 3285 3368 3330 tantam
3395 3291 3584 3332 neces-

2004 3368 2145 3421 sario
2181 3367 2497 3422 servitutem
2525 3366 2859 3437 rediguntur,
2892 3374 2951 3421 ut
2977 3374 3033 3421 et
3060 3367 3111 3421 in
3151 3366 3431 3421 mulierum
3459 3382 3585 3437 gra-

2005 3456 2131 3513 tiam
2158 3458 2323 3513 mulla
2350 3474 2491 3528 stepc
2517 3457 2693 3513 facere
2716 3466 2991 3528 cogantur,
3018 3472 3135 3528 quae
3158 3472 3222 3512 ne
3252 3456 3350 3511 fari
3371 3458 3583 3527 quidem

1952 3598 1958 3603 .
2005 3548 2179 3604 decet.
2202 3548 2337 3603 Nam
2363 3549 2446 3603 lex
2473 3548 2648 3603 divina
2678 3548 2794 3602 illas
2829 3547 2896 3603 ab
2935 3540 3040 3602 hoc
3066 3547 3361 3602 ministerio
3395 3546 3589 3616 repulit

2006 3642 2095 3712 (1.
2127 3640 2246 3696 Cor.
2270 3642 2357 3696 M.
2382 3642 2485 3709 51)
2516 3659 2528 3693 :
2563 3641 2667 3696 illa).
2688 3652 2813 3695 vero
2835 3656 2892 3695 se
2914 3630 3268 3694 intromittere
3290 3649 3582 3694 conantur:

2008 3741 2061 3787 et
2086 3733 2207 3802 quia
2239 3731 2368 3786 nihil
2403 3746 2498 3800 per
2526 3747 2585 3786 se
2616 3740 2866 3800 possunt,
2900 3746 2996 3801 per
3023 3730 3156 3785 alios
3178 3730 3355 3784 omnia
3384 3739 3576 3799 agunt.

2011 3835 2316 3894 tantumnque
2359 3824 2602 3877 obtinent
2630 3826 2980 3892 potestatem,
3015 3826 3073 3877 ut
3097 3838 3231 3893 quos
3267 3823 3434 3877 velint
3471 3823 3584 3892 epia

2010 3932 2200 3984 scOpos
2249 3915 2331 3971 vel
2376 3924 2659 3984 cooptent,
2702 3914 2787 3968 vel
2833 3914 3078 3983 ejiciant,
3124 3929 3188 3968 ac
3229 3929 3348 3983 qua:
3376 3926 3588 3968 sursum

2011 4008 2260 4062 deorsum
2310 4005 2503 4061 faciant
2534 4023 2547 4059 :
2578 3998 2679 4060 hoc
2724 4021 2853 4060 sane
2898 4005 2949 4059 in
2997 4005 3279 4074 proverbio
3321 4006 3585 4074 vulgatunl

2014 4098 2143 4165 ipsis
2170 4097 2336 4150 oculis
2364 4096 2548 4151 videre
2579 4096 2741 4150 licet:
2774 4095 3036 4165 Principes
3063 4111 3179 4148 suos
3213 4104 3367 4165 agunt
3407 4095 3589 4148 subditi

2014 4186 2091 4258 (1.
2120 4186 2253 4240 Tim.
2282 4186 2335 4240 2.
2364 4183 2451 4257 l2)
2482 4205 2493 4240 :
2526 4195 2687 4256 atque
2732 4187 2932 4241 utinam
2977 4185 3113 4251 viri,
3141 4201 3247 4240 non
3290 4186 3393 4240 illa:
3429 4186 3590 4242 etiam

2013 4278 2205 4348 quibus
2234 4292 2303 4333 ne
2327 4277 2541 4347 quidem
2568 4276 2759 4332 docere
2799 4270 3138 4347 permittitur.
3166 4270 3300 4344 Quid
3340 4276 3459 4330 dico
3492 4276 3591 4330 do-

2014 4366 2177 4422 cere?
2222 4382 2289 4421 ne
2332 4362 2476 4437 loqui
2525 4366 2737 4436 quidem
2786 4366 2841 4420 in
2888 4356 3125 4420 Ecclesia
3170 4365 3357 4420 beatus
3400 4358 3593 4419 Paulos

2015 4459 2277 4513 concessit
2307 4458 2323 4526 (
2351 4460 2402 4512 1.
2426 4458 2546 4511 Cor.
2587 4459 2670 4511 lt.
2704 4457 2771 4511 54
2793 4454 2831 4527 ).
2862 4456 3051 4512 Audivi
3092 4464 3268 4510 tamen
3310 4455 3590 4524 quemdam

2015 4549 2301 4615 dicentem,
2329 4539 2471 4619 quod
2498 4552 2699 4603 tantum
2733 4549 2861 4618 ipsis
2888 4548 3245 4618 impertissent
3273 4546 3593 4608 libertatem,

2016 4651 2075 4695 ut
2098 4641 2256 4696 etiam
2285 4640 2650 4695 Ecclesiarum
2681 4639 2950 4693 antistites
2973 4636 3344 4707 objurgarent,
3367 4635 3596 4707 illosque

2018 4731 2262 4787 acerbius
2289 4742 2447 4800 quam
2483 4740 2667 4783 servos
2693 4724 2895 4782 domini
2923 4729 3276 4782 incesserent.

2089 4818 2179 4878 10.
2213 4821 2332 4876 Non
2359 4838 2463 4875 esse
2484 4822 2649 4891 ipsum
2674 4819 3007 4883 sacerdotium
3028 4817 3277 4871 malorum
3296 4832 3599 4872 causam.—

2018 4914 2284 4970 Caaterum
2326 4922 2393 4967 ne
2433 4913 2693 4982 quispiam
2720 4910 2989 4966 existimet
3020 4923 3106 4963 me
3132 4918 3321 4963 omnes
3342 4900 3502 4962 simul
3536 4907 3604 4961 de

2020 5005 2330 5061 memoratis
2356 5002 2668 5058 criminibus
2715 5016 2836 5057 reos
2876 5012 3055 5071 agere.
3081 4996 3217 5054 Sunt
3240 4998 3413 5063 enim,
3443 5005 3568 5051 sunt
3589 5034 3603 5057 ,

2020 5098 2254 5167 inquam,
2286 5095 2436 5150 multi
2466 5092 2549 5148 his
2574 5093 2777 5149 retibus
2804 5091 3141 5161 superiores,
3173 5090 3281 5144 into
3324 5083 3503 5158 plures
3535 5086 3599 5139 iis

2020 5188 2109 5257 qui
2150 5187 2290 5255 capti
2320 5196 2463 5241 sunt.
2508 5181 2691 5255 Neque
2734 5191 2909 5238 tamen
2930 5179 3284 5236 sacerdotium
3328 5189 3596 5249 tamquam

2022 5277 2211 5332 horum
2263 5292 2476 5331 causam
2532 5276 2791 5329 malorum
2845 5270 3214 5341 culpaverim:
3244 5267 3381 5324 absit
3428 5276 3487 5322 ut
3527 5281 3593 5321 eo

2022 5382 2190 5439 usque
2236 5366 2531 5431 insaniam;
2565 5378 2735 5434 neque
2778 5362 2919 5418 enim
2967 5360 3163 5416 ferrum
3203 5356 3458 5423 aedium,
3505 5370 3598 5409 ne-

2023 5476 2126 5531 que
2180 5460 2359 5514 vinum
2421 5458 2723 5523 ebrietatis,
2775 5468 2948 5526 neque
3004 5451 3358 5508 fortitudinem
3415 5450 3599 5503 contu-

2024 5552 2196 5607 melite
2214 5592 2231 5618 ,
2259 5565 2429 5621 neque
2473 5552 2634 5605 robur
2676 5547 3081 5603 inconsiderata:
3102 5541 3354 5607 audacia,
3383 5537 3478 5595 sed
3506 5545 3600 5594 eos

2026 5641 2113 5711 qui
2166 5638 2263 5695 Dei
2312 5639 2466 5695 donis
2508 5630 2686 5694 illicite
2736 5646 2975 5707 utuntur,
2998 5649 3184 5692 omnes
3224 5642 3366 5689 sanae
3408 5631 3600 5686 tuentis

2092 5777 2110 5808 ί
2147 5772 2252 5834 alii,
2274 5778 2398 5824 tota.
