3890 6220
312 381 412 436 64³1

310 490 556 544 homines
579 500 791 542 causam
817 496 936 539 esse
976 479 1174 541 dicunt,
1200 476 1421 543 illosque
1446 468 1685 540 puniunt.
1713 464 1888 529 Quan-

310 580 596 653 doquidem
639 587 695 634 et
738 573 1089 633 sacerdotium
1126 581 1223 623 nos
1264 566 1385 635 jure
1431 560 1649 630 culpare
1692 553 1888 653 puSsit.

308 676 353 729 si
400 647 522 727 Inon
583 680 728 727 recte
789 669 960 738 ipsum
1025 670 1312 718 tractemus
1353 673 1368 708 :
1408 666 1580 723 neque
1640 648 1781 703 enim
1836 647 1888 698 in

308 781 470 822 causa
519 774 601 822 est
641 777 862 826 eorum,
907 772 1027 830 qua:
1075 768 1237 825 supra
1279 748 1539 811 diximus,
1584 740 1888 830 malorum:

252 878 263 890 ~
311 858 405 912 sed
442 870 541 910 nos
578 856 747 923 ipsum
794 827 981 916 tantis,
1010 855 1264 918 quantum
1309 837 1530 895 facultas
1577 830 1731 923 tulit,
1779 827 1896 897 pol-

312 949 508 1002 luimus
551 919 799 999 sordibus
848 956 968 997 cum
1011 934 1332 1009 quibuslibet
1378 931 1551 999 ipsum
1599 919 1892 978 tradimus:

308 1038 396 1107 qui
426 1050 549 1091 cum
581 1051 647 1090 ne
674 1032 839 1088 animi
864 1029 1078 1102 quidem
1106 1027 1187 1081 sui
1216 1026 1321 1078 vim
1350 1014 1683 1078 edidicerint,
1724 1021 1898 1107 neque

308 1132 384 1186 rei
416 1129 611 1185 molem
634 1100 1005 1188 considerent,
1032 1121 1268 1176 oblatum
1315 1125 1507 1169 munus
1535 1106 1689 1163 avide
1726 1100 1897 1158 susci-

311 1225 463 1294 piunt
488 1239 505 1290 ;
531 1237 655 1276 cum
683 1227 860 1274 autem
890 1230 1083 1271 manus
1117 1209 1266 1281 Operi
1295 1200 1627 1262 admovenda
1655 1203 1771 1260 est,
1802 1193 1900 1294 im-

317 1284 502 1385 peritia
531 1328 626 1367 sua
655 1309 988 1367 obtenebrati
1012 1304 1328 1362 commissos
1352 1298 1453 1353 sibi
1496 1293 1718 1365 populos
1747 1284 1900 1341 malis

315 1408 525 1477 replent
552 1404 866 1461 innumeris.
895 1402 1010 1458 [loc
1032 1414 1194 1462 sane,
1230 1396 1330 1450 hoc
1360 1393 1530 1462 ipsum
1562 1400 1698 1458 pene
1728 1385 1779 1437 in
1809 1395 1903 1477 no-

316 1474 400 1554 b'is
429 1500 662 1555 futurum
689 1506 825 1563 erat,
854 1497 956 1552 nisi
986 1509 1084 1549 nos
1112 1494 1250 1547 Deus
1278 1488 1455 1544 subito
1483 1500 1546 1540 ex
1577 1480 1738 1537 tantis
1763 1474 1903 1546 peri-

318 1592 451 1646 culis
497 1591 756 1655 eruisset,
810 1597 866 1643 et
913 1584 1166 1643 Ecclesiae
1212 1596 1325 1637 sua:
1370 1586 1425 1633 et
1473 1575 1664 1631 anima:
1708 1577 1903 1625 nostrae

319 1683 620 1737 consulens.
648 1679 920 1752 Siquidem
960 1675 1048 1732 die
1089 1673 1218 1729 mihi
1238 1715 1254 1741 ,
1284 1666 1426 1727 unde
1453 1677 1607 1739 putas
1648 1672 1820 1717 lautos
1850 1659 1902 1713 iu

321 1772 582 1827 Ecclesiis
609 1751 739 1826 oriri
783 1767 1042 1824 tumultus
1061 1765 1085 1818 ?
1107 1762 1220 1834 Ego
1255 1775 1383 1816 sane
1419 1774 1524 1813 non
1551 1753 1763 1808 aliunde
1794 1751 1905 1802 exi—

321 1865 500 1928 sti'mo,
530 1878 689 1933 quam
715 1862 833 1932 quia
881 1858 1168 1929 przesulum
1193 1854 1479 1909 electiones
1506 1860 1704 1902 temere
1730 1853 1784 1898 et
1822 1843 1906 1896 in-

321 1954 567 2011 consulto
609 1952 761 2007 ﬁunt.
808 1952 938 2007 Nam
993 1957 1151 2019 caput
1205 1944 1486 2016 oportebat
1545 1937 1905 2022 ﬁrmissimum

324 2060 446 2101 esse
464 2087 481 2111 ,
511 2053 567 2098 ut
598 2057 788 2114 pravas
811 2041 1178 2098 exhalationes
1203 2052 1269 2091 cx
1296 2036 1403 2090 into
1429 2045 1654 2101 corpore
1683 2028 1908 2081 emissas

326 2136 635 2205 dispensare
674 2142 729 2189 et
756 2132 823 2188 ad
851 2138 1232 2202 congruentem
1263 2135 1457 2182 statum
1489 2122 1745 2178 reducere
1783 2132 1909 2188 pos-

327 2230 430 2281 set.
451 2222 584 2281 Cum
607 2233 784 2279 autem
814 2238 910 2293 per
932 2238 990 2276 se
1012 2228 1171 2290 caput
1195 2218 1465 2272 inﬁrmum
1493 2222 1577 2269 est
1594 2254 1607 2277 ,
1635 2224 1735 2264 nec
1763 2221 1907 2261 mor-

328 2318 490 2372 bosos
532 2316 655 2370 illos
693 2326 920 2384 Vapores
970 2310 1243 2382 depellere
1296 2315 1506 2379 potest,
1561 2311 1687 2358 tunc
1738 2302 1911 2370 ipsum

330 2410 593 2465 inﬁrmius
624 2410 676 2463 in
705 2409 820 2463 dies
847 2406 1111 2471 redditur,
1144 2412 1199 2459 et
1227 2402 1487 2471 reliquum
1516 2411 1709 2467 corpus
1728 2407 1912 2448 secum

331 2505 384 2558 in
416 2503 704 2574 perniciem
732 2501 911 2556 trahit.
942 2498 1093 2568 Quod
1125 2513 1193 2552 ne
1222 2509 1360 2550 nunc
1389 2494 1549 2548 etiam
1581 2488 1702 2554 ﬁat,
1734 2487 1787 2541 in
1818 2500 1910 2555 pe-

330 2596 458 2648 dum
486 2594 674 2648 ordine
703 2606 802 2647 nos
824 2593 964 2647 Deus
987 2590 1248 2653 servavit,
1278 2602 1384 2657 quo
1410 2586 1463 2638 in
1491 2589 1631 2638 statu
1660 2579 1726 2633 ab
1765 2577 1914 2630 initio

332 2684 547 2740 fuimus.
574 2684 732 2739 Multa
761 2682 901 2738 enim
921 2723 938 2750 ,
964 2681 1156 2746 Basili,
1186 2679 1350 2734 multa
1378 2690 1507 2731 sane
1535 2681 1691 2738 sunt,
1722 2678 1916 2741 praeter

331 2791 397 2830 ea
425 2790 543 2845 quae
569 2774 805 2829 diximus
823 2814 838 2839 ,
866 2770 1130 2827 sacerdoti
1177 2767 1508 2833 necessaria,
1538 2778 1655 2834 quae
1682 2775 1781 2815 nos
1809 2772 1914 2812 non

336 2865 614 2920 habemus.
647 2863 775 2919 Illud
802 2878 929 2917 vero
960 2876 1068 2931 prae
1093 2858 1340 2915 omnibus
1359 2899 1374 2924 ,
1404 2869 1596 2924 nempe
1627 2852 1767 2908 illius
1797 2864 1915 2903 mu-

335 2954 479 3010 neris
505 2954 934 3024 concupiscentia
974 2953 1183 3007 animus
1210 2950 1327 3021 ejus
1364 2947 1584 3003 omnino
1611 2955 1810 3000 vacuus
1849 2940 1918 2993 sit

334 3055 578 3118 oportet;
615 3061 736 3100 nam
776 3047 821 3100 si
853 3043 920 3099 ad
958 3056 1079 3098 euut
1122 3041 1475 3113 principatum
1520 3034 1686 3092 nimio
1726 3030 1919 3088 affectu

335 3138 682 3211 propendeat,
714 3151 780 3192 eo
803 3135 998 3208 adepto
1028 3133 1478 3190 vehementiorem
1504 3126 1750 3185 accendit
1770 3125 1922 3180 llam-

336 3234 477 3286 mam
509 3248 525 3286 :
551 3245 618 3286 ac
645 3230 695 3285 vi
735 3240 957 3299 captus,
998 3236 1056 3282 ut
1092 3242 1214 3283 eum
1240 3226 1341 3280 sibi
1371 3223 1660 3279 ﬁrmiorem
1688 3225 1915 3281 statuat,

337 3325 613 3381 innumera
657 3323 884 3378 sustinet
930 3319 1108 3387 mala,
1151 3318 1264 3373 sive
1301 3314 1620 3371 adulandum
1661 3311 1769 3374 sit,
1809 3308 1923 3363 sive

340 3414 609 3486 quidpiam
655 3412 850 3468 servile
891 3418 1050 3480 atque
1078 3407 1352 3478 indignum
1378 3401 1778 3466 sustinendum,
1808 3398 1923 3452 sive

338 3506 578 3579 pecunia:
606 3504 789 3559 multm
835 3500 1196 3556 absumendzn.
1239 3497 1374 3555 Nam
1425 3494 1568 3569 quod
1624 3492 1775 3546 multi
1807 3489 1924 3559 ejus

339 3597 609 3668 dignitatis
636 3594 803 3666 gratia
827 3600 1122 3663 pugnantes
1141 3588 1412 3644 Ecclesias
1430 3582 1666 3642 aedibus
1685 3581 1923 3651 repleve-

340 3690 468 3755 rint,
496 3688 844 3756 civitatesque
872 3684 1297 3749 devastaverint,
1316 3678 1369 3735 id
1389 3679 1499 3750 jam
1521 3677 1740 3732 missum
1768 3674 1922 3737 facio,

342 3794 409 3835 ne
443 3778 756 3850 quibusdam
796 3774 1123 3831 incredibilia
1170 3786 1388 3827 narrare
1429 3769 1628 3824 videar.
1668 3765 1928 3836 Oportere

341 3881 517 3927 autem
551 3879 677 3939 puto
718 3877 860 3923 tanta
903 3867 1042 3923 circa
1085 3878 1198 3920 rem
1239 3864 1374 3917 hanc
1412 3861 1608 3932 pietate
1635 3857 1838 3920 teucri,
1871 3864 1929 3910 ut

342 3964 483 4019 illius
508 3962 702 4018 molem
729 3974 971 4030 onusque
995 3958 1266 4023 declines;
1294 3955 1519 4023 adeptus
1560 3966 1664 4005 non
1693 3949 1921 4004 aliorum

340 4054 535 4126 judicia
563 4061 860 4122 exspectes,
890 4053 933 4105 si
965 4049 1176 4120 quando
1202 4049 1260 4103 in
1286 4046 1534 4101 delictum
1582 4040 1785 4096 incidas
1832 4038 1928 4092 de-

343 4148 608 4218 positione
645 4145 896 4215 dignuut,
945 4142 1041 4197 sed
1081 4147 1425 4196 antevertens
1469 4137 1694 4206 teipsum
1739 4131 1807 4187 ab
1836 4131 1927 4185 illo

341 4250 567 4294 munere
590 4235 861 4292 exturbes.
887 4233 977 4289 Sic
1001 4233 1143 4288 enim
1170 4246 1266 4302 par
1293 4237 1377 4286 est
1404 4237 1462 4285 ut
1490 4227 1724 4282 divinam
1763 4226 1927 4278 mise-

343 4328 627 4387 ricordiam
658 4328 910 4398 impetres
940 4343 953 4379 :
985 4324 1123 4394 quod
1167 4323 1213 4377 si
1260 4329 1456 4393 praeter
1482 4315 1738 4373 decorum
1778 4314 1926 4370 obsi-

342 4433 475 4488 stas,
502 4427 556 4475 te
584 4419 856 4489 indignum
880 4416 1033 4471 venia
1054 4412 1352 4478 constituis,
1381 4409 1655 4481 magisque
1680 4406 1771 4461 Dei
1794 4405 1926 4459 iram

343 4509 590 4567 accendis
623 4551 640 4578 ,
706 4508 834 4565 dum
901 4505 1193 4562 secundum
1265 4501 1417 4557 addis
1500 4496 1740 4555 deterius
1798 4493 1928 4551 faci-

346 4616 468 4660 IIIIS.

416 4695 505 4750 11.
536 4688 802 4763 Cupiditas
843 4687 1157 4760 principatus
1197 4681 1495 4754 expellenda
1534 4697 1598 4736 ea:
1636 4680 1807 4734 animo
1844 4695 1931 4733 sa-

343 4786 668 4841 cerdotis.—
691 4782 795 4840 Sed
845 4795 1003 4836 nemo
1042 4793 1292 4849 umquam
1341 4776 1442 4831 hoc
1485 4773 1717 4830 dedecus
1763 4773 1927 4826 susti-

345 4884 488 4933 neat.
517 4874 691 4933 Grave
718 4874 914 4945 quippe
940 4881 1041 4935 est,
1072 4884 1236 4942 grave
1263 4866 1551 4924 admodum
1590 4868 1730 4920 hunc
1755 4863 1929 4917 bono-

345 4984 459 5024 rem
503 4974 774 5037 appetere.
816 4962 875 5020 Id
916 4978 1044 5019 vero
1086 4962 1241 5028 dico,
1287 4976 1393 5015 non
1430 4974 1552 5015 eum
1582 4956 1739 5013 beato
1764 4953 1929 5010 Paulo

344 5061 645 5123 decertans,
672 5057 768 5113 sed
792 5054 969 5112 verbis
996 5053 1114 5126 ejus
1136 5053 1367 5110 maxime
1397 5049 1758 5106 consentiens.
1790 5045 1928 5115 Quid

345 5151 487 5206 enim
526 5150 602 5205 ait
644 5146 774 5204 ille?
811 5146 874 5202 Si
912 5148 1027 5217 quis
1068 5146 1410 5216 episcopatum
1434 5140 1708 5203 desiderat,
1744 5137 1929 5192 bonum

344 5260 472 5314 opus
499 5242 747 5298 desiderat
773 5240 848 5312 (1.
875 5236 1012 5294 Tim.
1041 5237 1090 5293 ὅ.
1119 5234 1199 5309 1).
1230 5232 1342 5305 Ego
1367 5247 1499 5288 vero
1524 5247 1629 5287 non
1653 5246 1809 5301 opus,
1831 5227 1928 5285 sed

344 5334 715 5391 auctoritatem
739 5340 794 5389 et
814 5331 1102 5403 potentiam
1123 5327 1430 5384 desiderare
1452 5339 1615 5397 grave
1639 5323 1761 5380 dico
1784 5338 1926 5380 esse.

345 5427 599 5499 IIancque
637 5423 1122 5495 concupiscentiam
1167 5429 1276 5476 toto
1317 5417 1504 5483 studio,
1521 5415 1590 5472 ab
1616 5416 1798 5472 animo
1834 5415 1928 5470 de-

346 5504 682 5585 turbaudam,
701 5530 873 5588 neque
892 5514 975 5569 vel
991 5512 1141 5568 initio
1159 5508 1493 5567 retinendam
1509 5515 1788 5575 eenseo,ut
1805 5520 1927 5561 cum

347 5608 592 5667 libertate
616 5609 794 5664 omnia
831 5600 1009 5662 facere
1042 5604 1228 5675 possit.
1260 5600 1393 5658 Nam
1420 5601 1510 5672 qui
1539 5614 1643 5655 non
1669 5598 1927 5673 concepi:

345 5700 448 5756 scit
474 5700 528 5754 in
554 5697 654 5755 bac
673 5707 935 5770 potestate
961 5694 1265 5766 splendere,
1288 5693 1335 5749 is
1356 5707 1486 5748 sane
1514 5690 1786 5747 deturbari
1820 5705 1925 5744 non

345 5792 595 5849 formidat
622 5809 636 5845 :
667 5791 712 5847 si
739 5805 843 5847 non
870 5788 1149 5859 formidet,
1180 5802 1302 5845 eum
1336 5802 1399 5845 ea
1433 5801 1553 5858 qua;
1591 5783 1924 5842 Christianos

1016 367 1071 425 S.
1115 357 1391 422 JO.\NNIS
1426 346 1901 414 CIIRYSOSTO‘JI
1946 343 2256 400 ARCIIIEP.
2296 340 2838 399 CONSTANTINOP.

3475 298 3579 391 oss

1998 477 2153 533 decet
2185 476 2429 532 libertate
2472 477 2648 531 omnia
2678 476 2853 529 facere
2893 477 3100 546 poterit.
3133 474 3312 545 Itaque
3338 475 3429 547 qui
3458 475 3586 532 inde

1999 569 2264 623 deturbari
2292 577 2532 623 metuunt
2556 583 2618 622 ac
2638 559 2944 630 formidant,
2967 567 3155 622 duram
3184 567 3467 638 multisque
3498 568 3587 622 in-

1998 663 2295 718 commodis
2316 660 2563 718 refertam
2585 661 2850 722 sustinent
2872 661 3202 725 servitutem,
3228 669 3384 730 atque
3406 661 3459 715 in
3487 661 3587 714 lio-

2001 754 2201 809 minum
2245 753 2516 825 ipsiusque
2567 753 2658 807 Dei
2711 751 3061 807 offensionem
3114 752 3385 807 incurrere
3438 767 3595 820 stupe
3664 800 3669 804 .

2003 855 2285 918 coguntur.
2316 844 2436 901 Non
2480 847 2558 901 sic
2602 855 2780 901 autem
2823 846 2997 899 anima
3028 844 3216 899 affecta
3242 859 3363 901 che
3390 845 3592 909 debet;

2002 938 2095 993 scd
2127 937 2574 1007 quemadmodum
2605 938 2659 991 in
2690 936 2889 1006 prmliis
2928 949 3176 991 strenuos
3214 937 3410 991 milites
3438 937 3594 990 vidc-

2005 1044 2124 1083 lllllS
2152 1030 2403 1084 alacriter
2427 1044 2682 1099 pugnare,
2717 1029 3028 1096 fortiterque
3052 1027 3266 1090 cadere,
3300 1027 3445 1082 itaet
3470 1042 3591 1089 eos,

2003 1122 2091 1191 qui
2121 1121 2186 1176 ad
2216 1120 2317 1174 hnc
2342 1121 2692 1176 ministerium
2720 1120 3001 1185 accedunt,
3034 1134 3129 1189 par
3153 1127 3311 1174 estet
3332 1119 3591 1175 sacerdo-

2006 1217 2078 1269 tio
2108 1214 2284 1285 fungi,
2319 1223 2373 1269 et
2397 1229 2426 1268 a
2453 1213 2749 1284 principatu
2779 1213 2936 1282 dejici
2961 1227 3028 1267 eo
3055 1212 3212 1267 modo
3237 1254 3250 1273 ,
3291 1226 3401 1281 quo
3435 1211 3598 1268 Citri-

2005 1306 2209 1360 stianos
2238 1305 2381 1360 viros
2421 1305 2612 1373 decet,
2643 1320 2763 1360 cum
2803 1305 2976 1360 sciant
3003 1304 3162 1375 talem
3197 1303 3601 1372 depositione”

2008 1413 2112 1452 non
2144 1398 2402 1453 minorem
2423 1440 2439 1465 ,
2471 1398 2626 1469 quam
2656 1396 2829 1468 ipsum
2860 1396 3205 1466 prit.cip:tlmn
3228 1436 3242 1461 ,
3273 1395 3468 1451 referre
3493 1410 3594 1450 co-

2008 1507 2211 1546 ronam.
2238 1492 2461 1559 Quaado
2486 1491 2628 1547 enim
2657 1490 2806 1560 quis,
2847 1498 2907 1544 ut
2949 1488 3079 1543 nihil
3126 1488 3432 1544 indecorum
3457 1529 3472 1553 ,
3505 1489 3593 1544 vel

2008 1584 2247 1655 dignitati
2292 1599 2396 1638 non
2438 1590 2858 1639 consentaneum
2897 1581 3187 1646 sustineat,
3230 1580 3401 1635 simile
3432 1579 3598 1649 quid—

2012 1675 2148 1744 piam
2183 1674 2398 1743 patitur,
2425 1682 2483 1729 et
2506 1687 2566 1728 se
2593 1673 2789 1743 injuste
2826 1670 3216 1741 deponentibns
3251 1669 3601 1739 supplicium,

2010 1776 2065 1822 et
2092 1767 2348 1835 majorem
2376 1766 2476 1821 sibi
2506 1765 2808 1821 mercedem
2833 1765 2849 1796 ¹
2874 1772 3124 1835 procurat
3150 1782 3165 1818 :
3190 1779 3311 1817 nam
3331 1763 3500 1827 Beati,
3522 1763 3600 1816 in-

2010 1857 2144 1926 quit,
2177 1857 2314 1922 cstis,
2336 1873 2451 1910 cum
2475 1855 2882 1927 czprobraveriut
2905 1870 2991 1909 vos
3018 1864 3064 1909 et
3086 1854 3370 1925 persequuti
3386 1854 3600 1924 fuerint,

2012 1959 2058 2003 et
2088 1949 2310 2002 dixerint
2332 1964 2479 2002 omne
2502 1948 2692 2002 malum
2717 1947 2922 2001 uerbum
2947 1945 3215 2000 adversum
3238 1960 3322 1998 vos
3352 1945 3603 1997 mentien-

2013 2048 2085 2093 tes
2106 2080 2123 2105 ,
2170 2048 2375 2109 propter
2402 2055 2482 2092 me
2507 2055 2526 2092 :
2554 2038 2767 2110 gaudete
2793 2048 2840 2091 et
2867 2037 3117 2091 exsultate
3136 2077 3154 2101 ,
3192 2036 3311 2106 quia
3345 2036 3501 2087 multa
3527 2044 3603 2088 est

2014 2149 2204 2186 merces
2232 2142 2395 2185 vestra
2423 2131 2475 2185 in
2510 2130 2648 2186 aclis
2685 2130 2896 2201 (Matth.
2922 2130 2976 2184 5.
3006 2130 3092 2183 11.
3120 2128 3225 2199 12).
3255 2128 3317 2182 Et
3341 2126 3457 2181 haec
3473 2142 3602 2180 cum

2014 2239 2044 2279 a
2071 2224 2472 2289 comministris,
2497 2223 2579 2277 vel
2608 2238 2701 2293 per
2725 2222 2997 2287 invidiam,
3022 2222 3102 2275 vel
3134 2222 3199 2276 ad
3230 2222 3454 2275 aliorum
3473 2236 3602 2290 gra-

2016 2316 2166 2379 tiam,
2198 2315 2283 2370 vel
2315 2330 2411 2385 per
2437 2314 2789 2381 inimicitiam,
2819 2313 2902 2368 vel
2929 2313 3031 2368 alia
3062 2313 3288 2384 quadam
3326 2329 3429 2366 non
3455 2322 3604 2368 recta

2015 2409 2243 2473 ratione,
2271 2410 2391 2478 quis
2418 2424 2484 2464 ex
2514 2409 2632 2463 loco
2656 2423 2756 2463 suo
2783 2419 3045 2462 movetur.
3067 2409 3393 2467 (latitantem
3414 2408 3482 2460 ab
3500 2406 3566 2461 ad
3590 2439 3605 2447 -

2014 2502 2268 2558 versariis
2297 2502 2347 2556 id
2379 2502 2596 2571 patitur,
2625 2501 2769 2555 nulla
2803 2513 2929 2570 puto
2955 2515 3075 2555 esse
3098 2501 3341 2554 oratione
3374 2515 3508 2568 opus
3532 2499 3607 2554 ad

2018 2592 2223 2649 lucrum
2256 2593 2728 2649 demonstrandum
2753 2633 2769 2659 ,
2802 2594 2940 2662 quod
2972 2593 3167 2647 malitia
3199 2607 3293 2647 sua
3321 2592 3416 2661 ipsi
3444 2593 3609 2646 colli-

2017 2694 2166 2755 gunt.
2194 2684 2246 2738 Id
2273 2699 2401 2755 ergo
2427 2684 2659 2755 undique
2698 2682 3232 2751 circumspiciendum
3270 2693 3323 2738 et
3357 2693 3617 2739 accurate

2019 2775 2401 2844 explorandum
2429 2785 2532 2840 est,
2562 2791 2630 2830 ne
2658 2791 2761 2845 qua
2788 2773 3041 2829 desiderii
3074 2774 3214 2828 illius
3242 2773 3470 2828 scintilla
3503 2789 3603 2828 ar-

2021 2866 2155 2921 dens
2187 2869 2365 2923 lateat.
2387 2866 2688 2936 Optaudum
2717 2870 2915 2938 quippe
2949 2876 3032 2921 est
3057 2881 3184 2929 eos,
3207 2867 3294 2936 qui
3325 2862 3471 2920 initio
3502 2865 3613 2921 hoc

2023 2958 2210 3014 morbo
2237 2960 2388 3014 liberi
2418 2958 2591 3025 fuere,
2621 2958 2710 3014 ubi
2740 2958 2807 3013 ad
2831 2957 3130 3028 hujusmodi
3157 2957 3463 3025 dignitatem
3485 2972 3613 3027 prr-

2024 3051 2291 3115 venerint,
2311 3051 2456 3106 illum
2479 3051 2714 3121 effugere
2732 3064 2907 3119 posse.
2927 3047 3077 3116 Quod
3099 3047 3144 3102 si
3163 3046 3304 3119 quis,
3322 3056 3613 3117 antequam

2024 3143 2279 3199 honorem
2311 3144 2457 3199 illum
2484 3153 2815 3213 assequatur,
2838 3142 2975 3198 hanc
2993 3156 3190 3196 stevam
3215 3142 3615 3210 immanemque

2025 3234 2188 3289 feram
2218 3250 2381 3305 penes
2416 3251 2475 3291 se
2506 3235 2738 3301 nutriat,
2769 3233 2874 3288 dici
2904 3233 3086 3302 nequit
3128 3232 3180 3287 in
3221 3240 3469 3303 quantum
3500 3232 3614 3285 fov-

2026 3341 2211 3381 nacem
2239 3325 2387 3381 illum
2412 3335 2598 3383 nactus
2620 3340 2678 3380 se
2708 3324 2975 3394 conjiciat.
2999 3322 3105 3379 Nos
3132 3331 3309 3378 autem
3347 3321 3457 3396 (ne
3482 3338 3623 3377 vero

2027 3427 2180 3487 putes
2209 3416 2484 3473 modestia:
2512 3432 2672 3472 causa
2712 3432 2800 3471 me
2835 3416 3102 3471 ullatenus
3138 3413 3280 3484 apud
3319 3423 3371 3470 te
3398 3416 3617 3469 mentiri

2026 3507 2199 3582 velle)
2229 3524 2415 3579 magna
2447 3508 2749 3578 hujusmudi
2790 3506 3038 3577 cupidine
3068 3514 3349 3561 tenemur:
3375 3520 3495 3574 qure
3525 3519 3620 3560 res

2029 3614 2131 3655 una
2153 3614 2274 3655 cum
2300 3598 2420 3654 aliis
2442 3599 2688 3653 omnibus
2713 3612 2822 3654 non
2846 3612 3033 3668 parum
3056 3611 3156 3652 nos
3179 3595 3458 3657 exterruit,
3479 3605 3534 3649 et
3558 3596 3617 3649 in

2030 3690 2169 3746 hanc
2208 3689 2384 3761 fugam
2426 3690 2604 3745 vertit.
2644 3688 3103 3757 Quemadmodum
3140 3686 3284 3743 enim
3330 3700 3619 3756 corporum

2029 3793 2294 3840 amatores
2311 3825 2328 3852 ,
2353 3782 2605 3854 quamdiu
2630 3782 2754 3838 licet
2775 3796 2898 3838 eum
2925 3780 3117 3837 amatis
3142 3780 3379 3843 versari,
3403 3780 3623 3849 gravi-o-
3710 3766 3717 3771 ’

2029 3891 2144 3930 rem
2169 3874 2342 3930 morbi
2369 3875 2662 3931 cruciatum
2693 3873 2914 3941 habent,
2943 3888 3065 3928 cum
3089 3881 3267 3928 autem
3298 3872 3483 3942 procul
3510 3871 3623 3924 illis

2030 3966 2384 4041 abducuntur,
2415 3975 2543 4022 tunc
2566 3965 2825 4020 insaniam
2854 3963 3157 4030 excutiunt,
3175 3962 3255 4018 sic
3277 3970 3331 4017 et
3356 3962 3444 4031 qui
3471 3961 3624 4028 prin-

2029 4060 2239 4128 cipatus
2283 4057 2437 4113 istius
2479 4056 2729 4126 cupidine
2772 4063 3050 4119 tenentur.
3088 4068 3211 4109 eum
3252 4066 3418 4121 penes
3464 4051 3625 4105 illum

2031 4156 2189 4214 sunt,
2237 4147 2378 4203 malo
2422 4145 2644 4202 ferendo
2680 4153 2806 4199 sunt
2847 4144 3113 4214 impares;
3160 4141 3249 4197 ubi
3297 4155 3426 4194 vero
3464 4154 3627 4208 spem

2031 4240 2307 4306 amittunt,
2332 4254 2453 4294 curn
2476 4235 2872 4309 exspectatione
2891 4235 3059 4306 ipsum
3085 4232 3390 4304 cupidinem
3414 4233 3629 4287 exstin-

2031 4339 2217 4402 guunL

2104 4421 2190 4477 12.
2220 4420 2663 4493 Sapientissimum
2686 4427 2915 4487 oportere
2935 4431 3042 4473 esse
3058 4414 3390 4470 sacerdotem.
3405 4441 3477 4454 -—
3492 4411 3626 4466 Ilzce

2033 4529 2135 4568 una
2161 4527 2320 4567 causa
2355 4520 2439 4565 est
2472 4525 2578 4565 nou
2616 4507 2901 4565 mediocris
2929 4524 2943 4562 :
2975 4522 3095 4577 qua:
3133 4506 3258 4560 licet
3290 4503 3404 4559 sola
3441 4514 3581 4558 esset
3605 4544 3627 4567 ,

2033 4621 2131 4662 nos
2153 4606 2222 4660 ab
2247 4606 2346 4662 hac
2369 4604 2622 4675 dignitate
2646 4618 2831 4658 arcere
2857 4610 3060 4673 posset.
3093 4599 3287 4654 Verum
3315 4608 3367 4652 et
3394 4597 3495 4651 alia
3528 4596 3626 4649 ad-

2031 4699 2175 4755 ditur
2205 4698 2305 4754 huc
2347 4713 2452 4753 non
2499 4694 2691 4752 minor.
2722 4694 2851 4762 Quae
2892 4694 3017 4750 illa?
3061 4692 3377 4767 Vigilautem
3410 4700 3629 4760 oportet

2030 4793 2336 4860 episcopum
2367 4803 2487 4844 esse
2507 4828 2522 4852 ,
2555 4787 2913 4857 perspicacem
2933 4825 2953 4851 ι
2979 4793 3034 4839 et
3066 4783 3361 4838 innumeris
3388 4782 3631 4851 undique

2031 4883 2311 4954 prmditum
2337 4880 2526 4943 oculis,
2553 4887 2740 4949 utpote
2758 4877 2847 4947 qui
2874 4891 2979 4930 non
3005 4875 3107 4930 sibi
3128 4875 3325 4932 solum.
3343 4872 3437 4928 sed
3463 4882 3631 4927 tanta:

2032 4973 2352 5029 multitudini
2375 4973 2515 5027 vivat
2535 4971 2610 5044 (1.
2633 4968 2765 5024 Tim.
2788 4970 2840 5024 5.
2858 4966 2939 5038 2).
2958 4966 3066 5022 Nos
3085 4979 3214 5021 vero
3230 4977 3423 5036 segnes
3439 4977 3631 5018 sumus

2032 5075 2088 5121 ct
2113 5064 2356 5132 remissi,
2385 5074 2439 5118 et
2476 5070 2672 5118 nostra:
2699 5060 2854 5119 saluti
2892 5059 2980 5113 vix
3020 5056 3367 5114 sufﬁcientes.
3399 5054 3513 5109 Hoc
3540 5054 3629 5109 vel

2033 5167 2144 5213 tute
2171 5159 2387 5220 fateare,
2411 5155 2498 5225 qui
2525 5154 2754 5209 maxime
2778 5153 3012 5207 omnium
3037 5148 3286 5204 amicitiae
3303 5161 3462 5202 causa
3485 5147 3629 5201 maia

2033 5259 2212 5305 nostra
2240 5250 2492 5317 obtegere
2519 5244 2750 5309 conaris.
2780 5243 2858 5299 Ne
2895 5242 3025 5296 mihi
3056 5241 3198 5296 enim
3238 5238 3327 5293 hic
3362 5237 3629 5307 jejunium

2031 5343 2247 5412 alleges,
2272 5341 2352 5396 vel
2383 5340 2603 5409 vigilias,
2627 5337 2712 5393 vel
2740 5336 2883 5391 humi
2905 5334 3265 5399 cubationem,
3287 5340 3342 5386 et
3364 5329 3626 5398 reliquam

2031 5434 2271 5505 corporis
2301 5435 2713 5486 maceratiouem
2740 5446 2753 5483 :
2781 5442 2904 5483 nam
2933 5434 3190 5494 quantum
3211 5423 3280 5479 ab
3305 5420 3389 5477 Itis
3408 5421 3630 5476 virtuti-

2032 5527 2131 5582 bus
2155 5523 2402 5581 absimus‘
2422 5538 2526 5578 non
2554 5522 2787 5594 ignoras.
2822 5517 3039 5575 Etiamsi
3068 5531 3197 5573 vero
3224 5529 3255 5570 a
3281 5512 3437 5570 nobis
3458 5527 3626 5568 accu-

2102 5793 2117 5823 ι
2157 5787 2260 5850 Alii,
2282 5785 2507 5835 honorem
2522 5778 2768 5842 procurat.
