3860 6216
202 301 309 358 σιτ

205 437 286 471 σει
313 431 337 458 ο
365 417 589 480 δικαίως
620 417 751 487 ἡμῖν
777 414 876 469 ούκ
896 415 1072 488 ὀρθῶς
1097 415 1269 486 αὐτὴν
1300 416 1789 488 μεταχειρίζουσιν.
1815 419 1889 471 Ού

202 508 314 576 γὰρ
342 506 482 576 αὐτὴ
511 504 620 558 τῶν
647 505 958 575 εἰρημένων
992 505 1124 574 ἡμῖν
1163 503 1313 557 αἰτία
1344 503 1552 570 κακῶν,
1586 505 1704 559 ἀλλ’
1730 507 1892 576 ἡμεῖς

201 595 374 664 αὐτὴν
403 591 704 657 τοσούτοις,
741 592 804 645 τό
833 609 897 660 γε
926 595 1006 656 εἰς
1037 593 1183 662 ἡμᾶς
1202 589 1358 664 ἧκον,
1392 592 1891 666 κατεῤῥυπάναμεν

1517 297 1606 353 DE
1639 297 2092 356 SACERDOTIO.
2131 298 2258 356 LIB.
2303 297 2391 354 ΙΙΙ.

3559 295 3666 353 648

1999 419 2120 488 ρίας
2159 419 2376 473 ἅπαντα
2405 414 2553 486 αύτῴ
2582 413 2841 486 πράττειν
2877 411 2993 484 ἐξῇ.
3033 412 3089 466 Ὀ
3115 411 3223 483 γάρ
3257 411 3358 466 οὐκ
3384 413 3671 482 ἐπιθυμῶν

1994 507 2086 559 ἐπὶ
2115 506 2318 576 ταύτης
2352 503 2626 574 δειχθῆναι
2653 501 2753 572 τῆς
2785 499 3034 565 ἐξουσίας
3062 501 3183 553 ούδέ
3222 500 3322 572 τὴν
3353 500 3674 572 καθαίρεσιν

1993 595 2164 664 αὐτῆς
2197 593 2456 657 δέδοικεν,
2493 591 2553 644 ού
2587 587 2840 652 δεδοικὼς
2882 588 2939 641 δὲ
2982 588 3120 659 μετά
3159 587 3260 656 τῆς
3287 588 3672 659 προσηκούσης

206 683 533 751 μολυσμοῖς,
568 679 880 751 ἀνθρώποις
921 682 1034 740 τοῖς
1062 679 1319 750 τυχοῦσιν
1361 681 1764 752 ἐγχειρίζοντες
1795 681 1894 736 αύο
1930 745 1969 760 1
1991 683 2341 752 Χριστιανοῖς
2379 678 2693 751 ἐλευθερίας
2735 677 2915 732 πάντα
2943 677 3206 747 πράττειν
3237 675 3442 730 δύναιτ’
3477 677 3562 730 ἄν·
3596 675 3673 740 ώς

202 772 322 839 τήν·
348 770 402 821 οῖ
426 786 489 836 γε
524 766 647 820 ούτε
680 767 779 832 τὰς
813 767 1024 821 ἑαυτῶν
1053 768 1321 838 πρότερον
1350 770 1761 840 καταμαθόντες
1786 770 1891 840 ψυο
1926 762 1966 792 θ’
1992 771 2046 823 οἵ
2065 787 2131 838 γε
2168 768 2493 838 φοϐούμενοι
2537 767 2629 820 καὶ
2669 765 2965 837 τρέμοντες
3005 763 3402 834 κατενεχθῆναι
3438 762 3670 827 ἐκεῖθεν,

205 856 329 924 χάς,
365 853 490 907 οὔτε
525 857 606 917 εἰς
634 853 728 907 τὸν
767 853 862 908 τοῦ
897 854 1224 925 πράγματος
1259 855 1424 924 ὄγκον
1463 855 1890 927 ἀποϐλέψαντες,

203 943 454 1011 δέχονται
483 943 585 1012 μὲν
613 941 912 1013 προθύμως
938 942 1002 994 τὸ
1025 941 1320 1013 διδόμενον,
1355 943 1518 1013 ἡνίκα
1545 943 1589 997 δ’
1626 943 1692 998 ἂν
1725 945 1803 1009 εἰς
1831 944 1894 998 τὸ

205 1031 472 1101 πράττειν
510 1029 760 1094 ἔλθωσιν,
805 1030 910 1084 ὑπὸ
938 1031 1041 1101 τῆς
1071 1030 1329 1102 ἀπειρίας
1375 1030 1748 1103 σκοτούμενοι,
1792 1049 1893 1103 μυ-

207 1119 342 1188 ρίων
372 1117 690 1188 ἐμπιπλῶσι
725 1118 910 1172 κακῶν
941 1117 1034 1183 οὓς
1070 1118 1470 1190 ἐπιστεύθησαν
1513 1119 1697 1184 λαούς.
1721 1118 1893 1174 Τοῦτο

205 1206 300 1276 δὴ,
328 1205 511 1269 τοῦτο,
541 1207 680 1276 ὅπερ
710 1207 805 1260 καὶ
835 1206 923 1275 ἐφ’
957 1205 1116 1277 ἡμῶν
1151 1205 1350 1278 μικροῦ
1380 1207 1492 1260 δεῖν
1521 1207 1716 1278 ἔμελλε
1743 1207 1891 1276 γίνε-

163 1313 168 1317 ·
211 1292 362 1354 σθαι,
397 1294 446 1345 εἰ
476 1291 552 1362 μὴ
583 1292 794 1362 ταχέως
823 1294 971 1363 ἡμᾶς
1011 1295 1040 1346 ὁ
1083 1293 1217 1358 Θεὸς
1241 1293 1351 1348 τῶν
1377 1295 1638 1348 κινδύνων
1673 1296 1893 1350 ἐκείνων

216 1381 524 1445 ἐξείλκυσε,
550 1380 644 1433 καὶ
675 1379 778 1450 τῆς
822 1380 1148 1450 Ἐκκλησίας
1187 1382 1288 1448 τῆς
1315 1382 1481 1436 αὑτοῦ
1512 1383 1607 1436 καὶ
1633 1383 1732 1454 τῆς
1756 1384 1893 1454 ἡμε-

207 1468 373 1540 τέρας
402 1467 716 1538 φειδόμενος
735 1467 934 1540 ψυχῆς.
978 1469 1133 1522 Ἑπεί
1166 1469 1332 1523 πόθεν
1352 1471 1406 1535 ι),
1440 1472 1561 1524 είπέ
1591 1489 1702 1542 μοι,
1737 1470 1893 1542 νομί-

210 1559 326 1620 ζεις
364 1556 463 1620 τὰς
487 1557 758 1620 τοσαύτας
797 1557 854 1610 ἐν
880 1559 1002 1620 ταῖς
1037 1556 1386 1628 Ἐκκλησίαις
1413 1558 1693 1613 τίκτεσθαι
1725 1575 1893 1630 ταρα-

209 1645 314 1714 χά;
338 1661 352 1707 ;
401 1645 542 1713 Ἐγὼ
567 1645 666 1716 μὲν
691 1643 798 1716 γὰρ
824 1644 946 1698 ούδέ
975 1643 1197 1699 ἄλλοθέν
1218 1645 1404 1711 ποθεν,
1436 1642 1610 1718 οἶμαι,
1635 1647 1669 1718 ἢ
1704 1647 1768 1700 ἐκ
1798 1646 1892 1700 τοῦ

209 1732 310 1794 τὰς
351 1731 459 1784 τῶν
500 1730 861 1802 προεστώτων
903 1731 1145 1803 αἱρέσεις
1189 1734 1284 1787 καὶ
1317 1733 1546 1802 ἐκλογάς
1580 1733 1765 1798 άπλῶς
1801 1735 1895 1787 καὶ

211 1819 287 1879 ὡς
319 1817 476 1888 ἔτυχε
515 1817 784 1884 γίνεσθαι.
813 1819 925 1889 Τὴν
953 1819 1061 1887 γάρ
1092 1819 1335 1891 κεφαλὴν
1364 1819 1727 1893 ἰσχυροτάτην
1755 1815 1894 1873 εἶναι

209 1904 382 1975 ἐχρῆν
409 1918 459 1967 ο,
492 1905 578 1958 ἵνα
603 1905 726 1969 τοὺς
758 1907 823 1958 ἐκ
856 1905 950 1958 τοῦ
979 1907 1169 1960 λοιποῦ
1201 1908 1450 1978 σώματος
1489 1907 1730 1962 κάτωθεν
1757 1925 1896 1978 πεμ-

213 1993 486 2063 πομένους
520 1995 728 2064 ἀτμοὺς
753 1995 1026 2063 πονηροὺς
1054 1995 1275 2049 διοικεῖν
1302 1997 1397 2050 καὶ
1421 1999 1500 2061 είς
1528 1997 1588 2050 τὸ
1615 1997 1731 2050 δέον
1762 1997 1898 2050 καθ-

215 2083 369 2151 ιστᾷν
403 2081 644 2152 δύνηται.
671 2083 840 2136 Ὅταν
883 2082 992 2154 γάρ
1032 2082 1059 2122 τι
1099 2084 1220 2138 καθ’
1253 2084 1453 2156 ἑαυτὴν
1482 2085 1717 2156 ἀσθενὴς
1761 2081 1897 2140 οὖσα

213 2169 377 2238 τύχῃ,
409 2168 508 2233 τὰς
534 2171 846 2234 νοσοποιοὺς
867 2170 1083 2235 ἐκείνας
1113 2173 1421 2244 προσϐολὰς
1452 2173 1897 2247 ἀποκρούσασθαι

221 2255 298 2325 μὴ
342 2255 640 2325 δυναμένη,
678 2257 818 2328 αύτὴ
866 2275 926 2311 τε
959 2259 1326 2331 ἀσθενεστέρα
1365 2260 1565 2331 μᾶλλον
1601 2262 1746 2332 ἥπερ
1782 2263 1898 2315 ἐστὶ

217 2345 565 2407 καθίσταται.
617 2345 713 2398 καὶ
761 2345 822 2398 τὸ
868 2345 1052 2400 λοιπὸν
1095 2348 1214 2418 μεθ’
1245 2349 1445 2421 ἑαυτῆς
1496 2350 1899 2421 προσαπόλλυσι

219 2433 398 2501 σῶμα.
438 2434 613 2506 Ὅπερ
654 2433 741 2486 ἵνα
779 2433 853 2505 μὴ
889 2435 982 2488 καὶ
1006 2435 1100 2488 νῦν
1130 2436 1381 2506 γένηται,
1417 2439 1474 2490 ἐν
1507 2441 1572 2508 τῇ
1605 2437 1759 2503 τάξει
1787 2439 1898 2492 τῶν

218 2520 396 2572 ποδῶν
418 2521 564 2588 ἡμᾶς
586 2521 852 2589 ἐφύλαξεν
879 2525 907 2574 ὀ
930 2522 1082 2585 Θεὸς,
1113 2523 1290 2594 ἥνπερ
1318 2523 1412 2578 xal
1436 2524 1702 2595 ἐλάχομεν
1721 2525 1780 2592 ἐξ
1800 2527 1901 2597 ἀρ-

215 2608 339 2676 χῆς.
373 2607 550 2660 Πολλά
598 2607 709 2677 γάρ
750 2610 919 2673 ἐστιν,
965 2604 1010 2663 ὧ
1039 2611 1309 2673 Βασίλειε,
1343 2613 1482 2683 πρὸς
1525 2615 1638 2677 τοῖς
1670 2614 1898 2684 εἰρημέ-

217 2712 351 2757 νοις.
395 2695 566 2748 πολλά
595 2697 779 2767 ἕτερα,
817 2696 853 2750 ἃ
875 2698 968 2750 τὸν
997 2698 1294 2768 ἱερωμένον
1325 2698 1469 2769 ἐχειν
1498 2701 1626 2771 χρὴ,
1654 2702 1819 2770 ἡμεῖς
1841 2700 1898 2754 δὲ

215 2785 319 2836 οὐκ
353 2783 570 2854 ἔχομεν·
609 2787 704 2839 καὶ
746 2787 854 2856 πρό
892 2804 955 2855 γε
984 2787 1096 2841 τῶν
1127 2789 1302 2843 ἄλλων
1337 2792 1532 2844 ἐκεῖνο*
1563 2792 1900 2862 πανταχόθεν

215 2872 368 2942 αὐτῴ
395 2874 493 2942 τῆς
526 2873 621 2926 τοῦ
654 2875 979 2944 πράγματος
1008 2875 1304 2947 ἐπιθυμίας
1329 2878 1658 2948 καθαρεύειν
1689 2881 1770 2935 δεῖ
1802 2882 1900 2954 τὴν

215 2959 416 3027 ᾁυχήν·
455 2958 532 3022 ώς
560 2958 658 3012 ἐάν
684 2961 1018 3030 προσπαθῶς
1045 2963 1182 3032 πρὸς
1203 2962 1409 3034 ταύτην
1445 2965 1786 3037 διακείμενος
1807 2967 1901 3020 τύ-

217 3063 289 3117 χῃ
314 3048 412 3118 τὴν
436 3048 632 3120 ἀρχὴν,
651 3050 940 3119 γενόμενος
965 3052 1052 3103 ἐπ’
1076 3053 1266 3124 αὐτῆς,
1296 3055 1649 3128 ἰσχυροτέραν
1670 3059 1900 3113 ἀνάπτει

214 3137 318 3205 τὴν
364 3137 562 3205 φλόγα,
603 3138 699 3191 καί
731 3138 874 3192 κατά
911 3139 1113 3210 κράτος
1143 3140 1326 3205 ἁλοὺς,
1368 3143 1509 3215 ὑπὲρ
1541 3144 1637 3197 τοῦ
1677 3145 1902 3215 βεϐαίαν

217 3221 375 3294 {588]
405 3224 550 3293 ἔχειν
568 3225 739 3296 αὐτὴν
764 3227 933 3296 μυρία
962 3227 1224 3298 ὑπομένει
1254 3229 1423 3295 δεινὰ,
1443 3231 1547 3286 κᾶν
1575 3233 1902 3288 κολακεῦσαι

215 3312 334 3383 δέῃ,
366 3313 468 3365 κᾶν
500 3314 730 3382 ἀγεννές
763 3332 816 3367 τι
841 3315 935 3368 καὶ
955 3317 1173 3382 ἀνάξιον
1213 3319 1525 3389 ὑπομεῖναι,
1559 3321 1660 3374 κᾶν
1689 3325 1903 3394 χρήμα-

216 3416 284 3450 τα
317 3399 596 3453 ἀναλῶσαι
627 3399 798 3455 πολλά
824 3413 869 3454 ο.
915 3402 1036 3456 Ὅτι
1059 3404 1168 3474 γὰρ
1205 3405 1296 3458 καὶ
1327 3406 1502 3475 φόνων
1537 3407 1634 3470 τὰς
1667 3409 1900 3480 Ἐκκλη-

219 3486 346 3547 σίας
377 3485 684 3556 ἐνέπλησάν
724 3503 887 3554 τινες,
915 3490 1008 3542 καὶ
1047 3490 1228 3554 πόλεις
1267 3491 1602 3556 ἀναστάτους
1639 3494 1902 3566 ἐποίησαν

219 3574 363 3645 ὑπὲρ
385 3575 592 3644 ταύτης
623 3576 922 3646 μαχόμενοι
949 3577 1049 3648 τῆς
1077 3579 1274 3649 ἀρχῆς,
1304 3580 1542 3650 παρίημι
1566 3581 1682 3648 νῦν,
1710 3582 1784 3654 μὴ
1813 3585 1904 3636 καὶ

219 3665 427 3715 ἄπιστα
469 3663 606 3727 δόξω
642 3663 820 3732 λέγειν
861 3665 1022 3718 τισίν.
1079 3666 1280 3737 Ἐχρῆν
1311 3667 1389 3731 δὲ,
1432 3664 1603 3739 οἶμαι,
1635 3670 1902 3742 τοσαύτην

220 3751 314 3802 τοῦ
346 3751 675 3820 πράγματος
710 3751 856 3822 ἔχειν
889 3753 1304 3817 εύλάϐειαν,·ώς
1343 3755 1562 3826 καὶτῆς
1597 3757 1773 3828 ἀρχῆς
1807 3759 1902 3811 ἐκ-

221 3841 416 3906 φυγεῖν
448 3838 537 3891 τὸν
565 3839 748 3906 ὄγκον,
784 3840 878 3892 καὶ
907 3841 1045 3910 μετά
1073 3840 1133 3893 τὸ
1162 3841 1413 3908 γενέσθαι
1445 3843 1504 3896 ἐν
1537 3844 1674 3914 αὐτῇ
1705 3845 1780 3915 μὴ
1811 3863 1899 3897 πε-

224 3924 471 3995 ριμένειν
530 3926 627 3988 τάς
673 3928 804 3996 παρ’
841 3927 1046 3998 ἐτέρων
1095 3930 1328 3998 κρίσεις,
1378 3930 1429 3982 εἴ
1483 3947 1612 3982 ποτε
1664 3931 1905 4001 συμϐαίη

223 4012 548 4082 καθαίρεσιν
589 4013 770 4066 ἱκανὸν
805 4015 1143 4084 ἐργάσασθαι
1175 4016 1504 4087 ἁμάρτημα,
1539 4017 1675 4070 άλλά
1705 4019 1908 4089 προλα-

222 4100 388 4151 ϐόντα
417 4097 703 4152 ἐκϐάλλειν
732 4100 924 4151 ἐαυτὸν
961 4102 1058 4170 τῆς
1101 4102 1296 4172 ἀρχῆς.
1347 4102 1504 4155 υῦτω
1547 4104 1644 4174 μὲν
1680 4106 1789 4176 γάρ
1817 4108 1908 4159 καὶ

223 4185 374 4236 ἔλεον
405 4185 811 4238 ἐπισπάσασθαι
839 4184 990 4256 παρά
1015 4185 1109 4238 τοῦ
1142 4187 1278 4240 Θεοῦ
1300 4188 1446 4251 εἰκὸς
1469 4184 1556 4260 ἦν’
1594 4190 1656 4242 τὸ
1689 4191 1746 4242 δὲ
1782 4192 1909 4245 άντ-

224 4272 450 4342 έχεσθαι
487 4271 639 4343 παρά
670 4273 732 4325 τὸ
759 4273 969 4343 πρέπον
1006 4274 1105 4342 τῆς
1130 4274 1286 4340 ἀξίας
1327 4277 1508 4348 πάσης
1541 4279 1732 4332 ἑαυτὸν
1767 4281 1906 4334 ἀπο-

225 4362 441 4429 στερεῖν
471 4359 807 4430 συγγνώμης
837 4361 973 4425 ἐστὶ,
1007 4362 1100 4414 καὶ
1130 4363 1332 4432 μᾶλλον
1366 4365 1610 4418 ἐκκαίειν
1649 4366 1742 4420 τοῦ
1771 4368 1908 4421 Θεοῦ

223 4445 325 4515 τὴν
374 4445 566 4516 ὀργὴν,
619 4445 870 4518 δεύτερον
917 4446 1302 4520 χαλεπώτερον
1357 4450 1666 4519 προσθέντα
1719 4453 1905 4525 πλημ-

229 4533 368 4603 μέλη
379 4551 477 4604 μα.

304 4629 394 4674 ια’.
432 4621 570 4673 Ἀλλ’
609 4622 787 4685 οὐδεὶς
825 4622 1077 4687 ἀνέξεταί
1114 4640 1267 4679 ποτε.
1298 4626 1482 4678 Δεινὸν
1515 4625 1624 4698 γὰρ
1657 4627 1905 4697 ἀληθῶςι

223 4711 401 4763 δεινὴν
429 4710 490 4762 τὸ
511 4710 717 4780 ταύτης
735 4711 1020 4781 γλίχεσθαι
1041 4712 1142 4782 τῆς
1163 4713 1350 4784 τιμῆς.
1374 4715 1486 4767 Kal
1511 4716 1573 4767 ού
1603 4717 1911 4786 μαχόμενος

223 4795 307 4864 τῷ
333 4797 592 4868 μακαρίῳ
614 4797 813 4870 Παύλῳ
837 4799 1010 4853 ταῦτα
1034 4800 1200 4868 λέγω.
1225 4801 1361 4856 ἀλλά
1383 4804 1476 4856 xal
1499 4803 1640 4858 πάνυ
1674 4805 1912 4876 συνᾴδων

225 4883 397 4937 αὐτοῦ
442 4888 556 4948 τοῖς
600 4887 830 4956 ῥήμασι.
869 4888 935 4940 Τί
961 4888 1072 4960 γάρ
1106 4891 1312 4953 ἐκεῖνός
1341 4909 1540 4962 φησιν;
1563 4893 1637 4945 El
1667 4909 1757 4958 τις
1783 4893 1913 4946 ἐπι-

226 4976 476 5046 σκοπῆς
505 4977 794 5047 ίρέγεται,
829 4980 1021 5034 καλοῦ
1057 4981 1236 5051 ἔργου
1269 4981 1560 5052 ἐπιθυμεῖ.
1598 4983 1740 5052 Ἐγὼ
1766 4984 1822 5037 δὲ
1851 4984 1912 5036 ού

227 5065 322 5116 τοῦ
348 5063 534 5134 ἔργου,
559 5065 662 5135 τῆς
687 5065 743 5119 δέ
768 5066 1052 5130 αύθεντίας
1074 5068 1169 5121 καὶ
1193 5069 1507 5134 δυναστείας
1533 5071 1821 5141 ἐπιθυμεῖν
1845 5067 1916 5124 εἶ-

232 5170 333 5205 πον
359 5148 498 5206 εἶναι
527 5153 722 5206 δεινόν.
753 5155 864 5208 Kal
903 5155 1093 5208 τοῦτον
1120 5153 1272 5228 οἴμαι
1308 5158 1417 5212 δεῖν
1444 5159 1534 5212 τὸν
1571 5159 1733 5213 πόθον
1768 5160 1914 5233 πάσῃ
1941 5163 1966 5173 ’

229 5241 440 5311 σπουδῇ
477 5241 580 5309 τῆς
619 5241 800 5311 ψυχῆς
829 5242 1069 5308 ἐξωθεῖν,
1103 5246 1196 5297 καὶ
1227 5246 1364 5316 μηδὲ
1402 5245 1500 5317 τὴν
1528 5248 1705 5318 ἀρχὴν
1746 5265 1913 5302 κατα-

229 5331 492 5402 σχεθῆναι
519 5332 690 5401 αὐτὴν
731 5331 820 5384 ὑπ’
854 5332 1020 5386 αὐτοῦ
1056 5339 1380 5406 συγχωρεῖν,
1426 5337 1513 5390 ἵνα
1545 5339 1664 5407 μετ’
1697 5337 1914 5392 ἐλευθε-

300 5471 322 5534 f'
346 5469 460 5518 Sav.
486 5472 573 5518 κᾶν
594 5471 848 5533 ἐγκαλέσῃ.
870 5471 1007 5521 Unus
1027 5473 1134 5522 cod.
1159 5474 1247 5520 κᾶν
1273 5475 1544 5534 ἐγκαλέσαι.

297 5528 326 5567 li
351 5535 501 5596 §aviL
529 5539 582 5580 ei
603 5528 938 5596 gluidam’mss.
965 5537 1136 5596 ψυχῆς,
1162 5537 1192 5590 ἢ
1216 5528 1372 5584 ποθὲν.

298 5596 330 5663 τ’
350 5593 500 5641 Savil.
530 5601 582 5663 ιιι
604 5593 778 5663 Mo_r_el.
805 5602 860 5663 ui
879 5597 930 5663 in
958 5593 1126 5663 lci—iu.
1155 5597 1499 5663 Quigkimnms.
1547 5600 1586 5646 εἰ
1609 5600 1698 5662 γὰρ
1736 5603 1917 5663 κεφαλή

230 5654 263 5715 ἦ
276 5675 291 5699 ι
314 5655 646 5726 ίαχυρςιτάτην.
677 5656 810 5726 lJ_nus
832 5656 900 5703 δεῖ
920 5657 1008 5726 γάρ
1031 5659 1124 5726 τήν
1136 5660 1347 5726 κεφαλήν
1360 5661 1514 5726 ἰσχυρ.

299 5716 327 5785 ς
349 5716 500 5785 δεενίι.
525 5716 938 5785 οι-ιιυίᾳιιιηιηες.
962 5716 1072 5764 ὃταν
1101 5719 1168 5785 δέ.
1198 5716 1368 5769 Morel.
1393 5716 1445 5769 (Ξί
1469 5716 1554 5770 illi
1589 5724 1700 5772 ὅταν
1717 5724 1822 5785 γάρ.

299 5778 319 5798 ⁸
339 5775 538 5828 Addunt
559 5775 710 5840 aliqui
731 5778 864 5827 οὐδὲν
884 5779 1274 5842 παραιτούμενος.

1995 858 2199 928 πικράν
2238 855 2568 926 ὑπομένουσι
2595 853 2839 908 δουλείαν
2873 852 2968 906 καὶ
3001 851 3210 904 πολλῶν
3252 851 3534 922 γέμουσαν
3565 851 3674 905 τῶν

1994 944 2198 1008 κακῶν,
2238 944 2330 997 καὶ
2359 941 2667 1013 ἀνθρώποις
2713 941 2806 994 καὶ
2848 938 2968 1010 Θεῷ
3015 938 3376 1011 προσκρούειν
3430 937 3676 1005 ἀναγκά-

1994 1033 2177 1098 ζονται
2216 1030 2494 1093 πολλάκις.
2518 1031 2608 1082 Δεῖ
2633 1029 2690 1082 δὲ
2721 1028 2818 1098 ούχ
2845 1025 2988 1080 οὓτω
3013 1025 3319 1081 διακεῖσθαι
3345 1026 3448 1097 τὴν
3470 1025 3672 1097 ψυχὴν,

1994 1120 2129 1187 ἀλλ’,
2163 1118 2352 1190 ὥσπερ
2382 1120 2440 1171 ἐν
2469 1119 2580 1180 τοῖς
2620 1116 2878 1187 πολέμοις
2913 1117 3040 1179 τοὺς
3060 1115 3339 1182 γενναίους
3370 1115 3481 1169 τῶν
3507 1131 3676 1186 στρα-

1985 1207 2205 1262 -τιωτῶν
2233 1206 2452 1279 ὁρῶμεν
2479 1205 2574 1259 καί⁵
2599 1203 2970 1274 πολεμοῦντας
3009 1201 3307 1274 προθύμως
3333 1204 3428 1256 καὶ
3452 1203 3679 1257 πίπτον-

1993 1313 2093 1359 τας
2120 1295 2402 1368 ἀνδρείως,
2439 1291 2580 1347 οῦτω
2609 1292 2702 1344 καὶ
2731 1293 2856 1354 τοὺς
2881 1291 2974 1343 ἐπὶ
2993 1288 3196 1358 ταύτην
3216 1289 3452 1358 ἥκοντας
3480 1289 3580 1360 τὴν
3609 1291 3682 1343 οἰ-

1995 1384 2255 1454 κονομίαν
2289 1383 2384 1436 καὶ
2418 1379 2666 1453 ἱερᾶσθαι
2699 1380 2795 1434 καί
2828 1376 3203 1448 παραλύεσθαι
3235 1376 3334 1447 τῆς
3375 1377 3568 1449 ἀρχῆς,
3602 1376 3679 1440 ώς

1995 1473 2342 1544 Χριστιανοῖς
2375 1470 2491 1523 ἐστι
2529 1466 2808 1540 προσῆκον
2846 1465 3127 1536 ἀνδράσιν,
3164 1465 3372 1528 εἰδότας
3394 1465 3468 1528 ὡς
3505 1466 3539 1536 ἡ
3567 1483 3679 1519 τοι-

1996 1561 2134 1632 αύτη
2164 1558 2483 1630 καθαίρεσις
2507 1557 2608 1611 ούκ
2646 1556 2909 1610 ἐλάττονα
2933 1555 3090 1626 φέρει
3116 1554 3214 1625 τῆς
3236 1554 3410 1626 ἀρχῆς
3437 1553 3530 1607 τὸν
3561 1554 3682 1608 στέ-

1997 1665 2185 1716 φανον.
2211 1649 2380 1702 Ὅταν
2409 1646 2518 1717 γάρ
2551 1662 2635 1708 τις
2672 1644 2813 1714 ὑπὲρ
2837 1642 2931 1698 τοῦ
2967 1641 3134 1714 μηδὲν
3156 1642 3403 1712 ἀπρεπὲς
3433 1641 3553 1712 μηδ’
3587 1644 3682 1696 ἀν-

1996 1737 2145 1802 άξιον
2174 1736 2274 1806 τῆς
2302 1735 2461 1801 ἀξίας
2494 1735 2782 1804 ὑπομεῖναι
2820 1731 3038 1801 ἐκείνης
3077 1729 3223 1801 πάθῃ
3250 1747 3304 1782 τι
3325 1729 3558 1793 τοιοῦτο,
3586 1731 3680 1784 καὶ

1997 1827 2108 1888 τοῖς
2137 1824 2338 1887 ἀδίκως
2369 1821 2659 1880 καθελοῦσι
2690 1821 2789 1890 τὴν
2824 1819 3068 1885 κόλασιν,
3108 1819 3202 1872 καὶ
3243 1817 3419 1888 ἐαυτῷ
3456 1820 3682 1889 μείζονα

1999 1912 2250 1982 προξενεῖ
2265 1911 2356 1964 τὸν
2381 1910 2571 1981 μισθόν
2601 1908 2646 1962 ί.
2669 1907 2961 1977 Μακάριοι
2985 1905 3118 1978 γὰρ,
3147 1906 3336 1976 φησὶν,
3365 1906 3509 1959 ἐστὲ
3536 1905 3682 1960 ὅταν

2000 1999 2343 2054 ὅνειδίσωσι
2370 1998 2469 2052 καὶ
2504 1995 2800 2062 διώξωσιν
2832 1993 3010 2064 ὑμᾶς,
3043 1993 3139 2047 καὶ
3170 1994 3383 2047 εῖπωσι
3413 1991 3538 2047 πᾶν
3576 2009 3684 2048 πο-

1997 2088 2186 2157 νηρόν
2218 2085 2386 2157 ῥῆμα
2434 2086 2562 2140 καθ’
2612 2082 2776 2153 ὑμῶν
2818 2081 3204 2151 ψευδόμενοι,
3247 2081 3459 2135 ἕνεκεν
3512 2081 3660 2150 ἐμοῦ

1998 2177 2236 2246 χαίρετε
2271 2175 2370 2229 καὶ
2399 2169 2794 2243 ἀγαλλιᾶσθε,
2839 2171 2928 2224 ὅτι
2968 2169 3161 2235 πολύς
3190 2169 3362 2222 ἐστιν
3396 2172 3428 2222 ό
3465 2169 3682 2236 μισθὸς

1998 2262 2166 2333 ὑμῶν
2199 2262 2275 2316 ἐν
2295 2261 2418 2326 τοῖς
2446 2258 2744 2328 οὐρανοῖς.
2792 2257 2901 2310 Kal
2929 2257 3105 2312 ταῦτα
3145 2255 3244 2327 μὲν
3278 2256 3408 2308 ὅταν
3439 2254 3542 2308 ὑπὸ
3574 2255 3682 2309 τῶν

1999 2351 2285 2423 ὁμοταγῶν
2317 2350 2348 2421 ἦ
2379 2349 2466 2403 διά
2494 2348 2710 2417 φθόνον,
2748 2350 2780 2420 ἢ
2827 2347 2965 2417 πρὸς
3022 2345 3223 2418 ἐτέρων
3262 2346 3442 2416 χάριν,
3479 2345 3512 2416 ἢ
3549 2345 3684 2416 πρὸς

1999 2439 2318 2510 ἀπέχθειαν,
2363 2438 2395 2508 ἢ
2427 2437 2600 2509 ἑτέρῳ
2623 2437 2729 2490 τινὶ
2759 2436 2834 2507 μὴ
2863 2434 3012 2506 όρθῷ
3050 2453 3135 2498 τις
3180 2433 3512 2505 ἐκϐάλληται
3541 2433 3690 2502 λογι-

2003 2528 2142 2598 σμῷ·
2173 2529 2300 2581 ὅταν
2328 2527 2384 2579 δέ
2412 2527 2506 2580 καὶ
2536 2525 2641 2579 ὑπὸ
2669 2524 2778 2578 τῶν
2802 2523 3062 2578 ἐναντίων
3089 2521 3249 2576 τοῦτο
3283 2523 3516 2592 πάσχειν
3545 2539 3687 2592 συμ-

2003 2615 2184 2687 ϐαίνῃ.
2210 2615 2332 2668 ούδέ
2369 2614 2530 2682 λόγου
2567 2613 2677 2666 δεῖν
2701 2607 2854 2682 οἶμαι
2891 2610 3028 2683 πρὸς
3069 2609 3129 2663 τὸ
3167 2609 3340 2674 δεῖξαι
3377 2608 3438 2662 τὸ
3472 2608 3684 2679 κέρδος,

2002 2705 2124 2758 ὅσον
2149 2702 2298 2773 αύτῷ
2323 2701 2412 2756 διὰ
2442 2701 2544 2771 τῆς
2581 2699 2794 2754 ἑαυτῶν
2815 2697 3139 2767 συλλέγουσι
3171 2696 3436 2768 πονηρίας
3463 2699 3683 2756 ἐκεῖνοι.

2003 2791 2172 2844 Τοῦτο
2227 2785 2321 2844 οῦν
2377 2789 2460 2843 δεῖ
2515 2787 2854 2859 πανταχόθεν
2899 2789 3256 2860 περισκοπεῖν
3301 2785 3394 2838 καὶ
3441 2784 3689 2855 ἀκριϐῶς

2001 2879 2280 2948 διερευνᾷν
2316 2879 2362 2940 8,
2401 2877 2474 2946 μή
2504 2877 2605 2928 πού
2634 2893 2719 2939 τις
2748 2874 2983 2946 σπινθὴρ
3017 2873 3116 2943 τῆς
3142 2871 3443 2942 ἐπιθυμίας
3469 2871 3689 2940 ἐκείνης

2003 2964 2360 3034 ἐντυφόμενος
2409 2963 2565 3034 λάθῃ.
2631 2962 2942 3032 Ἀγαπητὸν
2989 2960 3098 3031 γὰρ
3133 2961 3378 3022 καὶτοὺς
3425 2959 3484 3024 ἐξ
3514 2959 3690 3028 ἀρχῆς

2003 3051 2408 3124 καθαρεύοντας
2442 3050 2535 3103 τοῦ
2573 3049 2797 3114 πάθους,
2825 3048 2988 3118 ἡνίκα
3020 3047 3086 3101 ἂν
3113 3048 3431 3117 ἐμπέσωσιν
3474 3048 3553 3110 είς
3591 3045 3690 3116 τὴν

2003 3141 2197 3212 ἀρχὴν,
2241 3137 2534 3208 δυνηθῆναι
2568 3137 2725 3190 τοῦτο
2767 3135 2920 3207 [589]
2953 3135 3260 3204 διαφυγεῖν.
3287 3135 3349 3186 Εἰ
3381 3133 3438 3186 δέ
3477 3151 3562 3195 τις
3597 3135 3692 3187 καὶ

2004 3229 2134 3300 πρὶν
2165 3227 2199 3298 ἦ
2235 3229 2420 3297 τυχεῖν
2462 3226 2559 3297 τῆς
2595 3225 2763 3295 τιμῆς
2800 3224 2990 3295 τρέφει
3036 3224 3166 3294 παρ’
3202 3221 3380 3292 ἐαυτῷ
3415 3222 3478 3274 τὸ
3515 3221 3690 3275 δεινὸν

2005 3317 2100 3370 καί
2122 3316 2335 3385 ἀπηνὲς
2361 3313 2522 3367 τοῦτο
2544 3313 2753 3384 θηρίον,
2780 3312 2900 3365 ούδέ
2925 3311 3074 3364 ἐστιν
3103 3312 3280 3364 εἰπεῖν
3306 3312 3386 3373 εἰς
3407 3311 3540 3380 ὅσην
3565 3310 3692 3362 ἐαυ-

2003 3404 2096 3457 τὸν
2130 3404 2363 3474 ἐμϐαλεῖ
2394 3403 2624 3473 κάμινον
2663 3401 2802 3472 μετά
2830 3400 2891 3454 τὸ
2920 3402 3124 3471 τυχεῖν.
3158 3399 3349 3470 Ἡμεῖς
3377 3398 3436 3452 δὲ
3467 3399 3584 3467 (καὶ
3613 3398 3688 3468 μή

2005 3509 2086 3544 τοι
2140 3491 2370 3564 νομίσῃς
2424 3489 2818 3562 μετριάζοντας
2864 3491 3011 3560 ἡμᾶς
3058 3487 3313 3558 ἐθελῆσαι
3363 3488 3428 3542 άν
3475 3488 3528 3540 τί
3561 3503 3691 3540 ποτε

2005 3577 2309 3648 ψεύσασθαι
2339 3579 2476 3650 πρὸς
2508 3579 2592 3647 σὲ)
2626 3578 2826 3649 πολλὴν
2860 3578 3064 3648 ταύτην
3089 3575 3407 3647 κεκτήμεθα
3442 3576 3542 3645 τὴν
3568 3577 3691 3626 ἐπι-

2007 3668 2230 3737 θυμίαν,
2270 3668 2366 3719 καὶ
2407 3667 2547 3736 μετά
2589 3666 2698 3720 τῶν
2737 3666 2914 3720 ἄλλων
2939 3665 3198 3720 ἁπάντων
3232 3665 3332 3734 οὐχ
3355 3659 3519 3734 ἦττον
3544 3665 3692 3733 ἡμᾶς

2009 3756 2102 3807 καὶ
2129 3755 2287 3808 τοῦτο
2313 3755 2575 3824 ἐφόϐησε,
2607 3755 2701 3808 καὶ
2723 3754 2860 3827 πρὸς
2892 3753 3096 3824 ταύτην
3130 3753 3327 3824 ἔτρεψε
3361 3752 3460 3824 τὴν
3487 3754 3687 3822 φυγήν.

2010 3842 2272 3912 Καθάπερ
2299 3841 2407 3913 γάρ
2432 3843 2480 3894 οἱ
2510 3842 2778 3911 σωμάτων
2807 3841 3065 3912 ἐρῶντες,
3089 3842 3203 3910 ἕως,
3230 3842 3330 3912 μὲν
3363 3841 3430 3894 ἂν
3465 3841 3695 3910 πλησίον

2010 3927 2150 3983 εἶναι
2183 3929 2294 3981 τῶν
2326 3928 2621 3998 ἐρωμένων
2652 3928 2769 3998 ἐξῇ,
2800 3928 3188 4000 χαλεπωτέραν
3215 3929 3310 3981 τοῦ
3347 3927 3556 3992 πάθους
3596 3930 3695 3998 τὴν

2012 4019 2244 4088 βάσανον
2274 4015 2510 4086 ἔχουσιν,
2541 4017 2669 4068 ὅταν
2707 4017 2765 4068 δὲ
2803 4017 2879 4079 ώς
2907 4017 3247 4088 πορρωτάτω
3284 4015 3394 4068 τῶν
3423 4015 3695 4087 ποθουμέ-

2010 4123 2114 4158 νων
2147 4103 2748 4171 ἐαυτοῦςάπαγάγωσι.
2781 4103 2874 4155 καὶ
2892 4102 2990 4173 τὴν
3027 4103 3225 4173 μανίαν
3255 4102 3569 4172 ἀπήλασανο
3601 4103 3696 4155 οῦ-

2008 4211 2085 4246 τω
2109 4193 2202 4246 καὶ
2225 4194 2337 4254 τοῖς
2357 4190 2560 4260 ταύτης
2584 4190 2910 4261 ἐπιθυμοῦσι
2937 4190 3035 4260 τῆς
3055 4191 3254 4263 ἀρχῆς,
3281 4191 3414 4244 ὅταν
3439 4192 3538 4262 μὲν
3569 4191 3695 4261 πλη-

2012 4281 2124 4334 σίον
2160 4280 2329 4350 αὐτῆς
2367 4279 2652 4348 γένωνται,
2679 4279 2954 4350 ἀφόρητον
2995 4278 3206 4348 γίνεται
3243 4279 3304 4332 τὸ
3334 4279 3524 4342 κακὸν,
3567 4281 3697 4333 ὅταν

2009 4370 2065 4423 δὲ
2092 4368 2456 4434 άπελπίσωσι,
2483 4370 2577 4422 καὶ
2609 4368 2710 4438 τὴν
2733 4367 3034 4438 ἐπιθυμίαν
3061 4368 3201 4438 μετά
3233 4368 3334 4439 τῆς
3362 4367 3696 4438 προσδοκίας

2013 4457 2266 4512 ἔσϐεσαν.

2085 4545 2172 4600 ιϐ’.
2192 4544 2306 4600 Μία
2331 4544 2428 4614 μὲν
2446 4539 2541 4597 οὖν
2565 4542 2705 4614 αὕτη
2736 4543 3009 4615 πρόφασις
3037 4545 3099 4598 ού
3139 4543 3331 4614 μικρά.
3351 4543 3492 4597 Ἀλλ’
3525 4546 3572 4598 εἰ
3603 4547 3696 4598 καὶ

2017 4635 2150 4705 μόνη
2193 4633 2315 4686 καθ’
2347 4633 2546 4704 ἑαυτὴν
2586 4629 2721 4687 οὖσα
2761 4633 3082 4704 ἐτύγχανεν,
3114 4635 3275 4705 ἱκανὴ
3307 4634 3514 4706 ταύτης
3548 4637 3696 4706 ἡμᾶς

2011 4720 2266 4792 ἀπεῖρξαι
2291 4723 2389 4792 τῆς
2416 4721 2592 4785 ἀξίας·
2620 4721 2716 4775 νῦν
2747 4722 2806 4775 δὲ
2837 4722 2931 4776 καὶ
2962 4722 3128 4793 ἑτέρα
3155 4723 3360 4794 ταύτης
3399 4725 3498 4795 οὐχ
3531 4719 3696 4794 ἦττον

2016 4809 2412 4881 προστέθειται.
2444 4809 2540 4871 Τίς
2561 4809 2617 4862 δέ
2648 4812 2794 4862 ἐστιν
2825 4809 2998 4881 αῦτη;
3023 4811 3303 4882 Νηφάλιον
3325 4809 3572 4866 εἶναιδεῖ
3603 4812 3696 4864 τὸν

2019 4899 2185 4969 ἱερέα,
2221 4899 2317 4951 καὶ
2343 4897 2671 4967 διορατικδν,
2707 4899 2803 4951 καὶ
2838 4897 3068 4970 μυρίους
3118 4901 3456 4972 πανταχόθεν
3497 4901 3698 4969 κεκτῆ-

2018 4985 2141 5038 σθαι
2185 4985 2312 5048 τοὺς
2350 4982 2686 5055 ὀφθαλμοὺς,
2725 4984 2803 5047 ὡς
2847 4985 2944 5056 ούχ
2986 4987 3166 5057 ἐαυτῷ
3209 4987 3393 5058 μόνον,
3435 4987 3574 5041 ἀλλά
3606 4990 3697 5040 καὶ

2018 5071 2210 5142 πλήθει
2237 5070 2414 5136 ζῶντα
2446 5071 2702 5142 τοσούτῳ.
2742 5073 2932 5144 Ἡμεῖς
2965 5073 3022 5127 δὲ
3048 5075 3132 5127 ὄτι
3158 5075 3358 5146 νωθροὶ
3382 5075 3475 5128 καὶ
3501 5093 3696 5146 παρει-

2021 5161 2171 5229 μένοι
2209 5160 2304 5213 καὶ
2334 5161 2471 5231 πρὸς
2501 5159 2600 5231 τὴν
2637 5160 2848 5214 ἑαυτῶν
2883 5161 3036 5232 μόλις
3060 5163 3358 5236 ἀρκοῦντες
3394 5163 3694 5234 σωτηρίαν,

2018 5246 2112 5301 καὶ
2145 5246 2307 5309 αὐτὸς
2331 5246 2397 5300 ἀν
2426 5247 2840 5319 ὁμολογήσειας,
2875 5250 2904 5301 ὁ
2931 5250 3168 5321 μάλιστα
3199 5253 3418 5305 πάντων
3452 5250 3522 5303 τὰ
3558 5251 3696 5320 ἡμέ-

2018 5352 2152 5406 τερα
2179 5335 2266 5388 διὰ
2299 5335 2363 5388 τὸ
2395 5337 2570 5405 φιλεῖν
2607 5335 2870 5408 κρύπτειν
2903 5337 3219 5403 σπουδάζων
3257 5338 3421 5392 κακά.
3457 5339 3550 5407 Μὴ
3589 5339 3694 5410 γάρ

2023 5444 2114 5497 μοι
2158 5428 2410 5498 νηστείαν
2434 5429 2668 5483 ἐνταῦθα
2697 5432 2878 5504 εἴπῃς,
2912 5432 3050 5502 μηδὲ
3075 5431 3411 5500 ἀγρυπνίαν,
3441 5433 3578 5503 μηδὲ
3602 5450 3694 5503 χα-

2023 5515 2267 5586 μευνίαν,
2303 5517 2396 5568 καὶ
2451 5517 2549 5584 τὴν
2595 5517 2790 5591 λοιπὴν
2832 5517 2928 5571 τοῦ
2968 5518 3220 5584 σώματος
3247 5519 3692 5590 σκληραγωγίαν·

2023 5603 2341 5657 καὶτούτων
2368 5605 2470 5674 μὲν
2498 5606 2605 5674 γάρ
2636 5606 2759 5659 ὅσον
2788 5607 3068 5676 ἀπέχομεν
3099 5602 3264 5671 οἶδας.
3298 5609 3359 5661 Εἰ
3393 5609 3450 5664 δέ
3496 5611 3588 5664 καὶ
3618 5611 3691 5676 εἰ(

2090 5723 2110 5761 ί
2137 5723 2301 5787 Aliqui
2323 5727 2530 5787 προξενεῖ
2551 5728 2634 5782 τήν
2667 5729 2822 5787 τιμήν.

2088 5787 2111 5824 ε
2135 5785 2234 5835 Alii
2258 5785 2591 5849 διερευνᾶσθαι.
2644 5785 2751 5837 Μυός
2780 5791 2861 5838 alii
2893 5790 3214 5852 ἐντυςίέμενος,
3242 5793 3325 5842 alii
3358 5793 3669 5856 ἐντυφιὸμιιιζ
