  <div class='ocr_page' id='page_1' title='image "/cluster/home/n/w/nwhite01/storage/ocr_20150623/48/nnc1.0046978267/130.png"; bbox 0 0 3890 6220; ppageno 0'>
   <div class='ocr_carea' id='block_1_1' title="bbox 210 286 316 343">
    <p class='ocr_par' dir='ltr' id='par_1_1' title="bbox 210 286 316 343">
     <span class='ocr_line' id='line_1_1' title="bbox 210 286 316 343; baseline 0 -1"><span class='ocrx_word' id='word_1_1' title='bbox 210 286 316 343; x_wconf 73' lang='lat' dir='ltr'><strong>6i&quot;)</strong></span> 
     </span>
    </p>
   </div>
   <div class='ocr_carea' id='block_1_2' title="bbox 214 388 1801 461">
    <p class='ocr_par' dir='ltr' id='par_1_2' title="bbox 214 388 1801 461">
     <span class='ocr_line' id='line_1_2' title="bbox 214 388 1801 461; baseline -0.004 -10"><span class='ocrx_word' id='word_1_2' title='bbox 214 411 327 453; x_wconf 74' lang='lat' dir='ltr'><strong>rate</strong></span> <span class='ocrx_word' id='word_1_3' title='bbox 353 394 744 457; x_wconf 85' lang='lat' dir='ltr'><strong>cxcolcrcutur,</strong></span> <span class='ocrx_word' id='word_1_4' title='bbox 777 392 909 448; x_wconf 82' lang='lat' dir='ltr'><strong>nihil</strong></span> <span class='ocrx_word' id='word_1_5' title='bbox 939 394 1054 448; x_wconf 70' lang='lat' dir='ltr'><strong>lucc</strong></span> <span class='ocrx_word' id='word_1_6' title='bbox 1086 407 1183 447; x_wconf 94' lang='lat' dir='ltr'><strong>nos</strong></span> <span class='ocrx_word' id='word_1_7' title='bbox 1210 398 1353 446; x_wconf 91' lang='lat' dir='ltr'><strong>tanta</strong></span> <span class='ocrx_word' id='word_1_8' title='bbox 1386 391 1550 445; x_wconf 89' lang='lat' dir='ltr'><strong>animi</strong></span> <span class='ocrx_word' id='word_1_9' title='bbox 1580 388 1801 461; x_wconf 93' lang='lat' dir='ltr'><strong>segnitie</strong></span> 
     </span>
    </p>
   </div>
   <div class='ocr_carea' id='block_1_3' title="bbox 216 481 1802 560">
    <p class='ocr_par' dir='ltr' id='par_1_3' title="bbox 216 481 1802 560">
     <span class='ocr_line' id='line_1_3' title="bbox 216 481 1802 560; baseline -0.006 -16"><span class='ocrx_word' id='word_1_10' title='bbox 216 489 469 560; x_wconf 75' lang='lat' dir='ltr'><strong>pra-ditus</strong></span> <span class='ocrx_word' id='word_1_11' title='bbox 490 486 557 543; x_wconf 88' lang='lat' dir='ltr'><strong>ad</strong></span> <span class='ocrx_word' id='word_1_12' title='bbox 580 488 716 542; x_wconf 86' lang='lat' dir='ltr'><strong>hanc</strong></span> <span class='ocrx_word' id='word_1_13' title='bbox 738 485 1105 556; x_wconf 76' lang='lat' dir='ltr'><strong>pnefecturam</strong></span> <span class='ocrx_word' id='word_1_14' title='bbox 1122 483 1393 554; x_wconf 87' lang='lat' dir='ltr'><strong>juvarent.</strong></span> <span class='ocrx_word' id='word_1_15' title='bbox 1418 482 1628 537; x_wconf 89' lang='lat' dir='ltr'><strong>llomini</strong></span> <span class='ocrx_word' id='word_1_16' title='bbox 1648 481 1802 551; x_wconf 90' lang='lat' dir='ltr'><strong>quip-</strong></span> 
     </span>
    </p>
   </div>
   <div class='ocr_carea' id='block_1_4' title="bbox 216 572 1808 653">
    <p class='ocr_par' dir='ltr' id='par_1_4' title="bbox 216 572 1808 653">
     <span class='ocr_line' id='line_1_4' title="bbox 216 572 1808 653; baseline -0.008 -15"><span class='ocrx_word' id='word_1_17' title='bbox 216 599 283 653; x_wconf 87' lang='lat' dir='ltr'><strong>pe</strong></span> <span class='ocrx_word' id='word_1_18' title='bbox 312 582 365 637; x_wconf 87' lang='lat' dir='ltr'><strong>in</strong></span> <span class='ocrx_word' id='word_1_19' title='bbox 390 580 707 637; x_wconf 79' lang='lat' dir='ltr'><strong>domuncula</strong></span> <span class='ocrx_word' id='word_1_20' title='bbox 727 577 953 649; x_wconf 89' lang='lat' dir='ltr'><strong>quadam</strong></span> <span class='ocrx_word' id='word_1_21' title='bbox 982 577 1185 632; x_wconf 89' lang='lat' dir='ltr'><strong>incluso</strong></span> <span class='ocrx_word' id='word_1_22' title='bbox 1205 585 1263 632; x_wconf 92' lang='lat' dir='ltr'><strong>et</strong></span> <span class='ocrx_word' id='word_1_23' title='bbox 1284 590 1379 631; x_wconf 91' lang='lat' dir='ltr'><strong>sua</strong></span> <span class='ocrx_word' id='word_1_24' title='bbox 1407 574 1577 631; x_wconf 91' lang='lat' dir='ltr'><strong>solum</strong></span> <span class='ocrx_word' id='word_1_25' title='bbox 1601 572 1808 628; x_wconf 91' lang='lat' dir='ltr'><strong>curanti</strong></span> 
     </span>
    </p>
   </div>
   <div class='ocr_carea' id='block_1_5' title="bbox 218 662 1811 744">
    <p class='ocr_par' dir='ltr' id='par_1_5' title="bbox 218 662 1811 744">
     <span class='ocr_line' id='line_1_5' title="bbox 218 662 1811 744; baseline -0.008 -15"><span class='ocrx_word' id='word_1_26' title='bbox 218 677 336 731; x_wconf 76' lang='lat' dir='ltr'><strong>lucc</strong></span> <span class='ocrx_word' id='word_1_27' title='bbox 362 688 606 744; x_wconf 88' lang='lat' dir='ltr'><strong>magnam</strong></span> <span class='ocrx_word' id='word_1_28' title='bbox 632 670 888 726; x_wconf 86' lang='lat' dir='ltr'><strong>afferrent</strong></span> <span class='ocrx_word' id='word_1_29' title='bbox 911 669 1224 732; x_wconf 90' lang='lat' dir='ltr'><strong>utilitatem;</strong></span> <span class='ocrx_word' id='word_1_30' title='bbox 1253 667 1347 722; x_wconf 90' lang='lat' dir='ltr'><strong>sed</strong></span> <span class='ocrx_word' id='word_1_31' title='bbox 1377 667 1428 720; x_wconf 89' lang='lat' dir='ltr'><strong>in</strong></span> <span class='ocrx_word' id='word_1_32' title='bbox 1452 674 1650 721; x_wconf 86' lang='lat' dir='ltr'><strong>tantam</strong></span> <span class='ocrx_word' id='word_1_33' title='bbox 1673 662 1811 718; x_wconf 90' lang='lat' dir='ltr'><strong>mul-</strong></span> 
     </span>
    </p>
   </div>
   <div class='ocr_carea' id='block_1_6' title="bbox 218 754 1809 829">
    <p class='ocr_par' dir='ltr' id='par_1_6' title="bbox 218 754 1809 829">
     <span class='ocr_line' id='line_1_6' title="bbox 218 754 1809 829; baseline -0.008 -9"><span class='ocrx_word' id='word_1_34' title='bbox 218 765 499 821; x_wconf 87' lang='lat' dir='ltr'><strong>titudinem</strong></span> <span class='ocrx_word' id='word_1_35' title='bbox 525 765 715 829; x_wconf 88' lang='lat' dir='ltr'><strong>scisso,</strong></span> <span class='ocrx_word' id='word_1_36' title='bbox 746 770 799 817; x_wconf 90' lang='lat' dir='ltr'><strong>et</strong></span> <span class='ocrx_word' id='word_1_37' title='bbox 827 763 1085 829; x_wconf 88' lang='lat' dir='ltr'><strong>cujusque</strong></span> <span class='ocrx_word' id='word_1_38' title='bbox 1117 758 1450 813; x_wconf 86' lang='lat' dir='ltr'><strong>subditorum</strong></span> <span class='ocrx_word' id='word_1_39' title='bbox 1485 754 1809 827; x_wconf 80' lang='lat' dir='ltr'><strong>peculiarem</strong></span> 
     </span>
    </p>
   </div>
   <div class='ocr_carea' id='block_1_7' title="bbox 216 847 1811 923">
    <p class='ocr_par' dir='ltr' id='par_1_7' title="bbox 216 847 1811 923">
     <span class='ocr_line' id='line_1_7' title="bbox 216 847 1811 923; baseline -0.008 -11"><span class='ocrx_word' id='word_1_40' title='bbox 216 854 630 912; x_wconf 79' lang='lat' dir='ltr'><strong>sollicitudinem</strong></span> <span class='ocrx_word' id='word_1_41' title='bbox 656 852 884 923; x_wconf 88' lang='lat' dir='ltr'><strong>gerenti,</strong></span> <span class='ocrx_word' id='word_1_42' title='bbox 911 850 1039 922; x_wconf 92' lang='lat' dir='ltr'><strong>quid</strong></span> <span class='ocrx_word' id='word_1_43' title='bbox 1064 849 1115 905; x_wconf 91' lang='lat' dir='ltr'><strong>id</strong></span> <span class='ocrx_word' id='word_1_44' title='bbox 1138 850 1271 905; x_wconf 91' lang='lat' dir='ltr'><strong>lucri</strong></span> <span class='ocrx_word' id='word_1_45' title='bbox 1297 848 1485 903; x_wconf 75' lang='lat' dir='ltr'><strong>afferat</strong></span> <span class='ocrx_word' id='word_1_46' title='bbox 1507 847 1575 903; x_wconf 88' lang='lat' dir='ltr'><strong>ad</strong></span> <span class='ocrx_word' id='word_1_47' title='bbox 1600 847 1811 902; x_wconf 90' lang='lat' dir='ltr'><strong>illorum</strong></span> 
     </span>
    </p>
   </div>
   <div class='ocr_carea' id='block_1_8' title="bbox 223 937 1813 1018">
    <p class='ocr_par' dir='ltr' id='par_1_8' title="bbox 223 937 1813 1018">
     <span class='ocr_line' id='line_1_8' title="bbox 223 937 1813 1018; baseline -0.006 -16"><span class='ocrx_word' id='word_1_48' title='bbox 223 947 518 1018; x_wconf 84' lang='lat' dir='ltr'><strong>profectum</strong></span> <span class='ocrx_word' id='word_1_49' title='bbox 538 987 554 1013; x_wconf 94' lang='lat'><strong>,</strong></span> <span class='ocrx_word' id='word_1_50' title='bbox 581 945 685 1000; x_wconf 88' lang='lat' dir='ltr'><strong>nisi</strong></span> <span class='ocrx_word' id='word_1_51' title='bbox 712 944 947 1000; x_wconf 87' lang='lat' dir='ltr'><strong>animum</strong></span> <span class='ocrx_word' id='word_1_52' title='bbox 972 943 1179 998; x_wconf 83' lang='lat' dir='ltr'><strong>virilem</strong></span> <span class='ocrx_word' id='word_1_53' title='bbox 1205 957 1268 997; x_wconf 91' lang='lat' dir='ltr'><strong>ac</strong></span> <span class='ocrx_word' id='word_1_54' title='bbox 1298 941 1643 997; x_wconf 85' lang='lat' dir='ltr'><strong>fortissimum</strong></span> <span class='ocrx_word' id='word_1_55' title='bbox 1669 937 1813 995; x_wconf 85' lang='lat' dir='ltr'><strong>obti-</strong></span> 
     </span>
    </p>
   </div>
   <div class='ocr_carea' id='block_1_9' title="bbox 225 1040 381 1094">
    <p class='ocr_par' dir='ltr' id='par_1_9' title="bbox 225 1040 381 1094">
     <span class='ocr_line' id='line_1_9' title="bbox 225 1040 381 1094; baseline -0.013 0"><span class='ocrx_word' id='word_1_56' title='bbox 225 1040 381 1094; x_wconf 86' lang='lat' dir='ltr'><strong>neat?</strong></span> 
     </span>
    </p>
   </div>
   <div class='ocr_carea' id='block_1_10' title="bbox 300 1121 1817 1195">
    <p class='ocr_par' dir='ltr' id='par_1_10' title="bbox 300 1121 1817 1195">
     <span class='ocr_line' id='line_1_10' title="bbox 300 1121 1817 1195; baseline -0.005 -11"><span class='ocrx_word' id='word_1_57' title='bbox 300 1131 385 1184; x_wconf 76' lang='grc'><strong>15.</strong></span> <span class='ocrx_word' id='word_1_58' title='bbox 419 1128 613 1183; x_wconf 75' lang='grc' dir='ltr'><em>Ρνωιεν</em></span> <span class='ocrx_word' id='word_1_59' title='bbox 638 1128 989 1183; x_wconf 74' lang='lat' dir='ltr'><strong>abstinentiam</strong></span> <span class='ocrx_word' id='word_1_60' title='bbox 1018 1126 1123 1181; x_wconf 83' lang='lat' dir='ltr'><strong>alia</strong></span> <span class='ocrx_word' id='word_1_61' title='bbox 1147 1124 1355 1195; x_wconf 75' lang='lat' dir='ltr'><strong>requiri.</strong></span> <span class='ocrx_word' id='word_1_62' title='bbox 1385 1153 1458 1163; x_wconf 92' lang='lat'><strong>—</strong></span> <span class='ocrx_word' id='word_1_63' title='bbox 1490 1121 1675 1192; x_wconf 87' lang='lat' dir='ltr'><strong>Neque</strong></span> <span class='ocrx_word' id='word_1_64' title='bbox 1712 1122 1817 1176; x_wconf 76' lang='lat' dir='ltr'><strong>mi—</strong></span> 
     </span>
    </p>
   </div>
   <div class='ocr_carea' id='block_1_11' title="bbox 236 1210 1818 1282">
    <p class='ocr_par' dir='ltr' id='par_1_11' title="bbox 236 1210 1818 1282">
     <span class='ocr_line' id='line_1_11' title="bbox 236 1210 1818 1282; baseline -0.006 -7"><span class='ocrx_word' id='word_1_65' title='bbox 236 1220 372 1275; x_wconf 84' lang='lat' dir='ltr'><strong>reris</strong></span> <span class='ocrx_word' id='word_1_66' title='bbox 395 1219 439 1274; x_wconf 89' lang='lat' dir='ltr'><strong>si</strong></span> <span class='ocrx_word' id='word_1_67' title='bbox 466 1233 586 1273; x_wconf 89' lang='lat' dir='ltr'><strong>cum</strong></span> <span class='ocrx_word' id='word_1_68' title='bbox 615 1227 758 1273; x_wconf 90' lang='lat' dir='ltr'><strong>tanta</strong></span> <span class='ocrx_word' id='word_1_69' title='bbox 785 1215 1061 1272; x_wconf 82' lang='lat' dir='ltr'><strong>tolerantia</strong></span> <span class='ocrx_word' id='word_1_70' title='bbox 1083 1217 1101 1247; x_wconf 68' lang='grc' dir='ltr'>ί</span> <span class='ocrx_word' id='word_1_71' title='bbox 1150 1214 1377 1269; x_wconf 89' lang='lat' dir='ltr'><strong>alterum</strong></span> <span class='ocrx_word' id='word_1_72' title='bbox 1430 1212 1641 1282; x_wconf 88' lang='lat' dir='ltr'><strong>postulo</strong></span> <span class='ocrx_word' id='word_1_73' title='bbox 1668 1210 1818 1266; x_wconf 87' lang='lat' dir='ltr'><strong>fortis</strong></span> 
     </span>
    </p>
   </div>
   <div class='ocr_carea' id='block_1_12' title="bbox 227 1306 1817 1380">
    <p class='ocr_par' dir='ltr' id='par_1_12' title="bbox 227 1306 1817 1380">
     <span class='ocr_line' id='line_1_12' title="bbox 227 1306 1817 1380; baseline -0.004 -16"><span class='ocrx_word' id='word_1_74' title='bbox 227 1312 390 1366; x_wconf 89' lang='lat' dir='ltr'><strong>animi</strong></span> <span class='ocrx_word' id='word_1_75' title='bbox 424 1310 869 1380; x_wconf 86' lang='lat' dir='ltr'><strong>experimentum.</strong></span> <span class='ocrx_word' id='word_1_76' title='bbox 898 1308 1031 1363; x_wconf 87' lang='lat' dir='ltr'><strong>Nam</strong></span> <span class='ocrx_word' id='word_1_77' title='bbox 1063 1308 1348 1363; x_wconf 91' lang='lat' dir='ltr'><strong>delicatum</strong></span> <span class='ocrx_word' id='word_1_78' title='bbox 1376 1306 1577 1369; x_wconf 86' lang='lat' dir='ltr'><strong>cibum,</strong></span> <span class='ocrx_word' id='word_1_79' title='bbox 1610 1312 1817 1375; x_wconf 92' lang='lat' dir='ltr'><strong>potum,</strong></span> 
     </span>
    </p>
   </div>
   <div class='ocr_carea' id='block_1_13' title="bbox 229 1396 1822 1472">
    <p class='ocr_par' dir='ltr' id='par_1_13' title="bbox 229 1396 1822 1472">
     <span class='ocr_line' id='line_1_13' title="bbox 229 1396 1822 1472; baseline -0.004 -14"><span class='ocrx_word' id='word_1_80' title='bbox 229 1404 425 1458; x_wconf 89' lang='lat' dir='ltr'><strong>lectum</strong></span> <span class='ocrx_word' id='word_1_81' title='bbox 448 1402 745 1472; x_wconf 87' lang='lat' dir='ltr'><strong>despicere,</strong></span> <span class='ocrx_word' id='word_1_82' title='bbox 770 1400 950 1455; x_wconf 90' lang='lat' dir='ltr'><strong>multis</strong></span> <span class='ocrx_word' id='word_1_83' title='bbox 971 1396 1126 1455; x_wconf 80' lang='lat' dir='ltr'><strong>facile</strong></span> <span class='ocrx_word' id='word_1_84' title='bbox 1146 1413 1267 1455; x_wconf 91' lang='lat' dir='ltr'><strong>esse</strong></span> <span class='ocrx_word' id='word_1_85' title='bbox 1286 1396 1529 1453; x_wconf 85' lang='lat' dir='ltr'><strong>videmus</strong></span> <span class='ocrx_word' id='word_1_86' title='bbox 1553 1414 1566 1450; x_wconf 89' lang='lat'><strong>:</strong></span> <span class='ocrx_word' id='word_1_87' title='bbox 1590 1396 1822 1451; x_wconf 82' lang='lat' dir='ltr'><strong>maxime</strong></span> 
     </span>
    </p>
   </div>
   <div class='ocr_carea' id='block_1_14' title="bbox 230 1488 1823 1563">
    <p class='ocr_par' dir='ltr' id='par_1_14' title="bbox 230 1488 1823 1563">
     <span class='ocr_line' id='line_1_14' title="bbox 230 1488 1823 1563; baseline -0.003 -16"><span class='ocrx_word' id='word_1_88' title='bbox 230 1510 361 1549; x_wconf 82' lang='lat' dir='ltr'><strong>vero</strong></span> <span class='ocrx_word' id='word_1_89' title='bbox 401 1494 465 1547; x_wconf 93' lang='lat' dir='ltr'><strong>iis</strong></span> <span class='ocrx_word' id='word_1_90' title='bbox 484 1534 500 1559; x_wconf 95' lang='lat'><strong>,</strong></span> <span class='ocrx_word' id='word_1_91' title='bbox 528 1492 618 1563; x_wconf 89' lang='lat' dir='ltr'><strong>qui</strong></span> <span class='ocrx_word' id='word_1_92' title='bbox 654 1501 840 1547; x_wconf 90' lang='lat' dir='ltr'><strong>natura</strong></span> <span class='ocrx_word' id='word_1_93' title='bbox 875 1492 1195 1562; x_wconf 87' lang='lat' dir='ltr'><strong>agrestiores</strong></span> <span class='ocrx_word' id='word_1_94' title='bbox 1215 1498 1273 1545; x_wconf 92' lang='lat' dir='ltr'><strong>et</strong></span> <span class='ocrx_word' id='word_1_95' title='bbox 1299 1504 1330 1543; x_wconf 89' lang='lat' dir='ltr'><strong>a</strong></span> <span class='ocrx_word' id='word_1_96' title='bbox 1356 1489 1552 1544; x_wconf 90' lang='lat' dir='ltr'><strong>teneris</strong></span> <span class='ocrx_word' id='word_1_97' title='bbox 1580 1488 1659 1544; x_wconf 88' lang='lat' dir='ltr'><strong>sic</strong></span> <span class='ocrx_word' id='word_1_98' title='bbox 1685 1488 1823 1543; x_wconf 90' lang='lat' dir='ltr'><strong>edu-</strong></span> 
     </span>
    </p>
   </div>
   <div class='ocr_carea' id='block_1_15' title="bbox 231 1582 1825 1652">
    <p class='ocr_par' dir='ltr' id='par_1_15' title="bbox 231 1582 1825 1652">
     <span class='ocr_line' id='line_1_15' title="bbox 231 1582 1825 1652; baseline -0.004 -13"><span class='ocrx_word' id='word_1_99' title='bbox 231 1586 337 1640; x_wconf 92' lang='lat' dir='ltr'><strong>cati</strong></span> <span class='ocrx_word' id='word_1_100' title='bbox 361 1592 513 1650; x_wconf 92' lang='lat' dir='ltr'><strong>sunt,</strong></span> <span class='ocrx_word' id='word_1_101' title='bbox 540 1599 602 1639; x_wconf 92' lang='lat' dir='ltr'><strong>ac</strong></span> <span class='ocrx_word' id='word_1_102' title='bbox 625 1584 807 1638; x_wconf 89' lang='lat' dir='ltr'><strong>multis</strong></span> <span class='ocrx_word' id='word_1_103' title='bbox 834 1584 959 1638; x_wconf 87' lang='lat' dir='ltr'><strong>item</strong></span> <span class='ocrx_word' id='word_1_104' title='bbox 987 1582 1106 1637; x_wconf 90' lang='lat' dir='ltr'><strong>aliis</strong></span> <span class='ocrx_word' id='word_1_105' title='bbox 1129 1582 1373 1652; x_wconf 89' lang='lat' dir='ltr'><strong>corporis</strong></span> <span class='ocrx_word' id='word_1_106' title='bbox 1402 1587 1825 1650; x_wconf 85' lang='lat' dir='ltr'><strong>temperamento</strong></span> 
     </span>
    </p>
   </div>
   <div class='ocr_carea' id='block_1_16' title="bbox 234 1673 1826 1748">
    <p class='ocr_par' dir='ltr' id='par_1_16' title="bbox 234 1673 1826 1748">
     <span class='ocr_line' id='line_1_16' title="bbox 234 1673 1826 1748; baseline -0.004 -17"><span class='ocrx_word' id='word_1_107' title='bbox 234 1689 391 1748; x_wconf 84' lang='lat' dir='ltr'><strong>atque</strong></span> <span class='ocrx_word' id='word_1_108' title='bbox 424 1677 812 1733; x_wconf 89' lang='lat' dir='ltr'><strong>consuetudine</strong></span> <span class='ocrx_word' id='word_1_109' title='bbox 853 1676 1094 1731; x_wconf 90' lang='lat' dir='ltr'><strong>laborum</strong></span> <span class='ocrx_word' id='word_1_110' title='bbox 1139 1674 1444 1745; x_wconf 91' lang='lat' dir='ltr'><strong>hujusmodi</strong></span> <span class='ocrx_word' id='word_1_111' title='bbox 1483 1673 1826 1743; x_wconf 87' lang='lat' dir='ltr'><strong>asperitatem</strong></span> 
     </span>
    </p>
   </div>
   <div class='ocr_carea' id='block_1_17' title="bbox 236 1764 1829 1840">
    <p class='ocr_par' dir='ltr' id='par_1_17' title="bbox 236 1764 1829 1840">
     <span class='ocr_line' id='line_1_17' title="bbox 236 1764 1829 1840; baseline -0.005 -16"><span class='ocrx_word' id='word_1_112' title='bbox 236 1769 615 1840; x_wconf 78' lang='lat' dir='ltr'><strong>mitigantibus.</strong></span> <span class='ocrx_word' id='word_1_113' title='bbox 631 1768 1105 1831; x_wconf 78' lang='lat' dir='ltr'><strong>Atcontumeliam,</strong></span> <span class='ocrx_word' id='word_1_114' title='bbox 1119 1765 1392 1829; x_wconf 89' lang='lat' dir='ltr'><strong>damnum,</strong></span> <span class='ocrx_word' id='word_1_115' title='bbox 1408 1764 1688 1818; x_wconf 89' lang='lat' dir='ltr'><strong>molestum</strong></span> <span class='ocrx_word' id='word_1_116' title='bbox 1708 1777 1829 1817; x_wconf 89' lang='lat' dir='ltr'><strong>vcr-</strong></span> 
     </span>
    </p>
   </div>
   <div class='ocr_carea' id='block_1_18' title="bbox 239 1854 1829 1927">
    <p class='ocr_par' dir='ltr' id='par_1_18' title="bbox 239 1854 1829 1927">
     <span class='ocr_line' id='line_1_18' title="bbox 239 1854 1829 1927; baseline -0.005 -11"><span class='ocrx_word' id='word_1_117' title='bbox 239 1863 386 1927; x_wconf 89' lang='lat' dir='ltr'><strong>bum,</strong></span> <span class='ocrx_word' id='word_1_118' title='bbox 409 1862 632 1918; x_wconf 85' lang='lat' dir='ltr'><strong>dicteria</strong></span> <span class='ocrx_word' id='word_1_119' title='bbox 652 1860 720 1915; x_wconf 90' lang='lat' dir='ltr'><strong>ab</strong></span> <span class='ocrx_word' id='word_1_120' title='bbox 747 1859 1086 1915; x_wconf 91' lang='lat' dir='ltr'><strong>inferioribus</strong></span> <span class='ocrx_word' id='word_1_121' title='bbox 1112 1869 1220 1913; x_wconf 90' lang='lat' dir='ltr'><strong>tum</strong></span> <span class='ocrx_word' id='word_1_122' title='bbox 1251 1869 1473 1923; x_wconf 88' lang='lat' dir='ltr'><strong>temere,</strong></span> <span class='ocrx_word' id='word_1_123' title='bbox 1498 1864 1607 1911; x_wconf 88' lang='lat' dir='ltr'><strong>tutu</strong></span> <span class='ocrx_word' id='word_1_124' title='bbox 1633 1854 1686 1909; x_wconf 87' lang='lat' dir='ltr'><strong>in</strong></span> <span class='ocrx_word' id='word_1_125' title='bbox 1712 1855 1829 1924; x_wconf 88' lang='lat' dir='ltr'><strong>ipso</strong></span> 
     </span>
    </p>
   </div>
   <div class='ocr_carea' id='block_1_19' title="bbox 236 1949 1830 2023">
    <p class='ocr_par' dir='ltr' id='par_1_19' title="bbox 236 1949 1830 2023">
     <span class='ocr_line' id='line_1_19' title="bbox 236 1949 1830 2023; baseline -0.004 -18"><span class='ocrx_word' id='word_1_126' title='bbox 236 1953 435 2023; x_wconf 87' lang='lat' dir='ltr'><strong>judicio</strong></span> <span class='ocrx_word' id='word_1_127' title='bbox 461 1952 667 2021; x_wconf 88' lang='lat' dir='ltr'><strong>prolata</strong></span> <span class='ocrx_word' id='word_1_128' title='bbox 689 1992 706 2019; x_wconf 96' lang='lat'><strong>,</strong></span> <span class='ocrx_word' id='word_1_129' title='bbox 736 1950 1100 2021; x_wconf 87' lang='lat' dir='ltr'><strong>querimonias</strong></span> <span class='ocrx_word' id='word_1_130' title='bbox 1127 1949 1324 2004; x_wconf 80' lang='lat' dir='ltr'><strong>frustra</strong></span> <span class='ocrx_word' id='word_1_131' title='bbox 1350 1956 1406 2003; x_wconf 92' lang='lat' dir='ltr'><strong>et</strong></span> <span class='ocrx_word' id='word_1_132' title='bbox 1433 1957 1635 2003; x_wconf 88' lang='lat' dir='ltr'><strong>temere</strong></span> <span class='ocrx_word' id='word_1_133' title='bbox 1660 1954 1769 2000; x_wconf 89' lang='lat' dir='ltr'><strong>tum</strong></span> <span class='ocrx_word' id='word_1_134' title='bbox 1799 1960 1830 2000; x_wconf 93' lang='lat' dir='ltr'><strong>a</strong></span> 
     </span>
    </p>
   </div>
   <div class='ocr_carea' id='block_1_20' title="bbox 240 2035 1833 2114">
    <p class='ocr_par' dir='ltr' id='par_1_20' title="bbox 240 2035 1833 2114">
     <span class='ocr_line' id='line_1_20' title="bbox 240 2035 1833 2114; baseline -0.002 -20"><span class='ocrx_word' id='word_1_135' title='bbox 240 2043 568 2114; x_wconf 77' lang='lat' dir='ltr'><strong>principibus</strong></span> <span class='ocrx_word' id='word_1_136' title='bbox 601 2052 710 2097; x_wconf 92' lang='lat' dir='ltr'><strong>tum</strong></span> <span class='ocrx_word' id='word_1_137' title='bbox 746 2056 775 2095; x_wconf 96' lang='lat' dir='ltr'><strong>a</strong></span> <span class='ocrx_word' id='word_1_138' title='bbox 817 2040 1043 2097; x_wconf 89' lang='lat' dir='ltr'><strong>subditis</strong></span> <span class='ocrx_word' id='word_1_139' title='bbox 1069 2039 1307 2106; x_wconf 88' lang='lat' dir='ltr'><strong>oblatas,</strong></span> <span class='ocrx_word' id='word_1_140' title='bbox 1348 2052 1455 2094; x_wconf 93' lang='lat' dir='ltr'><strong>non</strong></span> <span class='ocrx_word' id='word_1_141' title='bbox 1494 2036 1648 2092; x_wconf 89' lang='lat' dir='ltr'><strong>multi</strong></span> <span class='ocrx_word' id='word_1_142' title='bbox 1692 2035 1833 2091; x_wconf 87' lang='lat' dir='ltr'><strong>ferre</strong></span> 
     </span>
    </p>
   </div>
   <div class='ocr_carea' id='block_1_21' title="bbox 245 2130 1834 2205">
    <p class='ocr_par' dir='ltr' id='par_1_21' title="bbox 245 2130 1834 2205">
     <span class='ocr_line' id='line_1_21' title="bbox 245 2130 1834 2205; baseline -0.006 -14"><span class='ocrx_word' id='word_1_143' title='bbox 245 2144 505 2205; x_wconf 86' lang='lat' dir='ltr'><strong>possunt,</strong></span> <span class='ocrx_word' id='word_1_144' title='bbox 542 2134 639 2192; x_wconf 82' lang='lat' dir='ltr'><strong>sed</strong></span> <span class='ocrx_word' id='word_1_145' title='bbox 678 2151 815 2189; x_wconf 90' lang='lat' dir='ltr'><strong>unus</strong></span> <span class='ocrx_word' id='word_1_146' title='bbox 859 2133 1084 2189; x_wconf 79' lang='lat' dir='ltr'><strong>fortasse</strong></span> <span class='ocrx_word' id='word_1_147' title='bbox 1117 2131 1202 2187; x_wconf 91' lang='lat' dir='ltr'><strong>vel</strong></span> <span class='ocrx_word' id='word_1_148' title='bbox 1241 2131 1395 2187; x_wconf 88' lang='lat' dir='ltr'><strong>alter.</strong></span> <span class='ocrx_word' id='word_1_149' title='bbox 1426 2130 1725 2199; x_wconf 82' lang='lat' dir='ltr'><strong>Videreque</strong></span> <span class='ocrx_word' id='word_1_150' title='bbox 1752 2137 1834 2183; x_wconf 89' lang='lat' dir='ltr'><strong>est</strong></span> 
     </span>
    </p>
   </div>
   <div class='ocr_carea' id='block_1_22' title="bbox 244 2222 1838 2293">
    <p class='ocr_par' dir='ltr' id='par_1_22' title="bbox 244 2222 1838 2293">
     <span class='ocr_line' id='line_1_22' title="bbox 244 2222 1838 2293; baseline -0.004 -12"><span class='ocrx_word' id='word_1_151' title='bbox 244 2230 403 2282; x_wconf 53' lang='lat' dir='ltr'><strong>etiam</strong></span> <span class='ocrx_word' id='word_1_152' title='bbox 430 2228 574 2282; x_wconf 85' lang='lat' dir='ltr'><strong>viros</strong></span> <span class='ocrx_word' id='word_1_153' title='bbox 599 2226 762 2282; x_wconf 84' lang='lat' dir='ltr'><strong>fortes</strong></span> <span class='ocrx_word' id='word_1_154' title='bbox 786 2225 854 2281; x_wconf 92' lang='lat' dir='ltr'><strong>ad</strong></span> <span class='ocrx_word' id='word_1_155' title='bbox 884 2226 999 2281; x_wconf 59' lang='lat' dir='ltr'><strong>haec</strong></span> <span class='ocrx_word' id='word_1_156' title='bbox 1026 2226 1096 2279; x_wconf 91' lang='lat' dir='ltr'><strong>ita</strong></span> <span class='ocrx_word' id='word_1_157' title='bbox 1119 2239 1217 2279; x_wconf 91' lang='lat' dir='ltr'><strong>ceu</strong></span> <span class='ocrx_word' id='word_1_158' title='bbox 1251 2222 1511 2293; x_wconf 83' lang='lat' dir='ltr'><strong>vertigine</strong></span> <span class='ocrx_word' id='word_1_159' title='bbox 1534 2231 1719 2291; x_wconf 87' lang='lat' dir='ltr'><strong>captos</strong></span> <span class='ocrx_word' id='word_1_160' title='bbox 1737 2260 1753 2286; x_wconf 93' lang='lat'><strong>,</strong></span> <span class='ocrx_word' id='word_1_161' title='bbox 1780 2226 1838 2274; x_wconf 89' lang='lat' dir='ltr'><strong>ut</strong></span> 
     </span>
    </p>
   </div>
   <div class='ocr_carea' id='block_1_23' title="bbox 247 2310 1836 2384">
    <p class='ocr_par' dir='ltr' id='par_1_23' title="bbox 247 2310 1836 2384">
     <span class='ocr_line' id='line_1_23' title="bbox 247 2310 1836 2384; baseline -0.004 -12"><span class='ocrx_word' id='word_1_162' title='bbox 247 2320 334 2376; x_wconf 70' lang='lat' dir='ltr'><strong>vel</strong></span> <span class='ocrx_word' id='word_1_163' title='bbox 378 2318 776 2375; x_wconf 87' lang='lat' dir='ltr'><strong>immanissimis</strong></span> <span class='ocrx_word' id='word_1_164' title='bbox 818 2318 1007 2374; x_wconf 87' lang='lat' dir='ltr'><strong>belluis</strong></span> <span class='ocrx_word' id='word_1_165' title='bbox 1051 2316 1216 2371; x_wconf 90' lang='lat' dir='ltr'><strong>ferius</strong></span> <span class='ocrx_word' id='word_1_166' title='bbox 1260 2324 1641 2384; x_wconf 79' lang='lat' dir='ltr'><strong>exasperentur</strong></span> <span class='ocrx_word' id='word_1_167' title='bbox 1682 2329 1695 2365; x_wconf 92' lang='lat'><strong>:</strong></span> <span class='ocrx_word' id='word_1_168' title='bbox 1738 2310 1836 2365; x_wconf 89' lang='lat' dir='ltr'><strong>hos</strong></span> 
     </span>
    </p>
   </div>
   <div class='ocr_carea' id='block_1_24' title="bbox 249 2405 1838 2479">
    <p class='ocr_par' dir='ltr' id='par_1_24' title="bbox 249 2405 1838 2479">
     <span class='ocr_line' id='line_1_24' title="bbox 249 2405 1838 2479; baseline -0.003 -14"><span class='ocrx_word' id='word_1_169' title='bbox 249 2428 377 2467; x_wconf 71' lang='lat' dir='ltr'><strong>vero</strong></span> <span class='ocrx_word' id='word_1_170' title='bbox 405 2412 635 2467; x_wconf 80' lang='lat' dir='ltr'><strong>maxime</strong></span> <span class='ocrx_word' id='word_1_171' title='bbox 667 2427 695 2465; x_wconf 90' lang='lat' dir='ltr'><strong>a</strong></span> <span class='ocrx_word' id='word_1_172' title='bbox 726 2409 1010 2466; x_wconf 89' lang='lat' dir='ltr'><strong>sacerdotii</strong></span> <span class='ocrx_word' id='word_1_173' title='bbox 1045 2410 1210 2479; x_wconf 84' lang='lat' dir='ltr'><strong>septis</strong></span> <span class='ocrx_word' id='word_1_174' title='bbox 1235 2423 1500 2463; x_wconf 85' lang='lat' dir='ltr'><strong>arcemus.</strong></span> <span class='ocrx_word' id='word_1_175' title='bbox 1533 2405 1838 2462; x_wconf 85' lang='lat' dir='ltr'><strong>Antistitem</strong></span> 
     </span>
    </p>
   </div>
   <div class='ocr_carea' id='block_1_25' title="bbox 249 2496 1838 2572">
    <p class='ocr_par' dir='ltr' id='par_1_25' title="bbox 249 2496 1838 2572">
     <span class='ocr_line' id='line_1_25' title="bbox 249 2496 1838 2572; baseline -0.006 -15"><span class='ocrx_word' id='word_1_176' title='bbox 249 2502 445 2572; x_wconf 89' lang='lat' dir='ltr'><strong>quippe</strong></span> <span class='ocrx_word' id='word_1_177' title='bbox 479 2517 580 2556; x_wconf 91' lang='lat' dir='ltr'><strong>nec</strong></span> <span class='ocrx_word' id='word_1_178' title='bbox 618 2500 792 2556; x_wconf 88' lang='lat' dir='ltr'><strong>inedia</strong></span> <span class='ocrx_word' id='word_1_179' title='bbox 819 2499 1089 2565; x_wconf 80' lang='lat' dir='ltr'><strong>afﬂictari,</strong></span> <span class='ocrx_word' id='word_1_180' title='bbox 1123 2514 1223 2553; x_wconf 92' lang='lat' dir='ltr'><strong>nec</strong></span> <span class='ocrx_word' id='word_1_181' title='bbox 1258 2497 1415 2552; x_wconf 88' lang='lat' dir='ltr'><strong>nudis</strong></span> <span class='ocrx_word' id='word_1_182' title='bbox 1443 2496 1666 2567; x_wconf 88' lang='lat' dir='ltr'><strong>pedibus</strong></span> <span class='ocrx_word' id='word_1_183' title='bbox 1691 2496 1838 2549; x_wconf 84' lang='lat' dir='ltr'><strong>ince-</strong></span> 
     </span>
    </p>
   </div>
   <div class='ocr_carea' id='block_1_26' title="bbox 250 2587 1837 2661">
    <p class='ocr_par' dir='ltr' id='par_1_26' title="bbox 250 2587 1837 2661">
     <span class='ocr_line' id='line_1_26' title="bbox 250 2587 1837 2661; baseline -0.005 -12"><span class='ocrx_word' id='word_1_184' title='bbox 250 2595 401 2661; x_wconf 89' lang='lat' dir='ltr'><strong>dere,</strong></span> <span class='ocrx_word' id='word_1_185' title='bbox 428 2594 480 2649; x_wconf 88' lang='lat' dir='ltr'><strong>id</strong></span> <span class='ocrx_word' id='word_1_186' title='bbox 501 2610 630 2649; x_wconf 88' lang='lat' dir='ltr'><strong>sane</strong></span> <span class='ocrx_word' id='word_1_187' title='bbox 657 2594 907 2649; x_wconf 67' lang='lat' dir='ltr'><strong>Ecclesia:</strong></span> <span class='ocrx_word' id='word_1_188' title='bbox 926 2593 1085 2649; x_wconf 54' lang='lat' dir='ltr'><strong>coetui</strong></span> <span class='ocrx_word' id='word_1_189' title='bbox 1106 2593 1235 2647; x_wconf 87' lang='lat' dir='ltr'><strong>nihil</strong></span> <span class='ocrx_word' id='word_1_190' title='bbox 1255 2590 1441 2646; x_wconf 89' lang='lat' dir='ltr'><strong>afferet</strong></span> <span class='ocrx_word' id='word_1_191' title='bbox 1479 2587 1791 2645; x_wconf 87' lang='lat' dir='ltr'><strong>detrimenti</strong></span> <span class='ocrx_word' id='word_1_192' title='bbox 1823 2604 1837 2641; x_wconf 89' lang='lat'><strong>:</strong></span> 
     </span>
    </p>
   </div>
   <div class='ocr_carea' id='block_1_27' title="bbox 253 2680 1845 2754">
    <p class='ocr_par' dir='ltr' id='par_1_27' title="bbox 253 2680 1845 2754">
     <span class='ocr_line' id='line_1_27' title="bbox 253 2680 1845 2754; baseline -0.003 -14"><span class='ocrx_word' id='word_1_193' title='bbox 253 2687 402 2741; x_wconf 87' lang='lat' dir='ltr'><strong>furor</strong></span> <span class='ocrx_word' id='word_1_194' title='bbox 438 2695 617 2741; x_wconf 88' lang='lat' dir='ltr'><strong>autem</strong></span> <span class='ocrx_word' id='word_1_195' title='bbox 656 2686 819 2741; x_wconf 87' lang='lat' dir='ltr'><strong>animi</strong></span> <span class='ocrx_word' id='word_1_196' title='bbox 861 2694 916 2741; x_wconf 94' lang='lat' dir='ltr'><strong>ct</strong></span> <span class='ocrx_word' id='word_1_197' title='bbox 958 2685 1033 2739; x_wconf 91' lang='lat' dir='ltr'><strong>illi</strong></span> <span class='ocrx_word' id='word_1_198' title='bbox 1069 2694 1121 2739; x_wconf 92' lang='lat' dir='ltr'><strong>et</strong></span> <span class='ocrx_word' id='word_1_199' title='bbox 1162 2684 1404 2754; x_wconf 87' lang='lat' dir='ltr'><strong>proximo</strong></span> <span class='ocrx_word' id='word_1_200' title='bbox 1447 2697 1666 2753; x_wconf 88' lang='lat' dir='ltr'><strong>magnas</strong></span> <span class='ocrx_word' id='word_1_201' title='bbox 1705 2680 1845 2752; x_wconf 87' lang='lat' dir='ltr'><strong>parit</strong></span> 
     </span>
    </p>
   </div>
   <div class='ocr_carea' id='block_1_28' title="bbox 254 2774 1844 2847">
    <p class='ocr_par' dir='ltr' id='par_1_28' title="bbox 254 2774 1844 2847">
     <span class='ocr_line' id='line_1_28' title="bbox 254 2774 1844 2847; baseline -0.003 -16"><span class='ocrx_word' id='word_1_202' title='bbox 254 2779 602 2833; x_wconf 85' lang='lat' dir='ltr'><strong>calamitates.</strong></span> <span class='ocrx_word' id='word_1_203' title='bbox 643 2780 817 2847; x_wconf 78' lang='lat' dir='ltr'><strong>Atque</strong></span> <span class='ocrx_word' id='word_1_204' title='bbox 856 2777 922 2831; x_wconf 90' lang='lat' dir='ltr'><strong>iis</strong></span> <span class='ocrx_word' id='word_1_205' title='bbox 963 2776 1208 2845; x_wconf 83' lang='lat' dir='ltr'><strong>quidem,</strong></span> <span class='ocrx_word' id='word_1_206' title='bbox 1246 2778 1336 2845; x_wconf 92' lang='lat' dir='ltr'><strong>qui</strong></span> <span class='ocrx_word' id='word_1_207' title='bbox 1376 2790 1533 2844; x_wconf 91' lang='lat' dir='ltr'><strong>supra</strong></span> <span class='ocrx_word' id='word_1_208' title='bbox 1560 2774 1701 2829; x_wconf 84' lang='lat' dir='ltr'><strong>dicta</strong></span> <span class='ocrx_word' id='word_1_209' title='bbox 1737 2788 1844 2827; x_wconf 93' lang='lat' dir='ltr'><strong>non</strong></span> 
     </span>
    </p>
   </div>
   <div class='ocr_carea' id='block_1_29' title="bbox 257 2866 1845 2937">
    <p class='ocr_par' dir='ltr' id='par_1_29' title="bbox 257 2866 1845 2937">
     <span class='ocr_line' id='line_1_29' title="bbox 257 2866 1845 2937; baseline -0.003 -15"><span class='ocrx_word' id='word_1_210' title='bbox 257 2878 538 2937; x_wconf 71' lang='lat' dir='ltr'><strong>pnestant,</strong></span> <span class='ocrx_word' id='word_1_211' title='bbox 567 2868 705 2922; x_wconf 90' lang='lat' dir='ltr'><strong>nulla</strong></span> <span class='ocrx_word' id='word_1_212' title='bbox 730 2883 761 2922; x_wconf 89' lang='lat' dir='ltr'><strong>a</strong></span> <span class='ocrx_word' id='word_1_213' title='bbox 787 2868 900 2922; x_wconf 89' lang='lat' dir='ltr'><strong>Deo</strong></span> <span class='ocrx_word' id='word_1_214' title='bbox 926 2866 1273 2921; x_wconf 87' lang='lat' dir='ltr'><strong>comminatio</strong></span> <span class='ocrx_word' id='word_1_215' title='bbox 1299 2884 1313 2921; x_wconf 92' lang='lat'>:</span> <span class='ocrx_word' id='word_1_216' title='bbox 1340 2873 1396 2918; x_wconf 92' lang='lat' dir='ltr'><strong>at</strong></span> <span class='ocrx_word' id='word_1_217' title='bbox 1423 2875 1622 2919; x_wconf 89' lang='lat' dir='ltr'><strong>temere</strong></span> <span class='ocrx_word' id='word_1_218' title='bbox 1645 2878 1845 2918; x_wconf 87' lang='lat' dir='ltr'><strong>excan-</strong></span> 
     </span>
    </p>
   </div>
   <div class='ocr_carea' id='block_1_30' title="bbox 254 2956 1847 3031">
    <p class='ocr_par' dir='ltr' id='par_1_30' title="bbox 254 2956 1847 3031">
     <span class='ocr_line' id='line_1_30' title="bbox 254 2956 1847 3031; baseline -0.002 -18"><span class='ocrx_word' id='word_1_219' title='bbox 254 2959 597 3015; x_wconf 90' lang='lat' dir='ltr'><strong>descentibus</strong></span> <span class='ocrx_word' id='word_1_220' title='bbox 643 2967 698 3015; x_wconf 90' lang='lat' dir='ltr'><strong>et</strong></span> <span class='ocrx_word' id='word_1_221' title='bbox 741 2958 1037 3031; x_wconf 90' lang='lat' dir='ltr'><strong>gehennam</strong></span> <span class='ocrx_word' id='word_1_222' title='bbox 1082 2967 1138 3012; x_wconf 92' lang='lat' dir='ltr'><strong>et</strong></span> <span class='ocrx_word' id='word_1_223' title='bbox 1180 2957 1438 3027; x_wconf 66' lang='lat' dir='ltr'><strong>gehennae</strong></span> <span class='ocrx_word' id='word_1_224' title='bbox 1484 2956 1660 3027; x_wconf 80' lang='lat' dir='ltr'><strong>ignem</strong></span> <span class='ocrx_word' id='word_1_225' title='bbox 1705 2956 1847 3010; x_wconf 89' lang='lat' dir='ltr'><strong>Deus</strong></span> 
     </span>
    </p>
   </div>
   <div class='ocr_carea' id='block_1_31' title="bbox 258 3046 1848 3122">
    <p class='ocr_par' dir='ltr' id='par_1_31' title="bbox 258 3046 1848 3122">
     <span class='ocr_line' id='line_1_31' title="bbox 258 3046 1848 3122; baseline -0.004 -16"><span class='ocrx_word' id='word_1_226' title='bbox 258 3054 614 3107; x_wconf 88' lang='lat' dir='ltr'><strong>comminatus</strong></span> <span class='ocrx_word' id='word_1_227' title='bbox 635 3060 714 3108; x_wconf 86' lang='lat' dir='ltr'><strong>est</strong></span> <span class='ocrx_word' id='word_1_228' title='bbox 742 3050 953 3122; x_wconf 81' lang='lat' dir='ltr'><strong>(Matth.</strong></span> <span class='ocrx_word' id='word_1_229' title='bbox 980 3050 1035 3105; x_wconf 84' lang='lat'><strong>5.</strong></span> <span class='ocrx_word' id='word_1_230' title='bbox 1061 3050 1177 3121; x_wconf 73' lang='lat'><strong>2‘2).</strong></span> <span class='ocrx_word' id='word_1_231' title='bbox 1206 3048 1665 3116; x_wconf 83' lang='lat' dir='ltr'><strong>Quemadmodum</strong></span> <span class='ocrx_word' id='word_1_232' title='bbox 1692 3046 1848 3117; x_wconf 84' lang='lat' dir='ltr'><strong>igitur</strong></span> 
     </span>
    </p>
   </div>
   <div class='ocr_carea' id='block_1_32' title="bbox 260 3138 1849 3213">
    <p class='ocr_par' dir='ltr' id='par_1_32' title="bbox 260 3138 1849 3213">
     <span class='ocr_line' id='line_1_32' title="bbox 260 3138 1849 3213; baseline -0.003 -17"><span class='ocrx_word' id='word_1_233' title='bbox 260 3159 412 3197; x_wconf 68' lang='lat' dir='ltr'><strong>vana:</strong></span> <span class='ocrx_word' id='word_1_234' title='bbox 457 3143 643 3213; x_wconf 62' lang='lat' dir='ltr'><strong>gloria:</strong></span> <span class='ocrx_word' id='word_1_235' title='bbox 686 3141 943 3212; x_wconf 91' lang='lat' dir='ltr'><strong>cupidus,</strong></span> <span class='ocrx_word' id='word_1_236' title='bbox 986 3157 1106 3196; x_wconf 90' lang='lat' dir='ltr'><strong>cum</strong></span> <span class='ocrx_word' id='word_1_237' title='bbox 1156 3140 1441 3194; x_wconf 90' lang='lat' dir='ltr'><strong>multorum</strong></span> <span class='ocrx_word' id='word_1_238' title='bbox 1480 3138 1849 3209; x_wconf 65' lang='lat' dir='ltr'><strong>praefecturam</strong></span> 
     </span>
    </p>
   </div>
   <div class='ocr_carea' id='block_1_33' title="bbox 261 3231 1852 3303">
    <p class='ocr_par' dir='ltr' id='par_1_33' title="bbox 261 3231 1852 3303">
     <span class='ocr_line' id='line_1_33' title="bbox 261 3231 1852 3303; baseline -0.003 -14"><span class='ocrx_word' id='word_1_239' title='bbox 261 3235 406 3298; x_wconf 87' lang='lat' dir='ltr'><strong>adit,</strong></span> <span class='ocrx_word' id='word_1_240' title='bbox 434 3235 691 3303; x_wconf 86' lang='lat' dir='ltr'><strong>majorem</strong></span> <span class='ocrx_word' id='word_1_241' title='bbox 726 3233 831 3303; x_wconf 90' lang='lat' dir='ltr'><strong>igni</strong></span> <span class='ocrx_word' id='word_1_242' title='bbox 865 3232 1063 3301; x_wconf 75' lang='lat' dir='ltr'><strong>prth</strong></span> <span class='ocrx_word' id='word_1_243' title='bbox 1089 3233 1363 3285; x_wconf 85' lang='lat' dir='ltr'><strong>materiam</strong></span> <span class='ocrx_word' id='word_1_244' title='bbox 1384 3271 1399 3296; x_wconf 95' lang='lat'><strong>,</strong></span> <span class='ocrx_word' id='word_1_245' title='bbox 1427 3231 1507 3285; x_wconf 89' lang='lat' dir='ltr'><strong>sic</strong></span> <span class='ocrx_word' id='word_1_246' title='bbox 1541 3236 1593 3284; x_wconf 91' lang='lat' dir='ltr'><strong>et</strong></span> <span class='ocrx_word' id='word_1_247' title='bbox 1627 3231 1716 3300; x_wconf 89' lang='lat' dir='ltr'><strong>qui</strong></span> <span class='ocrx_word' id='word_1_248' title='bbox 1753 3238 1852 3285; x_wconf 83' lang='lat' dir='ltr'><strong>nec</strong></span> 
     </span>
    </p>
   </div>
   <div class='ocr_carea' id='block_1_34' title="bbox 263 3325 1850 3398">
    <p class='ocr_par' dir='ltr' id='par_1_34' title="bbox 263 3325 1850 3398">
     <span class='ocr_line' id='line_1_34' title="bbox 263 3325 1850 3398; baseline -0.003 -16"><span class='ocrx_word' id='word_1_249' title='bbox 263 3328 400 3398; x_wconf 91' lang='lat' dir='ltr'><strong>apud</strong></span> <span class='ocrx_word' id='word_1_250' title='bbox 425 3342 503 3389; x_wconf 87' lang='lat' dir='ltr'><strong>se.</strong></span> <span class='ocrx_word' id='word_1_251' title='bbox 528 3342 627 3382; x_wconf 91' lang='lat' dir='ltr'><strong>nec</strong></span> <span class='ocrx_word' id='word_1_252' title='bbox 650 3328 702 3381; x_wconf 91' lang='lat' dir='ltr'><strong>in</strong></span> <span class='ocrx_word' id='word_1_253' title='bbox 728 3326 1073 3381; x_wconf 81' lang='lat' dir='ltr'><strong>familiaribus</strong></span> <span class='ocrx_word' id='word_1_254' title='bbox 1099 3340 1386 3395; x_wconf 90' lang='lat' dir='ltr'><strong>paucorum</strong></span> <span class='ocrx_word' id='word_1_255' title='bbox 1415 3325 1690 3394; x_wconf 88' lang='lat' dir='ltr'><strong>eolloqniis</strong></span> <span class='ocrx_word' id='word_1_256' title='bbox 1720 3326 1850 3378; x_wconf 90' lang='lat' dir='ltr'><strong>iram</strong></span> 
     </span>
    </p>
   </div>
   <div class='ocr_carea' id='block_1_35' title="bbox 263 3414 1852 3487">
    <p class='ocr_par' dir='ltr' id='par_1_35' title="bbox 263 3414 1852 3487">
     <span class='ocr_line' id='line_1_35' title="bbox 263 3414 1852 3487; baseline -0.004 -14"><span class='ocrx_word' id='word_1_257' title='bbox 263 3419 541 3473; x_wconf 88' lang='lat' dir='ltr'><strong>continere</strong></span> <span class='ocrx_word' id='word_1_258' title='bbox 566 3417 749 3487; x_wconf 87' lang='lat' dir='ltr'><strong>nequit</strong></span> <span class='ocrx_word' id='word_1_259' title='bbox 773 3458 789 3484; x_wconf 91' lang='lat'><strong>,</strong></span> <span class='ocrx_word' id='word_1_260' title='bbox 816 3417 910 3472; x_wconf 89' lang='lat' dir='ltr'><strong>sed</strong></span> <span class='ocrx_word' id='word_1_261' title='bbox 941 3416 1096 3471; x_wconf 84' lang='lat' dir='ltr'><strong>facile</strong></span> <span class='ocrx_word' id='word_1_262' title='bbox 1124 3415 1496 3479; x_wconf 87' lang='lat' dir='ltr'><strong>excandescit,</strong></span> <span class='ocrx_word' id='word_1_263' title='bbox 1526 3414 1649 3467; x_wconf 87' lang='lat' dir='ltr'><strong>huic</strong></span> <span class='ocrx_word' id='word_1_264' title='bbox 1671 3414 1716 3467; x_wconf 87' lang='lat' dir='ltr'><strong>si</strong></span> <span class='ocrx_word' id='word_1_265' title='bbox 1756 3428 1852 3482; x_wconf 88' lang='lat' dir='ltr'><strong>po-</strong></span> 
     </span>
    </p>
   </div>
   <div class='ocr_carea' id='block_1_36' title="bbox 268 3505 1857 3581">
    <p class='ocr_par' dir='ltr' id='par_1_36' title="bbox 268 3505 1857 3581">
     <span class='ocr_line' id='line_1_36' title="bbox 268 3505 1857 3581; baseline -0.003 -18"><span class='ocrx_word' id='word_1_266' title='bbox 268 3510 467 3581; x_wconf 87' lang='lat' dir='ltr'><strong>pularis</strong></span> <span class='ocrx_word' id='word_1_267' title='bbox 497 3511 834 3580; x_wconf 83' lang='lat' dir='ltr'><strong>magistratus</strong></span> <span class='ocrx_word' id='word_1_268' title='bbox 860 3507 1121 3575; x_wconf 89' lang='lat' dir='ltr'><strong>tradatur,</strong></span> <span class='ocrx_word' id='word_1_269' title='bbox 1143 3522 1239 3562; x_wconf 89' lang='lat' dir='ltr'><strong>ceu</strong></span> <span class='ocrx_word' id='word_1_270' title='bbox 1267 3507 1377 3561; x_wconf 91' lang='lat' dir='ltr'><strong>fera</strong></span> <span class='ocrx_word' id='word_1_271' title='bbox 1403 3505 1645 3575; x_wconf 68' lang='lat' dir='ltr'><strong>quaadam</strong></span> <span class='ocrx_word' id='word_1_272' title='bbox 1666 3520 1696 3560; x_wconf 92' lang='lat' dir='ltr'><strong>a</strong></span> <span class='ocrx_word' id='word_1_273' title='bbox 1720 3505 1857 3559; x_wconf 87' lang='lat' dir='ltr'><strong>mul-</strong></span> 
     </span>
    </p>
   </div>
   <div class='ocr_carea' id='block_1_37' title="bbox 270 3598 1857 3671">
    <p class='ocr_par' dir='ltr' id='par_1_37' title="bbox 270 3598 1857 3671">
     <span class='ocr_line' id='line_1_37' title="bbox 270 3598 1857 3671; baseline -0.003 -16"><span class='ocrx_word' id='word_1_274' title='bbox 270 3604 338 3656; x_wconf 89' lang='lat' dir='ltr'><strong>tis</strong></span> <span class='ocrx_word' id='word_1_275' title='bbox 365 3601 597 3671; x_wconf 91' lang='lat' dir='ltr'><strong>undique</strong></span> <span class='ocrx_word' id='word_1_276' title='bbox 629 3602 963 3657; x_wconf 84' lang='lat' dir='ltr'><strong>exstimulata</strong></span> <span class='ocrx_word' id='word_1_277' title='bbox 989 3641 1005 3665; x_wconf 98' lang='lat'><strong>,</strong></span> <span class='ocrx_word' id='word_1_278' title='bbox 1043 3615 1142 3656; x_wconf 92' lang='lat' dir='ltr'><strong>nec</strong></span> <span class='ocrx_word' id='word_1_279' title='bbox 1178 3600 1358 3670; x_wconf 90' lang='lat' dir='ltr'><strong>quieto</strong></span> <span class='ocrx_word' id='word_1_280' title='bbox 1393 3613 1638 3669; x_wconf 91' lang='lat' dir='ltr'><strong>umquam</strong></span> <span class='ocrx_word' id='word_1_281' title='bbox 1676 3598 1857 3653; x_wconf 88' lang='lat' dir='ltr'><strong>animo</strong></span> 
     </span>
    </p>
   </div>
   <div class='ocr_carea' id='block_1_38' title="bbox 268 3689 1857 3763">
    <p class='ocr_par' dir='ltr' id='par_1_38' title="bbox 268 3689 1857 3763">
     <span class='ocr_line' id='line_1_38' title="bbox 268 3689 1857 3763; baseline -0.003 -15"><span class='ocrx_word' id='word_1_282' title='bbox 268 3710 390 3749; x_wconf 84' lang='lat' dir='ltr'><strong>esse</strong></span> <span class='ocrx_word' id='word_1_283' title='bbox 420 3703 622 3763; x_wconf 80' lang='lat' dir='ltr'><strong>potest,</strong></span> <span class='ocrx_word' id='word_1_284' title='bbox 652 3693 971 3763; x_wconf 89' lang='lat' dir='ltr'><strong>insuperque</strong></span> <span class='ocrx_word' id='word_1_285' title='bbox 1004 3691 1293 3747; x_wconf 89' lang='lat' dir='ltr'><strong>commisso</strong></span> <span class='ocrx_word' id='word_1_286' title='bbox 1328 3689 1430 3745; x_wconf 89' lang='lat' dir='ltr'><strong>sibi</strong></span> <span class='ocrx_word' id='word_1_287' title='bbox 1468 3689 1664 3760; x_wconf 94' lang='lat' dir='ltr'><strong>populo</strong></span> <span class='ocrx_word' id='word_1_288' title='bbox 1698 3689 1857 3743; x_wconf 83' lang='lat' dir='ltr'><strong>innu-</strong></span> 
     </span>
    </p>
   </div>
   <div class='ocr_carea' id='block_1_39' title="bbox 272 3785 901 3856">
    <p class='ocr_par' dir='ltr' id='par_1_39' title="bbox 272 3785 901 3856">
     <span class='ocr_line' id='line_1_39' title="bbox 272 3785 901 3856; baseline -0.006 -15"><span class='ocrx_word' id='word_1_289' title='bbox 272 3802 420 3843; x_wconf 88' lang='lat' dir='ltr'><strong>mera</strong></span> <span class='ocrx_word' id='word_1_290' title='bbox 460 3795 706 3856; x_wconf 85' lang='lat' dir='ltr'><strong>procurat</strong></span> <span class='ocrx_word' id='word_1_291' title='bbox 744 3785 901 3839; x_wconf 90' lang='lat' dir='ltr'><strong>mala.</strong></span> 
     </span>
    </p>
   </div>
   <div class='ocr_carea' id='block_1_40' title="bbox 345 3873 1859 3943">
    <p class='ocr_par' dir='ltr' id='par_1_40' title="bbox 345 3873 1859 3943">
     <span class='ocr_line' id='line_1_40' title="bbox 345 3873 1859 3943; baseline -0.007 -9"><span class='ocrx_word' id='word_1_292' title='bbox 345 3879 432 3934; x_wconf 73' lang='lat' dir='ltr'><strong>ﬂ.</strong></span> <span class='ocrx_word' id='word_1_293' title='bbox 462 3875 610 3931; x_wconf 81' lang='lat' dir='ltr'><strong>Nihil</strong></span> <span class='ocrx_word' id='word_1_294' title='bbox 637 3888 739 3930; x_wconf 83' lang='lat' dir='ltr'><strong>tant</strong></span> <span class='ocrx_word' id='word_1_295' title='bbox 764 3877 923 3930; x_wconf 86' lang='lat' dir='ltr'><strong>aciem</strong></span> <span class='ocrx_word' id='word_1_296' title='bbox 948 3875 1125 3929; x_wconf 77' lang='lat' dir='ltr'><strong>mentis</strong></span> <span class='ocrx_word' id='word_1_297' title='bbox 1148 3873 1443 3941; x_wconf 82' lang='lat' dir='ltr'><strong>obtundere,</strong></span> <span class='ocrx_word' id='word_1_298' title='bbox 1472 3889 1623 3943; x_wconf 83' lang='lat' dir='ltr'><strong>quam</strong></span> <span class='ocrx_word' id='word_1_299' title='bbox 1650 3874 1859 3925; x_wconf 84' lang='lat' dir='ltr'><strong>iracun-</strong></span> 
     </span>
    </p>
   </div>
   <div class='ocr_carea' id='block_1_41' title="bbox 273 3960 1862 4035">
    <p class='ocr_par' dir='ltr' id='par_1_41' title="bbox 273 3960 1862 4035">
     <span class='ocr_line' id='line_1_41' title="bbox 273 3960 1862 4035; baseline -0.004 -13"><span class='ocrx_word' id='word_1_300' title='bbox 273 3971 431 4022; x_wconf 79' lang='lat' dir='ltr'><strong>diam.</strong></span> <span class='ocrx_word' id='word_1_301' title='bbox 463 3998 533 4008; x_wconf 91' lang='lat'><strong>—</strong></span> <span class='ocrx_word' id='word_1_302' title='bbox 556 3967 695 4022; x_wconf 87' lang='lat' dir='ltr'><strong>Nihil</strong></span> <span class='ocrx_word' id='word_1_303' title='bbox 720 3968 861 4021; x_wconf 84' lang='lat' dir='ltr'><strong>enim</strong></span> <span class='ocrx_word' id='word_1_304' title='bbox 888 3968 964 4021; x_wconf 91' lang='lat' dir='ltr'><strong>sic</strong></span> <span class='ocrx_word' id='word_1_305' title='bbox 994 3965 1189 4035; x_wconf 86' lang='lat' dir='ltr'><strong>ingenii</strong></span> <span class='ocrx_word' id='word_1_306' title='bbox 1227 3964 1531 4035; x_wconf 89' lang='lat' dir='ltr'><strong>puritatem,</strong></span> <span class='ocrx_word' id='word_1_307' title='bbox 1561 3960 1862 4030; x_wconf 88' lang='lat' dir='ltr'><strong>mentisque</strong></span> 
     </span>
    </p>
   </div>
   <div class='ocr_carea' id='block_1_42' title="bbox 275 4050 1865 4125">
    <p class='ocr_par' dir='ltr' id='par_1_42' title="bbox 275 4050 1865 4125">
     <span class='ocr_line' id='line_1_42' title="bbox 275 4050 1865 4125; baseline -0.006 -12"><span class='ocrx_word' id='word_1_308' title='bbox 275 4060 447 4116; x_wconf 85' lang='lat' dir='ltr'><strong>aciem</strong></span> <span class='ocrx_word' id='word_1_309' title='bbox 475 4060 723 4115; x_wconf 90' lang='lat' dir='ltr'><strong>obturbat</strong></span> <span class='ocrx_word' id='word_1_310' title='bbox 748 4102 763 4125; x_wconf 95' lang='lat'><strong>,</strong></span> <span class='ocrx_word' id='word_1_311' title='bbox 793 4068 852 4113; x_wconf 94' lang='lat' dir='ltr'><strong>ut</strong></span> <span class='ocrx_word' id='word_1_312' title='bbox 884 4060 959 4111; x_wconf 91' lang='lat' dir='ltr'><strong>ira</strong></span> <span class='ocrx_word' id='word_1_313' title='bbox 1001 4057 1297 4110; x_wconf 87' lang='lat' dir='ltr'><strong>inordinata</strong></span> <span class='ocrx_word' id='word_1_314' title='bbox 1316 4096 1332 4120; x_wconf 92' lang='lat'><strong>,</strong></span> <span class='ocrx_word' id='word_1_315' title='bbox 1360 4069 1479 4123; x_wconf 70' lang='lat' dir='ltr'><strong>qua:</strong></span> <span class='ocrx_word' id='word_1_316' title='bbox 1504 4053 1674 4107; x_wconf 91' lang='lat' dir='ltr'><strong>multo</strong></span> <span class='ocrx_word' id='word_1_317' title='bbox 1699 4050 1865 4105; x_wconf 88' lang='lat' dir='ltr'><strong>fertur</strong></span> 
     </span>
    </p>
   </div>
   <div class='ocr_carea' id='block_1_43' title="bbox 278 4142 1865 4224">
    <p class='ocr_par' dir='ltr' id='par_1_43' title="bbox 278 4142 1865 4224">
     <span class='ocr_line' id='line_1_43' title="bbox 278 4142 1865 4224; baseline -0.009 -17"><span class='ocrx_word' id='word_1_318' title='bbox 278 4154 498 4224; x_wconf 86' lang='lat' dir='ltr'><strong>impetu.</strong></span> <span class='ocrx_word' id='word_1_319' title='bbox 540 4151 631 4205; x_wconf 78' lang='lat' dir='ltr'><strong>Ira</strong></span> <span class='ocrx_word' id='word_1_320' title='bbox 656 4151 797 4207; x_wconf 90' lang='lat' dir='ltr'><strong>enim</strong></span> <span class='ocrx_word' id='word_1_321' title='bbox 820 4191 835 4216; x_wconf 92' lang='lat'><strong>,</strong></span> <span class='ocrx_word' id='word_1_322' title='bbox 868 4150 1040 4219; x_wconf 92' lang='lat' dir='ltr'><strong>inquit</strong></span> <span class='ocrx_word' id='word_1_323' title='bbox 1076 4148 1164 4202; x_wconf 92' lang='lat' dir='ltr'><strong>ille</strong></span> <span class='ocrx_word' id='word_1_324' title='bbox 1182 4189 1199 4215; x_wconf 95' lang='lat'><strong>,</strong></span> <span class='ocrx_word' id='word_1_325' title='bbox 1227 4146 1378 4199; x_wconf 86' lang='lat' dir='ltr'><strong>etiam</strong></span> <span class='ocrx_word' id='word_1_326' title='bbox 1407 4143 1674 4215; x_wconf 72' lang='lat' dir='ltr'><strong>prudentes</strong></span> <span class='ocrx_word' id='word_1_327' title='bbox 1702 4142 1865 4212; x_wconf 84' lang='lat' dir='ltr'><strong>perdit</strong></span> 
     </span>
    </p>
   </div>
   <div class='ocr_carea' id='block_1_44' title="bbox 278 4239 1865 4318">
    <p class='ocr_par' dir='ltr' id='par_1_44' title="bbox 278 4239 1865 4318">
     <span class='ocr_line' id='line_1_44' title="bbox 278 4239 1865 4318; baseline -0.01 -16"><span class='ocrx_word' id='word_1_328' title='bbox 278 4247 461 4318; x_wconf 78' lang='lat' dir='ltr'><strong>(Prov.</strong></span> <span class='ocrx_word' id='word_1_329' title='bbox 490 4246 578 4301; x_wconf 80' lang='lat' dir='ltr'><strong>l5.</strong></span> <span class='ocrx_word' id='word_1_330' title='bbox 606 4244 682 4317; x_wconf 83' lang='lat' dir='ltr'><strong>l).</strong></span> <span class='ocrx_word' id='word_1_331' title='bbox 712 4244 843 4299; x_wconf 88' lang='lat' dir='ltr'><strong>Nam</strong></span> <span class='ocrx_word' id='word_1_332' title='bbox 871 4239 1317 4313; x_wconf 85' lang='lat' dir='ltr'><strong>quemadmodum</strong></span> <span class='ocrx_word' id='word_1_333' title='bbox 1346 4239 1399 4292; x_wconf 93' lang='lat' dir='ltr'><strong>in</strong></span> <span class='ocrx_word' id='word_1_334' title='bbox 1434 4244 1695 4292; x_wconf 90' lang='lat' dir='ltr'><strong>nocturno</strong></span> <span class='ocrx_word' id='word_1_335' title='bbox 1725 4248 1865 4303; x_wconf 64' lang='lat' dir='ltr'><strong>pra“:—</strong></span> 
     </span>
    </p>
   </div>
   <div class='ocr_carea' id='block_1_45' title="bbox 280 4328 1867 4397">
    <p class='ocr_par' dir='ltr' id='par_1_45' title="bbox 280 4328 1867 4397">
     <span class='ocr_line' id='line_1_45' title="bbox 280 4328 1867 4397; baseline -0.009 -1"><span class='ocrx_word' id='word_1_336' title='bbox 280 4342 354 4397; x_wconf 93' lang='lat' dir='ltr'><strong>lio</strong></span> <span class='ocrx_word' id='word_1_337' title='bbox 379 4340 756 4397; x_wconf 87' lang='lat' dir='ltr'><strong>obtenebratus</strong></span> <span class='ocrx_word' id='word_1_338' title='bbox 786 4338 979 4394; x_wconf 89' lang='lat' dir='ltr'><strong>mentis</strong></span> <span class='ocrx_word' id='word_1_339' title='bbox 1006 4335 1192 4392; x_wconf 88' lang='lat' dir='ltr'><strong>oculus</strong></span> <span class='ocrx_word' id='word_1_340' title='bbox 1219 4334 1420 4389; x_wconf 89' lang='lat' dir='ltr'><strong>amicos</strong></span> <span class='ocrx_word' id='word_1_341' title='bbox 1449 4332 1516 4387; x_wconf 91' lang='lat' dir='ltr'><strong>ab</strong></span> <span class='ocrx_word' id='word_1_342' title='bbox 1548 4328 1867 4385; x_wconf 89' lang='lat' dir='ltr'><strong>adversariis</strong></span> 
     </span>
    </p>
   </div>
   <div class='ocr_carea' id='block_1_46' title="bbox 279 4422 1867 4504">
    <p class='ocr_par' dir='ltr' id='par_1_46' title="bbox 279 4422 1867 4504">
     <span class='ocr_line' id='line_1_46' title="bbox 279 4422 1867 4504; baseline -0.008 -14"><span class='ocrx_word' id='word_1_343' title='bbox 279 4436 588 4491; x_wconf 89' lang='lat' dir='ltr'><strong>discernere</strong></span> <span class='ocrx_word' id='word_1_344' title='bbox 630 4433 842 4504; x_wconf 90' lang='lat' dir='ltr'><strong>nequit,</strong></span> <span class='ocrx_word' id='word_1_345' title='bbox 882 4447 981 4487; x_wconf 91' lang='lat' dir='ltr'><strong>nec</strong></span> <span class='ocrx_word' id='word_1_346' title='bbox 1022 4429 1227 4485; x_wconf 87' lang='lat' dir='ltr'><strong>nobiles</strong></span> <span class='ocrx_word' id='word_1_347' title='bbox 1271 4428 1340 4484; x_wconf 91' lang='lat' dir='ltr'><strong>ab</strong></span> <span class='ocrx_word' id='word_1_348' title='bbox 1381 4425 1731 4497; x_wconf 89' lang='lat' dir='ltr'><strong>ignobilibus,</strong></span> <span class='ocrx_word' id='word_1_349' title='bbox 1772 4422 1867 4478; x_wconf 91' lang='lat' dir='ltr'><strong>sed</strong></span> 
     </span>
    </p>
   </div>
   <div class='ocr_carea' id='block_1_47' title="bbox 280 4514 1868 4592">
    <p class='ocr_par' dir='ltr' id='par_1_47' title="bbox 280 4514 1868 4592">
     <span class='ocr_line' id='line_1_47' title="bbox 280 4514 1868 4592; baseline -0.009 -11"><span class='ocrx_word' id='word_1_350' title='bbox 280 4542 402 4581; x_wconf 90' lang='lat' dir='ltr'><strong>cum</strong></span> <span class='ocrx_word' id='word_1_351' title='bbox 428 4525 676 4581; x_wconf 88' lang='lat' dir='ltr'><strong>omnibus</strong></span> <span class='ocrx_word' id='word_1_352' title='bbox 707 4524 896 4580; x_wconf 90' lang='lat' dir='ltr'><strong>eodem</strong></span> <span class='ocrx_word' id='word_1_353' title='bbox 934 4537 994 4578; x_wconf 89' lang='lat' dir='ltr'><strong>se</strong></span> <span class='ocrx_word' id='word_1_354' title='bbox 1029 4521 1168 4592; x_wconf 90' lang='lat' dir='ltr'><strong>gerit</strong></span> <span class='ocrx_word' id='word_1_355' title='bbox 1206 4519 1399 4585; x_wconf 91' lang='lat' dir='ltr'><strong>modo,</strong></span> <span class='ocrx_word' id='word_1_356' title='bbox 1431 4528 1487 4574; x_wconf 90' lang='lat' dir='ltr'><strong>et</strong></span> <span class='ocrx_word' id='word_1_357' title='bbox 1514 4516 1560 4572; x_wconf 90' lang='lat' dir='ltr'><strong>si</strong></span> <span class='ocrx_word' id='word_1_358' title='bbox 1587 4515 1713 4587; x_wconf 92' lang='lat' dir='ltr'><strong>quid</strong></span> <span class='ocrx_word' id='word_1_359' title='bbox 1743 4514 1868 4569; x_wconf 90' lang='lat' dir='ltr'><strong>mali</strong></span> 
     </span>
    </p>
   </div>
   <div class='ocr_carea' id='block_1_48' title="bbox 281 4604 1867 4681">
    <p class='ocr_par' dir='ltr' id='par_1_48' title="bbox 281 4604 1867 4681">
     <span class='ocr_line' id='line_1_48' title="bbox 281 4604 1867 4681; baseline -0.009 -7"><span class='ocrx_word' id='word_1_360' title='bbox 281 4617 615 4674; x_wconf 85' lang='lat' dir='ltr'><strong>subeundum</strong></span> <span class='ocrx_word' id='word_1_361' title='bbox 652 4617 721 4671; x_wconf 91' lang='lat' dir='ltr'><strong>sit</strong></span> <span class='ocrx_word' id='word_1_362' title='bbox 741 4656 757 4677; x_wconf 88' lang='lat'><strong>,</strong></span> <span class='ocrx_word' id='word_1_363' title='bbox 785 4615 963 4670; x_wconf 89' lang='lat' dir='ltr'><strong>omnia</strong></span> <span class='ocrx_word' id='word_1_364' title='bbox 992 4613 1148 4668; x_wconf 88' lang='lat' dir='ltr'><strong>facile</strong></span> <span class='ocrx_word' id='word_1_365' title='bbox 1176 4612 1404 4681; x_wconf 88' lang='lat' dir='ltr'><strong>patitur,</strong></span> <span class='ocrx_word' id='word_1_366' title='bbox 1437 4618 1495 4663; x_wconf 93' lang='lat' dir='ltr'><strong>ut</strong></span> <span class='ocrx_word' id='word_1_367' title='bbox 1522 4606 1687 4662; x_wconf 89' lang='lat' dir='ltr'><strong>animi</strong></span> <span class='ocrx_word' id='word_1_368' title='bbox 1713 4604 1867 4659; x_wconf 89' lang='lat' dir='ltr'><strong>volu-</strong></span> 
     </span>
    </p>
   </div>
   <div class='ocr_carea' id='block_1_49' title="bbox 284 4696 1872 4781">
    <p class='ocr_par' dir='ltr' id='par_1_49' title="bbox 284 4696 1872 4781">
     <span class='ocr_line' id='line_1_49' title="bbox 284 4696 1872 4781; baseline -0.011 -15"><span class='ocrx_word' id='word_1_369' title='bbox 284 4720 485 4781; x_wconf 90' lang='lat' dir='ltr'><strong>ptatem</strong></span> <span class='ocrx_word' id='word_1_370' title='bbox 513 4708 749 4779; x_wconf 89' lang='lat' dir='ltr'><strong>impleat.</strong></span> <span class='ocrx_word' id='word_1_371' title='bbox 778 4707 908 4762; x_wconf 86' lang='lat' dir='ltr'><strong>Nam</strong></span> <span class='ocrx_word' id='word_1_372' title='bbox 935 4716 1082 4761; x_wconf 89' lang='lat' dir='ltr'><strong>certe</strong></span> <span class='ocrx_word' id='word_1_373' title='bbox 1108 4704 1351 4773; x_wconf 85' lang='lat' dir='ltr'><strong>voluptas</strong></span> <span class='ocrx_word' id='word_1_374' title='bbox 1376 4699 1618 4770; x_wconf 64' lang='lat' dir='ltr'><strong>quaedam</strong></span> <span class='ocrx_word' id='word_1_375' title='bbox 1647 4705 1733 4752; x_wconf 90' lang='lat' dir='ltr'><strong>est</strong></span> <span class='ocrx_word' id='word_1_376' title='bbox 1758 4696 1872 4750; x_wconf 91' lang='lat' dir='ltr'><strong>ani-</strong></span> 
     </span>
    </p>
   </div>
   <div class='ocr_carea' id='block_1_50' title="bbox 284 4788 1872 4866">
    <p class='ocr_par' dir='ltr' id='par_1_50' title="bbox 284 4788 1872 4866">
     <span class='ocr_line' id='line_1_50' title="bbox 284 4788 1872 4866; baseline -0.011 -8"><span class='ocrx_word' id='word_1_377' title='bbox 284 4804 357 4858; x_wconf 89' lang='lat' dir='ltr'><strong>mi</strong></span> <span class='ocrx_word' id='word_1_378' title='bbox 386 4799 825 4859; x_wconf 86' lang='lat' dir='ltr'><strong>excandescentia</strong></span> <span class='ocrx_word' id='word_1_379' title='bbox 848 4840 864 4864; x_wconf 93' lang='lat'><strong>,</strong></span> <span class='ocrx_word' id='word_1_380' title='bbox 895 4807 951 4852; x_wconf 91' lang='lat' dir='ltr'><strong>et</strong></span> <span class='ocrx_word' id='word_1_381' title='bbox 976 4797 1243 4866; x_wconf 88' lang='lat' dir='ltr'><strong>voluptate</strong></span> <span class='ocrx_word' id='word_1_382' title='bbox 1270 4793 1527 4862; x_wconf 85' lang='lat' dir='ltr'><strong>majorem</strong></span> <span class='ocrx_word' id='word_1_383' title='bbox 1555 4792 1607 4844; x_wconf 92' lang='lat' dir='ltr'><strong>in</strong></span> <span class='ocrx_word' id='word_1_384' title='bbox 1635 4788 1872 4843; x_wconf 91' lang='lat' dir='ltr'><strong>animum</strong></span> 
     </span>
    </p>
   </div>
   <div class='ocr_carea' id='block_1_51' title="bbox 284 4884 1874 4966">
    <p class='ocr_par' dir='ltr' id='par_1_51' title="bbox 284 4884 1874 4966">
     <span class='ocr_line' id='line_1_51' title="bbox 284 4884 1874 4966; baseline -0.009 -14"><span class='ocrx_word' id='word_1_385' title='bbox 284 4906 501 4952; x_wconf 88' lang='lat' dir='ltr'><strong>exercet</strong></span> <span class='ocrx_word' id='word_1_386' title='bbox 526 4894 857 4966; x_wconf 84' lang='lat' dir='ltr'><strong>tyrannidem</strong></span> <span class='ocrx_word' id='word_1_387' title='bbox 878 4934 893 4958; x_wconf 92' lang='lat'><strong>,</strong></span> <span class='ocrx_word' id='word_1_388' title='bbox 923 4890 1265 4960; x_wconf 91' lang='lat' dir='ltr'><strong>tranquillum</strong></span> <span class='ocrx_word' id='word_1_389' title='bbox 1292 4888 1408 4959; x_wconf 90' lang='lat' dir='ltr'><strong>ejus</strong></span> <span class='ocrx_word' id='word_1_390' title='bbox 1437 4896 1633 4942; x_wconf 79' lang='lat' dir='ltr'><strong>Statum</strong></span> <span class='ocrx_word' id='word_1_391' title='bbox 1663 4900 1754 4939; x_wconf 90' lang='lat' dir='ltr'><strong>sus</strong></span> <span class='ocrx_word' id='word_1_392' title='bbox 1782 4884 1874 4938; x_wconf 91' lang='lat' dir='ltr'><strong>de-</strong></span> 
     </span>
    </p>
   </div>
   <div class='ocr_carea' id='block_1_52' title="bbox 286 4976 1876 5060">
    <p class='ocr_par' dir='ltr' id='par_1_52' title="bbox 286 4976 1876 5060">
     <span class='ocr_line' id='line_1_52' title="bbox 286 4976 1876 5060; baseline -0.009 -16"><span class='ocrx_word' id='word_1_393' title='bbox 286 5004 391 5060; x_wconf 86' lang='lat' dir='ltr'><strong>que</strong></span> <span class='ocrx_word' id='word_1_394' title='bbox 414 4988 694 5044; x_wconf 75' lang='lat' dir='ltr'><strong>revolvens</strong></span> <span class='ocrx_word' id='word_1_395' title='bbox 716 5004 731 5042; x_wconf 91' lang='lat'><strong>:</strong></span> <span class='ocrx_word' id='word_1_396' title='bbox 753 5001 873 5039; x_wconf 88' lang='lat' dir='ltr'><strong>nam</strong></span> <span class='ocrx_word' id='word_1_397' title='bbox 906 4984 957 5037; x_wconf 92' lang='lat' dir='ltr'><strong>in</strong></span> <span class='ocrx_word' id='word_1_398' title='bbox 986 4982 1340 5053; x_wconf 82' lang='lat' dir='ltr'><strong>arrogantiam</strong></span> <span class='ocrx_word' id='word_1_399' title='bbox 1370 4980 1523 5034; x_wconf 89' lang='lat' dir='ltr'><strong>facile</strong></span> <span class='ocrx_word' id='word_1_400' title='bbox 1552 4976 1793 5047; x_wconf 87' lang='lat' dir='ltr'><strong>impellit,</strong></span> <span class='ocrx_word' id='word_1_401' title='bbox 1822 4983 1876 5030; x_wconf 91' lang='lat' dir='ltr'><strong>ct</strong></span> 
     </span>
    </p>
   </div>
   <div class='ocr_carea' id='block_1_53' title="bbox 286 5073 1877 5148">
    <p class='ocr_par' dir='ltr' id='par_1_53' title="bbox 286 5073 1877 5148">
     <span class='ocr_line' id='line_1_53' title="bbox 286 5073 1877 5148; baseline -0.008 -11"><span class='ocrx_word' id='word_1_402' title='bbox 286 5083 586 5137; x_wconf 87' lang='lat' dir='ltr'><strong>simultates</strong></span> <span class='ocrx_word' id='word_1_403' title='bbox 610 5078 1028 5148; x_wconf 89' lang='lat' dir='ltr'><strong>intempestivas,</strong></span> <span class='ocrx_word' id='word_1_404' title='bbox 1056 5087 1112 5131; x_wconf 91' lang='lat' dir='ltr'><strong>et</strong></span> <span class='ocrx_word' id='word_1_405' title='bbox 1137 5075 1316 5131; x_wconf 92' lang='lat' dir='ltr'><strong>odium</strong></span> <span class='ocrx_word' id='word_1_406' title='bbox 1343 5074 1459 5129; x_wconf 92' lang='lat' dir='ltr'><strong>sine</strong></span> <span class='ocrx_word' id='word_1_407' title='bbox 1489 5073 1590 5128; x_wconf 91' lang='lat' dir='ltr'><strong>ulla</strong></span> <span class='ocrx_word' id='word_1_408' title='bbox 1620 5086 1798 5137; x_wconf 90' lang='lat' dir='ltr'><strong>causa,</strong></span> <span class='ocrx_word' id='word_1_409' title='bbox 1822 5078 1877 5125; x_wconf 91' lang='lat' dir='ltr'><strong>ct</strong></span> 
     </span>
    </p>
   </div>
   <div class='ocr_carea' id='block_1_54' title="bbox 287 5162 1877 5237">
    <p class='ocr_par' dir='ltr' id='par_1_54' title="bbox 287 5162 1877 5237">
     <span class='ocr_line' id='line_1_54' title="bbox 287 5162 1877 5237; baseline -0.007 -11"><span class='ocrx_word' id='word_1_410' title='bbox 287 5174 611 5228; x_wconf 77' lang='lat' dir='ltr'><strong>offensiones</strong></span> <span class='ocrx_word' id='word_1_411' title='bbox 639 5180 840 5226; x_wconf 90' lang='lat' dir='ltr'><strong>temere</strong></span> <span class='ocrx_word' id='word_1_412' title='bbox 879 5179 1030 5223; x_wconf 88' lang='lat' dir='ltr'><strong>natas</strong></span> <span class='ocrx_word' id='word_1_413' title='bbox 1066 5168 1369 5237; x_wconf 86' lang='lat' dir='ltr'><strong>frequenter</strong></span> <span class='ocrx_word' id='word_1_414' title='bbox 1396 5173 1575 5235; x_wconf 88' lang='lat' dir='ltr'><strong>parat,</strong></span> <span class='ocrx_word' id='word_1_415' title='bbox 1608 5162 1877 5232; x_wconf 91' lang='lat' dir='ltr'><strong>multaque</strong></span> 
     </span>
    </p>
   </div>
   <div class='ocr_carea' id='block_1_55' title="bbox 296 5255 1876 5329">
    <p class='ocr_par' dir='ltr' id='par_1_55' title="bbox 296 5255 1876 5329">
     <span class='ocr_line' id='line_1_55' title="bbox 296 5255 1876 5329; baseline -0.009 -8"><span class='ocrx_word' id='word_1_416' title='bbox 296 5269 378 5321; x_wconf 89' lang='lat' dir='ltr'><strong>his</strong></span> <span class='ocrx_word' id='word_1_417' title='bbox 401 5264 595 5322; x_wconf 74' lang='lat' dir='ltr'><strong>similia</strong></span> <span class='ocrx_word' id='word_1_418' title='bbox 621 5274 677 5320; x_wconf 92' lang='lat' dir='ltr'><strong>et</strong></span> <span class='ocrx_word' id='word_1_419' title='bbox 701 5264 877 5319; x_wconf 85' lang='lat' dir='ltr'><strong>dicere</strong></span> <span class='ocrx_word' id='word_1_420' title='bbox 902 5270 958 5317; x_wconf 91' lang='lat' dir='ltr'><strong>et</strong></span> <span class='ocrx_word' id='word_1_421' title='bbox 984 5260 1161 5315; x_wconf 86' lang='lat' dir='ltr'><strong>facere</strong></span> <span class='ocrx_word' id='word_1_422' title='bbox 1186 5259 1345 5329; x_wconf 88' lang='lat' dir='ltr'><strong>cogit,</strong></span> <span class='ocrx_word' id='word_1_423' title='bbox 1369 5257 1548 5311; x_wconf 91' lang='lat' dir='ltr'><strong>animo</strong></span> <span class='ocrx_word' id='word_1_424' title='bbox 1568 5255 1736 5309; x_wconf 93' lang='lat' dir='ltr'><strong>multo</strong></span> <span class='ocrx_word' id='word_1_425' title='bbox 1755 5267 1876 5308; x_wconf 90' lang='lat' dir='ltr'><strong>cum</strong></span> 
     </span>
    </p>
   </div>
   <div class='ocr_carea' id='block_1_56' title="bbox 292 5347 1880 5421">
    <p class='ocr_par' dir='ltr' id='par_1_56' title="bbox 292 5347 1880 5421">
     <span class='ocr_line' id='line_1_56' title="bbox 292 5347 1880 5421; baseline -0.009 -6"><span class='ocrx_word' id='word_1_426' title='bbox 292 5359 527 5415; x_wconf 84' lang='lat' dir='ltr'><strong>stridore</strong></span> <span class='ocrx_word' id='word_1_427' title='bbox 560 5356 731 5413; x_wconf 91' lang='lat' dir='ltr'><strong>morbi</strong></span> <span class='ocrx_word' id='word_1_428' title='bbox 771 5356 1016 5411; x_wconf 87' lang='lat' dir='ltr'><strong>molestia</strong></span> <span class='ocrx_word' id='word_1_429' title='bbox 1050 5355 1191 5408; x_wconf 91' lang='lat' dir='ltr'><strong>ultro</strong></span> <span class='ocrx_word' id='word_1_430' title='bbox 1220 5353 1460 5421; x_wconf 90' lang='lat' dir='ltr'><strong>citroque</strong></span> <span class='ocrx_word' id='word_1_431' title='bbox 1486 5357 1690 5412; x_wconf 90' lang='lat' dir='ltr'><strong>tracto,</strong></span> <span class='ocrx_word' id='word_1_432' title='bbox 1719 5347 1789 5400; x_wconf 85' lang='lat' dir='ltr'><strong>ita</strong></span> <span class='ocrx_word' id='word_1_433' title='bbox 1824 5355 1880 5401; x_wconf 91' lang='lat' dir='ltr'><strong>ut</strong></span> 
     </span>
    </p>
   </div>
   <div class='ocr_carea' id='block_1_57' title="bbox 296 5441 1816 5513">
    <p class='ocr_par' dir='ltr' id='par_1_57' title="bbox 296 5441 1816 5513">
     <span class='ocr_line' id='line_1_57' title="bbox 296 5441 1816 5513; baseline -0.009 -10"><span class='ocrx_word' id='word_1_434' title='bbox 296 5449 441 5504; x_wconf 90' lang='lat' dir='ltr'><strong>nullo</strong></span> <span class='ocrx_word' id='word_1_435' title='bbox 468 5448 627 5504; x_wconf 91' lang='lat' dir='ltr'><strong>modo</strong></span> <span class='ocrx_word' id='word_1_436' title='bbox 656 5457 819 5511; x_wconf 83' lang='lat' dir='ltr'><strong>stare,</strong></span> <span class='ocrx_word' id='word_1_437' title='bbox 849 5455 905 5501; x_wconf 91' lang='lat' dir='ltr'><strong>et</strong></span> <span class='ocrx_word' id='word_1_438' title='bbox 930 5454 1075 5499; x_wconf 91' lang='lat' dir='ltr'><strong>tanto</strong></span> <span class='ocrx_word' id='word_1_439' title='bbox 1106 5442 1323 5513; x_wconf 89' lang='lat' dir='ltr'><strong>impetui</strong></span> <span class='ocrx_word' id='word_1_440' title='bbox 1349 5441 1611 5496; x_wconf 90' lang='lat' dir='ltr'><strong>obsistere</strong></span> <span class='ocrx_word' id='word_1_441' title='bbox 1638 5447 1816 5508; x_wconf 87' lang='lat' dir='ltr'><strong>queat.</strong></span> 
     </span>
    </p>
   </div>
   <div class='ocr_carea' id='block_1_58' title="bbox 368 5528 1879 5608">
    <p class='ocr_par' dir='ltr' id='par_1_58' title="bbox 368 5528 1879 5608">
     <span class='ocr_line' id='line_1_58' title="bbox 368 5528 1879 5608; baseline -0.011 -11"><span class='ocrx_word' id='word_1_442' title='bbox 368 5538 690 5597; x_wconf 75' lang='lat' dir='ltr'><strong>BASILIUS.</strong></span> <span class='ocrx_word' id='word_1_443' title='bbox 727 5540 837 5608; x_wconf 81' lang='lat' dir='ltr'><strong>Ego</strong></span> <span class='ocrx_word' id='word_1_444' title='bbox 866 5552 992 5592; x_wconf 86' lang='lat' dir='ltr'><strong>vero</strong></span> <span class='ocrx_word' id='word_1_445' title='bbox 1022 5546 1072 5591; x_wconf 91' lang='lat' dir='ltr'><strong>te</strong></span> <span class='ocrx_word' id='word_1_446' title='bbox 1105 5536 1183 5589; x_wconf 90' lang='lat' dir='ltr'><strong>sic</strong></span> <span class='ocrx_word' id='word_1_447' title='bbox 1217 5531 1639 5588; x_wconf 89' lang='lat' dir='ltr'><strong>dissimulantem</strong></span> <span class='ocrx_word' id='word_1_448' title='bbox 1666 5544 1770 5583; x_wconf 93' lang='lat' dir='ltr'><strong>non</strong></span> <span class='ocrx_word' id='word_1_449' title='bbox 1797 5528 1879 5582; x_wconf 89' lang='lat' dir='ltr'><strong>ul-</strong></span> 
     </span>
    </p>
   </div>
   <div class='ocr_carea' id='block_1_59' title="bbox 368 5738 1653 5811">
    <p class='ocr_par' dir='ltr' id='par_1_59' title="bbox 368 5738 1653 5811">
     <span class='ocr_line' id='line_1_59' title="bbox 368 5738 1653 5811; baseline -0.01 -11"><span class='ocrx_word' id='word_1_450' title='bbox 368 5751 385 5783; x_wconf 77' lang='lat'>&#39;</span> <span class='ocrx_word' id='word_1_451' title='bbox 417 5748 537 5799; x_wconf 68' lang='lat' dir='ltr'><strong>sat-il</strong></span> <span class='ocrx_word' id='word_1_452' title='bbox 584 5756 628 5800; x_wconf 75' lang='lat' dir='ltr'><strong>et</strong></span> <span class='ocrx_word' id='word_1_453' title='bbox 652 5746 845 5811; x_wconf 80' lang='lat' dir='ltr'><strong>quidam</strong></span> <span class='ocrx_word' id='word_1_454' title='bbox 864 5753 991 5806; x_wconf 64' lang='lat' dir='ltr'><strong>Mss,</strong></span> <span class='ocrx_word' id='word_1_455' title='bbox 1016 5750 1115 5808; x_wconf 63' lang='lat' dir='ltr'><strong>post</strong></span> <span class='ocrx_word' id='word_1_456' title='bbox 1137 5748 1313 5795; x_wconf 80' lang='lat' dir='ltr'><strong>tantum</strong></span> <span class='ocrx_word' id='word_1_457' title='bbox 1337 5738 1653 5792; x_wconf 77' lang='lat' dir='ltr'><strong>tolerantiam.</strong></span> 
     </span>
    </p>
   </div>
   <div class='ocr_carea' id='block_1_60' title="bbox 1416 274 2282 333">
    <p class='ocr_par' dir='ltr' id='par_1_60' title="bbox 1416 274 2282 333">
     <span class='ocr_line' id='line_1_60' title="bbox 1416 274 2282 333; baseline -0.002 0"><span class='ocrx_word' id='word_1_458' title='bbox 1416 276 1502 332; x_wconf 85' lang='lat' dir='ltr'><strong>DE</strong></span> <span class='ocrx_word' id='word_1_459' title='bbox 1540 274 1988 333; x_wconf 76' lang='lat' dir='ltr'><strong>SACERDOTIO.</strong></span> <span class='ocrx_word' id='word_1_460' title='bbox 2023 276 2150 331; x_wconf 85' lang='lat' dir='ltr'><strong>LIB.</strong></span> <span class='ocrx_word' id='word_1_461' title='bbox 2196 277 2282 332; x_wconf 84' lang='lat' dir='ltr'><strong>Ill.</strong></span> 
     </span>
    </p>
   </div>
   <div class='ocr_carea' id='block_1_61' title="bbox 3399 276 3505 333">
    <p class='ocr_par' dir='ltr' id='par_1_61' title="bbox 3399 276 3505 333">
     <span class='ocr_line' id='line_1_61' title="bbox 3399 276 3505 333; baseline -0.019 0"><span class='ocrx_word' id='word_1_462' title='bbox 3399 276 3505 333; x_wconf 80' lang='lat'><strong>650</strong></span> 
     </span>
    </p>
   </div>
   <div class='ocr_carea' id='block_1_62' title="bbox 1923 387 3505 460">
    <p class='ocr_par' dir='ltr' id='par_1_62' title="bbox 1923 387 3505 460">
     <span class='ocr_line' id='line_1_62' title="bbox 1923 387 3505 460; baseline 0.001 -16"><span class='ocrx_word' id='word_1_463' title='bbox 1923 390 2086 444; x_wconf 86' lang='lat' dir='ltr'><strong>terius</strong></span> <span class='ocrx_word' id='word_1_464' title='bbox 2110 390 2299 460; x_wconf 89' lang='lat' dir='ltr'><strong>patiar.</strong></span> <span class='ocrx_word' id='word_1_465' title='bbox 2331 389 2460 457; x_wconf 81' lang='lat' dir='ltr'><strong>Quis</strong></span> <span class='ocrx_word' id='word_1_466' title='bbox 2488 390 2629 445; x_wconf 90' lang='lat' dir='ltr'><strong>enim</strong></span> <span class='ocrx_word' id='word_1_467' title='bbox 2671 388 2877 459; x_wconf 90' lang='lat' dir='ltr'><strong>ignorat</strong></span> <span class='ocrx_word' id='word_1_468' title='bbox 2906 397 3159 457; x_wconf 90' lang='lat' dir='ltr'><strong>quantum</strong></span> <span class='ocrx_word' id='word_1_469' title='bbox 3189 387 3289 443; x_wconf 91' lang='lat' dir='ltr'><strong>hoc</strong></span> <span class='ocrx_word' id='word_1_470' title='bbox 3316 390 3505 445; x_wconf 89' lang='lat' dir='ltr'><strong>morbo</strong></span> 
     </span>
    </p>
   </div>
   <div class='ocr_carea' id='block_1_63' title="bbox 1914 478 3504 551">
    <p class='ocr_par' dir='ltr' id='par_1_63' title="bbox 1914 478 3504 551">
     <span class='ocr_line' id='line_1_63' title="bbox 1914 478 3504 551; baseline 0 -16"><span class='ocrx_word' id='word_1_471' title='bbox 1914 480 1989 535; x_wconf 88' lang='lat' dir='ltr'><strong>sis</strong></span> <span class='ocrx_word' id='word_1_472' title='bbox 2016 479 2260 535; x_wconf 80' lang='lat' dir='ltr'><strong>alienus?</strong></span> <span class='ocrx_word' id='word_1_473' title='bbox 2297 478 2763 536; x_wconf 77' lang='lat' dir='ltr'><strong>CHRYSOSTOM.</strong></span> <span class='ocrx_word' id='word_1_474' title='bbox 2802 479 2937 547; x_wconf 86' lang='lat' dir='ltr'><strong>Quid</strong></span> <span class='ocrx_word' id='word_1_475' title='bbox 2970 480 3157 550; x_wconf 86' lang='lat' dir='ltr'><strong>igitur,</strong></span> <span class='ocrx_word' id='word_1_476' title='bbox 3186 480 3400 551; x_wconf 89' lang='lat' dir='ltr'><strong>inquam</strong></span> <span class='ocrx_word' id='word_1_477' title='bbox 3426 521 3439 544; x_wconf 85' lang='lat'><strong>,</strong></span> <span class='ocrx_word' id='word_1_478' title='bbox 3468 496 3504 535; x_wconf 87' lang='grc' dir='ltr'><strong>ο</strong></span> 
     </span>
    </p>
   </div>
   <div class='ocr_carea' id='block_1_64' title="bbox 1914 572 3505 645">
    <p class='ocr_par' dir='ltr' id='par_1_64' title="bbox 1914 572 3505 645">
     <span class='ocr_line' id='line_1_64' title="bbox 1914 572 3505 645; baseline 0.001 -19"><span class='ocrx_word' id='word_1_479' title='bbox 1914 574 1997 628; x_wconf 87' lang='lat' dir='ltr'><strong>vir</strong></span> <span class='ocrx_word' id='word_1_480' title='bbox 2020 573 2194 638; x_wconf 88' lang='lat' dir='ltr'><strong>beate,</strong></span> <span class='ocrx_word' id='word_1_481' title='bbox 2221 575 2301 628; x_wconf 90' lang='lat' dir='ltr'><strong>vis</strong></span> <span class='ocrx_word' id='word_1_482' title='bbox 2324 590 2410 629; x_wconf 91' lang='lat' dir='ltr'><strong>me</strong></span> <span class='ocrx_word' id='word_1_483' title='bbox 2440 572 2562 628; x_wconf 91' lang='lat' dir='ltr'><strong>huic</strong></span> <span class='ocrx_word' id='word_1_484' title='bbox 2590 588 2719 645; x_wconf 90' lang='lat' dir='ltr'><strong>rogo</strong></span> <span class='ocrx_word' id='word_1_485' title='bbox 2744 573 3052 637; x_wconf 89' lang='lat' dir='ltr'><strong>admovere,</strong></span> <span class='ocrx_word' id='word_1_486' title='bbox 3080 588 3143 629; x_wconf 91' lang='lat' dir='ltr'><strong>ac</strong></span> <span class='ocrx_word' id='word_1_487' title='bbox 3166 573 3330 628; x_wconf 89' lang='lat' dir='ltr'><strong>feram</strong></span> <span class='ocrx_word' id='word_1_488' title='bbox 3353 573 3505 645; x_wconf 83' lang='lat' dir='ltr'><strong>quie-</strong></span> 
     </span>
    </p>
   </div>
   <div class='ocr_carea' id='block_1_65' title="bbox 1917 664 3509 735">
    <p class='ocr_par' dir='ltr' id='par_1_65' title="bbox 1917 664 3509 735">
     <span class='ocr_line' id='line_1_65' title="bbox 1917 664 3509 735; baseline 0 -15"><span class='ocrx_word' id='word_1_489' title='bbox 1917 675 2153 720; x_wconf 85' lang='lat' dir='ltr'><strong>scentetn</strong></span> <span class='ocrx_word' id='word_1_490' title='bbox 2183 664 2433 719; x_wconf 81' lang='lat' dir='ltr'><strong>irritare?</strong></span> <span class='ocrx_word' id='word_1_491' title='bbox 2455 666 2535 719; x_wconf 82' lang='lat' dir='ltr'><strong>An</strong></span> <span class='ocrx_word' id='word_1_492' title='bbox 2566 665 2777 735; x_wconf 90' lang='lat' dir='ltr'><strong>ignoras</strong></span> <span class='ocrx_word' id='word_1_493' title='bbox 2805 664 2855 719; x_wconf 93' lang='lat' dir='ltr'><strong>id</strong></span> <span class='ocrx_word' id='word_1_494' title='bbox 2882 666 3037 720; x_wconf 91' lang='lat' dir='ltr'><strong>nobis</strong></span> <span class='ocrx_word' id='word_1_495' title='bbox 3066 679 3173 720; x_wconf 92' lang='lat' dir='ltr'><strong>non</strong></span> <span class='ocrx_word' id='word_1_496' title='bbox 3200 676 3381 719; x_wconf 91' lang='lat' dir='ltr'><strong>nostra</strong></span> <span class='ocrx_word' id='word_1_497' title='bbox 3408 666 3509 720; x_wconf 81' lang='lat' dir='ltr'><strong>vir-</strong></span> 
     </span>
    </p>
   </div>
   <div class='ocr_carea' id='block_1_66' title="bbox 1918 754 3507 826">
    <p class='ocr_par' dir='ltr' id='par_1_66' title="bbox 1918 754 3507 826">
     <span class='ocr_line' id='line_1_66' title="bbox 1918 754 3507 826; baseline 0.001 -16"><span class='ocrx_word' id='word_1_498' title='bbox 1918 764 2033 810; x_wconf 86' lang='lat' dir='ltr'><strong>tute</strong></span> <span class='ocrx_word' id='word_1_499' title='bbox 2056 754 2401 822; x_wconf 90' lang='lat' dir='ltr'><strong>successisse,</strong></span> <span class='ocrx_word' id='word_1_500' title='bbox 2428 755 2523 810; x_wconf 90' lang='lat' dir='ltr'><strong>sed</strong></span> <span class='ocrx_word' id='word_1_501' title='bbox 2542 770 2607 810; x_wconf 89' lang='lat' dir='ltr'><strong>ex</strong></span> <span class='ocrx_word' id='word_1_502' title='bbox 2628 756 2821 826; x_wconf 68' lang='lat' dir='ltr'><strong>quietae</strong></span> <span class='ocrx_word' id='word_1_503' title='bbox 2847 755 2966 810; x_wconf 67' lang='lat' dir='ltr'><strong>vitae</strong></span> <span class='ocrx_word' id='word_1_504' title='bbox 2992 770 3208 820; x_wconf 87' lang='lat' dir='ltr'><strong>amore;</strong></span> <span class='ocrx_word' id='word_1_505' title='bbox 3234 770 3355 810; x_wconf 91' lang='lat' dir='ltr'><strong>eum</strong></span> <span class='ocrx_word' id='word_1_506' title='bbox 3379 770 3507 811; x_wconf 79' lang='lat' dir='ltr'><strong>vero</strong></span> 
     </span>
    </p>
   </div>
   <div class='ocr_carea' id='block_1_67' title="bbox 1920 847 3506 919">
    <p class='ocr_par' dir='ltr' id='par_1_67' title="bbox 1920 847 3506 919">
     <span class='ocr_line' id='line_1_67' title="bbox 1920 847 3506 919; baseline 0.002 -18"><span class='ocrx_word' id='word_1_507' title='bbox 1920 848 2009 919; x_wconf 92' lang='lat' dir='ltr'><strong>qui</strong></span> <span class='ocrx_word' id='word_1_508' title='bbox 2039 848 2118 903; x_wconf 89' lang='lat' dir='ltr'><strong>sic</strong></span> <span class='ocrx_word' id='word_1_509' title='bbox 2152 847 2374 903; x_wconf 77' lang='lat' dir='ltr'><strong>affectus</strong></span> <span class='ocrx_word' id='word_1_510' title='bbox 2400 856 2508 914; x_wconf 91' lang='lat' dir='ltr'><strong>est,</strong></span> <span class='ocrx_word' id='word_1_511' title='bbox 2542 863 2785 903; x_wconf 89' lang='lat' dir='ltr'><strong>seorsum</strong></span> <span class='ocrx_word' id='word_1_512' title='bbox 2814 848 3093 918; x_wconf 88' lang='lat' dir='ltr'><strong>degentem</strong></span> <span class='ocrx_word' id='word_1_513' title='bbox 3114 890 3130 916; x_wconf 97' lang='lat'><strong>,</strong></span> <span class='ocrx_word' id='word_1_514' title='bbox 3157 858 3214 904; x_wconf 92' lang='lat' dir='ltr'><strong>et</strong></span> <span class='ocrx_word' id='word_1_515' title='bbox 3241 864 3346 903; x_wconf 93' lang='lat' dir='ltr'><strong>uno</strong></span> <span class='ocrx_word' id='word_1_516' title='bbox 3371 850 3506 904; x_wconf 86' lang='lat' dir='ltr'><strong>alte-</strong></span> 
     </span>
    </p>
   </div>
   <div class='ocr_carea' id='block_1_68' title="bbox 1920 939 3511 1012">
    <p class='ocr_par' dir='ltr' id='par_1_68' title="bbox 1920 939 3511 1012">
     <span class='ocr_line' id='line_1_68' title="bbox 1920 939 3511 1012; baseline -0.001 -15"><span class='ocrx_word' id='word_1_517' title='bbox 1920 956 2049 997; x_wconf 86' lang='lat' dir='ltr'><strong>rove</strong></span> <span class='ocrx_word' id='word_1_518' title='bbox 2075 948 2310 996; x_wconf 90' lang='lat' dir='ltr'><strong>utentem</strong></span> <span class='ocrx_word' id='word_1_519' title='bbox 2338 939 2512 995; x_wconf 85' lang='lat' dir='ltr'><strong>amico</strong></span> <span class='ocrx_word' id='word_1_520' title='bbox 2536 983 2553 1006; x_wconf 94' lang='lat'><strong>,</strong></span> <span class='ocrx_word' id='word_1_521' title='bbox 2590 940 2893 1007; x_wconf 88' lang='lat' dir='ltr'><strong>hujusmodi</strong></span> <span class='ocrx_word' id='word_1_522' title='bbox 2935 940 3235 996; x_wconf 91' lang='lat' dir='ltr'><strong>incendium</strong></span> <span class='ocrx_word' id='word_1_523' title='bbox 3276 940 3511 1012; x_wconf 84' lang='lat' dir='ltr'><strong>effugere</strong></span> 
     </span>
    </p>
   </div>
   <div class='ocr_carea' id='block_1_69' title="bbox 1923 1031 3512 1104">
    <p class='ocr_par' dir='ltr' id='par_1_69' title="bbox 1923 1031 3512 1104">
     <span class='ocr_line' id='line_1_69' title="bbox 1923 1031 3512 1104; baseline -0.001 -17"><span class='ocrx_word' id='word_1_524' title='bbox 1923 1046 2111 1100; x_wconf 86' lang='lat' dir='ltr'><strong>posse;</strong></span> <span class='ocrx_word' id='word_1_525' title='bbox 2138 1046 2297 1087; x_wconf 88' lang='lat' dir='ltr'><strong>secus</strong></span> <span class='ocrx_word' id='word_1_526' title='bbox 2323 1046 2453 1087; x_wconf 82' lang='lat' dir='ltr'><strong>vero</strong></span> <span class='ocrx_word' id='word_1_527' title='bbox 2480 1032 2526 1086; x_wconf 89' lang='lat' dir='ltr'><strong>si</strong></span> <span class='ocrx_word' id='word_1_528' title='bbox 2553 1032 2606 1087; x_wconf 91' lang='lat' dir='ltr'><strong>in</strong></span> <span class='ocrx_word' id='word_1_529' title='bbox 2634 1041 2711 1086; x_wconf 92' lang='lat' dir='ltr'><strong>tot</strong></span> <span class='ocrx_word' id='word_1_530' title='bbox 2732 1048 2980 1088; x_wconf 89' lang='lat' dir='ltr'><strong>curarum</strong></span> <span class='ocrx_word' id='word_1_531' title='bbox 3001 1033 3251 1104; x_wconf 87' lang='lat' dir='ltr'><strong>abyssum</strong></span> <span class='ocrx_word' id='word_1_532' title='bbox 3278 1031 3512 1088; x_wconf 80' lang='lat' dir='ltr'><strong>incidat?</strong></span> 
     </span>
    </p>
   </div>
   <div class='ocr_carea' id='block_1_70' title="bbox 1923 1124 3511 1195">
    <p class='ocr_par' dir='ltr' id='par_1_70' title="bbox 1923 1124 3511 1195">
     <span class='ocr_line' id='line_1_70' title="bbox 1923 1124 3511 1195; baseline 0 -17"><span class='ocrx_word' id='word_1_533' title='bbox 1923 1124 2073 1179; x_wconf 92' lang='lat' dir='ltr'><strong>Tunc</strong></span> <span class='ocrx_word' id='word_1_534' title='bbox 2111 1125 2254 1179; x_wconf 91' lang='lat' dir='ltr'><strong>enim</strong></span> <span class='ocrx_word' id='word_1_535' title='bbox 2287 1139 2393 1178; x_wconf 93' lang='lat' dir='ltr'><strong>non</strong></span> <span class='ocrx_word' id='word_1_536' title='bbox 2434 1139 2495 1179; x_wconf 90' lang='lat' dir='ltr'><strong>se</strong></span> <span class='ocrx_word' id='word_1_537' title='bbox 2528 1124 2700 1179; x_wconf 90' lang='lat' dir='ltr'><strong>solum</strong></span> <span class='ocrx_word' id='word_1_538' title='bbox 2720 1165 2735 1190; x_wconf 97' lang='lat'><strong>,</strong></span> <span class='ocrx_word' id='word_1_539' title='bbox 2765 1124 2859 1179; x_wconf 89' lang='lat' dir='ltr'><strong>sed</strong></span> <span class='ocrx_word' id='word_1_540' title='bbox 2886 1133 2939 1180; x_wconf 93' lang='lat' dir='ltr'><strong>et</strong></span> <span class='ocrx_word' id='word_1_541' title='bbox 2966 1124 3099 1181; x_wconf 87' lang='lat' dir='ltr'><strong>alios</strong></span> <span class='ocrx_word' id='word_1_542' title='bbox 3126 1124 3420 1195; x_wconf 88' lang='lat' dir='ltr'><strong>permultos</strong></span> <span class='ocrx_word' id='word_1_543' title='bbox 3446 1124 3511 1179; x_wconf 88' lang='lat' dir='ltr'><strong>ad</strong></span> 
     </span>
    </p>
   </div>
   <div class='ocr_carea' id='block_1_71' title="bbox 1924 1215 3515 1288">
    <p class='ocr_par' dir='ltr' id='par_1_71' title="bbox 1924 1215 3515 1288">
     <span class='ocr_line' id='line_1_71' title="bbox 1924 1215 3515 1288; baseline 0 -17"><span class='ocrx_word' id='word_1_544' title='bbox 1924 1216 2171 1272; x_wconf 89' lang='lat' dir='ltr'><strong>interitus</strong></span> <span class='ocrx_word' id='word_1_545' title='bbox 2207 1216 2558 1288; x_wconf 74' lang='lat' dir='ltr'><strong>prmcipitium</strong></span> <span class='ocrx_word' id='word_1_546' title='bbox 2595 1231 2778 1273; x_wconf 91' lang='lat' dir='ltr'><strong>secum</strong></span> <span class='ocrx_word' id='word_1_547' title='bbox 2818 1215 3011 1284; x_wconf 86' lang='lat' dir='ltr'><strong>trahit,</strong></span> <span class='ocrx_word' id='word_1_548' title='bbox 3042 1227 3097 1273; x_wconf 88' lang='lat' dir='ltr'><strong>et</strong></span> <span class='ocrx_word' id='word_1_549' title='bbox 3132 1217 3199 1272; x_wconf 90' lang='lat' dir='ltr'><strong>ad</strong></span> <span class='ocrx_word' id='word_1_550' title='bbox 3238 1217 3515 1287; x_wconf 89' lang='lat' dir='ltr'><strong>probitatis</strong></span> 
     </span>
    </p>
   </div>
   <div class='ocr_carea' id='block_1_72' title="bbox 1925 1310 3517 1379">
    <p class='ocr_par' dir='ltr' id='par_1_72' title="bbox 1925 1310 3517 1379">
     <span class='ocr_line' id='line_1_72' title="bbox 1925 1310 3517 1379; baseline 0.001 -14"><span class='ocrx_word' id='word_1_551' title='bbox 1925 1324 2107 1365; x_wconf 86' lang='lat' dir='ltr'><strong>curam</strong></span> <span class='ocrx_word' id='word_1_552' title='bbox 2136 1310 2410 1379; x_wconf 88' lang='lat' dir='ltr'><strong>segniores</strong></span> <span class='ocrx_word' id='word_1_553' title='bbox 2444 1310 2625 1365; x_wconf 82' lang='lat' dir='ltr'><strong>efficit.</strong></span> <span class='ocrx_word' id='word_1_554' title='bbox 2660 1310 2809 1366; x_wconf 91' lang='lat' dir='ltr'><strong>Solet</strong></span> <span class='ocrx_word' id='word_1_555' title='bbox 2832 1311 2974 1365; x_wconf 90' lang='lat' dir='ltr'><strong>enim</strong></span> <span class='ocrx_word' id='word_1_556' title='bbox 3001 1310 3337 1366; x_wconf 89' lang='lat' dir='ltr'><strong>subditorum</strong></span> <span class='ocrx_word' id='word_1_557' title='bbox 3363 1311 3517 1366; x_wconf 86' lang='lat' dir='ltr'><strong>turba</strong></span> 
     </span>
    </p>
   </div>
   <div class='ocr_carea' id='block_1_73' title="bbox 1926 1401 3516 1475">
    <p class='ocr_par' dir='ltr' id='par_1_73' title="bbox 1926 1401 3516 1475">
     <span class='ocr_line' id='line_1_73' title="bbox 1926 1401 3516 1475; baseline -0.001 -18"><span class='ocrx_word' id='word_1_558' title='bbox 1926 1401 2299 1474; x_wconf 67' lang='lat' dir='ltr'><strong>prtefectorum</strong></span> <span class='ocrx_word' id='word_1_559' title='bbox 2325 1402 2426 1458; x_wconf 89' lang='lat' dir='ltr'><strong>sibi</strong></span> <span class='ocrx_word' id='word_1_560' title='bbox 2454 1417 2632 1458; x_wconf 88' lang='lat' dir='ltr'><strong>mores</strong></span> <span class='ocrx_word' id='word_1_561' title='bbox 2651 1417 2751 1459; x_wconf 89' lang='lat' dir='ltr'><strong>ceu</strong></span> <span class='ocrx_word' id='word_1_562' title='bbox 2776 1402 3123 1475; x_wconf 86' lang='lat' dir='ltr'><strong>archetypum</strong></span> <span class='ocrx_word' id='word_1_563' title='bbox 3153 1410 3210 1458; x_wconf 89' lang='lat' dir='ltr'><strong>et</strong></span> <span class='ocrx_word' id='word_1_564' title='bbox 3232 1402 3516 1474; x_wconf 88' lang='lat' dir='ltr'><strong>quamdam</strong></span> 
     </span>
    </p>
   </div>
   <div class='ocr_carea' id='block_1_74' title="bbox 1929 1492 3519 1565">
    <p class='ocr_par' dir='ltr' id='par_1_74' title="bbox 1929 1492 3519 1565">
     <span class='ocr_line' id='line_1_74' title="bbox 1929 1492 3519 1565; baseline 0 -18"><span class='ocrx_word' id='word_1_565' title='bbox 1929 1494 2214 1563; x_wconf 87' lang='lat' dir='ltr'><strong>imaginem</strong></span> <span class='ocrx_word' id='word_1_566' title='bbox 2255 1503 2524 1564; x_wconf 90' lang='lat' dir='ltr'><strong>spectare,</strong></span> <span class='ocrx_word' id='word_1_567' title='bbox 2555 1508 2720 1565; x_wconf 90' lang='lat' dir='ltr'><strong>seque</strong></span> <span class='ocrx_word' id='word_1_568' title='bbox 2756 1493 2823 1548; x_wconf 93' lang='lat' dir='ltr'><strong>ad</strong></span> <span class='ocrx_word' id='word_1_569' title='bbox 2866 1494 3075 1548; x_wconf 92' lang='lat' dir='ltr'><strong>illorum</strong></span> <span class='ocrx_word' id='word_1_570' title='bbox 3108 1492 3333 1549; x_wconf 88' lang='lat' dir='ltr'><strong>formam</strong></span> <span class='ocrx_word' id='word_1_571' title='bbox 3362 1494 3519 1549; x_wconf 85' lang='lat' dir='ltr'><strong>efﬁn-</strong></span> 
     </span>
    </p>
   </div>
   <div class='ocr_carea' id='block_1_75' title="bbox 1928 1584 3521 1656">
    <p class='ocr_par' dir='ltr' id='par_1_75' title="bbox 1928 1584 3521 1656">
     <span class='ocr_line' id='line_1_75' title="bbox 1928 1584 3521 1656; baseline -0.003 -15"><span class='ocrx_word' id='word_1_572' title='bbox 1928 1600 2073 1656; x_wconf 87' lang='lat' dir='ltr'><strong>gere.</strong></span> <span class='ocrx_word' id='word_1_573' title='bbox 2103 1585 2203 1653; x_wconf 87' lang='lat' dir='ltr'><strong>Qui</strong></span> <span class='ocrx_word' id='word_1_574' title='bbox 2234 1600 2362 1656; x_wconf 86' lang='lat' dir='ltr'><strong>ergo</strong></span> <span class='ocrx_word' id='word_1_575' title='bbox 2403 1585 2573 1655; x_wconf 92' lang='lat' dir='ltr'><strong>possit</strong></span> <span class='ocrx_word' id='word_1_576' title='bbox 2616 1585 2705 1641; x_wconf 89' lang='lat' dir='ltr'><strong>ille</strong></span> <span class='ocrx_word' id='word_1_577' title='bbox 2732 1600 2916 1641; x_wconf 90' lang='lat' dir='ltr'><strong>eorum</strong></span> <span class='ocrx_word' id='word_1_578' title='bbox 2956 1593 3195 1647; x_wconf 81' lang='lat' dir='ltr'><strong>tumores</strong></span> <span class='ocrx_word' id='word_1_579' title='bbox 3219 1584 3408 1640; x_wconf 84' lang='lat' dir='ltr'><strong>sedare</strong></span> <span class='ocrx_word' id='word_1_580' title='bbox 3428 1625 3443 1650; x_wconf 90' lang='lat'><strong>,</strong></span> <span class='ocrx_word' id='word_1_581' title='bbox 3476 1585 3521 1638; x_wconf 90' lang='lat' dir='ltr'><strong>si</strong></span> 
     </span>
    </p>
   </div>
   <div class='ocr_carea' id='block_1_76' title="bbox 1930 1676 3524 1747">
    <p class='ocr_par' dir='ltr' id='par_1_76' title="bbox 1930 1676 3524 1747">
     <span class='ocr_line' id='line_1_76' title="bbox 1930 1676 3524 1747; baseline -0.001 -16"><span class='ocrx_word' id='word_1_582' title='bbox 1930 1677 2045 1747; x_wconf 89' lang='lat' dir='ltr'><strong>ipse</strong></span> <span class='ocrx_word' id='word_1_583' title='bbox 2076 1676 2307 1731; x_wconf 85' lang='lat' dir='ltr'><strong>tumeat?</strong></span> <span class='ocrx_word' id='word_1_584' title='bbox 2332 1676 2449 1746; x_wconf 87' lang='lat' dir='ltr'><strong>quis</strong></span> <span class='ocrx_word' id='word_1_585' title='bbox 2477 1676 2715 1746; x_wconf 91' lang='lat' dir='ltr'><strong>plebeius</strong></span> <span class='ocrx_word' id='word_1_586' title='bbox 2744 1676 3051 1732; x_wconf 85' lang='lat' dir='ltr'><strong>moderatus</strong></span> <span class='ocrx_word' id='word_1_587' title='bbox 3078 1676 3258 1731; x_wconf 88' lang='lat' dir='ltr'><strong>statim</strong></span> <span class='ocrx_word' id='word_1_588' title='bbox 3288 1676 3403 1731; x_wconf 83' lang='lat' dir='ltr'><strong>fieri</strong></span> <span class='ocrx_word' id='word_1_589' title='bbox 3430 1691 3524 1729; x_wconf 91' lang='lat' dir='ltr'><strong>cu-</strong></span> 
     </span>
    </p>
   </div>
   <div class='ocr_carea' id='block_1_77' title="bbox 1933 1768 3525 1840">
    <p class='ocr_par' dir='ltr' id='par_1_77' title="bbox 1933 1768 3525 1840">
     <span class='ocr_line' id='line_1_77' title="bbox 1933 1768 3525 1840; baseline -0.001 -17"><span class='ocrx_word' id='word_1_590' title='bbox 1933 1770 2061 1840; x_wconf 89' lang='lat' dir='ltr'><strong>piat,</strong></span> <span class='ocrx_word' id='word_1_591' title='bbox 2086 1768 2130 1823; x_wconf 93' lang='lat' dir='ltr'><strong>si</strong></span> <span class='ocrx_word' id='word_1_592' title='bbox 2156 1769 2446 1839; x_wconf 88' lang='lat' dir='ltr'><strong>principcm</strong></span> <span class='ocrx_word' id='word_1_593' title='bbox 2472 1768 2781 1823; x_wconf 88' lang='lat' dir='ltr'><strong>iracundum</strong></span> <span class='ocrx_word' id='word_1_594' title='bbox 2808 1768 3019 1823; x_wconf 85' lang='lat' dir='ltr'><strong>videat?</strong></span> <span class='ocrx_word' id='word_1_595' title='bbox 3044 1768 3357 1839; x_wconf 85' lang='lat' dir='ltr'><strong>Neutiquam</strong></span> <span class='ocrx_word' id='word_1_596' title='bbox 3378 1768 3525 1823; x_wconf 91' lang='lat' dir='ltr'><strong>enim</strong></span> 
     </span>
    </p>
   </div>
   <div class='ocr_carea' id='block_1_78' title="bbox 1934 1860 3528 1931">
    <p class='ocr_par' dir='ltr' id='par_1_78' title="bbox 1934 1860 3528 1931">
     <span class='ocr_line' id='line_1_78' title="bbox 1934 1860 3528 1931; baseline -0.001 -17"><span class='ocrx_word' id='word_1_597' title='bbox 1934 1870 2158 1931; x_wconf 90' lang='lat' dir='ltr'><strong>possunt</strong></span> <span class='ocrx_word' id='word_1_598' title='bbox 2178 1860 2517 1915; x_wconf 90' lang='lat' dir='ltr'><strong>sacerdotum</strong></span> <span class='ocrx_word' id='word_1_599' title='bbox 2538 1860 2666 1916; x_wconf 89' lang='lat' dir='ltr'><strong>vitia</strong></span> <span class='ocrx_word' id='word_1_600' title='bbox 2692 1860 2877 1923; x_wconf 89' lang='lat' dir='ltr'><strong>latere,</strong></span> <span class='ocrx_word' id='word_1_601' title='bbox 2909 1860 3005 1916; x_wconf 89' lang='lat' dir='ltr'><strong>sed</strong></span> <span class='ocrx_word' id='word_1_602' title='bbox 3028 1860 3188 1917; x_wconf 92' lang='lat' dir='ltr'><strong>etiam</strong></span> <span class='ocrx_word' id='word_1_603' title='bbox 3208 1860 3400 1931; x_wconf 89' lang='lat' dir='ltr'><strong>exigua</strong></span> <span class='ocrx_word' id='word_1_604' title='bbox 3421 1860 3528 1914; x_wconf 92' lang='lat' dir='ltr'><strong>cito</strong></span> 
     </span>
    </p>
   </div>
   <div class='ocr_carea' id='block_1_79' title="bbox 1935 1951 3529 2022">
    <p class='ocr_par' dir='ltr' id='par_1_79' title="bbox 1935 1951 3529 2022">
     <span class='ocr_line' id='line_1_79' title="bbox 1935 1951 3529 2022; baseline -0.003 -15"><span class='ocrx_word' id='word_1_605' title='bbox 1935 1952 2221 2022; x_wconf 90' lang='lat' dir='ltr'><strong>conspicua</strong></span> <span class='ocrx_word' id='word_1_606' title='bbox 2251 1960 2395 2007; x_wconf 91' lang='lat' dir='ltr'><strong>sunt.</strong></span> <span class='ocrx_word' id='word_1_607' title='bbox 2423 1951 2696 2022; x_wconf 88' lang='lat' dir='ltr'><strong>Siquidem</strong></span> <span class='ocrx_word' id='word_1_608' title='bbox 2726 1951 2926 2007; x_wconf 88' lang='lat' dir='ltr'><strong>athleta</strong></span> <span class='ocrx_word' id='word_1_609' title='bbox 2956 1951 3209 2022; x_wconf 88' lang='lat' dir='ltr'><strong>quamdiu</strong></span> <span class='ocrx_word' id='word_1_610' title='bbox 3235 1952 3378 2006; x_wconf 90' lang='lat' dir='ltr'><strong>domi</strong></span> <span class='ocrx_word' id='word_1_611' title='bbox 3412 1967 3529 2005; x_wconf 87' lang='lat' dir='ltr'><strong>ma-</strong></span> 
     </span>
    </p>
   </div>
   <div class='ocr_carea' id='block_1_80' title="bbox 1938 2043 3525 2116">
    <p class='ocr_par' dir='ltr' id='par_1_80' title="bbox 1938 2043 3525 2116">
     <span class='ocr_line' id='line_1_80' title="bbox 1938 2043 3525 2116; baseline -0.002 -15"><span class='ocrx_word' id='word_1_612' title='bbox 1938 2054 2061 2111; x_wconf 82' lang='lat' dir='ltr'><strong>net,</strong></span> <span class='ocrx_word' id='word_1_613' title='bbox 2089 2054 2143 2100; x_wconf 93' lang='lat' dir='ltr'><strong>et</strong></span> <span class='ocrx_word' id='word_1_614' title='bbox 2185 2061 2306 2100; x_wconf 90' lang='lat' dir='ltr'><strong>cum</strong></span> <span class='ocrx_word' id='word_1_615' title='bbox 2348 2045 2492 2099; x_wconf 86' lang='lat' dir='ltr'><strong>nullo</strong></span> <span class='ocrx_word' id='word_1_616' title='bbox 2534 2044 2909 2116; x_wconf 85' lang='lat' dir='ltr'><strong>congreditur,</strong></span> <span class='ocrx_word' id='word_1_617' title='bbox 2951 2045 3076 2099; x_wconf 91' lang='lat' dir='ltr'><strong>licet</strong></span> <span class='ocrx_word' id='word_1_618' title='bbox 3116 2044 3377 2099; x_wconf 79' lang='lat' dir='ltr'><strong>infirmior</strong></span> <span class='ocrx_word' id='word_1_619' title='bbox 3415 2043 3525 2110; x_wconf 89' lang='lat' dir='ltr'><strong>sit,</strong></span> 
     </span>
    </p>
   </div>
   <div class='ocr_carea' id='block_1_81' title="bbox 1938 2136 3531 2209">
    <p class='ocr_par' dir='ltr' id='par_1_81' title="bbox 1938 2136 3531 2209">
     <span class='ocr_line' id='line_1_81' title="bbox 1938 2136 3531 2209; baseline -0.004 -14"><span class='ocrx_word' id='word_1_620' title='bbox 1938 2139 2208 2195; x_wconf 85' lang='lat' dir='ltr'><strong>occultare</strong></span> <span class='ocrx_word' id='word_1_621' title='bbox 2247 2153 2305 2193; x_wconf 89' lang='lat' dir='ltr'><strong>se</strong></span> <span class='ocrx_word' id='word_1_622' title='bbox 2348 2145 2555 2209; x_wconf 88' lang='lat' dir='ltr'><strong>potest;</strong></span> <span class='ocrx_word' id='word_1_623' title='bbox 2583 2152 2704 2191; x_wconf 89' lang='lat' dir='ltr'><strong>cum</strong></span> <span class='ocrx_word' id='word_1_624' title='bbox 2744 2145 2922 2193; x_wconf 90' lang='lat' dir='ltr'><strong>autem</strong></span> <span class='ocrx_word' id='word_1_625' title='bbox 2962 2136 3195 2192; x_wconf 89' lang='lat' dir='ltr'><strong>nudatus</strong></span> <span class='ocrx_word' id='word_1_626' title='bbox 3233 2136 3285 2190; x_wconf 91' lang='lat' dir='ltr'><strong>in</strong></span> <span class='ocrx_word' id='word_1_627' title='bbox 3314 2150 3531 2191; x_wconf 90' lang='lat' dir='ltr'><strong>arenam</strong></span> 
     </span>
    </p>
   </div>
   <div class='ocr_carea' id='block_1_82' title="bbox 1940 2226 3534 2299">
    <p class='ocr_par' dir='ltr' id='par_1_82' title="bbox 1940 2226 3534 2299">
     <span class='ocr_line' id='line_1_82' title="bbox 1940 2226 3534 2299; baseline -0.003 -12"><span class='ocrx_word' id='word_1_628' title='bbox 1940 2230 2242 2292; x_wconf 87' lang='lat' dir='ltr'><strong>descendit,</strong></span> <span class='ocrx_word' id='word_1_629' title='bbox 2286 2230 2463 2284; x_wconf 90' lang='lat' dir='ltr'><strong>statim</strong></span> <span class='ocrx_word' id='word_1_630' title='bbox 2502 2229 2593 2299; x_wconf 91' lang='lat' dir='ltr'><strong>qui</strong></span> <span class='ocrx_word' id='word_1_631' title='bbox 2627 2230 2696 2283; x_wconf 93' lang='lat' dir='ltr'><strong>sit</strong></span> <span class='ocrx_word' id='word_1_632' title='bbox 2735 2227 3016 2283; x_wconf 89' lang='lat' dir='ltr'><strong>evincitur.</strong></span> <span class='ocrx_word' id='word_1_633' title='bbox 3060 2226 3314 2283; x_wconf 85' lang='lat' dir='ltr'><strong>Homines</strong></span> <span class='ocrx_word' id='word_1_634' title='bbox 3355 2226 3534 2296; x_wconf 81' lang='lat' dir='ltr'><strong>itaque</strong></span> 
     </span>
    </p>
   </div>
   <div class='ocr_carea' id='block_1_83' title="bbox 1942 2319 3534 2394">
    <p class='ocr_par' dir='ltr' id='par_1_83' title="bbox 1942 2319 3534 2394">
     <span class='ocr_line' id='line_1_83' title="bbox 1942 2319 3534 2394; baseline -0.004 -16"><span class='ocrx_word' id='word_1_635' title='bbox 1942 2324 2031 2394; x_wconf 91' lang='lat' dir='ltr'><strong>qui</strong></span> <span class='ocrx_word' id='word_1_636' title='bbox 2066 2323 2287 2378; x_wconf 90' lang='lat' dir='ltr'><strong>seorsim</strong></span> <span class='ocrx_word' id='word_1_637' title='bbox 2320 2332 2372 2376; x_wconf 90' lang='lat' dir='ltr'><strong>ct</strong></span> <span class='ocrx_word' id='word_1_638' title='bbox 2398 2322 2449 2376; x_wconf 94' lang='lat' dir='ltr'><strong>in</strong></span> <span class='ocrx_word' id='word_1_639' title='bbox 2480 2323 2589 2377; x_wconf 91' lang='lat' dir='ltr'><strong>otio</strong></span> <span class='ocrx_word' id='word_1_640' title='bbox 2615 2322 2775 2376; x_wconf 86' lang='lat' dir='ltr'><strong>vitam</strong></span> <span class='ocrx_word' id='word_1_641' title='bbox 2802 2329 2997 2391; x_wconf 90' lang='lat' dir='ltr'><strong>agunt,</strong></span> <span class='ocrx_word' id='word_1_642' title='bbox 3023 2319 3273 2375; x_wconf 89' lang='lat' dir='ltr'><strong>vitiorum</strong></span> <span class='ocrx_word' id='word_1_643' title='bbox 3313 2332 3534 2374; x_wconf 89' lang='lat' dir='ltr'><strong>suorum</strong></span> 
     </span>
    </p>
   </div>
   <div class='ocr_carea' id='block_1_84' title="bbox 1945 2409 3537 2486">
    <p class='ocr_par' dir='ltr' id='par_1_84' title="bbox 1945 2409 3537 2486">
     <span class='ocr_line' id='line_1_84' title="bbox 1945 2409 3537 2486; baseline -0.005 -16"><span class='ocrx_word' id='word_1_644' title='bbox 1945 2425 2156 2486; x_wconf 89' lang='lat' dir='ltr'><strong>tegmen</strong></span> <span class='ocrx_word' id='word_1_645' title='bbox 2185 2414 2382 2469; x_wconf 88' lang='lat' dir='ltr'><strong>habent</strong></span> <span class='ocrx_word' id='word_1_646' title='bbox 2404 2412 2777 2478; x_wconf 91' lang='lat' dir='ltr'><strong>solitudinem;</strong></span> <span class='ocrx_word' id='word_1_647' title='bbox 2802 2413 2853 2466; x_wconf 91' lang='lat' dir='ltr'><strong>in</strong></span> <span class='ocrx_word' id='word_1_648' title='bbox 2881 2411 3113 2467; x_wconf 91' lang='lat' dir='ltr'><strong>medium</strong></span> <span class='ocrx_word' id='word_1_649' title='bbox 3139 2409 3374 2477; x_wconf 90' lang='lat' dir='ltr'><strong>adducti,</strong></span> <span class='ocrx_word' id='word_1_650' title='bbox 3399 2410 3537 2464; x_wconf 89' lang='lat' dir='ltr'><strong>sicut</strong></span> 
     </span>
    </p>
   </div>
   <div class='ocr_carea' id='block_1_85' title="bbox 1944 2507 3537 2574">
    <p class='ocr_par' dir='ltr' id='par_1_85' title="bbox 1944 2507 3537 2574">
     <span class='ocr_line' id='line_1_85' title="bbox 1944 2507 3537 2574; baseline -0.004 -11"><span class='ocrx_word' id='word_1_651' title='bbox 1944 2509 2318 2564; x_wconf 84' lang='lat' dir='ltr'><strong>vestimentum</strong></span> <span class='ocrx_word' id='word_1_652' title='bbox 2346 2507 2683 2562; x_wconf 89' lang='lat' dir='ltr'><strong>solitudinem</strong></span> <span class='ocrx_word' id='word_1_653' title='bbox 2710 2520 2910 2561; x_wconf 82' lang='lat' dir='ltr'><strong>exuere</strong></span> <span class='ocrx_word' id='word_1_654' title='bbox 2936 2515 3217 2574; x_wconf 85' lang='lat' dir='ltr'><strong>coguntur,</strong></span> <span class='ocrx_word' id='word_1_655' title='bbox 3242 2518 3417 2573; x_wconf 80' lang='lat' dir='ltr'><strong>exque</strong></span> <span class='ocrx_word' id='word_1_656' title='bbox 3446 2518 3537 2557; x_wconf 88' lang='lat' dir='ltr'><strong>ex-</strong></span> 
     </span>
    </p>
   </div>
   <div class='ocr_carea' id='block_1_86' title="bbox 1947 2592 3534 2655">
    <p class='ocr_par' dir='ltr' id='par_1_86' title="bbox 1947 2592 3534 2655">
     <span class='ocr_line' id='line_1_86' title="bbox 1947 2592 3534 2655; baseline -0.006 0"><span class='ocrx_word' id='word_1_657' title='bbox 1947 2600 2111 2655; x_wconf 87' lang='lat' dir='ltr'><strong>ternis</strong></span> <span class='ocrx_word' id='word_1_658' title='bbox 2153 2600 2388 2654; x_wconf 88' lang='lat' dir='ltr'><strong>motibus</strong></span> <span class='ocrx_word' id='word_1_659' title='bbox 2437 2598 2637 2653; x_wconf 89' lang='lat' dir='ltr'><strong>nudum</strong></span> <span class='ocrx_word' id='word_1_660' title='bbox 2686 2596 2930 2651; x_wconf 91' lang='lat' dir='ltr'><strong>omnibus</strong></span> <span class='ocrx_word' id='word_1_661' title='bbox 2978 2595 3215 2649; x_wconf 89' lang='lat' dir='ltr'><strong>animum</strong></span> <span class='ocrx_word' id='word_1_662' title='bbox 3259 2592 3534 2649; x_wconf 90' lang='lat' dir='ltr'><strong>exhibere.</strong></span> 
     </span>
    </p>
   </div>
   <div class='ocr_carea' id='block_1_87' title="bbox 1946 2685 3542 2764">
    <p class='ocr_par' dir='ltr' id='par_1_87' title="bbox 1946 2685 3542 2764">
     <span class='ocr_line' id='line_1_87' title="bbox 1946 2685 3542 2764; baseline -0.004 -16"><span class='ocrx_word' id='word_1_663' title='bbox 1946 2692 2407 2761; x_wconf 85' lang='lat' dir='ltr'><strong>Quemadmodum</strong></span> <span class='ocrx_word' id='word_1_664' title='bbox 2449 2706 2577 2761; x_wconf 90' lang='lat' dir='ltr'><strong>ergo</strong></span> <span class='ocrx_word' id='word_1_665' title='bbox 2619 2691 2855 2764; x_wconf 65' lang='lat' dir='ltr'><strong>ipsorum</strong></span> <span class='ocrx_word' id='word_1_666' title='bbox 2895 2688 3325 2759; x_wconf 65' lang='lat' dir='ltr'><strong>prteclaragesta</strong></span> <span class='ocrx_word' id='word_1_667' title='bbox 3361 2685 3542 2741; x_wconf 82' lang='lat' dir='ltr'><strong>multis</strong></span> 
     </span>
    </p>
   </div>
   <div class='ocr_carea' id='block_1_88' title="bbox 1950 2779 3541 2856">
    <p class='ocr_par' dir='ltr' id='par_1_88' title="bbox 1950 2779 3541 2856">
     <span class='ocr_line' id='line_1_88' title="bbox 1950 2779 3541 2856; baseline -0.005 -15"><span class='ocrx_word' id='word_1_668' title='bbox 1950 2794 2172 2856; x_wconf 88' lang='lat' dir='ltr'><strong>prosunt</strong></span> <span class='ocrx_word' id='word_1_669' title='bbox 2195 2784 2260 2839; x_wconf 94' lang='lat' dir='ltr'><strong>ad</strong></span> <span class='ocrx_word' id='word_1_670' title='bbox 2288 2784 2461 2839; x_wconf 88' lang='lat' dir='ltr'><strong>simile</strong></span> <span class='ocrx_word' id='word_1_671' title='bbox 2491 2783 2722 2838; x_wconf 91' lang='lat' dir='ltr'><strong>studium</strong></span> <span class='ocrx_word' id='word_1_672' title='bbox 2749 2781 3047 2847; x_wconf 79' lang='lat' dir='ltr'><strong>evocantia,</strong></span> <span class='ocrx_word' id='word_1_673' title='bbox 3070 2781 3149 2835; x_wconf 91' lang='lat' dir='ltr'><strong>sic</strong></span> <span class='ocrx_word' id='word_1_674' title='bbox 3173 2789 3226 2835; x_wconf 90' lang='lat' dir='ltr'><strong>et</strong></span> <span class='ocrx_word' id='word_1_675' title='bbox 3252 2794 3439 2835; x_wconf 89' lang='lat' dir='ltr'><strong>eorum</strong></span> <span class='ocrx_word' id='word_1_676' title='bbox 3465 2779 3541 2833; x_wconf 81' lang='lat' dir='ltr'><strong>vi-</strong></span> 
     </span>
    </p>
   </div>
   <div class='ocr_carea' id='block_1_89' title="bbox 1951 2870 3544 2942">
    <p class='ocr_par' dir='ltr' id='par_1_89' title="bbox 1951 2870 3544 2942">
     <span class='ocr_line' id='line_1_89' title="bbox 1951 2870 3544 2942; baseline -0.005 -11"><span class='ocrx_word' id='word_1_677' title='bbox 1951 2878 2021 2932; x_wconf 90' lang='lat' dir='ltr'><strong>tia</strong></span> <span class='ocrx_word' id='word_1_678' title='bbox 2053 2878 2186 2931; x_wconf 85' lang='lat' dir='ltr'><strong>alios</strong></span> <span class='ocrx_word' id='word_1_679' title='bbox 2216 2875 2282 2929; x_wconf 91' lang='lat' dir='ltr'><strong>ad</strong></span> <span class='ocrx_word' id='word_1_680' title='bbox 2317 2874 2525 2929; x_wconf 79' lang='lat' dir='ltr'><strong>virtutis</strong></span> <span class='ocrx_word' id='word_1_681' title='bbox 2553 2873 2866 2929; x_wconf 90' lang='lat' dir='ltr'><strong>exercitium</strong></span> <span class='ocrx_word' id='word_1_682' title='bbox 2893 2872 3168 2942; x_wconf 89' lang='lat' dir='ltr'><strong>segniores</strong></span> <span class='ocrx_word' id='word_1_683' title='bbox 3192 2870 3463 2935; x_wconf 79' lang='lat' dir='ltr'><strong>efficiunt,</strong></span> <span class='ocrx_word' id='word_1_684' title='bbox 3490 2879 3544 2923; x_wconf 91' lang='lat' dir='ltr'><strong>et</strong></span> 
     </span>
    </p>
   </div>
   <div class='ocr_carea' id='block_1_90' title="bbox 1951 2963 3543 3036">
    <p class='ocr_par' dir='ltr' id='par_1_90' title="bbox 1951 2963 3543 3036">
     <span class='ocr_line' id='line_1_90' title="bbox 1951 2963 3543 3036; baseline -0.006 -11"><span class='ocrx_word' id='word_1_685' title='bbox 1951 2970 2017 3025; x_wconf 93' lang='lat' dir='ltr'><strong>ad</strong></span> <span class='ocrx_word' id='word_1_686' title='bbox 2044 2971 2304 3025; x_wconf 90' lang='lat' dir='ltr'><strong>bonorum</strong></span> <span class='ocrx_word' id='word_1_687' title='bbox 2333 2982 2557 3036; x_wconf 91' lang='lat' dir='ltr'><strong>operum</strong></span> <span class='ocrx_word' id='word_1_688' title='bbox 2587 2966 2824 3021; x_wconf 89' lang='lat' dir='ltr'><strong>laborem</strong></span> <span class='ocrx_word' id='word_1_689' title='bbox 2857 2975 3069 3034; x_wconf 90' lang='lat' dir='ltr'><strong>torpere</strong></span> <span class='ocrx_word' id='word_1_690' title='bbox 3098 2964 3316 3018; x_wconf 84' lang='lat' dir='ltr'><strong>faciunt.</strong></span> <span class='ocrx_word' id='word_1_691' title='bbox 3343 2963 3543 3031; x_wconf 85' lang='lat' dir='ltr'><strong>Quam-</strong></span> 
     </span>
    </p>
   </div>
   <div class='ocr_carea' id='block_1_91' title="bbox 1952 3054 3541 3129">
    <p class='ocr_par' dir='ltr' id='par_1_91' title="bbox 1952 3054 3541 3129">
     <span class='ocr_line' id='line_1_91' title="bbox 1952 3054 3541 3129; baseline -0.008 -11"><span class='ocrx_word' id='word_1_692' title='bbox 1952 3065 2136 3118; x_wconf 89' lang='lat' dir='ltr'><strong>obrem</strong></span> <span class='ocrx_word' id='word_1_693' title='bbox 2166 3063 2359 3116; x_wconf 87' lang='lat' dir='ltr'><strong>animae</strong></span> <span class='ocrx_word' id='word_1_694' title='bbox 2388 3060 2503 3129; x_wconf 82' lang='lat' dir='ltr'><strong>ejus</strong></span> <span class='ocrx_word' id='word_1_695' title='bbox 2531 3057 2979 3129; x_wconf 90' lang='lat' dir='ltr'><strong>pulchritudinem</strong></span> <span class='ocrx_word' id='word_1_696' title='bbox 3008 3054 3291 3126; x_wconf 89' lang='lat' dir='ltr'><strong>splendere</strong></span> <span class='ocrx_word' id='word_1_697' title='bbox 3312 3061 3541 3122; x_wconf 81' lang='lat' dir='ltr'><strong>oportet,</strong></span> 
     </span>
    </p>
   </div>
   <div class='ocr_carea' id='block_1_92' title="bbox 1952 3145 3546 3225">
    <p class='ocr_par' dir='ltr' id='par_1_92' title="bbox 1952 3145 3546 3225">
     <span class='ocr_line' id='line_1_92' title="bbox 1952 3145 3546 3225; baseline -0.009 -14"><span class='ocrx_word' id='word_1_698' title='bbox 1952 3165 2014 3211; x_wconf 91' lang='lat' dir='ltr'><strong>ut</strong></span> <span class='ocrx_word' id='word_1_699' title='bbox 2054 3164 2408 3225; x_wconf 75' lang='lat' dir='ltr'><strong>spectatorum</strong></span> <span class='ocrx_word' id='word_1_700' title='bbox 2453 3152 2660 3205; x_wconf 90' lang='lat' dir='ltr'><strong>animos</strong></span> <span class='ocrx_word' id='word_1_701' title='bbox 2688 3148 2957 3204; x_wconf 88' lang='lat' dir='ltr'><strong>oblectare</strong></span> <span class='ocrx_word' id='word_1_702' title='bbox 2994 3146 3152 3201; x_wconf 90' lang='lat' dir='ltr'><strong>simul</strong></span> <span class='ocrx_word' id='word_1_703' title='bbox 3188 3155 3243 3200; x_wconf 89' lang='lat' dir='ltr'><strong>et</strong></span> <span class='ocrx_word' id='word_1_704' title='bbox 3282 3145 3546 3199; x_wconf 89' lang='lat' dir='ltr'><strong>illustrare</strong></span> 
     </span>
    </p>
   </div>
   <div class='ocr_carea' id='block_1_93' title="bbox 1956 3233 3545 3316">
    <p class='ocr_par' dir='ltr' id='par_1_93' title="bbox 1956 3233 3545 3316">
     <span class='ocr_line' id='line_1_93' title="bbox 1956 3233 3545 3316; baseline -0.008 -18"><span class='ocrx_word' id='word_1_705' title='bbox 1956 3246 2141 3316; x_wconf 85' lang='lat' dir='ltr'><strong>possit.</strong></span> <span class='ocrx_word' id='word_1_706' title='bbox 2187 3243 2318 3298; x_wconf 88' lang='lat' dir='ltr'><strong>Nam</strong></span> <span class='ocrx_word' id='word_1_707' title='bbox 2362 3240 2657 3310; x_wconf 83' lang='lat' dir='ltr'><strong>vulgarium</strong></span> <span class='ocrx_word' id='word_1_708' title='bbox 2699 3238 2971 3292; x_wconf 88' lang='lat' dir='ltr'><strong>hominum</strong></span> <span class='ocrx_word' id='word_1_709' title='bbox 3013 3245 3267 3307; x_wconf 84' lang='lat' dir='ltr'><strong>peccata,</strong></span> <span class='ocrx_word' id='word_1_710' title='bbox 3302 3233 3452 3304; x_wconf 90' lang='lat' dir='ltr'><strong>quasi</strong></span> <span class='ocrx_word' id='word_1_711' title='bbox 3494 3234 3545 3286; x_wconf 90' lang='lat' dir='ltr'><strong>in</strong></span> 
     </span>
    </p>
   </div>
   <div class='ocr_carea' id='block_1_94' title="bbox 1960 3327 3549 3405">
    <p class='ocr_par' dir='ltr' id='par_1_94' title="bbox 1960 3327 3549 3405">
     <span class='ocr_line' id='line_1_94' title="bbox 1960 3327 3549 3405; baseline -0.008 -13"><span class='ocrx_word' id='word_1_712' title='bbox 1960 3337 2190 3392; x_wconf 86' lang='lat' dir='ltr'><strong>tenebris</strong></span> <span class='ocrx_word' id='word_1_713' title='bbox 2218 3342 2539 3405; x_wconf 86' lang='lat' dir='ltr'><strong>perpetrata,</strong></span> <span class='ocrx_word' id='word_1_714' title='bbox 2571 3338 2853 3404; x_wconf 79' lang='lat' dir='ltr'><strong>peccatth</strong></span> <span class='ocrx_word' id='word_1_715' title='bbox 2877 3330 3021 3385; x_wconf 88' lang='lat' dir='ltr'><strong>solos</strong></span> <span class='ocrx_word' id='word_1_716' title='bbox 3048 3328 3273 3398; x_wconf 86' lang='lat' dir='ltr'><strong>perdunt</strong></span> <span class='ocrx_word' id='word_1_717' title='bbox 3299 3345 3312 3381; x_wconf 90' lang='lat'><strong>:</strong></span> <span class='ocrx_word' id='word_1_718' title='bbox 3336 3327 3434 3381; x_wconf 86' lang='lat' dir='ltr'><strong>viri</strong></span> <span class='ocrx_word' id='word_1_719' title='bbox 3456 3343 3549 3387; x_wconf 84' lang='lat' dir='ltr'><strong>au-</strong></span> 
     </span>
    </p>
   </div>
   <div class='ocr_carea' id='block_1_95' title="bbox 1960 3418 3551 3493">
    <p class='ocr_par' dir='ltr' id='par_1_95' title="bbox 1960 3418 3551 3493">
     <span class='ocr_line' id='line_1_95' title="bbox 1960 3418 3551 3493; baseline -0.008 -10"><span class='ocrx_word' id='word_1_720' title='bbox 1960 3439 2066 3485; x_wconf 80' lang='lat' dir='ltr'><strong>tem</strong></span> <span class='ocrx_word' id='word_1_721' title='bbox 2096 3428 2312 3482; x_wconf 88' lang='lat' dir='ltr'><strong>illustris</strong></span> <span class='ocrx_word' id='word_1_722' title='bbox 2335 3435 2390 3481; x_wconf 93' lang='lat' dir='ltr'><strong>et</strong></span> <span class='ocrx_word' id='word_1_723' title='bbox 2418 3425 2600 3480; x_wconf 90' lang='lat' dir='ltr'><strong>multis</strong></span> <span class='ocrx_word' id='word_1_724' title='bbox 2626 3422 2823 3493; x_wconf 87' lang='lat' dir='ltr'><strong>cogniti</strong></span> <span class='ocrx_word' id='word_1_725' title='bbox 2851 3421 3045 3486; x_wconf 88' lang='lat' dir='ltr'><strong>scelus,</strong></span> <span class='ocrx_word' id='word_1_726' title='bbox 3071 3434 3354 3475; x_wconf 90' lang='lat' dir='ltr'><strong>commune</strong></span> <span class='ocrx_word' id='word_1_727' title='bbox 3379 3418 3551 3479; x_wconf 83' lang='lat' dir='ltr'><strong>omni-</strong></span> 
     </span>
    </p>
   </div>
   <div class='ocr_carea' id='block_1_96' title="bbox 1958 3509 3551 3583">
    <p class='ocr_par' dir='ltr' id='par_1_96' title="bbox 1958 3509 3551 3583">
     <span class='ocr_line' id='line_1_96' title="bbox 1958 3509 3551 3583; baseline -0.009 -7"><span class='ocrx_word' id='word_1_728' title='bbox 1958 3522 2058 3577; x_wconf 86' lang='lat' dir='ltr'><strong>bus</strong></span> <span class='ocrx_word' id='word_1_729' title='bbox 2081 3520 2233 3575; x_wconf 85' lang='lat' dir='ltr'><strong>affert</strong></span> <span class='ocrx_word' id='word_1_730' title='bbox 2258 3518 2655 3583; x_wconf 88' lang='lat' dir='ltr'><strong>detrimentum,</strong></span> <span class='ocrx_word' id='word_1_731' title='bbox 2678 3514 2805 3569; x_wconf 91' lang='lat' dir='ltr'><strong>dum</strong></span> <span class='ocrx_word' id='word_1_732' title='bbox 2832 3513 3086 3569; x_wconf 88' lang='lat' dir='ltr'><strong>remissos</strong></span> <span class='ocrx_word' id='word_1_733' title='bbox 3108 3510 3175 3564; x_wconf 93' lang='lat' dir='ltr'><strong>ad</strong></span> <span class='ocrx_word' id='word_1_734' title='bbox 3203 3509 3429 3565; x_wconf 90' lang='lat' dir='ltr'><strong>sudores</strong></span> <span class='ocrx_word' id='word_1_735' title='bbox 3454 3525 3551 3577; x_wconf 86' lang='lat' dir='ltr'><strong>pro</strong></span> 
     </span>
    </p>
   </div>
   <div class='ocr_carea' id='block_1_97' title="bbox 1961 3603 3553 3682">
    <p class='ocr_par' dir='ltr' id='par_1_97' title="bbox 1961 3603 3553 3682">
     <span class='ocr_line' id='line_1_97' title="bbox 1961 3603 3553 3682; baseline -0.01 -11"><span class='ocrx_word' id='word_1_736' title='bbox 1961 3614 2114 3671; x_wconf 91' lang='lat' dir='ltr'><strong>nobis</strong></span> <span class='ocrx_word' id='word_1_737' title='bbox 2140 3612 2390 3682; x_wconf 86' lang='lat' dir='ltr'><strong>operibus</strong></span> <span class='ocrx_word' id='word_1_738' title='bbox 2416 3608 2773 3681; x_wconf 88' lang='lat' dir='ltr'><strong>capessendos</strong></span> <span class='ocrx_word' id='word_1_739' title='bbox 2798 3604 3097 3676; x_wconf 88' lang='lat' dir='ltr'><strong>supiniores</strong></span> <span class='ocrx_word' id='word_1_740' title='bbox 3121 3603 3314 3670; x_wconf 79' lang='lat' dir='ltr'><strong>efficit,</strong></span> <span class='ocrx_word' id='word_1_741' title='bbox 3342 3617 3435 3657; x_wconf 88' lang='lat' dir='ltr'><strong>eos</strong></span> <span class='ocrx_word' id='word_1_742' title='bbox 3459 3617 3553 3655; x_wconf 80' lang='lat' dir='ltr'><strong>au-</strong></span> 
     </span>
    </p>
   </div>
   <div class='ocr_carea' id='block_1_98' title="bbox 1963 3694 3549 3776">
    <p class='ocr_par' dir='ltr' id='par_1_98' title="bbox 1963 3694 3549 3776">
     <span class='ocr_line' id='line_1_98' title="bbox 1963 3694 3549 3776; baseline -0.009 -14"><span class='ocrx_word' id='word_1_743' title='bbox 1963 3717 2069 3762; x_wconf 92' lang='lat' dir='ltr'><strong>tem</strong></span> <span class='ocrx_word' id='word_1_744' title='bbox 2100 3706 2187 3776; x_wconf 91' lang='lat' dir='ltr'><strong>qui</strong></span> <span class='ocrx_word' id='word_1_745' title='bbox 2212 3704 2311 3760; x_wconf 91' lang='lat' dir='ltr'><strong>sibi</strong></span> <span class='ocrx_word' id='word_1_746' title='bbox 2338 3701 2616 3758; x_wconf 90' lang='lat' dir='ltr'><strong>attendere</strong></span> <span class='ocrx_word' id='word_1_747' title='bbox 2640 3700 2880 3769; x_wconf 91' lang='lat' dir='ltr'><strong>cupiunt,</strong></span> <span class='ocrx_word' id='word_1_748' title='bbox 2912 3696 2978 3751; x_wconf 89' lang='lat' dir='ltr'><strong>ad</strong></span> <span class='ocrx_word' id='word_1_749' title='bbox 3003 3695 3305 3766; x_wconf 88' lang='lat' dir='ltr'><strong>superbiam</strong></span> <span class='ocrx_word' id='word_1_750' title='bbox 3335 3694 3549 3749; x_wconf 88' lang='lat' dir='ltr'><strong>excitat.</strong></span> 
     </span>
    </p>
   </div>
   <div class='ocr_carea' id='block_1_99' title="bbox 1962 3783 3555 3863">
    <p class='ocr_par' dir='ltr' id='par_1_99' title="bbox 1962 3783 3555 3863">
     <span class='ocr_line' id='line_1_99' title="bbox 1962 3783 3555 3863; baseline -0.01 -10"><span class='ocrx_word' id='word_1_751' title='bbox 1962 3798 2045 3853; x_wconf 78' lang='lat' dir='ltr'><strong>Ad</strong></span> <span class='ocrx_word' id='word_1_752' title='bbox 2074 3796 2187 3851; x_wconf 60' lang='lat' dir='ltr'><strong>hare</strong></span> <span class='ocrx_word' id='word_1_753' title='bbox 2214 3809 2342 3850; x_wconf 77' lang='lat' dir='ltr'><strong>vero</strong></span> <span class='ocrx_word' id='word_1_754' title='bbox 2365 3835 2380 3859; x_wconf 98' lang='lat'><strong>,</strong></span> <span class='ocrx_word' id='word_1_755' title='bbox 2412 3791 2705 3863; x_wconf 80' lang='lat' dir='ltr'><strong>vulgarium</strong></span> <span class='ocrx_word' id='word_1_756' title='bbox 2734 3788 2927 3845; x_wconf 87' lang='lat' dir='ltr'><strong>delicta</strong></span> <span class='ocrx_word' id='word_1_757' title='bbox 2951 3830 2966 3853; x_wconf 91' lang='lat'><strong>,</strong></span> <span class='ocrx_word' id='word_1_758' title='bbox 2995 3793 3077 3843; x_wconf 91' lang='lat' dir='ltr'><strong>vel</strong></span> <span class='ocrx_word' id='word_1_759' title='bbox 3111 3788 3161 3840; x_wconf 93' lang='lat' dir='ltr'><strong>in</strong></span> <span class='ocrx_word' id='word_1_760' title='bbox 3195 3786 3427 3840; x_wconf 88' lang='lat' dir='ltr'><strong>medium</strong></span> <span class='ocrx_word' id='word_1_761' title='bbox 3457 3783 3555 3838; x_wconf 87' lang='lat' dir='ltr'><strong>ad-</strong></span> 
     </span>
    </p>
   </div>
   <div class='ocr_carea' id='block_1_100' title="bbox 1965 3878 3553 3953">
    <p class='ocr_par' dir='ltr' id='par_1_100' title="bbox 1965 3878 3553 3953">
     <span class='ocr_line' id='line_1_100' title="bbox 1965 3878 3553 3953; baseline -0.011 -8"><span class='ocrx_word' id='word_1_762' title='bbox 1965 3890 2122 3945; x_wconf 91' lang='lat' dir='ltr'><strong>ducta</strong></span> <span class='ocrx_word' id='word_1_763' title='bbox 2144 3930 2157 3953; x_wconf 91' lang='lat'><strong>,</strong></span> <span class='ocrx_word' id='word_1_764' title='bbox 2192 3885 2392 3942; x_wconf 90' lang='lat' dir='ltr'><strong>nemini</strong></span> <span class='ocrx_word' id='word_1_765' title='bbox 2436 3885 2507 3938; x_wconf 92' lang='lat' dir='ltr'><strong>ita</strong></span> <span class='ocrx_word' id='word_1_766' title='bbox 2546 3881 2863 3952; x_wconf 80' lang='lat' dir='ltr'><strong>prefundam</strong></span> <span class='ocrx_word' id='word_1_767' title='bbox 2900 3879 3143 3949; x_wconf 83' lang='lat' dir='ltr'><strong>inﬂigunt</strong></span> <span class='ocrx_word' id='word_1_768' title='bbox 3183 3878 3388 3948; x_wconf 88' lang='lat' dir='ltr'><strong>plagam</strong></span> <span class='ocrx_word' id='word_1_769' title='bbox 3421 3894 3434 3929; x_wconf 91' lang='lat'><strong>:</strong></span> <span class='ocrx_word' id='word_1_770' title='bbox 3464 3878 3553 3949; x_wconf 91' lang='lat' dir='ltr'><strong>qui</strong></span> 
     </span>
    </p>
   </div>
   <div class='ocr_carea' id='block_1_101' title="bbox 1967 3966 3557 4041">
    <p class='ocr_par' dir='ltr' id='par_1_101' title="bbox 1967 3966 3557 4041">
     <span class='ocr_line' id='line_1_101' title="bbox 1967 3966 3557 4041; baseline -0.011 -6"><span class='ocrx_word' id='word_1_771' title='bbox 1967 3993 2144 4035; x_wconf 89' lang='lat' dir='ltr'><strong>autem</strong></span> <span class='ocrx_word' id='word_1_772' title='bbox 2176 3979 2227 4032; x_wconf 93' lang='lat' dir='ltr'><strong>in</strong></span> <span class='ocrx_word' id='word_1_773' title='bbox 2254 3977 2357 4030; x_wconf 90' lang='lat' dir='ltr'><strong>hoc</strong></span> <span class='ocrx_word' id='word_1_774' title='bbox 2383 3974 2599 4028; x_wconf 88' lang='lat' dir='ltr'><strong>honoris</strong></span> <span class='ocrx_word' id='word_1_775' title='bbox 2628 3970 2838 4041; x_wconf 90' lang='lat' dir='ltr'><strong>fastigio</strong></span> <span class='ocrx_word' id='word_1_776' title='bbox 2862 3969 3079 4033; x_wconf 89' lang='lat' dir='ltr'><strong>sedent,</strong></span> <span class='ocrx_word' id='word_1_777' title='bbox 3111 3967 3283 4037; x_wconf 91' lang='lat' dir='ltr'><strong>primo</strong></span> <span class='ocrx_word' id='word_1_778' title='bbox 3309 3966 3557 4019; x_wconf 91' lang='lat' dir='ltr'><strong>omnibus</strong></span> 
     </span>
    </p>
   </div>
   <div class='ocr_carea' id='block_1_102' title="bbox 1967 4059 3556 4139">
    <p class='ocr_par' dir='ltr' id='par_1_102' title="bbox 1967 4059 3556 4139">
     <span class='ocr_line' id='line_1_102' title="bbox 1967 4059 3556 4139; baseline -0.011 -11"><span class='ocrx_word' id='word_1_779' title='bbox 1967 4082 2092 4129; x_wconf 91' lang='lat' dir='ltr'><strong>sunt</strong></span> <span class='ocrx_word' id='word_1_780' title='bbox 2115 4069 2419 4139; x_wconf 88' lang='lat' dir='ltr'><strong>conspicui;</strong></span> <span class='ocrx_word' id='word_1_781' title='bbox 2441 4065 2653 4130; x_wconf 90' lang='lat' dir='ltr'><strong>deinde,</strong></span> <span class='ocrx_word' id='word_1_782' title='bbox 2677 4064 2802 4119; x_wconf 90' lang='lat' dir='ltr'><strong>licet</strong></span> <span class='ocrx_word' id='word_1_783' title='bbox 2822 4064 2872 4116; x_wconf 93' lang='lat' dir='ltr'><strong>in</strong></span> <span class='ocrx_word' id='word_1_784' title='bbox 2896 4062 3127 4115; x_wconf 90' lang='lat' dir='ltr'><strong>minimis</strong></span> <span class='ocrx_word' id='word_1_785' title='bbox 3152 4059 3413 4122; x_wconf 89' lang='lat' dir='ltr'><strong>labantur,</strong></span> <span class='ocrx_word' id='word_1_786' title='bbox 3437 4074 3556 4128; x_wconf 75' lang='lat' dir='ltr'><strong>qua:</strong></span> 
     </span>
    </p>
   </div>
   <div class='ocr_carea' id='block_1_103' title="bbox 1969 4150 3557 4227">
    <p class='ocr_par' dir='ltr' id='par_1_103' title="bbox 1969 4150 3557 4227">
     <span class='ocr_line' id='line_1_103' title="bbox 1969 4150 3557 4227; baseline -0.011 -8"><span class='ocrx_word' id='word_1_787' title='bbox 1969 4165 2175 4221; x_wconf 89' lang='lat' dir='ltr'><strong>minora</strong></span> <span class='ocrx_word' id='word_1_788' title='bbox 2196 4168 2320 4215; x_wconf 87' lang='lat' dir='ltr'><strong>sunt</strong></span> <span class='ocrx_word' id='word_1_789' title='bbox 2343 4159 2464 4213; x_wconf 89' lang='lat' dir='ltr'><strong>aliis</strong></span> <span class='ocrx_word' id='word_1_790' title='bbox 2488 4171 2678 4227; x_wconf 88' lang='lat' dir='ltr'><strong>magna</strong></span> <span class='ocrx_word' id='word_1_791' title='bbox 2702 4154 2967 4209; x_wconf 85' lang='lat' dir='ltr'><strong>videntur.</strong></span> <span class='ocrx_word' id='word_1_792' title='bbox 2994 4152 3108 4206; x_wconf 86' lang='lat' dir='ltr'><strong>Non</strong></span> <span class='ocrx_word' id='word_1_793' title='bbox 3128 4152 3268 4206; x_wconf 87' lang='lat' dir='ltr'><strong>enim</strong></span> <span class='ocrx_word' id='word_1_794' title='bbox 3296 4150 3417 4203; x_wconf 86' lang='lat' dir='ltr'><strong>facti</strong></span> <span class='ocrx_word' id='word_1_795' title='bbox 3442 4164 3557 4203; x_wconf 86' lang='lat' dir='ltr'><strong>ma-</strong></span> 
     </span>
    </p>
   </div>
   <div class='ocr_carea' id='block_1_104' title="bbox 1970 4244 3559 4327">
    <p class='ocr_par' dir='ltr' id='par_1_104' title="bbox 1970 4244 3559 4327">
     <span class='ocr_line' id='line_1_104' title="bbox 1970 4244 3559 4327; baseline -0.01 -17"><span class='ocrx_word' id='word_1_796' title='bbox 1970 4253 2244 4327; x_wconf 88' lang='lat' dir='ltr'><strong>gnitudine</strong></span> <span class='ocrx_word' id='word_1_797' title='bbox 2266 4253 2306 4318; x_wconf 86' lang='grc'><strong>¹,</strong></span> <span class='ocrx_word' id='word_1_798' title='bbox 2344 4250 2439 4307; x_wconf 87' lang='lat' dir='ltr'><strong>sed</strong></span> <span class='ocrx_word' id='word_1_799' title='bbox 2495 4248 2764 4319; x_wconf 75' lang='lat' dir='ltr'><strong>peccantis</strong></span> <span class='ocrx_word' id='word_1_800' title='bbox 2802 4244 3055 4315; x_wconf 89' lang='lat' dir='ltr'><strong>dignitate</strong></span> <span class='ocrx_word' id='word_1_801' title='bbox 3078 4252 3349 4313; x_wconf 88' lang='lat' dir='ltr'><strong>peccatum</strong></span> <span class='ocrx_word' id='word_1_802' title='bbox 3373 4256 3559 4294; x_wconf 77' lang='lat' dir='ltr'><strong>omnes</strong></span> 
     </span>
    </p>
   </div>
   <div class='ocr_carea' id='block_1_105' title="bbox 1971 4331 3559 4406">
    <p class='ocr_par' dir='ltr' id='par_1_105' title="bbox 1971 4331 3559 4406">
     <span class='ocr_line' id='line_1_105' title="bbox 1971 4331 3559 4406; baseline -0.011 -4"><span class='ocrx_word' id='word_1_803' title='bbox 1971 4347 2279 4402; x_wconf 90' lang='lat' dir='ltr'><strong>metiuntur.</strong></span> <span class='ocrx_word' id='word_1_804' title='bbox 2309 4342 2450 4398; x_wconf 84' lang='lat' dir='ltr'><strong>Sane</strong></span> <span class='ocrx_word' id='word_1_805' title='bbox 2493 4338 2822 4395; x_wconf 89' lang='lat' dir='ltr'><strong>sacerdotem</strong></span> <span class='ocrx_word' id='word_1_806' title='bbox 2860 4342 3072 4406; x_wconf 81' lang='lat' dir='ltr'><strong>Oportet</strong></span> <span class='ocrx_word' id='word_1_807' title='bbox 3108 4348 3208 4389; x_wconf 91' lang='lat' dir='ltr'><strong>ceu</strong></span> <span class='ocrx_word' id='word_1_808' title='bbox 3245 4331 3559 4402; x_wconf 81' lang='lat' dir='ltr'><strong>quibusdam</strong></span> 
     </span>
    </p>
   </div>
   <div class='ocr_carea' id='block_1_106' title="bbox 1973 4423 3559 4499">
    <p class='ocr_par' dir='ltr' id='par_1_106' title="bbox 1973 4423 3559 4499">
     <span class='ocr_line' id='line_1_106' title="bbox 1973 4423 3559 4499; baseline -0.012 -6"><span class='ocrx_word' id='word_1_809' title='bbox 1973 4434 2323 4493; x_wconf 85' lang='lat' dir='ltr'><strong>adamantinis</strong></span> <span class='ocrx_word' id='word_1_810' title='bbox 2347 4433 2511 4487; x_wconf 90' lang='lat' dir='ltr'><strong>armis</strong></span> <span class='ocrx_word' id='word_1_811' title='bbox 2547 4430 2897 4499; x_wconf 87' lang='lat' dir='ltr'><strong>undequaque</strong></span> <span class='ocrx_word' id='word_1_812' title='bbox 2926 4425 3139 4489; x_wconf 88' lang='lat' dir='ltr'><strong>muniri,</strong></span> <span class='ocrx_word' id='word_1_813' title='bbox 3167 4423 3381 4478; x_wconf 89' lang='lat' dir='ltr'><strong>assiduo</strong></span> <span class='ocrx_word' id='word_1_814' title='bbox 3408 4437 3559 4477; x_wconf 87' lang='lat' dir='ltr'><strong>nem-</strong></span> 
     </span>
    </p>
   </div>
   <div class='ocr_carea' id='block_1_107' title="bbox 1974 4511 3560 4599">
    <p class='ocr_par' dir='ltr' id='par_1_107' title="bbox 1974 4511 3560 4599">
     <span class='ocr_line' id='line_1_107' title="bbox 1974 4511 3560 4599; baseline -0.011 -16"><span class='ocrx_word' id='word_1_815' title='bbox 1974 4544 2042 4599; x_wconf 92' lang='lat' dir='ltr'><strong>pe</strong></span> <span class='ocrx_word' id='word_1_816' title='bbox 2068 4526 2242 4582; x_wconf 90' lang='lat' dir='ltr'><strong>studio</strong></span> <span class='ocrx_word' id='word_1_817' title='bbox 2262 4566 2276 4589; x_wconf 91' lang='lat'><strong>,</strong></span> <span class='ocrx_word' id='word_1_818' title='bbox 2306 4534 2362 4579; x_wconf 93' lang='lat' dir='ltr'><strong>et</strong></span> <span class='ocrx_word' id='word_1_819' title='bbox 2394 4521 2610 4592; x_wconf 88' lang='lat' dir='ltr'><strong>perenni</strong></span> <span class='ocrx_word' id='word_1_820' title='bbox 2640 4520 2780 4574; x_wconf 90' lang='lat' dir='ltr'><strong>circa</strong></span> <span class='ocrx_word' id='word_1_821' title='bbox 2808 4518 2973 4572; x_wconf 87' lang='lat' dir='ltr'><strong>vitam</strong></span> <span class='ocrx_word' id='word_1_822' title='bbox 3001 4514 3266 4586; x_wconf 82' lang='lat' dir='ltr'><strong>vigilantia</strong></span> <span class='ocrx_word' id='word_1_823' title='bbox 3288 4556 3303 4577; x_wconf 89' lang='lat'><strong>,</strong></span> <span class='ocrx_word' id='word_1_824' title='bbox 3333 4511 3560 4581; x_wconf 85' lang='lat' dir='ltr'><strong>undique</strong></span> 
     </span>
    </p>
   </div>
   <div class='ocr_carea' id='block_1_108' title="bbox 1976 4603 3562 4688">
    <p class='ocr_par' dir='ltr' id='par_1_108' title="bbox 1976 4603 3562 4688">
     <span class='ocr_line' id='line_1_108' title="bbox 1976 4603 3562 4688; baseline -0.014 -12"><span class='ocrx_word' id='word_1_825' title='bbox 1976 4615 2448 4688; x_wconf 89' lang='lat' dir='ltr'><strong>eircumspicicndo</strong></span> <span class='ocrx_word' id='word_1_826' title='bbox 2471 4655 2487 4679; x_wconf 94' lang='lat'><strong>,</strong></span> <span class='ocrx_word' id='word_1_827' title='bbox 2521 4628 2587 4666; x_wconf 91' lang='lat' dir='ltr'><strong>ne</strong></span> <span class='ocrx_word' id='word_1_828' title='bbox 2615 4610 2733 4681; x_wconf 90' lang='lat' dir='ltr'><strong>quis</strong></span> <span class='ocrx_word' id='word_1_829' title='bbox 2771 4606 2914 4663; x_wconf 91' lang='lat' dir='ltr'><strong>nudo</strong></span> <span class='ocrx_word' id='word_1_830' title='bbox 2954 4622 3019 4661; x_wconf 90' lang='lat' dir='ltr'><strong>ac</strong></span> <span class='ocrx_word' id='word_1_831' title='bbox 3060 4604 3301 4674; x_wconf 90' lang='lat' dir='ltr'><strong>neglecto</strong></span> <span class='ocrx_word' id='word_1_832' title='bbox 3331 4603 3448 4656; x_wconf 90' lang='lat' dir='ltr'><strong>loco</strong></span> <span class='ocrx_word' id='word_1_833' title='bbox 3475 4618 3562 4655; x_wconf 86' lang='lat' dir='ltr'><strong>re-</strong></span> 
     </span>
    </p>
   </div>
   <div class='ocr_carea' id='block_1_109' title="bbox 1978 4696 3567 4783">
    <p class='ocr_par' dir='ltr' id='par_1_109' title="bbox 1978 4696 3567 4783">
     <span class='ocr_line' id='line_1_109' title="bbox 1978 4696 3567 4783; baseline -0.013 -16"><span class='ocrx_word' id='word_1_834' title='bbox 1978 4722 2129 4783; x_wconf 88' lang='lat' dir='ltr'><strong>perto</strong></span> <span class='ocrx_word' id='word_1_835' title='bbox 2158 4708 2313 4765; x_wconf 90' lang='lat' dir='ltr'><strong>letale</strong></span> <span class='ocrx_word' id='word_1_836' title='bbox 2351 4705 2550 4775; x_wconf 88' lang='lat' dir='ltr'><strong>inlligat</strong></span> <span class='ocrx_word' id='word_1_837' title='bbox 2586 4701 2795 4757; x_wconf 89' lang='lat' dir='ltr'><strong>vulnus.</strong></span> <span class='ocrx_word' id='word_1_838' title='bbox 2823 4699 3022 4754; x_wconf 89' lang='lat' dir='ltr'><strong>Omnes</strong></span> <span class='ocrx_word' id='word_1_839' title='bbox 3053 4696 3194 4753; x_wconf 83' lang='lat' dir='ltr'><strong>enim</strong></span> <span class='ocrx_word' id='word_1_840' title='bbox 3219 4696 3567 4749; x_wconf 89' lang='lat' dir='ltr'><strong>circumstant</strong></span> 
     </span>
    </p>
   </div>
   <div class='ocr_carea' id='block_1_110' title="bbox 1978 4788 3562 4878">
    <p class='ocr_par' dir='ltr' id='par_1_110' title="bbox 1978 4788 3562 4878">
     <span class='ocr_line' id='line_1_110' title="bbox 1978 4788 3562 4878; baseline -0.013 -18"><span class='ocrx_word' id='word_1_841' title='bbox 1978 4807 2163 4878; x_wconf 85' lang='lat' dir='ltr'><strong>parati,</strong></span> <span class='ocrx_word' id='word_1_842' title='bbox 2194 4812 2254 4858; x_wconf 92' lang='lat' dir='ltr'><strong>ut</strong></span> <span class='ocrx_word' id='word_1_843' title='bbox 2278 4801 2553 4855; x_wconf 88' lang='lat' dir='ltr'><strong>vulnerent</strong></span> <span class='ocrx_word' id='word_1_844' title='bbox 2579 4813 2643 4853; x_wconf 91' lang='lat' dir='ltr'><strong>ac</strong></span> <span class='ocrx_word' id='word_1_845' title='bbox 2669 4796 2937 4865; x_wconf 91' lang='lat' dir='ltr'><strong>dejiciant,</strong></span> <span class='ocrx_word' id='word_1_846' title='bbox 2966 4807 3072 4847; x_wconf 91' lang='lat' dir='ltr'><strong>non</strong></span> <span class='ocrx_word' id='word_1_847' title='bbox 3100 4789 3260 4845; x_wconf 92' lang='lat' dir='ltr'><strong>modo</strong></span> <span class='ocrx_word' id='word_1_848' title='bbox 3288 4804 3351 4844; x_wconf 85' lang='lat' dir='ltr'><strong>ex</strong></span> <span class='ocrx_word' id='word_1_849' title='bbox 3386 4788 3562 4842; x_wconf 82' lang='lat' dir='ltr'><strong>inimi-</strong></span> 
     </span>
    </p>
   </div>
   <div class='ocr_carea' id='block_1_111' title="bbox 1978 4881 3491 4961">
    <p class='ocr_par' dir='ltr' id='par_1_111' title="bbox 1978 4881 3491 4961">
     <span class='ocr_line' id='line_1_111' title="bbox 1978 4881 3491 4961; baseline -0.015 -6"><span class='ocrx_word' id='word_1_850' title='bbox 1978 4900 2056 4956; x_wconf 91' lang='lat' dir='ltr'><strong>cis</strong></span> <span class='ocrx_word' id='word_1_851' title='bbox 2082 4897 2251 4961; x_wconf 90' lang='lat' dir='ltr'><strong>multi,</strong></span> <span class='ocrx_word' id='word_1_852' title='bbox 2277 4894 2370 4950; x_wconf 89' lang='lat' dir='ltr'><strong>sed</strong></span> <span class='ocrx_word' id='word_1_853' title='bbox 2399 4892 2558 4948; x_wconf 87' lang='lat' dir='ltr'><strong>etiam</strong></span> <span class='ocrx_word' id='word_1_854' title='bbox 2586 4906 2650 4945; x_wconf 88' lang='lat' dir='ltr'><strong>ex</strong></span> <span class='ocrx_word' id='word_1_855' title='bbox 2678 4889 2764 4955; x_wconf 78' lang='lat' dir='ltr'><strong>iis,</strong></span> <span class='ocrx_word' id='word_1_856' title='bbox 2791 4886 2879 4958; x_wconf 92' lang='lat' dir='ltr'><strong>qui</strong></span> <span class='ocrx_word' id='word_1_857' title='bbox 2910 4884 3192 4940; x_wconf 89' lang='lat' dir='ltr'><strong>amicitiam</strong></span> <span class='ocrx_word' id='word_1_858' title='bbox 3218 4881 3491 4943; x_wconf 91' lang='lat' dir='ltr'><strong>simulant.</strong></span> 
     </span>
    </p>
   </div>
   <div class='ocr_carea' id='block_1_112' title="bbox 2049 4970 3565 5055">
    <p class='ocr_par' dir='ltr' id='par_1_112' title="bbox 2049 4970 3565 5055">
     <span class='ocr_line' id='line_1_112' title="bbox 2049 4970 3565 5055; baseline -0.014 -11"><span class='ocrx_word' id='word_1_859' title='bbox 2049 4988 2206 5044; x_wconf 89' lang='lat' dir='ltr'><strong>Tales</strong></span> <span class='ocrx_word' id='word_1_860' title='bbox 2248 4985 2409 5055; x_wconf 90' lang='lat' dir='ltr'><strong>igitur</strong></span> <span class='ocrx_word' id='word_1_861' title='bbox 2448 4982 2570 5053; x_wconf 90' lang='lat' dir='ltr'><strong>eligi</strong></span> <span class='ocrx_word' id='word_1_862' title='bbox 2609 4987 2854 5051; x_wconf 89' lang='lat' dir='ltr'><strong>oportet,</strong></span> <span class='ocrx_word' id='word_1_863' title='bbox 2889 4975 3061 5047; x_wconf 90' lang='lat' dir='ltr'><strong>qualia</strong></span> <span class='ocrx_word' id='word_1_864' title='bbox 3099 4983 3403 5027; x_wconf 88' lang='lat' dir='ltr'><strong>sanctorum</strong></span> <span class='ocrx_word' id='word_1_865' title='bbox 3439 4970 3565 5025; x_wconf 93' lang='lat' dir='ltr'><strong>olim</strong></span> 
     </span>
    </p>
   </div>
   <div class='ocr_carea' id='block_1_113' title="bbox 1981 5065 3569 5147">
    <p class='ocr_par' dir='ltr' id='par_1_113' title="bbox 1981 5065 3569 5147">
     <span class='ocr_line' id='line_1_113' title="bbox 1981 5065 3569 5147; baseline -0.014 -10"><span class='ocrx_word' id='word_1_866' title='bbox 1981 5083 2193 5138; x_wconf 90' lang='lat' dir='ltr'><strong>illorum</strong></span> <span class='ocrx_word' id='word_1_867' title='bbox 2222 5090 2443 5147; x_wconf 91' lang='lat' dir='ltr'><strong>corpora</strong></span> <span class='ocrx_word' id='word_1_868' title='bbox 2474 5075 2526 5129; x_wconf 93' lang='lat' dir='ltr'><strong>in</strong></span> <span class='ocrx_word' id='word_1_869' title='bbox 2554 5071 2873 5144; x_wconf 88' lang='lat' dir='ltr'><strong>Babylonica</strong></span> <span class='ocrx_word' id='word_1_870' title='bbox 2910 5068 3122 5123; x_wconf 87' lang='lat' dir='ltr'><strong>fornace</strong></span> <span class='ocrx_word' id='word_1_871' title='bbox 3158 5066 3251 5120; x_wconf 90' lang='lat' dir='ltr'><strong>Dei</strong></span> <span class='ocrx_word' id='word_1_872' title='bbox 3283 5065 3451 5135; x_wconf 90' lang='lat' dir='ltr'><strong>gratia</strong></span> <span class='ocrx_word' id='word_1_873' title='bbox 3478 5079 3569 5116; x_wconf 83' lang='lat' dir='ltr'><strong>ex-</strong></span> 
     </span>
    </p>
   </div>
   <div class='ocr_carea' id='block_1_114' title="bbox 1983 5160 3565 5239">
    <p class='ocr_par' dir='ltr' id='par_1_114' title="bbox 1983 5160 3565 5239">
     <span class='ocr_line' id='line_1_114' title="bbox 1983 5160 3565 5239; baseline -0.017 -10"><span class='ocrx_word' id='word_1_874' title='bbox 1983 5173 2172 5229; x_wconf 92' lang='lat' dir='ltr'><strong>hibuit.</strong></span> <span class='ocrx_word' id='word_1_875' title='bbox 2198 5170 2381 5239; x_wconf 85' lang='lat' dir='ltr'><strong>Neque</strong></span> <span class='ocrx_word' id='word_1_876' title='bbox 2406 5168 2547 5221; x_wconf 89' lang='lat' dir='ltr'><strong>enim</strong></span> <span class='ocrx_word' id='word_1_877' title='bbox 2578 5163 2714 5235; x_wconf 91' lang='lat' dir='ltr'><strong>ignis</strong></span> <span class='ocrx_word' id='word_1_878' title='bbox 2742 5160 2896 5231; x_wconf 90' lang='lat' dir='ltr'><strong>hujus</strong></span> <span class='ocrx_word' id='word_1_879' title='bbox 2922 5174 3045 5214; x_wconf 89' lang='lat' dir='ltr'><strong>esca</strong></span> <span class='ocrx_word' id='word_1_880' title='bbox 3068 5168 3191 5212; x_wconf 92' lang='lat' dir='ltr'><strong>sunt</strong></span> <span class='ocrx_word' id='word_1_881' title='bbox 3216 5164 3565 5214; x_wconf 89' lang='lat' dir='ltr'><strong>sarmentum,</strong></span> 
     </span>
    </p>
   </div>
   <div class='ocr_carea' id='block_1_115' title="bbox 1986 5242 3568 5336">
    <p class='ocr_par' dir='ltr' id='par_1_115' title="bbox 1986 5242 3568 5336">
     <span class='ocr_line' id='line_1_115' title="bbox 1986 5242 3568 5336; baseline -0.016 -16"><span class='ocrx_word' id='word_1_882' title='bbox 1986 5266 2072 5336; x_wconf 82' lang='lat' dir='ltr'><strong>pix</strong></span> <span class='ocrx_word' id='word_1_883' title='bbox 2100 5272 2155 5319; x_wconf 88' lang='lat' dir='ltr'><strong>et</strong></span> <span class='ocrx_word' id='word_1_884' title='bbox 2181 5271 2369 5330; x_wconf 89' lang='lat' dir='ltr'><strong>stupa;</strong></span> <span class='ocrx_word' id='word_1_885' title='bbox 2412 5256 2507 5313; x_wconf 84' lang='lat' dir='ltr'><strong>sed</strong></span> <span class='ocrx_word' id='word_1_886' title='bbox 2546 5256 2628 5309; x_wconf 90' lang='lat' dir='ltr'><strong>his</strong></span> <span class='ocrx_word' id='word_1_887' title='bbox 2662 5252 2827 5308; x_wconf 91' lang='lat' dir='ltr'><strong>multo</strong></span> <span class='ocrx_word' id='word_1_888' title='bbox 2850 5249 3120 5321; x_wconf 88' lang='lat' dir='ltr'><strong>graviora,</strong></span> <span class='ocrx_word' id='word_1_889' title='bbox 3143 5242 3568 5317; x_wconf 89' lang='lat' dir='ltr'><strong>quandoquidem</strong></span> 
     </span>
    </p>
   </div>
   <div class='ocr_carea' id='block_1_116' title="bbox 1985 5334 3569 5416">
    <p class='ocr_par' dir='ltr' id='par_1_116' title="bbox 1985 5334 3569 5416">
     <span class='ocr_line' id='line_1_116' title="bbox 1985 5334 3569 5416; baseline -0.015 -7"><span class='ocrx_word' id='word_1_890' title='bbox 1985 5334 2092 5409; x_wconf 84' lang='lat' dir='ltr'><strong>non</strong></span> <span class='ocrx_word' id='word_1_891' title='bbox 2121 5350 2388 5409; x_wconf 90' lang='lat' dir='ltr'><strong>sensibilis</strong></span> <span class='ocrx_word' id='word_1_892' title='bbox 2415 5348 2503 5403; x_wconf 91' lang='lat' dir='ltr'><strong>ille</strong></span> <span class='ocrx_word' id='word_1_893' title='bbox 2528 5345 2661 5416; x_wconf 89' lang='lat' dir='ltr'><strong>ignis</strong></span> <span class='ocrx_word' id='word_1_894' title='bbox 2690 5342 2925 5412; x_wconf 92' lang='lat' dir='ltr'><strong>subjacet</strong></span> <span class='ocrx_word' id='word_1_895' title='bbox 2945 5382 2960 5406; x_wconf 92' lang='lat'><strong>,</strong></span> <span class='ocrx_word' id='word_1_896' title='bbox 2990 5338 3083 5393; x_wconf 91' lang='lat' dir='ltr'><strong>sed</strong></span> <span class='ocrx_word' id='word_1_897' title='bbox 3112 5336 3288 5391; x_wconf 86' lang='lat' dir='ltr'><strong>omnia</strong></span> <span class='ocrx_word' id='word_1_898' title='bbox 3310 5334 3569 5388; x_wconf 82' lang='lat' dir='ltr'><strong>devorans</strong></span> 
     </span>
    </p>
   </div>
   <div class='ocr_carea' id='block_1_117' title="bbox 1988 5424 3569 5508">
    <p class='ocr_par' dir='ltr' id='par_1_117' title="bbox 1988 5424 3569 5508">
     <span class='ocr_line' id='line_1_117' title="bbox 1988 5424 3569 5508; baseline -0.016 -7"><span class='ocrx_word' id='word_1_899' title='bbox 1988 5444 2199 5501; x_wconf 79' lang='lat' dir='ltr'><strong>invidia:</strong></span> <span class='ocrx_word' id='word_1_900' title='bbox 2226 5442 2441 5497; x_wconf 78' lang='lat' dir='ltr'><strong>ﬂamma</strong></span> <span class='ocrx_word' id='word_1_901' title='bbox 2473 5438 2645 5508; x_wconf 90' lang='lat' dir='ltr'><strong>ipsum</strong></span> <span class='ocrx_word' id='word_1_902' title='bbox 2675 5431 3037 5494; x_wconf 87' lang='lat' dir='ltr'><strong>circumsistit,</strong></span> <span class='ocrx_word' id='word_1_903' title='bbox 3066 5427 3296 5495; x_wconf 90' lang='lat' dir='ltr'><strong>undique</strong></span> <span class='ocrx_word' id='word_1_904' title='bbox 3324 5439 3382 5479; x_wconf 90' lang='lat' dir='ltr'><strong>se</strong></span> <span class='ocrx_word' id='word_1_905' title='bbox 3410 5424 3569 5479; x_wconf 86' lang='lat' dir='ltr'><strong>attol-</strong></span> 
     </span>
    </p>
   </div>
   <div class='ocr_carea' id='block_1_118' title="bbox 1989 5516 3566 5605">
    <p class='ocr_par' dir='ltr' id='par_1_118' title="bbox 1989 5516 3566 5605">
     <span class='ocr_line' id='line_1_118' title="bbox 1989 5516 3566 5605; baseline -0.016 -12"><span class='ocrx_word' id='word_1_906' title='bbox 1989 5539 2135 5603; x_wconf 87' lang='lat' dir='ltr'><strong>lens,</strong></span> <span class='ocrx_word' id='word_1_907' title='bbox 2162 5534 2262 5605; x_wconf 90' lang='lat' dir='ltr'><strong>ipsi</strong></span> <span class='ocrx_word' id='word_1_908' title='bbox 2294 5533 2577 5602; x_wconf 81' lang='lat' dir='ltr'><strong>ingruens,</strong></span> <span class='ocrx_word' id='word_1_909' title='bbox 2605 5525 3005 5593; x_wconf 89' lang='lat' dir='ltr'><strong>accuratiusque</strong></span> <span class='ocrx_word' id='word_1_910' title='bbox 3033 5520 3201 5589; x_wconf 90' lang='lat' dir='ltr'><strong>ipsum</strong></span> <span class='ocrx_word' id='word_1_911' title='bbox 3228 5516 3566 5581; x_wconf 78' lang='lat' dir='ltr'><strong>examinans,</strong></span> 
     </span>
    </p>
   </div>
   <div class='ocr_carea' id='block_1_119' title="bbox 2063 5731 2634 5793">
    <p class='ocr_par' dir='ltr' id='par_1_119' title="bbox 2063 5731 2634 5793">
     <span class='ocr_line' id='line_1_119' title="bbox 2063 5731 2634 5793; baseline -0.019 -10"><span class='ocrx_word' id='word_1_912' title='bbox 2063 5736 2077 5767; x_wconf 80' lang='grc' dir='ltr'><strong>ι</strong></span> <span class='ocrx_word' id='word_1_913' title='bbox 2119 5731 2221 5793; x_wconf 77' lang='lat' dir='ltr'><strong>Alii,</strong></span> <span class='ocrx_word' id='word_1_914' title='bbox 2247 5732 2372 5793; x_wconf 77' lang='lat' dir='ltr'><strong>facta</strong></span> <span class='ocrx_word' id='word_1_915' title='bbox 2397 5737 2634 5776; x_wconf 67' lang='lat' dir='ltr'><strong>&quot;retusum.</strong></span> 
     </span>
    </p>
   </div>
  </div>
