3890 6220
396 255 497 313 651
1100 262 1140 322 8
1199 262 1473 322 JOANNIS
1510 267 1978 323 CllilYSOSTOidl
2020 267 2337 324 ᾹῐίϐῐιῐΕΡ.
2377 220 2912 326 CONSTANTINOP.
3556 271 3668 328 632

395 390 559 445 quam
588 384 714 432 tunc
741 375 876 448 ignis
902 385 1188 450 puerorum
1216 380 1424 434 illorum
1448 395 1691 450 corpora.
1719 381 1850 436 Cum
1880 382 1978 452 igi-

394 474 486 520 tur
512 466 595 522 vel
621 475 782 523 tenue
805 467 1091 538 quodpiam
1129 469 1336 538 stipula:
1365 470 1643 539 vestigium
1683 472 1943 539 invenerit
1962 513 1977 537 ,

396 559 574 613 statim
617 558 882 616 inbznrcns
916 560 1151 614 vitiatam
1194 559 1337 614 illam
1381 570 1584 631 partem
1612 564 1822 627 esurit;
1853 563 1980 618 reli-

397 662 557 715 quam
586 663 716 704 vero
739 658 1080 715 structuram,
1106 651 1314 706 etiamsi
1336 652 1598 706 solarilms
1619 653 1778 707 radiis
1796 654 1981 723 splen-

398 738 573 794 didior
592 738 769 803 fuerit,
793 739 935 795 fumo
958 741 1046 795 illo
1065 740 1236 796 adurit
1251 750 1308 796 et
1322 742 1575 797 obscurat
1599 753 1778 798 totam.
1797 744 1984 801 Donec

398 830 540 886 enim
567 830 860 886 sacerdotis
888 833 989 886 vita
1014 833 1182 904 probe
1202 833 1436 903 undique
1457 834 1771 888 concinnata
1796 834 1980 902 fuerit,

398 920 604 977 insidiis
641 921 732 976 ille
769 922 930 977 nullis
950 925 1169 991 pervius
1189 932 1301 989 est;
1334 924 1416 978 sin
1448 923 1533 977 vel
1564 923 1827 979 tantiilum
1856 925 1983 994 quid

398 1012 788 1082 prmtermittat,
816 1013 961 1082 quod
987 1028 1114 1068 sane
1137 1013 1297 1070 facile
1320 1015 1630 1085 contingere
1650 1024 1852 1084 potest,
1880 1015 1982 1072 lto-

396 1115 486 1155 mn
510 1115 632 1155 cum
657 1102 763 1165 sit.
793 1111 848 1157 et
875 1103 1144 1159 erroribus
1174 1104 1389 1175 plenum
1426 1104 1547 1159 vita:
1573 1104 1727 1175 hujus
1758 1107 1983 1177 pelagus

398 1194 641 1261 trajiviat,
675 1195 803 1249 nihil
842 1196 1042 1266 reliqua
1073 1196 1146 1250 illi
1178 1197 1311 1252 bona
1340 1213 1510 1267 opera
1530 1208 1779 1268 prosunt,
1809 1208 1868 1254 ut
1891 1215 1984 1256 ac-

401 1295 702 1338 cusatorum
740 1301 898 1340 voces
932 1286 1177 1357 eliugiat,
1210 1288 1303 1345 sed
1334 1304 1552 1358 parvum
1580 1290 1832 1346 delictum
1858 1292 1985 1348 reli-

398 1388 563 1441 quum
602 1390 761 1430 omne
803 1376 1082 1432 obumbrat
1110 1386 1166 1432 et
1202 1377 1469 1433 obscurat.
1496 1378 1571 1433 'Et
1606 1379 1673 1434 de
1709 1380 1985 1438 sacerdote

398 1481 587 1523 omnes
607 1483 712 1521 non
733 1468 883 1537 quasi
909 1483 1070 1524 carne
1090 1468 1293 1531 induto.
1316 1480 1367 1525 et
1390 1469 1618 1526 humana
1641 1480 1826 1525 natura
1850 1486 1987 1541 pra»

396 1555 545 1621 dito,
585 1557 678 1612 sed
715 1559 865 1628 quasi
895 1559 963 1615 de
998 1559 1188 1631 angelo
1209 1600 1226 1626 ,
1252 1561 1399 1616 omni
1441 1561 1644 1632 reliqua
1682 1562 1985 1620 infinuitate

393 1649 582 1712 libero,
606 1650 861 1720 judicium
884 1651 1024 1707 ferre
1043 1653 1243 1708 volunt.
1271 1655 1348 1709 Ac
1369 1655 1507 1709 sicut
1529 1665 1833 1727 tyrannum,
1854 1654 1984 1712 dum

392 1739 624 1808 nnperio
650 1741 878 1812 potitur,
908 1757 1096 1797 omnes
1135 1742 1483 1799 reformidant
1514 1744 1720 1815 ipsique
1759 1745 1985 1800 adulan-

393 1839 507 1896 tur,
544 1830 686 1902 quod
723 1845 844 1887 cum
888 1831 1173 1888 deturbare
1214 1849 1320 1889 non
1362 1836 1603 1904 possint;
1640 1850 1763 1890 cum
1804 1845 1983 1892 autem

393 1937 505 1977 rem
537 1922 653 1994 ejus
666 1918 978 1979 inclinatam
1002 1925 1203 1993 vident,
1225 1925 1527 1982 simulatum
1555 1926 1703 1981 illum
1727 1927 1982 1982 honorem

342 2016 345 2019 ‘
391 2012 742 2082 altjicientes,
779 2015 869 2084 qui
910 2016 1066 2086 paulo
1106 2024 1231 2071 ante
1269 2016 1426 2072 amici
1470 2027 1660 2084 erant,
1695 2016 1986 2087 derepente

392 2104 597 2160 immiei
635 2114 692 2161 et
727 2105 1019 2162 adversarii
1048 2107 1311 2173 evadunt,
1342 2117 1396 2164 et
1423 2107 1617 2163 debilia
1645 2123 1869 2179 qumque
1893 2123 1987 2163 cs-

396 2196 670 2263 plorantes
694 2195 1019 2266 irrumpunt,
1047 2198 1432 2270 imperiumque
1462 2198 1601 2254 illius
1627 2198 1838 2254 solvunt
1863 2214 1879 2252 :
1907 2199 1986 2256 sic

394 2295 449 2342 et
478 2287 844 2345 sacerdotibus
879 2289 1169 2360 contingit;
1199 2291 1288 2361 qui
1330 2290 1483 2360 paulo
1511 2299 1668 2358 ante,
1703 2290 1828 2346 dum
1868 2307 1986 2346 mu-

306 2444 311 2451 η
398 2393 528 2435 nere
556 2380 833 2448 potiretur,
864 2379 1035 2450 ipsum
1061 2380 1309 2436 colebant
1336 2396 1399 2435 ac
1428 2382 1825 2447 reverebantur,
1856 2396 1982 2450 par-

395 2481 518 2525 vam
544 2462 876 2527 occasionem
908 2473 1045 2526 nacti
1073 2473 1227 2527 satim
1254 2487 1314 2528 se
1341 2471 1548 2527 fortiter
1572 2483 1899 2542 comparant,
1928 2482 1984 2526 ut

398 2576 522 2616 eum
563 2577 669 2616 non
710 2562 862 2632 quasi
906 2572 1186 2635 tyrannum
1215 2564 1422 2628 Solum,
1452 2561 1544 2617 sed
1573 2562 1720 2631 quasi
1760 2571 1985 2632 tyranno

398 2652 717 2710 deteriorem
743 2653 1029 2725 deponant.
1055 2655 1131 2709 Ac
1157 2653 1602 2725 quemadmodum
1632 2651 1721 2707 ille
1743 2654 1983 2723 corporis

399 2744 480 2797 sui
523 2720 778 2800 satellites
816 2747 1034 2808 metuit,
1067 2745 1139 2799 ita
1174 2756 1229 2799 et
1267 2743 1351 2798 hic
1396 2744 1664 2812 proximos
1700 2744 1984 2799 commini-

397 2826 641 2905 SIrosque
660 2849 788 2890 suos
807 2835 1035 2890 maxime
1057 2835 1293 2889 omnium
1324 2835 1648 2890 reformidat.
1673 2834 1807 2888 Nulli
1830 2836 1985 2905 quip—

401 2938 468 2994 pe
499 2925 587 2980 alii
628 2926 850 2997 perinde
877 2926 991 2998 ejus
1015 2926 1321 2997 dignitatem
1348 2926 1613 2991 all‘cctant,
1643 2925 1986 2996 ejusdemque

398 3006 493 3071 res
515 3015 669 3072 netas
699 3016 895 3073 habent
919 3025 1078 3088 atque
1105 3017 1181 3072 illi
1205 3035 1220 3074 :
1245 3017 1522 3088 propinqui
1551 3020 1694 3074 enim
1714 3036 1834 3075 cum
1855 3021 1982 3088 sint,

388 3102 441 3158 si
467 3103 591 3175 quid
616 3105 918 3177 hujusmodi
947 3100 1239 3177 contingat,
1270 3115 1393 3163 ante
1418 3114 1603 3162 omnes
1630 3108 1681 3163 id
1721 3110 1982 3175 sentiunt,

396 3196 654 3269 facileque
674 3198 833 3254 etiam
855 3199 1245 3254 calumniantes
1268 3199 1433 3267 credi,
1457 3208 1512 3254 et
1535 3199 1659 3255 dum
1692 3216 1851 3271 parva
1874 3216 1987 3256 ma-

386 3303 499 3365 gna
528 3288 725 3345 faciunt
762 3305 884 3344 eum
930 3290 1275 3360 sycophantia
1314 3291 1698 3347 circumvenire
1739 3300 1981 3362 possunt.

396 3373 527 3434 Nam
569 3381 914 3450 apostolicum
947 3381 1073 3436 illud
1101 3381 1299 3437 dictum
1339 3381 1605 3438 inversum
1635 3392 1718 3439 est
1746 3401 1761 3439 :
1793 3383 1860 3438 Et
1885 3386 1987 3440 sive

398 3473 586 3541 patitur
611 3489 767 3526 unum
799 3473 1070 3526 membrum
1088 3515 1103 3539 ,
1134 3474 1506 3543 compatiuntur
1532 3475 1702 3528 omnia
1731 3475 1985 3541 membra;

396 3561 500 3616 sive
539 3562 856 3632 glorificatur
900 3579 1054 3617 unum
1099 3563 1415 3628 membrum,
1460 3564 1776 3635 congaudent
1816 3565 1986 3619 omnia

396 3652 617 3708 membra
644 3651 722 3719 (l.
746 3653 863 3707 Cor.
894 3653 980 3708 12.
1007 3651 1100 3726 26)
1125 3670 1139 3708 :
1167 3653 1267 3708 nisi
1292 3652 1428 3708 forte
1455 3662 1598 3708 tanta
1620 3654 1692 3709 sit
1712 3655 1898 3724 pietas,
1924 3663 1985 3710 ut

408 3742 653 3798 adversus
672 3744 847 3797 omnia
876 3752 1022 3798 stare
1043 3742 1229 3813 possit.
1254 3743 1335 3799 Ad
1363 3752 1565 3799 tantum
1588 3744 1763 3815 itaque
1789 3744 1985 3799 bellum

403 3847 502 3887 nos
530 3828 729 3887 emittis
742 3829 932 3888 ?’et‘ad
961 3849 1185 3904 pugnam
1216 3843 1322 3888 tam
1347 3830 1785 3904 variam'tamque
1808 3834 1988 3889 multi.

380 3918 620 3976 fermcm
652 3918 886 3977 animum
923 3934 1159 3978 nostrum
1188 3918 1434 3979 sufficere
1463 3939 1621 3994 posse
1652 3923 1842 3991 putas?
1870 3923 1984 3980 Un-

396 4008 609 4079 denam,
627 4029 827 4084 quaeso,
851 4022 906 4070 et
930 4030 957 4067 a
980 4014 1094 4085 quo
1123 4014 1173 4069 id
1201 4013 1421 4070 edoctus
1447 4015 1548 4069 es?
1574 4013 1706 4068 Nam
1734 4015 1778 4069 si
1807 4014 1860 4068 id
1890 4013 1984 4069 tibi

391 4100 539 4159 Deus
564 4102 837 4169 indicavit,
872 4100 1063 4158 exhibe
1096 4102 1406 4171 oraculum,
1433 4113 1489 4159 ct
1516 4120 1719 4159 morem
1757 4120 1937 4175 geram
1966 4121 1981 4158 :

376 4183 442 4248 si
462 4192 575 4249 non
600 4188 771 4265 potes,
797 4197 890 4249 sed
912 4210 976 4250 es
998 4195 1228 4250 humana
1255 4194 1505 4265 opinione
1528 4196 1789 4251 calculum
1810 4196 1979 4261 ducis,

390 4282 466 4340 'ab
494 4283 604 4339 isto
640 4283 852 4338 tandem
890 4282 1075 4338 errore
1107 4291 1160 4338 te
1198 4281 1384 4340 libera.
1412 4283 1545 4339 Nam
1571 4284 1711 4340 circa
1737 4300 1798 4340 ea
1818 4325 1834 4353 ,
1864 4300 1982 4355 qua:

381 4370 462 4429 "ad
489 4387 587 4427 nos
616 4368 876 4443 spectant,
906 4373 1059 4428 nobis
1084 4374 1251 4445 magis
1278 4373 1601 4429 credendum
1627 4390 1785 4444 quam
1813 4376 1932 4429 aliis
1965 4393 1978 4429 :

376 4458 820 4541 quandoquidem
852 4462 980 4530 Qua:
1005 4473 1120 4518 sunt
1146 4464 1362 4518 hominis
1386 4481 1531 4518 nemo
1556 4465 1690 4519 novit
1709 4505 1726 4530 ,
1755 4467 1854 4519 nisi
1880 4466 1984 4536 spi-

388 4556 521 4612 ritus
553 4549 814 4622 hominis,
844 4557 928 4627 qui
963 4555 1017 4609 in
1054 4554 1166 4625 ipso
1203 4564 1277 4609 est
1312 4555 1402 4628 (1.
1434 4553 1552 4610 Cor.
1591 4557 1645 4610 2.
1677 4558 1734 4611 il
1763 4558 1802 4627 ).
1830 4557 1982 4624 Quod

392 4647 536 4701 enim
566 4656 621 4701 et
649 4650 746 4700 nos
778 4643 1024 4716 ipsos,'et
1049 4651 1142 4701 eos
1170 4646 1260 4716 qui
1288 4661 1386 4700 nos
1414 4647 1702 4715 elegerant,
1734 4648 1982 4703 ridiculos

394 4726 651 4791 reddituri
673 4736 913 4792 essemus
924 4728 1039 4792 hoc
1063 4745 1310 4807 ausaepto
1334 4744 1576 4802 munere,
1600 4736 1846 4808 quodque
1868 4753 1984 4793 ma-

393 4844 500 4899 gno
527 4827 804 4898 dispendio
829 4837 1014 4884 nostro
1038 4830 1091 4884 in
1120 4842 1243 4884 eum
1264 4870 1279 4895 ,
1308 4828 1360 4883 in
1389 4844 1495 4900 quo
1521 4846 1658 4885 nunc
1683 4847 1978 4899 versamur,

394 4918 516 4972 vitae
551 4926 745 4971 statum
773 4918 1038 4974 reversuri
1058 4916 1375 4986 fuissemus,
1406 4919 1450 4974 si
1482 4934 1587 4974 non
1612 4921 1859 4987 antehae,
1891 4922 1979 4977 his

395 5006 584 5065 saltem
611 5009 786 5065 verbis
808 5009 900 5065 tibi
929 5010 1255 5080 persuasisse
1276 5021 1428 5081 puto.
1467 5011 1582 5066 Non
1610 5012 1752 5068 enim
1783 5013 1980 5069 invidia

394 5100 598 5167 solum,
626 5101 723 5157 sed
752 5116 870 5173 qua:
894 5100 1285 5158 multo'invidia
1314 5103 1679 5160 vehementior
1706 5114 1790 5161 est
1822 5105 1978 5176 hujus

393 5193 720 5263 principatus
751 5191 975 5262 cupido,
1004 5193 1199 5248 multos
1237 5195 1375 5250 s'olet
1401 5204 1586 5251 contra
1623 5197 1792 5267 ipsum
1820 5211 1981 5253 occu-

393 5296 605 5356 pontem
636 5286 865 5341 armare.
911 5287 989 5341 Ac
1024 5287 1468 5357 quemadmodum
1499 5287 1626 5357 lilii,
1658 5290 1746 5361 qui
1783 5290 1978 5360 princi-

394 5388 572 5448 patum
598 5368 846 5433 all‘ectant
864 5378 904 5443 ¹,
933 5379 1143 5449 longam
1172 5389 1376 5450 patrum
1402 5391 1727 5437 senectutem
1756 5383 1977 5440 moleste

393 5470 607 5525 ferunt:
634 5468 710 5526 sic
731 5478 786 5526 et
806 5470 1020 5542 quidam
1045 5486 1251 5537 eorum,
1274 5487 1395 5528 cum
1422 5473 1600 5528 vident
1623 5474 1976 5542 sacerdotium

394 5559 445 5612 in
487 5560 793 5616 diuturnum
840 5560 1058 5642 produci
1100 5569 1346 5632 tempus,
1377 5564 1626 5633 quoniam
1670 5565 1974 5622 interficere

457 5689 472 5719 ⁸
519 5687 658 5738 savii.
695 5698 746 5741 et
779 5685 973 5753 plut-tun
1003 5698 1112 5743 uss.
1152 5691 1352 5754 habent,
1374 5691 1456 5754 uti
1480 5691 1933 5757 dicittcs‘appctant.

2083 381 2266 449 nefas,
2291 384 2469 454 ipsum
2494 398 2528 439 a
2557 383 2812 454 dignitate
2848 382 3135 440 denu-bare
3174 392 3416 455 satagunt
3436 427 3451 450 ,
3475 398 3671 440 omnes

2085 476 2225 531 illius
2243 478 2489 531 constitui
2516 477 2633 532 loco
2646 475 2951 547 “cupientes,
2981 492 3046 533 ac
3070 477 3265 549 singuli
3290 476 3357 532 ad
3384 492 3446 533 se
3469 472 3672 532 defetri

2086 568 2436 641 principatum
2461 579 2853 639 exspectantes.

2152 661 2247 716 4'5.
2287 662 2404 716 Atia
2434 661 2536 716 litis
2568 664 2792 732 species,
2816 662 2976 734 plena
3016 663 3371 730 pericuionntt.
3398 693 3474 704 —
3504 663 3672 718 Visne

2088 751 2180 807 tibi
2204 752 2550 823 “iambum
2568 764 2765 823 pugna:
2784 754 3022 824 speciem
3048 754 3679 820 ostendam,1'nnumeris

2084 850 2295 919 plexam
2328 851 2611 921 periculis?
2639 849 2719 904 lto
2737 850 2846 921 jam
2870 890 2887 917 ,
2912 850 3209 920 rte-publica
3238 848 3380 904 Iesu
3406 856 3676 919 spectate.

2086 941 2174 997 ubi
2192 940 2427 998 maxime
2442 941 2517 996 ad
2536 940 3534 1012 dignitates'ecclcsiasticaselectienes
3552 938 3677 995 ﬁeri

2087 1047 2206 1088 mos
2230 1041 2314 1088 est
2345 1050 2360 1087 :
2390 1048 2455 1088 ac
2492 1043 2597 1088 tam
2628 1032 2809 1088 multis
2847 1031 3178 1088 sacerdotem
3215 1030 3677 1088 criminationibus

2088 1123 2501 1192 hnpctiﬁide'his
2518 1163 2535 1190 ,
2558 1130 2758 1194 quam
2794 1130 2880 1178 eet
2912 1122 3239 1178 subditorum
3262 1121 3442 1177 turba.
3467 1120 3675 1177 Omnes

2087 1214 2559 1285 ctﬁmpenesqttos
2576 1224 2659 1269 est
2676 1214 2825 1268 'lrunc
2848 1214 3101 1268 honorem
3116 1213 3387 1277 cenferre,
3406 1212 3458 1265 in
3475 1211 3679 1265 multas

2088 1313 2214 1358 tunc
2236 1303 2555 1359 scinduntur
2572 1315 2782 1373 partes,
2805 1317 2873 1357 ac
2890 1316 3074 1372 neque
3106 1310 3316 1367 mutuo,
3340 1316 3520 1372 neque
3544 1313 3676 1355 cum

2087 1404 2154 1449 eo
2180 1395 2270 1464 qui
2296 1396 2668 1464 episcopatum
2688 1390 2916 1449 sortitos
2955 1404 3036 1450 est
3056 1434 3070 1457 ,
3096 1393 3527 1464 presbyterorum
3550 1406 3676 1447 cec-

2089 1492 2199 1539 tnm
2218 1486 2531 1541 ‘COII'Semil‘e
2548 1484 2741 1541 “deus
2766 1502 2782 1539 :
2810 1485 2903 1540 sed
2920 1483 3294 1554 unusquisque
3318 1497 3348 1534 a
3374 1483 3485 1537 suis
3504 1482 3677 1550 parti-

2087 1577 2188 1634 bus
2208 1587 2350 1644 sua,
2386 1579 2522 1635 alius
2557 1580 2700 1635 hunc
2720 1621 2735 1645 ,
2766 1580 2915 1635 latius
2958 1580 3105 1633 ilium
3144 1579 3371 1649 eligens.
3402 1576 3569 1648 Cujus
3598 1578 3677 1633 rei

2087 1679 2246 1722 causa
2260 1666 2666 1740 iimc'est,‘quod
2693 1680 2797 1724 non
2823 1669 2968 1724 idem
2997 1678 3183 1724 omnes
3198 1668 3507 1738 respiciant,
3526 1668 3677 1738 quod

2088 1761 2354 1832 respicere
2385 1761 2669 1829 debebant,
2696 1770 2891 1833 netupe
2919 1762 3083 1817 animi
3109 1762 3398 1826 virtutem;
3424 1762 3521 1816 sed
3548 1760 3678 1815 alias

2087 1864 2212 1908 sunt
2234 1854 2393 1923 hujus
2410 1855 2734 1909 conciliandi
2757 1855 2981 1909 honoris
3002 1862 3179 1908 causae
3202 1869 3227 1906 ':
3254 1853 3507 1909 nimirum
3532 1852 3678 1906 alius

2087 1943 2216 2000 dicit
2234 1983 2251 2011 ,
2279 1944 2655 2015 ﬂle'ellga‘tur,
2681 1946 2805 2015 quia
2849 1945 2998 2000 claro
3034 1957 3233 2015 genere
3260 1950 3421 1999 ortus
3448 1943 3635 1998 :alius
3654 1980 3681 2010 ,

2086 2030 2227 2105 quod
2250 2036 2440 2105 opibus
2459 2035 2713 2103 abrmdet,
2734 2048 2844 2091 nec
2870 2043 3022 2104 egeat
3042 2035 3313 2090 alimentis
3332 2051 3396 2090 ex
3418 2034 3679 2089 Ecclesia

2088 2135 2347 2195 proventu
2364 2127 2613 2197 quaesitis
2635 2144 2650 2181 :
2675 2126 2833 2192 alius,
2856 2126 3003 2197 quod
3032 2127 3101 2181 ah
3128 2126 3447 2181 adversariis
3464 2126 3541 2180 ad
3573 2139 3677 2182 nos

2088 2217 2428 2287 tranemgerit
2455 2233 2471 2271 :
2503 2214 2595 2273 ille
2608 2216 2951 2281 familiarem,
2987 2218 3074 2272 hic
3092 2216 3198 2272 sibi
3222 2230 3429 2287 genere
3457 2217 3679 2287 propin-

2084 2320 2273 2378 quum,
2290 2307 2750 2363 aliusadulantem
2776 2307 2876 2363 sibi
2901 2308 3020 2363 aliis
3038 2308 3153 2362 vult
3171 2306 3451 2377 anteponi;
3476 2306 3675 2360 ita-eum

2086 2413 2216 2454 vero
2240 2440 2254 2463 ,
2290 2400 2382 2469 qui
2419 2399 2490 2454 sit
2531 2398 2791 2467 idoneus,
2823 2413 2981 2454 nemo
3009 2399 3121 2454 vult
3157 2397 3680 2468 respicere,vneque

2086 2490 2249 2543 animi
2279 2489 2432 2544 dotes
2459 2489 2763 2559 explorare.
2797 2490 2868 2544 At
2893 2503 2995 2560 ego
3016 2531 3032 2557 ,
3056 2496 3270 2544 tantum
3291 2488 3449 2544 abest
3470 2528 3487 2552 ,
3511 2496 3579 2542 ut
3606 2485 3678 2541 ad

2085 2580 2419 2635 sacerdotum
2451 2581 2812 2651 probationem
2838 2596 3026 2636 causas
3064 2579 3363 2651 huiusmodi
3382 2586 3683 2634 consenta-

2084 2676 2217 2729 neas
2245 2688 2366 2728 esse
2394 2683 2583 2743 putem
2608 2715 2623 2734 .
2666 2684 2723 2729 ut
2748 2673 2965 2728 etiamsi
3006 2674 3124 2743 quis
3161 2672 3383 2727 multaut
3418 2672 3679 2741 pietatem

2082 2762 2360 2829 exhibeat,
2383 2779 2501 2831 qua:
2528 2773 2706 2817 tamen
2726 2777 2832 2817 non
2861 2777 3044 2831 parum
3073 2762 3226 2818 nobis
3248 2761 3316 2817 ad
3341 2761 3478 2816 hanc
3502 2760 3680 2831 digni-

2082 2859 2251 2907 tatem
2271 2853 2513 2920 confert,
2536 2868 2641 2907 non
2664 2853 2786 2908 ideo
2804 2852 2983 2907 statim
3003 2868 3124 2907 eum
3145 2854 3341 2923 eligere
3359 2852 3551 2917 ausim,
3574 2851 3682 2906 nia'

2080 2958 2211 2997 acum
2234 2944 2432 3013 pietate
2461 2959 2648 3014 magna
2664 2945 2740 2999 sit
2759 2943 3040 3015 prudentia
3069 2943 3342 3014 prmditus.
3371 2943 3503 2998 Novi
3524 2944 3684 3013 quip-

2078 3047 2156 3103 pe
2183 3033 2377 3088 ntnltos
2401 3074 2417 3101 ,
2452 3034 2541 3104 qui
2573 3043 2827 3105 perpetuo
2852 3049 2975 3090 sese
3011 3033 3333 3089 coercebant
3360 3047 3434 3091 ac
3458 3034 3683 3105 ieiuniis

2082 3126 2464 3191 macerabant,
2488 3127 2693 3196 quique
2729 3127 2857 3181 dum
2896 3128 2999 3182 soli
3032 3127 3232 3197 degere
3258 3137 3312 3182 et
3348 3136 3683 3183 suatantum

2079 3230 2278 3270 curare
2292 3222 2566 3286 peterent,
2597 3217 2704 3272 Deo
2728 3218 2928 3287 accepti
2956 3227 3132 3285 erant,
3155 3233 3219 3273 ac
3238 3218 3466 3288 singulis
3484 3218 3684 3273 diebus

2081 3305 2439 3375 philosophia:
2474 3322 2586 3361 suae
2613 3308 2997 3363 incrementum
3038 3324 3148 3363 non
3186 3309 3467 3363 minimum
3505 3309 3679 3365 adde-

2080 3397 2244 3453 bant:
2263 3409 2317 3453 at
2329 3399 2415 3453 ubi
2434 3400 2485 3453 in
2498 3398 2706 3454 turbam
2723 3400 2987 3470 prodiere,
3012 3408 3170 3470 atque
3182 3401 3323 3472 vulgi
3348 3400 3677 3471 imperitiam

2078 3491 2377 3545 emendare
2402 3491 2578 3547 coacti
2603 3501 2725 3546 sunt
2744 3531 2761 3557 ,
2792 3491 2881 3546 alii
2905 3507 2974 3546 ne
2996 3491 3265 3561 principio
3291 3490 3501 3562 quidem
3530 3501 3684 3547 tanto

2089 3585 2304 3654 negotio
2335 3598 2487 3653 pares
2515 3584 2693 3649 fuere;
2723 3583 2813 3637 alii
2838 3583 2889 3637 vi
2919 3582 3112 3647 coacti,
3132 3593 3200 3638 rut
3226 3582 3278 3637 in
3309 3597 3526 3638 munere
3552 3598 3683 3652 per-

2089 3683 2396 3730 severarent
2419 3716 2434 3737 ,
2468 3676 2628 3729 missa
2658 3674 2881 3743 pristina
2917 3674 3188 3745 diligentia
3217 3682 3273 3729 et
3299 3688 3542 3742 magnam
3574 3674 3681 3744 ipsi

2084 3764 2348 3833 jacturam
2371 3764 2636 3829 fecerunt,
2652 3772 2705 3818 et
2724 3764 2843 3818 aliis
2866 3764 2995 3818 nihil
3019 3763 3350 3834 profuerunt.
3374 3763 3477 3819 Sed
3500 3779 3681 3834 neque

2076 3856 2134 3909 si
2162 3855 2282 3925 quis
2309 3863 2475 3909 totum
2503 3855 2622 3910 vita:
2650 3863 2863 3924 tempus
2891 3856 2942 3909 in
2968 3855 3158 3911 ultimo
3183 3855 3457 3911 ministerii
3486 3855 3680 3912 ordine

2074 3949 2405 4019 transegerit
2424 3989 2442 4013 ,
2458 3949 2538 4003 ad
2568 3956 2968 4018 extremamque
2991 3948 3295 4017 pervenerit
3321 3956 3675 4012 senectutem,

2090 4041 2230 4097 hunc
2269 4041 2446 4095 statim
2471 4048 2696 4110 propter
2722 4040 2895 4095 :e'tatis
2932 4040 3286 4095 reverentiam
3312 4039 3380 4094 ad
3406 4053 3677 4093 summum

2089 4131 2439 4201 principatum
2476 4131 2795 4186 evehemus.
2825 4129 2946 4186 Cur
2978 4130 3164 4197 enim,
3192 4130 3271 4196 si,
3302 4129 3522 4185 decurso
3559 4130 3676 4199 jam

2089 4230 2266 4287 :rtate,
2296 4221 2474 4276 minus
2502 4231 2678 4276 tamen
2703 4220 2925 4277 idoneus
2953 4222 3200 4276 maneat?
3240 4220 3354 4275 Non
3376 4232 3484 4291 quo
3512 4222 3678 4276 velim

2086 4314 2334 4369 canitiem
2363 4312 2719 4368 dehonestare
2740 4351 2758 4379 ,
2788 4326 2890 4368 nec
2914 4312 3084 4382 legem
3110 4311 3464 4378 constituere,
3495 4321 3554 4366 ut
3579 4313 3677 4382 qui

2086 4418 2152 4459 ex
2190 4404 2358 4460 choro
2396 4402 2778 4459 monachorum
2821 4403 3078 4471 veniunt,
3108 4403 3176 4458 ab
3220 4404 3319 4458 hac
3350 4406 3675 4474 .przefectura

2088 4496 2305 4551 omnino
2333 4506 2651 4551 arceantur:
2675 4497 2897 4567 contigit
2924 4497 3066 4551 enim
3092 4496 3287 4553 multos
3307 4512 3375 4553 ex
3399 4497 3491 4552 illo
3508 4512 3676 4569 grege

2085 4589 2355 4661 profectos
2380 4590 2434 4644 in
2464 4589 2567 4646 hac
2589 4589 2846 4662 dignitate
2866 4589 3122 4646 elamisse
3151 4605 3166 4643 :
3198 4589 3293 4646 sed
3321 4590 3675 4660 boeprol-re

2068 4681 2371 4749 contendo,
2399 4681 2443 4736 si
2472 4696 2645 4751 neque
2673 4680 2843 4752 pietas
2866 4681 2984 4735 sola
3004 4721 3020 4744 ,
3051 4695 3223 4750 neque
3240 4680 3480 4751 longaeva
3508 4695 3672 4737 sene-

2084 4781 2202 4828 ctus
2224 4772 2355 4827 satis
2377 4779 2521 4837 sunt,
2549 4780 2609 4826 ut
2631 4771 2753 4841 quis
2775 4770 3076 4826 sacerdotio
3100 4769 3259 4841 digne
3285 4769 3549 4841 fungatur,
3575 4770 3673 4826 vix

2082 4878 2214 4918 sane
2249 4878 2440 4919 causas
2484 4877 2644 4932 supra
2690 4870 3013 4917 memoratas
3055 4860 3156 4916 hoc
3195 4860 3369 4930 ipsum
3413 4868 3674 4929 prmstare

2084 4967 2263 5024 posse.
2293 4954 2392 5008 Alii
2423 4968 2551 5009 vero
2575 4952 2706 5008 alias
2742 4951 2945 5007 addunt
2979 4951 3138 5008 etiam
3172 4949 3516 5006 absurdiores
3554 4968 3569 5005 :
3610 4949 3671 5007 bi

2085 5049 2359 5113 nimirum,
2386 5063 2454 5103 ne
2474 5062 2533 5103 se
2559 5046 2612 5101 in
2640 5046 3065 5102 adversariorum
3098 5056 3277 5117 partes
3296 5044 3630 5100 transferant
3651 5087 3669 5112 ,

2083 5139 2139 5194 in
2158 5138 2286 5193 clari
2318 5137 2561 5194 ordinem
2600 5137 2947 5208 adlegantur;
2975 5138 3085 5205 illi,
3102 5145 3327 5208 propter
3346 5136 3666 5206 nequitiam,

2082 5247 2151 5287 ne
2167 5231 2457 5302 contempti
2472 5245 2662 5301 magna
2693 5229 3103 5285 inlerantmala.
3133 5230 3214 5284 An
3243 5227 3412 5299 possit
3436 5227 3672 5297 iniquius

2081 5323 2350 5394 quidpiam
2376 5322 2687 5392 excogitari,
2709 5321 2852 5392 quod
2876 5322 3122 5377 homines
3147 5320 3394 5389 improbi,
3418 5319 3672 5374 innume-

2080 5415 2156 5470 ris
2185 5414 2374 5484 repleti
2402 5413 2577 5480 malis,
2608 5412 2732 5468 inde
2764 5412 3026 5480 colantur,
3067 5412 3204 5467 unde
3232 5410 3492 5480 supplicio
3521 5410 3669 5480 digni

2080 5514 2266 5570 erant,
2298 5512 2354 5560 et
2392 5519 2494 5574 qua
2527 5503 2597 5558 de
2643 5518 2804 5559 causa
2848 5518 2916 5559 ne
2956 5503 3118 5557 limen
3159 5501 3372 5572 quidem
3408 5499 3669 5556 Ecclesia

2082 5593 2420 5666 prsetergredi
2448 5594 2637 5649 licebat
2677 5593 2819 5658 illis,
2856 5591 3045 5649 eadem
3073 5592 3150 5647 illi
3176 5591 3243 5647 ad
3278 5590 3668 5646 sacerdotalem

2080 5686 2371 5744 ascendant
2396 5685 2752 5757 dignitatem?
2777 5685 3043 5753 Etiamne,
3070 5682 3157 5740 die
3181 5682 3332 5752 mihi,
3364 5696 3669 5754 quaeremus

3812 196 3854 371 ψ

3849 3604 3854 3823 1

3839 3998 3854 4049 4
