  <div class='ocr_page' id='page_1' title='image "/cluster/home/n/w/nwhite01/storage/ocr_20150623/48/nnc1.0046978267/132.png"; bbox 0 0 3890 6220; ppageno 0'>
   <div class='ocr_carea' id='block_1_1' title="bbox 169 283 1830 362">
    <p class='ocr_par' dir='ltr' id='par_1_1' title="bbox 169 283 1830 362">
     <span class='ocr_line' id='line_1_1' title="bbox 169 283 1830 362; baseline -0.002 -19"><span class='ocrx_word' id='word_1_1' title='bbox 169 287 547 362; x_wconf 75' lang='grc' dir='ltr'>χαλεπωτέρα·</span> <span class='ocrx_word' id='word_1_2' title='bbox 573 285 694 339; x_wconf 67' lang='grc' dir='ltr'>ἐπεὶ</span> <span class='ocrx_word' id='word_1_3' title='bbox 724 284 857 356; x_wconf 86' lang='grc' dir='ltr'>μηδέ</span> <span class='ocrx_word' id='word_1_4' title='bbox 887 283 996 355; x_wconf 91' lang='grc' dir='ltr'>πῦρ</span> <span class='ocrx_word' id='word_1_5' title='bbox 1019 283 1079 336; x_wconf 86' lang='grc' dir='ltr'>τὸ</span> <span class='ocrx_word' id='word_1_6' title='bbox 1104 284 1358 353; x_wconf 79' lang='grc' dir='ltr'>αἰσθητὸν</span> <span class='ocrx_word' id='word_1_7' title='bbox 1388 285 1669 339; x_wconf 84' lang='grc' dir='ltr'>ὑπόκειται</span> <span class='ocrx_word' id='word_1_8' title='bbox 1691 288 1830 340; x_wconf 84' lang='grc' dir='ltr'>ἐκεῖ·</span> 
     </span>
    </p>
   </div>
   <div class='ocr_carea' id='block_1_2' title="bbox 171 371 1838 446">
    <p class='ocr_par' dir='ltr' id='par_1_2' title="bbox 171 371 1838 446">
     <span class='ocr_line' id='line_1_2' title="bbox 171 371 1838 446; baseline -0.001 -18"><span class='ocrx_word' id='word_1_9' title='bbox 171 395 248 435; x_wconf 81' lang='grc' dir='ltr'>νο,</span> <span class='ocrx_word' id='word_1_10' title='bbox 281 376 394 428; x_wconf 80' lang='grc' dir='ltr'>ἀλλ’</span> <span class='ocrx_word' id='word_1_11' title='bbox 428 376 460 446; x_wconf 88' lang='grc' dir='ltr'>ή</span> <span class='ocrx_word' id='word_1_12' title='bbox 493 374 788 444; x_wconf 79' lang='grc' dir='ltr'>παμφάγος</span> <span class='ocrx_word' id='word_1_13' title='bbox 819 373 1012 435; x_wconf 80' lang='grc' dir='ltr'>αὐτοὺς</span> <span class='ocrx_word' id='word_1_14' title='bbox 1042 385 1067 412; x_wconf 73' lang='grc' dir='ltr'>ει</span> <span class='ocrx_word' id='word_1_15' title='bbox 1097 371 1196 441; x_wconf 80' lang='grc' dir='ltr'>τῆς</span> <span class='ocrx_word' id='word_1_16' title='bbox 1231 371 1530 442; x_wconf 75' lang='grc' dir='ltr'>βασκανίας</span> <span class='ocrx_word' id='word_1_17' title='bbox 1563 391 1838 446; x_wconf 89' lang='grc' dir='ltr'>περιστοι-</span> 
     </span>
    </p>
   </div>
   <div class='ocr_carea' id='block_1_3' title="bbox 171 459 1836 532">
    <p class='ocr_par' dir='ltr' id='par_1_3' title="bbox 171 459 1836 532">
     <span class='ocr_line' id='line_1_3' title="bbox 171 459 1836 532; baseline -0.001 -17"><span class='ocrx_word' id='word_1_18' title='bbox 171 463 379 532; x_wconf 71' lang='grc' dir='ltr'>χίζεται</span> <span class='ocrx_word' id='word_1_19' title='bbox 422 461 572 531; x_wconf 78' lang='grc' dir='ltr'>φλὸξ,</span> <span class='ocrx_word' id='word_1_20' title='bbox 616 459 950 529; x_wconf 78' lang='grc' dir='ltr'>πανταχόθεν</span> <span class='ocrx_word' id='word_1_21' title='bbox 989 459 1272 530; x_wconf 76' lang='grc' dir='ltr'>αἰρομένη,</span> <span class='ocrx_word' id='word_1_22' title='bbox 1315 460 1410 514; x_wconf 71' lang='grc' dir='ltr'>καὶ</span> <span class='ocrx_word' id='word_1_23' title='bbox 1446 461 1836 532; x_wconf 86' lang='grc' dir='ltr'>ἀκριϐέστερον</span> 
     </span>
    </p>
   </div>
   <div class='ocr_carea' id='block_1_4' title="bbox 169 549 1837 623">
    <p class='ocr_par' dir='ltr' id='par_1_4' title="bbox 169 549 1837 623">
     <span class='ocr_line' id='line_1_4' title="bbox 169 549 1837 623; baseline -0.003 -15"><span class='ocrx_word' id='word_1_24' title='bbox 169 555 352 608; x_wconf 81' lang='grc' dir='ltr'>αὐτῶν</span> <span class='ocrx_word' id='word_1_25' title='bbox 378 552 605 606; x_wconf 84' lang='grc' dir='ltr'>ἐπιοῦσα</span> <span class='ocrx_word' id='word_1_26' title='bbox 632 552 726 604; x_wconf 72' lang='grc' dir='ltr'>καὶ</span> <span class='ocrx_word' id='word_1_27' title='bbox 756 551 832 604; x_wconf 88' lang='grc' dir='ltr'>διε</span> <span class='ocrx_word' id='word_1_28' title='bbox 842 549 1152 621; x_wconf 80' lang='grc' dir='ltr'>ρευνωμένη</span> <span class='ocrx_word' id='word_1_29' title='bbox 1171 549 1399 620; x_wconf 65' lang='grc' dir='ltr'>τδνιβίον</span> <span class='ocrx_word' id='word_1_30' title='bbox 1425 552 1457 621; x_wconf 79' lang='grc' dir='ltr'>ἢ</span> <span class='ocrx_word' id='word_1_31' title='bbox 1491 552 1551 604; x_wconf 77' lang='grc' dir='ltr'>τὸ</span> <span class='ocrx_word' id='word_1_32' title='bbox 1573 551 1688 623; x_wconf 85' lang='grc' dir='ltr'>πῦρ</span> <span class='ocrx_word' id='word_1_33' title='bbox 1714 551 1837 603; x_wconf 83' lang='grc' dir='ltr'>τότε</span> 
     </span>
    </p>
   </div>
   <div class='ocr_carea' id='block_1_5' title="bbox 171 633 1840 712">
    <p class='ocr_par' dir='ltr' id='par_1_5' title="bbox 171 633 1840 712">
     <span class='ocr_line' id='line_1_5' title="bbox 171 633 1840 712; baseline -0.001 -18"><span class='ocrx_word' id='word_1_34' title='bbox 171 642 281 694; x_wconf 74' lang='grc' dir='ltr'>τῶν</span> <span class='ocrx_word' id='word_1_35' title='bbox 305 640 506 694; x_wconf 79' lang='grc' dir='ltr'>παίδων</span> <span class='ocrx_word' id='word_1_36' title='bbox 528 637 748 692; x_wconf 78' lang='grc' dir='ltr'>ἐκείνων</span> <span class='ocrx_word' id='word_1_37' title='bbox 763 639 835 690; x_wconf 81' lang='grc' dir='ltr'>τά</span> <span class='ocrx_word' id='word_1_38' title='bbox 855 636 1101 707; x_wconf 81' lang='grc' dir='ltr'>σώματα.</span> <span class='ocrx_word' id='word_1_39' title='bbox 1125 638 1293 690; x_wconf 84' lang='grc' dir='ltr'>Ὅταν</span> <span class='ocrx_word' id='word_1_40' title='bbox 1313 633 1404 691; x_wconf 78' lang='grc' dir='ltr'>οὖν</span> <span class='ocrx_word' id='word_1_41' title='bbox 1427 636 1562 712; x_wconf 79' lang='grc' dir='ltr'>εὕρῃ</span> <span class='ocrx_word' id='word_1_42' title='bbox 1584 639 1840 709; x_wconf 84' lang='grc' dir='ltr'>καλάμης</span> 
     </span>
    </p>
   </div>
   <div class='ocr_carea' id='block_1_6' title="bbox 165 724 1840 799">
    <p class='ocr_par' dir='ltr' id='par_1_6' title="bbox 165 724 1840 799">
     <span class='ocr_line' id='line_1_6' title="bbox 165 724 1840 799; baseline -0.001 -19"><span class='ocrx_word' id='word_1_43' title='bbox 165 729 321 798; x_wconf 72' lang='grc' dir='ltr'>[χνος</span> <span class='ocrx_word' id='word_1_44' title='bbox 350 729 570 799; x_wconf 81' lang='grc' dir='ltr'>μικρὸν,</span> <span class='ocrx_word' id='word_1_45' title='bbox 589 724 996 796; x_wconf 47' lang='grc' dir='ltr'>’προσπλέκεται</span> <span class='ocrx_word' id='word_1_46' title='bbox 1025 724 1250 794; x_wconf 79' lang='grc' dir='ltr'>ταχέως·</span> <span class='ocrx_word' id='word_1_47' title='bbox 1281 725 1376 778; x_wconf 76' lang='grc' dir='ltr'>καὶ</span> <span class='ocrx_word' id='word_1_48' title='bbox 1411 725 1474 779; x_wconf 80' lang='grc' dir='ltr'>τὸ</span> <span class='ocrx_word' id='word_1_49' title='bbox 1515 727 1612 796; x_wconf 82' lang='grc' dir='ltr'>μέν</span> <span class='ocrx_word' id='word_1_50' title='bbox 1641 726 1840 796; x_wconf 82' lang='grc' dir='ltr'>σαθρὸν</span> 
     </span>
    </p>
   </div>
   <div class='ocr_carea' id='block_1_7' title="bbox 162 810 1840 883">
    <p class='ocr_par' dir='ltr' id='par_1_7' title="bbox 162 810 1840 883">
     <span class='ocr_line' id='line_1_7' title="bbox 162 810 1840 883; baseline -0.002 -14"><span class='ocrx_word' id='word_1_51' title='bbox 162 819 350 869; x_wconf 42' lang='grc' dir='ltr'>’ἐκεῖνο</span> <span class='ocrx_word' id='word_1_52' title='bbox 385 814 696 868; x_wconf 76' lang='grc' dir='ltr'>κατέκαυσε</span> <span class='ocrx_word' id='word_1_53' title='bbox 732 812 914 883; x_wconf 82' lang='grc' dir='ltr'>μέρος,</span> <span class='ocrx_word' id='word_1_54' title='bbox 947 810 1044 881; x_wconf 83' lang='grc' dir='ltr'>τὴν</span> <span class='ocrx_word' id='word_1_55' title='bbox 1071 811 1126 864; x_wconf 85' lang='grc' dir='ltr'>δὲ</span> <span class='ocrx_word' id='word_1_56' title='bbox 1156 811 1350 882; x_wconf 84' lang='grc' dir='ltr'>λοιπὴν</span> <span class='ocrx_word' id='word_1_57' title='bbox 1382 813 1602 866; x_wconf 77' lang='grc' dir='ltr'>ἅπασαν</span> <span class='ocrx_word' id='word_1_58' title='bbox 1636 813 1840 865; x_wconf 72' lang='grc' dir='ltr'>οἰκοδο-</span> 
     </span>
    </p>
   </div>
   <div class='ocr_carea' id='block_1_8' title="bbox 173 895 1838 973">
    <p class='ocr_par' dir='ltr' id='par_1_8' title="bbox 173 895 1838 973">
     <span class='ocr_line' id='line_1_8' title="bbox 173 895 1838 973; baseline -0.002 -18"><span class='ocrx_word' id='word_1_59' title='bbox 173 903 284 973; x_wconf 69' lang='grc' dir='ltr'>μὴν</span> <span class='ocrx_word' id='word_1_60' title='bbox 315 902 364 968; x_wconf 62' lang='grc' dir='ltr'>ιο,</span> <span class='ocrx_word' id='word_1_61' title='bbox 397 901 498 954; x_wconf 79' lang='grc' dir='ltr'>κᾶν</span> <span class='ocrx_word' id='word_1_62' title='bbox 532 900 641 952; x_wconf 85' lang='grc' dir='ltr'>τῶν</span> <span class='ocrx_word' id='word_1_63' title='bbox 665 898 906 969; x_wconf 81' lang='grc' dir='ltr'>ἡλιακῶν</span> <span class='ocrx_word' id='word_1_64' title='bbox 929 898 1170 952; x_wconf 33' lang='grc' dir='ltr'>’ἀκτίνων</span> <span class='ocrx_word' id='word_1_65' title='bbox 1203 898 1558 971; x_wconf 87' lang='grc' dir='ltr'>λαμπροτέρα</span> <span class='ocrx_word' id='word_1_66' title='bbox 1579 895 1713 953; x_wconf 82' lang='grc' dir='ltr'>οὖσα</span> <span class='ocrx_word' id='word_1_67' title='bbox 1744 899 1838 952; x_wconf 90' lang='grc' dir='ltr'>τύ-</span> 
     </span>
    </p>
   </div>
   <div class='ocr_carea' id='block_1_9' title="bbox 173 984 1841 1060">
    <p class='ocr_par' dir='ltr' id='par_1_9' title="bbox 173 984 1841 1060">
     <span class='ocr_line' id='line_1_9' title="bbox 173 984 1841 1060; baseline -0.001 -19"><span class='ocrx_word' id='word_1_68' title='bbox 173 1008 270 1060; x_wconf 74' lang='grc' dir='ltr'>χῃ.</span> <span class='ocrx_word' id='word_1_69' title='bbox 297 991 390 1041; x_wconf 86' lang='grc' dir='ltr'>ἀπ’</span> <span class='ocrx_word' id='word_1_70' title='bbox 413 987 624 1041; x_wconf 82' lang='grc' dir='ltr'>ἐκείνου</span> <span class='ocrx_word' id='word_1_71' title='bbox 650 985 743 1040; x_wconf 88' lang='grc' dir='ltr'>τοῦ</span> <span class='ocrx_word' id='word_1_72' title='bbox 783 984 992 1039; x_wconf 83' lang='grc' dir='ltr'>καπνοῦ</span> <span class='ocrx_word' id='word_1_73' title='bbox 1026 985 1362 1056; x_wconf 82' lang='grc' dir='ltr'>προσέφλεξε</span> <span class='ocrx_word' id='word_1_74' title='bbox 1391 986 1542 1056; x_wconf 72' lang='grc' dir='ltr'>καὶὴ</span> <span class='ocrx_word' id='word_1_75' title='bbox 1551 987 1841 1058; x_wconf 88' lang='grc' dir='ltr'>μαύρωσεν</span> 
     </span>
    </p>
   </div>
   <div class='ocr_carea' id='block_1_10' title="bbox 176 1069 1842 1144">
    <p class='ocr_par' dir='ltr' id='par_1_10' title="bbox 176 1069 1842 1144">
     <span class='ocr_line' id='line_1_10' title="bbox 176 1069 1842 1144; baseline -0.004 -14"><span class='ocrx_word' id='word_1_76' title='bbox 176 1078 413 1130; x_wconf 76' lang='grc' dir='ltr'>ἃπασαν.</span> <span class='ocrx_word' id='word_1_77' title='bbox 437 1074 581 1136; x_wconf 80' lang='grc' dir='ltr'>’Ἕως</span> <span class='ocrx_word' id='word_1_78' title='bbox 608 1072 706 1143; x_wconf 85' lang='grc' dir='ltr'>μέν</span> <span class='ocrx_word' id='word_1_79' title='bbox 725 1071 834 1143; x_wconf 82' lang='grc' dir='ltr'>γάρ</span> <span class='ocrx_word' id='word_1_80' title='bbox 863 1071 928 1124; x_wconf 83' lang='grc' dir='ltr'>ἂν</span> <span class='ocrx_word' id='word_1_81' title='bbox 955 1071 1294 1141; x_wconf 83' lang='grc' dir='ltr'>πανταχόθεν</span> <span class='ocrx_word' id='word_1_82' title='bbox 1315 1072 1660 1143; x_wconf 79' lang='grc' dir='ltr'>ἡρμοσμένος</span> <span class='ocrx_word' id='word_1_83' title='bbox 1744 1088 1842 1126; x_wconf 90' lang='grc' dir='ltr'>κα-</span> 
     </span>
    </p>
   </div>
   <div class='ocr_carea' id='block_1_11' title="bbox 175 1157 1842 1230">
    <p class='ocr_par' dir='ltr' id='par_1_11' title="bbox 175 1157 1842 1230">
     <span class='ocr_line' id='line_1_11' title="bbox 175 1157 1842 1230; baseline -0.001 -16"><span class='ocrx_word' id='word_1_84' title='bbox 175 1163 285 1224; x_wconf 83' lang='grc' dir='ltr'>λῶς</span> <span class='ocrx_word' id='word_1_85' title='bbox 328 1165 355 1214; x_wconf 84' lang='grc' dir='ltr'><strong>ὁ</strong></span> <span class='ocrx_word' id='word_1_86' title='bbox 396 1159 490 1212; x_wconf 89' lang='grc' dir='ltr'>τοῦ</span> <span class='ocrx_word' id='word_1_87' title='bbox 529 1158 718 1230; x_wconf 83' lang='grc' dir='ltr'>ίερέως</span> <span class='ocrx_word' id='word_1_88' title='bbox 749 1157 882 1228; x_wconf 88' lang='grc' dir='ltr'>βίος,</span> <span class='ocrx_word' id='word_1_89' title='bbox 919 1157 1188 1222; x_wconf 80' lang='grc' dir='ltr'>ἀνάλωτος</span> <span class='ocrx_word' id='word_1_90' title='bbox 1222 1158 1430 1227; x_wconf 85' lang='grc' dir='ltr'>γίνεται</span> <span class='ocrx_word' id='word_1_91' title='bbox 1470 1161 1588 1222; x_wconf 88' lang='grc' dir='ltr'>ταῖς</span> <span class='ocrx_word' id='word_1_92' title='bbox 1619 1159 1842 1212; x_wconf 89' lang='grc' dir='ltr'>ἐπιϐου-</span> 
     </span>
    </p>
   </div>
   <div class='ocr_carea' id='block_1_12' title="bbox 174 1239 1843 1318">
    <p class='ocr_par' dir='ltr' id='par_1_12' title="bbox 174 1239 1843 1318">
     <span class='ocr_line' id='line_1_12' title="bbox 174 1239 1843 1318; baseline -0.001 -17"><span class='ocrx_word' id='word_1_93' title='bbox 174 1249 315 1310; x_wconf 69' lang='grc' dir='ltr'>λαῖς·</span> <span class='ocrx_word' id='word_1_94' title='bbox 343 1247 407 1300; x_wconf 84' lang='grc' dir='ltr'>ἂν</span> <span class='ocrx_word' id='word_1_95' title='bbox 435 1247 492 1299; x_wconf 80' lang='grc' dir='ltr'>δέ</span> <span class='ocrx_word' id='word_1_96' title='bbox 525 1246 660 1318; x_wconf 77' lang='grc' dir='ltr'>τύχῃ</span> <span class='ocrx_word' id='word_1_97' title='bbox 695 1245 886 1316; x_wconf 86' lang='grc' dir='ltr'>μικρόν</span> <span class='ocrx_word' id='word_1_98' title='bbox 911 1262 964 1298; x_wconf 90' lang='grc' dir='ltr'>τι</span> <span class='ocrx_word' id='word_1_99' title='bbox 984 1243 1248 1317; x_wconf 86' lang='grc' dir='ltr'>παριδὼν,</span> <span class='ocrx_word' id='word_1_100' title='bbox 1275 1239 1363 1298; x_wconf 72' lang='grc' dir='ltr'>οἷα</span> <span class='ocrx_word' id='word_1_101' title='bbox 1386 1246 1532 1310; x_wconf 83' lang='grc' dir='ltr'>είκὸς</span> <span class='ocrx_word' id='word_1_102' title='bbox 1557 1246 1843 1318; x_wconf 80' lang='grc' dir='ltr'>ἄνθρωπον</span> 
     </span>
    </p>
   </div>
   <div class='ocr_carea' id='block_1_13' title="bbox 173 1329 1844 1403">
    <p class='ocr_par' dir='ltr' id='par_1_13' title="bbox 173 1329 1844 1403">
     <span class='ocr_line' id='line_1_13' title="bbox 173 1329 1844 1403; baseline 0 -17"><span class='ocrx_word' id='word_1_103' title='bbox 173 1334 326 1396; x_wconf 75' lang='grc' dir='ltr'>ὅντα,</span> <span class='ocrx_word' id='word_1_104' title='bbox 369 1335 464 1386; x_wconf 69' lang='grc' dir='ltr'>καὶ</span> <span class='ocrx_word' id='word_1_105' title='bbox 511 1333 573 1385; x_wconf 82' lang='grc' dir='ltr'>τὸ</span> <span class='ocrx_word' id='word_1_106' title='bbox 617 1331 956 1394; x_wconf 71' lang='grc' dir='ltr'>πολυπλανὲς</span> <span class='ocrx_word' id='word_1_107' title='bbox 995 1329 1090 1383; x_wconf 87' lang='grc' dir='ltr'>τοῦ</span> <span class='ocrx_word' id='word_1_108' title='bbox 1132 1330 1246 1401; x_wconf 88' lang='grc' dir='ltr'>βίου</span> <span class='ocrx_word' id='word_1_109' title='bbox 1287 1331 1474 1385; x_wconf 89' lang='grc' dir='ltr'>τούτου</span> <span class='ocrx_word' id='word_1_110' title='bbox 1515 1332 1844 1403; x_wconf 83' lang='grc' dir='ltr'>περαιοῦντα</span> 
     </span>
    </p>
   </div>
   <div class='ocr_carea' id='block_1_14' title="bbox 175 1416 1844 1489">
    <p class='ocr_par' dir='ltr' id='par_1_14' title="bbox 175 1416 1844 1489">
     <span class='ocr_line' id='line_1_14' title="bbox 175 1416 1844 1489; baseline 0.001 -19"><span class='ocrx_word' id='word_1_111' title='bbox 175 1421 433 1487; x_wconf 86' lang='grc' dir='ltr'>πέλαγος,</span> <span class='ocrx_word' id='word_1_112' title='bbox 463 1419 613 1472; x_wconf 81' lang='grc' dir='ltr'>οὐδὲν</span> <span class='ocrx_word' id='word_1_113' title='bbox 641 1417 790 1489; x_wconf 89' lang='grc' dir='ltr'>αὐτῷ</span> <span class='ocrx_word' id='word_1_114' title='bbox 821 1417 928 1470; x_wconf 86' lang='grc' dir='ltr'>τῶν</span> <span class='ocrx_word' id='word_1_115' title='bbox 953 1416 1156 1471; x_wconf 84' lang='grc' dir='ltr'>λοιπῶν</span> <span class='ocrx_word' id='word_1_116' title='bbox 1186 1418 1628 1489; x_wconf 83' lang='grc' dir='ltr'>κατορθωμάτων</span> <span class='ocrx_word' id='word_1_117' title='bbox 1653 1419 1844 1486; x_wconf 76' lang='grc' dir='ltr'>ὄφελος</span> 
     </span>
    </p>
   </div>
   <div class='ocr_carea' id='block_1_15' title="bbox 176 1504 1842 1578">
    <p class='ocr_par' dir='ltr' id='par_1_15' title="bbox 176 1504 1842 1578">
     <span class='ocr_line' id='line_1_15' title="bbox 176 1504 1842 1578; baseline -0.001 -18"><span class='ocrx_word' id='word_1_118' title='bbox 176 1508 315 1578; x_wconf 79' lang='grc' dir='ltr'>πρὸς</span> <span class='ocrx_word' id='word_1_119' title='bbox 355 1507 416 1560; x_wconf 80' lang='grc' dir='ltr'>τὺ</span> <span class='ocrx_word' id='word_1_120' title='bbox 448 1506 743 1578; x_wconf 78' lang='grc' dir='ltr'>δυνηθῆναι</span> <span class='ocrx_word' id='word_1_121' title='bbox 774 1505 845 1559; x_wconf 82' lang='grc' dir='ltr'>τὰ</span> <span class='ocrx_word' id='word_1_122' title='bbox 869 1504 976 1558; x_wconf 90' lang='grc' dir='ltr'>τῶν</span> <span class='ocrx_word' id='word_1_123' title='bbox 1008 1505 1329 1576; x_wconf 88' lang='grc' dir='ltr'>κατηγόρων</span> <span class='ocrx_word' id='word_1_124' title='bbox 1358 1506 1602 1576; x_wconf 86' lang='grc' dir='ltr'>στόματα</span> <span class='ocrx_word' id='word_1_125' title='bbox 1646 1507 1842 1575; x_wconf 74' lang='grc' dir='ltr'>διαφυ-</span> 
     </span>
    </p>
   </div>
   <div class='ocr_carea' id='block_1_16' title="bbox 175 1589 1845 1662">
    <p class='ocr_par' dir='ltr' id='par_1_16' title="bbox 175 1589 1845 1662">
     <span class='ocr_line' id='line_1_16' title="bbox 175 1589 1845 1662; baseline -0.001 -17"><span class='ocrx_word' id='word_1_126' title='bbox 175 1596 314 1661; x_wconf 80' lang='grc' dir='ltr'>γεῖν,</span> <span class='ocrx_word' id='word_1_127' title='bbox 351 1592 466 1646; x_wconf 80' lang='grc' dir='ltr'>ἀλλ’</span> <span class='ocrx_word' id='word_1_128' title='bbox 495 1592 805 1656; x_wconf 70' lang='grc' dir='ltr'>ἐπισκιάζει</span> <span class='ocrx_word' id='word_1_129' title='bbox 835 1591 998 1644; x_wconf 74' lang='grc' dir='ltr'>παντὶ</span> <span class='ocrx_word' id='word_1_130' title='bbox 1031 1589 1109 1660; x_wconf 84' lang='grc' dir='ltr'>τῷ</span> <span class='ocrx_word' id='word_1_131' title='bbox 1141 1590 1309 1661; x_wconf 84' lang='grc' dir='ltr'>λοιπῷ</span> <span class='ocrx_word' id='word_1_132' title='bbox 1353 1591 1414 1644; x_wconf 78' lang='grc' dir='ltr'>τὸ</span> <span class='ocrx_word' id='word_1_133' title='bbox 1446 1591 1641 1662; x_wconf 83' lang='grc' dir='ltr'>μικρὸν</span> <span class='ocrx_word' id='word_1_134' title='bbox 1667 1593 1845 1645; x_wconf 84' lang='grc' dir='ltr'>ἐκεῖνο</span> 
     </span>
    </p>
   </div>
   <div class='ocr_carea' id='block_1_17' title="bbox 176 1678 1846 1752">
    <p class='ocr_par' dir='ltr' id='par_1_17' title="bbox 176 1678 1846 1752">
     <span class='ocr_line' id='line_1_17' title="bbox 176 1678 1846 1752; baseline -0.001 -19"><span class='ocrx_word' id='word_1_135' title='bbox 176 1681 550 1752; x_wconf 76' lang='grc' dir='ltr'>παράπτωμα.</span> <span class='ocrx_word' id='word_1_136' title='bbox 584 1681 698 1735; x_wconf 75' lang='grc' dir='ltr'>Καὶ</span> <span class='ocrx_word' id='word_1_137' title='bbox 726 1679 833 1749; x_wconf 89' lang='grc' dir='ltr'>οὐχ</span> <span class='ocrx_word' id='word_1_138' title='bbox 858 1679 932 1741; x_wconf 85' lang='grc' dir='ltr'>ὡς</span> <span class='ocrx_word' id='word_1_139' title='bbox 971 1678 1149 1748; x_wconf 87' lang='grc' dir='ltr'>σάρκα</span> <span class='ocrx_word' id='word_1_140' title='bbox 1179 1679 1570 1749; x_wconf 78' lang='grc' dir='ltr'>περικειμένῳ,</span> <span class='ocrx_word' id='word_1_141' title='bbox 1595 1679 1722 1732; x_wconf 84' lang='grc' dir='ltr'>οὐδέ</span> <span class='ocrx_word' id='word_1_142' title='bbox 1753 1680 1846 1732; x_wconf 84' lang='grc' dir='ltr'>ἀν-</span> 
     </span>
    </p>
   </div>
   <div class='ocr_carea' id='block_1_18' title="bbox 165 1765 1844 1839">
    <p class='ocr_par' dir='ltr' id='par_1_18' title="bbox 165 1765 1844 1839">
     <span class='ocr_line' id='line_1_18' title="bbox 165 1765 1844 1839; baseline -0.001 -17"><span class='ocrx_word' id='word_1_143' title='bbox 165 1769 454 1839; x_wconf 75' lang='grc' dir='ltr'>θρωπείαν</span> <span class='ocrx_word' id='word_1_144' title='bbox 487 1768 705 1838; x_wconf 78' lang='grc' dir='ltr'>λαχόντι</span> <span class='ocrx_word' id='word_1_145' title='bbox 747 1765 930 1836; x_wconf 84' lang='grc' dir='ltr'>φύσιν,</span> <span class='ocrx_word' id='word_1_146' title='bbox 963 1767 1076 1820; x_wconf 81' lang='grc' dir='ltr'>ἀλλ’</span> <span class='ocrx_word' id='word_1_147' title='bbox 1104 1767 1180 1829; x_wconf 85' lang='grc' dir='ltr'>ὡς</span> <span class='ocrx_word' id='word_1_148' title='bbox 1207 1767 1446 1836; x_wconf 86' lang='grc' dir='ltr'>ἀγγέλῳ,</span> <span class='ocrx_word' id='word_1_149' title='bbox 1480 1767 1577 1821; x_wconf 75' lang='grc' dir='ltr'>καὶ</span> <span class='ocrx_word' id='word_1_150' title='bbox 1605 1768 1707 1837; x_wconf 84' lang='grc' dir='ltr'>τῆς</span> <span class='ocrx_word' id='word_1_151' title='bbox 1732 1768 1844 1821; x_wconf 90' lang='grc' dir='ltr'>λοι-</span> 
     </span>
    </p>
   </div>
   <div class='ocr_carea' id='block_1_19' title="bbox 172 1855 1846 1926">
    <p class='ocr_par' dir='ltr' id='par_1_19' title="bbox 172 1855 1846 1926">
     <span class='ocr_line' id='line_1_19' title="bbox 172 1855 1846 1926; baseline 0.001 -17"><span class='ocrx_word' id='word_1_152' title='bbox 172 1858 288 1926; x_wconf 84' lang='grc' dir='ltr'>πῆς</span> <span class='ocrx_word' id='word_1_153' title='bbox 312 1857 591 1919; x_wconf 83' lang='grc' dir='ltr'>ἀσθενείας</span> <span class='ocrx_word' id='word_1_154' title='bbox 619 1855 1042 1926; x_wconf 79' lang='grc' dir='ltr'>ἀπηλλαγμένῳ,</span> <span class='ocrx_word' id='word_1_155' title='bbox 1069 1855 1308 1920; x_wconf 78' lang='grc' dir='ltr'>δικάζειν</span> <span class='ocrx_word' id='word_1_156' title='bbox 1337 1855 1580 1919; x_wconf 77' lang='grc' dir='ltr'>ἅπαντες</span> <span class='ocrx_word' id='word_1_157' title='bbox 1600 1855 1846 1910; x_wconf 74' lang='grc' dir='ltr'>ἐθέλουσι</span> 
     </span>
    </p>
   </div>
   <div class='ocr_carea' id='block_1_20' title="bbox 169 1940 1843 2014">
    <p class='ocr_par' dir='ltr' id='par_1_20' title="bbox 169 1940 1843 2014">
     <span class='ocr_line' id='line_1_20' title="bbox 169 1940 1843 2014; baseline 0.002 -22"><span class='ocrx_word' id='word_1_158' title='bbox 169 1942 254 2011; x_wconf 78' lang='grc' dir='ltr'>τῷ</span> <span class='ocrx_word' id='word_1_159' title='bbox 289 1944 440 2013; x_wconf 77' lang='grc' dir='ltr'>ἱερεῖ.</span> <span class='ocrx_word' id='word_1_160' title='bbox 486 1943 596 1995; x_wconf 74' lang='grc' dir='ltr'>Καὶ</span> <span class='ocrx_word' id='word_1_161' title='bbox 638 1941 886 2012; x_wconf 85' lang='grc' dir='ltr'>καθάπερ</span> <span class='ocrx_word' id='word_1_162' title='bbox 921 1940 1201 2012; x_wconf 84' lang='grc' dir='ltr'>τύραννον,</span> <span class='ocrx_word' id='word_1_163' title='bbox 1235 1941 1355 2003; x_wconf 67' lang='grc' dir='ltr'>η’έως</span> <span class='ocrx_word' id='word_1_164' title='bbox 1401 1942 1500 2010; x_wconf 84' lang='grc' dir='ltr'>μὲν</span> <span class='ocrx_word' id='word_1_165' title='bbox 1545 1941 1612 1996; x_wconf 81' lang='grc' dir='ltr'>ἂν</span> <span class='ocrx_word' id='word_1_166' title='bbox 1644 1946 1843 2014; x_wconf 84' lang='grc' dir='ltr'>κρατῇ,</span> 
     </span>
    </p>
   </div>
   <div class='ocr_carea' id='block_1_21' title="bbox 177 2027 1847 2100">
    <p class='ocr_par' dir='ltr' id='par_1_21' title="bbox 177 2027 1847 2100">
     <span class='ocr_line' id='line_1_21' title="bbox 177 2027 1847 2100; baseline 0.002 -19"><span class='ocrx_word' id='word_1_167' title='bbox 177 2027 423 2092; x_wconf 77' lang='grc' dir='ltr'>ἅπαντες</span> <span class='ocrx_word' id='word_1_168' title='bbox 445 2028 741 2100; x_wconf 72' lang='grc' dir='ltr'>πεφρίκασι</span> <span class='ocrx_word' id='word_1_169' title='bbox 769 2029 864 2081; x_wconf 67' lang='grc' dir='ltr'>κα)⁸</span> <span class='ocrx_word' id='word_1_170' title='bbox 889 2028 1263 2091; x_wconf 84' lang='grc' dir='ltr'>κολακεύουσι,</span> <span class='ocrx_word' id='word_1_171' title='bbox 1293 2027 1381 2081; x_wconf 80' lang='grc' dir='ltr'>διὰ</span> <span class='ocrx_word' id='word_1_172' title='bbox 1400 2027 1460 2082; x_wconf 85' lang='grc' dir='ltr'>τὸ</span> <span class='ocrx_word' id='word_1_173' title='bbox 1487 2029 1561 2100; x_wconf 82' lang='grc' dir='ltr'>μὴ</span> <span class='ocrx_word' id='word_1_174' title='bbox 1592 2029 1847 2085; x_wconf 88' lang='grc' dir='ltr'>δύνασθαι</span> 
     </span>
    </p>
   </div>
   <div class='ocr_carea' id='block_1_22' title="bbox 173 2112 1849 2186">
    <p class='ocr_par' dir='ltr' id='par_1_22' title="bbox 173 2112 1849 2186">
     <span class='ocr_line' id='line_1_22' title="bbox 173 2112 1849 2186; baseline 0.001 -19"><span class='ocrx_word' id='word_1_175' title='bbox 173 2113 332 2186; x_wconf 68' lang='lat'>[391]</span> <span class='ocrx_word' id='word_1_176' title='bbox 381 2113 650 2180; x_wconf 79' lang='grc' dir='ltr'>καθελεῖν,</span> <span class='ocrx_word' id='word_1_177' title='bbox 687 2113 816 2166; x_wconf 77' lang='grc' dir='ltr'>ὅταν</span> <span class='ocrx_word' id='word_1_178' title='bbox 848 2112 906 2166; x_wconf 88' lang='grc' dir='ltr'>δέ</span> <span class='ocrx_word' id='word_1_179' title='bbox 965 2114 1144 2167; x_wconf 76' lang='grc' dir='ltr'>ἴδωσιν</span> <span class='ocrx_word' id='word_1_180' title='bbox 1179 2115 1258 2176; x_wconf 90' lang='grc' dir='ltr'>είς</span> <span class='ocrx_word' id='word_1_181' title='bbox 1300 2113 1605 2168; x_wconf 89' lang='grc' dir='ltr'>τούναντίον</span> <span class='ocrx_word' id='word_1_182' title='bbox 1635 2133 1849 2186; x_wconf 84' lang='grc' dir='ltr'>προχω-</span> 
     </span>
    </p>
   </div>
   <div class='ocr_carea' id='block_1_23' title="bbox 179 2200 1851 2273">
    <p class='ocr_par' dir='ltr' id='par_1_23' title="bbox 179 2200 1851 2273">
     <span class='ocr_line' id='line_1_23' title="bbox 179 2200 1851 2273; baseline 0.002 -19"><span class='ocrx_word' id='word_1_183' title='bbox 179 2202 379 2272; x_wconf 89' lang='grc' dir='ltr'>ροῦντα</span> <span class='ocrx_word' id='word_1_184' title='bbox 400 2201 608 2256; x_wconf 88' lang='grc' dir='ltr'>ἐκείνου</span> <span class='ocrx_word' id='word_1_185' title='bbox 627 2201 699 2255; x_wconf 83' lang='grc' dir='ltr'>τά</span> <span class='ocrx_word' id='word_1_186' title='bbox 719 2201 1039 2272; x_wconf 87' lang='grc' dir='ltr'>πράγματα,</span> <span class='ocrx_word' id='word_1_187' title='bbox 1064 2201 1162 2273; x_wconf 83' lang='grc' dir='ltr'>τὴν</span> <span class='ocrx_word' id='word_1_188' title='bbox 1188 2200 1304 2273; x_wconf 88' lang='grc' dir='ltr'>μεθ’</span> <span class='ocrx_word' id='word_1_189' title='bbox 1328 2202 1671 2273; x_wconf 83' lang='grc' dir='ltr'>ὑποκρίσεως</span> <span class='ocrx_word' id='word_1_190' title='bbox 1697 2205 1851 2272; x_wconf 84' lang='grc' dir='ltr'>ἀφέν-</span> 
     </span>
    </p>
   </div>
   <div class='ocr_carea' id='block_1_24' title="bbox 175 2288 1852 2362">
    <p class='ocr_par' dir='ltr' id='par_1_24' title="bbox 175 2288 1852 2362">
     <span class='ocr_line' id='line_1_24' title="bbox 175 2288 1852 2362; baseline 0.002 -22"><span class='ocrx_word' id='word_1_191' title='bbox 175 2305 270 2352; x_wconf 86' lang='grc' dir='ltr'>τες</span> <span class='ocrx_word' id='word_1_192' title='bbox 293 2289 458 2360; x_wconf 79' lang='grc' dir='ltr'>τιμήν</span> <span class='ocrx_word' id='word_1_193' title='bbox 484 2289 534 2342; x_wconf 87' lang='grc' dir='ltr'>οί</span> <span class='ocrx_word' id='word_1_194' title='bbox 558 2288 664 2359; x_wconf 82' lang='grc' dir='ltr'>πρὸ</span> <span class='ocrx_word' id='word_1_195' title='bbox 690 2288 886 2359; x_wconf 82' lang='grc' dir='ltr'>μικροῦ</span> <span class='ocrx_word' id='word_1_196' title='bbox 915 2288 1056 2357; x_wconf 85' lang='grc' dir='ltr'>φίλοι</span> <span class='ocrx_word' id='word_1_197' title='bbox 1081 2289 1364 2357; x_wconf 90' lang='grc' dir='ltr'>γεγόνασιν</span> <span class='ocrx_word' id='word_1_198' title='bbox 1389 2288 1648 2360; x_wconf 79' lang='grc' dir='ltr'>ἐξαίφνης</span> <span class='ocrx_word' id='word_1_199' title='bbox 1667 2291 1852 2362; x_wconf 71' lang='grc' dir='ltr'>ἐχθροὶ</span> 
     </span>
    </p>
   </div>
   <div class='ocr_carea' id='block_1_25' title="bbox 177 2375 1850 2447">
    <p class='ocr_par' dir='ltr' id='par_1_25' title="bbox 177 2375 1850 2447">
     <span class='ocr_line' id='line_1_25' title="bbox 177 2375 1850 2447; baseline 0.001 -18"><span class='ocrx_word' id='word_1_200' title='bbox 177 2377 276 2429; x_wconf 69' lang='grc' dir='ltr'>καὶ</span> <span class='ocrx_word' id='word_1_201' title='bbox 305 2376 570 2446; x_wconf 84' lang='grc' dir='ltr'>πολέμιοι,</span> <span class='ocrx_word' id='word_1_202' title='bbox 604 2377 698 2430; x_wconf 75' lang='grc' dir='ltr'>καὶ</span> <span class='ocrx_word' id='word_1_203' title='bbox 731 2376 910 2431; x_wconf 80' lang='grc' dir='ltr'>πάντα</span> <span class='ocrx_word' id='word_1_204' title='bbox 942 2375 1108 2429; x_wconf 88' lang='grc' dir='ltr'>αὐτοῦ</span> <span class='ocrx_word' id='word_1_205' title='bbox 1136 2376 1203 2429; x_wconf 79' lang='grc' dir='ltr'>τά</span> <span class='ocrx_word' id='word_1_206' title='bbox 1235 2375 1410 2447; x_wconf 84' lang='grc' dir='ltr'>σαθρὰ</span> <span class='ocrx_word' id='word_1_207' title='bbox 1435 2376 1850 2447; x_wconf 87' lang='grc' dir='ltr'>καταμαθόντες</span> 
     </span>
    </p>
   </div>
   <div class='ocr_carea' id='block_1_26' title="bbox 177 2456 1851 2536">
    <p class='ocr_par' dir='ltr' id='par_1_26' title="bbox 177 2456 1851 2536">
     <span class='ocr_line' id='line_1_26' title="bbox 177 2456 1851 2536; baseline 0.002 -21"><span class='ocrx_word' id='word_1_208' title='bbox 177 2463 513 2520; x_wconf 71' lang='grc' dir='ltr'>ἐπιτίθενται</span> <span class='ocrx_word' id='word_1_209' title='bbox 546 2456 916 2536; x_wconf 79' lang='grc' dir='ltr'>παραλύοντες</span> <span class='ocrx_word' id='word_1_210' title='bbox 949 2474 971 2502; x_wconf 74' lang='grc' dir='ltr'><strong>ο</strong></span> <span class='ocrx_word' id='word_1_211' title='bbox 1011 2464 1108 2534; x_wconf 83' lang='grc' dir='ltr'>τῆς</span> <span class='ocrx_word' id='word_1_212' title='bbox 1132 2463 1327 2534; x_wconf 81' lang='grc' dir='ltr'>ἀρχῆς·</span> <span class='ocrx_word' id='word_1_213' title='bbox 1364 2462 1508 2516; x_wconf 77' lang='grc' dir='ltr'>οὓτω</span> <span class='ocrx_word' id='word_1_214' title='bbox 1531 2464 1598 2535; x_wconf 84' lang='grc' dir='ltr'>δὴ</span> <span class='ocrx_word' id='word_1_215' title='bbox 1631 2467 1724 2518; x_wconf 75' lang='grc' dir='ltr'>καὶ</span> <span class='ocrx_word' id='word_1_216' title='bbox 1759 2466 1851 2519; x_wconf 76' lang='grc' dir='ltr'>ἐπὶ</span> 
     </span>
    </p>
   </div>
   <div class='ocr_carea' id='block_1_27' title="bbox 175 2550 1851 2625">
    <p class='ocr_par' dir='ltr' id='par_1_27' title="bbox 175 2550 1851 2625">
     <span class='ocr_line' id='line_1_27' title="bbox 175 2550 1851 2625; baseline -0.002 -18"><span class='ocrx_word' id='word_1_217' title='bbox 175 2555 289 2607; x_wconf 87' lang='grc' dir='ltr'>τῶν</span> <span class='ocrx_word' id='word_1_218' title='bbox 315 2554 506 2625; x_wconf 79' lang='grc' dir='ltr'>ἱερέων</span> <span class='ocrx_word' id='word_1_219' title='bbox 533 2554 583 2606; x_wconf 87' lang='grc' dir='ltr'>οί</span> <span class='ocrx_word' id='word_1_220' title='bbox 607 2553 716 2624; x_wconf 82' lang='grc' dir='ltr'>πρὸ</span> <span class='ocrx_word' id='word_1_221' title='bbox 737 2552 988 2624; x_wconf 87' lang='grc' dir='ltr'>βραχέος,</span> <span class='ocrx_word' id='word_1_222' title='bbox 1010 2551 1104 2604; x_wconf 82' lang='grc' dir='ltr'>καὶ</span> <span class='ocrx_word' id='word_1_223' title='bbox 1130 2550 1291 2622; x_wconf 85' lang='grc' dir='ltr'>ἡνίκα</span> <span class='ocrx_word' id='word_1_224' title='bbox 1313 2551 1558 2622; x_wconf 79' lang='grc' dir='ltr'>ἐκράτει,</span> <span class='ocrx_word' id='word_1_225' title='bbox 1585 2551 1851 2622; x_wconf 79' lang='grc' dir='ltr'>τιμῶντες</span> 
     </span>
    </p>
   </div>
   <div class='ocr_carea' id='block_1_28' title="bbox 173 2637 1851 2711">
    <p class='ocr_par' dir='ltr' id='par_1_28' title="bbox 173 2637 1851 2711">
     <span class='ocr_line' id='line_1_28' title="bbox 173 2637 1851 2711; baseline -0.001 -17"><span class='ocrx_word' id='word_1_226' title='bbox 173 2643 277 2694; x_wconf 81' lang='grc' dir='ltr'>καὶ</span> <span class='ocrx_word' id='word_1_227' title='bbox 309 2640 720 2711; x_wconf 77' lang='grc' dir='ltr'>θεραπεύοντες,</span> <span class='ocrx_word' id='word_1_228' title='bbox 760 2641 892 2693; x_wconf 81' lang='grc' dir='ltr'>ὅταν</span> <span class='ocrx_word' id='word_1_229' title='bbox 929 2639 1143 2710; x_wconf 67' lang='grc' dir='ltr'>«μικρὰν</span> <span class='ocrx_word' id='word_1_230' title='bbox 1179 2637 1382 2710; x_wconf 79' lang='grc' dir='ltr'>εὕρωσι</span> <span class='ocrx_word' id='word_1_231' title='bbox 1427 2639 1620 2710; x_wconf 79' lang='grc' dir='ltr'>λαϐὴν,</span> <span class='ocrx_word' id='word_1_232' title='bbox 1671 2657 1851 2708; x_wconf 89' lang='grc' dir='ltr'>παρα-</span> 
     </span>
    </p>
   </div>
   <div class='ocr_carea' id='block_1_29' title="bbox 179 2726 1850 2799">
    <p class='ocr_par' dir='ltr' id='par_1_29' title="bbox 179 2726 1850 2799">
     <span class='ocr_line' id='line_1_29' title="bbox 179 2726 1850 2799; baseline -0.002 -17"><span class='ocrx_word' id='word_1_233' title='bbox 179 2729 538 2792; x_wconf 79' lang='grc' dir='ltr'>σκευάζονται</span> <span class='ocrx_word' id='word_1_234' title='bbox 569 2727 834 2799; x_wconf 80' lang='grc' dir='ltr'>σφοδρῶς,</span> <span class='ocrx_word' id='word_1_235' title='bbox 859 2727 959 2796; x_wconf 90' lang='grc' dir='ltr'>οὐχ</span> <span class='ocrx_word' id='word_1_236' title='bbox 987 2727 1062 2789; x_wconf 87' lang='grc' dir='ltr'>ὡς</span> <span class='ocrx_word' id='word_1_237' title='bbox 1087 2727 1349 2796; x_wconf 89' lang='grc' dir='ltr'>τύραννον</span> <span class='ocrx_word' id='word_1_238' title='bbox 1383 2727 1564 2796; x_wconf 87' lang='grc' dir='ltr'>μόνον,</span> <span class='ocrx_word' id='word_1_239' title='bbox 1592 2727 1727 2779; x_wconf 90' lang='grc' dir='ltr'>ἀλλά</span> <span class='ocrx_word' id='word_1_240' title='bbox 1755 2726 1850 2780; x_wconf 81' lang='grc' dir='ltr'>καί</span> 
     </span>
    </p>
   </div>
   <div class='ocr_carea' id='block_1_30' title="bbox 177 2814 1853 2888">
    <p class='ocr_par' dir='ltr' id='par_1_30' title="bbox 177 2814 1853 2888">
     <span class='ocr_line' id='line_1_30' title="bbox 177 2814 1853 2888; baseline -0.002 -18"><span class='ocrx_word' id='word_1_241' title='bbox 177 2834 233 2870; x_wconf 86' lang='grc' dir='ltr'>τι</span> <span class='ocrx_word' id='word_1_242' title='bbox 251 2816 441 2869; x_wconf 89' lang='grc' dir='ltr'>τούτου</span> <span class='ocrx_word' id='word_1_243' title='bbox 466 2816 844 2888; x_wconf 75' lang='grc' dir='ltr'>χαλεπώτερον</span> <span class='ocrx_word' id='word_1_244' title='bbox 870 2815 1225 2886; x_wconf 78' lang='grc' dir='ltr'>καθαιρήσειν</span> <span class='ocrx_word' id='word_1_245' title='bbox 1285 2815 1586 2885; x_wconf 83' lang='grc' dir='ltr'>μέλλοντες.</span> <span class='ocrx_word' id='word_1_246' title='bbox 1614 2817 1724 2868; x_wconf 72' lang='grc' dir='ltr'>Καὶ</span> <span class='ocrx_word' id='word_1_247' title='bbox 1745 2814 1853 2868; x_wconf 84' lang='grc' dir='ltr'>ὦσ-</span> 
     </span>
    </p>
   </div>
   <div class='ocr_carea' id='block_1_31' title="bbox 179 2901 1854 2974">
    <p class='ocr_par' dir='ltr' id='par_1_31' title="bbox 179 2901 1854 2974">
     <span class='ocr_line' id='line_1_31' title="bbox 179 2901 1854 2974; baseline 0.001 -19"><span class='ocrx_word' id='word_1_248' title='bbox 179 2918 291 2973; x_wconf 85' lang='grc' dir='ltr'>περ</span> <span class='ocrx_word' id='word_1_249' title='bbox 322 2906 526 2967; x_wconf 86' lang='grc' dir='ltr'>ἐκεῖνος</span> <span class='ocrx_word' id='word_1_250' title='bbox 565 2905 692 2967; x_wconf 75' lang='grc' dir='ltr'>τοὺς</span> <span class='ocrx_word' id='word_1_251' title='bbox 727 2903 822 2957; x_wconf 87' lang='grc' dir='ltr'>τοῦ</span> <span class='ocrx_word' id='word_1_252' title='bbox 858 2902 1108 2974; x_wconf 80' lang='grc' dir='ltr'>σώματος</span> <span class='ocrx_word' id='word_1_253' title='bbox 1142 2901 1388 2972; x_wconf 85' lang='grc' dir='ltr'>φύλακας</span> <span class='ocrx_word' id='word_1_254' title='bbox 1422 2902 1677 2965; x_wconf 84' lang='grc' dir='ltr'>δέδοικεν,</span> <span class='ocrx_word' id='word_1_255' title='bbox 1712 2901 1854 2956; x_wconf 76' lang='grc' dir='ltr'>οὕτω</span> 
     </span>
    </p>
   </div>
   <div class='ocr_carea' id='block_1_32' title="bbox 182 2985 1855 3061">
    <p class='ocr_par' dir='ltr' id='par_1_32' title="bbox 182 2985 1855 3061">
     <span class='ocr_line' id='line_1_32' title="bbox 182 2985 1855 3061; baseline -0.003 -17"><span class='ocrx_word' id='word_1_256' title='bbox 182 2992 279 3044; x_wconf 75' lang='grc' dir='ltr'>καὶ</span> <span class='ocrx_word' id='word_1_257' title='bbox 329 2985 485 3054; x_wconf 77' lang='grc' dir='ltr'>οὗτος</span> <span class='ocrx_word' id='word_1_258' title='bbox 519 2993 648 3054; x_wconf 84' lang='grc' dir='ltr'>τοὺς</span> <span class='ocrx_word' id='word_1_259' title='bbox 691 2991 917 3061; x_wconf 88' lang='grc' dir='ltr'>πλησίον</span> <span class='ocrx_word' id='word_1_260' title='bbox 963 2990 1058 3043; x_wconf 75' lang='grc' dir='ltr'>καὶ</span> <span class='ocrx_word' id='word_1_261' title='bbox 1118 2989 1661 3060; x_wconf 83' lang='grc' dir='ltr'>συλλειτουργοῦντας</span> <span class='ocrx_word' id='word_1_262' title='bbox 1708 2987 1855 3059; x_wconf 80' lang='grc' dir='ltr'>αὐτῷ</span> 
     </span>
    </p>
   </div>
   <div class='ocr_carea' id='block_1_33' title="bbox 184 3075 1854 3150">
    <p class='ocr_par' dir='ltr' id='par_1_33' title="bbox 184 3075 1854 3150">
     <span class='ocr_line' id='line_1_33' title="bbox 184 3075 1854 3150; baseline -0.001 -18"><span class='ocrx_word' id='word_1_263' title='bbox 184 3081 420 3150; x_wconf 83' lang='grc' dir='ltr'>μάλιστα</span> <span class='ocrx_word' id='word_1_264' title='bbox 471 3080 688 3134; x_wconf 85' lang='grc' dir='ltr'>πάντων</span> <span class='ocrx_word' id='word_1_265' title='bbox 737 3079 952 3148; x_wconf 88' lang='grc' dir='ltr'>τρέμει.</span> <span class='ocrx_word' id='word_1_266' title='bbox 1010 3077 1147 3130; x_wconf 77' lang='grc' dir='ltr'>Οῦτε</span> <span class='ocrx_word' id='word_1_267' title='bbox 1187 3077 1294 3148; x_wconf 70' lang='grc' dir='ltr'>γάρ</span> <span class='ocrx_word' id='word_1_268' title='bbox 1325 3077 1502 3148; x_wconf 73' lang='grc' dir='ltr'>ἕτεροί</span> <span class='ocrx_word' id='word_1_269' title='bbox 1541 3094 1686 3140; x_wconf 90' lang='grc' dir='ltr'>τινες</span> <span class='ocrx_word' id='word_1_270' title='bbox 1713 3075 1854 3130; x_wconf 80' lang='grc' dir='ltr'>οὕτω</span> 
     </span>
    </p>
   </div>
   <div class='ocr_carea' id='block_1_34' title="bbox 180 3164 1856 3238">
    <p class='ocr_par' dir='ltr' id='par_1_34' title="bbox 180 3164 1856 3238">
     <span class='ocr_line' id='line_1_34' title="bbox 180 3164 1856 3238; baseline -0.003 -17"><span class='ocrx_word' id='word_1_271' title='bbox 180 3168 286 3236; x_wconf 77' lang='grc' dir='ltr'>τῆς</span> <span class='ocrx_word' id='word_1_272' title='bbox 309 3167 485 3238; x_wconf 80' lang='grc' dir='ltr'>ἀρχῆς</span> <span class='ocrx_word' id='word_1_273' title='bbox 514 3165 841 3236; x_wconf 89' lang='grc' dir='ltr'>ἐπιθυμοῦσι</span> <span class='ocrx_word' id='word_1_274' title='bbox 860 3167 958 3236; x_wconf 86' lang='grc' dir='ltr'>τῆς</span> <span class='ocrx_word' id='word_1_275' title='bbox 985 3166 1213 3224; x_wconf 87' lang='grc' dir='ltr'>ἐκείνου,</span> <span class='ocrx_word' id='word_1_276' title='bbox 1241 3166 1334 3217; x_wconf 75' lang='grc' dir='ltr'>καὶ</span> <span class='ocrx_word' id='word_1_277' title='bbox 1359 3164 1428 3217; x_wconf 82' lang='grc' dir='ltr'>τά</span> <span class='ocrx_word' id='word_1_278' title='bbox 1457 3164 1666 3217; x_wconf 84' lang='grc' dir='ltr'>ἐκείνου</span> <span class='ocrx_word' id='word_1_279' title='bbox 1699 3164 1856 3235; x_wconf 88' lang='grc' dir='ltr'>μάλι-</span> 
     </span>
    </p>
   </div>
   <div class='ocr_carea' id='block_1_35' title="bbox 185 3246 1855 3323">
    <p class='ocr_par' dir='ltr' id='par_1_35' title="bbox 185 3246 1855 3323">
     <span class='ocr_line' id='line_1_35' title="bbox 185 3246 1855 3323; baseline -0.002 -15"><span class='ocrx_word' id='word_1_280' title='bbox 185 3271 291 3308; x_wconf 87' lang='grc' dir='ltr'>στα</span> <span class='ocrx_word' id='word_1_281' title='bbox 317 3254 532 3307; x_wconf 88' lang='grc' dir='ltr'>πάντων</span> <span class='ocrx_word' id='word_1_282' title='bbox 572 3255 770 3319; x_wconf 78' lang='grc' dir='ltr'>ἴσασιν,</span> <span class='ocrx_word' id='word_1_283' title='bbox 800 3252 874 3315; x_wconf 82' lang='grc' dir='ltr'>ὡς</span> <span class='ocrx_word' id='word_1_284' title='bbox 909 3246 1076 3320; x_wconf 76' lang='grc' dir='ltr'>οὗτοι·</span> <span class='ocrx_word' id='word_1_285' title='bbox 1124 3251 1353 3320; x_wconf 88' lang='grc' dir='ltr'>ἐγγύθεν</span> <span class='ocrx_word' id='word_1_286' title='bbox 1391 3251 1500 3323; x_wconf 80' lang='grc' dir='ltr'>γὰρ</span> <span class='ocrx_word' id='word_1_287' title='bbox 1523 3252 1694 3316; x_wconf 79' lang='grc' dir='ltr'>ὄντες,</span> <span class='ocrx_word' id='word_1_288' title='bbox 1727 3251 1781 3303; x_wconf 85' lang='grc' dir='ltr'>εί</span> <span class='ocrx_word' id='word_1_289' title='bbox 1804 3269 1855 3305; x_wconf 86' lang='grc' dir='ltr'>τι</span> 
     </span>
    </p>
   </div>
   <div class='ocr_carea' id='block_1_36' title="bbox 179 3337 1856 3413">
    <p class='ocr_par' dir='ltr' id='par_1_36' title="bbox 179 3337 1856 3413">
     <span class='ocr_line' id='line_1_36' title="bbox 179 3337 1856 3413; baseline -0.001 -18"><span class='ocrx_word' id='word_1_290' title='bbox 179 3343 430 3413; x_wconf 83' lang='grc' dir='ltr'>συμϐαίη</span> <span class='ocrx_word' id='word_1_291' title='bbox 471 3342 700 3406; x_wconf 89' lang='grc' dir='ltr'>τοιοῦτο,</span> <span class='ocrx_word' id='word_1_292' title='bbox 749 3341 855 3411; x_wconf 83' lang='grc' dir='ltr'>πρὸ</span> <span class='ocrx_word' id='word_1_293' title='bbox 891 3339 999 3392; x_wconf 88' lang='grc' dir='ltr'>τῶν</span> <span class='ocrx_word' id='word_1_294' title='bbox 1019 3338 1202 3392; x_wconf 81' lang='grc' dir='ltr'>ἀλλων</span> <span class='ocrx_word' id='word_1_295' title='bbox 1247 3337 1614 3404; x_wconf 77' lang='grc' dir='ltr'>αἰσθάνονται,</span> <span class='ocrx_word' id='word_1_296' title='bbox 1647 3341 1740 3393; x_wconf 72' lang='grc' dir='ltr'>καὶ</span> <span class='ocrx_word' id='word_1_297' title='bbox 1765 3340 1856 3394; x_wconf 76' lang='grc' dir='ltr'>δύ-</span> 
     </span>
    </p>
   </div>
   <div class='ocr_carea' id='block_1_37' title="bbox 183 3425 1858 3499">
    <p class='ocr_par' dir='ltr' id='par_1_37' title="bbox 183 3425 1858 3499">
     <span class='ocr_line' id='line_1_37' title="bbox 183 3425 1858 3499; baseline -0.002 -15"><span class='ocrx_word' id='word_1_298' title='bbox 183 3430 354 3484; x_wconf 86' lang='grc' dir='ltr'>ναιντ’</span> <span class='ocrx_word' id='word_1_299' title='bbox 386 3429 452 3483; x_wconf 81' lang='grc' dir='ltr'>ἂν</span> <span class='ocrx_word' id='word_1_300' title='bbox 471 3427 710 3499; x_wconf 83' lang='grc' dir='ltr'>εὐχερῶς</span> <span class='ocrx_word' id='word_1_301' title='bbox 736 3429 831 3480; x_wconf 67' lang='grc' dir='ltr'>καὶ</span> <span class='ocrx_word' id='word_1_302' title='bbox 854 3425 1230 3489; x_wconf 86' lang='grc' dir='ltr'>διαϐάλλοντες</span> <span class='ocrx_word' id='word_1_303' title='bbox 1261 3426 1636 3496; x_wconf 82' lang='grc' dir='ltr'>πιστευθῆναι,</span> <span class='ocrx_word' id='word_1_304' title='bbox 1665 3428 1759 3481; x_wconf 72' lang='grc' dir='ltr'>καὶ</span> <span class='ocrx_word' id='word_1_305' title='bbox 1791 3428 1858 3481; x_wconf 76' lang='grc' dir='ltr'>τά</span> 
     </span>
    </p>
   </div>
   <div class='ocr_carea' id='block_1_38' title="bbox 189 3512 1858 3588">
    <p class='ocr_par' dir='ltr' id='par_1_38' title="bbox 189 3512 1858 3588">
     <span class='ocr_line' id='line_1_38' title="bbox 189 3512 1858 3588; baseline -0.002 -18"><span class='ocrx_word' id='word_1_306' title='bbox 189 3516 364 3588; x_wconf 86' lang='grc' dir='ltr'>μικρά</span> <span class='ocrx_word' id='word_1_307' title='bbox 391 3515 603 3586; x_wconf 87' lang='grc' dir='ltr'>μεγάλα</span> <span class='ocrx_word' id='word_1_308' title='bbox 641 3513 920 3575; x_wconf 87' lang='grc' dir='ltr'>ποιοῦντες</span> <span class='ocrx_word' id='word_1_309' title='bbox 945 3512 1035 3566; x_wconf 63' lang='grc' dir='ltr'>τὶν</span> <span class='ocrx_word' id='word_1_310' title='bbox 1069 3512 1573 3583; x_wconf 84' lang='grc' dir='ltr'>συκοφαντούμενον</span> <span class='ocrx_word' id='word_1_311' title='bbox 1597 3513 1758 3567; x_wconf 81' lang='grc' dir='ltr'>ἑλεῖν.</span> <span class='ocrx_word' id='word_1_312' title='bbox 1786 3515 1858 3568; x_wconf 85' lang='grc' dir='ltr'>Τὸ</span> 
     </span>
    </p>
   </div>
   <div class='ocr_carea' id='block_1_39' title="bbox 183 3599 1860 3675">
    <p class='ocr_par' dir='ltr' id='par_1_39' title="bbox 183 3599 1860 3675">
     <span class='ocr_line' id='line_1_39' title="bbox 183 3599 1860 3675; baseline -0.002 -17"><span class='ocrx_word' id='word_1_313' title='bbox 183 3605 296 3675; x_wconf 77' lang='grc' dir='ltr'>γάρ</span> <span class='ocrx_word' id='word_1_314' title='bbox 334 3601 686 3656; x_wconf 80' lang='grc' dir='ltr'>ἀποστολικὸν</span> <span class='ocrx_word' id='word_1_315' title='bbox 731 3602 909 3654; x_wconf 85' lang='grc' dir='ltr'>ἐκεῖνο</span> <span class='ocrx_word' id='word_1_316' title='bbox 955 3599 1105 3670; x_wconf 78' lang='grc' dir='ltr'>ῥῆμα</span> <span class='ocrx_word' id='word_1_317' title='bbox 1134 3599 1560 3670; x_wconf 87' lang='grc' dir='ltr'>ἀντέστραπται·</span> <span class='ocrx_word' id='word_1_318' title='bbox 1599 3601 1710 3654; x_wconf 79' lang='grc' dir='ltr'>Καὶ</span> <span class='ocrx_word' id='word_1_319' title='bbox 1740 3602 1860 3655; x_wconf 74' lang='grc' dir='ltr'>εἴτε</span> 
     </span>
    </p>
   </div>
   <div class='ocr_carea' id='block_1_40' title="bbox 186 3685 1860 3758">
    <p class='ocr_par' dir='ltr' id='par_1_40' title="bbox 186 3685 1860 3758">
     <span class='ocr_line' id='line_1_40' title="bbox 186 3685 1860 3758; baseline -0.001 -14"><span class='ocrx_word' id='word_1_320' title='bbox 186 3690 410 3758; x_wconf 79' lang='grc' dir='ltr'>πάσχει</span> <span class='ocrx_word' id='word_1_321' title='bbox 439 3688 509 3743; x_wconf 74' lang='grc' dir='ltr'>ἓν</span> <span class='ocrx_word' id='word_1_322' title='bbox 524 3688 734 3757; x_wconf 77' lang='grc' dir='ltr'>μέλος,</span> <span class='ocrx_word' id='word_1_323' title='bbox 768 3686 1120 3757; x_wconf 82' lang='grc' dir='ltr'>συμπάσχει</span> <span class='ocrx_word' id='word_1_324' title='bbox 1170 3685 1368 3740; x_wconf 79' lang='grc' dir='ltr'>πάντα</span> <span class='ocrx_word' id='word_1_325' title='bbox 1413 3687 1483 3740; x_wconf 80' lang='grc' dir='ltr'>τὰ</span> <span class='ocrx_word' id='word_1_326' title='bbox 1526 3688 1705 3756; x_wconf 76' lang='grc' dir='ltr'>μέλη·</span> <span class='ocrx_word' id='word_1_327' title='bbox 1740 3689 1860 3743; x_wconf 76' lang='grc' dir='ltr'>εἴτε</span> 
     </span>
    </p>
   </div>
   <div class='ocr_carea' id='block_1_41' title="bbox 183 3771 1861 3846">
    <p class='ocr_par' dir='ltr' id='par_1_41' title="bbox 183 3771 1861 3846">
     <span class='ocr_line' id='line_1_41' title="bbox 183 3771 1861 3846; baseline -0.003 -16"><span class='ocrx_word' id='word_1_328' title='bbox 183 3775 488 3842; x_wconf 71' lang='grc' dir='ltr'>δοξάζεται</span> <span class='ocrx_word' id='word_1_329' title='bbox 525 3775 596 3829; x_wconf 76' lang='grc' dir='ltr'>ἐν</span> <span class='ocrx_word' id='word_1_330' title='bbox 615 3774 826 3845; x_wconf 71' lang='grc' dir='ltr'>μέλος,</span> <span class='ocrx_word' id='word_1_331' title='bbox 849 3773 1163 3843; x_wconf 75' lang='grc' dir='ltr'>συγχαίρει</span> <span class='ocrx_word' id='word_1_332' title='bbox 1189 3771 1384 3826; x_wconf 76' lang='grc' dir='ltr'>πάντα</span> <span class='ocrx_word' id='word_1_333' title='bbox 1409 3774 1482 3826; x_wconf 82' lang='grc' dir='ltr'>τὰ</span> <span class='ocrx_word' id='word_1_334' title='bbox 1505 3774 1685 3842; x_wconf 79' lang='grc' dir='ltr'>μέλη·</span> <span class='ocrx_word' id='word_1_335' title='bbox 1721 3775 1861 3846; x_wconf 77' lang='grc' dir='ltr'>πλὴν</span> 
     </span>
    </p>
   </div>
   <div class='ocr_carea' id='block_1_42' title="bbox 187 3860 1864 3936">
    <p class='ocr_par' dir='ltr' id='par_1_42' title="bbox 187 3860 1864 3936">
     <span class='ocr_line' id='line_1_42' title="bbox 187 3860 1864 3936; baseline -0.002 -18"><span class='ocrx_word' id='word_1_336' title='bbox 187 3867 243 3918; x_wconf 77' lang='grc' dir='ltr'>εί</span> <span class='ocrx_word' id='word_1_337' title='bbox 261 3883 344 3928; x_wconf 87' lang='grc' dir='ltr'>τις</span> <span class='ocrx_word' id='word_1_338' title='bbox 373 3863 627 3936; x_wconf 81' lang='grc' dir='ltr'>εὐλαϐείᾳ</span> <span class='ocrx_word' id='word_1_339' title='bbox 655 3862 821 3934; x_wconf 82' lang='grc' dir='ltr'>πολλῇ</span> <span class='ocrx_word' id='word_1_340' title='bbox 851 3862 988 3932; x_wconf 75' lang='grc' dir='ltr'>πρὸς</span> <span class='ocrx_word' id='word_1_341' title='bbox 1009 3860 1226 3917; x_wconf 76' lang='grc' dir='ltr'>ᾶπαντα</span> <span class='ocrx_word' id='word_1_342' title='bbox 1252 3861 1440 3932; x_wconf 80' lang='grc' dir='ltr'>στῆναι</span> <span class='ocrx_word' id='word_1_343' title='bbox 1461 3860 1734 3932; x_wconf 85' lang='grc' dir='ltr'>δυνηθείη.</span> <span class='ocrx_word' id='word_1_344' title='bbox 1768 3863 1864 3927; x_wconf 86' lang='grc' dir='ltr'>Εἰς</span> 
     </span>
    </p>
   </div>
   <div class='ocr_carea' id='block_1_43' title="bbox 188 3947 1862 4022">
    <p class='ocr_par' dir='ltr' id='par_1_43' title="bbox 188 3947 1862 4022">
     <span class='ocr_line' id='line_1_43' title="bbox 188 3947 1862 4022; baseline -0.001 -18"><span class='ocrx_word' id='word_1_345' title='bbox 188 3951 441 4004; x_wconf 85' lang='grc' dir='ltr'>τοσοῦτον</span> <span class='ocrx_word' id='word_1_346' title='bbox 478 3947 568 4005; x_wconf 70' lang='grc' dir='ltr'>οὖν</span> <span class='ocrx_word' id='word_1_347' title='bbox 588 3952 734 4022; x_wconf 73' lang='grc' dir='ltr'>ἡμᾶς</span> <span class='ocrx_word' id='word_1_348' title='bbox 763 3949 1067 4020; x_wconf 85' lang='grc' dir='ltr'>ἐκπέμπεις</span> <span class='ocrx_word' id='word_1_349' title='bbox 1093 3949 1363 4018; x_wconf 89' lang='grc' dir='ltr'>πόλεμον;</span> <span class='ocrx_word' id='word_1_350' title='bbox 1391 3948 1484 4000; x_wconf 76' lang='grc' dir='ltr'>καὶ</span> <span class='ocrx_word' id='word_1_351' title='bbox 1517 3949 1653 4019; x_wconf 84' lang='grc' dir='ltr'>πρὸς</span> <span class='ocrx_word' id='word_1_352' title='bbox 1682 3949 1862 4020; x_wconf 87' lang='grc' dir='ltr'>μάχην</span> 
     </span>
    </p>
   </div>
   <div class='ocr_carea' id='block_1_44' title="bbox 188 4035 1862 4108">
    <p class='ocr_par' dir='ltr' id='par_1_44' title="bbox 188 4035 1862 4108">
     <span class='ocr_line' id='line_1_44' title="bbox 188 4035 1862 4108; baseline -0.002 -15"><span class='ocrx_word' id='word_1_353' title='bbox 188 4039 332 4093; x_wconf 78' lang='grc' dir='ltr'>οὕτω</span> <span class='ocrx_word' id='word_1_354' title='bbox 369 4040 462 4092; x_wconf 75' lang='grc' dir='ltr'>καὶ</span> <span class='ocrx_word' id='word_1_355' title='bbox 483 4038 730 4108; x_wconf 85' lang='grc' dir='ltr'>ποικίλην</span> <span class='ocrx_word' id='word_1_356' title='bbox 759 4037 851 4089; x_wconf 74' lang='grc' dir='ltr'>καὶ</span> <span class='ocrx_word' id='word_1_357' title='bbox 887 4036 1140 4106; x_wconf 85' lang='grc' dir='ltr'>πολυειδῆ</span> <span class='ocrx_word' id='word_1_358' title='bbox 1171 4036 1269 4106; x_wconf 83' lang='grc' dir='ltr'>τὴν</span> <span class='ocrx_word' id='word_1_359' title='bbox 1295 4035 1568 4106; x_wconf 82' lang='grc' dir='ltr'>ἡμετέραν</span> <span class='ocrx_word' id='word_1_360' title='bbox 1601 4035 1862 4106; x_wconf 82' lang='grc' dir='ltr'>ἐνόμισας</span> 
     </span>
    </p>
   </div>
   <div class='ocr_carea' id='block_1_45' title="bbox 189 4120 1862 4194">
    <p class='ocr_par' dir='ltr' id='par_1_45' title="bbox 189 4120 1862 4194">
     <span class='ocr_line' id='line_1_45' title="bbox 189 4120 1862 4194; baseline -0.001 -15"><span class='ocrx_word' id='word_1_361' title='bbox 189 4126 446 4194; x_wconf 77' lang='grc' dir='ltr'>ἀρκέσειν</span> <span class='ocrx_word' id='word_1_362' title='bbox 477 4125 503 4163; x_wconf 78' lang='grc' dir='ltr'>ιι</span> <span class='ocrx_word' id='word_1_363' title='bbox 530 4124 743 4194; x_wconf 76' lang='grc' dir='ltr'>ψυχήνς</span> <span class='ocrx_word' id='word_1_364' title='bbox 769 4121 940 4175; x_wconf 82' lang='grc' dir='ltr'>Πόθεν</span> <span class='ocrx_word' id='word_1_365' title='bbox 961 4122 1054 4176; x_wconf 73' lang='grc' dir='ltr'>καὶ</span> <span class='ocrx_word' id='word_1_366' title='bbox 1084 4122 1233 4194; x_wconf 86' lang='grc' dir='ltr'>παρά</span> <span class='ocrx_word' id='word_1_367' title='bbox 1253 4122 1398 4185; x_wconf 90' lang='grc' dir='ltr'>τίνος</span> <span class='ocrx_word' id='word_1_368' title='bbox 1426 4120 1643 4192; x_wconf 83' lang='grc' dir='ltr'>μαθών;</span> <span class='ocrx_word' id='word_1_369' title='bbox 1674 4123 1738 4176; x_wconf 88' lang='grc' dir='ltr'>Εἰ</span> <span class='ocrx_word' id='word_1_370' title='bbox 1765 4124 1862 4194; x_wconf 86' lang='grc' dir='ltr'>μέν</span> 
     </span>
    </p>
   </div>
   <div class='ocr_carea' id='block_1_46' title="bbox 190 4208 1864 4284">
    <p class='ocr_par' dir='ltr' id='par_1_46' title="bbox 190 4208 1864 4284">
     <span class='ocr_line' id='line_1_46' title="bbox 190 4208 1864 4284; baseline -0.001 -18"><span class='ocrx_word' id='word_1_371' title='bbox 190 4213 300 4284; x_wconf 79' lang='grc' dir='ltr'>γάρ</span> <span class='ocrx_word' id='word_1_372' title='bbox 330 4214 360 4264; x_wconf 87' lang='grc' dir='ltr'>ὁ</span> <span class='ocrx_word' id='word_1_373' title='bbox 385 4211 516 4274; x_wconf 80' lang='grc' dir='ltr'>Θεὸς</span> <span class='ocrx_word' id='word_1_374' title='bbox 549 4208 809 4281; x_wconf 86' lang='grc' dir='ltr'>ἐγνώρισε</span> <span class='ocrx_word' id='word_1_375' title='bbox 834 4208 1014 4274; x_wconf 90' lang='grc' dir='ltr'>τοῦτο,</span> <span class='ocrx_word' id='word_1_376' title='bbox 1043 4208 1310 4273; x_wconf 81' lang='grc' dir='ltr'>ἐπίδειξον</span> <span class='ocrx_word' id='word_1_377' title='bbox 1343 4209 1436 4262; x_wconf 80' lang='grc' dir='ltr'>τὸν</span> <span class='ocrx_word' id='word_1_378' title='bbox 1472 4211 1739 4281; x_wconf 82' lang='grc' dir='ltr'>χρησμὸν,</span> <span class='ocrx_word' id='word_1_379' title='bbox 1772 4213 1864 4265; x_wconf 78' lang='grc' dir='ltr'>καὶ</span> 
     </span>
    </p>
   </div>
   <div class='ocr_carea' id='block_1_47' title="bbox 191 4296 1862 4370">
    <p class='ocr_par' dir='ltr' id='par_1_47' title="bbox 191 4296 1862 4370">
     <span class='ocr_line' id='line_1_47' title="bbox 191 4296 1862 4370; baseline -0.001 -16"><span class='ocrx_word' id='word_1_380' title='bbox 191 4300 470 4370; x_wconf 76' lang='grc' dir='ltr'>πείθομαι·</span> <span class='ocrx_word' id='word_1_381' title='bbox 508 4299 556 4350; x_wconf 83' lang='grc' dir='ltr'>εξ</span> <span class='ocrx_word' id='word_1_382' title='bbox 593 4297 650 4350; x_wconf 87' lang='grc' dir='ltr'>δέ</span> <span class='ocrx_word' id='word_1_383' title='bbox 685 4298 788 4351; x_wconf 90' lang='grc' dir='ltr'>οὐκ</span> <span class='ocrx_word' id='word_1_384' title='bbox 829 4296 994 4366; x_wconf 68' lang='grc' dir='ltr'>ἔχεις,</span> <span class='ocrx_word' id='word_1_385' title='bbox 1041 4296 1154 4350; x_wconf 89' lang='grc' dir='ltr'>ἀλλ’</span> <span class='ocrx_word' id='word_1_386' title='bbox 1189 4297 1296 4350; x_wconf 85' lang='grc' dir='ltr'>ἀπὸ</span> <span class='ocrx_word' id='word_1_387' title='bbox 1321 4297 1479 4368; x_wconf 80' lang='grc' dir='ltr'>δόξης</span> <span class='ocrx_word' id='word_1_388' title='bbox 1507 4298 1862 4370; x_wconf 79' lang='grc' dir='ltr'>ἀνθρωπίνης</span> 
     </span>
    </p>
   </div>
   <div class='ocr_carea' id='block_1_48' title="bbox 183 4382 1861 4457">
    <p class='ocr_par' dir='ltr' id='par_1_48' title="bbox 183 4382 1861 4457">
     <span class='ocr_line' id='line_1_48' title="bbox 183 4382 1861 4457; baseline 0.001 -20"><span class='ocrx_word' id='word_1_389' title='bbox 183 4387 384 4457; x_wconf 66' lang='grc' dir='ltr'>φέρεις</span> <span class='ocrx_word' id='word_1_390' title='bbox 423 4385 520 4456; x_wconf 80' lang='grc' dir='ltr'>τὴν</span> <span class='ocrx_word' id='word_1_391' title='bbox 563 4384 778 4455; x_wconf 76' lang='grc' dir='ltr'>ψῆφον,</span> <span class='ocrx_word' id='word_1_392' title='bbox 823 4382 1169 4452; x_wconf 88' lang='grc' dir='ltr'>ἀπαλλάγηθί</span> <span class='ocrx_word' id='word_1_393' title='bbox 1225 4400 1356 4436; x_wconf 89' lang='grc' dir='ltr'>ποτε</span> <span class='ocrx_word' id='word_1_394' title='bbox 1417 4384 1861 4455; x_wconf 77' lang='grc' dir='ltr'>ἐξαπατώμενος.</span> 
     </span>
    </p>
   </div>
   <div class='ocr_carea' id='block_1_49' title="bbox 207 4470 1865 4542">
    <p class='ocr_par' dir='ltr' id='par_1_49' title="bbox 207 4470 1865 4542">
     <span class='ocr_line' id='line_1_49' title="bbox 207 4470 1865 4542; baseline -0.001 -16"><span class='ocrx_word' id='word_1_395' title='bbox 207 4473 376 4542; x_wconf 86' lang='grc' dir='ltr'>Ὑπέρ</span> <span class='ocrx_word' id='word_1_396' title='bbox 406 4473 513 4541; x_wconf 76' lang='grc' dir='ltr'>γὰρ</span> <span class='ocrx_word' id='word_1_397' title='bbox 535 4472 645 4524; x_wconf 84' lang='grc' dir='ltr'>τῶν</span> <span class='ocrx_word' id='word_1_398' title='bbox 675 4470 959 4542; x_wconf 82' lang='grc' dir='ltr'>ἡμετέρων</span> <span class='ocrx_word' id='word_1_399' title='bbox 991 4471 1124 4540; x_wconf 83' lang='grc' dir='ltr'>ήμῖν</span> <span class='ocrx_word' id='word_1_400' title='bbox 1153 4470 1352 4540; x_wconf 83' lang='grc' dir='ltr'>μᾶλλον</span> <span class='ocrx_word' id='word_1_401' title='bbox 1372 4472 1406 4542; x_wconf 85' lang='grc' dir='ltr'>ἢ</span> <span class='ocrx_word' id='word_1_402' title='bbox 1439 4471 1645 4542; x_wconf 77' lang='grc' dir='ltr'>ἑτέροις</span> <span class='ocrx_word' id='word_1_403' title='bbox 1679 4471 1865 4524; x_wconf 89' lang='grc' dir='ltr'>πείθε-</span> 
     </span>
    </p>
   </div>
   <div class='ocr_carea' id='block_1_50' title="bbox 182 4555 1862 4628">
    <p class='ocr_par' dir='ltr' id='par_1_50' title="bbox 182 4555 1862 4628">
     <span class='ocr_line' id='line_1_50' title="bbox 182 4555 1862 4628; baseline -0.001 -15"><span class='ocrx_word' id='word_1_404' title='bbox 182 4560 322 4614; x_wconf 66' lang='grc' dir='ltr'>σθαι</span> <span class='ocrx_word' id='word_1_405' title='bbox 355 4560 582 4612; x_wconf 83' lang='grc' dir='ltr'>δίκαιον·</span> <span class='ocrx_word' id='word_1_406' title='bbox 619 4558 806 4628; x_wconf 84' lang='grc' dir='ltr'>ἐπειδὴ</span> <span class='ocrx_word' id='word_1_407' title='bbox 854 4557 930 4610; x_wconf 85' lang='grc' dir='ltr'><em>Τὰ</em></span> <span class='ocrx_word' id='word_1_408' title='bbox 958 4556 1066 4611; x_wconf 84' lang='grc' dir='ltr'>τοῦ</span> <span class='ocrx_word' id='word_1_409' title='bbox 1095 4556 1410 4625; x_wconf 78' lang='grc' dir='ltr'>ἀνθρώπου</span> <span class='ocrx_word' id='word_1_410' title='bbox 1440 4558 1641 4624; x_wconf 76' lang='grc' dir='ltr'>οὐδεὶς</span> <span class='ocrx_word' id='word_1_411' title='bbox 1677 4555 1862 4622; x_wconf 79' lang='grc' dir='ltr'>οἶδεν,</span> 
     </span>
    </p>
   </div>
   <div class='ocr_carea' id='block_1_51' title="bbox 185 4642 1865 4716">
    <p class='ocr_par' dir='ltr' id='par_1_51' title="bbox 185 4642 1865 4716">
     <span class='ocr_line' id='line_1_51' title="bbox 185 4642 1865 4716; baseline -0.001 -16"><span class='ocrx_word' id='word_1_412' title='bbox 185 4645 347 4714; x_wconf 79' lang='grc' dir='ltr'>εἰμὴ</span> <span class='ocrx_word' id='word_1_413' title='bbox 371 4646 438 4698; x_wconf 86' lang='grc' dir='ltr'>τὸ</span> <span class='ocrx_word' id='word_1_414' title='bbox 463 4645 698 4713; x_wconf 77' lang='grc' dir='ltr'>πνεῦμα</span> <span class='ocrx_word' id='word_1_415' title='bbox 719 4644 826 4699; x_wconf 84' lang='grc' dir='ltr'>τοῦ</span> <span class='ocrx_word' id='word_1_416' title='bbox 855 4642 1169 4712; x_wconf 80' lang='grc' dir='ltr'>ἀνθρώπου</span> <span class='ocrx_word' id='word_1_417' title='bbox 1199 4643 1263 4697; x_wconf 84' lang='grc' dir='ltr'>τὸ</span> <span class='ocrx_word' id='word_1_418' title='bbox 1287 4644 1357 4698; x_wconf 82' lang='grc' dir='ltr'>ἐν</span> <span class='ocrx_word' id='word_1_419' title='bbox 1385 4643 1563 4710; x_wconf 82' lang='grc' dir='ltr'>αὐτῷ.</span> <span class='ocrx_word' id='word_1_420' title='bbox 1595 4647 1719 4699; x_wconf 72' lang='grc' dir='ltr'>Ὀτι</span> <span class='ocrx_word' id='word_1_421' title='bbox 1754 4646 1865 4716; x_wconf 78' lang='grc' dir='ltr'>γὰρ</span> 
     </span>
    </p>
   </div>
   <div class='ocr_carea' id='block_1_52' title="bbox 181 4730 1861 4805">
    <p class='ocr_par' dir='ltr' id='par_1_52' title="bbox 181 4730 1861 4805">
     <span class='ocr_line' id='line_1_52' title="bbox 181 4730 1861 4805; baseline 0.001 -20"><span class='ocrx_word' id='word_1_422' title='bbox 181 4733 289 4786; x_wconf 68' lang='grc' dir='ltr'>-καὶ</span> <span class='ocrx_word' id='word_1_423' title='bbox 318 4733 467 4805; x_wconf 75' lang='grc' dir='ltr'>ἡμᾶς</span> <span class='ocrx_word' id='word_1_424' title='bbox 501 4731 696 4794; x_wconf 73' lang='grc' dir='ltr'>αὐτοὺς</span> <span class='ocrx_word' id='word_1_425' title='bbox 723 4731 819 4784; x_wconf 73' lang='grc' dir='ltr'>καὶ</span> <span class='ocrx_word' id='word_1_426' title='bbox 857 4730 985 4792; x_wconf 76' lang='grc' dir='ltr'>τοὺς</span> <span class='ocrx_word' id='word_1_427' title='bbox 1013 4731 1303 4801; x_wconf 80' lang='grc' dir='ltr'>ἑλομένους</span> <span class='ocrx_word' id='word_1_428' title='bbox 1328 4732 1768 4800; x_wconf 75' lang='grc' dir='ltr'>καταγελάστους</span> <span class='ocrx_word' id='word_1_429' title='bbox 1795 4735 1861 4787; x_wconf 79' lang='grc' dir='ltr'>ἂν</span> 
     </span>
    </p>
   </div>
   <div class='ocr_carea' id='block_1_53' title="bbox 196 4817 1868 4890">
    <p class='ocr_par' dir='ltr' id='par_1_53' title="bbox 196 4817 1868 4890">
     <span class='ocr_line' id='line_1_53' title="bbox 196 4817 1868 4890; baseline 0.001 -18"><span class='ocrx_word' id='word_1_430' title='bbox 196 4822 550 4890; x_wconf 80' lang='grc' dir='ltr'>ἐποιήσαμεν,</span> <span class='ocrx_word' id='word_1_431' title='bbox 575 4819 780 4888; x_wconf 86' lang='grc' dir='ltr'>ταύτην</span> <span class='ocrx_word' id='word_1_432' title='bbox 807 4817 1089 4888; x_wconf 83' lang='grc' dir='ltr'>δεξάμενοι</span> <span class='ocrx_word' id='word_1_433' title='bbox 1111 4817 1209 4888; x_wconf 81' lang='grc' dir='ltr'>τὴν</span> <span class='ocrx_word' id='word_1_434' title='bbox 1235 4818 1429 4888; x_wconf 77' lang='grc' dir='ltr'>ἀρχὴν,</span> <span class='ocrx_word' id='word_1_435' title='bbox 1457 4819 1549 4871; x_wconf 75' lang='grc' dir='ltr'>καὶ</span> <span class='ocrx_word' id='word_1_436' title='bbox 1579 4820 1716 4890; x_wconf 88' lang='grc' dir='ltr'>μετά</span> <span class='ocrx_word' id='word_1_437' title='bbox 1739 4821 1868 4874; x_wconf 91' lang='grc' dir='ltr'>πολ-</span> 
     </span>
    </p>
   </div>
   <div class='ocr_carea' id='block_1_54' title="bbox 194 4901 1866 4979">
    <p class='ocr_par' dir='ltr' id='par_1_54' title="bbox 194 4901 1866 4979">
     <span class='ocr_line' id='line_1_54' title="bbox 194 4901 1866 4979; baseline 0.001 -20"><span class='ocrx_word' id='word_1_438' title='bbox 194 4905 294 4976; x_wconf 84' lang='grc' dir='ltr'>λῆς</span> <span class='ocrx_word' id='word_1_439' title='bbox 322 4906 421 4974; x_wconf 79' lang='grc' dir='ltr'>τῆς</span> <span class='ocrx_word' id='word_1_440' title='bbox 451 4904 654 4974; x_wconf 83' lang='grc' dir='ltr'>ζημίας</span> <span class='ocrx_word' id='word_1_441' title='bbox 686 4904 764 4966; x_wconf 80' lang='grc' dir='ltr'>είς</span> <span class='ocrx_word' id='word_1_442' title='bbox 789 4903 992 4972; x_wconf 81' lang='grc' dir='ltr'>ταύτην</span> <span class='ocrx_word' id='word_1_443' title='bbox 1013 4901 1078 4955; x_wconf 82' lang='grc' dir='ltr'>ἂν</span> <span class='ocrx_word' id='word_1_444' title='bbox 1103 4904 1480 4974; x_wconf 88' lang='grc' dir='ltr'>ἐπανήλθομεν</span> <span class='ocrx_word' id='word_1_445' title='bbox 1501 4904 1594 4958; x_wconf 89' lang='grc' dir='ltr'>τοῦ</span> <span class='ocrx_word' id='word_1_446' title='bbox 1623 4905 1738 4975; x_wconf 91' lang='grc' dir='ltr'>βίου</span> <span class='ocrx_word' id='word_1_447' title='bbox 1765 4908 1866 4979; x_wconf 81' lang='grc' dir='ltr'>τὴν</span> 
     </span>
    </p>
   </div>
   <div class='ocr_carea' id='block_1_55' title="bbox 198 4985 1864 5065">
    <p class='ocr_par' dir='ltr' id='par_1_55' title="bbox 198 4985 1864 5065">
     <span class='ocr_line' id='line_1_55' title="bbox 198 4985 1864 5065; baseline 0.001 -20"><span class='ocrx_word' id='word_1_448' title='bbox 198 4993 551 5057; x_wconf 84' lang='grc' dir='ltr'>κατάστασιν,</span> <span class='ocrx_word' id='word_1_449' title='bbox 587 4993 644 5044; x_wconf 88' lang='grc' dir='ltr'>ἐν</span> <span class='ocrx_word' id='word_1_450' title='bbox 738 4991 832 5042; x_wconf 68' lang='grc' dir='ltr'>καὶ</span> <span class='ocrx_word' id='word_1_451' title='bbox 877 4988 972 5043; x_wconf 90' lang='grc' dir='ltr'>νῦν</span> <span class='ocrx_word' id='word_1_452' title='bbox 1019 4991 1208 5060; x_wconf 87' lang='grc' dir='ltr'>ἐσμεν,</span> <span class='ocrx_word' id='word_1_453' title='bbox 1245 4991 1294 5044; x_wconf 80' lang='grc' dir='ltr'>εί</span> <span class='ocrx_word' id='word_1_454' title='bbox 1326 4991 1422 5044; x_wconf 76' lang='grc' dir='ltr'>καὶ</span> <span class='ocrx_word' id='word_1_455' title='bbox 1465 4993 1537 5063; x_wconf 82' lang='grc' dir='ltr'>μὴ</span> <span class='ocrx_word' id='word_1_456' title='bbox 1580 4995 1864 5065; x_wconf 81' lang='grc' dir='ltr'>πρότερον,</span> 
     </span>
    </p>
   </div>
   <div class='ocr_carea' id='block_1_56' title="bbox 196 5073 1865 5150">
    <p class='ocr_par' dir='ltr' id='par_1_56' title="bbox 196 5073 1865 5150">
     <span class='ocr_line' id='line_1_56' title="bbox 196 5073 1865 5150; baseline 0.001 -15"><span class='ocrx_word' id='word_1_457' title='bbox 196 5080 333 5135; x_wconf 79' lang='grc' dir='ltr'>ἀλλά</span> <span class='ocrx_word' id='word_1_458' title='bbox 362 5078 456 5131; x_wconf 90' lang='grc' dir='ltr'>νῦν</span> <span class='ocrx_word' id='word_1_459' title='bbox 480 5096 538 5131; x_wconf 87' lang='grc' dir='ltr'>σε</span> <span class='ocrx_word' id='word_1_460' title='bbox 566 5078 775 5141; x_wconf 89' lang='grc' dir='ltr'>τούτοις</span> <span class='ocrx_word' id='word_1_461' title='bbox 793 5073 947 5148; x_wconf 78' lang='grc' dir='ltr'>οἶμαι</span> <span class='ocrx_word' id='word_1_462' title='bbox 981 5079 1298 5132; x_wconf 89' lang='grc' dir='ltr'>πεπεικέναι</span> <span class='ocrx_word' id='word_1_463' title='bbox 1325 5081 1439 5143; x_wconf 87' lang='grc' dir='ltr'>τοῖς</span> <span class='ocrx_word' id='word_1_464' title='bbox 1471 5083 1730 5150; x_wconf 77' lang='grc' dir='ltr'>ῥήμασιν.</span> <span class='ocrx_word' id='word_1_465' title='bbox 1757 5084 1865 5136; x_wconf 84' lang='grc' dir='ltr'>Οὐ-</span> 
     </span>
    </p>
   </div>
   <div class='ocr_carea' id='block_1_57' title="bbox 197 5164 1866 5239">
    <p class='ocr_par' dir='ltr' id='par_1_57' title="bbox 197 5164 1866 5239">
     <span class='ocr_line' id='line_1_57' title="bbox 197 5164 1866 5239; baseline 0.002 -19"><span class='ocrx_word' id='word_1_466' title='bbox 197 5167 257 5220; x_wconf 77' lang='grc' dir='ltr'>δὲ</span> <span class='ocrx_word' id='word_1_467' title='bbox 284 5167 390 5236; x_wconf 74' lang='grc' dir='ltr'>γάρ</span> <span class='ocrx_word' id='word_1_468' title='bbox 420 5165 686 5235; x_wconf 84' lang='grc' dir='ltr'>βασκανία</span> <span class='ocrx_word' id='word_1_469' title='bbox 719 5164 899 5235; x_wconf 88' lang='grc' dir='ltr'>μόνον,</span> <span class='ocrx_word' id='word_1_470' title='bbox 932 5164 1066 5218; x_wconf 87' lang='grc' dir='ltr'>ἀλλά</span> <span class='ocrx_word' id='word_1_471' title='bbox 1100 5164 1278 5235; x_wconf 85' lang='grc' dir='ltr'>πολλῷ</span> <span class='ocrx_word' id='word_1_472' title='bbox 1310 5167 1402 5220; x_wconf 73' lang='grc' dir='ltr'>καὶ</span> <span class='ocrx_word' id='word_1_473' title='bbox 1438 5168 1535 5238; x_wconf 80' lang='grc' dir='ltr'>τῆς</span> <span class='ocrx_word' id='word_1_474' title='bbox 1569 5168 1866 5239; x_wconf 85' lang='grc' dir='ltr'>βασκανίας</span> 
     </span>
    </p>
   </div>
   <div class='ocr_carea' id='block_1_58' title="bbox 201 5251 1867 5324">
    <p class='ocr_par' dir='ltr' id='par_1_58' title="bbox 201 5251 1867 5324">
     <span class='ocr_line' id='line_1_58' title="bbox 201 5251 1867 5324; baseline 0.002 -18"><span class='ocrx_word' id='word_1_475' title='bbox 201 5253 578 5324; x_wconf 79' lang='grc' dir='ltr'>σφοδρότερον,</span> <span class='ocrx_word' id='word_1_476' title='bbox 604 5252 751 5324; x_wconf 82' lang='grc' dir='ltr'>ήτῆς</span> <span class='ocrx_word' id='word_1_477' title='bbox 770 5252 941 5323; x_wconf 78' lang='grc' dir='ltr'>ἀρχῆς</span> <span class='ocrx_word' id='word_1_478' title='bbox 966 5251 1168 5324; x_wconf 88' lang='grc' dir='ltr'>ταύτης</span> <span class='ocrx_word' id='word_1_479' title='bbox 1197 5253 1458 5324; x_wconf 89' lang='grc' dir='ltr'>ἐπιθυμία</span> <span class='ocrx_word' id='word_1_480' title='bbox 1487 5257 1614 5318; x_wconf 83' lang='grc' dir='ltr'>τοὺς</span> <span class='ocrx_word' id='word_1_481' title='bbox 1637 5256 1867 5320; x_wconf 77' lang='grc' dir='ltr'>πολλοὺς</span> 
     </span>
    </p>
   </div>
   <div class='ocr_carea' id='block_1_59' title="bbox 258 5418 891 5476">
    <p class='ocr_par' dir='ltr' id='par_1_59' title="bbox 258 5418 891 5476">
     <span class='ocr_line' id='line_1_59' title="bbox 258 5418 891 5476; baseline 0.002 -8"><span class='ocrx_word' id='word_1_482' title='bbox 258 5418 276 5441; x_wconf 88' lang='grc'><strong><em>⁸</em></strong></span> <span class='ocrx_word' id='word_1_483' title='bbox 302 5421 399 5469; x_wconf 76' lang='lat' dir='ltr'>Alii</span> <span class='ocrx_word' id='word_1_484' title='bbox 421 5420 580 5476; x_wconf 66' lang='grc' dir='ltr'>αὐτόν,</span> <span class='ocrx_word' id='word_1_485' title='bbox 601 5420 683 5469; x_wconf 70' lang='grc' dir='ltr'>αιὶἰ</span> <span class='ocrx_word' id='word_1_486' title='bbox 709 5419 891 5476; x_wconf 83' lang='grc' dir='ltr'>αὐτούς.</span> 
     </span>
    </p>
   </div>
   <div class='ocr_carea' id='block_1_60' title="bbox 261 5479 1143 5543">
    <p class='ocr_par' dir='ltr' id='par_1_60' title="bbox 261 5479 1143 5543">
     <span class='ocr_line' id='line_1_60' title="bbox 261 5479 1143 5543; baseline 0.003 -16"><span class='ocrx_word' id='word_1_487' title='bbox 261 5479 292 5520; x_wconf 72' lang='grc' dir='ltr'>ιι</span> <span class='ocrx_word' id='word_1_488' title='bbox 316 5480 411 5543; x_wconf 60' lang='grc' dir='ltr'><strong>ᾼξὶἱ</strong></span> <span class='ocrx_word' id='word_1_489' title='bbox 436 5483 724 5543; x_wconf 66' lang='grc' dir='ltr'>οἰκονομίαν,</span> <span class='ocrx_word' id='word_1_490' title='bbox 747 5484 828 5530; x_wconf 74' lang='lat' dir='ltr'><strong>alii</strong></span> <span class='ocrx_word' id='word_1_491' title='bbox 853 5483 1143 5542; x_wconf 71' lang='grc' dir='ltr'>οἰκοδομίαν.</span> 
     </span>
    </p>
   </div>
   <div class='ocr_carea' id='block_1_61' title="bbox 263 5541 1379 5608">
    <p class='ocr_par' dir='ltr' id='par_1_61' title="bbox 263 5541 1379 5608">
     <span class='ocr_line' id='line_1_61' title="bbox 263 5541 1379 5608; baseline 0.001 -18"><span class='ocrx_word' id='word_1_492' title='bbox 263 5545 288 5608; x_wconf 63' lang='grc' dir='ltr'>ξ</span> <span class='ocrx_word' id='word_1_493' title='bbox 320 5541 522 5608; x_wconf 62' lang='grc' dir='ltr'>ξ’ίμτῇηιί</span> <span class='ocrx_word' id='word_1_494' title='bbox 545 5541 662 5608; x_wconf 60' lang='grc' dir='ltr'>[ιιέιεἒ</span> <span class='ocrx_word' id='word_1_495' title='bbox 671 5544 949 5608; x_wconf 70' lang='grc' dir='ltr'>ἐπιτίθενται</span> <span class='ocrx_word' id='word_1_496' title='bbox 972 5541 1048 5608; x_wconf 59' lang='grc' dir='ltr'>καὶ</span> <span class='ocrx_word' id='word_1_497' title='bbox 1073 5544 1379 5608; x_wconf 82' lang='grc' dir='ltr'>παραλύουσι.</span> 
     </span>
    </p>
   </div>
   <div class='ocr_carea' id='block_1_62' title="bbox 210 5601 1865 5682">
    <p class='ocr_par' dir='ltr' id='par_1_62' title="bbox 210 5601 1865 5682">
     <span class='ocr_line' id='line_1_62' title="bbox 210 5601 1865 5682; baseline 0.003 -30"><span class='ocrx_word' id='word_1_498' title='bbox 210 5601 608 5682; x_wconf 21' lang='grc' dir='ltr'>ηειῆΑιὶἱάρκεῖν.</span> <span class='ocrx_word' id='word_1_499' title='bbox 648 5603 768 5652; x_wconf 82' lang='lat' dir='ltr'><strong>Ibid.</strong></span> <span class='ocrx_word' id='word_1_500' title='bbox 806 5605 958 5665; x_wconf 73' lang='lat' dir='ltr'>aliqui</span> <span class='ocrx_word' id='word_1_501' title='bbox 989 5607 1028 5652; x_wconf 80' lang='grc' dir='ltr'>εί</span> <span class='ocrx_word' id='word_1_502' title='bbox 1065 5601 1256 5668; x_wconf 74' lang='grc' dir='ltr'>μὲνγὰρ</span> <span class='ocrx_word' id='word_1_503' title='bbox 1279 5606 1397 5661; x_wconf 81' lang='grc' dir='ltr'>Θεὸς</span> <span class='ocrx_word' id='word_1_504' title='bbox 1419 5605 1562 5654; x_wconf 85' lang='grc' dir='ltr'>τοῦτο</span> <span class='ocrx_word' id='word_1_505' title='bbox 1602 5607 1865 5670; x_wconf 78' lang='grc' dir='ltr'>ἀνήγγειλε,</span> 
     </span>
    </p>
   </div>
   <div class='ocr_carea' id='block_1_63' title="bbox 203 5681 320 5714">
    <p class='ocr_par' dir='ltr' id='par_1_63' title="bbox 203 5681 320 5714">
     <span class='ocr_line' id='line_1_63' title="bbox 203 5681 320 5714; baseline -0.026 0"><span class='ocrx_word' id='word_1_506' title='bbox 203 5681 320 5714; x_wconf 71' lang='grc' dir='ltr'>ιπιο.</span> 
     </span>
    </p>
   </div>
   <div class='ocr_carea' id='block_1_64' title="bbox 1439 171 2332 233">
    <p class='ocr_par' dir='ltr' id='par_1_64' title="bbox 1439 171 2332 233">
     <span class='ocr_line' id='line_1_64' title="bbox 1439 171 2332 233; baseline 0.008 -8"><span class='ocrx_word' id='word_1_507' title='bbox 1439 171 1530 227; x_wconf 83' lang='lat' dir='ltr'><strong>DE</strong></span> <span class='ocrx_word' id='word_1_508' title='bbox 1573 171 2025 230; x_wconf 70' lang='lat' dir='ltr'>SACERDOTIO.</span> <span class='ocrx_word' id='word_1_509' title='bbox 2067 174 2200 233; x_wconf 68' lang='grc' dir='ltr'>[ΛΒ.</span> <span class='ocrx_word' id='word_1_510' title='bbox 2236 178 2332 232; x_wconf 64' lang='grc'><strong>111.</strong></span> 
     </span>
    </p>
   </div>
   <div class='ocr_carea' id='block_1_65' title="bbox 3491 175 3601 232">
    <p class='ocr_par' dir='ltr' id='par_1_65' title="bbox 3491 175 3601 232">
     <span class='ocr_line' id='line_1_65' title="bbox 3491 175 3601 232; baseline 0 0"><span class='ocrx_word' id='word_1_511' title='bbox 3491 175 3601 232; x_wconf 67' lang='lat'><strong>653</strong></span> 
     </span>
    </p>
   </div>
   <div class='ocr_carea' id='block_1_66' title="bbox 1941 289 3603 362">
    <p class='ocr_par' dir='ltr' id='par_1_66' title="bbox 1941 289 3603 362">
     <span class='ocr_line' id='line_1_66' title="bbox 1941 289 3603 362; baseline 0.001 -21"><span class='ocrx_word' id='word_1_512' title='bbox 1941 289 2180 356; x_wconf 82' lang='grc' dir='ltr'>ὁπλίζειν</span> <span class='ocrx_word' id='word_1_513' title='bbox 2212 291 2367 345; x_wconf 75' lang='grc' dir='ltr'>εἴωθε</span> <span class='ocrx_word' id='word_1_514' title='bbox 2404 293 2544 346; x_wconf 84' lang='grc' dir='ltr'>κατά</span> <span class='ocrx_word' id='word_1_515' title='bbox 2579 291 2671 346; x_wconf 87' lang='grc' dir='ltr'>τοῦ</span> <span class='ocrx_word' id='word_1_516' title='bbox 2706 292 2909 362; x_wconf 88' lang='grc' dir='ltr'>ταύτην</span> <span class='ocrx_word' id='word_1_517' title='bbox 2948 291 3182 362; x_wconf 73' lang='grc' dir='ltr'>ἔχοντος.</span> <span class='ocrx_word' id='word_1_518' title='bbox 3213 291 3324 344; x_wconf 68' lang='grc' dir='ltr'>Καὶ</span> <span class='ocrx_word' id='word_1_519' title='bbox 3354 290 3603 362; x_wconf 81' lang='grc' dir='ltr'>καθάπερ</span> 
     </span>
    </p>
   </div>
   <div class='ocr_carea' id='block_1_67' title="bbox 1935 366 3602 442">
    <p class='ocr_par' dir='ltr' id='par_1_67' title="bbox 1935 366 3602 442">
     <span class='ocr_line' id='line_1_67' title="bbox 1935 366 3602 442; baseline -0.001 -20"><span class='ocrx_word' id='word_1_520' title='bbox 1935 370 1983 422; x_wconf 88' lang='grc' dir='ltr'>οί</span> <span class='ocrx_word' id='word_1_521' title='bbox 2026 371 2281 440; x_wconf 81' lang='grc' dir='ltr'>φίλαρχοι</span> <span class='ocrx_word' id='word_1_522' title='bbox 2322 382 2345 409; x_wconf 78' lang='grc' dir='ltr'><strong>θ</strong></span> <span class='ocrx_word' id='word_1_523' title='bbox 2379 372 2486 424; x_wconf 88' lang='grc' dir='ltr'>τῶν</span> <span class='ocrx_word' id='word_1_524' title='bbox 2527 371 2730 426; x_wconf 88' lang='grc' dir='ltr'>παίδων</span> <span class='ocrx_word' id='word_1_525' title='bbox 2763 372 3082 442; x_wconf 81' lang='grc' dir='ltr'>βαρύνονται</span> <span class='ocrx_word' id='word_1_526' title='bbox 3121 369 3180 424; x_wconf 80' lang='grc' dir='ltr'>τὸ</span> <span class='ocrx_word' id='word_1_527' title='bbox 3213 370 3320 422; x_wconf 88' lang='grc' dir='ltr'>τῶν</span> <span class='ocrx_word' id='word_1_528' title='bbox 3354 366 3602 439; x_wconf 80' lang='grc' dir='ltr'>πατέρων</span> 
     </span>
    </p>
   </div>
   <div class='ocr_carea' id='block_1_68' title="bbox 1937 448 3602 518">
    <p class='ocr_par' dir='ltr' id='par_1_68' title="bbox 1937 448 3602 518">
     <span class='ocr_line' id='line_1_68' title="bbox 1937 448 3602 518; baseline -0.004 -14"><span class='ocrx_word' id='word_1_529' title='bbox 1937 449 2132 518; x_wconf 72' lang='grc' dir='ltr'>γῆρας,</span> <span class='ocrx_word' id='word_1_530' title='bbox 2159 449 2302 503; x_wconf 87' lang='grc' dir='ltr'>οῦτω</span> <span class='ocrx_word' id='word_1_531' title='bbox 2335 451 2428 503; x_wconf 83' lang='grc' dir='ltr'>καὶ</span> <span class='ocrx_word' id='word_1_532' title='bbox 2455 451 2660 503; x_wconf 84' lang='grc' dir='ltr'>τούτων</span> <span class='ocrx_word' id='word_1_533' title='bbox 2697 451 2861 515; x_wconf 81' lang='grc' dir='ltr'>τινὲς,</span> <span class='ocrx_word' id='word_1_534' title='bbox 2895 451 3023 505; x_wconf 80' lang='grc' dir='ltr'>ὅταν</span> <span class='ocrx_word' id='word_1_535' title='bbox 3054 449 3235 502; x_wconf 82' lang='grc' dir='ltr'>ἴδωσιν</span> <span class='ocrx_word' id='word_1_536' title='bbox 3275 449 3354 512; x_wconf 84' lang='grc' dir='ltr'>είς</span> <span class='ocrx_word' id='word_1_537' title='bbox 3394 448 3602 518; x_wconf 72' lang='grc' dir='ltr'>μακρὸν</span> 
     </span>
    </p>
   </div>
   <div class='ocr_carea' id='block_1_69' title="bbox 1941 528 3606 600">
    <p class='ocr_par' dir='ltr' id='par_1_69' title="bbox 1941 528 3606 600">
     <span class='ocr_line' id='line_1_69' title="bbox 1941 528 3606 600; baseline 0.001 -20"><span class='ocrx_word' id='word_1_538' title='bbox 1941 529 2345 597; x_wconf 82' lang='grc' dir='ltr'>παραταθεῖσαν</span> <span class='ocrx_word' id='word_1_539' title='bbox 2369 531 2466 599; x_wconf 80' lang='grc' dir='ltr'>τὴν</span> <span class='ocrx_word' id='word_1_540' title='bbox 2491 529 2792 600; x_wconf 86' lang='grc' dir='ltr'>ἱερωσύνην</span> <span class='ocrx_word' id='word_1_541' title='bbox 2820 531 3030 600; x_wconf 85' lang='grc' dir='ltr'>χρόνον,</span> <span class='ocrx_word' id='word_1_542' title='bbox 3063 529 3247 598; x_wconf 86' lang='grc' dir='ltr'>ἐπειδὴ</span> <span class='ocrx_word' id='word_1_543' title='bbox 3275 528 3484 581; x_wconf 84' lang='grc' dir='ltr'>ἀνελεῖν</span> <span class='ocrx_word' id='word_1_544' title='bbox 3499 528 3606 581; x_wconf 87' lang='grc' dir='ltr'>οὐκ</span> 
     </span>
    </p>
   </div>
   <div class='ocr_carea' id='block_1_70' title="bbox 1939 607 3604 681">
    <p class='ocr_par' dir='ltr' id='par_1_70' title="bbox 1939 607 3604 681">
     <span class='ocr_line' id='line_1_70' title="bbox 1939 607 3604 681; baseline 0.001 -22"><span class='ocrx_word' id='word_1_545' title='bbox 1939 607 2152 674; x_wconf 82' lang='grc' dir='ltr'>εὐαγὲς,</span> <span class='ocrx_word' id='word_1_546' title='bbox 2177 609 2486 681; x_wconf 80' lang='grc' dir='ltr'>παραλῦσαι</span> <span class='ocrx_word' id='word_1_547' title='bbox 2522 609 2841 664; x_wconf 86' lang='grc' dir='ltr'>σπεύδουσιν</span> <span class='ocrx_word' id='word_1_548' title='bbox 2868 610 3029 664; x_wconf 78' lang='grc' dir='ltr'>αὐτὸν</span> <span class='ocrx_word' id='word_1_549' title='bbox 3061 611 3159 679; x_wconf 79' lang='grc' dir='ltr'>τῆς</span> <span class='ocrx_word' id='word_1_550' title='bbox 3191 611 3382 679; x_wconf 83' lang='grc' dir='ltr'>ἀρχῆς,</span> <span class='ocrx_word' id='word_1_551' title='bbox 3403 607 3604 671; x_wconf 82' lang='grc' dir='ltr'>πάντες</span> 
     </span>
    </p>
   </div>
   <div class='ocr_carea' id='block_1_71' title="bbox 1940 687 3606 760">
    <p class='ocr_par' dir='ltr' id='par_1_71' title="bbox 1940 687 3606 760">
     <span class='ocr_line' id='line_1_71' title="bbox 1940 687 3606 760; baseline 0 -20"><span class='ocrx_word' id='word_1_552' title='bbox 1940 687 2052 740; x_wconf 81' lang='grc' dir='ltr'>ἀντ’</span> <span class='ocrx_word' id='word_1_553' title='bbox 2084 687 2291 741; x_wconf 89' lang='grc' dir='ltr'>ἐκείνου</span> <span class='ocrx_word' id='word_1_554' title='bbox 2318 689 2568 756; x_wconf 86' lang='grc' dir='ltr'>γενέσθαι</span> <span class='ocrx_word' id='word_1_555' title='bbox 2593 689 3003 760; x_wconf 81' lang='grc' dir='ltr'>ἐπιθυμοῦντες.</span> <span class='ocrx_word' id='word_1_556' title='bbox 3028 692 3122 743; x_wconf 74' lang='grc' dir='ltr'>καὶ</span> <span class='ocrx_word' id='word_1_557' title='bbox 3141 690 3230 751; x_wconf 51' lang='grc' dir='ltr'>πείς</span> <span class='ocrx_word' id='word_1_558' title='bbox 3257 688 3446 741; x_wconf 83' lang='grc' dir='ltr'>ἐαυτὸν</span> <span class='ocrx_word' id='word_1_559' title='bbox 3475 688 3606 739; x_wconf 74' lang='grc' dir='ltr'>ἐκα-</span> 
     </span>
    </p>
   </div>
   <div class='ocr_carea' id='block_1_72' title="bbox 1944 767 3331 840">
    <p class='ocr_par' dir='ltr' id='par_1_72' title="bbox 1944 767 3331 840">
     <span class='ocr_line' id='line_1_72' title="bbox 1944 767 3331 840; baseline 0 -21"><span class='ocrx_word' id='word_1_560' title='bbox 1944 782 2066 828; x_wconf 89' lang='grc' dir='ltr'>στος</span> <span class='ocrx_word' id='word_1_561' title='bbox 2097 769 2521 835; x_wconf 84' lang='grc' dir='ltr'>μεταπεσεῖσθαι</span> <span class='ocrx_word' id='word_1_562' title='bbox 2557 768 2655 838; x_wconf 86' lang='grc' dir='ltr'>τὴν</span> <span class='ocrx_word' id='word_1_563' title='bbox 2694 769 2867 840; x_wconf 78' lang='grc' dir='ltr'>ἀρχὴν</span> <span class='ocrx_word' id='word_1_564' title='bbox 2906 767 3331 838; x_wconf 86' lang='grc' dir='ltr'>προσδοκῶντες.</span> 
     </span>
    </p>
   </div>
   <div class='ocr_carea' id='block_1_73' title="bbox 2015 845 3605 919">
    <p class='ocr_par' dir='ltr' id='par_1_73' title="bbox 2015 845 3605 919">
     <span class='ocr_line' id='line_1_73' title="bbox 2015 845 3605 919; baseline 0.001 -23"><span class='ocrx_word' id='word_1_565' title='bbox 2015 851 2092 899; x_wconf 88' lang='grc' dir='ltr'>ιε’.</span> <span class='ocrx_word' id='word_1_566' title='bbox 2129 845 2313 898; x_wconf 84' lang='grc' dir='ltr'>Βούλει</span> <span class='ocrx_word' id='word_1_567' title='bbox 2343 864 2423 899; x_wconf 91' lang='grc' dir='ltr'>σοι</span> <span class='ocrx_word' id='word_1_568' title='bbox 2457 849 2553 900; x_wconf 67' lang='grc' dir='ltr'>καὶ</span> <span class='ocrx_word' id='word_1_569' title='bbox 2588 849 2771 919; x_wconf 77' lang='grc' dir='ltr'>ἕτερον</span> <span class='ocrx_word' id='word_1_570' title='bbox 2801 848 3046 910; x_wconf 78' lang='grc' dir='ltr'>ἐπιδείξω</span> <span class='ocrx_word' id='word_1_571' title='bbox 3072 847 3273 915; x_wconf 87' lang='grc' dir='ltr'>ταύτης</span> <span class='ocrx_word' id='word_1_572' title='bbox 3299 847 3399 914; x_wconf 83' lang='grc' dir='ltr'>τῆς</span> <span class='ocrx_word' id='word_1_573' title='bbox 3429 845 3605 915; x_wconf 84' lang='grc' dir='ltr'>μάχης</span> 
     </span>
    </p>
   </div>
   <div class='ocr_carea' id='block_1_74' title="bbox 1941 919 3607 998">
    <p class='ocr_par' dir='ltr' id='par_1_74' title="bbox 1941 919 3607 998">
     <span class='ocr_line' id='line_1_74' title="bbox 1941 919 3607 998; baseline -0.001 -21"><span class='ocrx_word' id='word_1_574' title='bbox 1941 919 2098 998; x_wconf 77' lang='grc' dir='ltr'>εἶδος,</span> <span class='ocrx_word' id='word_1_575' title='bbox 2143 926 2350 996; x_wconf 85' lang='grc' dir='ltr'>μυρίων</span> <span class='ocrx_word' id='word_1_576' title='bbox 2395 927 2845 998; x_wconf 84' lang='grc' dir='ltr'>ἐμπεπλησμένον</span> <span class='ocrx_word' id='word_1_577' title='bbox 2887 926 3178 989; x_wconf 76' lang='grc' dir='ltr'>κινδύνωνς</span> <span class='ocrx_word' id='word_1_578' title='bbox 3225 925 3328 978; x_wconf 84' lang='grc' dir='ltr'>Ἴθι</span> <span class='ocrx_word' id='word_1_579' title='bbox 3375 925 3460 996; x_wconf 81' lang='grc' dir='ltr'>δὴ,</span> <span class='ocrx_word' id='word_1_580' title='bbox 3512 925 3607 977; x_wconf 70' lang='grc' dir='ltr'>καὶ</span> 
     </span>
    </p>
   </div>
   <div class='ocr_carea' id='block_1_75' title="bbox 1941 1000 3607 1078">
    <p class='ocr_par' dir='ltr' id='par_1_75' title="bbox 1941 1000 3607 1078">
     <span class='ocr_line' id='line_1_75' title="bbox 1941 1000 3607 1078; baseline 0 -22"><span class='ocrx_word' id='word_1_581' title='bbox 1941 1003 2197 1074; x_wconf 74' lang='grc' dir='ltr'>διάκυψον</span> <span class='ocrx_word' id='word_1_582' title='bbox 2222 1006 2302 1068; x_wconf 82' lang='grc' dir='ltr'>εἰς</span> <span class='ocrx_word' id='word_1_583' title='bbox 2326 1004 2425 1068; x_wconf 73' lang='grc' dir='ltr'>τὰς</span> <span class='ocrx_word' id='word_1_584' title='bbox 2452 1007 2764 1078; x_wconf 74' lang='grc' dir='ltr'>δημοτελεῖς</span> <span class='ocrx_word' id='word_1_585' title='bbox 2791 1007 3004 1077; x_wconf 77' lang='grc' dir='ltr'>ἑορτὰς,</span> <span class='ocrx_word' id='word_1_586' title='bbox 3041 1008 3101 1058; x_wconf 90' lang='grc' dir='ltr'>ἐν</span> <span class='ocrx_word' id='word_1_587' title='bbox 3125 1000 3212 1068; x_wconf 77' lang='grc' dir='ltr'>αἶς</span> <span class='ocrx_word' id='word_1_588' title='bbox 3239 1005 3470 1074; x_wconf 85' lang='grc' dir='ltr'>μάλιστα</span> <span class='ocrx_word' id='word_1_589' title='bbox 3496 1003 3607 1056; x_wconf 85' lang='grc' dir='ltr'>τῶν</span> 
     </span>
    </p>
   </div>
   <div class='ocr_carea' id='block_1_76' title="bbox 1942 1084 3606 1158">
    <p class='ocr_par' dir='ltr' id='par_1_76' title="bbox 1942 1084 3606 1158">
     <span class='ocr_line' id='line_1_76' title="bbox 1942 1084 3606 1158; baseline 0.001 -23"><span class='ocrx_word' id='word_1_590' title='bbox 1942 1084 2408 1152; x_wconf 87' lang='grc' dir='ltr'>ἐκκλησιαστικῶν</span> <span class='ocrx_word' id='word_1_591' title='bbox 2450 1085 2632 1158; x_wconf 88' lang='grc' dir='ltr'>ἀρχῶν</span> <span class='ocrx_word' id='word_1_592' title='bbox 2669 1085 2769 1150; x_wconf 86' lang='grc' dir='ltr'>τὰς</span> <span class='ocrx_word' id='word_1_593' title='bbox 2814 1085 3048 1156; x_wconf 76' lang='grc' dir='ltr'>αἱρέσεις</span> <span class='ocrx_word' id='word_1_594' title='bbox 3095 1084 3362 1138; x_wconf 83' lang='grc' dir='ltr'>ποιεῖσθαι</span> <span class='ocrx_word' id='word_1_595' title='bbox 3415 1084 3606 1152; x_wconf 82' lang='grc' dir='ltr'>νόμος·</span> 
     </span>
    </p>
   </div>
   <div class='ocr_carea' id='block_1_77' title="bbox 1943 1160 3608 1235">
    <p class='ocr_par' dir='ltr' id='par_1_77' title="bbox 1943 1160 3608 1235">
     <span class='ocr_line' id='line_1_77' title="bbox 1943 1160 3608 1235; baseline -0.001 -22"><span class='ocrx_word' id='word_1_596' title='bbox 1943 1160 2038 1214; x_wconf 78' lang='grc' dir='ltr'>καὶ</span> <span class='ocrx_word' id='word_1_597' title='bbox 2070 1161 2360 1224; x_wconf 87' lang='grc' dir='ltr'>τοσαύταις</span> <span class='ocrx_word' id='word_1_598' title='bbox 2395 1163 2513 1232; x_wconf 69' lang='grc' dir='ltr'>ὄψει</span> <span class='ocrx_word' id='word_1_599' title='bbox 2555 1164 2910 1235; x_wconf 86' lang='grc' dir='ltr'>κατηγορίαις</span> <span class='ocrx_word' id='word_1_600' title='bbox 2952 1163 3043 1216; x_wconf 79' lang='grc' dir='ltr'>τὸν</span> <span class='ocrx_word' id='word_1_601' title='bbox 3077 1163 3224 1232; x_wconf 83' lang='grc' dir='ltr'>ἱερέα</span> <span class='ocrx_word' id='word_1_602' title='bbox 3261 1161 3608 1232; x_wconf 85' lang='grc' dir='ltr'>βαλλόμενον,</span> 
     </span>
    </p>
   </div>
   <div class='ocr_carea' id='block_1_78' title="bbox 1943 1237 3612 1310">
    <p class='ocr_par' dir='ltr' id='par_1_78' title="bbox 1943 1237 3612 1310">
     <span class='ocr_line' id='line_1_78' title="bbox 1943 1237 3612 1310; baseline 0 -19"><span class='ocrx_word' id='word_1_603' title='bbox 1943 1237 2066 1292; x_wconf 79' lang='grc' dir='ltr'>ὅσον</span> <span class='ocrx_word' id='word_1_604' title='bbox 2093 1239 2202 1293; x_wconf 89' lang='grc' dir='ltr'>τῶν</span> <span class='ocrx_word' id='word_1_605' title='bbox 2226 1241 2538 1310; x_wconf 82' lang='grc' dir='ltr'>ἀρχομένων</span> <span class='ocrx_word' id='word_1_606' title='bbox 2565 1243 2625 1294; x_wconf 87' lang='grc' dir='ltr'>τὸ</span> <span class='ocrx_word' id='word_1_607' title='bbox 2654 1241 2854 1310; x_wconf 84' lang='grc' dir='ltr'>πλῆθός</span> <span class='ocrx_word' id='word_1_608' title='bbox 2876 1244 3012 1294; x_wconf 89' lang='grc' dir='ltr'>ἐστι.</span> <span class='ocrx_word' id='word_1_609' title='bbox 3041 1240 3250 1303; x_wconf 86' lang='grc' dir='ltr'>Πάντες</span> <span class='ocrx_word' id='word_1_610' title='bbox 3281 1239 3389 1308; x_wconf 84' lang='grc' dir='ltr'>γὰρ</span> <span class='ocrx_word' id='word_1_611' title='bbox 3420 1241 3469 1292; x_wconf 76' lang='grc' dir='ltr'>οἱ</span> <span class='ocrx_word' id='word_1_612' title='bbox 3491 1239 3612 1292; x_wconf 85' lang='grc' dir='ltr'>δοῦ-</span> 
     </span>
    </p>
   </div>
   <div class='ocr_carea' id='block_1_79' title="bbox 1944 1315 3614 1390">
    <p class='ocr_par' dir='ltr' id='par_1_79' title="bbox 1944 1315 3614 1390">
     <span class='ocr_line' id='line_1_79' title="bbox 1944 1315 3614 1390; baseline -0.001 -20"><span class='ocrx_word' id='word_1_613' title='bbox 1944 1334 2029 1371; x_wconf 89' lang='grc' dir='ltr'>ναι</span> <span class='ocrx_word' id='word_1_614' title='bbox 2061 1318 2236 1388; x_wconf 87' lang='grc' dir='ltr'>κύριοι</span> <span class='ocrx_word' id='word_1_615' title='bbox 2262 1319 2360 1389; x_wconf 84' lang='grc' dir='ltr'>τὴν</span> <span class='ocrx_word' id='word_1_616' title='bbox 2389 1319 2553 1390; x_wconf 84' lang='grc' dir='ltr'>τιμὴν</span> <span class='ocrx_word' id='word_1_617' title='bbox 2582 1321 2660 1384; x_wconf 79' lang='grc' dir='ltr'>εἰς</span> <span class='ocrx_word' id='word_1_618' title='bbox 2688 1319 2861 1373; x_wconf 84' lang='grc' dir='ltr'>πολλά</span> <span class='ocrx_word' id='word_1_619' title='bbox 2877 1319 2998 1373; x_wconf 88' lang='grc' dir='ltr'>τότε</span> <span class='ocrx_word' id='word_1_620' title='bbox 3031 1319 3301 1389; x_wconf 83' lang='grc' dir='ltr'>σχίζονται</span> <span class='ocrx_word' id='word_1_621' title='bbox 3328 1318 3489 1389; x_wconf 80' lang='grc' dir='ltr'>μέρη,</span> <span class='ocrx_word' id='word_1_622' title='bbox 3517 1315 3614 1368; x_wconf 73' lang='grc' dir='ltr'>καὶ</span> 
     </span>
    </p>
   </div>
   <div class='ocr_carea' id='block_1_80' title="bbox 1943 1393 3617 1468">
    <p class='ocr_par' dir='ltr' id='par_1_80' title="bbox 1943 1393 3617 1468">
     <span class='ocr_line' id='line_1_80' title="bbox 1943 1393 3617 1468; baseline -0.002 -20"><span class='ocrx_word' id='word_1_623' title='bbox 1943 1394 2064 1448; x_wconf 74' lang='grc' dir='ltr'>οὐτε</span> <span class='ocrx_word' id='word_1_624' title='bbox 2106 1396 2242 1466; x_wconf 76' lang='grc' dir='ltr'>πρὸς</span> <span class='ocrx_word' id='word_1_625' title='bbox 2281 1395 2563 1468; x_wconf 85' lang='grc' dir='ltr'>ἀλλήλους,</span> <span class='ocrx_word' id='word_1_626' title='bbox 2600 1397 2722 1450; x_wconf 85' lang='grc' dir='ltr'>οὐτε</span> <span class='ocrx_word' id='word_1_627' title='bbox 2753 1398 2888 1468; x_wconf 77' lang='grc' dir='ltr'>πρὸς</span> <span class='ocrx_word' id='word_1_628' title='bbox 2915 1397 3078 1451; x_wconf 81' lang='grc' dir='ltr'>αὐτὸν</span> <span class='ocrx_word' id='word_1_629' title='bbox 3109 1398 3200 1450; x_wconf 83' lang='grc' dir='ltr'>τὸν</span> <span class='ocrx_word' id='word_1_630' title='bbox 3233 1396 3471 1466; x_wconf 29' lang='grc' dir='ltr'>’λαχόντα</span> <span class='ocrx_word' id='word_1_631' title='bbox 3511 1393 3617 1464; x_wconf 69' lang='grc' dir='ltr'>τὴν</span> 
     </span>
    </p>
   </div>
   <div class='ocr_carea' id='block_1_81' title="bbox 1945 1473 3612 1548">
    <p class='ocr_par' dir='ltr' id='par_1_81' title="bbox 1945 1473 3612 1548">
     <span class='ocr_line' id='line_1_81' title="bbox 1945 1473 3612 1548; baseline 0.001 -23"><span class='ocrx_word' id='word_1_632' title='bbox 1945 1474 2270 1544; x_wconf 80' lang='grc' dir='ltr'>ἐπισκοπὴν,</span> <span class='ocrx_word' id='word_1_633' title='bbox 2305 1475 2366 1528; x_wconf 87' lang='grc' dir='ltr'>τὸ</span> <span class='ocrx_word' id='word_1_634' title='bbox 2407 1474 2514 1528; x_wconf 90' lang='grc' dir='ltr'>τῶν</span> <span class='ocrx_word' id='word_1_635' title='bbox 2553 1476 2702 1548; x_wconf 79' lang='grc'>[595]</span> <span class='ocrx_word' id='word_1_636' title='bbox 2744 1476 3130 1546; x_wconf 83' lang='grc' dir='ltr'>πρεσϐυτέρων</span> <span class='ocrx_word' id='word_1_637' title='bbox 3167 1473 3440 1546; x_wconf 86' lang='grc' dir='ltr'>συνέδριον</span> <span class='ocrx_word' id='word_1_638' title='bbox 3479 1475 3612 1542; x_wconf 65' lang='grc' dir='ltr'>ὁμορ-</span> 
     </span>
    </p>
   </div>
   <div class='ocr_carea' id='block_1_82' title="bbox 1945 1551 3615 1620">
    <p class='ocr_par' dir='ltr' id='par_1_82' title="bbox 1945 1551 3615 1620">
     <span class='ocr_line' id='line_1_82' title="bbox 1945 1551 3615 1620; baseline 0.002 -19"><span class='ocrx_word' id='word_1_639' title='bbox 1945 1551 2254 1619; x_wconf 88' lang='grc' dir='ltr'>γνωμονοῦν</span> <span class='ocrx_word' id='word_1_640' title='bbox 2287 1552 2384 1606; x_wconf 73' lang='grc' dir='ltr'>ἴδοι</span> <span class='ocrx_word' id='word_1_641' title='bbox 2408 1570 2494 1618; x_wconf 88' lang='grc' dir='ltr'>τις</span> <span class='ocrx_word' id='word_1_642' title='bbox 2527 1555 2611 1607; x_wconf 85' lang='grc' dir='ltr'>ἀν·</span> <span class='ocrx_word' id='word_1_643' title='bbox 2649 1554 2761 1607; x_wconf 85' lang='grc' dir='ltr'>ἀλλ’</span> <span class='ocrx_word' id='word_1_644' title='bbox 2791 1554 3022 1618; x_wconf 75' lang='grc' dir='ltr'>ἕκαστος</span> <span class='ocrx_word' id='word_1_645' title='bbox 3061 1553 3186 1607; x_wconf 81' lang='grc' dir='ltr'>καθ’</span> <span class='ocrx_word' id='word_1_646' title='bbox 3214 1553 3406 1606; x_wconf 81' lang='grc' dir='ltr'>ἐαυτὸν</span> <span class='ocrx_word' id='word_1_647' title='bbox 3449 1551 3615 1620; x_wconf 83' lang='grc' dir='ltr'>ἐστή-</span> 
     </span>
    </p>
   </div>
   <div class='ocr_carea' id='block_1_83' title="bbox 1946 1623 3620 1704">
    <p class='ocr_par' dir='ltr' id='par_1_83' title="bbox 1946 1623 3620 1704">
     <span class='ocr_line' id='line_1_83' title="bbox 1946 1623 3620 1704; baseline 0.001 -23"><span class='ocrx_word' id='word_1_648' title='bbox 1946 1645 2127 1691; x_wconf 91' lang='grc' dir='ltr'>κασιν,</span> <span class='ocrx_word' id='word_1_649' title='bbox 2162 1632 2190 1683; x_wconf 86' lang='grc' dir='ltr'>ὁ</span> <span class='ocrx_word' id='word_1_650' title='bbox 2225 1631 2321 1700; x_wconf 84' lang='grc' dir='ltr'>μὲν</span> <span class='ocrx_word' id='word_1_651' title='bbox 2351 1631 2560 1698; x_wconf 91' lang='grc' dir='ltr'>τοῦτον,</span> <span class='ocrx_word' id='word_1_652' title='bbox 2593 1634 2621 1685; x_wconf 89' lang='grc' dir='ltr'>ό</span> <span class='ocrx_word' id='word_1_653' title='bbox 2643 1633 2697 1686; x_wconf 81' lang='grc' dir='ltr'>δὲ</span> <span class='ocrx_word' id='word_1_654' title='bbox 2732 1635 2936 1686; x_wconf 85' lang='grc' dir='ltr'>ἐκεῖνον</span> <span class='ocrx_word' id='word_1_655' title='bbox 2971 1623 3323 1704; x_wconf 57' lang='grc' dir='ltr'>αἱρούμενος.</span> <span class='ocrx_word' id='word_1_656' title='bbox 3350 1631 3423 1683; x_wconf 84' lang='grc' dir='ltr'>Τὸ</span> <span class='ocrx_word' id='word_1_657' title='bbox 3448 1629 3504 1682; x_wconf 84' lang='grc' dir='ltr'>δέ</span> <span class='ocrx_word' id='word_1_658' title='bbox 3530 1630 3620 1683; x_wconf 79' lang='grc' dir='ltr'>αἴ-</span> 
     </span>
    </p>
   </div>
   <div class='ocr_carea' id='block_1_84' title="bbox 1943 1708 3623 1781">
    <p class='ocr_par' dir='ltr' id='par_1_84' title="bbox 1943 1708 3623 1781">
     <span class='ocr_line' id='line_1_84' title="bbox 1943 1708 3623 1781; baseline 0 -21"><span class='ocrx_word' id='word_1_659' title='bbox 1943 1719 2075 1772; x_wconf 85' lang='grc' dir='ltr'>τιον,</span> <span class='ocrx_word' id='word_1_660' title='bbox 2101 1708 2200 1761; x_wconf 87' lang='grc' dir='ltr'>οὐκ</span> <span class='ocrx_word' id='word_1_661' title='bbox 2228 1710 2307 1772; x_wconf 84' lang='grc' dir='ltr'>είς</span> <span class='ocrx_word' id='word_1_662' title='bbox 2333 1709 2390 1762; x_wconf 83' lang='grc' dir='ltr'>ἓν</span> <span class='ocrx_word' id='word_1_663' title='bbox 2426 1712 2623 1775; x_wconf 86' lang='grc' dir='ltr'>πάντες</span> <span class='ocrx_word' id='word_1_664' title='bbox 2652 1711 2871 1781; x_wconf 84' lang='grc' dir='ltr'>ὁρῶσιν,</span> <span class='ocrx_word' id='word_1_665' title='bbox 2893 1713 2978 1774; x_wconf 78' lang='grc' dir='ltr'>εἰς</span> <span class='ocrx_word' id='word_1_666' title='bbox 3009 1711 3038 1764; x_wconf 81' lang='grc' dir='ltr'><strong>ὃ</strong></span> <span class='ocrx_word' id='word_1_667' title='bbox 3068 1711 3228 1781; x_wconf 88' lang='grc' dir='ltr'>μόνον</span> <span class='ocrx_word' id='word_1_668' title='bbox 3259 1710 3393 1780; x_wconf 79' lang='grc' dir='ltr'>όρᾷν</span> <span class='ocrx_word' id='word_1_669' title='bbox 3422 1708 3623 1779; x_wconf 59' lang='grc' dir='ltr'>ἐχρῆνς</span> 
     </span>
    </p>
   </div>
   <div class='ocr_carea' id='block_1_85' title="bbox 1942 1785 3612 1859">
    <p class='ocr_par' dir='ltr' id='par_1_85' title="bbox 1942 1785 3612 1859">
     <span class='ocr_line' id='line_1_85' title="bbox 1942 1785 3612 1859; baseline -0.005 -16"><span class='ocrx_word' id='word_1_670' title='bbox 1942 1787 2042 1856; x_wconf 77' lang='grc' dir='ltr'>τῆς</span> <span class='ocrx_word' id='word_1_671' title='bbox 2081 1787 2255 1856; x_wconf 79' lang='grc' dir='ltr'>ψυχῆς</span> <span class='ocrx_word' id='word_1_672' title='bbox 2289 1787 2388 1857; x_wconf 77' lang='grc' dir='ltr'>τὴν</span> <span class='ocrx_word' id='word_1_673' title='bbox 2417 1787 2637 1859; x_wconf 89' lang='grc' dir='ltr'>ἀρετήν·</span> <span class='ocrx_word' id='word_1_674' title='bbox 2674 1788 2794 1842; x_wconf 84' lang='grc' dir='ltr'>ἀλλ’</span> <span class='ocrx_word' id='word_1_675' title='bbox 2828 1789 2934 1842; x_wconf 79' lang='grc' dir='ltr'>εἰσὶ</span> <span class='ocrx_word' id='word_1_676' title='bbox 2963 1787 3057 1842; x_wconf 74' lang='grc' dir='ltr'>καὶ</span> <span class='ocrx_word' id='word_1_677' title='bbox 3085 1789 3270 1859; x_wconf 80' lang='grc' dir='ltr'>ἐτεραι</span> <span class='ocrx_word' id='word_1_678' title='bbox 3303 1785 3612 1856; x_wconf 78' lang='grc' dir='ltr'>προφάσεις</span> 
     </span>
    </p>
   </div>
   <div class='ocr_carea' id='block_1_86' title="bbox 1943 1861 3616 1939">
    <p class='ocr_par' dir='ltr' id='par_1_86' title="bbox 1943 1861 3616 1939">
     <span class='ocr_line' id='line_1_86' title="bbox 1943 1861 3616 1939; baseline -0.002 -19"><span class='ocrx_word' id='word_1_679' title='bbox 1943 1869 2002 1920; x_wconf 80' lang='grc' dir='ltr'>αἱ</span> <span class='ocrx_word' id='word_1_680' title='bbox 2035 1865 2238 1936; x_wconf 91' lang='grc' dir='ltr'>ταύτης</span> <span class='ocrx_word' id='word_1_681' title='bbox 2283 1867 2528 1936; x_wconf 77' lang='grc' dir='ltr'>πρόξενοι</span> <span class='ocrx_word' id='word_1_682' title='bbox 2556 1869 2655 1938; x_wconf 83' lang='grc' dir='ltr'>τῆς</span> <span class='ocrx_word' id='word_1_683' title='bbox 2686 1868 2869 1939; x_wconf 85' lang='grc' dir='ltr'>τιμῆς·</span> <span class='ocrx_word' id='word_1_684' title='bbox 2902 1861 3033 1931; x_wconf 77' lang='grc' dir='ltr'>οἷον,</span> <span class='ocrx_word' id='word_1_685' title='bbox 3081 1867 3138 1919; x_wconf 86' lang='grc' dir='ltr'>Ὁ</span> <span class='ocrx_word' id='word_1_686' title='bbox 3168 1865 3286 1936; x_wconf 80' lang='grc' dir='ltr'>μὲν,</span> <span class='ocrx_word' id='word_1_687' title='bbox 3317 1866 3398 1918; x_wconf 83' lang='grc' dir='ltr'>ὅτι</span> <span class='ocrx_word' id='word_1_688' title='bbox 3425 1865 3616 1932; x_wconf 87' lang='grc' dir='ltr'>γένους</span> 
     </span>
    </p>
   </div>
   <div class='ocr_carea' id='block_1_87' title="bbox 1943 1942 3612 2017">
    <p class='ocr_par' dir='ltr' id='par_1_87' title="bbox 1943 1942 3612 2017">
     <span class='ocr_line' id='line_1_87' title="bbox 1943 1942 3612 2017; baseline -0.002 -20"><span class='ocrx_word' id='word_1_689' title='bbox 1943 1946 2063 1998; x_wconf 61' lang='grc' dir='ltr'>ἐστί⁸</span> <span class='ocrx_word' id='word_1_690' title='bbox 2091 1944 2366 2016; x_wconf 89' lang='grc' dir='ltr'>λαμπροῦ,</span> <span class='ocrx_word' id='word_1_691' title='bbox 2398 1946 2752 2017; x_wconf 90' lang='grc' dir='ltr'>ἐγκρινέσθω,</span> <span class='ocrx_word' id='word_1_692' title='bbox 2784 1945 2970 2015; x_wconf 84' lang='grc' dir='ltr'>φησίν·</span> <span class='ocrx_word' id='word_1_693' title='bbox 2991 1946 3020 1998; x_wconf 85' lang='grc' dir='ltr'>ὁ</span> <span class='ocrx_word' id='word_1_694' title='bbox 3041 1945 3117 2010; x_wconf 88' lang='grc' dir='ltr'>δέ,</span> <span class='ocrx_word' id='word_1_695' title='bbox 3141 1945 3221 1998; x_wconf 86' lang='grc' dir='ltr'>ὅτι</span> <span class='ocrx_word' id='word_1_696' title='bbox 3251 1942 3481 1996; x_wconf 90' lang='grc' dir='ltr'>πλοῦτον</span> <span class='ocrx_word' id='word_1_697' title='bbox 3511 1959 3612 1994; x_wconf 90' lang='grc' dir='ltr'>πε-</span> 
     </span>
    </p>
   </div>
   <div class='ocr_carea' id='block_1_88' title="bbox 1951 2018 3625 2094">
    <p class='ocr_par' dir='ltr' id='par_1_88' title="bbox 1951 2018 3625 2094">
     <span class='ocr_line' id='line_1_88' title="bbox 1951 2018 3625 2094; baseline -0.002 -19"><span class='ocrx_word' id='word_1_698' title='bbox 1951 2021 2264 2094; x_wconf 83' lang='grc' dir='ltr'>ριϐέϐληται</span> <span class='ocrx_word' id='word_1_699' title='bbox 2296 2024 2482 2087; x_wconf 85' lang='grc' dir='ltr'>πολὺν,</span> <span class='ocrx_word' id='word_1_700' title='bbox 2515 2024 2610 2077; x_wconf 76' lang='grc' dir='ltr'>καὶ</span> <span class='ocrx_word' id='word_1_701' title='bbox 2630 2023 2728 2077; x_wconf 88' lang='grc' dir='ltr'>οὐκ</span> <span class='ocrx_word' id='word_1_702' title='bbox 2747 2023 2812 2077; x_wconf 87' lang='grc' dir='ltr'>ἀν</span> <span class='ocrx_word' id='word_1_703' title='bbox 2840 2023 3011 2076; x_wconf 89' lang='grc' dir='ltr'>δέοιτο</span> <span class='ocrx_word' id='word_1_704' title='bbox 3042 2022 3337 2094; x_wconf 83' lang='grc' dir='ltr'>τρέφεσθαι</span> <span class='ocrx_word' id='word_1_705' title='bbox 3361 2021 3425 2073; x_wconf 92' lang='grc' dir='ltr'>ἐκ</span> <span class='ocrx_word' id='word_1_706' title='bbox 3446 2019 3466 2060; x_wconf 70' lang='grc' dir='ltr'>ί</span> <span class='ocrx_word' id='word_1_707' title='bbox 3504 2018 3625 2072; x_wconf 72' lang='grc' dir='ltr'>τῶν</span> 
     </span>
    </p>
   </div>
   <div class='ocr_carea' id='block_1_89' title="bbox 1943 2097 3622 2172">
    <p class='ocr_par' dir='ltr' id='par_1_89' title="bbox 1943 2097 3622 2172">
     <span class='ocr_line' id='line_1_89' title="bbox 1943 2097 3622 2172; baseline -0.001 -20"><span class='ocrx_word' id='word_1_708' title='bbox 1943 2099 2048 2169; x_wconf 71' lang='grc' dir='ltr'>’τῆς</span> <span class='ocrx_word' id='word_1_709' title='bbox 2096 2099 2420 2172; x_wconf 86' lang='grc' dir='ltr'>Ἐκκλησίας</span> <span class='ocrx_word' id='word_1_710' title='bbox 2470 2101 2764 2172; x_wconf 85' lang='grc' dir='ltr'>προσόδων·</span> <span class='ocrx_word' id='word_1_711' title='bbox 2792 2103 2821 2154; x_wconf 89' lang='grc' dir='ltr'>ό</span> <span class='ocrx_word' id='word_1_712' title='bbox 2845 2099 2922 2165; x_wconf 87' lang='grc' dir='ltr'>δέ,</span> <span class='ocrx_word' id='word_1_713' title='bbox 2960 2101 3042 2155; x_wconf 76' lang='grc' dir='ltr'>ὅτι</span> <span class='ocrx_word' id='word_1_714' title='bbox 3083 2099 3236 2172; x_wconf 89' lang='grc' dir='ltr'>παρά</span> <span class='ocrx_word' id='word_1_715' title='bbox 3262 2098 3369 2152; x_wconf 89' lang='grc' dir='ltr'>τῶν</span> <span class='ocrx_word' id='word_1_716' title='bbox 3392 2097 3622 2169; x_wconf 63' lang='grc' dir='ltr'>’ἐχθρῶν</span> 
     </span>
    </p>
   </div>
   <div class='ocr_carea' id='block_1_90' title="bbox 1944 2175 3627 2250">
    <p class='ocr_par' dir='ltr' id='par_1_90' title="bbox 1944 2175 3627 2250">
     <span class='ocr_line' id='line_1_90' title="bbox 1944 2175 3627 2250; baseline -0.002 -19"><span class='ocrx_word' id='word_1_717' title='bbox 1944 2178 2304 2250; x_wconf 83' lang='grc' dir='ltr'>ηὐτομόλησε·</span> <span class='ocrx_word' id='word_1_718' title='bbox 2333 2179 2429 2232; x_wconf 59' lang='grc' dir='ltr'>καί⁸</span> <span class='ocrx_word' id='word_1_719' title='bbox 2453 2180 2482 2232; x_wconf 87' lang='grc' dir='ltr'>ό</span> <span class='ocrx_word' id='word_1_720' title='bbox 2510 2179 2608 2248; x_wconf 83' lang='grc' dir='ltr'>μὲν</span> <span class='ocrx_word' id='word_1_721' title='bbox 2638 2179 2731 2233; x_wconf 82' lang='grc' dir='ltr'>τὸν</span> <span class='ocrx_word' id='word_1_722' title='bbox 2758 2178 2974 2242; x_wconf 75' lang='grc' dir='ltr'>οἰκείως</span> <span class='ocrx_word' id='word_1_723' title='bbox 2996 2178 3130 2250; x_wconf 78' lang='grc' dir='ltr'>πρὸς</span> <span class='ocrx_word' id='word_1_724' title='bbox 3149 2176 3310 2232; x_wconf 80' lang='grc' dir='ltr'>αὐτὸν</span> <span class='ocrx_word' id='word_1_725' title='bbox 3335 2175 3627 2245; x_wconf 67' lang='grc' dir='ltr'>διακείμει</span> 
     </span>
    </p>
   </div>
   <div class='ocr_carea' id='block_1_91' title="bbox 1945 2250 3629 2330">
    <p class='ocr_par' dir='ltr' id='par_1_91' title="bbox 1945 2250 3629 2330">
     <span class='ocr_line' id='line_1_91' title="bbox 1945 2250 3629 2330; baseline -0.004 -18"><span class='ocrx_word' id='word_1_726' title='bbox 1945 2275 2058 2320; x_wconf 90' lang='grc' dir='ltr'>νον,</span> <span class='ocrx_word' id='word_1_727' title='bbox 2103 2260 2132 2312; x_wconf 88' lang='grc' dir='ltr'>ό</span> <span class='ocrx_word' id='word_1_728' title='bbox 2163 2258 2219 2310; x_wconf 89' lang='grc' dir='ltr'>δὲ</span> <span class='ocrx_word' id='word_1_729' title='bbox 2257 2260 2347 2312; x_wconf 83' lang='grc' dir='ltr'>τὸν</span> <span class='ocrx_word' id='word_1_730' title='bbox 2374 2258 2523 2326; x_wconf 85' lang='grc' dir='ltr'>γένει</span> <span class='ocrx_word' id='word_1_731' title='bbox 2560 2259 2925 2330; x_wconf 87' lang='grc' dir='ltr'>προσήκοντα,</span> <span class='ocrx_word' id='word_1_732' title='bbox 2961 2259 2990 2310; x_wconf 85' lang='grc' dir='ltr'>ό</span> <span class='ocrx_word' id='word_1_733' title='bbox 3023 2257 3080 2310; x_wconf 90' lang='grc' dir='ltr'>δέ</span> <span class='ocrx_word' id='word_1_734' title='bbox 3122 2250 3214 2311; x_wconf 79' lang='grc' dir='ltr'>τὸν</span> <span class='ocrx_word' id='word_1_735' title='bbox 3251 2254 3629 2311; x_wconf 76' lang='grc' dir='ltr'>κολακεύονταΔ</span> 
     </span>
    </p>
   </div>
   <div class='ocr_carea' id='block_1_92' title="bbox 1945 2333 3622 2407">
    <p class='ocr_par' dir='ltr' id='par_1_92' title="bbox 1945 2333 3622 2407">
     <span class='ocr_line' id='line_1_92' title="bbox 1945 2333 3622 2407; baseline -0.004 -17"><span class='ocrx_word' id='word_1_736' title='bbox 1945 2335 2112 2390; x_wconf 87' lang='grc' dir='ltr'>πάλιν</span> <span class='ocrx_word' id='word_1_737' title='bbox 2140 2335 2248 2389; x_wconf 86' lang='grc' dir='ltr'>τῶν</span> <span class='ocrx_word' id='word_1_738' title='bbox 2271 2335 2443 2390; x_wconf 88' lang='grc' dir='ltr'>ἀλλων</span> <span class='ocrx_word' id='word_1_739' title='bbox 2465 2338 2738 2407; x_wconf 79' lang='grc' dir='ltr'>προτιμᾷν</span> <span class='ocrx_word' id='word_1_740' title='bbox 2772 2334 3182 2400; x_wconf 76' lang='grc' dir='ltr'>σπουδάζουσιν,</span> <span class='ocrx_word' id='word_1_741' title='bbox 3207 2336 3288 2399; x_wconf 81' lang='grc' dir='ltr'>είς</span> <span class='ocrx_word' id='word_1_742' title='bbox 3307 2333 3364 2388; x_wconf 85' lang='grc' dir='ltr'>δέ</span> <span class='ocrx_word' id='word_1_743' title='bbox 3386 2333 3479 2387; x_wconf 76' lang='grc' dir='ltr'>τὸν</span> <span class='ocrx_word' id='word_1_744' title='bbox 3495 2334 3622 2385; x_wconf 81' lang='grc' dir='ltr'>ἐπι-</span> 
     </span>
    </p>
   </div>
   <div class='ocr_carea' id='block_1_93' title="bbox 1949 2410 3623 2486">
    <p class='ocr_par' dir='ltr' id='par_1_93' title="bbox 1949 2410 3623 2486">
     <span class='ocr_line' id='line_1_93' title="bbox 1949 2410 3623 2486; baseline -0.002 -18"><span class='ocrx_word' id='word_1_745' title='bbox 1949 2415 2159 2486; x_wconf 84' lang='grc' dir='ltr'>τήδειον</span> <span class='ocrx_word' id='word_1_746' title='bbox 2191 2415 2361 2478; x_wconf 70' lang='grc' dir='ltr'>οὐδεὶς</span> <span class='ocrx_word' id='word_1_747' title='bbox 2397 2417 2530 2485; x_wconf 88' lang='grc' dir='ltr'>όρᾷν</span> <span class='ocrx_word' id='word_1_748' title='bbox 2560 2414 2829 2485; x_wconf 90' lang='grc' dir='ltr'>βούλεται,</span> <span class='ocrx_word' id='word_1_749' title='bbox 2857 2414 2975 2467; x_wconf 86' lang='grc' dir='ltr'>οὐδέ</span> <span class='ocrx_word' id='word_1_750' title='bbox 2999 2415 3175 2485; x_wconf 74' lang='grc' dir='ltr'>ψυχῆς</span> <span class='ocrx_word' id='word_1_751' title='bbox 3199 2431 3321 2466; x_wconf 82' lang='grc' dir='ltr'>τινα</span> <span class='ocrx_word' id='word_1_752' title='bbox 3347 2410 3623 2466; x_wconf 87' lang='grc' dir='ltr'>ποιεῖσθαι</span> 
     </span>
    </p>
   </div>
   <div class='ocr_carea' id='block_1_94' title="bbox 1945 2488 3627 2564">
    <p class='ocr_par' dir='ltr' id='par_1_94' title="bbox 1945 2488 3627 2564">
     <span class='ocr_line' id='line_1_94' title="bbox 1945 2488 3627 2564; baseline -0.003 -18"><span class='ocrx_word' id='word_1_753' title='bbox 1945 2493 2204 2564; x_wconf 80' lang='grc' dir='ltr'>βάσανον.</span> <span class='ocrx_word' id='word_1_754' title='bbox 2244 2491 2385 2560; x_wconf 88' lang='grc' dir='ltr'>Ἐγὼ</span> <span class='ocrx_word' id='word_1_755' title='bbox 2411 2491 2468 2544; x_wconf 87' lang='grc' dir='ltr'>δέ</span> <span class='ocrx_word' id='word_1_756' title='bbox 2489 2491 2744 2544; x_wconf 87' lang='grc' dir='ltr'>τοσούτου</span> <span class='ocrx_word' id='word_1_757' title='bbox 2773 2491 2878 2545; x_wconf 87' lang='grc' dir='ltr'>δέω</span> <span class='ocrx_word' id='word_1_758' title='bbox 2901 2490 3100 2554; x_wconf 89' lang='grc' dir='ltr'>ταύτας</span> <span class='ocrx_word' id='word_1_759' title='bbox 3128 2489 3381 2561; x_wconf 80' lang='grc' dir='ltr'>ἡγεῖσθαι</span> <span class='ocrx_word' id='word_1_760' title='bbox 3409 2488 3510 2551; x_wconf 84' lang='grc' dir='ltr'>τὰς</span> <span class='ocrx_word' id='word_1_761' title='bbox 3537 2490 3627 2541; x_wconf 79' lang='grc' dir='ltr'>αἰ-</span> 
     </span>
    </p>
   </div>
   <div class='ocr_carea' id='block_1_95' title="bbox 1947 2567 3620 2642">
    <p class='ocr_par' dir='ltr' id='par_1_95' title="bbox 1947 2567 3620 2642">
     <span class='ocr_line' id='line_1_95' title="bbox 1947 2567 3620 2642; baseline -0.003 -18"><span class='ocrx_word' id='word_1_762' title='bbox 1947 2573 2069 2635; x_wconf 80' lang='grc' dir='ltr'>τίας</span> <span class='ocrx_word' id='word_1_763' title='bbox 2090 2571 2433 2636; x_wconf 84' lang='grc' dir='ltr'>ἀξιοπίστους</span> <span class='ocrx_word' id='word_1_764' title='bbox 2461 2567 2602 2624; x_wconf 75' lang='grc' dir='ltr'>εἶναι</span> <span class='ocrx_word' id='word_1_765' title='bbox 2629 2571 2767 2642; x_wconf 86' lang='grc' dir='ltr'>πρὸς</span> <span class='ocrx_word' id='word_1_766' title='bbox 2794 2571 2894 2642; x_wconf 82' lang='grc' dir='ltr'>τὴν</span> <span class='ocrx_word' id='word_1_767' title='bbox 2919 2570 3027 2622; x_wconf 88' lang='grc' dir='ltr'>τῶν</span> <span class='ocrx_word' id='word_1_768' title='bbox 3061 2569 3252 2641; x_wconf 80' lang='grc' dir='ltr'>ἱερέων</span> <span class='ocrx_word' id='word_1_769' title='bbox 3276 2567 3620 2639; x_wconf 85' lang='grc' dir='ltr'>δοκιμασίαν,</span> 
     </span>
    </p>
   </div>
   <div class='ocr_carea' id='block_1_96' title="bbox 1947 2645 3631 2722">
    <p class='ocr_par' dir='ltr' id='par_1_96' title="bbox 1947 2645 3631 2722">
     <span class='ocr_line' id='line_1_96' title="bbox 1947 2645 3631 2722; baseline -0.004 -18"><span class='ocrx_word' id='word_1_770' title='bbox 1947 2651 2027 2713; x_wconf 74' lang='grc' dir='ltr'>’ὡς</span> <span class='ocrx_word' id='word_1_771' title='bbox 2066 2650 2201 2722; x_wconf 88' lang='grc' dir='ltr'>μηδὲ</span> <span class='ocrx_word' id='word_1_772' title='bbox 2238 2651 2288 2703; x_wconf 83' lang='grc' dir='ltr'>εἴ</span> <span class='ocrx_word' id='word_1_773' title='bbox 2317 2667 2398 2713; x_wconf 83' lang='grc' dir='ltr'>τις</span> <span class='ocrx_word' id='word_1_774' title='bbox 2431 2649 2629 2721; x_wconf 86' lang='grc' dir='ltr'>πολλὴν</span> <span class='ocrx_word' id='word_1_775' title='bbox 2658 2649 2941 2704; x_wconf 81' lang='grc' dir='ltr'>εὐλάϐειαν</span> <span class='ocrx_word' id='word_1_776' title='bbox 2971 2648 3296 2713; x_wconf 83' lang='grc' dir='ltr'>ἐπιδείξαιτο</span> <span class='ocrx_word' id='word_1_777' title='bbox 3324 2647 3424 2718; x_wconf 86' lang='grc' dir='ltr'>τὴν</span> <span class='ocrx_word' id='word_1_778' title='bbox 3454 2645 3514 2699; x_wconf 90' lang='grc' dir='ltr'>οὐ</span> <span class='ocrx_word' id='word_1_779' title='bbox 3535 2663 3631 2716; x_wconf 61' lang='grc' dir='ltr'>μια</span> 
     </span>
    </p>
   </div>
   <div class='ocr_carea' id='block_1_97' title="bbox 1949 2724 3623 2802">
    <p class='ocr_par' dir='ltr' id='par_1_97' title="bbox 1949 2724 3623 2802">
     <span class='ocr_line' id='line_1_97' title="bbox 1949 2724 3623 2802; baseline -0.004 -18"><span class='ocrx_word' id='word_1_780' title='bbox 1949 2733 2081 2802; x_wconf 84' lang='grc' dir='ltr'>κρδν</span> <span class='ocrx_word' id='word_1_781' title='bbox 2125 2733 2252 2801; x_wconf 71' lang='grc' dir='ltr'>ἡμῖν</span> <span class='ocrx_word' id='word_1_782' title='bbox 2287 2730 2424 2800; x_wconf 83' lang='grc' dir='ltr'>πρὸς</span> <span class='ocrx_word' id='word_1_783' title='bbox 2453 2731 2558 2802; x_wconf 80' lang='grc' dir='ltr'>τὴν</span> <span class='ocrx_word' id='word_1_784' title='bbox 2591 2731 2766 2801; x_wconf 81' lang='grc' dir='ltr'>ἀρχὴν</span> <span class='ocrx_word' id='word_1_785' title='bbox 2811 2729 3168 2782; x_wconf 84' lang='grc' dir='ltr'>συντελοῦσαν</span> <span class='ocrx_word' id='word_1_786' title='bbox 3199 2728 3434 2798; x_wconf 87' lang='grc' dir='ltr'>ἐκείνην,</span> <span class='ocrx_word' id='word_1_787' title='bbox 3487 2724 3623 2797; x_wconf 78' lang='grc' dir='ltr'>μηδέ</span> 
     </span>
    </p>
   </div>
   <div class='ocr_carea' id='block_1_98' title="bbox 1946 2805 3637 2881">
    <p class='ocr_par' dir='ltr' id='par_1_98' title="bbox 1946 2805 3637 2881">
     <span class='ocr_line' id='line_1_98' title="bbox 1946 2805 3637 2881; baseline -0.003 -19"><span class='ocrx_word' id='word_1_788' title='bbox 1946 2809 2140 2863; x_wconf 80' lang='grc' dir='ltr'>τοῦτον</span> <span class='ocrx_word' id='word_1_789' title='bbox 2161 2811 2270 2862; x_wconf 81' lang='grc' dir='ltr'>ἀπὸ</span> <span class='ocrx_word' id='word_1_790' title='bbox 2292 2809 2498 2879; x_wconf 89' lang='grc' dir='ltr'>ταύτης</span> <span class='ocrx_word' id='word_1_791' title='bbox 2519 2809 2719 2872; x_wconf 89' lang='grc' dir='ltr'>εὐθέως</span> <span class='ocrx_word' id='word_1_792' title='bbox 2744 2808 3017 2881; x_wconf 84' lang='grc' dir='ltr'>ἐγκρίνειν</span> <span class='ocrx_word' id='word_1_793' title='bbox 3041 2808 3266 2879; x_wconf 80' lang='grc' dir='ltr'>τολμᾷν,</span> <span class='ocrx_word' id='word_1_794' title='bbox 3300 2809 3348 2860; x_wconf 87' lang='grc' dir='ltr'>εί</span> <span class='ocrx_word' id='word_1_795' title='bbox 3377 2806 3452 2878; x_wconf 83' lang='grc' dir='ltr'>μὴ</span> <span class='ocrx_word' id='word_1_796' title='bbox 3485 2805 3637 2876; x_wconf 63' lang='grc' dir='ltr'>μετὰ</span> 
     </span>
    </p>
   </div>
   <div class='ocr_carea' id='block_1_99' title="bbox 1951 2883 3636 2958">
    <p class='ocr_par' dir='ltr' id='par_1_99' title="bbox 1951 2883 3636 2958">
     <span class='ocr_line' id='line_1_99' title="bbox 1951 2883 3636 2958; baseline -0.002 -19"><span class='ocrx_word' id='word_1_797' title='bbox 1951 2890 2051 2958; x_wconf 79' lang='grc' dir='ltr'>τῆς</span> <span class='ocrx_word' id='word_1_798' title='bbox 2079 2887 2364 2950; x_wconf 88' lang='grc' dir='ltr'>εὐλαϐείας</span> <span class='ocrx_word' id='word_1_799' title='bbox 2393 2887 2593 2957; x_wconf 82' lang='grc' dir='ltr'>πολλὴν</span> <span class='ocrx_word' id='word_1_800' title='bbox 2629 2889 2726 2940; x_wconf 73' lang='grc' dir='ltr'>καὶ</span> <span class='ocrx_word' id='word_1_801' title='bbox 2765 2886 2862 2957; x_wconf 83' lang='grc' dir='ltr'>τὴν</span> <span class='ocrx_word' id='word_1_802' title='bbox 2899 2887 3113 2939; x_wconf 88' lang='grc' dir='ltr'>σύνεσιν</span> <span class='ocrx_word' id='word_1_803' title='bbox 3137 2885 3277 2955; x_wconf 78' lang='grc' dir='ltr'>έχων</span> <span class='ocrx_word' id='word_1_804' title='bbox 3310 2884 3484 2954; x_wconf 86' lang='grc' dir='ltr'>τύχοι.</span> <span class='ocrx_word' id='word_1_805' title='bbox 3512 2883 3636 2936; x_wconf 71' lang='grc' dir='ltr'>Καὶ</span> 
     </span>
    </p>
   </div>
   <div class='ocr_carea' id='block_1_100' title="bbox 1949 2961 3629 3038">
    <p class='ocr_par' dir='ltr' id='par_1_100' title="bbox 1949 2961 3629 3038">
     <span class='ocr_line' id='line_1_100' title="bbox 1949 2961 3629 3038; baseline -0.005 -17"><span class='ocrx_word' id='word_1_806' title='bbox 1949 2969 2061 3038; x_wconf 82' lang='grc' dir='ltr'>γὰρ</span> <span class='ocrx_word' id='word_1_807' title='bbox 2075 2962 2201 3019; x_wconf 82' lang='grc' dir='ltr'>οἶδα</span> <span class='ocrx_word' id='word_1_808' title='bbox 2221 2965 2450 3028; x_wconf 76' lang='grc' dir='ltr'>πολλοὺς</span> <span class='ocrx_word' id='word_1_809' title='bbox 2468 2964 2580 3034; x_wconf 89' lang='grc' dir='ltr'>ἐγὼ</span> <span class='ocrx_word' id='word_1_810' title='bbox 2603 2965 2712 3018; x_wconf 88' lang='grc' dir='ltr'>τῶν</span> <span class='ocrx_word' id='word_1_811' title='bbox 2736 2967 2950 3019; x_wconf 80' lang='grc' dir='ltr'>ᾶπαντα</span> <span class='ocrx_word' id='word_1_812' title='bbox 2971 2965 3060 3018; x_wconf 82' lang='grc' dir='ltr'>τὸν</span> <span class='ocrx_word' id='word_1_813' title='bbox 3086 2965 3277 3036; x_wconf 90' lang='grc' dir='ltr'>χρόνον</span> <span class='ocrx_word' id='word_1_814' title='bbox 3306 2961 3629 3033; x_wconf 77' lang='grc' dir='ltr'>κάθειρξάνο</span> 
     </span>
    </p>
   </div>
   <div class='ocr_carea' id='block_1_101' title="bbox 1945 3040 3635 3114">
    <p class='ocr_par' dir='ltr' id='par_1_101' title="bbox 1945 3040 3635 3114">
     <span class='ocr_line' id='line_1_101' title="bbox 1945 3040 3635 3114; baseline -0.004 -16"><span class='ocrx_word' id='word_1_815' title='bbox 1945 3063 2060 3098; x_wconf 79' lang='grc' dir='ltr'>των</span> <span class='ocrx_word' id='word_1_816' title='bbox 2091 3046 2338 3110; x_wconf 73' lang='grc' dir='ltr'>ἑαυτοὺς,</span> <span class='ocrx_word' id='word_1_817' title='bbox 2363 3044 2461 3099; x_wconf 74' lang='grc' dir='ltr'>’καὶ</span> <span class='ocrx_word' id='word_1_818' title='bbox 2487 3044 2762 3114; x_wconf 82' lang='grc' dir='ltr'>νηστείαις</span> <span class='ocrx_word' id='word_1_819' title='bbox 2799 3043 3237 3114; x_wconf 87' lang='grc' dir='ltr'>δαπανηθέντων,</span> <span class='ocrx_word' id='word_1_820' title='bbox 3255 3043 3358 3107; x_wconf 80' lang='grc' dir='ltr'>ὅτι,</span> <span class='ocrx_word' id='word_1_821' title='bbox 3393 3041 3498 3104; x_wconf 69' lang='grc' dir='ltr'>ἕως</span> <span class='ocrx_word' id='word_1_822' title='bbox 3527 3040 3635 3110; x_wconf 79' lang='grc' dir='ltr'>μὲν</span> 
     </span>
    </p>
   </div>
   <div class='ocr_carea' id='block_1_102' title="bbox 1950 3118 3628 3193">
    <p class='ocr_par' dir='ltr' id='par_1_102' title="bbox 1950 3118 3628 3193">
     <span class='ocr_line' id='line_1_102' title="bbox 1950 3118 3628 3193; baseline -0.002 -17"><span class='ocrx_word' id='word_1_823' title='bbox 1950 3125 2139 3187; x_wconf 80' lang='grc' dir='ltr'>αὐτοῖς</span> <span class='ocrx_word' id='word_1_824' title='bbox 2163 3123 2343 3193; x_wconf 85' lang='grc' dir='ltr'>μόνοις</span> <span class='ocrx_word' id='word_1_825' title='bbox 2366 3118 2504 3175; x_wconf 69' lang='grc' dir='ltr'>εἶναι</span> <span class='ocrx_word' id='word_1_826' title='bbox 2537 3123 2666 3193; x_wconf 77' lang='grc' dir='ltr'>ἐξῆν</span> <span class='ocrx_word' id='word_1_827' title='bbox 2684 3124 2782 3176; x_wconf 76' lang='grc' dir='ltr'>καὶ</span> <span class='ocrx_word' id='word_1_828' title='bbox 2809 3123 2878 3175; x_wconf 84' lang='grc' dir='ltr'>τὰ</span> <span class='ocrx_word' id='word_1_829' title='bbox 2907 3121 3086 3175; x_wconf 85' lang='grc' dir='ltr'>αὐτῶν</span> <span class='ocrx_word' id='word_1_830' title='bbox 3115 3121 3387 3192; x_wconf 80' lang='grc' dir='ltr'>μεριμνᾷν</span> <span class='ocrx_word' id='word_1_831' title='bbox 3417 3119 3628 3172; x_wconf 86' lang='grc' dir='ltr'>εὐδοκί-</span> 
     </span>
    </p>
   </div>
   <div class='ocr_carea' id='block_1_103' title="bbox 1949 3199 3629 3273">
    <p class='ocr_par' dir='ltr' id='par_1_103' title="bbox 1949 3199 3629 3273">
     <span class='ocr_line' id='line_1_103' title="bbox 1949 3199 3629 3273; baseline -0.004 -19"><span class='ocrx_word' id='word_1_832' title='bbox 1949 3219 2092 3273; x_wconf 67' lang='grc' dir='ltr'>σμουν</span> <span class='ocrx_word' id='word_1_833' title='bbox 2118 3202 2276 3273; x_wconf 73' lang='grc' dir='ltr'>’παρά</span> <span class='ocrx_word' id='word_1_834' title='bbox 2302 3201 2440 3268; x_wconf 83' lang='grc' dir='ltr'>Θεῷ,</span> <span class='ocrx_word' id='word_1_835' title='bbox 2469 3203 2570 3256; x_wconf 80' lang='grc' dir='ltr'>καὶ</span> <span class='ocrx_word' id='word_1_836' title='bbox 2600 3201 2720 3255; x_wconf 83' lang='grc' dir='ltr'>καθ’</span> <span class='ocrx_word' id='word_1_837' title='bbox 2749 3201 2987 3271; x_wconf 87' lang='grc' dir='ltr'>ἐκάστην</span> <span class='ocrx_word' id='word_1_838' title='bbox 3007 3201 3218 3272; x_wconf 84' lang='grc' dir='ltr'>ἡμέραν</span> <span class='ocrx_word' id='word_1_839' title='bbox 3245 3199 3429 3271; x_wconf 81' lang='grc' dir='ltr'>ἐκείνῃ</span> <span class='ocrx_word' id='word_1_840' title='bbox 3445 3212 3629 3266; x_wconf 83' lang='grc' dir='ltr'>προσ-</span> 
     </span>
    </p>
   </div>
   <div class='ocr_carea' id='block_1_104' title="bbox 1949 3276 3632 3350">
    <p class='ocr_par' dir='ltr' id='par_1_104' title="bbox 1949 3276 3632 3350">
     <span class='ocr_line' id='line_1_104' title="bbox 1949 3276 3632 3350; baseline -0.002 -16"><span class='ocrx_word' id='word_1_841' title='bbox 1949 3280 2206 3335; x_wconf 87' lang='grc' dir='ltr'>-ετίθεσαν</span> <span class='ocrx_word' id='word_1_842' title='bbox 2228 3282 2292 3350; x_wconf 83' lang='grc' dir='ltr'>τῇ</span> <span class='ocrx_word' id='word_1_843' title='bbox 2321 3279 2609 3350; x_wconf 77' lang='grc' dir='ltr'>φιλοσοφία</span> <span class='ocrx_word' id='word_1_844' title='bbox 2634 3280 2798 3350; x_wconf 88' lang='grc' dir='ltr'>μέρος</span> <span class='ocrx_word' id='word_1_845' title='bbox 2828 3279 2888 3332; x_wconf 82' lang='grc' dir='ltr'>οὐ</span> <span class='ocrx_word' id='word_1_846' title='bbox 2915 3281 3130 3350; x_wconf 87' lang='grc' dir='ltr'>μικρόν·</span> <span class='ocrx_word' id='word_1_847' title='bbox 3164 3277 3431 3347; x_wconf 83' lang='grc' dir='ltr'>ἐπειδὴδὲ</span> <span class='ocrx_word' id='word_1_848' title='bbox 3457 3278 3536 3340; x_wconf 82' lang='grc' dir='ltr'>είς</span> <span class='ocrx_word' id='word_1_849' title='bbox 3565 3276 3632 3330; x_wconf 80' lang='grc' dir='ltr'>τὸ</span> 
     </span>
    </p>
   </div>
   <div class='ocr_carea' id='block_1_105' title="bbox 1959 3355 3634 3432">
    <p class='ocr_par' dir='ltr' id='par_1_105' title="bbox 1959 3355 3634 3432">
     <span class='ocr_line' id='line_1_105' title="bbox 1959 3355 3634 3432; baseline -0.004 -18"><span class='ocrx_word' id='word_1_850' title='bbox 1959 3361 2160 3432; x_wconf 82' lang='grc' dir='ltr'>πλῆθος</span> <span class='ocrx_word' id='word_1_851' title='bbox 2171 3357 2361 3431; x_wconf 77' lang='grc' dir='ltr'>ἦλθον,</span> <span class='ocrx_word' id='word_1_852' title='bbox 2390 3361 2484 3413; x_wconf 77' lang='grc' dir='ltr'>καὶ</span> <span class='ocrx_word' id='word_1_853' title='bbox 2512 3359 2612 3422; x_wconf 77' lang='grc' dir='ltr'>τὰς</span> <span class='ocrx_word' id='word_1_854' title='bbox 2633 3360 2742 3412; x_wconf 87' lang='grc' dir='ltr'>τῶν</span> <span class='ocrx_word' id='word_1_855' title='bbox 2774 3359 2983 3412; x_wconf 83' lang='grc' dir='ltr'>πολλῶν</span> <span class='ocrx_word' id='word_1_856' title='bbox 3011 3357 3252 3429; x_wconf 86' lang='grc' dir='ltr'>ἀμαθίας</span> <span class='ocrx_word' id='word_1_857' title='bbox 3292 3355 3634 3427; x_wconf 71' lang='grc' dir='ltr'>ἐπανορθοῦν</span> 
     </span>
    </p>
   </div>
   <div class='ocr_carea' id='block_1_106' title="bbox 1952 3435 3632 3512">
    <p class='ocr_par' dir='ltr' id='par_1_106' title="bbox 1952 3435 3632 3512">
     <span class='ocr_line' id='line_1_106' title="bbox 1952 3435 3632 3512; baseline -0.004 -18"><span class='ocrx_word' id='word_1_858' title='bbox 1952 3439 2400 3512; x_wconf 69' lang='grc' dir='ltr'>ἡναγκάσθησαν,</span> <span class='ocrx_word' id='word_1_859' title='bbox 2427 3441 2476 3492; x_wconf 80' lang='grc' dir='ltr'>οἱ</span> <span class='ocrx_word' id='word_1_860' title='bbox 2510 3440 2607 3509; x_wconf 81' lang='grc' dir='ltr'>μὲν</span> <span class='ocrx_word' id='word_1_861' title='bbox 2635 3438 2755 3491; x_wconf 88' lang='grc' dir='ltr'>οὐδέ</span> <span class='ocrx_word' id='word_1_862' title='bbox 2781 3438 2878 3508; x_wconf 80' lang='grc' dir='ltr'>τὴν</span> <span class='ocrx_word' id='word_1_863' title='bbox 2901 3438 3073 3508; x_wconf 84' lang='grc' dir='ltr'>ἀρχὴν</span> <span class='ocrx_word' id='word_1_864' title='bbox 3098 3439 3340 3508; x_wconf 71' lang='grc' dir='ltr'>ἤρκεσαν</span> <span class='ocrx_word' id='word_1_865' title='bbox 3370 3435 3504 3506; x_wconf 84' lang='grc' dir='ltr'>πρὸς</span> <span class='ocrx_word' id='word_1_866' title='bbox 3527 3435 3632 3505; x_wconf 70' lang='grc' dir='ltr'>τὴν</span> 
     </span>
    </p>
   </div>
   <div class='ocr_carea' id='block_1_107' title="bbox 1955 3514 3634 3590">
    <p class='ocr_par' dir='ltr' id='par_1_107' title="bbox 1955 3514 3634 3590">
     <span class='ocr_line' id='line_1_107' title="bbox 1955 3514 3634 3590; baseline -0.006 -15"><span class='ocrx_word' id='word_1_867' title='bbox 1955 3520 2225 3589; x_wconf 82' lang='grc' dir='ltr'>τοσαύτην</span> <span class='ocrx_word' id='word_1_868' title='bbox 2254 3517 2656 3590; x_wconf 83' lang='grc' dir='ltr'>πραγματείαν·</span> <span class='ocrx_word' id='word_1_869' title='bbox 2681 3519 2733 3569; x_wconf 86' lang='grc' dir='ltr'>οἱ</span> <span class='ocrx_word' id='word_1_870' title='bbox 2758 3517 2815 3570; x_wconf 85' lang='grc' dir='ltr'>δέ</span> <span class='ocrx_word' id='word_1_871' title='bbox 2853 3517 3165 3588; x_wconf 87' lang='grc' dir='ltr'>βιασθέντες</span> <span class='ocrx_word' id='word_1_872' title='bbox 3197 3517 3496 3584; x_wconf 84' lang='grc' dir='ltr'>ἐπιμεῖναι,</span> <span class='ocrx_word' id='word_1_873' title='bbox 3528 3514 3634 3583; x_wconf 79' lang='grc' dir='ltr'>τὴν</span> 
     </span>
    </p>
   </div>
   <div class='ocr_carea' id='block_1_108' title="bbox 1960 3591 3635 3671">
    <p class='ocr_par' dir='ltr' id='par_1_108' title="bbox 1960 3591 3635 3671">
     <span class='ocr_line' id='line_1_108' title="bbox 1960 3591 3635 3671; baseline -0.007 -18"><span class='ocrx_word' id='word_1_874' title='bbox 1960 3599 2230 3671; x_wconf 84' lang='grc' dir='ltr'>προτέραν</span> <span class='ocrx_word' id='word_1_875' title='bbox 2257 3596 2546 3666; x_wconf 89' lang='grc' dir='ltr'>ἀκρίϐειαν</span> <span class='ocrx_word' id='word_1_876' title='bbox 2573 3595 2846 3671; x_wconf 76' lang='grc' dir='ltr'>ῥίψαντες,</span> <span class='ocrx_word' id='word_1_877' title='bbox 2873 3593 3102 3657; x_wconf 87' lang='grc' dir='ltr'>ἐαυτούς</span> <span class='ocrx_word' id='word_1_878' title='bbox 3129 3609 3189 3646; x_wconf 87' lang='grc' dir='ltr'>τε</span> <span class='ocrx_word' id='word_1_879' title='bbox 3215 3591 3531 3671; x_wconf 70' lang='grc' dir='ltr'>ἐζημίωσαν</span> <span class='ocrx_word' id='word_1_880' title='bbox 3557 3591 3635 3643; x_wconf 68' lang='grc' dir='ltr'>τὰ</span> 
     </span>
    </p>
   </div>
   <div class='ocr_carea' id='block_1_109' title="bbox 1966 3666 3631 3748">
    <p class='ocr_par' dir='ltr' id='par_1_109' title="bbox 1966 3666 3631 3748">
     <span class='ocr_line' id='line_1_109' title="bbox 1966 3666 3631 3748; baseline -0.007 -18"><span class='ocrx_word' id='word_1_881' title='bbox 1966 3666 2218 3748; x_wconf 73' lang='grc' dir='ltr'>μέγιστα,</span> <span class='ocrx_word' id='word_1_882' title='bbox 2258 3675 2353 3726; x_wconf 75' lang='grc' dir='ltr'>καὶ</span> <span class='ocrx_word' id='word_1_883' title='bbox 2382 3672 2606 3743; x_wconf 89' lang='grc' dir='ltr'>ἐτέρους</span> <span class='ocrx_word' id='word_1_884' title='bbox 2643 3670 2857 3742; x_wconf 78' lang='grc' dir='ltr'>ὤνησαν</span> <span class='ocrx_word' id='word_1_885' title='bbox 2890 3671 3063 3726; x_wconf 86' lang='grc' dir='ltr'>οὐδέν.</span> <span class='ocrx_word' id='word_1_886' title='bbox 3117 3670 3257 3724; x_wconf 81' lang='grc' dir='ltr'>Ἀλλ’</span> <span class='ocrx_word' id='word_1_887' title='bbox 3291 3668 3410 3748; x_wconf 85' lang='grc' dir='ltr'>οὐδέ</span> <span class='ocrx_word' id='word_1_888' title='bbox 3450 3666 3506 3720; x_wconf 80' lang='grc' dir='ltr'>εί</span> <span class='ocrx_word' id='word_1_889' title='bbox 3545 3683 3631 3730; x_wconf 86' lang='grc' dir='ltr'>τις</span> 
     </span>
    </p>
   </div>
   <div class='ocr_carea' id='block_1_110' title="bbox 1953 3747 3635 3823">
    <p class='ocr_par' dir='ltr' id='par_1_110' title="bbox 1953 3747 3635 3823">
     <span class='ocr_line' id='line_1_110' title="bbox 1953 3747 3635 3823; baseline -0.007 -13"><span class='ocrx_word' id='word_1_890' title='bbox 1953 3747 2052 3810; x_wconf 75' lang='grc' dir='ltr'>τὸν</span> <span class='ocrx_word' id='word_1_891' title='bbox 2082 3755 2295 3810; x_wconf 77' lang='grc' dir='ltr'>ἅπαντα</span> <span class='ocrx_word' id='word_1_892' title='bbox 2324 3753 2517 3823; x_wconf 89' lang='grc' dir='ltr'>χρόνον</span> <span class='ocrx_word' id='word_1_893' title='bbox 2549 3751 2827 3822; x_wconf 84' lang='grc' dir='ltr'>ἀνήλωσεν</span> <span class='ocrx_word' id='word_1_894' title='bbox 2849 3752 2905 3803; x_wconf 86' lang='grc' dir='ltr'>ἐν</span> <span class='ocrx_word' id='word_1_895' title='bbox 2934 3753 2999 3822; x_wconf 85' lang='grc' dir='ltr'>τῇ</span> <span class='ocrx_word' id='word_1_896' title='bbox 3023 3749 3226 3821; x_wconf 81' lang='grc' dir='ltr'>ἐσχάτῃ</span> <span class='ocrx_word' id='word_1_897' title='bbox 3249 3747 3357 3818; x_wconf 77' lang='grc' dir='ltr'>τῆς</span> <span class='ocrx_word' id='word_1_898' title='bbox 3387 3747 3635 3816; x_wconf 81' lang='grc' dir='ltr'>λειτουρ-</span> 
     </span>
    </p>
   </div>
   <div class='ocr_carea' id='block_1_111' title="bbox 1962 3825 3632 3903">
    <p class='ocr_par' dir='ltr' id='par_1_111' title="bbox 1962 3825 3632 3903">
     <span class='ocr_line' id='line_1_111' title="bbox 1962 3825 3632 3903; baseline -0.007 -16"><span class='ocrx_word' id='word_1_899' title='bbox 1962 3835 2086 3902; x_wconf 87' lang='grc' dir='ltr'>γίας</span> <span class='ocrx_word' id='word_1_900' title='bbox 2111 3834 2261 3898; x_wconf 85' lang='grc' dir='ltr'>τάξει</span> <span class='ocrx_word' id='word_1_901' title='bbox 2287 3831 2484 3903; x_wconf 88' lang='grc' dir='ltr'>μένων,</span> <span class='ocrx_word' id='word_1_902' title='bbox 2519 3830 2614 3883; x_wconf 75' lang='grc' dir='ltr'>καὶ</span> <span class='ocrx_word' id='word_1_903' title='bbox 2642 3831 2723 3892; x_wconf 89' lang='grc' dir='ltr'>εἰς</span> <span class='ocrx_word' id='word_1_904' title='bbox 2747 3829 2973 3899; x_wconf 76' lang='grc' dir='ltr'>ἔσχατον</span> <span class='ocrx_word' id='word_1_905' title='bbox 3004 3829 3172 3899; x_wconf 61' lang='grc' dir='ltr'>ήλασε</span> <span class='ocrx_word' id='word_1_906' title='bbox 3199 3830 3397 3898; x_wconf 81' lang='grc' dir='ltr'>γῆρας.</span> <span class='ocrx_word' id='word_1_907' title='bbox 3438 3825 3632 3878; x_wconf 84' lang='grc' dir='ltr'>τοῦτον</span> 
     </span>
    </p>
   </div>
   <div class='ocr_carea' id='block_1_112' title="bbox 1965 3903 3632 3981">
    <p class='ocr_par' dir='ltr' id='par_1_112' title="bbox 1965 3903 3632 3981">
     <span class='ocr_line' id='line_1_112' title="bbox 1965 3903 3632 3981; baseline -0.006 -15"><span class='ocrx_word' id='word_1_908' title='bbox 1965 3913 2150 3976; x_wconf 85' lang='grc' dir='ltr'>ἁπλῶς</span> <span class='ocrx_word' id='word_1_909' title='bbox 2172 3912 2260 3966; x_wconf 85' lang='grc' dir='ltr'>διὰ</span> <span class='ocrx_word' id='word_1_910' title='bbox 2282 3911 2379 3981; x_wconf 85' lang='grc' dir='ltr'>τὴν</span> <span class='ocrx_word' id='word_1_911' title='bbox 2413 3909 2628 3980; x_wconf 80' lang='grc' dir='ltr'>ἡλικίαν</span> <span class='ocrx_word' id='word_1_912' title='bbox 2658 3909 2997 3972; x_wconf 75' lang='grc' dir='ltr'>αἰδεσθέντες</span> <span class='ocrx_word' id='word_1_913' title='bbox 3023 3909 3116 3960; x_wconf 77' lang='grc' dir='ltr'>ἐπὶ</span> <span class='ocrx_word' id='word_1_914' title='bbox 3141 3907 3242 3977; x_wconf 81' lang='grc' dir='ltr'>τὴν</span> <span class='ocrx_word' id='word_1_915' title='bbox 3275 3905 3455 3976; x_wconf 76' lang='grc' dir='ltr'>ἀρχὴν</span> <span class='ocrx_word' id='word_1_916' title='bbox 3487 3903 3632 3956; x_wconf 73' lang='grc' dir='ltr'>οἷσο-</span> 
     </span>
    </p>
   </div>
   <div class='ocr_carea' id='block_1_113' title="bbox 1953 3983 3636 4063">
    <p class='ocr_par' dir='ltr' id='par_1_113' title="bbox 1953 3983 3636 4063">
     <span class='ocr_line' id='line_1_113' title="bbox 1953 3983 3636 4063; baseline -0.007 -17"><span class='ocrx_word' id='word_1_917' title='bbox 1953 4009 2069 4063; x_wconf 84' lang='grc' dir='ltr'>.μεν</span> <span class='ocrx_word' id='word_1_918' title='bbox 2107 3991 2214 4060; x_wconf 83' lang='grc' dir='ltr'>τὴν</span> <span class='ocrx_word' id='word_1_919' title='bbox 2233 3989 2511 4059; x_wconf 83' lang='grc' dir='ltr'>ἀνωτέρω.</span> <span class='ocrx_word' id='word_1_920' title='bbox 2569 3987 2632 4040; x_wconf 93' lang='grc' dir='ltr'>Τί</span> <span class='ocrx_word' id='word_1_921' title='bbox 2683 3987 2813 4058; x_wconf 81' lang='grc' dir='ltr'>γὰρ,</span> <span class='ocrx_word' id='word_1_922' title='bbox 2861 3989 2910 4041; x_wconf 86' lang='grc' dir='ltr'>εί</span> <span class='ocrx_word' id='word_1_923' title='bbox 2940 3987 3042 4040; x_wconf 71' lang='grc' dir='ltr'>καὶ</span> <span class='ocrx_word' id='word_1_924' title='bbox 3083 3985 3368 4063; x_wconf 44' lang='lat' dir='ltr'><strong>9.616:th</strong></span> <span class='ocrx_word' id='word_1_925' title='bbox 3410 3983 3636 4063; x_wconf 83' lang='grc' dir='ltr'>ήλικίαν</span> 
     </span>
    </p>
   </div>
   <div class='ocr_carea' id='block_1_114' title="bbox 1953 4061 3632 4140">
    <p class='ocr_par' dir='ltr' id='par_1_114' title="bbox 1953 4061 3632 4140">
     <span class='ocr_line' id='line_1_114' title="bbox 1953 4061 3632 4140; baseline -0.006 -16"><span class='ocrx_word' id='word_1_926' title='bbox 1953 4061 2182 4140; x_wconf 69' lang='grc' dir='ltr'>ἐκείνην</span> <span class='ocrx_word' id='word_1_927' title='bbox 2204 4067 2574 4138; x_wconf 89' lang='grc' dir='ltr'>ἀνεπιτήδειος</span> <span class='ocrx_word' id='word_1_928' title='bbox 2601 4065 2677 4119; x_wconf 85' lang='grc' dir='ltr'>ὣν</span> <span class='ocrx_word' id='word_1_929' title='bbox 2703 4066 2891 4136; x_wconf 47' lang='grc' dir='ltr'>’μένοι;</span> <span class='ocrx_word' id='word_1_930' title='bbox 2925 4066 3035 4119; x_wconf 67' lang='grc' dir='ltr'>Καὶ</span> <span class='ocrx_word' id='word_1_931' title='bbox 3061 4065 3123 4118; x_wconf 87' lang='grc' dir='ltr'>οὐ</span> <span class='ocrx_word' id='word_1_932' title='bbox 3153 4064 3254 4134; x_wconf 84' lang='grc' dir='ltr'>τὴν</span> <span class='ocrx_word' id='word_1_933' title='bbox 3287 4061 3483 4140; x_wconf 78' lang='grc' dir='ltr'>πολιὰν</span> <span class='ocrx_word' id='word_1_934' title='bbox 3511 4062 3632 4114; x_wconf 85' lang='grc' dir='ltr'>ἀτι-</span> 
     </span>
    </p>
   </div>
   <div class='ocr_carea' id='block_1_115' title="bbox 1953 4139 3633 4219">
    <p class='ocr_par' dir='ltr' id='par_1_115' title="bbox 1953 4139 3633 4219">
     <span class='ocr_line' id='line_1_115' title="bbox 1953 4139 3633 4219; baseline -0.005 -17"><span class='ocrx_word' id='word_1_935' title='bbox 1953 4139 2145 4219; x_wconf 82' lang='grc' dir='ltr'>μάσαι</span> <span class='ocrx_word' id='word_1_936' title='bbox 2170 4145 2510 4218; x_wconf 79' lang='grc' dir='ltr'>βουλόμενος,</span> <span class='ocrx_word' id='word_1_937' title='bbox 2543 4145 2663 4198; x_wconf 78' lang='grc' dir='ltr'>οὐδὲ</span> <span class='ocrx_word' id='word_1_938' title='bbox 2702 4144 3006 4216; x_wconf 82' lang='grc' dir='ltr'>νομοθετῶν</span> <span class='ocrx_word' id='word_1_939' title='bbox 3045 4145 3172 4205; x_wconf 74' lang='grc' dir='ltr'>τοὺς</span> <span class='ocrx_word' id='word_1_940' title='bbox 3199 4142 3308 4196; x_wconf 81' lang='grc' dir='ltr'>ἀπὸ</span> <span class='ocrx_word' id='word_1_941' title='bbox 3331 4139 3501 4213; x_wconf 72' lang='grc' dir='ltr'>χοροῦ</span> <span class='ocrx_word' id='word_1_942' title='bbox 3533 4157 3633 4210; x_wconf 89' lang='grc' dir='ltr'>μο-</span> 
     </span>
    </p>
   </div>
   <div class='ocr_carea' id='block_1_116' title="bbox 1967 4219 3632 4296">
    <p class='ocr_par' dir='ltr' id='par_1_116' title="bbox 1967 4219 3632 4296">
     <span class='ocr_line' id='line_1_116' title="bbox 1967 4219 3632 4296; baseline -0.005 -16"><span class='ocrx_word' id='word_1_943' title='bbox 1967 4229 2234 4291; x_wconf 77' lang='grc' dir='ltr'>ναζόντων</span> <span class='ocrx_word' id='word_1_944' title='bbox 2275 4226 2528 4296; x_wconf 79' lang='grc' dir='ltr'>ἥκοντας,</span> <span class='ocrx_word' id='word_1_945' title='bbox 2571 4225 2788 4288; x_wconf 84' lang='grc' dir='ltr'>πάντως</span> <span class='ocrx_word' id='word_1_946' title='bbox 2829 4223 3188 4294; x_wconf 86' lang='grc' dir='ltr'>ἀπείργεσθαι</span> <span class='ocrx_word' id='word_1_947' title='bbox 3232 4223 3332 4292; x_wconf 84' lang='grc' dir='ltr'>τῆς</span> <span class='ocrx_word' id='word_1_948' title='bbox 3373 4219 3632 4289; x_wconf 84' lang='grc' dir='ltr'>τοιαύτης</span> 
     </span>
    </p>
   </div>
   <div class='ocr_carea' id='block_1_117' title="bbox 1965 4297 3640 4374">
    <p class='ocr_par' dir='ltr' id='par_1_117' title="bbox 1965 4297 3640 4374">
     <span class='ocr_line' id='line_1_117' title="bbox 1965 4297 3640 4374; baseline -0.004 -16"><span class='ocrx_word' id='word_1_949' title='bbox 1965 4304 2301 4368; x_wconf 77' lang='grc' dir='ltr'>ἐπιστασίας,</span> <span class='ocrx_word' id='word_1_950' title='bbox 2327 4303 2499 4356; x_wconf 85' lang='grc' dir='ltr'>ταῦτα</span> <span class='ocrx_word' id='word_1_951' title='bbox 2525 4298 2678 4356; x_wconf 74' lang='grc' dir='ltr'>εἷπον</span> <span class='ocrx_word' id='word_1_952' title='bbox 2705 4302 2800 4356; x_wconf 90' lang='grc' dir='ltr'>νῦν</span> <span class='ocrx_word' id='word_1_953' title='bbox 2822 4302 3042 4373; x_wconf 85' lang='grc' dir='ltr'>(συνέϐη</span> <span class='ocrx_word' id='word_1_954' title='bbox 3067 4300 3174 4374; x_wconf 86' lang='grc' dir='ltr'>γὰρ</span> <span class='ocrx_word' id='word_1_955' title='bbox 3193 4300 3425 4363; x_wconf 73' lang='grc' dir='ltr'>πολλοὺς</span> <span class='ocrx_word' id='word_1_956' title='bbox 3452 4299 3548 4352; x_wconf 80' lang='grc' dir='ltr'>καὶ</span> <span class='ocrx_word' id='word_1_957' title='bbox 3573 4297 3640 4363; x_wconf 78' lang='grc' dir='ltr'>ἐξ</span> 
     </span>
    </p>
   </div>
   <div class='ocr_carea' id='block_1_118' title="bbox 1965 4377 3636 4454">
    <p class='ocr_par' dir='ltr' id='par_1_118' title="bbox 1965 4377 3636 4454">
     <span class='ocr_line' id='line_1_118' title="bbox 1965 4377 3636 4454; baseline -0.003 -17"><span class='ocrx_word' id='word_1_958' title='bbox 1965 4384 2180 4454; x_wconf 86' lang='grc' dir='ltr'>ἐκείνης</span> <span class='ocrx_word' id='word_1_959' title='bbox 2207 4381 2462 4444; x_wconf 87' lang='grc' dir='ltr'>ἐλθόντας</span> <span class='ocrx_word' id='word_1_960' title='bbox 2488 4383 2585 4453; x_wconf 79' lang='grc' dir='ltr'>τῆς</span> <span class='ocrx_word' id='word_1_961' title='bbox 2617 4381 2820 4450; x_wconf 81' lang='grc' dir='ltr'>ἀγέλης</span> <span class='ocrx_word' id='word_1_962' title='bbox 2851 4384 2930 4444; x_wconf 86' lang='grc' dir='ltr'>είς</span> <span class='ocrx_word' id='word_1_963' title='bbox 2963 4381 3168 4450; x_wconf 90' lang='grc' dir='ltr'>ταύτην</span> <span class='ocrx_word' id='word_1_964' title='bbox 3196 4378 3496 4448; x_wconf 82' lang='grc' dir='ltr'>διαλάμψαι</span> <span class='ocrx_word' id='word_1_965' title='bbox 3532 4377 3636 4448; x_wconf 76' lang='grc' dir='ltr'>τὴν</span> 
     </span>
    </p>
   </div>
   <div class='ocr_carea' id='block_1_119' title="bbox 1954 4455 3632 4534">
    <p class='ocr_par' dir='ltr' id='par_1_119' title="bbox 1954 4455 3632 4534">
     <span class='ocr_line' id='line_1_119' title="bbox 1954 4455 3632 4534; baseline -0.007 -16"><span class='ocrx_word' id='word_1_966' title='bbox 1954 4461 2182 4534; x_wconf 75' lang='grc' dir='ltr'>ἀρχὴν).</span> <span class='ocrx_word' id='word_1_967' title='bbox 2206 4461 2322 4514; x_wconf 83' lang='grc' dir='ltr'>ἀλλ’</span> <span class='ocrx_word' id='word_1_968' title='bbox 2341 4463 2518 4514; x_wconf 84' lang='grc' dir='ltr'>ἐκεῖνο</span> <span class='ocrx_word' id='word_1_969' title='bbox 2541 4461 2708 4527; x_wconf 86' lang='grc' dir='ltr'>δεῖξαι</span> <span class='ocrx_word' id='word_1_970' title='bbox 2743 4460 3078 4525; x_wconf 75' lang='grc' dir='ltr'>σπουδάζων,</span> <span class='ocrx_word' id='word_1_971' title='bbox 3107 4461 3187 4513; x_wconf 84' lang='grc' dir='ltr'>ὅτι</span> <span class='ocrx_word' id='word_1_972' title='bbox 3215 4459 3265 4511; x_wconf 83' lang='grc' dir='ltr'>εί</span> <span class='ocrx_word' id='word_1_973' title='bbox 3301 4459 3437 4528; x_wconf 84' lang='grc' dir='ltr'>μήτε</span> <span class='ocrx_word' id='word_1_974' title='bbox 3469 4455 3632 4509; x_wconf 86' lang='grc' dir='ltr'>εὐλά-</span> 
     </span>
    </p>
   </div>
   <div class='ocr_carea' id='block_1_120' title="bbox 1965 4535 3634 4612">
    <p class='ocr_par' dir='ltr' id='par_1_120' title="bbox 1965 4535 3634 4612">
     <span class='ocr_line' id='line_1_120' title="bbox 1965 4535 3634 4612; baseline -0.004 -17"><span class='ocrx_word' id='word_1_975' title='bbox 1965 4543 2087 4595; x_wconf 86' lang='grc' dir='ltr'>ϐεια</span> <span class='ocrx_word' id='word_1_976' title='bbox 2117 4541 2238 4594; x_wconf 85' lang='grc' dir='ltr'>καθ’</span> <span class='ocrx_word' id='word_1_977' title='bbox 2258 4540 2487 4612; x_wconf 50' lang='grc' dir='ltr'>νέαυτὴν,</span> <span class='ocrx_word' id='word_1_978' title='bbox 2524 4542 2656 4612; x_wconf 85' lang='grc' dir='ltr'>μήτε</span> <span class='ocrx_word' id='word_1_979' title='bbox 2688 4541 2864 4611; x_wconf 85' lang='grc' dir='ltr'>γῆρας</span> <span class='ocrx_word' id='word_1_980' title='bbox 2897 4539 3108 4610; x_wconf 89' lang='grc' dir='ltr'>μακρὸν</span> <span class='ocrx_word' id='word_1_981' title='bbox 3148 4541 3308 4592; x_wconf 83' lang='grc' dir='ltr'>ίκανά</span> <span class='ocrx_word' id='word_1_982' title='bbox 3341 4537 3540 4606; x_wconf 82' lang='grc' dir='ltr'>γένοιτ’</span> <span class='ocrx_word' id='word_1_983' title='bbox 3567 4535 3634 4590; x_wconf 74' lang='grc' dir='ltr'>ἂν</span> 
     </span>
    </p>
   </div>
   <div class='ocr_carea' id='block_1_121' title="bbox 1963 4615 3636 4691">
    <p class='ocr_par' dir='ltr' id='par_1_121' title="bbox 1963 4615 3636 4691">
     <span class='ocr_line' id='line_1_121' title="bbox 1963 4615 3636 4691; baseline -0.002 -17"><span class='ocrx_word' id='word_1_984' title='bbox 1963 4621 2133 4684; x_wconf 82' lang='grc' dir='ltr'>δεῖξαι</span> <span class='ocrx_word' id='word_1_985' title='bbox 2147 4621 2243 4673; x_wconf 84' lang='grc' dir='ltr'>τὸν</span> <span class='ocrx_word' id='word_1_986' title='bbox 2267 4621 2600 4691; x_wconf 87' lang='grc' dir='ltr'>κεκτημένον</span> <span class='ocrx_word' id='word_1_987' title='bbox 2633 4619 2929 4691; x_wconf 80' lang='grc' dir='ltr'>ἱερωσύνης</span> <span class='ocrx_word' id='word_1_988' title='bbox 2955 4621 3102 4685; x_wconf 81' lang='grc' dir='ltr'>ἀξιον</span> <span class='ocrx_word' id='word_1_989' title='bbox 3123 4619 3270 4686; x_wconf 74' lang='grc' dir='ltr'>ὅντα,</span> <span class='ocrx_word' id='word_1_990' title='bbox 3305 4617 3466 4688; x_wconf 79' lang='grc' dir='ltr'>σχολῇ</span> <span class='ocrx_word' id='word_1_991' title='bbox 3490 4617 3540 4684; x_wconf 85' lang='grc' dir='ltr'>γ’</span> <span class='ocrx_word' id='word_1_992' title='bbox 3567 4615 3636 4670; x_wconf 82' lang='grc' dir='ltr'>ἀν</span> 
     </span>
    </p>
   </div>
   <div class='ocr_carea' id='block_1_122' title="bbox 1966 4694 3636 4770">
    <p class='ocr_par' dir='ltr' id='par_1_122' title="bbox 1966 4694 3636 4770">
     <span class='ocr_line' id='line_1_122' title="bbox 1966 4694 3636 4770; baseline -0.003 -17"><span class='ocrx_word' id='word_1_993' title='bbox 1966 4702 2020 4754; x_wconf 79' lang='grc' dir='ltr'>αἱ</span> <span class='ocrx_word' id='word_1_994' title='bbox 2054 4699 2451 4770; x_wconf 86' lang='grc' dir='ltr'>προειρημέναι</span> <span class='ocrx_word' id='word_1_995' title='bbox 2485 4698 2786 4769; x_wconf 70' lang='grc' dir='ltr'>προφάσεις</span> <span class='ocrx_word' id='word_1_996' title='bbox 2814 4698 2972 4751; x_wconf 88' lang='grc' dir='ltr'>τοῦτο</span> <span class='ocrx_word' id='word_1_997' title='bbox 2995 4699 3340 4769; x_wconf 81' lang='grc' dir='ltr'>ἐργάσαιντο.</span> <span class='ocrx_word' id='word_1_998' title='bbox 3379 4700 3441 4750; x_wconf 85' lang='grc' dir='ltr'>Οί</span> <span class='ocrx_word' id='word_1_999' title='bbox 3463 4694 3636 4749; x_wconf 80' lang='grc' dir='ltr'>δὲκαὶ</span> 
     </span>
    </p>
   </div>
   <div class='ocr_carea' id='block_1_123' title="bbox 1963 4775 3634 4850">
    <p class='ocr_par' dir='ltr' id='par_1_123' title="bbox 1963 4775 3634 4850">
     <span class='ocr_line' id='line_1_123' title="bbox 1963 4775 3634 4850; baseline -0.004 -17"><span class='ocrx_word' id='word_1_1000' title='bbox 1963 4779 2158 4850; x_wconf 84' lang='grc' dir='ltr'>ἐτέρας</span> <span class='ocrx_word' id='word_1_1001' title='bbox 2192 4777 2574 4849; x_wconf 89' lang='grc' dir='ltr'>προστιθέασιν</span> <span class='ocrx_word' id='word_1_1002' title='bbox 2613 4777 2992 4847; x_wconf 86' lang='grc' dir='ltr'>ἀτοπωτέρας·</span> <span class='ocrx_word' id='word_1_1003' title='bbox 3039 4780 3133 4830; x_wconf 81' lang='grc' dir='ltr'>καὶ</span> <span class='ocrx_word' id='word_1_1004' title='bbox 3168 4776 3276 4848; x_wconf 80' lang='grc' dir='ltr'>γὰρ</span> <span class='ocrx_word' id='word_1_1005' title='bbox 3305 4779 3352 4828; x_wconf 78' lang='grc' dir='ltr'>οἱ</span> <span class='ocrx_word' id='word_1_1006' title='bbox 3383 4775 3505 4846; x_wconf 87' lang='grc' dir='ltr'>μὲν,</span> <span class='ocrx_word' id='word_1_1007' title='bbox 3547 4775 3634 4828; x_wconf 81' lang='grc' dir='ltr'>ἵνα</span> 
     </span>
    </p>
   </div>
   <div class='ocr_carea' id='block_1_124' title="bbox 1965 4853 3637 4930">
    <p class='ocr_par' dir='ltr' id='par_1_124' title="bbox 1965 4853 3637 4930">
     <span class='ocr_line' id='line_1_124' title="bbox 1965 4853 3637 4930; baseline -0.002 -19"><span class='ocrx_word' id='word_1_1008' title='bbox 1965 4859 2044 4930; x_wconf 85' lang='grc' dir='ltr'>μὴ</span> <span class='ocrx_word' id='word_1_1009' title='bbox 2095 4857 2235 4927; x_wconf 85' lang='grc' dir='ltr'>μετά</span> <span class='ocrx_word' id='word_1_1010' title='bbox 2275 4856 2382 4910; x_wconf 88' lang='grc' dir='ltr'>τῶν</span> <span class='ocrx_word' id='word_1_1011' title='bbox 2418 4855 2674 4909; x_wconf 87' lang='grc' dir='ltr'>ἐναντίων</span> <span class='ocrx_word' id='word_1_1012' title='bbox 2709 4856 2947 4920; x_wconf 80' lang='grc' dir='ltr'>τάξωσιν</span> <span class='ocrx_word' id='word_1_1013' title='bbox 2989 4858 3235 4922; x_wconf 80' lang='grc' dir='ltr'>ἑαυτοὺς,</span> <span class='ocrx_word' id='word_1_1014' title='bbox 3270 4857 3350 4920; x_wconf 85' lang='grc' dir='ltr'>είς</span> <span class='ocrx_word' id='word_1_1015' title='bbox 3393 4856 3493 4927; x_wconf 83' lang='grc' dir='ltr'>τὴν</span> <span class='ocrx_word' id='word_1_1016' title='bbox 3541 4853 3637 4908; x_wconf 88' lang='grc' dir='ltr'>τοῦ</span> 
     </span>
    </p>
   </div>
   <div class='ocr_carea' id='block_1_125' title="bbox 1967 4933 3637 5009">
    <p class='ocr_par' dir='ltr' id='par_1_125' title="bbox 1967 4933 3637 5009">
     <span class='ocr_line' id='line_1_125' title="bbox 1967 4933 3637 5009; baseline -0.004 -18"><span class='ocrx_word' id='word_1_1017' title='bbox 1967 4939 2172 5009; x_wconf 86' lang='grc' dir='ltr'>κλήρου</span> <span class='ocrx_word' id='word_1_1018' title='bbox 2196 4935 2584 5003; x_wconf 88' lang='grc' dir='ltr'>καταλέγονται</span> <span class='ocrx_word' id='word_1_1019' title='bbox 2615 4933 2787 4999; x_wconf 86' lang='grc' dir='ltr'>τάξιν,</span> <span class='ocrx_word' id='word_1_1020' title='bbox 2823 4936 2872 4988; x_wconf 85' lang='grc' dir='ltr'>οί</span> <span class='ocrx_word' id='word_1_1021' title='bbox 2903 4936 2960 4989; x_wconf 82' lang='grc' dir='ltr'>δὲ</span> <span class='ocrx_word' id='word_1_1022' title='bbox 2985 4936 3074 4989; x_wconf 84' lang='grc' dir='ltr'>διὰ</span> <span class='ocrx_word' id='word_1_1023' title='bbox 3103 4936 3389 5005; x_wconf 87' lang='grc' dir='ltr'>πονηρίαν,</span> <span class='ocrx_word' id='word_1_1024' title='bbox 3424 4933 3521 4988; x_wconf 81' lang='grc' dir='ltr'>καὶ</span> <span class='ocrx_word' id='word_1_1025' title='bbox 3548 4933 3637 4986; x_wconf 75' lang='grc' dir='ltr'>ἶνα</span> 
     </span>
    </p>
   </div>
   <div class='ocr_carea' id='block_1_126' title="bbox 1970 5012 3636 5089">
    <p class='ocr_par' dir='ltr' id='par_1_126' title="bbox 1970 5012 3636 5089">
     <span class='ocr_line' id='line_1_126' title="bbox 1970 5012 3636 5089; baseline -0.012 -4"><span class='ocrx_word' id='word_1_1026' title='bbox 1970 5019 2044 5089; x_wconf 85' lang='grc' dir='ltr'>μὴ</span> <span class='ocrx_word' id='word_1_1027' title='bbox 2068 5016 2438 5088; x_wconf 82' lang='grc' dir='ltr'>παροφθέντες</span> <span class='ocrx_word' id='word_1_1028' title='bbox 2465 5015 2674 5086; x_wconf 84' lang='grc' dir='ltr'>μεγάλα</span> <span class='ocrx_word' id='word_1_1029' title='bbox 2696 5017 3038 5088; x_wconf 80' lang='grc' dir='ltr'>ἐργάσωνται</span> <span class='ocrx_word' id='word_1_1030' title='bbox 3057 5017 3236 5070; x_wconf 80' lang='grc' dir='ltr'>κακά.</span> <span class='ocrx_word' id='word_1_1031' title='bbox 3259 5013 3408 5087; x_wconf 62' lang='grc' dir='ltr'>’Δρα</span> <span class='ocrx_word' id='word_1_1032' title='bbox 3439 5012 3636 5082; x_wconf 81' lang='grc' dir='ltr'>γένοιτ’</span> 
     </span>
    </p>
   </div>
   <div class='ocr_carea' id='block_1_127' title="bbox 1962 5092 3638 5167">
    <p class='ocr_par' dir='ltr' id='par_1_127' title="bbox 1962 5092 3638 5167">
     <span class='ocr_line' id='line_1_127' title="bbox 1962 5092 3638 5167; baseline -0.003 -16"><span class='ocrx_word' id='word_1_1033' title='bbox 1962 5098 2032 5152; x_wconf 78' lang='grc' dir='ltr'>ἀν</span> <span class='ocrx_word' id='word_1_1034' title='bbox 2056 5115 2108 5149; x_wconf 93' lang='grc' dir='ltr'>τι</span> <span class='ocrx_word' id='word_1_1035' title='bbox 2134 5097 2325 5149; x_wconf 88' lang='grc' dir='ltr'>τούτου</span> <span class='ocrx_word' id='word_1_1036' title='bbox 2354 5094 2812 5167; x_wconf 86' lang='grc' dir='ltr'>παρανομώτερον</span> <span class='ocrx_word' id='word_1_1037' title='bbox 2835 5112 2848 5161; x_wconf 91' lang='grc'><strong>;</strong></span> <span class='ocrx_word' id='word_1_1038' title='bbox 2879 5096 3046 5150; x_wconf 85' lang='grc' dir='ltr'>Ὅταν</span> <span class='ocrx_word' id='word_1_1039' title='bbox 3071 5096 3348 5167; x_wconf 76' lang='grc' dir='ltr'>ἄνθρωποι</span> <span class='ocrx_word' id='word_1_1040' title='bbox 3375 5092 3638 5165; x_wconf 78' lang='grc' dir='ltr'>μοχθηροὶ</span> 
     </span>
    </p>
   </div>
   <div class='ocr_carea' id='block_1_128' title="bbox 1967 5173 3635 5246">
    <p class='ocr_par' dir='ltr' id='par_1_128' title="bbox 1967 5173 3635 5246">
     <span class='ocr_line' id='line_1_128' title="bbox 1967 5173 3635 5246; baseline -0.004 -16"><span class='ocrx_word' id='word_1_1041' title='bbox 1967 5178 2059 5230; x_wconf 73' lang='grc' dir='ltr'>καὶ</span> <span class='ocrx_word' id='word_1_1042' title='bbox 2090 5176 2300 5246; x_wconf 82' lang='grc' dir='ltr'>μυρίων</span> <span class='ocrx_word' id='word_1_1043' title='bbox 2341 5176 2606 5246; x_wconf 83' lang='grc' dir='ltr'>γέμοντες</span> <span class='ocrx_word' id='word_1_1044' title='bbox 2634 5175 2822 5229; x_wconf 87' lang='grc' dir='ltr'>κακῶν</span> <span class='ocrx_word' id='word_1_1045' title='bbox 2865 5175 2955 5229; x_wconf 82' lang='grc' dir='ltr'>διὰ</span> <span class='ocrx_word' id='word_1_1046' title='bbox 2977 5175 3156 5230; x_wconf 85' lang='grc' dir='ltr'>ταῦτα</span> <span class='ocrx_word' id='word_1_1047' title='bbox 3200 5173 3635 5246; x_wconf 88' lang='grc' dir='ltr'>θεραπεύωνται,</span> 
     </span>
    </p>
   </div>
   <div class='ocr_carea' id='block_1_129' title="bbox 1964 5247 3636 5326">
    <p class='ocr_par' dir='ltr' id='par_1_129' title="bbox 1964 5247 3636 5326">
     <span class='ocr_line' id='line_1_129' title="bbox 1964 5247 3636 5326; baseline -0.003 -17"><span class='ocrx_word' id='word_1_1048' title='bbox 1964 5257 2030 5309; x_wconf 86' lang='grc' dir='ltr'>δι’</span> <span class='ocrx_word' id='word_1_1049' title='bbox 2051 5254 2089 5309; x_wconf 78' lang='grc' dir='ltr'>ἃ</span> <span class='ocrx_word' id='word_1_1050' title='bbox 2116 5254 2437 5320; x_wconf 79' lang='grc' dir='ltr'>κολάζεσθαι</span> <span class='ocrx_word' id='word_1_1051' title='bbox 2467 5255 2594 5318; x_wconf 81' lang='grc' dir='ltr'>ἔδει,</span> <span class='ocrx_word' id='word_1_1052' title='bbox 2621 5255 2716 5308; x_wconf 84' lang='grc' dir='ltr'>καὶ</span> <span class='ocrx_word' id='word_1_1053' title='bbox 2750 5247 2826 5308; x_wconf 87' lang='grc' dir='ltr'>ὦν</span> <span class='ocrx_word' id='word_1_1054' title='bbox 2850 5255 3036 5308; x_wconf 73' lang='grc' dir='ltr'>ἕνεκεν</span> <span class='ocrx_word' id='word_1_1055' title='bbox 3062 5254 3201 5326; x_wconf 86' lang='grc' dir='ltr'>μηδέ</span> <span class='ocrx_word' id='word_1_1056' title='bbox 3227 5253 3319 5307; x_wconf 82' lang='grc' dir='ltr'>τὸν</span> <span class='ocrx_word' id='word_1_1057' title='bbox 3351 5253 3505 5306; x_wconf 83' lang='grc' dir='ltr'>οὐδὸν</span> <span class='ocrx_word' id='word_1_1058' title='bbox 3532 5250 3636 5320; x_wconf 83' lang='grc' dir='ltr'>τῆς</span> 
     </span>
    </p>
   </div>
   <div class='ocr_carea' id='block_1_130' title="bbox 1967 5331 3639 5405">
    <p class='ocr_par' dir='ltr' id='par_1_130' title="bbox 1967 5331 3639 5405">
     <span class='ocr_line' id='line_1_130' title="bbox 1967 5331 3639 5405; baseline -0.003 -17"><span class='ocrx_word' id='word_1_1059' title='bbox 1967 5334 2262 5405; x_wconf 86' lang='grc' dir='ltr'>ἐκκλησίας</span> <span class='ocrx_word' id='word_1_1060' title='bbox 2309 5334 2652 5404; x_wconf 83' lang='grc' dir='ltr'>ὑπερϐαίνειν</span> <span class='ocrx_word' id='word_1_1061' title='bbox 2680 5334 2848 5405; x_wconf 84' lang='grc' dir='ltr'>ἐχρῆν</span> <span class='ocrx_word' id='word_1_1062' title='bbox 2877 5373 2892 5400; x_wconf 93' lang='grc'>,</span> <span class='ocrx_word' id='word_1_1063' title='bbox 2924 5334 3064 5405; x_wconf 83' lang='grc' dir='ltr'>ὑπὲρ</span> <span class='ocrx_word' id='word_1_1064' title='bbox 3089 5332 3295 5387; x_wconf 87' lang='grc' dir='ltr'>τούτων</span> <span class='ocrx_word' id='word_1_1065' title='bbox 3318 5334 3412 5386; x_wconf 78' lang='grc' dir='ltr'>καὶ</span> <span class='ocrx_word' id='word_1_1066' title='bbox 3436 5333 3514 5395; x_wconf 80' lang='grc' dir='ltr'>εἰς</span> <span class='ocrx_word' id='word_1_1067' title='bbox 3537 5331 3639 5400; x_wconf 85' lang='grc' dir='ltr'>τὴν</span> 
     </span>
    </p>
   </div>
   <div class='ocr_carea' id='block_1_131' title="bbox 2034 5485 3641 5564">
    <p class='ocr_par' dir='ltr' id='par_1_131' title="bbox 2034 5485 3641 5564">
     <span class='ocr_line' id='line_1_131' title="bbox 2034 5485 3641 5564; baseline -0.001 -27"><span class='ocrx_word' id='word_1_1068' title='bbox 2034 5500 2057 5527; x_wconf 82' lang='lat' dir='ltr'><strong>e</strong></span> <span class='ocrx_word' id='word_1_1069' title='bbox 2075 5487 2229 5564; x_wconf 67' lang='grc' dir='ltr'>βεινίι.</span> <span class='ocrx_word' id='word_1_1070' title='bbox 2244 5495 2308 5563; x_wconf 33' lang='grc' dir='ltr'>ἐι</span> <span class='ocrx_word' id='word_1_1071' title='bbox 2327 5486 2525 5550; x_wconf 83' lang='lat' dir='ltr'>plurimi</span> <span class='ocrx_word' id='word_1_1072' title='bbox 2547 5500 2660 5536; x_wconf 88' lang='lat' dir='ltr'>mss.</span> <span class='ocrx_word' id='word_1_1073' title='bbox 2684 5489 2728 5534; x_wconf 81' lang='grc' dir='ltr'>οἱ</span> <span class='ocrx_word' id='word_1_1074' title='bbox 2752 5487 3038 5549; x_wconf 76' lang='grc' dir='ltr'>φιλάργυροι.</span> <span class='ocrx_word' id='word_1_1075' title='bbox 3068 5486 3192 5536; x_wconf 87' lang='lat' dir='ltr'>Ibid.</span> <span class='ocrx_word' id='word_1_1076' title='bbox 3230 5485 3427 5548; x_wconf 86' lang='lat' dir='ltr'>quidam</span> <span class='ocrx_word' id='word_1_1077' title='bbox 3450 5487 3519 5549; x_wconf 80' lang='grc' dir='ltr'>τῷ</span> <span class='ocrx_word' id='word_1_1078' title='bbox 3541 5486 3641 5535; x_wconf 77' lang='grc' dir='ltr'>τῶν</span> 
     </span>
    </p>
   </div>
   <div class='ocr_carea' id='block_1_132' title="bbox 1967 5565 2340 5612">
    <p class='ocr_par' dir='ltr' id='par_1_132' title="bbox 1967 5565 2340 5612">
     <span class='ocr_line' id='line_1_132' title="bbox 1967 5565 2340 5612; baseline -0.013 -12"><span class='ocrx_word' id='word_1_1079' title='bbox 1967 5565 2181 5612; x_wconf 66' lang='grc' dir='ltr'>πατέρων</span> <span class='ocrx_word' id='word_1_1080' title='bbox 2202 5565 2340 5612; x_wconf 80' lang='grc' dir='ltr'>γηρᾳ.</span> 
     </span>
    </p>
   </div>
   <div class='ocr_carea' id='block_1_133' title="bbox 2041 5607 3636 5671">
    <p class='ocr_par' dir='ltr' id='par_1_133' title="bbox 2041 5607 3636 5671">
     <span class='ocr_line' id='line_1_133' title="bbox 2041 5607 3636 5671; baseline 0 -13"><span class='ocrx_word' id='word_1_1081' title='bbox 2041 5613 2057 5650; x_wconf 75' lang='grc' dir='ltr'>ί</span> <span class='ocrx_word' id='word_1_1082' title='bbox 2091 5607 2226 5658; x_wconf 72' lang='lat' dir='ltr'>Unus</span> <span class='ocrx_word' id='word_1_1083' title='bbox 2247 5607 2401 5657; x_wconf 75' lang='grc' dir='ltr'>δέοιτο</span> <span class='ocrx_word' id='word_1_1084' title='bbox 2427 5616 2614 5671; x_wconf 78' lang='grc' dir='ltr'>τροφῆς.</span> <span class='ocrx_word' id='word_1_1085' title='bbox 2641 5609 2781 5671; x_wconf 15' lang='grc' dir='ltr'>Αιὶᾐυς</span> <span class='ocrx_word' id='word_1_1086' title='bbox 2815 5610 2913 5656; x_wconf 81' lang='grc' dir='ltr'>δέοι</span> <span class='ocrx_word' id='word_1_1087' title='bbox 2953 5615 3141 5670; x_wconf 82' lang='grc' dir='ltr'>τροφῆς.</span> <span class='ocrx_word' id='word_1_1088' title='bbox 3169 5607 3296 5658; x_wconf 78' lang='lat' dir='ltr'><strong>Infra</strong></span> <span class='ocrx_word' id='word_1_1089' title='bbox 3321 5622 3447 5660; x_wconf 79' lang='lat' dir='ltr'>unus</span> <span class='ocrx_word' id='word_1_1090' title='bbox 3487 5609 3566 5658; x_wconf 79' lang='grc' dir='ltr'>καὶ</span> <span class='ocrx_word' id='word_1_1091' title='bbox 3588 5609 3636 5658; x_wconf 76' lang='grc' dir='ltr'>σί</span> 
     </span>
    </p>
   </div>
   <div class='ocr_carea' id='block_1_134' title="bbox 1977 5668 3332 5733">
    <p class='ocr_par' dir='ltr' id='par_1_134' title="bbox 1977 5668 3332 5733">
     <span class='ocr_line' id='line_1_134' title="bbox 1977 5668 3332 5733; baseline -0.001 -10"><span class='ocrx_word' id='word_1_1092' title='bbox 1977 5675 2059 5723; x_wconf 73' lang='grc' dir='ltr'>αέν</span> <span class='ocrx_word' id='word_1_1093' title='bbox 2082 5672 2161 5720; x_wconf 84' lang='grc' dir='ltr'>τὸν</span> <span class='ocrx_word' id='word_1_1094' title='bbox 2181 5671 2424 5726; x_wconf 71' lang='grc' dir='ltr'>οἰκείως...</span> <span class='ocrx_word' id='word_1_1095' title='bbox 2454 5668 2496 5718; x_wconf 81' lang='grc' dir='ltr'>οἱ</span> <span class='ocrx_word' id='word_1_1096' title='bbox 2520 5668 2589 5731; x_wconf 79' lang='grc' dir='ltr'>δέ,</span> <span class='ocrx_word' id='word_1_1097' title='bbox 2615 5675 2668 5718; x_wconf 78' lang='lat' dir='ltr'>cl</span> <span class='ocrx_word' id='word_1_1098' title='bbox 2688 5668 2760 5718; x_wconf 81' lang='lat' dir='ltr'>sic.</span> <span class='ocrx_word' id='word_1_1099' title='bbox 2781 5668 3110 5731; x_wconf 65' lang='lat' dir='ltr'>sequentium</span> <span class='ocrx_word' id='word_1_1100' title='bbox 3131 5672 3332 5733; x_wconf 80' lang='lat' dir='ltr'>plurali.</span> 
     </span>
    </p>
   </div>
  </div>
