3860 6216
274 217 381 278 655

279 419 346 470 πέ
370 435 481 488 μοι,
502 417 598 472 τοῦ
621 417 758 472 Θεοῦ
781 418 879 490 τῆς
911 418 1081 489 ὀργῆς
1113 417 1211 489 τὴν
1231 417 1428 481 αἰτίαν,
1451 418 1753 490 πράγματα
1777 413 1954 478 οὕτως

275 497 409 565 ἅγια
447 498 544 550 καὶ
574 497 988 569 φρικωδέστατα
1020 495 1328 568 ἀνθρώποις
1365 499 1479 560 τοῖς
1528 497 1626 565 μὲν
1674 496 1950 566 πονηροῖς,

275 580 390 642 τοῖς
419 577 477 631 δέ
504 577 718 642 οὐδενὸς
757 576 928 642 ἀξίοις
971 575 1331 647 λυμαίνεσθαι
1376 577 1744 650 παρέχοντες;
1783 577 1954 630 Ὅταν

277 657 388 730 γὰρ
401 659 451 710 οῖ
470 658 569 729 μὲν
585 658 695 710 τῶν
713 657 878 729 μηδὲν
890 658 1073 720 αὐτοῖς
1086 658 1492 730 προσηκόντων,
1506 659 1557 712 οἱ
1578 657 1634 712 δὲ
1649 657 1758 710 τῶν
1774 655 1954 726 πολλῷ

281 737 540 808 μειζόνων
550 738 650 808 τῆς
665 737 868 800 οἰκείας
877 737 1156 808 δυνάμεως
1169 737 1501 810 προστασίαν
1515 735 1957 810 [594]ἐμπιστευ·

279 819 470 879 θῶσιν,
485 818 637 872 οὐδὲν
660 818 884 889 εύρίπου
905 818 1004 890 τὴν
1065 818 1358 888 ἐκκλησίαν
1381 819 1658 889 διαφέρειν
1685 817 1950 870 ποιοῦσιν.

360 896 504 967 Ἐγὼ
535 898 592 952 δέ
631 899 893 971 πρότερον
925 899 1032 952 τῶν
1070 897 1267 965 ἔξωθεν
1305 899 1581 969 ἀρχόντων
1619 897 1952 964 κατεγέλων,

279 979 361 1032 δτι
391 980 490 1042 τάς
513 977 622 1030 τῶν
650 977 825 1049 τιμῶν
857 977 1118 1048 διανομὰς
1151 978 1252 1030 οὐκ
1283 977 1392 1030 ἀπὸ
1418 978 1518 1046 τῆς
1543 978 1744 1049 ἀρετῆς
1769 977 1868 1045 τῆς
1895 977 1954 1028 ἐν

279 1061 400 1122 ταῖς
433 1058 652 1128 ψυχαῖς,
676 1057 792 1111 ἀλλ’
817 1057 924 1111 ἀπὸ
956 1057 1064 1111 τῶν
1093 1057 1393 1128 χρημάτων
1425 1059 1521 1110 καὶ
1549 1056 1785 1127 πλήθους
1816 1054 1954 1108 ἐτῶν

280 1139 375 1192 καὶ
395 1137 743 1209 ἀνθρωπίνης
769 1137 1046 1190 ποιοῦνται
1075 1137 1431 1208 προστασίαςο
1455 1137 1576 1189 ἐπεὶ
1595 1136 1650 1189 δὲ
1671 1137 1880 1206 ήκουσα
1902 1147 1951 1197 α,

279 1220 362 1272 ὅτι
394 1218 533 1289 αῦτη
579 1221 612 1288 ή
655 1217 846 1285 ἀλογία
894 1219 990 1270 καὶ
1032 1219 1111 1280 είς
1158 1218 1227 1271 τὰ
1271 1219 1514 1289 ἡμέτερα
1556 1216 1951 1284 είσεκώμασεν,

278 1297 381 1350 οὐκ
422 1296 502 1350 ἔτι
549 1298 750 1367 ὁμοίως
793 1297 1093 1368 ἐποιούμην
1137 1299 1198 1350 τὸ
1240 1300 1470 1369 πρᾶγμα
1506 1298 1696 1351 δεινόν.
1739 1296 1803 1348 Τί
1846 1296 1955 1367 γάρ

282 1377 613 1448 θαυμαστὸν,
655 1376 976 1449 ἀνθρώπους
1009 1377 1312 1447 βιωτικοὺς,
1350 1380 1441 1432 καὶ
1471 1377 1628 1447 δόξης
1665 1377 1765 1447 τῆς
1802 1375 1954 1446 παρὰ

280 1455 390 1509 τῶν
415 1455 623 1509 πολλῶν
650 1456 912 1528 ἐρῶντας,
948 1459 1042 1510 καὶ
1067 1459 1365 1529 χρημάτων
1389 1459 1551 1511 ἓνεκα
1579 1458 1754 1512 πάντα
1781 1457 1956 1527 πράτ-

281 1551 472 1598 τοντας
505 1535 840 1608 ἁμαρτάνειν
879 1536 1122 1598 τοιαῦτα,
1166 1540 1299 1590 ὅπου
1340 1555 1402 1604 γε
1445 1541 1494 1591 of.
1534 1537 1750 1608 πάντων
1781 1537 1956 1606 ἀπηλ-

281 1615 480 1686 λάχθαι
517 1605 975 1688 προσποιούμενοι
1018 1619 1224 1672 τούτων
1273 1620 1424 1673 οὐδὲν
1466 1605 1692 1690 ἄμεινον
1734 1605 1957 1672 ἐκείνων

281 1695 600 1762 διάκεινται,
627 1697 742 1750 ἀλλ’
770 1698 908 1769 ὑπὲρ
941 1697 1050 1751 τῶν
1085 1698 1350 1769 οὐρανίων
1379 1698 1469 1752 τὸν
1496 1698 1682 1766 ἀγῶνα
1715 1698 1954 1768 ἔχοντες,

281 1775 359 1838 ὡς
384 1777 513 1846 περὶ
545 1775 791 1848 πλέθρων
823 1778 946 1848 γῆς,
988 1778 1020 1849 ἢ
1052 1778 1239 1849 ἐτέρου
1266 1778 1409 1841 τινὸς
1435 1777 1675 1831 τοιούτου
1704 1778 1802 1848 τῆς
1831 1776 1956 1847 βου-

281 1855 383 1924 λῆς
432 1856 614 1918 αὐτοῖς
653 1857 1046 1928 προκειμένης,
1089 1857 1276 1922 ἁπλῶς
1318 1857 1639 1928 ἀνθρώπους
1673 1857 1958 1926 ἀγελαίους

281 1934 540 1998 λαϐόντες
572 1936 825 2004 ἐφιστᾶσι
853 1935 1138 2006 πράγμασι
1158 1937 1439 2002 τοιούτοις,
1467 1937 1606 2008 ὑπὲρ
1638 1931 1714 1992 ὧν
1747 1936 1840 1990 καὶ
1861 1936 1958 2008 τὴν

283 2014 477 2068 ἐαυτοῦ
503 2014 740 2068 κενῶσαι
769 2015 949 2081 δόξαν,
984 2018 1079 2070 καὶ
1103 2017 1390 2088 ἄνθρωπος
1416 2018 1692 2086 γενέσθαι,
1725 2019 1818 2072 καὶ
1839 2017 1959 2071 δού-

281 2092 376 2147 λου
419 2093 632 2166 μορφὴν
671 2094 874 2160 λαϐεῖν,
922 2097 1016 2150 καὶ
1053 2097 1456 2168 ἐμπτυσθῆναι,
1497 2099 1592 2152 xal
1628 2097 1958 2169 ῥαπισθῆναι

283 2173 378 2226 καλ⁵
411 2174 643 2228 θάνατον
675 2173 766 2227 τὸν
791 2175 1157 2228 ἐπονείδιστον
1193 2176 1486 2231 ἀποθανεῖν
1514 2177 1602 2230 διὰ
1626 2177 1727 2247 τῆς
1756 2177 1960 2247 σαρκὸς

282 2252 343 2304 οὐ
386 2253 744 2326 παρῃτήσατο
781 2254 810 2305 6
840 2255 1136 2326 μονογενὴς
1180 2255 1276 2308 τοῦ
1309 2255 1444 2310 Θεοῦ
1488 2258 1654 2323 Παῖς;
1694 2259 1804 2313 Kal
1836 2256 1957 2310 οὐδὲ

286 2332 449 2404 μέχρι
489 2332 697 2387 τούτων
734 2327 882 2388 οὗτοι
930 2336 1179 2389 ἵστανται
1229 2336 1412 2405 μόνον,
1466 2336 1603 2392 ἀλλά
1656 2339 1751 2392 καὶ
1793 2339 1959 2408 ἐτερα

285 2413 673 2485 προστιθέασιν
717 2414 1060 2484 ἀτοπώτερα·
1093 2415 1152 2467 ού
1187 2415 1296 2486 γάρ
1327 2416 1455 2478 τοὺς
1484 2416 1738 2482 ἀναξίους
1771 2417 1958 2488 ἐγκρί-

281 2509 432 2546 νουσι
479 2495 660 2564 μόνον,
705 2494 841 2549 ἀλλά
893 2496 987 2548 καὶ
1023 2496 1149 2556 τοὺς
1197 2495 1539 2565 ἐπιτηδείους
1578 2495 1958 2552 ἐκϐάλλουσιν.

284 2572 496 2644 Ὥσπερ
525 2573 634 2644 γάρ
665 2573 784 2627 δέον
809 2573 1199 2646 ἀμφοτέρωθεν
1223 2573 1566 2646 λυμήνασθαι
1591 2577 1688 2647 τῆς
1729 2577 1960 2647 Ἐκκλη-

283 2649 404 2714 σίας
437 2651 536 2721 τὴν
569 2651 896 2719 ἀσφάλειαν,
931 2653 965 2722 ἢ
993 2651 1182 2724 ὥσπερ
1210 2652 1312 2706 οὐκ
1334 2653 1612 2725 ἀρκούσης
1633 2655 1733 2724 τῆς
1758 2655 1958 2726 προτέ-

285 2745 384 2798 ρας
423 2730 772 2800 προφάσεως,
805 2731 1076 2784 ἐκκαῦσαι
1115 2731 1209 2784 τοῦ
1255 2733 1391 2785 Θεοῦ
1429 2734 1529 2804 τὴν
1575 2733 1765 2804 ὀργὴν,
1815 2733 1959 2786 οῦτω

279 2811 380 2882 τὴν
411 2812 669 2884 δευτέραν
704 2814 970 2884 συνῆψαν,
1001 2815 1100 2884 οὐχ
1139 2810 1301 2886 ἦττον
1345 2813 1512 2870 οὖσαν
1549 2817 1813 2888 χαλεπήν.
1849 2819 1959 2871 Kal

281 2891 392 2963 γὰρ
426 2892 485 2957 ἐξ
523 2893 643 2964 ίσης
673 2889 826 2963 οἶμαι
861 2889 998 2948 εἶναι
1045 2894 1240 2957 δεινὸν,
1285 2895 1346 2947 τό
1384 2913 1443 2948 τε
1482 2898 1608 2959 τοὺς
1655 2897 1960 2968 χρησίμους

281 2972 590 3044 ἀπείργειν,
623 2973 718 3026 καί⁵
747 2973 805 3028 rb
835 2976 960 3038 τοὺς
992 2976 1246 3047 ἀχρείους
1275 2977 1536 3032 εἰσωθεῖν.
1574 2979 1684 3032 Kal
1709 2978 1867 3031 τοῦτο
1894 2977 1958 3048 δὴ

280 3052 510 3125 γίνεται,
553 3054 641 3108 ἴνα
689 3055 1003 3126 μηδαμόθεν
1049 3058 1412 3128 παραμυθίαν
1444 3059 1626 3128 εὑρεῖν
1666 3059 1800 3130 μηδέ
1829 3062 1961 3114 ἁνα-

281 3134 512 3192 πνεῦσαι
543 3135 743 3207 δυνηθῇ
767 3135 862 3189 τοῦ
891 3137 1125 3210 Χριστοῦ
1160 3139 1222 3192 rb
1253 3139 1522 3210 ποίμνιον.
1559 3139 1744 3194 Ταῦτα
1779 3135 1872 3194 οὖν
1896 3140 1958 3193 ού

281 3215 496 3286 μυρίων
531 3215 659 3281 ἀξια
692 3217 986 3287 σκηπτῶν;
1019 3217 1196 3272 ταῦτα
1224 3219 1285 3271 οὐ
1315 3219 1541 3290 γεέννης
1574 3219 1958 3290 σφοδροτέρας,

279 3295 340 3347 ού
371 3295 574 3366 ταύτης
606 3297 766 3367 μόνον
789 3297 888 3367 τῆς
915 3295 1112 3367 ήπειλη
1121 3296 1289 3367 μένης
1317 3298 1480 3368 ήμῖν;
1527 3297 1666 3350 Ἀλλ’
1693 3298 1844 3368 ὅμως
1867 3298 1961 3351 άν-

281 3374 464 3444 έχεται
503 3378 598 3430 καὶ
635 3376 790 3446 φέρει
819 3376 890 3428 τά
913 3375 1150 3429 τοσαῦτα
1176 3375 1321 3429 κακὰ
1355 3378 1383 3429 6
1414 3378 1489 3447 μὴ
1523 3375 1845 3447 βουλόμενος
1871 3377 1960 3432 τδν

281 3453 511 3509 θάνατον
527 3455 621 3508 τοῦ
641 3455 996 3526 ἀμαρτωλοῦ,
1024 3455 1100 3518 ώς
1119 3455 1180 3509 τὸ
1196 3455 1522 3525 ἐπιπρέψαι
1540 3456 1704 3510 αὑτὸν
1722 3457 1815 3510 καὶ
1837 3456 1958 3528 ζῇν.

281 3535 393 3588 Kal
431 3533 549 3597 πῶς
588 3534 654 3588 ἄν
701 3553 786 3598 τις
829 3535 997 3589 αὑτοῦ
1036 3535 1137 3606 τὴν
1177 3534 1587 3606 φιλανθρωπίαν
1627 3535 1958 3607 θαυμάσειε;

281 3612 399 3676 πῶς
442 3613 508 3668 ἃν
547 3611 846 3685 ἐκπλαγείη
880 3613 971 3668 τὸν
1001 3613 1178 3680 ἐλεον;
1225 3615 1287 3666 Ol
1322 3613 1416 3668 τοῦ
1467 3615 1706 3685 Χριστοῦ
1752 3615 1824 3670 τά
1864 3616 1960 3670 τοῦ

279 3691 520 3764 Χριστοῦ
549 3691 954 3765 διαφθείρουσιν
981 3693 1191 3765 ἐχθρῶν
1227 3694 1322 3747 καὶ
1366 3694 1641 3764 πολεμίων
1679 3697 1900 3766 μᾶλλον,
1933 3697 1961 3750 6

278 3775 336 3829 δὲ
361 3775 566 3846 ἀγαθὸς
589 3775 669 3830 ἔτι
700 3776 1059 3848 χρηστεύεται
1088 3777 1182 3831 καὶ
1211 3779 1292 3839 είς
1317 3778 1606 3848 μετάνοιαν
1628 3779 1798 3834 καλεῖ.
1825 3780 1962 3847 Δόξα

282 3871 396 3919 σοι,
427 3855 622 3928 Κύριε,
640 3855 766 3921 δόξα
794 3873 904 3911 σοι·
931 3856 1072 3928 πόση
1103 3857 1516 3929 φιλανθρωπίας
1546 3858 1781 3924 ἄϐυσσος
1809 3863 1963 3934 παρὰ

282 3937 397 3991 σοίι
434 3937 601 4002 πόσος
626 3937 981 4002 ἀνεξικακίας
1010 3938 1274 4002 πλοῦτοςί
1305 3939 1368 3992 Oi
1391 3938 1480 3992 διὰ
1507 3939 1568 3991 rb
1594 3938 1764 4010 ὄνομα
1785 3942 1847 3995 rb
1869 3943 1962 3996 σὺν

280 4018 340 4084 ἐξ
377 4017 611 4072 εὐτελῶν
651 4019 746 4072 καὶ
788 4019 1003 4090 ἀτίμων
1036 4018 1244 4090 ἔντιμοι
1280 4019 1377 4072 καῖ
1411 4019 1763 4090 περίϐλεπτοι
1799 4039 1962 4091 γεγο-

279 4099 429 4164 νότες
455 4102 521 4170 τῇ
552 4101 683 4170 τιμῇ
711 4099 853 4154 κατά
875 4098 971 4152 τοῦ
1002 4099 1358 4170 τετιμηκότος
1381 4098 1695 4170 κέχρηνται,
1724 4101 1819 4153 καὶ
1841 4100 1962 4153 τολ-

284 4178 427 4250 μῶσι
456 4179 526 4233 τὰ
563 4179 867 4250 ἀτόλμητα,
914 4181 1008 4232 καὶ
1041 4178 1418 4249 ἐνυϐρίζουσιν
1450 4179 1531 4241 είς
1557 4177 1626 4230 τὰ
1655 4178 1806 4246 ἆγια,
1835 4178 1963 4242 τοὺς

280 4257 606 4320 σπουδαίους
651 4255 1032 4327 ἀπωθούμενοι
1074 4257 1170 4309 καὶ
1201 4255 1574 4320 ἐκϐάλλοντες,
1616 4257 1704 4310 ἵνα
1743 4258 1802 4311 ἐν
1830 4259 1963 4327 ἡρε-

283 4336 382 4406 μία
408 4335 578 4406 πολλῇ
595 4337 688 4389 καὶ
711 4336 850 4407 μετά
867 4335 1048 4399 ἀδείας
1063 4335 1162 4406 τῆς
1180 4336 1416 4405 ἐσχάτης
1437 4336 1487 4388 οἱ
1506 4336 1734 4408 πονηροὶ
1759 4337 1958 4400 πάντα,

279 4417 490 4488 ὅσαπερ
515 4415 582 4470 ἃν
605 4416 885 4474 ἐθέλωσιν.
913 4416 1284 4488 ἀνατρέπωσι.
1307 4417 1418 4471 Kal
1438 4416 1630 4469 τούτου
1655 4417 1712 4470 δὲ
1732 4416 1827 4471 τοῦ
1855 4417 1963 4471 δει-

279 4493 373 4546 νοῦ
399 4495 498 4560 τάς
529 4495 712 4559 αίτίας
744 4496 794 4548 εί
821 4494 998 4559 θέλεις
1036 4495 1250 4565 μαθεῖν,
1283 4493 1475 4566 ὁμοίας
1501 4498 1628 4559 ταῖς
1668 4497 1963 4567 προτέραις

279 4573 555 4645 εὑρήσεις·
589 4574 688 4645 τὴν
726 4575 826 4645 μὲν
852 4574 962 4646 γὰρ
992 4574 1170 4646 ῥίζαν,
1213 4575 1308 4628 καὶ
1334 4576 1410 4648 ώς
1437 4575 1503 4629 ἀν
1533 4593 1616 4640 τις
1650 4578 1816 4641 εἴποι,
1858 4593 1963 4648 μη-

279 4653 412 4724 τέρα
436 4655 567 4726 μίαν
598 4654 808 4724 έχουσι,
829 4655 930 4725 τὴν
963 4654 1283 4724 βασκανίαν
1312 4646 1476 4708 αὗται
1503 4655 1560 4709 δὲ
1586 4657 1647 4709 οὐ
1674 4657 1804 4726 μιᾶς
1824 4646 1962 4710 είσιν

282 4733 446 4797 ίδέας,
487 4733 625 4787 ἀλλά
648 4733 1020 4803 διεστήκασιν.
1075 4733 1132 4785 '0
1175 4733 1274 4803 μέν
1299 4735 1406 4805 γὰρ
1435 4734 1623 4806 ἐπειδὴ
1653 4734 1771 4797 νέος
1791 4735 1959 4800 ἐστὶν,

279 4811 649 4875 ἐκϐαλλέσθω,
683 4811 869 4882 φησίν*
902 4812 931 4862 ὁ
961 4811 1038 4872 δὲ,
1076 4812 1262 4880 ἐπειδὴ
1294 4812 1610 4867 κολακεύειν
1634 4814 1734 4866 οὐκ
1753 4810 1912 4867 οἶδενσ
1933 4816 1963 4867 ό

277 4891 356 4954 δὲ,
393 4890 583 4961 ἐπειδὴ
617 4889 698 4960 τῷ
729 4890 862 4943 δεῖνι
900 4891 1330 4962 προσέκρουσενο
1366 4893 1461 4946 καὶ
1493 4893 1521 4945 6
1553 4892 1674 4961 μὲν.
1709 4893 1796 4945 ἴνα
1833 4892 1906 4963 μὴ
1934 4893 1962 4945 6

277 4971 427 5024 δεῖνα
464 4969 726 5040 λυπῆται,
763 4969 856 5022 τὸν
901 4970 1001 5040 μὲν
1036 4971 1128 5024 ὑπ’
1169 4970 1336 5024 αὑτοῦ
1369 4969 1592 5024 δοθέντα
1630 4971 1963 5040 ἀποδοκιμα-

281 5050 496 5115 σθέντα,
520 5049 712 5103 τοῦτον
736 5049 795 5104 δὲ
817 5049 1211 5120 ἐγκεκριμένον
1240 5049 1405 5120 δρῶνο
1435 5051 1464 5102 6
1496 5048 1574 5112 δὲ,
1606 5049 1792 5119 ἐπειδὴ
1824 5068 1962 5120 χρη-

282 5128 406 5192 στός
437 5130 555 5181 ἐστι
593 5129 688 5182 καὶ
732 5129 1002 5198 ἐπιεικής·
1029 5131 1058 5182 6
1099 5127 1178 5190 δέ,
1219 5127 1407 5198 ἐπειδὴ
1438 5129 1552 5189 τοῖς
1589 5129 1964 5198 ἁμαρτάνουσι

281 5207 531 5278 φοϐερὸς,
560 5208 590 5258 ό
614 5207 672 5259 δέ
702 5207 769 5260 δι’
797 5206 965 5278 ἀλλην
998 5207 1180 5261 αἰτίαν
1205 5206 1482 5276 τοιαύτην.
1515 5206 1650 5259 Οὐδὲ
1684 5207 1792 5276 γὰρ
1823 5209 1964 5260 ἀπο-

284 5286 438 5357 ροῦσι
466 5285 617 5358 [595]
649 5287 977 5358 προφάσεων
1001 5326 1016 5352 ,
1043 5288 1185 5340 ὅσων
1216 5289 1282 5340 ἂν
1310 5287 1567 5340 ἐθέλωσιν
1585 5303 1598 5316 ο
1627 5285 1764 5340 ἀλλὰ
1785 5287 1879 5339 καὶ
1903 5286 1965 5339 rb

279 5366 485 5436 πλῆθος
517 5365 626 5419 τῶν
659 5367 831 5421 ὄντων
863 5367 1014 5420 ἐστιν
1043 5368 1228 5430 αὐτοῖς
1253 5366 1528 5420 αἰτιᾶσθαι
1553 5367 1603 5431 δ,
1633 5367 1762 5420 ὅταν
1799 5366 1964 5436 μηδὲν

341 5579 360 5644 '_
384 5581 533 5644 Sayil.
557 5588 615 5644 ιιι
632 5585 828 5644 quidam
864 5595 980 5630 mss.
1008 5581 1168 5644 ἐπειδή
1198 5583 1403 5638 ἤκουσα.

346 5637 376 5678 ι’
402 5642 497 5689 Alii
522 5637 843 5704 αἰτιάσασθαι.
867 5645 975 5693 Mox
1001 5643 1122 5690 ἀλλά
1145 5637 1256 5702 ροέὶ
1299 5643 1456 5704 ἕτερον
1493 5643 1638 5693 deest
1659 5644 1708 5692 in
1734 5642 1880 5692 Savil.
1908 5647 1960 5692 ct

286 5702 472 5764 aliquot
491 5715 608 5752 mss.
635 5703 690 5753 In
721 5705 838 5756 Mor.
868 5718 987 5755 vero
1008 5711 1062 5754 el
1083 5705 1194 5753 aliis
1219 5702 1417 5767 legitur.

1060 218 1119 278 S.
1158 213 1445 277 JOANNlS
1481 215 1980 275 CllllYSOSTOMl
2013 215 2333 275 ARCHIEP.
2372 219 2922 278 CONSTANTINOP.

275 337 561 410 ἱερατικὴν
583 337 948 392 ἀναϐαίνωσιν
979 337 1172 404 ἀξίανς
1217 338 1337 390 Ἔτι
1371 335 1465 392 οῦν
1501 335 1830 407 ζητήσομεν,
1874 335 1950 387 εί-
1997 358 2004 366 -

3625 221 3726 275 654

2056 335 2254 407 ἔχωσιν
2283 335 2486 409 ἕτερον.
2531 339 2692 393 Ἀλλά
2721 341 2814 394 καὶ
2840 339 2901 392 rb
2931 338 3006 409 μὴ
3030 339 3141 393 δεῖν
3178 337 3389 410 ἀθρόως
3414 339 3492 401 εἰς
3524 338 3724 408 ταύτην

2053 415 2281 486 ἄγεσθαι
2314 418 2412 488 τὴν
2443 418 2629 490 τιμὴν,
2672 419 2786 474 ἀλλ’
2827 419 3010 492 ἡρέμμ
3055 418 3148 472 καὶ
3186 419 3327 472 κατά
3370 419 3585 489 μικρὸν,
3634 420 3727 470 καὶ

2055 495 2268 567 ἐτέρας,
2305 497 2437 562 ὅσας
2472 498 2538 552 ἂν
2577 499 2896 569 βούλωνται,
2939 499 3172 553 δύναιντ’
3201 499 3268 552 ἂν
3299 498 3484 560 αίτίας
3523 499 3727 570 εὑρεῖν.

2067 575 2208 643 Ἐγὼ
2229 576 2286 630 δέ
2308 577 2478 648 ἡδέως
2507 579 2740 633 ἐνταῦθα
2767 581 3058 651 ἐρήσομαι,
3085 579 3151 632 Τί
3171 575 3264 634 οῦν
3291 579 3371 632 δεῖ
3389 579 3482 632 τὸν
3507 580 3730 632 ἐπίσκο-

2055 673 2156 708 πον
2189 661 2385 723 ποιεῖν,
2423 659 2700 724 τοσούτοις
2744 660 3050 731 μαχόμενον
3085 660 3386 732 πνεύμασι;
3438 660 3556 723 πῶς
3595 660 3730 731 πρὸς

2055 733 2294 790 τοσαῦτα
2316 740 2573 809 στήσεται
2594 741 2843 811 κύματα;
2875 740 2992 804 πῶς
3020 741 3201 804 πάσας
3219 739 3420 802 ταύτας
3445 739 3727 794 ἀπώσεται

2053 812 2152 892 τάς
2184 816 2518 884 προσϐολάς;
2563 820 2658 874 Ἂν
2691 821 2789 891 μὲν
2815 819 2924 891 γάρ
2951 819 3096 892 ὀρθῷ
3122 818 3366 890 λογισμῷ
3396 819 3456 873 rb
3494 821 3728 890 πρᾶγμα

2053 891 2207 972 διαθῇ
2233 907 2280 959 υ,
2311 896 2496 968 ἐχθροὶ
2519 899 2614 953 καὶ
2642 899 2888 972 πολέμιοι
2904 891 2999 954 καὶ
3015 899 3162 970 αύτῷ
3182 900 3276 953 καὶ
3297 903 3407 962 τοῖς
3432 899 3728 970 αἱρεθεῖσιν

2055 969 2311 1036 ἅπαντες,
2336 976 2583 1047 καὶπρὸς
2604 969 2934 1048 φιλονεικίαν
2962 979 3059 1050 τὴν
3079 969 3289 1034 ἐκείνου
3313 969 3530 1036 ἅπαντα
3555 981 3734 1052 πράτ-

2053 1067 2227 1130 τουσι,
2254 1055 2472 1120 στάσεις
2487 1057 2609 1110 καθ’
2630 1059 2867 1130 ἐκάστην
2883 1059 3242 1130 ἐμϐάλλοντες
3256 1059 3356 1130 τὴν
3381 1060 3618 1130 ἡμέραν,
3637 1060 3733 1113 καὶ

2055 1128 2362 1210 σκώμματα
2392 1137 2560 1208 μυρία
2596 1141 2706 1202 τοῖς
2741 1128 3035 1210 αἱρεθεῖσιν
3069 1128 3432 1202 ἐπιτιθέντες,
3462 1128 3569 1202 ἓως
3605 1138 3671 1190 ἂν
3698 1139 3730 1208 ῆ

2053 1209 2272 1275 τούτους
2291 1214 2639 1289 ἐκϐάλωσινῆ
2657 1220 2781 1283 τοὺς
2799 1209 2979 1274 αὐτῶν
2995 1219 3382 1288 είσαγάγωσιν.
3403 1219 3732 1286 Καὶγίνεται

2055 1292 2456 1370 παραπλήσιον,
2483 1291 2596 1349 οἷον
2625 1298 2691 1350 ἂν
2712 1298 2866 1362 εἴτις
2882 1299 3219 1370 κυϐερνήτης
3237 1297 3381 1350 ἐνδον
3399 1299 3455 1350 ἐν
3471 1300 3537 1366 τῇ
3559 1295 3649 1365 νηῒ
3663 1297 3728 1365 τῇ

2055 1369 2291 1450 πλεούσῃ
2332 1376 2598 1446 πειρατὰς
2624 1377 2736 1448 ἔχοι
2765 1369 3156 1450 συμπλέοντας,
3190 1379 3284 1432 καὶ
3321 1376 3470 1447 αὐτῷ
3500 1377 3592 1428 καὶ
3621 1378 3731 1436 τοῖς

2055 1449 2278 1530 ναύταις
2302 1455 2396 1506 καὶ
2437 1460 2547 1520 τοῖς
2583 1449 2871 1524 ἐπιϐάταις
2914 1459 3151 1530 συνεχῶς
3190 1459 3285 1512 καὶ
3323 1458 3444 1512 καθ’
3491 1459 3730 1525 ἑκάστην

2054 1528 2508 1600 ἐπιϐουλεύοντας
2537 1535 2704 1608 ὦραν.
2745 1541 2843 1593 Ἂν
2878 1540 2934 1593 δέ
2967 1528 3073 1612 τὴν.
3106 1538 3244 1612 πρὸς
3285 1539 3528 1600 ἐκείνους
3568 1538 3732 1606 χάριν

2058 1612 2368 1690 Ῑτροτιμήσῃ
2401 1614 2499 1684 τῆς
2524 1617 2690 1669 αὑτοῦ
2722 1621 3018 1690 σωτηρίας,
3041 1619 3330 1690 δεξάμενος
3351 1617 3445 1682 οὒς
3469 1618 3570 1670 οὐκ
3599 1615 3730 1678 ἔδει,

2055 1687 2166 1772 ἐξει
2203 1691 2302 1772 μέν
2345 1693 2436 1746 τὸν
2461 1695 2595 1749 Θεὸν
2623 1698 2738 1751 ἀντ’
2762 1687 2985 1753 ἐκείνων
3011 1687 3224 1772 ἐχθρόν·
3257 1695 3318 1754 οὗ
3349 1699 3402 1751 τί
3436 1695 3632 1766 γένοιτ’
3666 1693 3734 1748 ἂν

2057 1769 2435 1842 χαλεπώτερον
2456 1793 2471 1840 ;
2502 1778 2595 1829 καὶ
2617 1777 2688 1830 τά
2711 1779 2848 1849 πρὸς
2878 1769 3125 1843 ἐκείνους
3146 1780 3203 1832 δὲ
3224 1778 3372 1850 αὐτῷ
3392 1773 3734 1830 δυσκολώτε-

2060 1865 2150 1928 ρον
2175 1850 2206 1920 ἦ
2229 1852 2493 1924 πρότερον
2514 1855 2868 1924 διακείσεται,
2898 1857 3117 1912 πάντων
3147 1855 3613 1928 συμπραττόντων
3635 1851 3735 1905 ἀλα

2056 1927 2254 1998 λήλοις.
2311 1932 2404 1984 καὶ
2442 1933 2617 2005 τούτῳ
2654 1935 2854 2003 μᾶλλον
2887 1936 3124 2008 ἰσχυρῶν
3153 1927 3480 2006 γενομένων.
3517 1933 3735 2000 ’Ὠσπερ

2056 2009 2162 2078 γὰρ
2183 2011 2392 2081 ἀγρίων
2413 2012 2630 2082 ἀνέμων
2650 2013 2708 2079 ἐξ
2731 2015 2981 2078 ἐναντίας
3011 2015 3430 2086 προσπεσόντων
3457 2011 3732 2082 ἀλλήλοις,

2055 2088 2116 2140 τὸ
2143 2089 2278 2152 τέως
2303 2091 2573 2162 ἡσυχάζον
2600 2092 2835 2161 πέλαγος
2869 2093 3119 2165 μαίνεται
3154 2093 3411 2164 ἐξαίφνης
3439 2091 3532 2143 καὶ
3563 2107 3732 2160 κορυ-

2059 2166 2272 2234 φοῦται,
2298 2171 2390 2224 καὶ
2416 2172 2543 2234 τοὺς
2570 2171 2906 2242 ἐμπλέοντας
2937 2173 3253 2226 ἀπόλλυσινσ
3285 2172 3427 2224 οὕτω
3460 2171 3607 2239 καὶὴ
3634 2170 3736 2237 τῆς

2070 2245 2395 2318 Ἐκκλησίας
2447 2250 2677 2322 γαλήνη,
2735 2252 3004 2323 δεξαμένη
3054 2248 3334 2323 φθόρους(Ι
3384 2248 3735 2319 ἀνθρώπους,

2057 2325 2226 2398 ζάλης
2258 2330 2352 2382 καὶ
2381 2331 2654 2400 ναυαγίων
2686 2331 2988 2404 πληροῦται
3015 2332 3246 2386 πολλῶν.

2130 2501 2225 2558 ις’.
2253 2495 2532 2568 Ἐννόησον
2556 2495 2671 2567 οὖν,
2696 2499 2877 2554 ὁποῖόν
2905 2517 3026 2553 τινα
3060 2496 3197 2552 εῖναι
3226 2498 3331 2569 χρὴ
3361 2498 3454 2550 τὸν
3481 2495 3618 2566 πρὸς
3647 2511 3739 2547 το-

2057 2573 2246 2628 σοῦτον
2282 2576 2543 2645 μέλλοντα
2570 2578 2816 2646 ἀνθέξειν
2847 2579 3121 2650 χειμῶνα,
3155 2579 3249 2631 καὶ
3287 2577 3525 2630 τοσαῦτα
3557 2574 3738 2628 κωλύ-

2059 2669 2205 2722 ματα
2231 2656 2340 2707 τῶν
2363 2660 2515 2727 κοινῇ
2548 2658 2934 2729 συμφερόντων
2963 2658 3240 2728 διαθήσειν
3268 2656 3468 2719 καλῶς.
3493 2655 3602 2706 Καὶ
3628 2655 3739 2724 γὰρ

2056 2734 2150 2786 καὶ
2180 2736 2376 2805 σεμνὸν
2422 2737 2517 2789 καὶ
2563 2737 2790 2806 ἄτυφον,
2821 2739 2915 2790 καὶ
2943 2736 3174 2807 φοϐερὸν
3208 2738 3302 2788 καὶ
3333 2733 3598 2806 προσηνῆ,
3643 2734 3738 2785 καὶ

2057 2815 2284 2886 ἀρχικὸν
2340 2816 2433 2869 καὶ
2479 2817 2817 2882 κοινωνικὸν,
2872 2817 2968 2871 καὶ
2995 2817 3288 2870 ἀδέκαστον
3328 2814 3424 2868 καὶ
3458 2813 3736 2884 θεραπευ-

2055 2895 2226 2958 τικὸν,
2265 2896 2358 2948 καὶ⁴
2391 2895 2649 2948 ταπεινὸν
2704 2897 2802 2948 καὶ
2840 2895 3162 2959 ἀδούλωτον,
3217 2895 3310 2948 καὶ
3361 2894 3590 2964 σφοδρὸν
3645 2895 3740 2946 καὶ

2055 2975 2263 3046 ἥμερον
2291 2971 2430 3028 εἶναι
2455 2975 2552 3042 δεῖ,
2587 2976 2674 3029 ἵνα
2706 2975 2842 3046 πρὸς
2869 2977 3089 3031 ᾶπαντα
3115 2973 3288 3029 ταῦτα
3311 2973 3550 3037 εὐκόλως
3577 2974 3740 3043 μάχει

2059 3056 2184 3109 σθαι
2224 3056 2450 3128 δύνηται
2476 3074 2489 3088 ·
2537 3058 2631 3111 καὶ
2661 3058 2750 3111 τὸν
2783 3058 3094 3126 ἐπιτήδειον
3121 3059 3202 3110 δεῖ
3229 3055 3368 3128 μετά
3397 3055 3603 3124 πολλῆς
3639 3056 3739 3123 τῆς

2058 3135 2326 3201 ἐξουσίας,
2360 3137 2466 3190 κᾶν
2495 3136 2733 3200 ἅπαντες
2770 3137 3155 3201 ἀντιπίπτωσι,
3200 3137 3489 3206 παράγειν·
3524 3135 3619 3188 καὶ
3647 3134 3740 3187 rbv

2057 3216 2120 3268 ού
2147 3215 2388 3270 τοιοῦτον
2424 3217 2562 3287 μετά
2591 3218 2690 3286 τῆς
2712 3217 2884 3286 αὐτῆς
2909 3217 3178 3282 ἐξουσίας,
3213 3215 3316 3269 κᾶν
3339 3216 3584 3278 ἅπαντες
3608 3232 3742 3285 συμ-

2058 3295 2282 3359 πνέωσι,
2326 3297 2400 3368 μὴ
2431 3297 2772 3369 προσίεσθαι,
2808 3296 2920 3350 ἀλλ’
2955 3298 3034 3360 είς
3068 3296 3127 3348 ἐν
3163 3297 3324 3366 μόνον
3354 3296 3489 3365 όρᾷν
3512 3296 3614 3365 τὴν
3645 3297 3739 3347 ἐκ·

2059 3374 2457 3447 κλησιαστικὴν
2485 3375 2772 3447 οἰκοδομὴν
2797 3392 2842 3439 ο,
2873 3377 2968 3430 καὶ
3003 3375 3170 3446 μηδὲν
3205 3374 3342 3444 πρὸς
3369 3375 3672 3444 ἀπέχθειαν
3705 3374 3738 3442 ἦ

2058 3455 2220 3526 χάριν
2251 3457 2446 3508 ποιεῖν.
2491 3451 2641 3526 Ἀρά
2682 3473 2765 3508 σοι
2810 3453 3075 3526 δοκοῦμεν
3119 3454 3346 3517 εἰκότως
3383 3452 3741 3526 παρῃτῆσθαι

2056 3533 2150 3586 τοῦ
2185 3533 2512 3605 πράγματος
2551 3533 2743 3587 τούτου
2783 3534 2880 3604 τὴν
2915 3533 3222 3599 διακονίαν;
3265 3532 3462 3586 Καίτοι
3492 3549 3556 3600 γε
3587 3531 3741 3584 οὔπω

2059 3614 2236 3667 πάντα
2259 3614 2471 3684 διῆλθον
2492 3614 2628 3685 πρὸς
2652 3614 2732 3666 σέ·
2757 3613 2866 3683 ἔχω
2894 3612 3004 3684 γὰρ
3033 3614 3127 3667 καὶ
3147 3613 3312 3682 ἐτερα
3331 3611 3536 3680 λέγειν.
3580 3611 3742 3664 Ἀλλά

2062 3692 2136 3762 μὴ
2168 3693 2462 3764 ἀποκάμῃς
2488 3692 2683 3763 ἀνδρὸς
2713 3692 2868 3761 φίλου
2899 3692 2994 3745 καὶ
3027 3691 3275 3762 γνησίου,
3315 3689 3645 3758 βουλομένου
3681 3705 3740 3742 σε

2061 3771 2267 3825 πείθειν
2297 3773 2438 3843 ὺπέρ
2468 3765 2543 3826 ὦν
2585 3771 2859 3840 ἐγκαλεῖς,
2905 3771 3253 3840 ἀνεχόμενοςο
3287 3769 3408 3821 οὐδὲ
3450 3767 3565 3837 γὰρ
3607 3768 3742 3837 πρὸς

2058 3853 2154 3924 τὴν
2184 3852 2479 3921 ἀπολογίαν
2505 3869 2588 3905 σοι
2615 3851 2713 3922 τὴν
2740 3851 2882 3922 ὑπὲρ
2913 3849 3070 3919 ἡμῶν
3097 3848 3272 3902 ταῦτα
3300 3850 3555 3920 χρήσιμά
3580 3852 3698 3903 ἐστι
3720 3849 3737 3888 ί

2062 3934 2243 4001 μόνον,
2267 3931 2405 3985 ἀλλά
2429 3932 2526 3984 καὶ
2548 3932 2685 4003 πρὸς
2711 3930 2881 4000 αὐτὴν
2909 3927 3004 3981 τοῦ
3036 3927 3365 3998 πράγματος
3391 3929 3494 3999 τὴν
3528 3929 3742 3998 διοίκη-

2060 4032 2144 4068 σιν
2178 4015 2320 4084 τάχα
2344 4015 2403 4068 οὐ
2432 4015 2627 4084 μικρὸν
2659 4013 3016 4083 συμϐαλεῖται
3043 4011 3254 4082 κέρδος.
3287 4012 3401 4064 Καὶ
3433 4011 3547 4082 γὰρ
3578 4014 3746 4082 ἀναγο

2059 4098 2234 4160 καῖον,
2269 4096 2361 4149 τὸν
2401 4093 2668 4164 μέλλοντα
2705 4094 2798 4146 ἐπὶ
2832 4094 3038 4164 ταύτην
3071 4090 3330 4162 ἔρχεσθαι
3365 4090 3460 4144 τοῦ
3497 4091 3617 4160 βίου
3648 4095 3747 4164 τὴν

2057 4173 2177 4227 ὁδὸν
2228 4173 2494 4244 πρότερον
2536 4173 2752 4226 ᾶπαντα
2795 4171 3284 4242 διερευνησάμενον
3320 4169 3528 4234 καλῶς,
3572 4171 3748 4229 οὕτως

2059 4252 2300 4322 ἅψασθαι
2333 4254 2434 4322 τῆς
2461 4252 2756 4314 διακονίας.
2788 4251 2853 4302 Τί
2883 4251 3119 4320 δήποτε;
3158 4248 3302 4309 Ὅτι,
3343 4248 3394 4300 εί
3440 4248 3537 4302 καὶ
3578 4248 3749 4318 μηδέν

2061 4331 2212 4403 [596]
2241 4332 2388 4398 ἄλλο,
2411 4331 2471 4384 rb
2497 4330 2626 4399 γοῦν
2651 4331 2724 4402 μὴ
2747 4325 3076 4396 ξενοπαθεῖν,
3105 4325 3270 4395 ἡνίκα
3289 4324 3355 4378 ἂν
3372 4326 3549 4380 ταῦτα
3573 4343 3749 4403 προσ-

2062 4402 2257 4484 πιπτῃ,
2288 4410 2575 4482 περιέσται
2600 4408 2678 4478 τῷ
2703 4408 2880 4461 πάντα
2902 4406 3063 4460 εἰδότι
3089 4405 3299 4484 σαφῶς.
3319 4405 3512 4458 Βούλει
3535 4402 3634 4459 οῦν
3653 4405 3751 4460 ἐπὶ

2059 4489 2158 4560 τὴν
2191 4483 2379 4560 χηρῶν
2411 4487 2748 4559 προστασίαν
2774 4486 2945 4556 ῖωμεν
2964 4485 3251 4556 πρότερον,
3273 4483 3308 4554 ἢ
3333 4484 3434 4555 τὴν
3457 4486 3569 4538 τῶν
3597 4503 3750 4557 παρο

2060 4567 2228 4621 θένων
2263 4567 2613 4638 κηδεμονίαν,
2652 4565 2686 4636 ἢ
2716 4564 2811 4618 τοῦ
2843 4561 3158 4618 δικαστικοῦ
3189 4562 3390 4632 μέρους
3420 4564 3525 4634 τὴν
3550 4563 3752 4634 δυσχέ-

2061 4663 2248 4717 ρειαν;
2277 4645 2370 4699 καὶ
2399 4645 2508 4718 γάρ
2538 4644 2623 4714 ἐφ’
2654 4644 2884 4697 ἐκάστου
2913 4642 3118 4696 τούτων
3149 4641 3404 4712 διάφορος
3426 4643 3461 4711 ή
3493 4645 3746 4713 φροντὶς,

2060 4726 2155 4779 καὶ
2177 4725 2279 4795 τῆς
2305 4724 2586 4797 φροντίδος
2619 4721 2821 4793 μείζων
2847 4723 2876 4774 ὁ
2906 4721 3087 4791 φόϐος.
3115 4720 3225 4772 Καὶ
3247 4721 3490 4797 πρῶτον.
3520 4721 3612 4773 ἵνα
3634 4722 3752 4775 ἀπὸ

2058 4805 2154 4857 τοῦ
2191 4794 2300 4858 τῶν
2337 4794 2511 4859 ἀλλων
2559 4801 2941 4871 εὐτελεστέρου
2983 4799 3270 4861 δοκοῦντος
3309 4794 3450 4852 εἶναι
3494 4801 3752 4871 ποιησώ-

2062 4884 2201 4955 μεθα
2249 4885 2344 4955 τὴν
2398 4883 2594 4956 ἀρχὴν,
2644 4885 2678 4952 ή
2731 4880 2840 4933 τῶν
2888 4877 3072 4950 χηρῶν
3127 4878 3397 4948 θεραπεία
3447 4879 3603 4932 δοκεῖ
3647 4880 3754 4949 μὲν

2063 4965 2224 5035 μέχρι
2275 4965 2374 5033 τῆς
2415 4965 2523 5017 τῶν
2563 4962 2862 5034 χρημάτων
2914 4959 3160 5029 δαπάνης
3215 4962 3328 5022 τοῖς
3377 4958 3756 5028 ἐπιμελουμέ-

2059 5063 2172 5109 νοις
2207 5045 2388 5100 αύτῶν
2428 5043 2693 5113 παρέχειν
2729 5039 2830 5110 τὴν
2874 5037 3151 5110 φροντίδαο
3193 5038 3254 5090 rb
3293 5037 3351 5091 δὲ
3393 5037 3455 5089 οὐ
3500 5038 3756 5091 τοιοῦτόν

2061 5129 2233 5191 ἐστιν,
2278 5124 2415 5178 ἁλλά
2454 5122 2656 5191 πολλῆς
2693 5120 2863 5173 δεῖται
2887 5121 2912 5160 8
2954 5115 3234 5171 κάνταῦθα
3274 5117 3374 5186 τῆς
3415 5115 3753 5182 ἐξετάσεως,

2124 5394 2148 5424 θ
2175 5391 2270 5441 Alii
2296 5392 2528 5448 διαθῆται.

2125 5453 2151 5492 ἃ
2173 5455 2269 5502 Alii
2295 5452 2490 5514 φθορεῖς.

2126 5518 2149 5544 θ
2173 5505 2322 5562 Savil'.
2349 5505 2404 5561 ei
2421 5514 2614 5571 quidam
2639 5509 2827 5574 aliifhv
2850 5513 2934 5564 τῆς
2955 5505 3210 5574 ἐκκλησίας
3227 5505 3512 5574 οἰκοδομήν.

2128 5574 2147 5613 ί
2176 5577 2284 5622 Sav.
2307 5581 2359 5621 et
2375 5564 2524 5631 aliqui
2546 5573 2698 5631 ἔσται,
2726 5570 2846 5619 Mor.
2869 5576 2921 5619 et
2950 5567 3035 5616 alii
3075 5568 3195 5617 ἐστι.
3226 5565 3335 5616 Mox
3360 5564 3446 5615 alii
3470 5564 3753 5626 συμϐάλλει

2065 5656 2160 5690 ται,
2181 5639 2260 5685 alii
2287 5635 2610 5696 συμϐαλεῖται.

2131 5702 2156 5740 ⁸
2175 5698 2272 5750 Alii
2291 5697 2375 5746 δεῖ.
