3890 6220
207 227 316 283 653

205 345 407 401 divina
433 342 488 399 in
511 356 611 398 nos
631 342 724 396 ira:
751 353 1003 404 causam,
1024 337 1151 392 dum
1176 351 1262 391 res
1290 343 1397 389 tam
1421 347 1602 389 sacras
1622 372 1636 396 ,
1666 331 1800 386 adeo

207 435 520 493 tremendas
551 434 854 490 hominibus
879 440 990 487 tum
1019 429 1277 499 improbis
1295 469 1310 493 ,
1336 437 1446 500 tum
1475 425 1703 496 indignis
1726 424 1805 479 la-

203 527 560 585 befactandas
594 525 890 581 tradimus?
917 522 1142 590 Quando
1179 519 1322 576 enim
1353 519 1444 574 alii
1481 531 1658 572 rerum
1702 514 1805 570 sibi

205 621 437 675 minime
471 617 900 674 convenientium
925 657 941 680 ,
969 615 1058 668 alii
1101 614 1271 668 multo
1313 611 1573 681 majorum
1597 649 1613 674 ,
1645 623 1805 680 quam

217 712 355 766 vires
383 711 574 776 ferant,
600 709 970 779 prmfecturam
1000 705 1287 775 accipiunt,
1317 705 1352 759 ii
1373 713 1522 759 certe
1545 702 1803 770 efﬁciunt,

205 811 268 855 ut
300 801 539 858 Ecclesia
569 801 696 855 nihil
722 801 792 854 ab
821 800 1019 869 Euripo
1043 797 1274 852 dill'erat.

288 895 546 965 Equidem
577 894 721 964 prius
749 903 963 947 exteros
991 891 1255 962 principes
1282 888 1589 944 deridebam
1615 928 1629 952 ,
1658 885 1804 958 quod

207 987 266 1039 in
311 985 572 1041 honorum
601 984 998 1054 dispensatione
1043 997 1148 1035 non
1191 980 1354 1035 animi
1393 980 1680 1042 virtutem,
1710 977 1805 1032 sed

211 1077 471 1147 pecunias
496 1087 551 1131 et
577 1091 836 1130 annorum
867 1089 1144 1128 numerum
1171 1080 1226 1126 et
1253 1071 1543 1126 humanum
1571 1070 1805 1140 patroci-

216 1170 366 1222 nium
390 1177 720 1238 spectarent;
752 1167 838 1220 ubi
866 1175 1043 1220 autem
1071 1164 1245 1219 audivi
1270 1163 1406 1217 hanc
1425 1162 1805 1218 absurditatem

213 1262 268 1314 in
302 1270 513 1315 nostras
541 1261 704 1314 etiam
747 1274 834 1313 res
870 1257 1190 1313 debacchari
1215 1299 1231 1324 ,
1274 1257 1477 1311 facinus
1506 1256 1807 1326 hujusmodi

213 1368 324 1407 non
349 1352 572 1421 perinde
592 1367 757 1423 grave
779 1352 948 1405 visum
969 1359 1072 1406 est.
1100 1349 1237 1418 Quid
1257 1349 1398 1404 enim
1424 1349 1614 1404 mirum
1637 1349 1683 1404 si
1702 1364 1807 1402 sae-

212 1445 430 1499 culares
450 1443 714 1509 homines,
739 1444 1047 1514 popularem
1069 1458 1254 1498 auram
1273 1451 1546 1508 venantes,
1571 1442 1808 1512 pecunia:

212 1549 378 1590 causa
404 1534 533 1589 nihil
565 1549 672 1589 non
698 1545 914 1605 agentes
933 1576 948 1598 ,
988 1534 1040 1587 in
1071 1532 1370 1603 hujusmodi
1401 1532 1524 1586 vitia
1560 1548 1806 1602 prorum-

216 1634 365 1695 paut,
386 1625 602 1696 quando
626 1627 682 1691 ii,
711 1626 801 1697 qui
828 1641 887 1681 se
914 1625 982 1679 ab
1009 1625 1073 1679 iis
1097 1625 1346 1680 omnibus
1374 1623 1572 1680 liberos
1591 1639 1712 1680 esse
1734 1625 1809 1679 si.

216 1717 426 1771 mulant
445 1759 465 1783 ,
495 1717 663 1771 nihilo
699 1716 890 1771 melius
915 1731 1074 1787 quam
1123 1716 1197 1770 illi
1226 1725 1349 1770 sunt
1373 1715 1569 1780 allecti,
1597 1715 1692 1770 sed
1720 1715 1810 1770 ubi

217 1806 291 1862 de
313 1807 618 1863 caelestibus
637 1817 906 1864 certamen
937 1817 1040 1874 est,
1066 1807 1288 1876 perinde
1315 1817 1476 1877 atque
1498 1809 1542 1862 si
1564 1807 1631 1862 de
1652 1816 1810 1862 terrae

213 1896 493 1968 iugeribus
527 1908 621 1953 aut
655 1898 760 1952 alio
784 1898 1030 1968 quopiam
1061 1899 1218 1953 simili
1249 1897 1655 1963 deliberaretur,
1683 1913 1811 1968 gre-

223 1982 414 2050 garios
466 1980 714 2034 homines
765 1981 971 2034 talibus
1017 1980 1319 2049 praeficiunt
1354 1982 1521 2038 rebus
1567 1999 1798 2054 quarum

220 2087 393 2127 causa
423 2073 736 2140 unigenitus
759 2071 847 2126 Dei
867 2071 1037 2126 Filius
1066 2071 1295 2140 gloriam
1325 2088 1591 2131 evacuare
1619 2091 1797 2145 suam,

223 2161 393 2216 homo
410 2161 546 2228 ﬁeri,
560 2162 703 2218 servi
723 2161 951 2216 formam
967 2165 1214 2232 accipere
1237 2164 1492 2236 (Philipp.
1513 2169 1651 2239 ΞΠ),
1669 2184 1802 2225 con-

221 2253 374 2324 spui,
396 2253 640 2323 colaphis
659 2254 792 2309 caedi
819 2253 1037 2325 (Matth.
1059 2254 1149 2310 26.
1171 2257 1284 2326 67),
1299 2268 1525 2314 mortem
1547 2263 1800 2331 turpissi-

218 2359 367 2398 mam
381 2344 652 2399 obirenon
667 2347 964 2401 recusavit?
977 2345 1160 2416 Neque
1172 2347 1258 2402 hic
1272 2356 1452 2404 tamen
1467 2351 1794 2419 consistunt,

217 2436 440 2492 sedalia
463 2438 671 2492 addunt
687 2438 1038 2494 absurdiora:
1060 2454 1168 2493 non
1186 2440 1330 2494 enim
1350 2441 1602 2512 indignos
1619 2445 1796 2498 solum

215 2525 490 2596 deligunt,
508 2527 604 2582 sed
617 2528 780 2583 etiam
797 2527 1022 2584 idoneos
1037 2529 1319 2598 dejiciunt.
1335 2529 1468 2586 Nam
1485 2533 1640 2602 quasi
1658 2547 1796 2604 opus

215 2621 366 2668 esset
402 2613 658 2674 Ecclesiae
696 2618 1036 2673 securitatem
1065 2620 1333 2690 utrimque
1374 2621 1714 2688 labefactari,
1745 2639 1809 2680 ac

216 2717 381 2758 causa
410 2704 500 2764 illa
528 2707 672 2775 prior
697 2724 803 2762 non
833 2709 1102 2764 sufliceret
1129 2711 1196 2766 ad
1224 2713 1354 2766 iram
1386 2713 1477 2767 Dei
1504 2715 1806 2770 accenden-

217 2791 366 2856 dam,
386 2793 456 2848 ita
471 2795 693 2850 alteram
706 2796 958 2854 addidere
975 2815 1079 2854 non
1095 2801 1268 2855 minus
1283 2802 1658 2870 perniciosam.
1676 2803 1806 2859 Ete-

218 2883 332 2936 nim
351 2884 573 2952 perinde
595 2886 950 2954 perniciosum
968 2904 1086 2946 esse
1101 2899 1228 2961 puto
1245 2893 1400 2948 utiles
1421 2909 1626 2960 arcere,
1649 2905 1810 2967 atque

217 2973 440 3030 inutiles
465 2977 828 3035 introducere.
861 2980 916 3035 ld
941 2991 1119 3037 autem
1160 2983 1280 3039 ideo
1307 2986 1498 3054 agitur,
1532 2997 1588 3041 ut
1612 2986 1806 3043 Christi

217 3066 361 3135 ovile
393 3068 538 3122 nulla
578 3084 644 3124 ex
695 3078 845 3140 parte
881 3073 1300 3130 consolationem
1342 3078 1580 3133 invenire
1607 3089 1698 3133 aut
1722 3095 1810 3135 re.

217 3159 427 3228 Spirare
451 3161 640 3216 valeat.
669 3161 795 3218 Haec
824 3179 1000 3220 nonne
1026 3167 1260 3222 millibus
1283 3169 1438 3239 digna
1466 3171 1809 3229 fulminibus?

219 3248 339 3304 base
359 3265 536 3307 nonne
565 3253 950 3311 vehementiori
973 3257 1133 3313 etiam
1165 3259 1404 3330 gehenna
1425 3301 1443 3327 ,
1465 3278 1622 3333 quam
1643 3278 1810 3321 sacrze

218 3340 390 3396 litera:
415 3345 843 3403 comminentur?
878 3351 1128 3406 Attamen
1158 3351 1274 3408 hzec
1299 3355 1438 3408 mala
1467 3355 1690 3412 sustinet
1717 3373 1810 3427 pa-

219 3433 456 3504 titurque
485 3436 573 3505 qui
599 3452 704 3494 non
729 3439 839 3494 vult
866 3453 1092 3498 mortem
1131 3446 1424 3513 peccatoris
1441 3488 1456 3510 ,
1484 3449 1577 3504 sed
1604 3459 1660 3504 ut
1685 3465 1812 3506 ροη-

219 3533 460 3581 vertatur
478 3537 534 3583 et
551 3530 693 3585 vivat
719 3529 945 3602 (Ezech.
979 3534 1067 3590 18.
1093 3535 1184 3591 25.
1217 3547 1263 3590 et
1285 3537 1375 3592 55.
1401 3539 1459 3593 Η
1483 3539 1524 3610 ).
1552 3539 1682 3608 Quis
1704 3556 1808 3596 non

220 3615 342 3686 ejus
369 3617 706 3676 clementiam
734 3622 1066 3680 admiretur?
1090 3625 1210 3696 quis
1233 3641 1339 3682 non
1365 3627 1481 3698 ejus
1504 3630 1807 3686 misericor-

221 3708 368 3767 diam
404 3714 647 3780 stupeat?
690 3713 794 3784 Ipsi
822 3713 1108 3771 Christiani
1137 3731 1200 3772 ea
1222 3757 1240 3784 ,
1269 3733 1388 3788 quze
1414 3718 1611 3775 Christi
1649 3731 1807 3788 sunt,

223 3798 344 3868 plus
368 3816 527 3870 quam
553 3802 734 3861 hostes
759 3817 814 3860 et
849 3806 1047 3862 inimici
1076 3809 1422 3877 pessumdant
1447 3826 1462 3864 :
1491 3819 1546 3866 at
1574 3813 1664 3868 ille
1707 3814 1809 3869 bo-

223 3904 327 3944 nus
354 3891 529 3946 adhuc
559 3892 938 3964 benignitatem
985 3897 1200 3967 praefert
1222 3939 1240 3964 ,
1270 3908 1324 3955 et
1348 3899 1416 3954 ad
1445 3903 1810 3972 ptenitentiam

225 3984 400 4043 vocat,
432 3975 615 4033 Gloria
642 3980 753 4041 tibi.
790 3982 1012 4045 Domine
1031 4025 1045 4050 ,
1073 3984 1241 4054 gloria
1278 3985 1373 4040 tibi
1405 4004 1418 4039 :
1451 3997 1646 4057 quanta
1672 3991 1811 4060 apud

226 4074 283 4120 te
307 4066 606 4124 clementiae
635 4071 889 4143 abyssust
919 4083 1147 4144 quantus
1174 4076 1467 4133 tolerantiae
1492 4079 1808 4138 thesaurus!

225 4158 328 4228 Qui
357 4176 453 4232 per
481 4177 674 4219 nomen
708 4173 852 4220 tuum
881 4181 946 4222 ex
979 4167 1299 4237 ignobilibus
1337 4179 1390 4226 et
1415 4171 1659 4229 obscuris
1679 4174 1812 4230 clari

224 4260 283 4306 et
324 4254 598 4324 conspicui
638 4255 902 4324 evadunt,
935 4257 1138 4314 honore
1177 4259 1271 4316 illo
1313 4271 1498 4330 contra
1541 4262 1810 4319 honorau-

226 4349 334 4396 tem
359 4357 418 4397 se
443 4353 694 4412 utuntur,
719 4354 772 4400 et
797 4361 903 4401 non
941 4348 1183 4404 audenda
1220 4349 1454 4418 audent,
1485 4361 1669 4408 sancta
1683 4369 1812 4409 con-

228 4436 462 4492 tumeliis
479 4437 736 4504 afﬁciunt,
763 4439 961 4510 probos
981 4441 1242 4511 repellunt
1263 4451 1319 4497 et
1341 4443 1579 4513 ejiciunt,
1599 4455 1657 4500 ut
1670 4449 1814 4516 quie-

227 4534 284 4583 te
310 4535 368 4583 et
391 4544 511 4584 cum
532 4544 741 4586 summa
764 4533 975 4588 licentia
1004 4535 1316 4604 nequissimi
1341 4537 1519 4592 omnia
1550 4553 1647 4608 pro
1663 4539 1812 4596 libito

227 4621 540 4678 subvertere
555 4624 778 4692 possint.
801 4626 966 4695 Cujus
982 4627 1107 4682 mali
1126 4642 1316 4683 causas
1334 4629 1380 4684 si
1400 4629 1640 4687 ediscere
1657 4633 1808 4699 velis,

230 4713 350 4767 illas
376 4713 641 4782 prioribus
665 4715 866 4771 similes
895 4718 1130 4786 reperies
1153 4732 1167 4772 :
1190 4719 1423 4776 radicem
1448 4721 1588 4776 enim
1613 4763 1630 4787 ,
1661 4723 1774 4778 sive
1793 4764 1811 4790 ,

227 4808 290 4856 nt
313 4802 382 4856 ita
404 4802 598 4870 dicam,
628 4813 854 4860 matrem
883 4823 1044 4862 ttnam
1074 4808 1290 4876 habent,
1319 4811 1588 4867 invidiam.
1616 4813 1810 4869 Earum

227 4901 406 4948 autem
446 4910 553 4950 non
583 4910 686 4952 una
717 4906 920 4952 tantum
949 4898 1154 4968 species
1175 4908 1292 4965 est,
1316 4901 1409 4956 sed
1436 4902 1684 4958 diversaa.
1716 4904 1812 4961 llic

229 4983 396 5048 enim,
421 4985 589 5051 aiunt,
613 4988 736 5056 quia
752 4987 964 5058 juvenis
984 4997 1090 5055 est,
1112 4990 1382 5059 ejiciatur;
1415 4992 1522 5057 ille,
1548 4994 1670 5062 quia
1690 4994 1814 5050 adu-

231 5073 329 5127 lari
361 5077 560 5141 nescit;
591 5078 729 5132 alius
748 5119 762 5142 ,
805 5079 924 5148 quia
954 5079 1005 5134 in
1035 5080 1330 5151 cuiuspiam
1354 5083 1700 5140 oﬁ'ensionem
1730 5086 1811 5140 in-

227 5168 422 5232 currit;
452 5169 609 5234 alius,
632 5185 700 5224 ne
725 5171 811 5226 ille
830 5171 1090 5241 quispiam
1114 5172 1310 5239 doleat,
1339 5175 1492 5242 sieo,
1521 5191 1677 5246 quem
1700 5177 1814 5246 ipse

229 5257 518 5328 obtulerat,
543 5261 715 5331 ejecto
742 5262 883 5318 hunc
901 5265 1128 5319 electum
1156 5264 1360 5331 videat;
1390 5267 1499 5330 ille,
1523 5269 1645 5336 quia
1666 5269 1812 5324 tnitis

230 5359 285 5402 et
312 5349 510 5420 probus
538 5361 651 5418 est;
680 5352 787 5417 ille,
810 5355 933 5424 quia
953 5355 1294 5424 peccantibus
1323 5356 1604 5422 terribilis;
1633 5358 1720 5412 ille
1741 5361 1812 5414 ob

230 5441 389 5495 aliam
410 5442 637 5498 similem
666 5459 880 5500 causam
911 5464 926 5498 :
954 5462 1125 5516 neque
1154 5447 1296 5501 enim
1321 5446 1512 5501 desunt
1536 5447 1803 5512 obtentus,

235 5547 368 5600 quos
397 5547 492 5602 pro
523 5533 673 5590 libito
709 5535 968 5600 offerant;
1019 5538 1124 5591 imo
1159 5546 1215 5591 et
1251 5537 1560 5591 facultatum
1597 5538 1806 5606 copiam

237 5625 444 5697 crimini
486 5626 647 5698 dant,
693 5629 736 5684 si
781 5630 911 5705 nihil
957 5630 1098 5686 aliud
1144 5630 1516 5702 proferendum
1561 5630 1808 5707 habeant.

1418 216 1502 272 DE
1537 212 1987 272 SACERDOTIO.
2029 214 2156 271 LIB.
2197 215 2286 274 Ill.

3399 227 3502 284 σει

1915 332 2217 399 Quinetiam
2245 332 2409 401 illud,
2447 349 2553 392 non
2593 345 2845 407 oportere
2871 339 3048 392 statim
3081 338 3132 393 in
3165 337 3306 395 hunc
3332 341 3506 398 hono-

1913 440 2026 480 rem
2048 425 2269 491 assumi,
2299 426 2393 483 sed
2424 429 2621 484 sensim
2647 439 2702 486 et
2732 430 3008 500 paulatim,
3037 431 3273 504 aliasque
3298 435 3503 490 similes

1912 531 2011 586 pro
2036 518 2309 573 voluntate
2343 533 2534 575 causas
2574 521 2908 576 comminisci
2955 533 3196 590 possunt.
3235 523 3348 596 Ego
3373 542 3503 580 vero

1912 608 1999 664 hic
2050 609 2221 664 libens
2255 609 2556 668 sciscitarer
2597 629 2610 666 :
2664 612 2802 681 Quid
2845 614 3152 684 episcopum
3189 624 3268 672 tot
3327 619 3501 674 ventis

1912 700 2164 769 agitatum
2206 701 2380 758 facere
2419 717 2555 772 opus
2592 704 2709 758 est?
2733 705 3003 774 quomodo
3029 707 3284 763 adversus
3324 719 3501 766 tantos

1913 788 2105 844 lluctus
2130 800 2272 845 stare
2303 793 2532 861 poterit?
2558 794 2828 861 quomodo
2866 803 2945 850 tot
2973 797 3202 867 impetus
3238 801 3503 869 repellet?

1912 879 2044 934 Nam
2075 881 2118 935 si
2147 891 2289 936 recta
2318 882 2527 938 ratione
2554 899 2668 938 rem
2693 896 2867 954 gerat,
2892 886 3085 942 adsunt
3110 903 3298 944 omnes
3322 899 3378 946 et
3404 893 3502 961 ipsi

1913 982 1966 1026 et
1988 973 2172 1026 electis
2189 973 2386 1027 inimici
2406 982 2462 1029 et
2487 973 2692 1042 hostes,
2714 984 2769 1030 et
2790 991 2884 1045 per
2906 980 3301 1036 contentionem
3323 984 3502 1038 omnia

1911 1078 2032 1118 cum
2053 1062 2140 1119 illo
2154 1073 2334 1134 agunt,
2353 1064 2688 1134 quotidianus
2698 1066 2988 1123 seditiones
3003 1080 3236 1138 movent,
3254 1083 3503 1127 sexcenta

1913 1153 2039 1207 item
2051 1164 2341 1208 scommata
2361 1155 2412 1207 in
2425 1154 2623 1209 electos
2638 1155 2960 1224 jaculantur,
2975 1158 3147 1214 donec
3163 1169 3255 1216 aut
3270 1162 3387 1216 illos
3402 1163 3504 1232 eje-

1911 1245 2102 1310 cerint,
2127 1254 2219 1299 aut
2241 1259 2368 1300 suos
2389 1246 2732 1302 intruserint:
2758 1249 2974 1317 perinde
2999 1259 3157 1322 atque
3175 1253 3219 1307 si
3250 1253 3508 1323 guberna.

1914 1336 2058 1391 torin
2080 1338 2194 1390 navi
2216 1338 2414 1407 piratas
2425 1354 2604 1394 secum
2622 1340 2928 1410 navigantes
2940 1341 3318 1415 habeat,quiet
3336 1346 3435 1415 ipsn
3451 1355 3506 1402 et

1914 1430 2088 1482 nautis
2107 1430 2475 1486 etvectoribus
2499 1431 2712 1488 assidue
2733 1432 2985 1504 horisque
3003 1434 3224 1506 singulis
3244 1437 3502 1492 insidien-

1915 1530 2018 1576 tur.
2031 1521 2184 1588 Quod
2197 1523 2240 1576 si
2257 1523 2466 1578 illorum
2479 1526 2703 1594 gratiam
2722 1526 2876 1580 saluti
2890 1542 3001 1581 sua:
3015 1537 3305 1598 praeponat,
3316 1529 3508 1583 admis.

1913 1615 1988 1670 sis
2018 1630 2125 1668 non
2151 1615 2516 1682 admittendis,
2548 1616 2759 1670 illorum
2787 1618 2903 1671 loco
2935 1618 3098 1672 Deum
3125 1621 3296 1688 ipsum
3325 1621 3506 1675 inimi-

1913 1721 2034 1760 cum
2071 1704 2286 1760 habebit
2313 1723 2326 1759 :
2355 1721 2461 1775 quo
2487 1705 2614 1776 quid
2641 1706 2877 1762 deterius
2903 1723 3026 1764 esse
3055 1709 3261 1778 possit?
3286 1719 3339 1766 et
3375 1726 3498 1765 cum

1914 1797 2020 1852 illis
2037 1797 2164 1867 ipsis
2183 1798 2449 1866 negotium
2473 1797 2739 1852 difﬁcilius
2755 1814 2913 1869 quam
2930 1809 3084 1855 antea
3105 1802 3228 1869 erit,
3251 1804 3501 1860 omnibus

1914 1889 2070 1944 simul
2089 1887 2546 1943 consentientibus
2571 1929 2585 1952 ,
2615 1904 2678 1943 ac
2704 1888 3017 1945 fortioribus
3043 1907 3137 1961 per
3162 1894 3504 1949 concordiam

1913 1982 2136 2036 elfectis.
2168 1979 2632 2047 Quemadmodum
2675 1982 2815 2034 enim
2864 1983 3020 2037 satvis
3061 1996 3124 2036 ex
3153 1983 3379 2039 adverso
3411 2001 3507 2054 pu-

1912 2071 2197 2142 gnantibus
2220 2071 2393 2126 ventis
2412 2111 2427 2132 ,
2457 2085 2607 2126 mare
2651 2079 2806 2126 antea
2851 2073 3187 2143 tranquillum
3216 2075 3506 2143 derepente

1912 2161 2038 2216 furit
2061 2169 2219 2230 atque
2244 2160 2579 2226 intumescit,
2603 2169 2951 2231 vectoresque
2986 2163 3187 2231 perdit;
3217 2164 3294 2218 sic
3319 2174 3372 2219 et
3394 2165 3496 2220 Ec-

1913 2251 2092 2306 clesia:
2122 2251 2475 2320 tranquillitas
2497 2293 2513 2318 ,
2545 2252 2943 2321 corruptoribus
2971 2252 3221 2309 admissis
3243 2295 3259 2322 ,
3283 2265 3491 2327 tempc‘

1912 2354 2049 2400 state
2071 2355 2126 2400 et
2152 2343 2438 2414 naufragiis
2469 2343 2752 2399 infestatur
2775 2344 2977 2400 multis.

1983 2437 2072 2494 16.
2117 2437 2374 2504 Quantum
2400 2445 2629 2507 aperteat
2669 2453 2779 2492 esse
2804 2453 2916 2491 eum
2937 2478 2952 2503 ,
3000 2438 3086 2509 qui
3115 2443 3268 2495 tantis
3297 2451 3484 2513 tempe-

1911 2529 2124 2584 statibus
2166 2529 2460 2600 cpponitur.
2491 2527 2768 2599 —Cogita
2829 2542 2958 2599 ergo
3007 2529 3216 2600 qualem
3261 2542 3504 2602 oporteat

1913 2637 2036 2678 eum
2065 2636 2185 2676 esse
2225 2620 2312 2674 cui
2340 2626 2498 2673 tantae
2538 2618 2841 2687 tempestati
2869 2619 3121 2676 resistere
3148 2636 3370 2678 necesse
3399 2624 3504 2691 sit,

1913 2722 1968 2767 et
1994 2721 2073 2766 tot
2101 2710 2482 2781 impedimenta
2527 2725 2706 2765 rerum
2736 2710 3008 2764 communi
3049 2712 3259 2767 utilitati
3299 2715 3505 2769 condu-

1912 2803 2144 2858 centium
2171 2801 2336 2871 probe
2363 2809 2682 2870 tempcrare.
2709 2799 2842 2855 Nam
2871 2811 2925 2855 et
2951 2816 3168 2872 gravem
3201 2803 3372 2871 illum,
3408 2806 3504 2862 sed

1912 2895 2131 2950 minime
2152 2894 2466 2960 fastuosum,
2495 2901 2548 2948 et
2567 2892 2973 2962 formidabilem,
3001 2895 3095 2951 sed
3119 2895 3434 2970 humanum,
3451 2911 3504 2957 et

1914 2987 2289 3059 imperiosum,
2329 2984 2421 3040 sed
2444 2999 2650 3039 comem
2678 2985 2960 3050 omnibus,
2991 2995 3046 3041 et
3081 3002 3361 3057 personam
3391 3006 3501 3045 non

1913 3076 2281 3146 accipientem,
2311 3074 2406 3131 sed
2433 3073 2751 3142 ofﬁciosum,
2777 3084 2829 3130 et
2861 3074 3136 3144 humilem,
3168 3077 3262 3133 sed
3283 3080 3502 3136 minime

1913 3166 2187 3230 servilem,
2216 3174 2270 3220 et
2298 3164 2692 3229 vehementem,
2721 3164 2813 3220 sed
2843 3175 3176 3221 mansuetum
3197 3182 3316 3224 esse
3343 3183 3504 3239 opor-

1915 3266 2012 3322 tet,
2040 3264 2306 3312 utcontra
2334 3256 2424 3310 illa
2451 3255 2628 3311 omnia
2658 3271 2896 3328 pugnare
2923 3256 3078 3313 facile
3112 3259 3308 3328 possit:
3339 3268 3500 3331 atque
3525 3302 3528 3304 η

1914 3364 2038 3405 eum
2075 3348 2165 3418 qui
2191 3347 2414 3403 idoneus
2431 3348 2520 3414 sit,
2545 3347 2792 3402 omnibus
2812 3348 2936 3403 licet
2954 3349 3352 3416 obsistentibus,
3374 3368 3496 3408 cum

1914 3453 2102 3508 magna
2133 3446 2394 3507 potestate
2441 3451 2791 3507 promovere;
2838 3437 2962 3493 huic
3011 3453 3140 3494 vero
3187 3440 3500 3498 dissimilem

1914 3543 2036 3583 cum
2065 3527 2251 3583 eadem
2289 3529 2634 3591 auctoritate,
2666 3527 2913 3584 omnibus
2953 3529 3116 3584 etiam
3143 3532 3498 3600 conspiranti-

1915 3618 2035 3683 bus,
2063 3633 2172 3673 non
2201 3617 2506 3686 admittere,
2551 3618 2646 3674 sed
2677 3634 2838 3673 unum
2869 3628 3072 3675 tantum
3097 3620 3168 3675 ob
3196 3622 3380 3678 oculos
3407 3623 3501 3676 ha-

1915 3711 2043 3768 bere
2066 3754 2081 3778 ,
2112 3712 2364 3768 Ecclesiae
2410 3727 2603 3782 nempe
2641 3720 2959 3767 structuram
2982 3753 2998 3778 ,
3030 3713 3266 3784 nihilque
3301 3715 3386 3770 vel
3431 3715 3499 3770 ad

1916 3803 2246 3859 inimicitiam
2276 3803 2359 3859 vel
2385 3803 2453 3857 ad
2481 3803 2707 3872 gratiam
2752 3803 2947 3859 facere.
2973 3803 3109 3860 Num
3141 3807 3232 3861 tibi
3257 3805 3500 3862 videmur

1915 3895 1994 3950 rei
2025 3894 2326 3964 lmjusmodi
2369 3893 2724 3948 ministerium
2767 3894 2961 3949 merito
2997 3897 3310 3952 recusasse?
3337 3898 3498 3967 Atqui

1917 3984 2151 4040 nondum
2178 3984 2359 4038 omnia
2388 3985 2667 4039 recensui:
2701 3993 2986 4054 suppetunt
3013 3994 3068 4040 et
3105 3986 3208 4040 alia
3249 3987 3494 4042 dicenda.

1917 4074 2113 4131 Verum
2141 4090 2208 4130 ne
2234 4073 2540 4144 defatigeris
2561 4073 2687 4128 dum
2713 4074 2870 4128 amici
2893 4088 2956 4128 ac
2983 4090 3111 4130 vere
3134 4079 3372 4146 germani
3397 4079 3497 4133 viri
3550 4140 3552 4142 τ

1915 4180 2036 4222 sese
2065 4164 2204 4234 apud
2233 4175 2284 4220 te
2302 4164 2604 4219 excusantis
2627 4164 2919 4218 orationem
2942 4164 3156 4220 toleras.
3187 4166 3309 4220 Haec
3339 4182 3498 4236 porro

1921 4275 2029 4315 non
2058 4258 2124 4313 ad
2169 4259 2468 4329 apologiatn
2512 4257 2673 4314 modo
2713 4268 2949 4314 nostram
2993 4258 3084 4313 tibi
3112 4268 3268 4313 erunt
3310 4261 3452 4314 utilia
3478 4302 3495 4327 ,

1916 4350 2010 4406 sed
2037 4349 2103 4404 ad
2131 4349 2298 4418 ipsam
2329 4349 2554 4403 fortasse
2580 4348 2816 4402 muneris
2841 4343 2908 4402 de
2927 4362 3032 4430 quo
3057 4349 3228 4418 agitur
3258 4348 3493 4404 functio.

1916 4457 2038 4497 nem
2061 4457 2166 4495 non
2199 4455 2385 4510 parttm
2407 4439 2632 4494 all‘erent
2653 4439 2804 4494 lucri.
2829 4439 2961 4494 Eum
2987 4455 3238 4509 namque,
3265 4441 3352 4510 qui
3378 4442 3500 4497 vitae

1917 4531 2219 4603 hujusmodi
2241 4531 2484 4587 semitam
2512 4531 2847 4601 ingressurus
2867 4538 2970 4596 est,
2998 4532 3174 4585 omnia
3202 4532 3348 4602 prius
3373 4548 3498 4602 per-

1920 4634 2236 4688 scrutatum,
2283 4624 2361 4678 sic
2388 4623 2684 4678 ministerio
2710 4638 2926 4678 manum
2954 4622 3238 4679 admovere
3264 4635 3494 4694 oportet.

1917 4714 2133 4781 Quare?
2162 4713 2294 4782 Quia
2324 4713 2424 4767 etsi
2453 4712 2597 4767 nulla
2624 4713 2726 4768 alia
2760 4713 3002 4768 subesset
3025 4727 3185 4769 causa
3206 4755 3221 4779 ,
3253 4715 3494 4770 omnium

1919 4806 2085 4876 probe
2125 4819 2291 4876 gnaro
2331 4803 2383 4859 id
2411 4804 2544 4858 lucri
2583 4803 2835 4868 accedet,
2867 4813 2926 4858 ut
2973 4819 3076 4858 non
3107 4805 3184 4860 rei
3213 4805 3496 4861 insolentia

1923 4901 2195 4964 turbetur,
2241 4913 2362 4953 cum
2391 4899 2505 4952 hmc
2542 4898 2868 4968 contingent.
2913 4897 3006 4952 Vis
3049 4898 3210 4968 igitur
3253 4907 3312 4954 ut
3355 4902 3500 4968 prius

1919 4991 1986 5046 ad
2014 4990 2287 5045 viduarum
2319 4988 2668 5059 patrocinium
2699 4988 3003 5053 veniamus,
3046 5003 3113 5042 an
3144 4988 3210 5043 ad
3238 4989 3498 5058 virginum

1919 5097 2122 5144 curam,
2165 5096 2230 5135 an
2258 5079 2324 5134 ad
2347 5078 2610 5149 iudicialis
2648 5078 2812 5149 partis
2837 5077 3249 5133 diflicultatem?
3287 5094 3408 5132 nam
3442 5080 3494 5133 in

1919 5173 2107 5227 horum
2138 5171 2358 5241 singulis
2383 5171 2523 5224 varia
2551 5177 2634 5224 est
2674 5167 3004 5235 sollicitudo,
3050 5177 3105 5223 et
3138 5169 3496 5224 sollicitudine

1919 5265 2090 5333 major
2112 5272 2302 5317 metus.
2333 5264 2407 5316 Ac
2431 5262 2678 5332 primum,
2709 5270 2767 5315 ut
2789 5261 2857 5315 ab
2876 5275 2960 5324 eo,
2991 5259 3130 5329 quod
3153 5259 3270 5313 aliis
3293 5259 3496 5315 facilius

1917 5371 2037 5410 esse
2064 5355 2292 5418 videtur,
2323 5353 2615 5416 ordiamur,
2645 5351 2916 5406 viduarum
2948 5364 3096 5413 cura,
3129 5348 3296 5418 ipsam
3325 5350 3497 5404 susci-

1918 5445 2182 5517 pientibus
2201 5445 2368 5499 solam
2390 5453 2690 5513 sumptuum
2713 5440 3120 5497 sollicitudinem
3141 5439 3332 5494 allerre
3350 5439 3498 5494 vide-

1917 5541 2042 5607 tur(
2072 5541 2120 5592 l.
2153 5537 2288 5591 Tim.
2317 5536 2370 5591 5.
2401 5535 2504 5606 l6)
2529 5553 2542 5588 :
2570 5543 2624 5588 at
2648 5549 2752 5588 non
2784 5533 2852 5586 ita
2873 5547 2933 5586 se
2960 5545 3044 5585 res
3074 5531 3266 5598 habet,
3287 5531 3381 5585 sed
3411 5530 3498 5586 hic

1919 5638 2128 5701 quoque
2175 5629 2340 5685 multo
2379 5641 2514 5696 opus
2553 5634 2632 5681 est
2660 5622 2905 5680 examine
2928 5661 2943 5689 ,
2989 5621 3078 5677 ubi
3109 5620 3224 5680 illas
3261 5620 3495 5693 deligere
