3860 6216
16 266 136 319 οδε
215 231 222 236 ’
1397 268 1483 320 ma
1523 268 1540 321 ε

1397 268 1483 320 DE
1523 266 1978 323 SACERDOTIO.
2023 269 2146 325 LER.
2190 272 2277 329 Ill.

15 381 162 433 δταν
205 381 383 445 αὑτάς
415 381 736 451 καταλέγειν
770 383 882 454 δέῃ,
908 384 983 447 ὡς
1011 385 1070 436 τό
1094 401 1155 452 γε
1185 383 1370 446 ἁπλῶς
1404 384 1492 436 καὶ
1517 382 1590 446 ὡς
1615 381 1735 436 ἔτυ-

15 485 117 536 χεν
158 470 349 530 αὑτὰς
378 470 753 541 ἐγγράφεσθαι
788 471 955 542 μυρία
983 473 1279 541 εἰργάσατο
1309 471 1476 524 δεινά.
1501 471 1610 523 Καὶ
1631 471 1739 541 γὰρ

15 555 225 617 οἴκους
254 555 596 627 διέφθειραν,
635 558 731 610 καὶ
763 558 976 628 γάμους
1009 558 1332 617 διέσπασαν,
1362 559 1460 611 καὶ
1494 558 1585 609 ἐπὶ
1613 557 1738 609 κλο-

15 646 165 705 παῖς
199 644 476 708 πολλάκις
496 645 588 697 καὶ
614 646 706 698 ἐπὶ
737 645 1066 715 καπηλείαις
1093 647 1186 699 καὶ
1209 646 1415 719 ἑτέροις
1437 644 1738 709 τοιούτοιςα

15 732 760 800 ἀσχημονοῦσαιέάλωσαν.
792 733 865 786 Τὸ
893 733 949 786 δὲ
973 733 1073 797 τὰς
1094 733 1353 796 τοιαύτας
1379 733 1487 786 ἀπὸ
1511 733 1620 785 τῶν
1639 732 1740 803 τῆς

23 819 392 888 Ἐκκλησίας
426 819 724 891 τρέφεσθαι
762 820 1063 891 χρημάτων
1097 821 1191 874 καὶ
1223 821 1376 892 παρὰ
1406 820 1539 873 Θεοῦ
1567 838 1739 891 τιμω-

15 907 185 975 ρίαν,
225 908 328 958 καὶ
367 907 518 977 παρά
546 906 851 978 ἀνθρώπων
881 908 1038 978 φέρει
1065 909 1164 978 τὴν
1198 909 1434 978 ἐσχάτην
1463 909 1742 976 κατάγνω-

16 1011 139 1056 σιν,
189 996 292 1048 καὶ
322 997 450 1057 τοὺς
484 991 542 1047 εὖ
580 998 753 1047 ποιεῖν
789 995 1146 1065 βουλομένους
1177 994 1572 1066 ὀκνηροτέρους
1616 995 1741 1048 καθ-

17 1082 249 1151 ίστησι.
283 1083 386 1146 Τίς
420 1082 531 1154 γάρ
557 1082 626 1137 ἂν
657 1083 831 1135 ἕλοι-τό
859 1099 1014 1144 ποτε,
1052 1082 1088 1136 ἀ
1117 1083 1195 1153 τῷ
1224 1082 1446 1154 Χριστῷ
1473 1084 1733 1154 προσετάυ

15 1169 134 1240 χθη
181 1167 380 1224 δοῦναι
415 1172 696 1242 χρήματα,
732 1169 906 1224 ταῦτα
943 1171 1260 1222 ἀναλίσκειν
1300 1170 1379 1233 είς
1413 1171 1541 1233 τοὺς
1563 1170 1626 1223 τὸ
1648 1170 1740 1223 τοῦ

15 1257 294 1324 Χριστοῦ
331 1258 720 1321 διαϐάλλοντας
750 1257 953 1326 δνομα;
983 1258 1083 1312 Διά
1107 1256 1281 1311 ταῦτα
1311 1258 1514 1330 πολλὴν
1538 1258 1621 1312 δεῖ
1648 1258 1741 1311 καὶ

19 1343 250 1415 ἀκριεῆ
275 1344 553 1397 ποιεῖσθαι
577 1345 675 1412 τὴν
702 1342 970 1408 ἐξέτασιν,
1011 1345 1086 1408 ὼς
1110 1345 1138 1384 ι)
1171 1344 1245 1415 μὴ
1282 1345 1447 1415 μόνον
1466 1344 1567 1408 τὰς
1588 1347 1738 1416 εἰρη-

27 1433 242 1500 μένας,
272 1430 418 1484 ἀλλά
441 1430 575 1502 μηδὲ
596 1430 692 1494 τὰς
717 1433 937 1489 ἑαυταῖς
967 1431 1158 1502 ἀρκεῖν
1180 1431 1487 1501 δυναμένας
1513 1431 1611 1502 τὴν
1630 1431 1741 1484 τῶν

3407 279 3514 334 (είὶὸ

1842 385 2047 453 γάσατο
2068 388 2127 441 τὸ
2158 389 2346 445 δεινόν.
2375 390 2494 444 Κᾶν
2532 388 2639 460 γὰρ
2669 388 2790 442 λίαν
2811 389 3186 460 ἀναισχυντεῖν
3219 391 3509 460 βιάζωνται

1839 468 1928 520 διὰ
1951 468 2051 538 τὴν
2073 470 2174 540 τῆς
2203 473 2436 543 γαστρὸς
2476 471 2743 542 ἀνάγκην,
2796 472 2913 525 ἀλλ’
2944 474 3092 543 ὅμως
3124 473 3383 541 ἀλγοῦσιν
3415 478 3512 529 ἐπὶ

1838 551 1903 621 τῇ
1956 549 2047 623 βίᾳ
2093 552 2286 624 ταύτῃ.
2327 554 2498 607 Ὅταν
2550 550 2642 607 οὖν
2685 554 2774 608 διά
2814 555 2917 625 μὲν
2947 555 3010 608 τὸ
3049 554 3146 609 τοῦ
3191 555 3351 626 λιμοῦ
3391 558 3509 621 δέος

1802 637 2153 702 ’κπροσαιτεῖν
2175 636 2610 704 ἀναγκάζωνται,
2628 636 2716 690 διὰ
2738 636 2793 690 δέ
2815 639 2874 691 τὸ
2895 641 3209 709 προσαιτεῖν
3228 640 3501 694 ἀναιδεύε-

1843 715 1964 769 σθαι
1986 757 2000 779 ,
2023 717 2110 769 διά
2140 718 2196 770 δέ
2223 719 2284 772 τὸ
2311 719 2689 773 ἀναιδεύεσθαι
2719 719 2886 773 πάλιν
2911 719 3264 791 ὑϐρίζωνται,
3291 723 3517 793 ποικίλη-

1839 811 1924 860 τις
1951 801 2048 853 καὶ
2072 801 2240 855 πολὺν
2264 801 2504 873 φέρουσα
2531 802 2624 855 τὸν
2648 802 2815 872 ζόφον
2833 803 2926 857 ἐπὶ
2955 804 3062 875 τὴν·
3080 803 3260 875 ψυχὴν
3287 805 3519 858 ἐκείνων»

1840 880 2224 951 κατασκήπτει
2249 881 2350 952 τῆς
2379 881 2619 952 ἀθυμίας
2656 883 2690 952 ἡ
2723 882 2972 953 δύναμις.
3013 885 3124 937 Καὶ
3160 885 3240 936 δεῖ
3263 884 3356 937 τὸν
3384 885 3510 937 τού-

1839 981 1947 1017 των
1975 964 2406 1036 ἐπιμελούμενον
2426 967 2524 1019 ἐπὶ
2557 967 2810 1019 τοσοῦτον
2848 962 2988 1020 εἶναι
3029 968 3408 1040 μακρόθυμον,
3435 969 3511 1033 ὡς

1843 1047 1918 1117 μὴ
1943 1049 2102 1117 μάνον
2132 1049 2323 1112 αὐταῖς
2346 1049 2420 1119 μὴ
2448 1049 2764 1112 πλεονάζειν
2783 1050 2881 1122 τὴν
2914 1051 3152 1122 ἀθυμίαν
3172 1055 3293 1114 ταῖς
3315 1055 3514 1121 ἀγανα-

1841 1133 2122 1202 κτήσεσιν,
2157 1132 2293 1186 ἀλλά
2320 1133 2417 1185 καὶ
2445 1132 2544 1202 τῆς
2595 1131 2766 1204 οὔσης
2795 1133 2856 1186 τὸ
2901 1133 3062 1188 πλέον
3119 1135 3388 1205 κοιμίζειν
3425 1137 3513 1188 διὰ

1839 1213 1938 1284 τῆς
1968 1214 2384 1286 παρακλήσεως.
2427 1215 2637 1286 Ὥσπερ
2689 1215 2798 1287 γάρ
2845 1218 3052 1280 ἐκεῖνος
3083 1220 3112 1271 ὁ
3152 1218 3429 1288 ὑϐρισθεὶς
3455 1221 3515 1269 ἐν

1841 1297 2010 1368 πολλῇ
2045 1298 2334 1370 περιουσίᾳ
2352 1298 2452 1351 οὐκ
2480 1298 2789 1352 αἰσθάνεται
2817 1299 2916 1370 τῆς
2938 1300 3046 1354 ἀπὸ
3074 1299 3180 1354 τῶν
3213 1301 3514 1372 χρημάτων

1840 1380 2110 1449 ὠφελείας
2159 1381 2248 1436 διά
2292 1380 2390 1453 τὴν
2424 1381 2531 1434 ἀπὸ
2581 1381 2682 1452 τῆς
2718 1381 2928 1454 ὕϐρεως
2976 1383 3212 1455 πληγήν·
3245 1383 3384 1436 οὕτω
3420 1384 3518 1437 καὶ

23 1519 338 1571 ἀδυνάτων
373 1517 732 1589 λυμαίνεσθαι
757 1517 1058 1589 τράπεζαν.
1094 1518 1252 1571 Μετά
1279 1517 1335 1570 δέ
1370 1517 1467 1588 τὴν
1495 1517 1740 1582 ἐξέτασιν

27 1605 252 1675 ταύτην
276 1604 446 1676 ἑτέρα
469 1604 770 1674 διαδέχεται
791 1605 1014 1673 φροντὶς
1043 1604 1104 1656 οὐ
1134 1604 1326 1675 μικρὰ,
1357 1604 1444 1656 ἴνα
1465 1604 1654 1665 αὑταῖς
1673 1603 1742 1657 τὰ

30 1692 132 1758 τῆς
165 1691 390 1761 τροφῆς
429 1690 662 1759 ἁθρόως,
699 1690 888 1760 ῶσπερ
928 1692 993 1743 ἐκ
1017 1689 1230 1758 πηγῶν,
1259 1689 1513 1760 ἐπιρρέῃ,
1542 1689 1633 1741 καὶ
1666 1689 1742 1759 μὴ

29 1772 390 1843 διαλιμπάνῃ
419 1772 573 1825 ποτέ.
601 1773 712 1824 Καὶ
734 1772 841 1843 γὰρ
864 1771 1158 1842 ἀκόρεστον
1186 1789 1302 1835 πως
1329 1771 1496 1823 κακὸν
1524 1772 1557 1840 ἡ
1579 1769 1742 1824 ἀκού-

30 1877 155 1923 σιος
182 1861 360 1914 πενία
389 1861 482 1914 καὶ
510 1859 880 1931 μεμψίμοιρον
908 1859 1004 1913 καὶ
1027 1859 1342 1929 ἀχάριστον.
1376 1859 1484 1911 Καὶ
1509 1858 1589 1911 δεῖ
1614 1857 1744 1911 πολ-

26 1947 133 2016 λῆς
187 1948 296 2016 μὲν
339 1947 442 2016 τῆς
493 1947 784 2009 συνέσεως,
821 1946 1025 2017 πολλῆς
1067 1945 1124 1999 δὲ
1161 1947 1262 2017 τῆς
1305 1947 1564 2017 σπουδῆς,
1601 1946 1741 2001 ὥστε

25 2034 232 2088 αὐτῶν
252 2036 593 2106 ἐμφράττειν
623 2034 688 2087 τά
721 2035 966 2104 στόματα
986 2075 999 2099 ,
1035 2035 1219 2087 πᾶσαν
1250 2032 1572 2104 ἐξαιροῦντα
1611 2051 1744 2088 κατ-

25 2125 283 2192 ηγορίας
326 2123 620 2195 πρόφασιν.
662 2124 726 2175 Ol
770 2123 868 2194 μέν
896 2117 989 2176 οὖν
1023 2120 1229 2185 πολλοὶ,
1276 2121 1403 2175 ὅταν
1435 2122 1556 2176 τινὰ
1594 2121 1741 2176 ἴδωσι

28 2212 358 2280 χρημάτων
407 2213 715 2281 κρείττονα,
777 2209 981 2272 εὐθέως
1034 2209 1196 2262 αὑτὸν
1246 2208 1550 2280 ἐπιτήδειον
1602 2203 1743 2263 εἶναι

27 2297 185 2367 πρὸς
220 2298 435 2370 ταύτην
459 2298 855 2366 ἀποφαίνονται
879 2295 978 2369 τὴν
1001 2296 1339 2367 οἰκονομίαν.
1383 2295 1526 2365 Ἐγὼ
1557 2296 1613 2350 δὲ
1645 2298 1744 2368 ούχ

35 2385 298 2456 ἡγοῦμαί
340 2403 471 2438 ποτε
508 2386 714 2455 ταύτην
751 2384 901 2454 αὐτῷ
947 2388 1048 2456 τὴν
1096 2384 1504 2454 μεγαλοψυχίαν
1552 2385 1742 2456 ἀρκεῖν

41 2474 247 2544 μόην,
279 2473 423 2526 ἀλλά
446 2474 552 2525 δεῖν
579 2472 678 2542 μὲν
705 2473 874 2542 αὐτὴν
905 2472 1009 2543 πρὸ
1037 2472 1145 2525 τῶν
1170 2472 1345 2526 ἄλλων
1375 2471 1540 2542 ἐχειν·
1575 2473 1744 2545 χωρὶς

39 2562 154 2631 γὰρ
193 2560 410 2630 ταύτης
447 2559 661 2630 λυμεὼν
707 2560 774 2612 ἂν
808 2558 893 2630 εἰή
932 2559 1130 2630 μᾶλλον
1185 2559 1218 2630 ἦ
1266 2559 1605 2629 προστάτης,
1651 2560 1745 2613 καὶ

49 2651 226 2712 λύκος
261 2649 390 2701 ἀντὶ
420 2648 694 2718 ποιμένος·
733 2647 874 2717 μετά
903 2646 959 2699 δέ
994 2647 1165 2718 αὐτῆς
1196 2647 1291 2700 καὶ
1329 2645 1524 2718 ἑτέραν
1561 2646 1744 2718 ζητεῖν

53 2739 100 2790 εί
124 2749 149 2774 ε
185 2735 538 2806 κεκτημένος
564 2735 842 2805 τυγχάνοι.
869 2733 1017 2805 Αὕτη
1045 2735 1101 2787 δέ
1131 2735 1278 2788 ἐστιν
1302 2737 1335 2806 ἡ
1359 2735 1576 2790 πάντων
1595 2735 1744 2789 αἰτία

45 2824 372 2896 ἀνθρώποις
395 2821 507 2874 τῶν
532 2821 774 2889 ἀγαθῶν,
806 2820 1146 2886 ἀνεξικακία,
1175 2821 1365 2893 ὥσπερ
1399 2823 1479 2885 είς
1505 2839 1628 2874 τινα
1652 2821 1745 2874 εὕ-

47 2910 156 2963 διον
195 2911 406 2980 λιμένα
445 2907 749 2980 όρμίζουσα
791 2909 888 2962 καὶ
925 2908 1374 2979 παραπέμπουσα
1413 2908 1514 2980 τὴν
1540 2907 1740 2980 ψυχήν.

50 2997 118 3049 Τὸ
145 2998 269 3068 γὰρ
295 2994 410 3048 τῶν
437 2995 620 3066 χηρῶν
653 2993 810 3062 γένος
834 2994 928 3045 καὶ
955 2992 1043 3046 διὰ
1064 2993 1164 3065 τὴν
1188 2995 1398 3058 πενίαν,
1428 2995 1522 3048 καὶ
1541 2994 1628 3047 διὰ
1647 2993 1744 3066 τὴν

51 3085 296 3155 ἠλικίαν,
310 3083 410 3136 καὶ¹
419 3083 507 3135 διὰ
517 3082 614 3153 τὴν
627 3081 789 3151 φύσιν
806 3081 1027 3152 ἀμέτρῳ
1043 3081 1151 3134 τινί
1163 3082 1426 3152 κέχρηται
1439 3082 1741 3153 παρρησίᾳ·

50 3172 192 3223 οὕτω
206 3171 281 3239 γά
288 3188 324 3240 ρ
336 3171 557 3240 ἄμεινον
570 3170 760 3222 εἰπεῖν·
770 3168 862 3220 καὶ
876 3167 1070 3236 βοῶσιν
1082 3167 1346 3239 ἀκαίρως,
1360 3167 1454 3221 καὶ
1465 3167 1744 3220 αἰτιῶνται

55 3260 258 3330 μάτην,
283 3257 386 3310 καὶ
407 3256 766 3327 ἀποδύρονται
791 3256 930 3326 ὑπὲρ
949 3247 1023 3308 ὧν
1045 3254 1202 3324 χάριν
1219 3255 1416 3308 εἰδέναι
1437 3253 1626 3326 ἐχρῆν,
1651 3256 1746 3309 καὶ

53 3343 464 3415 κατηγοροῦσιν
486 3343 624 3411 ὑπὲρ
646 3335 721 3394 ὧν
742 3340 1106 3408 ἀποδέχεσθαι
1129 3341 1255 3394 ἔδει.
1278 3340 1391 3395 Καὶ
1411 3341 1495 3394 δεῖ
1508 3341 1599 3394 τὸν
1621 3359 1746 3413 προ-

53 3432 268 3485 εστῶτα
284 3431 508 3486 ᾶπαντα
525 3430 716 3500 φέρειν
738 3429 1021 3497 γενναίως,
1047 3429 1140 3482 καὶ
1159 3430 1296 3500 μήτε
1314 3429 1452 3501 πρὸς
1475 3430 1572 3494 τὰς
1595 3430 1746 3483 ἀκαί-

57 3533 183 3586 ρους
214 3515 556 3586 ἐνοχλήσεις,
604 3513 742 3584 μήτε
775 3512 912 3583 πρὸς
949 3511 1048 3574 τὰς
1085 3511 1314 3581 ἀλόγους
1346 3512 1745 3584 παροξύνεσθαι

59 3603 328 3672 μέμψεις.
363 3601 666 3655 Ἐλεεῖσθαι
691 3599 800 3670 γὰρ
820 3601 996 3653 ἐκεῖνο
1015 3598 1252 3668 τὸγένος
1280 3599 1420 3670 ὑπὲρ
1448 3592 1525 3653 ὧν
1550 3599 1744 3652 δυστυ-

59 3685 266 3754 χοῦσιν,
299 3684 405 3753 οὑχ
427 3681 768 3754 ὑϐρίζεσθαι,
814 3683 1041 3736 δίκαιον·
1076 3682 1155 3745 ὡς
1189 3683 1252 3734 τό
1283 3699 1348 3751 γε
1387 3682 1744 3752 ἐπεμϐαίνειν

59 3770 240 3824 αὐτῶν
267 3771 397 3832 ταῖς
431 3770 762 3839 συμφοραῖς,
781 3768 876 3822 καὶ
902 3771 968 3840 τῇ
997 3768 1084 3822 διά
1104 3767 1206 3838 τὴν
1235 3767 1429 3822 πενίαν
1454 3769 1618 3844 ὀδύνῃ
1645 3771 1744 3840 τὴν

61 3857 164 3910 ἀπὸ
185 3858 294 3927 τῆς
326 3855 540 3926 ὕϐρεως
579 3855 932 3926 προστιθέναι
967 3856 1068 3926 τῆς
1104 3855 1342 3927 ἐσχάτης
1364 3856 1647 3928 ὠμότητος
1679 3857 1744 3911 ἂν

61 3947 162 4016 εἴη.
195 3945 309 3998 Διά
336 3943 495 3998 τοῦτο
522 3943 618 3996 καί
645 3960 730 4006 τις
753 3943 892 4014 ἀνὴρ
935 3941 1267 4012 σοφώτατος,
1307 3942 1389 4007 είς
1416 3961 1477 3996 τε
1499 3943 1561 3996 τὸ
1596 3945 1744 4012 φιλο-

63 4033 251 4104 κερδὲς
305 4031 404 4086 καὶ
448 4030 511 4084 τὸ
559 4029 927 4101 ὑπεροπτικὸν
979 4028 1081 4100 τῆς
1132 4029 1480 4101 ἀνθρωπίνης
1531 4029 1746 4100 φύσεως

65 4120 269 4174 ἀπιδὼν
292 4160 311 4184 ,
354 4118 450 4174 καὶ
494 4121 595 4189 τῆς
630 4118 822 4181 πενίας
868 4115 967 4186 τὴν
1000 4115 1162 4185 φύσιν
1207 4117 1540 4188 καταμαθὼν
1567 4118 1745 4189 δεινὴν

68 4205 214 4280 [597]
231 4203 407 4261 οὖσαν
430 4206 523 4260 καὶ
539 4206 637 4276 τὴν
663 4204 1051 4276 γενναιοτάτην
1075 4203 1252 4276 ψυχὴν
1281 4203 1631 4272 καταϐαλεῖν,
1653 4206 1745 4259 καὶ

67 4299 249 4350 πεῖσαι
284 4293 419 4365 περὶ
455 4292 561 4345 τῶν
603 4290 787 4348 αὐτῶν
835 4292 1214 4361 ἀναισχυντεῖν
1241 4291 1520 4356 πολλάκις.
1547 4293 1636 4346 ῖνα
1668 4294 1742 4364 μή

65 4399 140 4444 τις
169 4381 500 4452 αἰτούμενος
535 4380 664 4450 παρ’
699 4378 878 4432 αὐτῶν
912 4378 1224 4448 ὀργίζηται,
1257 4378 1394 4450 μηδὲ
1429 4379 1506 4450 τῷ
1535 4383 1748 4450 συνεχεῖ

69 4470 160 4539 τῆς
188 4467 494 4534 ἐντεύξεως
522 4465 884 4539 παροξυνθεὶς
923 4465 1185 4536 πολέμιος
1211 4466 1240 4518 ό
1275 4465 1488 4537 βοηθεῖν
1518 4467 1746 4537 ὀφείλων

71 4559 324 4627 γένηται,
353 4553 764 4627 παρασκευάζει
793 4553 1044 4625 προσηνῆ
1076 4570 1137 4606 τε
1161 4553 1324 4608 αὐτὸν
1364 4554 1460 4606 καὶ
1490 4555 1745 4626 εὐπρόσιμ

80 4663 163 4698 τον
189 4641 337 4699 εἷναι
372 4641 452 4714 τῷ
486 4642 746 4712 δεομένῳ,
775 4641 971 4710 λέγων·
1007 4639 1233 4695 Κλῒνον
1262 4640 1476 4709 πτωχῷ
1501 4643 1747 4708 ἀλύπως

81 4735 139 4787 τὸ
171 4729 283 4800 οὖς
316 4748 456 4797 σου,
491 4729 593 4785 καὶ
630 4729 982 4799 ἀποκρίθητι
1028 4727 1188 4793 αὐτῷ
1232 4727 1303 4782 ἐν
1340 4729 1628 4798 πραότητι
1665 4733 1747 4784 εί-

68 4821 304 4889 ρηνικά.
333 4820 445 4874 Καὶ
471 4819 564 4874 τδν
592 4815 968 4890 παροξύνοντα
1017 4817 1178 4887 ἀφεὶς
1205 4815 1279 4888 (τί
1316 4815 1426 4888 γὰρ
1463 4817 1528 4871 ἂν
1554 4835 1637 4881 τις
1669 4818 1749 4891 τῷ

75 4910 310 4979 κειμένῳ
331 4905 566 4977 λέγοι;),
592 4904 672 4976 τῷ
694 4905 973 4976 δυναμένῳ
1006 4905 1106 4976 τὴν
1135 4904 1343 4958 ἐκείνου
1373 4905 1558 4978 φέρειν
1586 4906 1746 4960 ἀσθέ-

75 5014 215 5049 νειαν
235 4995 569 5063 διαλέγεται,
594 4991 932 5064 παρακαλῶν
977 4990 1055 5062 τῷ
1096 5008 1156 5044 τε
1199 4989 1393 5064 ἡμέρῳ
1417 4992 1514 5064 τῆς
1537 4992 1746 5063 ὅψεως,
1781 5057 1789 5062 ,

78 5085 163 5136 καί
181 5087 248 5155 τῇ
277 5082 388 5136 τῶν
420 5081 595 5150 λόγων
626 5080 894 5154 πραότητι
915 5079 1023 5150 πρὸ
1044 5079 1142 5151 τῆς
1179 5078 1378 5142 δόσεως
1406 5079 1568 5134 αὑτὸν
1590 5082 1750 5152 ἀνορο

79 5170 216 5226 θοῦν.
254 5173 357 5223 Ἂν
391 5168 450 5222 δέ
478 5186 564 5232 τις
601 5169 669 5221 τὰ
709 5167 807 5238 μὲν
836 5167 1061 5220 ἐκείνων
1111 5165 1186 5237 μὴ
1219 5165 1494 5239 λαμϐάνῃ,
1537 5168 1751 5240 μυρίοις

81 5257 129 5309 δὲ
159 5257 330 5321 αύτάς
348 5253 888 5326 δνείδεσιπεριϐάλλη
911 5254 1006 5306 καὶ
1028 5252 1229 5326 ὑϐρίζῃ
1252 5255 1347 5307 καὶ
1380 5255 1748 5328 παροξύνηται

83 5347 192 5398 κατ’
217 5344 425 5408 αὐτῶν,
445 5342 507 5395 οὑ
523 5342 684 5412 μόνον
699 5341 798 5394 οὐκ
809 5338 1142 5409 ἐπεκούφισε
1172 5338 1271 5410 τὴν
1296 5341 1406 5396 ἀπὸ
1433 5341 1535 5412 τῆς
1557 5341 1750 5407 πενίας

89 5433 317 5505 ἀθυμίαν
331 5431 410 5503 τῷ
429 5429 614 5484 δοῦναι
639 5427 690 5494 δ,
714 5426 851 5482 ἀλλὰ
871 5427 966 5480 καὶ
983 5425 1167 5498 μεῖζον
1192 5428 1312 5490 ταῖς
1327 5427 1614 5500 λοιδορίαις
1634 5429 1751 5502 εἰρ-

141 5574 163 5600 ¹¹
195 5569 292 5619 Αιιι
317 5567 401 5615 καὶ
425 5566 541 5630 πρὸς
556 5561 937 5630 ἕτερα-τοιαῦτα.

143 5631 169 5669 ιι
189 5632 284 5680 Alii
308 5621 532 5687 ὥστε,’θι
551 5621 676 5675 ἱηίιίιι
699 5625 915 5688 ἐπαρκεῖν
937 5636 1024 5688 prp
1046 5621 1227 5688 ἀρκετν.

148 5695 168 5721 ε
195 5692 289 5754 Alii
311 5685 574 5754 ζητεῖν-δεῖ,
599 5689 732 5754 el_.__ln
746 5685 916 5754 βξιιχὶιἒ
935 5685 1003 5754 δεῖ
1027 5685 1188 5732 dcesl.

147 5761 174 5793 ι
195 5751 293 5803 Alii
315 5754 383 5813 τῷ
410 5749 590 5812 δοῦναι,
611 5751 691 5800 alii
711 5749 778 5811 τῷ
807 5750 871 5810 μή
895 5748 1074 5795 δοῦναι.

1841 1457 1996 1528 οὗτος
2020 1467 2050 1518 ό
2072 1464 2318 1537 προσηνῆ
2350 1465 2505 1534 λόγον
2532 1466 2790 1531 ἀκούσας,
2812 1468 2906 1520 καὶ
2939 1467 3078 1538 μετὰ
3108 1465 3515 1539 παρακλήσεως

1843 1551 1909 1605 τὸ
1935 1549 2206 1622 διδόμενον
2243 1549 2554 1620 δεξάμενος,
2585 1550 2847 1618 γάννυται
2875 1550 3037 1603 πλέον
3073 1551 3164 1604 καὶ
3191 1552 3395 1622 χαίρει,
3419 1553 3514 1604 καὶ

1839 1633 2059 1688 διπλοῦν
2081 1633 2212 1687 αὐτὸ
2237 1634 2297 1687 τὸ
2326 1633 2478 1687 δοθὲν
2502 1632 2579 1703 τῷ
2616 1632 2801 1704 τρόπῳ
2830 1633 3058 1702 γίνεται.
3082 1635 3192 1687 Καὶ
3212 1635 3389 1686 ταῦτα
3412 1635 3512 1688 οὐκ

1841 1717 1937 1770 ἀπ’
1971 1715 2229 1786 ἐμαυτοῦ,
2261 1715 2377 1769 ἀλλ’
2404 1717 2498 1770 ἀπ’
2523 1715 2733 1768 ἐκείνου
2763 1716 2856 1769 τοῦ
2876 1715 2943 1769 τὰ
2972 1717 3216 1788 πρότερα
3248 1717 3513 1786 παραινέ-

1844 1817 2056 1864 σαντος,
2085 1799 2413 1871 φθέγγομαι.
2438 1800 2658 1853 Τέκνον
2683 1799 2812 1870 γὰρ,
2844 1801 3031 1871 φησὶν,
3060 1801 3130 1854 ἐν
3157 1800 3404 1870 ἀγαθοῖς
3423 1798 3518 1868 μὴ·

1842 1882 1958 1950 δῷς
1986 1881 2214 1952 μῶμον,
2233 1884 2328 1936 καὶ
2361 1883 2429 1936 ὲν
2453 1882 2618 1951 πάσῃ
2649 1881 2815 1937 δόσει
2841 1885 3049 1952 λύπην
3072 1886 3269 1954 λόγων
3299 1895 3344 1937 ο.
3365 1883 3515 1951 οὐχί

1842 1970 2128 2021 καύσωνα
2159 1967 2496 2021 ἀναπαύσει
2525 1966 2778 2033 δρόσος;
2823 1967 2985 2018 Οὕτω
3011 1966 3312 2034 κρείσσων
3331 1967 3516 2035 λόγος

1841 2050 1880 2119 ἢ
1907 2049 2100 2117 δόσις.
2154 2050 2302 2104 Ἰδοὺ
2353 2051 2464 2119 γὰρ
2506 2052 2688 2120 λόγος
2740 2049 2894 2118 ὑπὲρ
2932 2049 3086 2119 δόμα
3125 2050 3382 2119 ἀγαθόν·
3414 2048 3515 2102 καὶ

1842 2135 2144 2204 ἀμφότερα
2175 2133 2334 2202 παρὰ
2359 2132 2532 2202 ἀνδρὶ
2570 2131 3038 2203 κεχαριτωμένῳ.
3070 2134 3185 2186 Οὐκ
3213 2132 3430 2202 ἐπιεικῆ
3457 2131 3514 2183 δὲ

1847 2219 2006 2290 μόνον
2040 2218 2135 2270 καὶ
2160 2217 2481 2281 ἀνεξίκακον
2513 2217 2603 2270 τὸν
2632 2216 2838 2270 τούτων
2884 2217 3216 2286 προστάτην,
3247 2215 3381 2269 ἀλλά
3418 2219 3516 2269 καὶ

1842 2302 2183 2372 οἰκονομικὸν
2204 2301 2302 2372 οὐχ
2329 2296 2490 2372 ἦττον
2513 2296 2650 2354 εἶναι
2673 2301 2799 2371 χρή·
2827 2301 2922 2365 ὡς,
2946 2299 3041 2353 ἐὰν
3064 2299 3220 2353 τοῦτο
3245 2300 3382 2371 ἀπῇ,
3405 2299 3514 2354 πά-

1842 2384 1926 2437 λιν
1971 2387 2052 2448 είς
2082 2385 2182 2456 τὴν
2221 2383 2344 2455 ἴσην
2383 2385 2729 2455 περιίσταται
2773 2381 2978 2454 ζημίαν
3011 2381 3083 2436 τὰ
3117 2382 3226 2436 τῶν
3270 2384 3517 2454 πενήτων

1843 2469 2119 2538 χρήματα.
2161 2467 2300 2537 Ἤδη
2346 2467 2456 2538 γάρ
2489 2484 2572 2529 τις
2604 2465 2806 2537 ταύτην
2857 2465 3168 2528 πιστευθεὶς
3199 2465 3296 2537 τὴν
3333 2465 3516 2519 διακο-

1845 2553 1964 2606 νίαν
2002 2553 2049 2617 τ,
2099 2553 2192 2605 καὶ¹
2229 2551 2428 2622 χρυσὸν
2485 2549 2810 2619 συναγαγὼν
2855 2549 3052 2612 πολὺν,
3095 2549 3258 2612 αὐτὸς
3304 2550 3403 2619 μὲν
3452 2551 3513 2600 οὐ

1845 2636 2181 2704 κατέφαγεν,
2214 2637 2327 2690 ἀλλ’
2367 2636 2492 2688 οὐδὲ
2522 2636 2601 2698 είς
2648 2635 2774 2696 τοὺς
2819 2633 3108 2704 δεομένους
3148 2632 3290 2702 πλὴν
3319 2633 3518 2700 ὀλίγων

1844 2720 2110 2774 ἀνάλωσε·
2134 2720 2193 2773 τὸ
2225 2719 2282 2772 δέ
2310 2719 2468 2771 πλέον
2494 2716 2797 2788 κατορύξας
2830 2716 3148 2786 ἐφύλαττεν,
3174 2715 3281 2779 ἕως
3311 2710 3372 2769 οὗ
3397 2733 3517 2768 και-

1847 2803 1940 2875 ρὸς
1967 2802 2201 2874 χαλεπὸς
2219 2801 2444 2864 ἐπιστὰς
2468 2801 2783 2871 παρέδωκεν
2811 2800 2952 2853 αύτά
2969 2802 3090 2863 ταῖς
3121 2800 3227 2852 τῶν
3256 2799 3516 2853 ἐναντίων

1844 2887 2022 2960 χερσί.
2046 2885 2250 2955 Πολλῆς
2279 2882 2372 2938 οὖν
2402 2885 2483 2938 δεῖ
2506 2886 2607 2953 τῆς
2629 2884 2992 2955 προμηθείας,
3019 2885 3096 2946 ὡς
3122 2883 3260 2954 μήτε
3289 2882 3518 2937 πλεονά-

1845 2970 1960 3035 ζειν
1995 2971 2130 3040 μήτε
2170 2968 2436 3023 ἐλλείπειν
2479 2967 2579 3036 τῆς
2632 2965 2962 3035 Ἐκκλησίας
3012 2967 3112 3036 τὴν
3156 2967 3512 3037 περιουσίαν.

1845 3054 1981 3108 ἀλλά
2019 3053 2196 3106 πάντα
2239 3051 2336 3120 μὲν
2373 3048 2690 3120 σκορπίζειν
2718 3049 2930 3119 ταχέως
2979 3052 3092 3111 τοῖς
3129 3049 3404 3118 δεομένοις
3448 3049 3518 3103 τὰ

1845 3138 2197 3210 ποριζόμενα.
2215 3136 2271 3188 ἐν
2291 3135 2348 3188 δὲ
2375 3137 2496 3198 ταῖς
2517 3133 2626 3186 τῶν
2653 3132 2969 3203 ἀρχομένων
3002 3132 3353 3203 προαιρέσεσι
3388 3148 3516 3183 συν-

1845 3223 1998 3292 άγειν
2015 3222 2114 3291 τῆς
2157 3218 2480 3290 Ἐκκλησίας
2498 3219 2621 3280 τοὺς
2646 3215 2972 3287 θησαυρούς.
2997 3214 3109 3278 Τὰς
3130 3214 3186 3267 δὲ
3215 3213 3323 3268 τῶν
3351 3213 3517 3279 ξένων

1846 3303 2132 3375 ὑποδοχὰς..
2163 3304 2258 3356 καὶ
2293 3301 2394 3365 τὰς
2434 3301 2543 3354 τῶν
2589 3298 2958 3353 ἀσθενούντων
2989 3297 3305 3368 θεραπείας,
3342 3298 3517 3367 πόσης

1849 3390 1946 3458 μὲν
1975 3389 2075 3441 οἴει
2100 3385 2305 3440 δεῖσθαι
2337 3384 2637 3456 χρημάτων
2690 3381 2954 3452 δαπάνης,
2995 3381 3165 3452 πόσης
3194 3381 3252 3433 δὲ
3276 3380 3376 3451 τῆς
3406 3381 3516 3434 τῶν

1845 3469 2284 3526 ἐπιστατούντων
2335 3467 2622 3540 ἀκριϐείας
2674 3483 2732 3518 τε
2783 3465 2880 3520 καὶ⁵
2916 3461 3223 3528 συνέσεως;
3256 3465 3367 3517 Καὶ
3407 3465 3518 3536 γὰρ

1844 3556 1943 3626 τῆς
1970 3553 2265 3625 εἰρημένης
2293 3549 2615 3612 ἀναλώσεως
2649 3547 2858 3617 ταύτην
2887 3546 3086 3616 ἥττονα
3115 3546 3212 3617 μὲν
3241 3545 3516 3616 οὐδαμῶς,

1846 3638 2104 3699 πολλάκις
2129 3635 2186 3691 δὲ
2216 3635 2311 3688 καὶ
2352 3632 2574 3704 μείζονα
2617 3627 2754 3684 εἶναι
2779 3630 3016 3701 ἀνάγκη,
3051 3631 3146 3683 καὶ
3172 3629 3262 3682 τὸν
3289 3632 3518 3684 ἐπιστα-

1844 3721 2040 3775 τοῦντα
2073 3717 2390 3789 ποριστικόν
2421 3735 2547 3769 τινα
2578 3717 2695 3787 μετ’
2721 3713 3006 3778 εὐλαϐείας
3031 3713 3182 3786 [598]
3202 3714 3297 3768 καὶ
3325 3717 3520 3785 φρονή-

1848 3821 2006 3866 σεως,
2035 3803 2110 3866 ὡς
2144 3798 2583 3872 παρασκευάζειν
2609 3798 2703 3850 καὶ
2731 3796 3028 3867 φιλοτίμως
3054 3795 3148 3848 καὶ
3185 3796 3404 3860 ἀλύπως
3436 3797 3518 3849 δι-

1844 3888 1992 3942 δόναι
2023 3887 2148 3948 τοὺς
2178 3881 2549 3952 κεκτημένους
2569 3880 2637 3932 τὰ
2661 3879 2789 3949 παρ’
2820 3876 3048 3944 ἑαυτῶν,
3081 3879 3166 3931 ἵνα
3195 3879 3269 3950 μὴ
3289 3880 3385 3949 τῆς
3409 3879 3522 3933 τῶν

1846 3968 2213 4026 ἀσθενούντων
2241 3964 2603 4026 ἀναπαύσεως
2637 3961 2882 4033 προνοῶν
2906 3962 3004 4025 τὰς
3026 3961 3134 4014 τῶν
3171 3963 3520 4033 παρεχόντων

1848 4055 2056 4124 πλήττῃ
2094 4049 2289 4120 ψυχάς,
2336 4047 2449 4119 Τὴν
2497 4045 2553 4099 δέ
2601 4044 2910 4116 προθυμίαν
2951 4053 2977 4093 8
3033 4046 3130 4098 καὶ
3160 4044 3260 4114 τὴν
3284 4047 3521 4117 σπουδὴν

1849 4136 2028 4208 πολλῷ
2058 4135 2282 4188 πλείονα
2335 4129 2569 4184 ἐνταῦθα
2602 4128 3040 4182 ἐπειδείκνυσθαι
3071 4129 3166 4183 δεῖ·
3191 4129 3519 4200 δυσάρεστον

1845 4221 1956 4292 γάρ
1973 4236 2089 4282 πως
2113 4219 2162 4271 οἱ
2190 4213 2472 4278 νοσοῦντες
2498 4212 2602 4285 χρῆ
2613 4229 2687 4284 μα
2715 4211 2811 4265 καὶ
2843 4211 3103 4287 ῥᾴθυμον·
3123 4211 3231 4265 κᾶν
3257 4213 3331 4284 μὴ
3349 4213 3524 4288 πολλὴ

1848 4302 2186 4374 πανταχόθεν
2216 4298 2538 4371 είσφέρηται
2567 4297 2824 4369 ἀκρίϐεια
2849 4298 2944 4350 καὶ
2973 4296 3216 4367 φροντὶς,
3251 4298 3412 4367 ἀρκεῖ
3427 4303 3521 4353 καὶ

1847 4390 1907 4442 τὸ
1947 4387 2142 4460 μικρὸν
2183 4386 2362 4438 ἐκεῖνο
2398 4381 2678 4454 παροφθὲν
2705 4380 2917 4452 μεγάλα
2957 4379 3298 4450 ἐργάσασθαι
3325 4381 3404 4452 τῷ
3435 4400 3522 4436 νο-

1849 4473 2028 4526 σοῦντι
2057 4469 2224 4524 κακά.
2771 4529 2776 4532 _

1920 4556 2005 4620 ιζ’.
2024 4553 2150 4607 Ἐπὶ
2168 4553 2227 4606 δὲ
2250 4552 2350 4623 τῆς
2366 4550 2476 4605 τῶν
2497 4547 2784 4622 παρθένων
2811 4547 3125 4618 ἐπιμελείας
3143 4549 3380 4620 τοσούτῳ
3404 4551 3521 4622 μεί-

1849 4639 1958 4704 ζων
1980 4639 2009 4690 ό
2041 4635 2224 4706 φόϐος,
2250 4635 2360 4704 ὅσῳ
2384 4634 2478 4687 καὶ
2504 4632 2566 4686 τὸ
2599 4633 2786 4702 κτῆμα
2811 4630 3157 4703 τιμιώτερον,
3186 4635 3280 4686 καὶ
3310 4633 3525 4704 βασιλι-

1852 4721 2071 4792 κωτέρσ,
2097 4718 2235 4789 αὕτη
2267 4717 2378 4770 τῶν
2409 4716 2584 4770 ἀλλων
2609 4717 2643 4787 ἡ
2673 4714 2866 4786 ἀγέλη.
2903 4714 3042 4785 Ἤδη
3064 4716 3174 4787 γὰρ
3198 4717 3293 4769 καὶ
3324 4719 3403 4782 είς
3429 4720 3527 4771 τὸν

1852 4805 1962 4859 τῶν
1981 4804 2151 4872 ἁγίων
2173 4801 2378 4855 τούτων
2400 4800 2559 4871 χορὸν
2593 4799 2784 4871 μυρίαι
2813 4799 3022 4870 μυρίων
3047 4801 3314 4872 γέμουσαι
3334 4802 3523 4856 κακῶν

1851 4886 2256 4957 εἰσεκώμασαν·
2296 4883 2482 4954 μεῖζον
2513 4881 2571 4935 δὲ
2607 4881 2844 4936 ἐνταῦθα
2871 4882 2934 4936 τὸ
2978 4883 3194 4948 πένθος.
3219 4886 3328 4938 Καὶ
3351 4886 3522 4940 καθά-

1851 4988 1958 5043 περ
1986 4971 2087 5025 ούκ
2109 4968 2243 5034 ἴσον,
2280 4967 2449 5038 κόρην
2469 4984 2530 5020 τε
2556 4965 2846 5036 ἐλευθέραν
2873 4969 2969 5022 καὶ
3001 4967 3098 5040 τὴν
3119 4969 3322 5037 ταύτης
3355 4970 3517 5042 θερά-

1851 5072 2050 5110 παιναν
2075 5053 2364 5124 ἁμαρτεῖν,
2394 5049 2564 5114 οὑτως
2585 5049 2706 5104 οὐδὲ
2733 5051 3002 5122 παρθένον
3031 5054 3125 5107 καὶ
3160 5056 3355 5127 χήραν.
3387 5055 3518 5119 Ταῖς

1855 5141 1955 5211 μὲν
1974 5139 2082 5208 γὰρ
2109 5138 2202 5190 καὶ
2228 5135 2435 5206 ληρεῖν,
2471 5133 2563 5188 καὶ
2584 5134 2940 5207 λοιδορεῖσθαι
2986 5137 3122 5208 πρὸς
3146 5139 3401 5208 ἀλλήλας,
3425 5140 3520 5196 καὶ

1851 5219 2191 5284 κολακεύειν,
2222 5219 2316 5272 κα)⁴
2339 5219 2736 5288 ἀναισχυντεῖν,
2764 5221 2858 5273 καὶ
2893 5219 3166 5291 πανταχοῦ
3201 5221 3519 5292 φαίνεσθαι,

1853 5307 1948 5360 καὶ¹
1973 5305 2036 5358 τὸ
2061 5301 2333 5375 περιιέναι
2366 5301 2465 5373 τὴν
2493 5301 2719 5372 ἀγοράν,
2782 5303 3006 5372 γέγονεν
3056 5303 3368 5375 ἀδιάφορον·
3405 5305 3520 5376 ἠδὲ

1852 5389 2124 5462 παρθένος
2158 5390 2250 5442 ἐπὶ
2285 5387 2528 5457 μείζοσιν
2551 5386 2879 5451 ἀπεδύσατο,
2906 5388 3000 5440 καὶ
3027 5385 3124 5457 τὴν
3150 5388 3410 5440 ἀνωτάτω
3433 5405 3520 5457 φι-

1852 5473 2109 5542 λοσοφίαν
2136 5470 2398 5543 ἐζήλωσε,
2417 5472 2512 5524 καὶ
2535 5470 2635 5541 τὴν
2653 5471 2762 5525 τῶν
2782 5470 3029 5539 ἀγγέλων
3049 5469 3324 5524 πολιτείαν
3349 5470 3520 5537 δεῖξαι

1915 5565 1938 5592 θ
1961 5561 2058 5625 Alii
2074 5561 2234 5625 λόγου.
2257 5560 2412 5625 Ρίιιιιο
2430 5564 2540 5625 post
2557 5560 2704 5625 Sam.
2728 5566 2779 5608 ei
2796 5560 3006 5608 maxima
3033 5571 3143 5622 pars
3166 5563 3515 5625 manuscripto.

1852 5637 1958 5685 tum
1979 5624 2096 5685 ὑπὲρ
2119 5621 2271 5685 δόμα,
2298 5621 2559 5685 Μοτξξὺπέρ
2585 5622 2785 5683 δόματα.

1920 5683 1939 5722 ι’
1964 5683 2061 5732 Alii
2075 5683 2164 5740 τὴν
2184 5683 2474 5744 οἰκονομίαν.

1919 5748 1943 5786 ε
1965 5745 2058 5795 Alii
2079 5743 2414 5808 μακροθυμίαν,
2431 5750 2482 5794 cl
2506 5757 2616 5792 mox
2639 5743 2760 5791 πολὺ
2785 5744 2991 5792 πλείονα.
