3890 6220
218 281 325 335 657

215 409 331 458 qua:
374 391 801 457 incorporearum
844 390 965 438 sunt
1004 390 1321 451 potestatum
1357 379 1456 433 sibi
1498 380 1790 449 priestanda

214 482 481 549 prepoiiit.
522 478 629 532 Nec
668 479 788 531 licet
828 478 875 529 ci
920 474 1224 543 frequenter
1271 482 1323 526 et
1357 473 1610 525 inutiliter
1656 472 1795 524 foras

212 571 482 641 progredi,
514 586 612 623 nec
643 570 799 623 verba
843 565 1014 621 futilia
1040 580 1277 634 vanaque
1308 562 1544 633 proferre
1570 580 1583 613 :
1615 562 1797 617 convi-

212 663 282 717 cii
330 671 384 715 et
429 660 747 713 adulationis
791 673 856 711 ne
908 671 1099 710 nomen
1135 654 1347 724 quidem
1388 653 1530 707 norit
1566 660 1793 721 Oportet.

209 755 543 821 Quapmpter
559 750 859 803 firmissima
878 746 1111 801 custodia
1128 754 1182 800 et
1196 745 1380 813 majori
1397 743 1638 812 prazsidio
1666 757 1798 811 opus

214 844 417 897 habet:
468 856 589 895 nam
634 837 925 893 sanctitatis
960 836 1127 889 hostis
1174 836 1313 904 ipsas
1343 833 1509 901 magis
1549 832 1797 886 observat

214 934 523 1002 insidiisque
550 931 748 1000 appetit
767 970 780 992 ,
821 929 886 981 ad
919 926 1276 980 devorandum
1327 930 1536 994 paratus
1565 922 1609 976 si
1638 938 1795 991 quam

210 1025 475 1079 labentem
504 1021 889 1089 cadentemque
916 1018 1089 1071 videat
1120 1033 1133 1071 :
1177 1015 1448 1068 hominum
1478 1014 1602 1067 item
1642 1013 1796 1066 multi

212 1114 344 1180 ipsis
370 1111 704 1172 insidiantur,
727 1124 847 1163 cum
871 1109 1038 1176 iisque
1060 1106 1304 1161 omnibus
1330 1114 1532 1158 natura:
1558 1103 1795 1172 petulan-

210 1204 305 1255 tia.
338 1203 393 1256 In
414 1216 621 1256 summa
647 1200 842 1268 duplex
876 1198 1071 1252 bellum
1099 1197 1166 1249 ab
1189 1212 1251 1249 ea
1279 1195 1498 1265 geritur,
1527 1193 1667 1248 aliud
1695 1209 1791 1248 ex-

212 1296 477 1350 trinsecus
526 1292 870 1350 incumbens.
934 1289 1076 1343 aliud
1120 1288 1436 1342 intrinsecus
1482 1285 1791 1340 obturbans.

210 1387 339 1441 lJeo
364 1401 583 1457 magnus
612 1386 772 1438 instat
797 1381 1027 1437 curatori
1059 1381 1235 1445 timor,
1272 1378 1441 1447 majus
1478 1377 1791 1446 periculum,

215 1478 369 1532 dolor
396 1479 599 1547 ingens,
646 1475 690 1528 si
720 1473 844 1543 quid
879 1481 1061 1526 contra
1086 1471 1247 1524 animi
1274 1469 1613 1530 sententiam,
1654 1466 1794 1536 quod

212 1570 370 1631 absit,
418 1567 643 1621 accidat.
696 1564 827 1618 Nam
860 1562 903 1616 si
952 1562 1083 1630 patri
1116 1562 1225 1629 lilia
1261 1559 1489 1613 occulta‘
1538 1559 1795 1627 vigilantia

212 1659 403 1729 (Eccli.
429 1658 517 1713 42.
540 1658 595 1727 9)
622 1666 724 1720 est,
772 1666 826 1710 et
862 1653 1166 1709 sollicitudo
1202 1652 1316 1720 ejus
1354 1664 1597 1704 somnum
1636 1648 1702 1701 ab
1729 1661 1795 1701 eo

213 1750 453 1818 depellit,
478 1749 694 1801 timente
720 1762 785 1800 ne
811 1755 899 1798 aut
918 1744 1116 1798 sterilis
1139 1745 1228 1807 sit,
1262 1743 1341 1795 vel
1369 1741 1599 1795 nubilem
1619 1750 1795 1792 trans-

214 1840 484 1907 grcdiatur
503 1848 735 1903 :ctatem,
766 1838 848 1891 vel
880 1850 1066 1905 perosa
1093 1833 1159 1887 sit
1183 1834 1393 1902 conjugi
1425 1848 1441 1887 :
1482 1831 1604 1899 quid
1630 1831 1797 1900 patie-

212 1946 303 1990 tur
328 1935 393 1999 is,
420 1932 509 2002 qui
542 1930 729 1983 horum
760 1930 972 1998 quidem
998 1925 1146 1991 nihil,
1169 1924 1260 1979 sed
1284 1925 1381 1977 alia
1409 1923 1473 1976 iis
1502 1923 1655 1991 longe
1674 1936 1794 1990 gra-

213 2027 362 2078 viora
385 2020 612 2076 metuit?
637 2018 816 2088 Neqne
842 2016 926 2071 hic
948 2018 1025 2069 vir
1043 2016 1309 2070 contemni
1335 2022 1529 2084 potest,
1554 2013 1649 2067 sed
1680 2013 1792 2081 ipse

213 2113 457 2167 Christus
486 2129 499 2164 :
530 2124 701 2178 neque
725 2108 973 2161 sterilitas
1004 2107 1054 2160 in
1077 2106 1413 2174 ignominiam
1444 2112 1667 2169 tantum,
1699 2102 1792 2157 sed

214 2207 411 2259 malum
435 2204 485 2256 in
509 2201 794 2272 perniciem
818 2201 1008 2253 animm
1028 2197 1240 2252 desinit.
1262 2195 1394 2250 Nam
1420 2194 1596 2249 Omnis
1619 2196 1789 2262 arbor,

213 2296 309 2359 ait,
340 2310 452 2363 qua:
477 2310 575 2345 non
599 2292 719 2362 facit
736 2291 958 2360 fructum
989 2290 1193 2353 bonum,
1220 2287 1476 2341 excidatur
1496 2295 1539 2340 et
1558 2288 1611 2340 in
1626 2287 1791 2357 ignem

213 2388 438 2439 mittetur
470 2384 677 2456 (Matth.
706 2384 759 2436 5.
784 2382 894 2451 10).
942 2381 1002 2435 Ei
1031 2396 1156 2435 vero
1178 2395 1294 2449 qute
1326 2379 1379 2433 in
1404 2380 1583 2447 sponsi
1612 2378 1790 2433 odium

213 2476 455 2539 incurrit,
487 2489 590 2527 non
628 2473 755 2526 satis
783 2482 864 2526 est
893 2478 1109 2538 accepto
1146 2468 1352 2537 repudii
1393 2468 1573 2523 libello
1603 2468 1753 2522 abire
1762 2483 1788 2533 ς

211 2567 307 2619 sed
333 2566 438 2619 odii
462 2565 598 2617 illius
626 2577 812 2632 pcenas
841 2562 957 2624 luit,
990 2558 1305 2629 supplicium
1326 2568 1602 2613 aeternum.
1634 2558 1791 2613 Certe

212 2664 369 2725 pater
396 2654 622 2709 carnalis
653 2652 815 2704 multa
842 2650 1023 2715 habet,
1045 2664 1163 2718 qua:
1196 2648 1401 2702 facilem
1430 2648 1526 2717 ipsi
1558 2647 1677 2702 filia:
1700 2662 1793 2701 cu-

208 2747 437 2801 stodiam
466 2745 721 2808 reddant;
760 2758 879 2796 nam
914 2754 968 2796 et
996 2753 1164 2795 mater
1191 2750 1243 2795 ct
1272 2741 1449 2795 nutrix
1479 2749 1533 2795 et
1568 2739 1791 2794 famula-

209 2855 329 2893 rum
361 2837 512 2891 turba
552 2847 606 2891 et
629 2836 818 2888 donius
859 2833 1079 2886 firmitas
1119 2841 1393 2901 parentem
1433 2831 1497 2884 ad
1538 2832 1791 2898 virginem

206 2928 523 2983 servandam
545 2927 747 2996 juvant.
770 2924 950 2993 Neque
975 2924 1115 2977 enim
1138 2923 1188 2976 in
1209 2921 1377 2976 forum
1402 2937 1517 2976 eam
1542 2922 1789 2989 frequen-

209 3030 294 3075 ter
322 3019 532 3089 prodire
569 3018 726 3083 sinit;
775 3031 945 3084 neque
989 3016 1031 3069 si
1064 3014 1301 3084 prodeat,
1335 3015 1561 3081 cuipiam
1598 3029 1789 3068 occur-

208 3111 439 3164 rentium
482 3122 739 3178 apparere
776 3107 999 3176 cogitur,
1042 3120 1161 3159 cum
1204 3104 1517 3174 vespertiiue
1558 3104 1791 3157 lent‘btm

206 3201 446 3271 conspici
507 3200 703 3254 nolenti
754 3213 858 3253 non
922 3199 1178 3251 minorem
1217 3196 1422 3249 obicem
1473 3194 1789 3263 obtendant,

205 3310 366 3365 quam
447 3292 681 3361 parietes
746 3290 956 3344 domus.
1024 3288 1227 3343 Prccter
1280 3287 1397 3341 hate
1457 3302 1586 3342 vero
1649 3287 1791 3342 nulla

206 3383 391 3437 subest
413 3396 591 3444 causa,
623 3396 741 3451 qua:
769 3380 911 3434 illam
933 3392 1180 3447 umquam
1204 3376 1271 3430 ad
1299 3377 1530 3431 virorum
1557 3390 1787 3445 conspe-

203 3483 353 3528 ctum
382 3472 557 3541 adigat
588 3490 600 3524 :
629 3485 800 3539 neque
825 3470 964 3523 enim
994 3482 1168 3521 rerum
1197 3466 1615 3521 necessariarum
1637 3480 1786 3533 cura,

206 3577 381 3632 neque
422 3561 723 3616 lmdentium
764 3559 1043 3623 molestiae,
1086 3572 1261 3625 neque
1304 3556 1478 3610 simile
1520 3556 1788 3624 quidpiam

205 3652 351 3705 illam
381 3653 433 3705 in
464 3652 584 3705 talis
620 3662 935 3718 congressus
972 3647 1340 3701 necessitatem
1372 3645 1633 3714 impellit:
1666 3660 1787 3700 cum

205 3742 286 3796 illi
317 3751 462 3811 pater
486 3742 600 3795 vice
621 3740 857 3796 omnium
886 3739 974 3803 sit,
1009 3738 1121 3807 ipsa
1150 3750 1275 3792 vero
1301 3751 1457 3790 unam
1481 3735 1673 3791 habeat
1692 3751 1787 3789 cu-

204 3848 344 3898 ram,
388 3843 447 3887 ut
483 3832 614 3886 nihil
640 3831 724 3885 vel
750 3839 870 3900 agat
904 3830 989 3883 vel
1019 3830 1265 3896 loquatur
1288 3827 1427 3896 quod
1454 3827 1786 3882 honestatem

205 3923 481 3980 dedeceat.
511 3924 579 3977 At
610 3922 696 3975 hic
721 3920 883 3974 multa
912 3927 1037 3973 sunt
1063 3934 1182 3988 qua:
1205 3917 1499 3972 custodiam
1530 3917 1663 3986 patri
1685 3916 1787 3971 dif-

207 4014 422 4078 ficilem,
470 4013 577 4067 imo
623 4020 739 4066 arte
782 4011 1109 4080 superiorem
1150 4008 1393 4062 reddant.
1438 4007 1620 4077 Neque
1645 4009 1786 4062 enim

206 4112 380 4174 potest
404 4118 522 4158 eam
546 4102 686 4156 intus
708 4116 887 4155 secum
916 4099 1111 4152 habere
1157 4116 1170 4151 :
1216 4097 1320 4151 hoc
1359 4097 1554 4166 quippe
1593 4106 1785 4152 contu-

207 4196 452 4251 bernium
490 4208 591 4248 nec
626 4193 905 4246 honestum
935 4198 1095 4255 esset,
1144 4204 1243 4242 nec
1282 4188 1517 4257 periculo
1552 4198 1784 4244 vacaret.

206 4286 357 4341 Licet
381 4285 522 4340 enim
552 4283 676 4337 hinc
714 4282 816 4335 illis
842 4280 970 4334 nihil
1001 4278 1178 4333 damni
1206 4277 1435 4342 adesset,
1479 4277 1572 4333 sed
1604 4294 1783 4333 veram

203 4376 538 4432 sanctitatem
596 4386 811 4427 servare
856 4378 1169 4439 pergerent,
1215 4382 1321 4421 non
1360 4368 1620 4422 minorem
1660 4367 1784 4423 red-

203 4470 365 4524 dituri
393 4475 572 4524 essent
607 4466 867 4519 rationem
912 4476 1008 4531 pro
1047 4461 1111 4515 iis
1159 4460 1452 4523 animabus,
1481 4460 1671 4529 quibus
1698 4458 1784 4514 of-

203 4560 471 4616 fendiculo
513 4558 756 4621 fuissent,
799 4570 956 4625 quam
992 4554 1035 4609 si
1078 4553 1235 4608 ambo
1262 4562 1594 4624 peccassent.
1649 4552 1782 4607 Cum

203 4660 382 4705 autem
410 4650 461 4703 id
493 4648 606 4703 fieri
635 4656 882 4717 nequeat,
912 4660 1016 4699 non
1044 4644 1196 4699 facile
1226 4644 1325 4714 ipsi
1350 4654 1434 4699 est
1451 4647 1643 4699 animae
1669 4659 1784 4700 mo-

200 4751 289 4796 tus
314 4739 574 4805 ediscere,
605 4748 659 4792 et
683 4752 778 4793 eos
802 4738 889 4807 qui
920 4736 1203 4790 inordinati
1240 4746 1362 4789 sunt
1392 4750 1656 4802 resecare,
1691 4736 1783 4806 qui

198 4845 330 4885 vero
356 4828 535 4884 debito
559 4826 743 4882 ordine
771 4834 825 4881 et
853 4824 1011 4880 modo
1040 4824 1333 4894 procedunt
1350 4825 1620 4892 excolere,
1649 4835 1701 4880 et
1727 4826 1779 4880 in

200 4920 393 4974 melius
413 4917 677 4973 deducere
705 4933 719 4970 :
765 4930 937 4986 neque
964 4916 1137 4970 exitus
1167 4915 1222 4969 in
1262 4914 1528 4985 publicum
1572 4917 1781 4971 curiose

198 5010 454 5079 indagare
494 5010 546 5063 in
588 5016 831 5077 promptu
860 5014 979 5072 est;
1013 5022 1133 5062 nam
1158 5006 1299 5076 quod
1326 5006 1417 5060 illa
1454 5006 1605 5075 ineps
1634 5006 1704 5061 sit
1727 5016 1782 5063 et

196 5101 495 5173 patrocinio
532 5099 802 5164 destituta,
850 5113 958 5153 non
1001 5107 1177 5168 potest
1216 5097 1328 5166 ipse
1363 5107 1469 5151 tam
1504 5107 1779 5154 accuratus

190 5193 376 5248 decori
414 5200 470 5247 et
494 5190 701 5247 honesti
737 5190 1039 5259 explorator
1075 5203 1214 5243 esse.
1253 5187 1461 5241 Etenim
1505 5203 1623 5242 cum
1665 5190 1776 5257 ipsa

192 5286 297 5341 sibi
347 5284 527 5338 omnia
587 5282 961 5340 administrare
1020 5289 1261 5349 cogatur,
1325 5278 1369 5331 si
1420 5286 1779 5348 temperanter

189 5375 376 5431 vivere
402 5374 554 5435 nolit,
597 5370 825 5427 exeundi
860 5369 1168 5425 occasiones
1212 5368 1543 5423 comminisci
1584 5378 1775 5439 petest.

257 5487 275 5519 ί
302 5488 559 5535 sicvocem
580 5484 854 5533 hebraicam
886 5465 1044 5545 msh-,7
1080 5483 1426 5542 interpretatur
1459 5481 1621 5544 Aquila
1656 5489 1775 5541 Gen.

192 5548 276 5608 ﬂ,
298 5550 378 5609 45,
415 5563 511 5611 qua
533 5562 654 5611 voce
696 5549 992 5610 signitiwtur
1017 5552 1151 5611 virgo
1174 5563 1284 5611 quae
1306 5549 1465 5599 clausa
1488 5557 1540 5598 et
1572 5551 1780 5599 virorum

189 5613 407 5673 aspectui
436 5610 720 5673 abscondita
756 5621 934 5662 manet.
957 5614 1036 5661 uic
1062 5610 1201 5660 locus
1228 5612 1352 5673 apud
1384 5612 1641 5661 siracidem
1667 5611 1779 5662 loco

193 5670 410 5721 iu'tcxtu
429 5673 575 5721 citato
607 5670 801 5733 legitur.

1433 269 1519 323 DE
1558 268 2005 325 SACERDOTIO.
2045 269 2171 324 LIB.
2214 270 2300 326 Ill.

3369 280 3476 335 658

1904 381 2229 451 Oportetque
2255 384 2485 454 aliquem
2507 384 2780 453 jubentetn
2799 385 2940 441 domi
2962 402 3195 454 manere,
3226 393 3315 460 qui
3342 393 3475 447 tales

1898 472 2206 527 occasiones
2233 475 2501 543 prmcidat,
2519 491 2581 530 ac
2602 478 2899 532 necessaria
2927 480 3246 548 suppeditet,
3266 498 3474 539 necnon

1898 562 2149 617 feminam
2179 580 2292 618 rem
2314 566 2452 619 illius
2480 577 2753 622 curantem
2784 585 2798 621 :
2826 570 3054 624 arcenda
3080 570 3206 625 item
3232 582 3314 627 est
3334 589 3364 627 a
3388 574 3473 628 fu-

1898 655 2120 710 neribus
2145 671 2208 711 ae
2234 659 2539 728 pervigiliis.
2569 657 2726 714 Novit
2744 659 2908 726 enim,
2940 663 3475 720 novitcallidissimus

1898 743 1987 798 ille
2035 759 2255 814 serpens
2314 763 2406 816 per
2452 750 2590 804 bona
2638 752 2799 808 etiam
2844 766 3006 823 opera
3041 750 3186 809 virus
3226 770 3475 826 spargere

1895 848 2050 889 suum
2082 849 2097 887 :
2139 851 2377 906 opusque
2406 849 2487 893 est
2511 841 2764 910 virginem
2794 843 3139 914 undequaque
3167 848 3379 910 muniri,
3421 858 3477 903 et

1898 938 2020 979 raro
2046 939 2140 994 per
2167 941 2362 980 annum
2393 928 2553 984 domo
2577 929 2779 999 egredi,
2816 947 3009 1001 nempe
3031 948 3150 987 cum
3181 932 3477 991 indeclina—

1900 1014 2033 1069 biles
2057 1031 2119 1071 ac
2144 1020 2459 1073 necessaria:
2480 1029 2670 1090 urgent
2695 1038 2885 1077 cansze.
2914 1021 2970 1079 Si
3007 1026 3125 1095 quis
3154 1040 3281 1081 vero
3309 1028 3472 1098 dicat,

1902 1120 2008 1159 non
2031 1122 2163 1175 opus
2178 1122 2297 1163 esse
2315 1119 2370 1162 ut
2388 1125 2474 1165 res
2502 1110 2801 1179 hujusmodi
2818 1113 3069 1185 episcopo
3089 1119 3472 1186 committatur,

1897 1200 2103 1251 noverit
2134 1199 2195 1264 is,
2228 1199 2557 1270 singularum
2595 1218 2769 1257 rerum
2799 1215 3062 1273 gestarum
3091 1208 3397 1264 occasiones
3421 1220 3477 1264 et

1894 1300 2086 1341 causas
2110 1288 2174 1342 ad
2203 1290 2371 1358 ipsum
2396 1291 2702 1347 referendas
2728 1308 2878 1359 esse;
2910 1296 2979 1348 ita
3002 1304 3057 1349 ut
3079 1298 3244 1352 inulto
3271 1300 3471 1365 utilius,

1896 1379 1939 1431 si
1970 1380 2146 1434 omnia
2176 1380 2290 1450 ipse
2318 1382 2713 1451 administrans,
2749 1386 2810 1440 iis
2836 1388 3144 1444 criminibus
3173 1389 3305 1444 liber
3332 1390 3476 1445 futu-

1895 1484 1986 1522 rus
2017 1470 2107 1535 sit,
2155 1485 2273 1539 qua:
2304 1484 2521 1542 prepter
2548 1475 2770 1528 aliorum
2813 1480 3027 1545 peccata
3071 1477 3251 1535 subire
3294 1479 3473 1546 debet,

1894 1575 2051 1630 quam
2106 1562 2183 1628 si,
2234 1562 2453 1617 dimissa
2505 1566 2804 1632 hujusmodi
2854 1566 3328 1636 adniinistmtione,
3381 1587 3477 1640 pro

1894 1652 2120 1706 aliorum
2147 1655 2309 1723 gestis
2344 1655 2410 1710 de
2445 1658 2651 1712 ratione
2689 1659 2956 1715 reddenda
2983 1669 3211 1717 tremere
3235 1674 3471 1733 cogatur.

1893 1745 1975 1798 Ad
2006 1744 2139 1811 lucc,
2171 1750 2258 1816 qui
2287 1763 2382 1814 per
2413 1763 2471 1802 se
2508 1748 2557 1802 id
2588 1750 2729 1818 agit,
2771 1749 3055 1805 admodum
3099 1752 3252 1808 facile
3296 1758 3475 1811 omnia

1896 1837 2156 1903 percurrit
2186 1854 2199 1891 :
2231 1838 2321 1906 qui
2345 1852 2473 1892 vero
2494 1840 2736 1894 omnibus
2766 1840 2883 1893 aliis
2902 1840 2967 1893 ad
2989 1856 3138 1895 suam
3157 1846 3474 1899 sententiam

1892 1927 2172 1993 pertractis
2211 1926 2261 1980 id
2304 1942 2462 1999 agere
2491 1930 2713 1998 cogitur.
2757 1946 2860 1983 non
2891 1940 3087 1985 tantam
3134 1932 3293 1988 habet
3332 1932 3476 1988 labo-

1890 2017 1966 2070 ris
1992 2018 2358 2073 remissionem
2399 2036 2463 2075 ex
2508 2036 2574 2075 eo
2597 2020 2737 2090 quod
2780 2037 2883 2075 non
2926 2022 3007 2076 sui
3049 2021 3216 2077 solius
3255 2025 3476 2081 arbitrio

1890 2119 2033 2179 agat,
2080 2121 2273 2180 quanta
2311 2114 2518 2182 negotia
2545 2122 2599 2167 et
2628 2113 2882 2168 tumultus
2910 2129 3004 2183 per
3036 2130 3129 2169 eos
3170 2117 3257 2186 qui
3283 2116 3475 2172 adver—

1890 2212 2076 2258 santur
2105 2213 2158 2258 et
2189 2219 2282 2272 pro
2309 2220 2405 2258 suo
2424 2214 2658 2274 pugnant
2682 2205 2903 2273 judicio.
2938 2205 3130 2261 Verum
3155 2223 3259 2262 non
3288 2223 3476 2263 omnes

1892 2292 1959 2347 de
1997 2293 2289 2362 virginibus
2323 2295 2708 2350 sollicitudines
2737 2297 3045 2350 reccnsendi
3092 2296 3315 2353 facultas
3344 2306 3426 2353 est
3457 2317 3472 2354 :

1894 2387 2093 2439 etenim
2119 2399 2237 2438 cum
2283 2385 2335 2438 in
2382 2386 2560 2439 album
2607 2386 2897 2441 referenda:
2937 2396 3095 2453 sunt,
3140 2403 3242 2442 non
3291 2403 3475 2458 parum

1893 2478 2089 2546 negotii
2120 2476 2387 2532 facessunt
2427 2479 2511 2544 ei,
2555 2480 2639 2532 cui
2688 2479 2801 2534 lucc
2837 2479 3224 2535 administratio
3251 2495 3475 2537 concre-

1874 2566 1998 2671 4ᾶίμέ
2035 2576 2136 2622 est.

1846 2656 2282 2743 Yfﬁrfgludiciorum
2316 2658 2532 2728 oﬂicium
2556 2676 2707 2730 quam
2733 2660 3016 2714 molestum.
3051 2692 3123 2702 —
3148 2661 3474 2720 Judiciorum

1872 2746 2124 2801 officium
2140 2746 2445 2803 innumeras
2465 2750 2603 2819 parit
2622 2750 2913 2816 molestias,
2926 2752 3146 2805 multum
3162 2754 3374 2823 negotii,
3400 2763 3475 2810 tot

1892 2838 2251 2903 difficultates,
2267 2850 2394 2909 quot
2412 2857 2477 2895 ne
2497 2841 2735 2897 forenses
2756 2843 2967 2912 quidem
2985 2844 3190 2912 judices
3212 2845 3474 2900 subeunt:

1891 2930 2149 2997 siquidem
2183 2930 2271 2998 jus
2297 2930 2467 2999 ipsum
2495 2932 2730 3001 reperire
2753 2933 2901 2987 labor
2924 2943 3042 2988 est:
3072 2945 3339 3003 repertum
3368 2952 3474 2991 non

1892 3019 2093 3073 violare
2121 3020 2358 3075 difficile.
2400 3020 2514 3075 Non
2545 3022 2704 3076 modo
2742 3034 2918 3077 autem
2952 3026 3220 3094 negotium
3249 3035 3302 3080 et
3330 3025 3476 3079 diffi-

1892 3112 2062 3166 cultas
2089 3112 2259 3179 adest,
2305 3112 2397 3166 sed
2424 3114 2585 3167 etiam
2616 3114 2908 3182 periculum
2938 3130 3042 3168 non
3082 3130 3322 3184 parvum.
3357 3114 3473 3170 1am

1890 3208 2032 3259 enim
2064 3205 2277 3274 quidam
2299 3220 2366 3260 ex
2388 3206 2768 3260 infirmioribus
2789 3204 2841 3261 in
2875 3207 3083 3275 negotia
3106 3206 3330 3276 delapsi,
3352 3209 3473 3277 quia

1890 3296 2239 3365 patrocinium
2292 3312 2397 3349 non
2452 3296 2734 3360 invenere,
2784 3296 2924 3351 circa
2977 3296 3133 3351 fidem
3184 3297 3474 3367 nanfragati

1891 3396 2033 3441 sunt.
2087 3387 2229 3441 Multi
2265 3388 2405 3441 enim
2456 3403 2521 3441 cx
2560 3388 2809 3442 liBSOl'lllll
2854 3402 3074 3442 numero
3122 3402 3228 3442 non
3274 3388 3470 3455 minus,

1889 3493 2045 3548 quam
2088 3478 2230 3545 ipsos
2271 3475 2545 3543 laedentes,
2575 3490 2669 3531 eos
2696 3478 2785 3547 qui
2823 3477 2921 3531 sibi
2969 3494 3073 3532 non
3115 3476 3290 3532 ferunt
3317 3493 3473 3547 opem

1890 3568 2011 3622 odio
2030 3567 2225 3622 habent
2248 3586 2260 3621 :
2284 3583 2347 3622 ac
2375 3584 2546 3638 neque
2564 3573 2889 3637 negotiorum
2913 3568 3287 3635 distractionis,
3304 3585 3474 3639 neque

1892 3668 2185 3729 temporum
2213 3661 2524 3730 iniquitatis,
2551 3676 2720 3730 neque
2736 3659 3078 3714 sacerdotalis
3094 3662 3340 3731 potentia:
3362 3677 3473 3717 nie-

1890 3750 2202 3815 diocritatis,
2259 3766 2429 3821 neque
2472 3752 2607 3805 alius
2644 3751 2935 3822 cujuspiam
2976 3753 3232 3807 rationem
3278 3754 3473 3810 habere

1893 3841 2100 3905 volunt;
2151 3842 2244 3895 sed
2292 3851 2416 3895 sunt
2462 3843 2816 3896 inexorabiles
2851 3842 3077 3910 judices,
3136 3843 3271 3897 hanc
3315 3860 3470 3900 unam

1889 3934 2119 3986 scientes
2146 3933 2463 4002 apologiam,
2494 3934 2757 3986 malorum
2784 3948 2842 3987 se
2870 3934 3219 4002 prementium
3247 3937 3468 3990 exitum.

1887 4021 1985 4089 Qui
2017 4024 2157 4077 hunc
2180 4022 2413 4091 pra-bere
2444 4025 2641 4092 nequit,
2675 4024 2915 4092 quamvis
2956 4025 3259 4079 innumeras
3282 4041 3470 4081 causas

1890 4111 2140 4181 proferat,
2173 4129 2456 4183 numquam
2487 4129 2672 4167 eorum
2698 4113 3190 4169 condemnationem
3233 4116 3467 4185 effugiet.

1886 4202 2018 4269 Quia
2066 4219 2193 4256 vero
2233 4203 2509 4272 patrocinii
2553 4203 2875 4257 mentionem
2913 4202 3033 4267 feci,
3063 4219 3159 4275 age
3186 4206 3342 4259 aliam
3375 4207 3467 4261 tibi

1885 4294 2117 4363 querehe
2142 4310 2355 4350 causam
2379 4295 2679 4349 declarabo.
2713 4294 2845 4350 Nam
2868 4297 2968 4350 nisi
2997 4296 3229 4366 quotidie
3256 4300 3467 4367 episco-

1884 4401 1984 4457 pus
2018 4387 2154 4463 plus,
2182 4403 2339 4457 quam
2373 4388 2471 4457 ipsi
2502 4387 2757 4453 forenses,
2786 4388 2973 4442 domos
2996 4390 3316 4458 circumeat,
3347 4392 3469 4446 hinc

1884 4480 2206 4535 oﬂ'ensiones
2247 4481 2557 4536 innumerae.
2609 4479 2725 4535 Non
2770 4480 2910 4535 enim
2953 4481 3078 4550 ωετὶ
3125 4482 3317 4547 solum,
3372 4483 3467 4539 sed

1884 4570 2043 4625 etiam
2072 4571 2161 4639 qui
2192 4571 2325 4626 bene
2351 4571 2548 4637 valent,
2588 4570 2741 4625 invisi
2768 4585 2828 4626 se
2853 4570 3065 4636 volunt;
3111 4586 3214 4626 non
3258 4573 3468 4642 pietatis

1883 4659 2221 4730 religionisve
2255 4675 2435 4725 causa,
2463 4659 2557 4715 sed
2587 4661 2805 4715 honoris
2827 4660 3201 4731 dignitatisque
3234 4661 3285 4717 id
3317 4664 3466 4718 ninlti

1882 4752 2119 4822 exigunt.
2153 4751 2305 4820 Quod
2334 4753 2379 4807 si
2406 4753 2541 4807 forte
2578 4754 2847 4822 contingat
2876 4762 2932 4808 ut
2955 4754 3181 4825 aliquem
3209 4771 3275 4810 ex
3304 4756 3464 4811 ditio-

1881 4844 2027 4899 ribus
2058 4844 2560 4914 potentioribusque,
2589 4854 2810 4914 urgente
2833 4859 2980 4910 casu,
3026 4845 3078 4899 in
3105 4845 3356 4901 Ecclesia:
3382 4847 3464 4902 ln-

1881 4952 2030 4991 crum
2058 4936 2387 5007 frequentius
2408 4937 2602 5001 visitet,
2638 4938 2815 4991 statim
2844 4937 3131 5006 palpatoris
3154 4947 3309 5009 atque
3334 4940 3466 4994 adu-

1884 5027 2068 5082 latoris
2099 5035 2275 5085 notam
2304 5027 2403 5081 sibi
2431 5028 2609 5082 inurit.
2630 5026 2733 5082 Sed
2756 5027 2879 5097 quid
2906 5029 3194 5097 patrocinia
3220 5039 3273 5084 et
3292 5029 3464 5086 aditus

1882 5134 2154 5184 memoro,
2191 5118 2401 5189 quando
2426 5134 2494 5173 ex
2520 5118 3016 5187 compellationibus
3055 5121 3222 5174 solum
3262 5132 3459 5176 tantam

1879 5210 2304 5265 criminationum
2346 5210 2541 5265 molem
2570 5210 2820 5277 afferunt,
2851 5221 2911 5265 ut
2935 5227 3001 5266 ex
3029 5212 3189 5267 animi
3232 5230 3462 5269 moerere

1879 5316 2021 5370 swpe
2051 5303 2123 5356 illi
2160 5312 2444 5373 graventur
2472 5312 2527 5357 et
2553 5302 2840 5356 decidant?
2862 5302 2977 5356 .Iam
3008 5319 3131 5356 vero
3172 5303 3249 5356 vel
3280 5305 3461 5358 oculo-

1880 5408 1996 5447 l‘nm
2017 5394 2282 5446 contuitus
2309 5392 2651 5461 explorantur
2689 5408 2703 5445 :
2738 5408 2859 5446 nam
2889 5392 3003 5460 ejus
3030 5392 3112 5447 vel
3137 5392 3458 5463 simpliciora

1879 5492 2026 5551 gesta
2054 5481 2118 5535 ad
2149 5482 2397 5536 trutinam
2439 5490 2631 5536 vocant
2661 5481 2797 5536 bene
2833 5482 3005 5545 multi,
3038 5481 3182 5535 vocis
3220 5482 3458 5551 modum,

1880 5573 2167 5641 aspiciendi
2205 5572 2523 5643 videndique
2569 5574 2847 5628 rationem.
2895 5573 2970 5627 llli
3009 5572 3259 5644 cuipiam,
3290 5574 3458 5642 aiunt,

1881 5661 2048 5720 eﬂ'use
2073 5663 2270 5733 arrisit,
2297 5664 2451 5721 hilari
2478 5665 2648 5736 ipsum
2664 5664 2809 5721 vultu
2834 5672 2888 5721 et
2905 5679 3092 5735 magna
3110 5678 3239 5721 voce
3259 5664 3456 5722 saluta-
