3890 6220
470 242 575 296 ῦῗὶῐ)

465 358 543 412 vit
572 375 586 412 :
632 371 718 412 me
742 372 872 413 vero
893 357 1049 427 longe
1075 354 1286 425 parcius
1328 363 1385 408 et
1421 350 1797 422 perfunctorie.
1826 348 1983 416 Quod
2007 347 2053 403 si

467 449 650 504 multis
692 449 1050 504 assidentibus
1076 462 1181 501 non
1220 444 1455 514 undique
1495 443 1677 499 oculos
1716 441 2057 496 circumferat

466 539 607 595 inter
655 538 998 611 loquendum,
1047 536 1098 592 id
1144 551 1244 606 pro
1283 533 1604 590 contumelia
1644 532 1796 588 multi
1834 531 2050 586 habent.

465 631 594 700 Quis
621 631 780 702 igitur
804 630 905 689 nisi
936 630 1223 685 admodum
1261 626 1412 682 fortis
1438 635 1545 682 tam
1574 625 1756 681 multis
1776 632 2055 680 accusato-

464 722 613 776 ribus
654 720 901 776 sufficere
944 719 1156 793 poterit,
1210 726 1266 773 ut
1291 718 1373 774 vel
1399 718 1467 773 ab
1497 717 1604 772 illis
1654 716 1955 771 nullatenus
1997 714 2052 768 in

464 811 666 866 crimen
693 820 931 878 vocetur,
958 812 1041 865 vel
1067 818 1348 865 accusatus
1372 823 1492 864 sese
1515 806 1809 877 expediat?
1829 804 2053 874 Oportet

462 903 605 957 enim
647 911 1013 958 accusatorem
1057 916 1176 957 esse
1222 900 1519 964 neminem;
1562 899 1605 953 si
1643 898 1693 952 id
1724 898 1901 952 tninns
1937 895 2050 952 ﬁeri

462 995 653 1064 possit,
681 995 856 1051 oblata
879 996 1066 1051 saltem
1093 994 1314 1049 crimina
1341 993 1579 1048 abluere.
1606 992 1762 1061 Quod
1779 992 1824 1046 si
1854 1006 1921 1047 ne
1950 990 2051 1047 hoc

461 1084 676 1154 quidem
706 1085 855 1140 facile
883 1094 985 1150 est,
1012 1084 1106 1139 sed
1136 1084 1351 1155 quidam
1382 1091 1583 1138 temere
1620 1092 1674 1137 et
1709 1083 1902 1137 frustra
1930 1083 2048 1138 cul-

463 1173 641 1242 pando
674 1175 906 1244 gaudent
949 1193 962 1229 :
1011 1175 1216 1230 fortiter
1240 1172 1458 1229 ferenda
1488 1183 1569 1228 est
1596 1173 2048 1243 querimoniarum

462 1261 767 1334 ltujusntodi
786 1265 1054 1321 maestitia.
1081 1265 1289 1319 Etenim
1315 1264 1405 1334 qui
1428 1263 1549 1334 jure
1570 1272 1867 1329 accusatur,
1896 1263 2049 1320 facile

458 1365 801 1412 accusantem
832 1357 1008 1413 tulerit
1041 1376 1053 1411 :
1096 1357 1524 1428 quanquuidem
1566 1357 1708 1412 enim
1750 1357 1927 1412 nullus
1956 1372 2049 1412 ac-

456 1454 675 1501 cusator
709 1448 953 1502 acerbinr
985 1458 1066 1503 est
1095 1449 1207 1517 ipsa
1232 1448 1594 1514 conscientia;
1622 1448 1690 1503 ab
1719 1447 1812 1502 illo
1831 1457 2049 1503 auctore

452 1537 695 1591 omnium
731 1539 1107 1594 tttoleslissimu
1132 1540 1269 1610 capti
1316 1548 1566 1594 externos
1604 1547 1941 1595 accusatores
1965 1551 2050 1594 ut-

457 1634 584 1696 pote
621 1628 862 1683 mitiores
899 1628 1054 1685 facile
1100 1631 1349 1698 patimur.
1394 1629 1493 1698 Qui
1522 1639 1698 1684 autem
1727 1630 1919 1684 nullius
1946 1630 2045 1684 sibi

454 1717 628 1786 culpa:
656 1720 902 1775 conscius
928 1731 1030 1783 est,
1078 1721 1213 1776 falso
1240 1733 1519 1776 accusatus
1551 1722 1806 1776 continuo
1832 1722 1882 1776 in
1911 1722 2044 1777 iram

457 1809 704 1876 vertitur,
749 1819 804 1866 et
844 1812 896 1865 in
924 1827 1207 1868 numerem
1240 1812 1393 1867 facile
1419 1812 1633 1879 decidit,
1664 1814 1761 1867 nisi
1792 1815 1940 1884 prius
1978 1815 2045 1870 ad

455 1900 745 1956 multorum
776 1903 1024 1958 ferendas
1052 1905 1285 1959 insanias
1307 1906 1626 1960 exercitatus
1655 1905 1832 1961 fuerit.
1863 1906 2045 1978 Neque

448 1991 600 2044 enim
652 1992 763 2047 fieri
811 2002 1005 2062 potest,
1072 1995 1353 2050 calumniis
1399 1997 1695 2066 impetitum
1759 2006 1813 2053 et
1867 1999 2045 2069 inique

451 2078 769 2134 damnatum
803 2098 907 2136 nun
952 2083 1173 2151 turbari,
1213 2092 1269 2139 et
1310 2085 1377 2139 de
1407 2094 1552 2141 tanta
1595 2087 1869 2158 iniquitate
1909 2089 2042 2144 nihil

450 2170 585 2241 pati.
614 2170 751 2239 Quid
780 2188 1071 2233 memorem
1102 2175 1367 2231 tristitiam
1398 2188 1507 2231 tum
1538 2179 1888 2245 subeundam,
1920 2195 2040 2236 cum

454 2261 754 2329 quempiam
798 2276 862 2316 ex
896 2272 1036 2318 cmtu
1059 2262 1314 2320 Ecclesia:
1351 2280 1598 2322 amovere
1624 2283 1759 2337 opus
1779 2268 1897 2324 est?
1922 2269 2033 2326 Uti-

448 2364 577 2404 nam
608 2366 737 2406 vero
758 2354 952 2408 malum
982 2363 1147 2410 totum
1178 2357 1229 2410 in
1260 2357 1470 2412 tristitia
1510 2344 1827 2415 consisteret
1853 2377 1869 2414 ι
1900 2377 2042 2418 nunc

448 2454 585 2496 vero
601 2444 863 2514 pernicies
884 2459 988 2500 non
1013 2445 1240 2501 modica.
1265 2448 1600 2503 Mctuendum
1624 2451 1817 2520 quippe
1838 2460 1936 2516 est,
1968 2467 2034 2506 ne

1215 245 1274 294 S.
1301 236 1579 296 JOANNIS
1608 232 2079 291 CHRYSOSTO‘MI
2118 231 2440 291 ARCHIEP.
2467 234 3000 295 CONSTAN'I'INOP.
3637 243 3727 298 ϐω

2164 347 2304 402 ultra
2341 348 2559 405 modum
2603 352 2776 420 [mnis
2800 350 3136 410 allectusille
3172 354 3227 410 id
3268 355 3519 426 patiatur,
3543 359 3680 428 quod
3703 375 3726 414 τι

2158 438 2314 494 beato
2329 439 2497 496 Paulo
2513 440 2710 497 dictum
2737 451 2840 509 est,
2861 443 2945 499 Nc
2962 445 3321 501 abundantiori
3343 448 3545 505 tristitia
3563 448 3724 504 absor-

2158 527 2335 583 beatur
2360 529 2436 601 (2.
2464 530 2583 586 Cor.
2609 532 2663 588 2.
2691 531 2767 606 7).
2797 533 3023 590 Itasime
3050 550 3181 603 ergo
3199 536 3467 607 diligentia
3495 540 3579 595 uie
3602 555 3727 611 aptis

2156 627 2260 685 est,
2283 634 2351 675 ne
2373 619 2514 690 quod
2535 622 2795 693 prodesse
2812 624 2887 680 illi
2905 625 3182 694 debuerat,
3209 629 3539 699 majorisipsi
3560 630 3726 688 damni

2155 712 2227 767 ait
2250 714 2461 769 occasio
2490 731 2503 768 :
2529 730 2653 770 nam
2681 732 3026 788 quacumque
3061 720 3153 775 ille
3179 729 3301 790 post
3323 720 3620 791 hujustnodi
3645 739 3728 781 cu-

2156 811 2418 860 rationem
2478 816 2692 875 peccata
2742 808 3044 874 admiserit,
3095 824 3443 875 communem
3487 822 3590 869 tam
3638 815 3725 884 ipsi

2154 909 2311 964 quam
2342 896 2551 951 medico
2571 898 2701 952 imm
2728 899 3047 964 accendunt,
3079 902 3125 955 si
3146 901 3232 957 hic
3256 918 3361 958 non
3387 914 3533 960 recte
3549 908 3728 962 vulnus

2158 983 2422 1041 inciderit.
2473 987 2615 1055 Quot
2662 998 2840 1045 autem
2886 992 3144 1062 supplicia
3197 996 3553 1065 exspectanda
3589 1009 3726 1065 sunt,

2153 1092 2274 1132 cum
2298 1077 2417 1148 quis
2452 1094 2559 1134 non
2588 1095 2653 1135 ex
2685 1082 2919 1150 peccatis
2948 1083 3109 1139 modo
3134 1085 3267 1151 suis,
3293 1086 3388 1142 sed
3419 1102 3485 1142 es
3510 1089 3727 1145 aliorum

2152 1182 2368 1237 quoque
2403 1169 2613 1226 delictis
2654 1172 2704 1225 in
2733 1180 3031 1229 extremum
3076 1176 3371 1246 periculum
3414 1179 3728 1237 atklucitur!

2152 1257 2284 1313 Nam
2323 1259 2369 1314 si
2399 1260 2465 1315 de
2493 1262 2722 1332 propriis
2749 1264 3042 1321 sceleribus
3068 1267 3328 1324 rationem
3360 1269 3614 1326 reddituri
3642 1288 3729 1328 ex—
3827 1303 3829 1308 ε

2154 1349 2531 1419 horrescimus,
2549 1369 2613 1409 ac
2631 1355 2676 1409 si
2695 1371 2801 1409 non
2819 1357 3088 1413 valeamus
3113 1361 3289 1430 ignem
3309 1361 3456 1417 illum
3479 1364 3725 1436 effugere,

2151 1441 2283 1519 quid
2303 1442 2379 1497 illi
2405 1446 2816 1513 exspectandum
2842 1456 2942 1514 est,
2973 1449 3062 1518 qui
3088 1456 3197 1504 tam
3213 1452 3501 1509 multm-um
3520 1457 3730 1515 nomine

2150 1545 2364 1585 causam
2398 1533 2467 1586 sit
2492 1533 2768 1590 dicturus?
2790 1537 2939 1604 Quod
2960 1549 3137 1595 autem
3167 1541 3267 1596 hoc
3282 1558 3463 1598 verum
3492 1546 3576 1610 sit,
3607 1548 3728 1604 audi

2149 1620 2365 1677 beatum
2393 1624 2612 1679 Paulum
2638 1626 2936 1695 dicentem;
2972 1629 3078 1685 imo
3110 1632 3283 1700 potius
3306 1649 3408 1688 non
3437 1636 3604 1703 illum,
3636 1639 3727 1694 sed

2150 1711 2203 1766 in
2232 1712 2346 1783 ipso
2373 1713 2676 1784 loquentem
2712 1718 2985 1781 Christum
3030 1740 3045 1777 :
3098 1721 3305 1779 Obedite
3341 1729 3626 1797 prcpasitis
3651 1746 3731 1785 ue-

2147 1805 2285 1871 stris,
2314 1813 2362 1858 et
2378 1806 2628 1878 subjacete
2649 1810 2721 1863 eis
2744 1826 2763 1864 :
2783 1811 2884 1880 ipsi
2911 1813 3043 1865 enim
3063 1815 3383 1886 pervigilant.
3408 1820 3555 1888 quasi
3572 1822 3728 1877 ratio-

2147 1910 2261 1948 nem
2304 1913 2397 1966 pro
2439 1899 2701 1953 animabus
2732 1902 2905 1955 uestris
2959 1904 3209 1959 reddituri
3254 1906 3436 1976 (Hebr.
3492 1911 3574 1971 l3.
3616 1913 3728 1983 17).

2143 1985 2281 2039 Num
2324 1988 2546 2057 exiguus
2587 1990 2796 2046 videtur
2833 1991 2918 2047 hic
2960 1996 3386 2052 comminationis
3432 2002 3639 2056 ternm?
3677 2003 3731 2060 Is

2144 2084 2375 2145 quantus
2402 2079 2471 2133 sit
2503 2080 2607 2135 dici
2651 2083 2851 2153 nequit.
2884 2084 3080 2140 Verum
3113 2087 3226 2142 huic
3262 2090 3393 2144 satis
3425 2101 3564 2158 sunt,
3607 2109 3731 2164 quae

2145 2168 2229 2222 vel
2261 2171 2705 2239 pertinacioribus
2749 2173 2907 2230 ﬁdem
2948 2175 3161 2243 faciant,
3204 2194 3303 2235 nos
3333 2196 3439 2237 non
3480 2184 3729 2253 superbia

2147 2259 2227 2313 vel
2250 2275 2382 2313 vana
2407 2262 2574 2330 gloria
2598 2272 2802 2331 captos,
2826 2264 2919 2320 sed
2948 2266 3099 2323 nobis
3123 2276 3326 2331 tantum
3353 2282 3650 2330 metuentes
3672 2286 3733 2332 et
3828 2288 3829 2303 ‘

3826 2358 3830 2383 l

2141 2350 2221 2403 rei
2249 2352 2440 2406 molem
2467 2354 2864 2411 considerantes
2891 2356 3193 2428 hujus-modi
3220 2359 3397 2433 fugam
3421 2363 3632 2422 fecisse.

458 2569 3723 2625 MM“

1397 2651 1876 2760 LIBER
1961 2655 2735 2782 QUARTUS.

1852 2863 2129 2875 _—.—._

861 2945 966 2981 HAEC
996 2946 1166 2983 ιιιεωιτ
1196 2948 1333 2986 mo
1365 2949 1571 2990 ρωπος

437 3033 484 3079 α.
508 3035 998 3110 ξὲεοοωιιιιιιωιι,
1037 3037 1122 3108 qui
1159 3036 1448 3110 attetenun
1500 3042 1765 3110 pervenire
1812 3044 2030 3110 student,

508 3103 681 3167 verum
726 3096 875 3146 etiam
904 3099 988 3160 qui
1030 3096 1129 3147 vim
1172 3099 1436 3161 patiuntur,
1480 3096 1545 3150 ob
1583 3111 1779 3165 peccata
1818 3096 2032 3167 graviter

436 3154 1130 3293 mittigentem.
1160 3221 1438 3293 ίαθωειιιριι

507 3280 645 3324 turos
666 3275 941 3341 esse,_licet
965 3282 1093 3341 ipsos
1115 3275 1211 3330 non
1235 3275 1408 3332 norint.

440 3337 523 3407 Ill.
548 3336 789 3407 sacerdoti
804 3338 813 3343 ’
829 3336 1154 3390 necessariam
1178 3356 1292 3393 esse
1334 3344 1611 3407 expeditam
1654 3345 1845 3397 dicendi
1886 3347 2029 3399 facul-

435 3402 915 3527 tvﬂfﬂuommvis
934 3464 1346 3524 concertationes,
1370 3472 1422 3515 et
1443 3473 1729 3527 Grzecorum,
1758 3474 1808 3518 et
1832 3471 2026 3525 Judazo-

502 3529 611 3593 rum
631 3519 683 3569 et
698 3519 1041 3593 hereticorum
1048 3536 1177 3593 cum
1195 3519 1420 3593 parat-um
1444 3540 1558 3578 esse
1576 3519 1825 3593 oportere.

442 3582 497 3651 Et.
524 3585 758 3651 Pet-quam
781 3582 1278 3651 peritumdialecti'cte
1294 3601 1415 3651 esse
1440 3582 1691 3651 oyorte're.

442 3644 515 3710 Et.
549 3645 598 3710 B_.
625 3641 822 3710 naulum
845 3645 889 3693 id
908 3646 1089 3710 optime
1104 3649 1405 3710 prteslitisse.

442 3705 554 3811 vadi
567 3703 794 3813 ιὲιηιῦιςιεω
811 3718 908 3756 non
929 3703 1082 3769 signis
1102 3703 1286 3759 iactum
1321 3709 1572 3771 claruisse,
1613 3712 1705 3762 sed
1739 3717 1886 3764 etiam
1916 3724 2026 3769 arte

554 3776 582 3811 c
680 3778 714 3815 t.

441 3800 809 3896 ξίιῆἷὲίί-ιῖίᾷιξω
831 3826 878 3876 id
901 3839 930 3896 _a_
952 3830 1092 3896 nobis
1112 3844 1308 3896 quoque
1331 3832 1462 3882 velle
1488 3835 1732 3884 exerceri.

438 3885 515 3932 lx.
548 3892 649 3943 Quo
671 3888 761 3937 nisi
784 3887 1015 3957 prasinus
1031 3892 1097 3957 sit
1115 3885 1388 3957 épisiopus,
1412 3895 1635 3946 subditos
1678 3910 1776 3947 non
1799 3896 1913 3950 leve
1940 3899 2024 3950 da-

498 3958 664 3998 mnum
681 3950 962 4002 necessario
972 3950 1158 4003 subire:

1462 3222 1512 3271 bi
1533 3222 1818 3285 supplicium
1848 3240 2030 3291 exper-

512 4161 565 4214 Ι.
610 4163 711 4229 Qui
736 4163 784 4218 vi
800 4165 868 4218 ad
893 4167 1082 4220 clerum
1109 4170 1382 4223 tt'ahuntur
1400 4188 1501 4226 non
1523 4173 1636 4226 ideo
1653 4175 1811 4243 pomis
1835 4181 2021 4230 immrt-

435 4266 546 4305 nes.
566 4281 638 4293 —
658 4252 751 4307 llis
775 4256 987 4323 auditis,
1026 4257 1326 4314 BASlLlUS
1363 4262 1579 4331 paulum
1607 4275 1917 4321 cunctatus:
1949 4267 2021 4321 At

429 4340 482 4396 si
531 4349 587 4395 tu
633 4342 870 4413 quidem,
925 4348 1110 4416 inquit,
1166 4350 1303 4405 hanc
1338 4351 1646 4421 dignitatem
1689 4354 2016 4424 ail'eetassea,

433 4431 582 4487 hunc
600 4432 721 4504 jure
748 4436 993 4492 timorem
1032 4437 1314 4495 admittere
1343 4456 1549 4510 posses.
1578 4442 1705 4497 Nam
1734 4446 1823 4515 qui
1853 4447 1919 4501 ad
1939 4448 2017 4502 rei

426 4525 519 4592 κου]
527 4524 730 4596 uspiam
745 4526 1255 4585 administrationem
1278 4545 1336 4586 se
1351 4532 1600 4588 idoneum
1613 4549 1732 4589 esse
1750 4536 2018 4604 professus

428 4621 553 4679 est,
585 4615 727 4683 quod
756 4631 875 4671 eam
905 4620 1140 4688 arripere
1159 4621 1441 4690 studuerit,
1475 4624 1563 4678 illa
1587 4625 1687 4679 sibi
1712 4628 2015 4684 concredita

426 4703 482 4758 si
504 4704 738 4773 labatur,
760 4723 865 4763 non
892 4713 1065 4779 potest
1090 4714 1155 4767 ad
1177 4714 1456 4783 imperitia:
1475 4717 1868 4774 excusationem
1889 4735 2018 4775 con-

430 4795 654 4868 fugere;
688 4810 873 4870 utpote
896 4805 987 4873 qui
1025 4814 1365 4863 antevertens
1403 4807 1538 4863 hanc
1562 4809 1662 4863 sibi
1690 4810 1803 4879 ipse
1828 4810 2016 4867 defen-

434 4888 645 4944 sionem
672 4890 952 4962 ademerit,
997 4896 1139 4966 quod
1183 4899 1494 4965 accurrerit,
1536 4914 1765 4969 eamque
1793 4901 1892 4956 sibi
1922 4902 2017 4957 ad-

437 4979 880 5037 ministrationem
910 4987 1177 5055 rapuerit:
1209 5003 1381 5059 neque
1414 4990 1592 5045 dicere
1622 5000 1797 5060 potest
1824 4993 1888 5060 is,
1923 4993 2015 5059 qui

437 5071 632 5127 lubens
656 5081 712 5128 et
739 5085 930 5144 sponte
955 5075 1058 5132 buc
1080 5081 1325 5146 accessit,
1347 5079 1547 5136 Invitus
1570 5082 1672 5138 bac
1700 5084 1753 5138 in
1783 5099 1844 5139 re
1889 5099 2014 5155 pec-

435 5161 575 5227 cavi,
621 5162 818 5219 invitus
858 5165 1008 5222 illum
1052 5170 1353 5240 quempiam
1394 5170 1620 5240 perdidi.
1654 5173 2015 5243 Respondebit

436 5251 536 5319 illi,
558 5254 649 5325 qui
674 5263 784 5311 tum
814 5255 914 5312 bac
934 5257 985 5312 in
1013 5274 1071 5314 re
1094 5259 1258 5329 judcx
1283 5260 1490 5317 futurus
1509 5272 1628 5318 est:
1659 5264 1725 5320 Et
1738 5278 1834 5320 cur
1854 5275 2013 5323 tanta:

435 5347 531 5398 tibi
558 5346 804 5403 conscius
829 5348 1128 5419 imperitiae,
1146 5366 1265 5409 cum
1289 5364 1439 5408 mens
1464 5352 1532 5409 ad
1558 5355 1717 5409 talem
1745 5355 2011 5426 inculpate

435 5437 764 5493 tractandam
794 5448 964 5496 artem
994 5441 1087 5497 tibi
1119 5457 1225 5497 non
1252 5444 1484 5510 adesset,
1525 5445 1791 5514 involasti,
1818 5462 2009 5503 ausus-

431 5538 538 5594 que
555 5540 616 5583 cs
634 5531 859 5600 majora,
886 5545 1044 5602 quam
1069 5534 1208 5589 vires
1239 5533 1457 5603 ferrent,
1478 5537 1683 5608 negotia
1712 5538 2009 5609 suscipere?

428 5614 561 5684 'Quis
582 5627 633 5676 te
661 5624 851 5693 coegit,
883 5625 1001 5694 quis
1027 5626 1370 5684 reluctantem
1412 5636 1465 5684 et
1488 5626 1775 5699 fugientem
1805 5630 1855 5685 vi
1882 5644 2005 5701 per-

2143 2950 2340 3005 traxit?
2364 2951 2434 3006 At
2455 2961 2506 3007 tu
2531 2954 2659 3013 nihil
2687 2972 2936 3028 umquam
2963 2962 3137 3021 simile
3164 2966 3365 3033 audies,
3393 2985 3564 3043 neque
3586 2981 3724 3044 με..

2134 3037 2211 3095 sis
2241 3054 2490 3110 umquam
2518 3042 2820 3115 hujusmodi
2847 3048 3027 3106 delicti
3049 3055 3274 3124 teipsum
3299 3037 3723 3133 damnat-cium-

2136 3130 2397 3202 albusque
2427 3135 2640 3203 planum
2668 3146 2752 3195 est
2774 3149 2827 3196 te
2850 3157 2919 3197 ne
2949 3145 3215 3205 tantillum
3240 3149 3453 3220 quidem
3479 3130 3722 3215 adhunc

2125 3223 2530 3290 suscipiendum
2552 3225 2809 3285 honorem
2837 3232 3127 3302 laborasse,
3154 3238 3251 3303 sed
3273 3239 3329 3297 id
3347 3243 3570 3307 aliorqu
3586 3261 3721 3317 epe-
3828 3296 3829 3305 χ

2128 3329 2194 3371 ra
2223 3315 2417 3373 factum
2457 3333 2596 3377 esse.
2627 3328 2803 3394 Atque
2827 3325 2963 3383 adeo
2990 3329 3132 3398 quod
3160 3331 3264 3393 illis
3300 3335 3496 3391 nullam
3526 3315 3720 3407 pecca-

2131 3414 2306 3463 torum
2335 3411 2541 3467 veniam
2573 3414 2843 3485 relinquit,
2871 3416 2973 3474 hoc
2999 3419 3089 3474 tibi
3121 3437 3362 3493 inagitata
3382 3426 3717 3493 defensionis

2130 3499 2405 3556 materiam
2447 3504 2820 3574 Suppeditabit.
2871 3506 3434 3577 CHRYSOSTOMUS.
3490 3520 3568 3577 Ad
3594 3524 3717 3583 lunt:

2128 3602 2231 3655 ego
2253 3601 2413 3659 caput
2433 3607 2557 3648 eum
2586 3596 2895 3663 movissent,
2921 3603 3225 3675 sensimque
3248 3606 3575 3678 amisissent,
3610 3616 3712 3671 ho-

2128 3681 2289 3737 minis
2335 3684 2731 3754 simplicitatem
2782 3691 3021 3760 miratus.
3073 3695 3189 3755 haec
3231 3700 3483 3770 loquutus
3527 3719 3650 3769 sum
3693 3725 3708 3762 :

2128 3772 2391 3843 Equidem
2416 3778 2647 3847 optarim
2672 3796 2785 3836 rem
2815 3783 2885 3838 ita
2907 3800 2967 3841 se
2991 3785 3205 3854 habere,
3230 3799 3295 3849 ut
3311 3792 3465 3859 linis,
3490 3797 3568 3850 vir
3584 3812 3713 3859 om-

2117 3865 2273 3922 uiuat
2301 3868 2520 3937 Optime,
2548 3886 2654 3926 non
2683 3883 2738 3927 ut
2766 3874 2814 3928 id
2846 3878 3116 3947 suscipere
3144 3895 3377 3950 possem.
3403 3886 3547 3955 quod
3564 3903 3713 3951 nunc

2123 3958 2315 4049 ttefttgi.
2349 3960 2567 4018 Etiamsi
2596 3964 2736 4019 enim
2765 3967 2892 4023 mibi
2920 3970 3125 4031 nullum
3166 3973 3481 4043 sume
3507 3993 3713 4049 propo—

2124 4048 2285 4104 situm
2325 4061 2491 4118 esset,
2519 4053 2563 4107 si
2594 4053 2955 4123 perfunctorie
2992 4069 3049 4115 et
3092 4062 3341 4132 imperite
3366 4064 3562 4127 Christi

2122 4152 2243 4230 gem
2262 4155 2572 4199 curassem:
2601 4154 2655 4200 at
2699 4147 2828 4203 illud
2857 4150 2986 4204 mihi
3016 4153 3167 4211 mutii
3202 4157 3469 4226 supplicio
3486 4164 3713 4230 gravius

2124 4229 2281 4296 foret,
2309 4233 2356 4287 si
2382 4245 2503 4303 post
2549 4245 2724 4293 tantas
2753 4239 2882 4295 mihi
2924 4245 3262 4305 concreditae
3284 4262 3378 4305 ses
3550 4267 3708 4321 eum,

2121 4323 2213 4392 qui
2236 4324 2680 4393 commdidisset,
2711 4329 2787 4384 ita
2815 4329 3052 4400 ingratus
3076 4335 3302 4393 vidum.
3332 4338 3512 4404 Quare
3545 4343 3713 4412 igitur

2119 4413 2349 4481 optarim
2386 4415 2530 4471 illam
2559 4427 2701 4473 tm
2745 4420 3050 4490 opinionem
3075 4439 3187 4483 nec
3208 4425 3399 4489 falsam
3423 4433 3585 4489 esse?
3636 4434 3710 4492 ιιι

2120 4505 2412 4573 miseriset
2798 4511 2900 4582 (sic
2933 4515 3077 4571 enim
3102 4518 3327 4577 vocandi
3350 4520 3412 4585 ii,
3455 4524 3547 4593 qui
3591 4524 3704 4583 hoc

2121 4599 2392 4668 negotium
2419 4602 2585 4669 probe
2615 4613 2846 4661 tractare
2888 4608 3149 4675 nesciunt,
3184 4615 3426 4682 quamvis
3462 4630 3706 4677 δείρειν

2123 4689 2225 4749 ιὲαε
2253 4691 2401 4759 ipsos
2426 4693 2483 4747 vi
2504 4692 2724 4750 adactos
2747 4703 2802 4751 et
2829 4696 3138 4767 ignorantes
3165 4716 3389 4771 peccare
3415 4704 3612 4775 dicas).
3648 4722 3709 4771 ut

2120 4782 2516 4856 ii!is,.inqu:m,
2567 4788 2985 4860 elusamliceat
3027 4794 3202 4865 ignem
3232 4797 3382 4853 illum

2118 5152 2227 5218 bet,
2258 5166 2366 5207 non
2391 5152 2463 5209 ita
2486 5167 2633 5210 sane.
2656 5155 2735 5212 Ac
2756 5156 2803 5211 si
2828 5156 2929 5224 vis,
2951 5166 3011 5214 It
3031 5174 3063 5217 a
3087 5174 3254 5231 regno
3279 5164 3703 5237 peiurum,“

2114 5244 2267 5314 apud
2285 5245 2451 5301 Deum
2480 5249 2615 5302 tanti
2641 5263 2748 5304 non
2773 5258 2861 5306 est
2888 5254 3073 5322 quanti
3098 5255 3472 5325 sacculotium,
3504 5275 3705 5319 eorum

2097 5351 2234 5406 qua:
2252 5336 2363 5392 dixi
2386 5336 2545 5393 [idem
2573 5338 2783 5395 faciam.
2801 5339 2930 5397 Sail
2952 5343 3059 5410 ille,
3080 5343 3221 5400 illius
3238 5346 3347 5414 (iis,
3368 5363 3477 5404 non
3506 5363 3708 5421 suopte

2114 5436 2264 5483 motu
2285 5437 2341 5484 et
2363 5443 2490 5485 cura
2514 5444 2607 5485 rex
2632 5429 2805 5487 factus
2827 5441 2913 5488 est
2940 5433 3021 5504 (Ι.
3048 5433 3176 5506 Reg.
3209 5436 3303 5507 9);
3331 5439 3426 5494 sed
3451 5440 3613 5509 abiit,
3648 5454 3708 5497 ut

2090 5527 2381 5587 quaereret
2408 5519 2605 5584 asinus,
2639 5530 2694 5576 et
2731 5536 2894 5592 super
2923 5524 2985 5579 iis
3015 5527 3327 5595 protibetam
3362 5529 3708 5602 interrogare

2115 5608 2309 5679 cmpit;
2339 5610 2430 5666 ille
2471 5626 2601 5667 vero
2628 5610 2694 5667 de
2717 5627 2883 5684 regno
2908 5615 3078 5685 ipsum
3122 5617 3424 5690 allaquutus
3453 5631 3559 5678 est.
3588 5622 3704 5681 Ne-
3754 5634 3760 5643 '

3827 4654 3830 4849 Ι

3826 4925 3830 5031 ι

3826 5688 3830 5781 1
