3860 6216
253 209 352 266 6θί

253 323 366 385 υίὸς
397 322 494 374 οὐκ
517 318 674 382 αὐτὸς
701 316 1007 380 σπουδάσας
1041 316 1258 384 ἐγένετο
1283 315 1556 386 βασιλεὺς,
1577 315 1691 367 ἀλλ’
1708 311 1920 382 ἀπῆλθε

253 402 352 473 μὲν
384 401 475 452 ἐπὶ
509 400 606 470 τὴν
635 399 741 451 τῶν
779 397 916 450 ὄνων
944 396 1193 466 ζήτησιν,
1226 397 1320 448 καὶ
1351 395 1491 466 ὑπὲρ
1531 394 1737 473 τούτων
1780 393 1915 473 ἐρω·

249 470 432 550 τήσων
465 479 554 532 τὸν
588 479 874 548 προφήτην
904 478 1124 546 ἤρχετο,
1165 476 1194 526 6
1228 473 1285 526 δέ
1308 473 1459 543 αὑτῷ
1483 473 1611 543 περὶ
1641 472 1744 541 τ’ἠς
1773 470 1926 550 βασις·

251 547 398 620 λείας
419 547 707 626 διελέγετο.
746 557 853 609 Καὶ
878 554 999 606 ούδέ
1022 552 1200 616 οὓτως
1235 551 1534 622 ἐπέδραμε,
1567 551 1746 604 καίτοι
1771 547 1926 618 παρὰ

249 636 444 706 ἀνδρὸς
468 636 679 688 ἀκούων
708 635 990 704 προφήτου
1017 671 1032 693 ,
1059 631 1199 686 ἀλλά
1240 632 1337 683 καὶ⁷
1372 630 1628 684 ἀνεδύετο
1654 630 1750 683 καί¹
1784 644 1928 698 παρ-

250 719 436 785 ῃτεῖτο
461 714 635 780 λέγων
650 729 664 742 ο
694 713 790 778 Τίς
806 715 922 780 εἰμι
937 710 1072 780 ἐγὼ,
1091 711 1190 764 καί
1214 711 1306 776 τίς
1325 713 1359 763 ὁ
1383 710 1548 775 οἶκος
1573 709 1680 762 τοῦ
1701 707 1926 785 πατρός

245 784 397 864 (dav;
426 793 490 846 Τί
511 791 638 858 οὗνς
673 792 861 862 ἐπειδὴ
887 790 1072 854 κακῶς
1096 792 1370 863 ἐχρήσατο
1389 793 1456 861 τῇ
1479 789 1630 861 παρὰ
1669 787 1762 842 τοῦ
1786 784 1922 840 Θεοῦ

247 873 461 944 δοθείσῃ
491 875 646 943 τιμῇ,
679 871 896 942 ἴσχυσεν
921 871 1083 924 αὑτὸν
1113 869 1391 936 ἐξελέσθαι
1417 870 1592 923 ταῦτα
1613 867 1682 922 τὰ
1703 867 1925 944 ῥήματα

246 953 350 1020 τῆς
399 943 493 1005 τοῦ
525 950 1133 1022 βασιλεύσαντος-αὐτὸν
1166 951 1336 1020 ὀργῆς
1361 962 1424 1015 ιι;
1477 948 1671 1002 Καίτοι
1700 963 1766 1015 γε
1795 943 1924 1014 ἐνῆν

248 1021 429 1097 λέγειν
475 1021 613 1100 πρὸς
640 1029 732 1083 τόν
784 1028 1037 1100 Σαμουὴλ
1084 1027 1424 1096 ἐγκαλοῦντα
1475 1026 1660 1096 αὐτῷ·
1691 1026 1782 1096 Μὴ
1814 1023 1924 1096 γάρ

248 1103 409 1170 αὐτὸς
436 1109 745 1179 ἐπέδραμον
760 1111 827 1179 τῇ
860 1107 1143 1178 βασιλείας
1177 1107 1251 1178 μὴ
1268 1106 1378 1177 γάρ
1395 1106 1717 1176 ἐπεπήδησα
1749 1103 1925 1177 ταύτῃ

246 1191 314 1258 τῇ
340 1188 665 1259 δυναστείᾳ;
700 1188 792 1240 τὸν
833 1186 941 1239 τῶν
974 1185 1203 1239 ἰδιωτῶν
1237 1184 1545 1255 ἐϐουλόμην
1568 1183 1683 1255 βίον
1711 1184 1810 1255 ζῇν
1833 1183 1924 1236 τὴν

247 1267 582 1338 ἀπράγμονα
615 1265 987 1338 καί-ἡσύχιον,
1020 1266 1085 1318 σὺ
1122 1265 1180 1318 δέ
1216 1281 1284 1335 με
1328 1264 1420 1316 ἐπὶ
1458 1263 1619 1316 τοῦτο
1664 1263 1924 1325 εἴλκυσας

247 1347 310 1398 τὸ
339 1346 582 1416 ἀξίωμα.
633 1347 721 1398 Ἐν
763 1346 951 1418 ἐκείνῃ
989 1344 1166 1415 μένων
1190 1345 1256 1414 τῇ
1299 1343 1651 1413 ταπεινότητι
1685 1340 1923 1404 εὐκόλως

250 1425 317 1478 ἂν
354 1424 527 1477 ταῦτα
581 1423 834 1488 ἐξέκλινα
885 1424 954 1477 τὰ
999 1421 1453 1494 προσκρούματα.
1492 1422 1568 1474 Οὐ
1616 1420 1726 1492 γὰρ
1761 1421 1780 1490 -1
1797 1418 1923 1491 405]

247 1503 422 1574 δήπου
447 1504 557 1556 τῶν
591 1502 802 1557 πολλῶν
824 1499 904 1567 εἷς
943 1503 1018 1556 ῶν
1046 1504 1140 1556 καὶ
1175 1502 1406 1572 ἀσήμων
1431 1502 1521 1555 ἐπὶ
1555 1500 1716 1554 τοῦτο
1737 1500 1806 1554 ἂν
1840 1497 1926 1564 ἐξ-

249 1582 350 1635 επέ
358 1582 542 1652 μφθην
556 1582 616 1633 τὺ
631 1581 814 1656 ἔργον,
827 1583 934 1635 οὐδ’
947 1583 1014 1636 ἂν
1025 1583 1050 1632 ἐ
1059 1581 1149 1652 μοὶ
1163 1580 1252 1633 τὸν
1269 1579 1405 1652 πρὸς
1420 1581 1543 1644 τοὺς
1559 1579 1926 1650 Ἀμαληκίτας

249 1660 485 1730 πόλεμον
502 1660 828 1732 ἐνεχείρισεν
843 1662 871 1712 6
887 1661 1040 1724 Θεός·
1065 1660 1138 1730 μὴ
1153 1659 1513 1730 ἐγχειρισθεὶς
1527 1658 1584 1711 δέ
1599 1659 1698 1712 οῦκ
1712 1659 1778 1713 ἄν
1794 1675 1925 1711 ποτε

248 1740 454 1810 ταύτην
466 1741 710 1811 ἥμαρτον
729 1740 827 1811 τήν
841 1740 1138 1811 ἁμαρτίαν.
1158 1740 1322 1792 Ἀλλά
1341 1739 1515 1793 ταῦτα
1531 1739 1710 1794 πάντα
1721 1738 1925 1809 ἀσθενῆ

249 1821 386 1889 πρὸς
418 1819 734 1888 ἀπολογίαν,
762 1820 860 1873 οὐκ
887 1820 1087 1890 ἀσθενῆ
1117 1819 1172 1872 δέ
1206 1820 1388 1889 μόνον,
1415 1817 1554 1872 ἀλλά
1590 1818 1686 1872 καὶ
1715 1818 1928 1871 ἐπικίν-

248 1899 402 1960 δυνα,
438 1899 532 1951 καὶ
557 1899 757 1970 μᾶλλον
781 1890 1071 1952 ἐκκαίοντα
1106 1899 1132 1937 b
1162 1898 1257 1950 τοῦ
1300 1897 1435 1950 Θεοῦ
1463 1898 1563 1968 τὴν
1593 1891 1786 1968 ὀργήν.
1822 1896 1926 1950 Τὸν

250 1979 362 2048 γὰρ
396 1980 490 2031 ἐπὶ
518 1980 616 2049 τὴν
651 1978 805 2042 ἀξίαν
835 1978 1134 2050 τιμηθέντα
1155 1978 1255 2030 οὐκ
1293 1978 1372 2040 εἰς
1401 1977 1500 2047 τὴν
1528 1975 1637 2029 τῶν
1672 1977 1926 2048 ἁμαρτη-

253 2061 440 2128 μάτων
480 2058 778 2127 ἀπολογίαν
807 2059 913 2130 χρὴ
959 2056 1360 2129 προϐάλλεσθαι
1391 2056 1490 2127 τῆς
1524 2053 1692 2128 τιμῆς
1726 2057 1788 2109 τὸ
1829 2055 1926 2126 μέ-

249 2138 426 2205 γεθος,
454 2137 568 2190 ἀλλ’
595 2139 674 2200 εἰς
699 2137 942 2208 μείζονος
966 2135 1298 2206 βελτιώσεως
1324 2135 1606 2206 προκοπὴν
1624 2134 1928 2206 κεχρῆσθαι

247 2219 315 2286 τῇ
344 2216 511 2285 πολλῇ
540 2216 671 2284 περὶ
703 2215 866 2268 αὑτὸν
885 2215 982 2268 τοῦ
1008 2214 1143 2267 Θεοῦ
1169 2214 1391 2284 σπουδῇ.
1426 2214 1484 2265 Ὁ
1509 2213 1566 2266 δὲ
1583 2212 1718 2266 διότι
1746 2214 1930 2285 κρείτ-

248 2313 400 2360 τονος
449 2296 640 2366 ἔτυχεν
685 2295 1030 2366 ἀξιώματος,
1065 2295 1152 2349 διὰ
1196 2295 1356 2348 τοῦτο
1403 2293 1738 2364 ἁμαρτάνειν
1780 2292 1930 2364 αύτῷ

249 2376 488 2446 νομίζων
517 2375 734 2440 ἐξεῖναι,
777 2375 929 2428 οὐδὲν
975 2375 1162 2446 ἐτερον
1190 2374 1224 2444 ἢ
1273 2374 1372 2444 τὴν
1419 2373 1515 2426 τοῦ
1555 2371 1691 2425 Θεοῦ
1741 2371 1931 2440 φιλαν-

251 2454 502 2524 θρωπίαν
549 2455 729 2507 αἰτίαν
785 2454 896 2506 τῶν
950 2454 1165 2507 οἰκείων
1209 2451 1620 2523 ἁμαρτημάτων
1666 2450 1930 2515 ἐπιδεῖξαι

250 2536 606 2596 ἐσπούδασεν,
631 2535 770 2605 ὅπερ
799 2533 1160 2596 τοῖςξάσεόέσι
1189 2534 1282 2586 καὶ
1315 2532 1575 2604 ῥᾳθύμως
1600 2529 1694 2584 τὸν
1724 2529 1931 2583 ἑαυτῶν

235 2615 514 2668 διοικοῦσι
543 2613 656 2683 βίον
680 2614 860 2680 λέγειν
888 2611 1009 2675 έθος
1035 2612 1142 2666 ἀεί.
1179 2612 1320 2664 Ἀλλ’
1348 2613 1447 2681 οὺχ
1475 2611 1622 2680 ἡμᾶς
1650 2609 1793 2663 οῦτω
1818 2609 1934 2663 διαο

252 2695 469 2748 κεῖσθαι
521 2693 661 2766 χρὴ,
710 2691 832 2745 οὐδὲ
881 2693 962 2754 εἰς
1008 2691 1109 2762 τὴν
1155 2690 1324 2762 αὐτὴν
1371 2690 1602 2748 ἐκείνοις
1644 2688 1934 2740 ἐκπίπτειν

255 2774 475 2843 μανίαν,
505 2765 642 2826 ἀλλὰ
669 2770 945 2840 πανταχοῦ
981 2769 1306 2835 σπουδάζειν
1328 2769 1398 2821 τὰ
1425 2768 1556 2838 παρ’
1579 2765 1794 2843 Ϋέαυτῶν
1823 2768 1936 2819 εἱσ-

253 2842 441 2925 φέρειν
483 2855 562 2915 εἰς
606 2850 836 2920 δύναμιν
883 2849 984 2920 τὴν
1033 2849 1350 2920 ἡμετέραν,
1389 2847 1482 2899 καὶ
1537 2842 1782 2925 εῦφημον
1839 2847 1934 2925 καὶ

253 2923 498 3002 γλῶτταν
528 2931 622 2983 καὶ
654 2929 896 2982 διάνοιαν
923 2928 1092 2998 ἔχειν.
1126 2926 1261 2979 Οὐδὲ
1301 2926 1411 2996 γὰρ
1452 2926 1482 2977 6
1523 2924 1807 3002 Ἦλὶῌᾙίνα
1836 2923 1934 2996 τὴν

254 2999 534 3082 βασιλείαν
566 3008 798 3078 ἀφέντες
830 3008 923 3060 ἐπὶ⁸
966 3007 1064 3077 τὴν
1110 3006 1432 3077 ἱερωσύνην,
1469 3006 1598 3076 περὶ
1640 2999 1708 3076 ἧς
1743 3005 1874 3073 ἡμῖν
1907 3005 1937 3056 6

252 3092 428 3159 λόγος,
466 3087 712 3158 ἔλθωμεν
745 3087 877 3157 νῦν)
919 3085 1221 3139 ἐσπούδασε
1259 3083 1566 3153 κτήσασθαι
1608 3083 1709 3154 τὴν
1735 3084 1930 3153 ἀρχήν.

253 3170 318 3221 Τί
368 3165 460 3222 οὖν
492 3167 656 3220 αὐτὸν
703 3165 884 3228 τοῦτο,
927 3165 1089 3236 ἡνίκα
1117 3165 1405 3235 ἥμαρτεν,
1446 3162 1689 3230 ὣνησεν;
1727 3163 1838 3214 Καὶ
1879 3161 1934 3215 τί

252 3248 394 3315 λέγω
419 3245 764 3317 κτήσασθαι;
804 3243 925 3296 ούδέ
952 3235 1242 3311 διαφυγεῖν
1281 3241 1378 3311 μὲν
1410 3235 1527 3303 οῦν,
1562 3239 1720 3309 εἴπερ
1750 3241 1932 3311 ήθελε,

251 3326 477 3379 δυνατὸν
509 3321 576 3395 ἧν
613 3323 762 3393 αὑτῷ
791 3322 881 3374 διὰ
912 3321 1009 3390 τὴν
1040 3321 1288 3389 ἀνάγκην
1319 3318 1414 3372 τοῦ
1459 3319 1625 3389 νόμου
1646 3335 1660 3348 ·
1699 3320 1793 3371 καὶ
1825 3320 1934 3393 γάρ

252 3401 321 3474 ἦν
354 3404 453 3474 τῆς
502 3401 634 3455 Λευῒ
684 3401 894 3470 φυλῆς,
952 3402 1046 3453 καὶ
1088 3401 1189 3468 τὴν
1241 3401 1414 3470 ἀρχὴν
1465 3397 1552 3451 διά
1600 3397 1695 3451 τοῦ
1743 3399 1934 3467 γένους

254 3485 462 3536 ἀνωθεν
512 3479 950 3534 καταὸαίνουσαν
994 3479 1101 3530 ἔδει
1142 3475 1416 3541 δέξασθαι.
1461 3477 1600 3528 Ἀλλ’
1641 3477 1792 3548 ὅμως
1841 3482 1934 3532 καὶ

254 3557 408 3624 οὗτος
458 3560 558 3629 τῆς
620 3558 729 3611 τῶν
782 3557 990 3609 παίδων
1038 3557 1325 3627 παροινίας
1370 3567 1391 3593 ε
1454 3556 1620 3608 ἔδωκε
1673 3557 1829 3627 δίκην
1872 3561 1932 3610 ού

258 3643 482 3711 μικράν.
516 3639 581 3690 Τί
603 3637 660 3690 δὲ
692 3637 854 3700 αὐτὸς
886 3639 914 3688 ὁ
941 3636 1155 3708 πρῶτος
1194 3637 1485 3705 γενόμενος
1515 3634 1624 3686 τῶν
1667 3636 1934 3689 Ἰουδαίων

259 3723 459 3791 ἱερεὺς,
495 3718 622 3788 περὶ
651 3711 712 3770 οὗ
740 3715 982 3770 τοσαῦτα
1021 3717 1270 3786 διελέχθη
1303 3715 1330 3766 6
1373 3715 1502 3778 Θεὸς
1543 3715 1621 3784 τῷ
1671 3716 1932 3783 Μωῦσεῖς

271 3800 486 3870 Ἐπειδὴ
504 3801 604 3852 ούκ
637 3799 823 3868 ἴσχυσε
849 3797 1009 3866 μόνος
1035 3793 1171 3865 πρὸς
1203 3794 1456 3847 τοσούτου
1483 3793 1718 3864 πλήθους
1743 3795 1934 3865 στῆναι

259 3880 478 3950 μανίαν,
502 3881 562 3932 οὐ
597 3878 748 3949 παρὰ
782 3877 982 3947 μικρὸν
1013 3871 1180 3946 ἦλθεν
1215 3873 1534 3933 ἀπολέσθαι,
1560 3875 1607 3924 εἰ
1649 3873 1723 3944 μὴ
1766 3876 1798 3946 ή
1841 3876 1933 3926 τοῦ

255 3960 486 4028 ἀδελφοῦ
513 3959 820 4030 προστασία
847 3956 1003 4008 ἔλυσε
1037 3953 1130 4007 τοῦ
1158 3953 1292 4005 Θεοῦ
1324 3953 1422 4022 τὴν
1459 3953 1666 4022 ὀργήν;
1715 3954 1934 4024 Ἐπειδὴ

255 4038 312 4090 δὲ
359 4039 634 4102 Μωῦσέως
681 4037 1033 4107 ἐμνήσθημεν
1056 4033 1106 4097 ά,
1152 4031 1316 4086 καλὸν
1355 4032 1448 4083 καὶ
1486 4033 1550 4082 ἐκ
1594 4030 1700 4082 τῶν
1743 4033 1936 4102 ἐκείνῳ

260 4118 688 4189 συμϐεϐηκότων
736 4115 905 4179 δεῖξαι
951 4113 1045 4167 τοῦ
1091 4113 1249 4180 λόγου
1307 4112 1405 4180 τὴν
1451 4109 1728 4189 ἀλήθειαν.
1765 4111 1936 4189 ᾼύτὸς

161 4211 164 4216 ’
256 4199 366 4267 γὰρ
389 4188 545 4260 οὗτος
572 4200 600 4248 6
629 4195 903 4265 μακάριος
931 4192 1174 4260 Μωῦσῆς
1203 4190 1454 4242 τοσοῦτον
1485 4188 1691 4257 ἀπέσχε
1717 4188 1810 4241 τοῦ
1839 4191 1936 4260 τὴν

259 4277 596 4349 προστασίαν
630 4273 876 4344 ἁρπάσαι
922 4271 1031 4323 τῶν
1067 4269 1358 4330 Ἰουδαίων,
1391 4268 1467 4330 ὡς
1515 4269 1608 4319 καὶ
1649 4266 1936 4339 διδομένην

258 4345 608 4426 παρῃτῆσθαι
652 4367 709 4415 ε,
764 4354 858 4405 καὶ
904 4351 1038 4403 Θεοῦ
1099 4349 1410 4410 κελεύοντος
1459 4345 1784 4414 ἀνανεῦσαι,
1842 4349 1935 4400 καὶ

257 4433 560 4506 παροξῦναι
598 4431 687 4485 τὸν
731 4431 1156 4502 προστάττοντα.
1188 4429 1298 4480 Καὶ
1326 4427 1386 4479 ού
1427 4427 1547 4478 τότε
1585 4426 1763 4496 μόνον,
1801 4426 1935 4480 ἀλλά

259 4516 353 4568 καὶ
395 4513 532 4578 μετά
585 4511 758 4564 ταῦτα
813 4510 1104 4580 γενόμενος
1151 4507 1242 4559 ἐπὶ
1273 4507 1373 4575 τῆς
1426 4507 1601 4576 ἀρχῆς
1653 4506 1793 4576 ὑπὲρ
1841 4508 1935 4560 τοῦ

258 4594 463 4664 ταύτης
529 4591 913 4660 ἀπαλλαγῆναι
972 4588 1145 4660 ἡδέως
1191 4586 1257 4640 ἂν
1315 4586 1694 4655 ἀπέθνησκεν·
1764 4587 1936 4640 Ἀπό-

259 4689 500 4726 «temor-
532 4673 640 4740 γάρ
685 4687 775 4736 με,
809 4670 994 4738 φησὶν.
1042 4671 1091 4720 εἰ
1121 4667 1273 4719 οὕτω
1308 4684 1406 4735 μοι
1441 4665 1689 4735 μέλλεις
1721 4666 1929 4721 ποιεῖν.

260 4753 326 4806 Τί
370 4749 493 4814 οὖν,
544 4749 732 4819 ἐπειδὴ
788 4749 1034 4819 ἥμαρτεν
1073 4747 1166 4799 ἐπὶ
1209 4745 1302 4798 τοῦ
1335 4745 1556 4808 ὓδατος,
1611 4745 1837 4812 ἴσχυσαν
1879 4749 1934 4800 αἱ

262 4831 504 4899 συνεχεῖς
535 4821 693 4880 αῦται
721 4827 1082 4896 παραιτήσεις
1111 4821 1555 4892 ἀπολογήσασθαι
1579 4822 1719 4889 ὑπὲρ
1745 4823 1934 4886 αὑτοῦ,

261 4909 356 4963 καὶ
387 4911 567 4961 πεῖσαι
588 4907 679 4959 τὸν
709 4906 840 4958 Θεὸν
864 4905 1045 4958 δοῦναι
1074 4905 1438 4971 συγγνώμην;
1474 4902 1568 4953 καὶ
1601 4899 1764 4951 πόθεν
1783 4900 1938 4953 ἀλλο-

261 4991 354 5044 θεν
379 4990 479 5060 τῆς
499 4986 912 5060 ἐπηγγελμένης
928 4987 1125 5039 ἁπεστε
1137 4985 1280 5054 ρεῖτο
1294 4985 1397 5051 γῆς
1417 4997 1431 5044 ς
1455 4979 1764 5049 Οὐδαμόθεν
1783 4979 1938 5060 ἁλλο-

263 5073 375 5135 θεν,
399 5057 475 5134 ὥς
506 5057 745 5130 ἀπαντες
773 5067 952 5137 ἴσμεν,
975 5065 1086 5119 ἀλλ’
1112 5065 1145 5135 ἧ
1172 5064 1259 5116 διὰ
1288 5063 1387 5131 τὴν
1416 5060 1690 5130 ἁμαρτίαν
1712 5057 1960 5128 ταύτην,⁸

323 5223 342 5246 ⁸
372 5225 489 5288 Post
518 5225 659 5288 ὀργῆς
680 5224 830 5288 savii.
864 5223 1142 5288 aliquidam
1162 5233 1275 5268 mss.
1303 5218 1523 5278 οὐδαμῶς
1547 5218 1788 5274 inserunt,
1827 5228 1938 5276 quae

262 5298 354 5335 vox
377 5287 520 5335 abest
540 5287 566 5335 ai
587 5287 761 5335 Morel.
797 5293 850 5334 et
871 5287 999 5333 aliis.
1087 5344 1121 5346 η
1226 5344 1233 5346 Α
1520 5336 1548 5346 ,,

324 5348 458 5417 [Sic
477 5347 704 5417 gayii._el
723 5349 918 5409 quidam
945 5359 1058 5417 mss.
1083 5344 1255 5391 Morel.
1279 5353 1395 5390 vero
1415 5346 1465 5389 el
1488 5336 1571 5389 alii
1591 5338 1786 5387 ἐκκαίει.
1810 5335 1940 5384 Infra

262 5412 457 5472 quidam
486 5411 782 5471 βελτιώσεως
802 5411 1090 5472 προτροπὴν.

327 5475 351 5499 ⁴έ
378 5472 474 5519 Alii
497 5472 808 5519 παρανομίας.

327 5484 349 5499 ’-
378 5484 474 5519 Am
497 5486 808 5533 παρανομιας.

324 5531 349 5568 d
377 5533 471 5593 Alii
497 5532 747 5593 ἐμνήσθην.

325 5594 342 5613 '
371 5589 464 5659 A_|ii
510 5581 858 5661 παραιτεῖσθαι,
888 5589 973 5661 aiii
1001 5589 1400 5652 παραιτήσασθαι.
1439 5585 1562 5634 Ibid.
1601 5585 1750 5635 Savil.
1779 5587 1830 5632 el
1853 5581 1938 5631 alii

262 5654 516 5705 ἀνανεῦσαι
536 5654 609 5702 ἐπὶ
635 5654 886 5714 τοσοῦτον,
905 5654 986 5707 ὡς.

999 200 1059 257 S.
1099 172 1386 256 JOANNIS
1423 195 1920 254 CIIRYSOSTOMI
1959 193 2278 250 ARCIIIEP.
2319 191 2870 251 CONSTANTINOP.

3595 189 3704 244 06‘:

2027 311 2094 364 δι’
2130 310 2196 381 ἦν
2232 311 2259 362 6
2289 307 2605 380 θαυμαστὸς
2631 309 2840 370 ἐκεῖνος
2875 305 3015 379 ἀνὴρ
3049 305 3150 359 οὐκ
3181 306 3370 376 ἴσχυσε
3395 303 3504 357 τῶν
3524 303 3704 358 αὐτῶν

2025 391 2140 452 τοῖς
2172 389 2498 459 ἀρχομένοις
2523 389 2710 457 τυχεῖν
2729 405 2742 416 ·
2767 385 2905 439 ἀλλὰ
2935 383 3075 456 μετά
3101 386 3228 448 τοὺς
3259 383 3486 446 πολλοὺς
3510 383 3704 453 ἄθλους

2025 470 2122 522 καὶ
2159 469 2258 531 τὰς
2296 468 2710 538 ταλαιπωρίας,
2762 466 2901 536 μετά
2952 465 3056 535 τὴν
3093 465 3303 534 πλάνην
3355 464 3570 534 ἐκείνην
3604 464 3706 535 τὴν

2024 549 2253 616 ἄφατον,
2291 548 2388 601 καὶ
2425 548 2553 611 τοὺς
2587 547 2860 617 πολέμους
2910 546 3001 598 καὶ
3044 545 3114 598 τὰ
3157 545 3413 616 τρόπαια,
3464 543 3569 608 ἔξω
3603 545 3704 614 τῆς

2025 627 2128 696 γῆς
2167 625 2529 697 ἀπέθνησκεν,
2565 627 2707 695 ὑπὲρ
2749 621 2819 696 ἦς
2855 624 3093 677 τοσαῦτα
3136 625 3440 694 ἐμόχθησεο
3496 625 3593 676 καὶ
3635 624 3706 678 τὰ

2024 705 2119 758 τοῦ
2170 705 2440 774 πελάγους
2490 704 2792 774 ὑπομείνας
2850 704 2991 756 κατὰ
3035 702 3144 755 τῶν
3197 703 3291 756 τοῦ
3337 702 3556 773 λιμένος
3602 704 3703 756 οὐκ

2025 785 2341 856 ἀπήλαυσεν
2375 783 2620 852 ἀγαθῶν.
2659 784 2822 854 Ὁρᾷς
2849 782 2925 845 ὡς
2950 783 3011 836 ού
3035 784 3146 846 τοῖς
3179 782 3488 852 ἁρπάζουσι
3517 783 3700 852 μόνον,

2026 863 2142 916 ἀλλ’
2174 863 2296 917 ούδέ
2338 867 2452 927 τοῖς
2497 866 2562 916 ἐκ
2594 862 2697 933 τῆς
2735 862 2843 915 τῶν
2892 861 3094 932 ἐτέρων
3139 861 3374 930 σπουδῆς
3421 858 3704 912 ἐπὶτοῦτο

2027 942 2365 1014 ἐρχομένοις,
2401 941 2649 995 λείπεταί
2682 957 2766 1003 τις
2799 941 2856 992 ἐν
2884 933 2966 1002 οἷς
3001 941 3066 992 ἂν
3090 939 3391 992 πταίσωσιν
3413 940 3699 1008 ἀπολογία.

2028 1024 2201 1076 Ὅπου
2223 1022 2331 1094 γάρ
2349 1023 2399 1074 οἱ
2421 1021 2516 1076 τοῦ
2539 1021 2674 1075 Θεοῦ
2696 1021 2714 1059 ῐ
2736 1020 2889 1093 [404]
2904 1020 3332 1090 χειροτονοῦντος
3356 1037 3431 1072 πα
3441 1021 3700 1090 ραιτησά-

2028 1119 2178 1172 μενοι
2204 1103 2462 1165 πολλάκις
2478 1101 2744 1170 τοσαύτην
2770 1101 2977 1154 ἔδωκαν
2998 1100 3174 1169 δίκην,
3194 1098 3290 1151 καί
3313 1099 3462 1152 οὐδὲν
3487 1101 3705 1168 ἴσχυσεν

2025 1180 2308 1245 ἐξελέσθαι
2340 1181 2435 1234 τοῦ
2457 1179 2704 1234 κινδύνου
2729 1178 2923 1231 τούτου
2945 1178 3069 1230 οὔτε
3092 1177 3182 1230 τὸν
3212 1178 3438 1248 Ἀαρὼν,
3460 1177 3586 1230 οὔτε
3611 1178 3702 1230 τὸν

2038 1262 2176 1327 Ἠλὶ,
2202 1260 2327 1314 οῦτε
2367 1263 2461 1315 τὸν
2500 1260 2770 1331 μακάριον
2807 1260 3017 1312 ἐκεῖνον
3058 1258 3247 1328 ἄνδρα,
3279 1259 3368 1310 τὸν
3403 1260 3580 1326 ἆγιον,
3611 1258 3702 1311 τὸν

2030 1345 2333 1415 προφήτην,
2363 1343 2454 1398 τὸν
2481 1341 2790 1413 θαυμαστὸν
2815 1383 2830 1407 ,
2869 1341 2960 1395 τὸν
2993 1342 3165 1410 πρᾶον
3205 1340 3436 1411 μάλιστα
3485 1341 3703 1395 πάντων

2026 1421 2133 1474 τῶν
2157 1423 2249 1474 ἐπὶ
2283 1421 2385 1492 τῆς
2413 1421 2540 1490 γῆς,
2565 1421 2658 1474 τὸν
2693 1420 2769 1483 ὡς
2795 1419 2947 1489 φίλον
2972 1419 3237 1472 λαλοῦντα
3261 1419 3340 1490 τῷ
3368 1419 3508 1490 Θεῷ,
3536 1421 3699 1491 σχολῇ

2025 1519 2089 1570 γε
2114 1504 2245 1574 ήμῖν
2268 1507 2380 1566 τοῖς
2413 1502 2666 1556 τοσοῦτον
2697 1503 2985 1556 ἀποδέουσι
3009 1502 3103 1571 τῆς
3130 1502 3332 1572 ἀρετῆς
3367 1503 3466 1572 τῆς
3492 1505 3702 1557 ἐκείνου

2025 1583 2314 1653 δυνήσεται
2338 1582 2475 1654 πρὸς
2504 1581 2802 1650 ἀπολογίαν
2828 1580 3062 1651 ἀρκέσαι
3082 1580 3143 1632 τὸ
3168 1581 3465 1634 συνειδέναι
3492 1583 3703 1645 ἑαυτοῖς

2029 1663 2198 1734 μηδὲν
2246 1663 2388 1734 ὑπὲρ
2426 1661 2635 1732 ταύτης
2685 1659 3044 1713 ἐσπουδακόσι
3088 1659 3187 1728 τῆς
3223 1659 3428 1730 ἀρχῆς·
3471 1664 3565 1714 καὶ
3602 1661 3704 1731 μά-

2026 1740 2185 1796 λιστα
2208 1742 2298 1796 ὅτε
2339 1742 2534 1795 πολλαὶ
2560 1739 2767 1794 τούτων
2794 1739 2904 1792 τῶν
2943 1739 3288 1809 χειροτονιῶν
3317 1740 3418 1793 οὑκ
3455 1741 3567 1794 ἀπὸ
3605 1742 3703 1810 τῆς

2028 1822 2180 1885 θείας
2207 1822 2486 1890 γίγνονται
2508 1822 2752 1893 χάριτος,
2779 1817 2914 1872 ἀλλὰ
2953 1818 3047 1871 καὶ
3083 1818 3192 1871 ἀπὸ
3229 1819 3327 1889 τῆς
3358 1819 3465 1872 τῶν
3493 1820 3704 1891 ἀνθρώ-

2028 1919 2147 1955 πων
2173 1902 2430 1973 σπουδῆς.
2456 1901 2560 1954 Τδν
2598 1900 2798 1953 Ἰούδαν
2822 1901 2850 1952 6
2876 1899 3008 1961 Θεὸς
3040 1896 3345 1964 ἐξελέξατο,
3377 1901 3471 1954 καὶ
3503 1902 3583 1963 εἰς
3613 1901 3703 1952 τὸν

2029 1981 2183 2047 ἆγιον
2209 1983 2417 2035 ἐκεῖνον
2441 1980 2696 2044 κατέλεξε
2718 1979 2898 2050 χορὸν,
2918 1978 3012 2030 καὶ
3033 1977 3128 2047 τὴν
3154 1979 3518 2049 ἀποστολικὴν
3546 1979 3705 2045 ἀξίαν

2033 2060 2172 2130 μετά
2217 2061 2326 2114 τῶν
2373 2059 2577 2114 λοιπῶν
2630 2057 2992 2130 ἐνεχείρισεν
3044 2057 3213 2110 ἔδωκε
3251 2058 3308 2110 δέ
3356 2075 3407 2111 τι
3449 2060 3542 2112 καὶ
3594 2060 3704 2112 τῶν

2030 2141 2205 2196 ἄλλων
2236 2141 2400 2196 πλέον
2441 2139 2612 2211 αὐτῷ,
2645 2141 2743 2211 τὴν
2779 2139 2888 2192 τῶν
2926 2139 3224 2210 χρημάτων
3273 2139 3604 2209 οἰκονομίαν.
3639 2142 3705 2193 Τί

2031 2218 2162 2287 οῦν;
2202 2220 2390 2291 ἐπειδὴ
2437 2218 2649 2282 τούτοις
2676 2217 3004 2288 ἀμφοτέροις
3051 2216 3304 2279 ἐναντίως
3357 2217 3630 2288 ἐχρήσατο
3653 2229 3706 2286 π,

2032 2301 2128 2355 καί
2163 2301 2224 2354 ὃν
2258 2298 2552 2368 ἐπιστεύθη
2591 2296 2884 2369 κηρύττειν
2935 2293 3251 2366 προῦδωκε,
3305 2298 3399 2348 καὶ
3439 2296 3474 2349 ἀ
3522 2297 3709 2362 καλῶς

2031 2379 2255 2434 διοικεῖν
2294 2376 2669 2450 ἐνεχειρίσθη,
2700 2374 2872 2428 ταῦτα
2918 2373 3162 2450 ἀνήλωσε
3206 2373 3424 2435 κακῶς,
3470 2375 3708 2445 ἐξέφυγε

2031 2461 2132 2531 τὴν
2161 2449 2466 2529 τιμωρίαν;
2491 2455 2566 2509 Δι’
2597 2455 2730 2509 αὐτὸ
2757 2453 2856 2524 μὲν
2885 2449 2977 2506 οῦν
3009 2451 3168 2506 τοῦτο
3198 2453 3292 2505 καὶ
3316 2452 3707 2526 χαλεπωτέραν

2034 2539 2213 2608 ἐαυτῷ
2237 2538 2334 2607 τὴν
2371 2536 2526 2607 δίκην
2555 2534 2877 2604 εἰργάσατο·
2909 2533 3005 2586 καὶ
3052 2531 3197 2601 μάλα
3237 2548 3299 2599 γε
3334 2533 3584 2598 εἰκότως.
3626 2538 3707 2590 υῦ

2033 2619 2142 2690 γὰρ
2178 2618 2257 2678 εἰς
2280 2615 2341 2668 1:6
2365 2614 2442 2683 τῷ
2467 2612 2586 2683 Θεῷ
2619 2610 2982 2684 προσκρούειν
3002 2610 3082 2663 δεῖ
3110 2611 3557 2681 κατακεχρῆσθαι
3583 2617 3708 2676 ταῖς

2033 2697 2187 2768 παρὰ
2216 2694 2353 2748 Θεοῦ
2384 2692 2690 2762 διδομέναις
2715 2695 2924 2761 τιμαῖς,
2963 2691 3078 2744 ἀλλ’
3114 2693 3193 2754 εἰς
3230 2691 3292 2743 τὸ
3330 2691 3531 2761 μᾶλλον
3575 2695 3709 2765 ἀρέ-

2036 2793 2187 2829 σκειν
2219 2773 2388 2844 αὐτῷ.
2430 2773 2490 2827 Ὁ
2520 2772 2598 2835 δὲ,
2647 2770 2837 2843 ἐπειδὴ
2882 2772 3042 2824 πλέον
3080 2771 3390 2840 τετίμηται,
3416 2771 3504 2825 διὰ
3547 2773 3710 2829 τοῦτο

2034 2853 2202 2921 ἀξιῶν
2233 2843 2560 2922 ἀποφυγεῖν,
2594 2851 2653 2903 ἐν
2695 2843 2777 2913 οἷς
2806 2849 2872 2902 ἂν
2906 2848 3229 2914 κολάζεσθαι
3271 2849 3385 2920 δέῃ,
3414 2853 3709 2923 παραπλή-

2036 2949 2150 2985 σιον
2176 2934 2320 2986 ποιεῖ
2346 2931 2536 3001 ὥσπερ
2568 2928 2635 2982 ἂν
2665 2927 2718 2980 εἴ
2761 2944 2845 2990 τις
2874 2927 2970 2980 καὶ
3010 2926 3120 2980 τῶν
3159 2927 3404 2980 ἀπίστων
3441 2930 3711 2985 Ἰουδαίων

2035 3012 2275 3074 ἀκούσας
2308 3010 2402 3063 τοῦ
2438 3005 2674 3079 Χριστοῦ
2721 3005 2971 3074 λέγοντος
3002 3006 3106 3067 ὅτι,
3152 3007 3221 3059 Εί
3262 3007 3349 3075 μὴ
3381 3003 3572 3077 ἦλθον
3609 3013 3710 3065 καί.

2034 3091 2311 3159 ἐλάλησα
2340 3088 2565 3154 αὐτοῖς,
2601 3086 2898 3155 ἁμαρτίαν
2925 3087 3035 3138 οὐκ
3066 3080 3233 3154 είχον
3254 3102 3267 3114 ·
3302 3087 3400 3138 καὶ
3433 3090 3485 3139 εἰ
3517 3088 3606 3157 μὴ
3637 3091 3710 3143 τὰ

2035 3170 2253 3240 σημεῖα
2277 3169 2527 3221 ἐποίουν
2547 3167 2616 3218 ἐν
2643 3163 2869 3228 αὐτοῖς,
2897 3162 2935 3216 d
2952 3163 3163 3233 μηδείς
3184 3164 3374 3230 ἄλλος
3393 3167 3709 3234 ἐποίησεν,

2033 3250 2328 3320 ἁμαρτίαν
2351 3249 2462 3301 οὐκ
2487 3240 2675 3312 εἶχον,
2699 3242 2958 3312 ἐγκαλοίη
2979 3243 3057 3313 τῷ
3081 3244 3291 3315 Σωτῆρι
3318 3247 3414 3299 καὶ
3441 3247 3713 3321 εὐεργέτῃ

2034 3330 2208 3399 λέγων
2229 3347 2242 3360 ·
2274 3329 2339 3381 Τί
2367 3327 2476 3398 γὰρ
2502 3326 2671 3396 ἤρχου
2695 3323 2789 3376 καὶ
2816 3322 3025 3386 ἐλάλεις
3046 3339 3060 3387 ;
3082 3322 3134 3375 τί
3159 3322 3216 3374 δὲ
3247 3324 3450 3387 ἐποίεις
3479 3330 3709 3395 σημεῖα,

2037 3413 2123 3465 ἵνα
2164 3408 2428 3480 μειζόνως
2471 3407 2618 3475 ἡμᾶς
2650 3403 2885 3473 κολὰσῖὶς
2905 3419 2919 3465 ;
2964 3402 3124 3454 Ἀλλά
3162 3403 3356 3472 μανίας
3386 3404 3452 3455 τά
3490 3408 3714 3475 ῥήματα

2035 3490 2225 3554 ταῦτα,
2261 3487 2354 3541 καὶ
2395 3486 2497 3554 τῆς
2538 3483 2775 3553 ἐσχάτης
2828 3480 3250 3554 ειταραπληξίας.⁴
3279 3482 3337 3533 '0
3382 3482 3490 3553 γὰρ
3525 3483 3715 3555 ἰατρὸς

2036 3572 2132 3639 οὺχ
2168 3570 2256 3621 ἵνα
2291 3583 2350 3618 σε
2382 3563 2688 3634 κατακρίνῃ
2715 3557 2900 3631 ἦλθεν,
2925 3559 3059 3614 ἀλλὰ
3090 3559 3288 3629 μᾶλλον
3316 3559 3673 3627 θεραπεύσων
3696 3581 3710 3592 ·

2035 3654 2134 3721 οὐχ
2163 3651 2250 3702 ἵνα
2286 3663 2345 3699 σε
2379 3643 2636 3697 νοσοῦντα
2671 3641 2896 3712 παρίδῃ,
2928 3640 3044 3693 ἀλλ’
3075 3640 3162 3694 ἵνα
3203 3657 3262 3692 σε
3291 3639 3575 3712 ἀπαλλάξῃ
3607 3641 3717 3710 τῆς

2036 3735 2193 3786 νόσου
2243 3727 2442 3780 τέλεον.
2502 3724 2573 3775 Σὺ
2622 3723 2678 3774 δέ
2725 3721 2918 3774 σαυτὸν
2970 3721 3112 3773 ἐκὼν
3172 3721 3552 3790 ἀπεστέρησας
3603 3723 3714 3774 τῶν
3777 3727 3780 3730 ’

2037 3811 2246 3865 ἐκείνου
2274 3797 2508 3875 χειρῶν·
2552 3801 2720 3875 δέχου
2756 3801 2935 3852 τοίνυν
2977 3800 3362 3869 χαλεπωτέραν
3405 3801 3503 3869 τὴν
3534 3818 3711 3870 τιμω-

2041 3889 2180 3963 ρίαν.
2213 3873 2425 3952 ”Ω⁷σπερ
2449 3880 2557 3949 γάρ
2591 3882 2638 3931 εἰ
2681 3873 2830 3944 εἴξας
2862 3880 2928 3948 τῇ
2973 3877 3260 3958 θεραπεία,
3297 3881 3390 3930 καὶ
3424 3879 3534 3931 τῶν
3575 3897 3712 3950 προ-

2036 3949 2207 4037 ιὶέρων
2253 3963 2317 4016 ἀν
2347 3949 2665 4030 ἀπηλλάγης
2703 3955 2916 4037 κακῶν,
2953 3956 3124 4020 οὕτως
3167 3949 3354 4027 ἐπειδὴ
3402 3949 3712 4028 παραγενό-

2042 4035 2200 4118 μενον
2233 4041 2355 4095 ἰδὼν
2402 4039 2632 4107 ἔφυγες,
2665 4036 2764 4088 ούκ
2804 4035 2882 4088 ἔτι
2932 4036 3296 4104 ἀπονίψασθαι
3325 4036 3348 4074 h
3396 4035 3570 4089 ταῦτα
3619 4039 3710 4088 δυ-

2037 4113 2197 4196 δήσῃ,
2229 4121 2302 4190 μὴ
2327 4119 2623 4183 δυνάμενος
2645 4115 2701 4166 δὲ
2730 4115 2823 4167 καὶ
2844 4113 3048 4166 τούτων
3067 4113 3259 4177 δώσεις
3279 4115 3376 4184 τὴν
3406 4115 3677 4186 τιμωρίαν
3696 4136 3710 4148 ·

2039 4193 2132 4260 καὶ
2151 4193 2278 4257 *ἀνθ’
2305 4193 2379 4250 ὧν
2411 4194 2559 4263 αὐτῷ
2592 4193 2826 4264 ματαίαν
2858 4193 2956 4263 τὴν
2988 4193 3224 4263 σπουδὴν
3247 4194 3532 4263 ἐποίησας,
3550 4195 3624 4247 ιεά
3647 4212 3713 4262 γε

2043 4286 2206 4356 μέρος
2235 4279 2296 4331 τὸ
2328 4273 2574 4356 σδν,“διά
2596 4271 2790 4356 Δταῦτα
2822 4272 2923 4356 ούκ
2972 4271 3094 4356 ῑσην
3124 4271 3229 4356 πρδ
3277 4272 3372 4356 τοῦ
3406 4273 3714 4343 τιμηθῆναι

2039 4350 2192 4433 παρὰ
2219 4356 2312 4411 τοῦ
2345 4351 2482 4407 Θεοῦ
2525 4353 2619 4404 καὶ
2665 4351 2801 4420 μετά
2833 4351 2931 4413 τὰς
2971 4351 3138 4419 τιμάς
3179 4350 3278 4420 τὴν
3323 4351 3554 4421 βάσανον
3581 4354 3716 4406 ύπο-

2043 4428 2299 4514 μένομεν,
2321 4432 2457 4514 ἀλλά
2485 4428 2665 4514 πολλῷ
2697 4429 3051 4514 σφοδρότερον
3075 4428 3320 4514 ὕστερον..
3357 4431 3414 4483 Ὁ
3443 4433 3552 4514 γάρ
3575 4432 3716 4502 μηδὲ

2040 4506 2116 4588 ιὶῷ
2161 4506 2353 4571 παθεῖν
2396 4506 2453 4562 εὖ
2501 4507 2788 4578 γενόμενος
2818 4507 3034 4588 ,ἀγαθὸς
3087 4508 3422 4588 ⁴ιξεικροτέρως
3454 4511 3468 4548 ί
3501 4510 3714 4575 δίκαιος

2040 4582 2106 4656 ἂν
2156 4596 2241 4666 εἴη
2294 4588 2637 4651 κολάζεσθαι.
2688 4587 2839 4638 Ἐπεὶ
2881 4582 2974 4639 οὖν
3025 4586 3256 4658 ἀσθενὴς
3309 4591 3438 4656 ἡμῖν
3490 4589 3630 4660 αὕτη
3674 4595 3712 4661 ἡ

2038 4665 2304 4742 ἀπολογία
2354 4669 2658 4728 δέδεικται,
2708 4667 2802 4718 καὶ
2839 4666 2899 4719 ού
2940 4665 3099 4736 μόνον
3146 4668 3204 4718 ού
3247 4665 3408 4731 σώζει
3457 4669 3587 4731 τοὺς
3632 4672 3718 4733 εἰς

2040 4757 2208 4825 αὐτὴν
2239 4748 2714 4817 καταφεύγοντας,
2749 4744 2888 4798 ἀλλά
2917 4746 3010 4798 καὶ
3045 4744 3334 4814 προδίδωσι
3380 4745 3558 4810 πλέον,
3597 4749 3710 4800 ἐτέ-

2043 4855 2142 4910 ραν
2169 4823 2623 4910 ἡμῖν-ποριστέον
2649 4823 2968 4910 ἀσφάλειαν,

2111 4901 2279 4968 Ποίαν
2303 4907 2368 4976 δὴ
2398 4905 2636 4974 ταύτην;
2663 4906 2691 4954 6
2730 4902 3086 4956 ΒΑΣΙΛΕΙοΣ
3106 4901 3231 4973 ἔφη,
3267 4902 3343 4964 ὡς
3371 4902 3548 4970 ἔγωγε
3588 4904 3720 4956 οὐδὲ

2040 4999 2098 5050 ἐν
2129 4986 2352 5063 ἐμαυτῴ
2372 4986 2606 5055 δύναμαι
2635 4978 2775 5036 εἶναι
2814 4983 2930 5046 νῦν,
2957 4981 3098 5033 οὕτω
3133 4999 3200 5050 με
3229 4981 3465 5050 ἐμφοόον
3497 4984 3592 5034 καὶ
3625 4983 3720 5034 ἕν-

2039 5060 2242 5146 τρομον
2294 5069 2409 5130 τοῖς
2444 5066 2666 5146 ῥήμασι
2695 5062 3053 5146 ⁸κατέστησας
3100 5060 3332 5146 τούτοιςί
3370 5061 3713 5146 ΧΡΥΣΟὶΞΤ.

2185 5150 2397 5219 δέομαι,
2429 5145 2586 5224 έφην,
2622 5141 2715 5224 καὶ
2743 5140 3027 5224 ἀντιϐολῶ,
3175 5140 3426 5224 τοσοῦτον
3471 5140 3717 5224 καταδά-

2040 5219 2139 5304 λῃς
2165 5230 2381 5282 σαυτόν.
2419 5223 2574 5304 Ἐστι
2597 5220 2726 5292 γὰρ,
2763 5220 2909 5272 ἐστιν
2931 5219 3198 5304 ἀσφάλεια
3226 5222 3341 5304 τοῖς
3369 5221 3465 5288 μέν
3492 5219 3713 5272 ἀσθενέ-

2165 5313 2297 5381 ἡμῖν
2336 5307 2396 5360 τὸ
2440 5303 2707 5375 μηδέποτε
2742 5303 3024 5372 ἐμπεσεῖν,
3061 5301 3188 5370 ὑμῖν
3221 5299 3277 5351 δέ
3315 5303 3423 5362 τοῖς
3473 5303 3713 5372 ἰσχυροῖς

2108 5455 2120 5489 ι
2154 5452 2249 5501 Alii
2274 5450 2363 5511 γὰρ
2382 5446 2512 5511 οὗτοι
2533 5443 2619 5492 τοῦ
2641 5443 2781 5493 Θεοῦ.
2799 5445 2927 5499 [ultra
2951 5445 3098 5505 aliqui
3130 5444 3277 5492 Ἡλεί.

2108 5467 2131 5552 ἑ
2154 5467 2253 5560 iiii}
2272 5467 2592 5571 ἒίἓίἔφῖἓέζςί

2104 5576 2136 5615 Ι
2163 5571 2254 5622 Alii
2278 5569 2432 5618 οὐκέτ’
2454 5570 2509 5615 ἂν
2528 5569 2664 5615 ἀπον.

2117 5638 2134 5677 i
2164 5633 2314 5687 Savil.
2341 5636 2396 5680 el.
2414 5632 2601 5690 aliquoi
2619 5642 2737 5678 mss.
2759 5629 3052 5692 πικρότερον.
