3890 6220
308 226 403 280 εει

303 355 406 414 que
455 354 628 399 tamen
676 339 763 400 ille
791 345 971 400 statim
1017 359 1236 418 regnum
1264 347 1411 414 adiit,
1461 345 1581 402 licet
1611 347 1661 401 id
1692 362 1718 399 a
1752 357 1879 415 pro-

301 434 461 502 pheta
484 434 739 500 audisset,
761 435 855 489 sed
876 435 1284 505 depreCabatur,
1299 437 1658 506 renuebatqne
1679 437 1878 489 dicens:

297 526 426 593 Q::is
453 540 568 580 sum
598 541 718 596 ego,
750 536 805 582 et
838 542 957 596 qum
984 528 1174 583 domus
1203 529 1365 598 patris
1392 528 1533 583 mei?
1557 527 1690 595 Quid
1715 526 1882 597 ergo?

298 602 366 672 an
390 627 508 670 cum
535 614 738 671 honore
759 615 855 669 sibi
883 631 975 684 per
1001 616 1166 671 Deum
1191 616 1381 672 tradito
1408 617 1543 670 male
1564 629 1690 670 usus
1717 624 1876 680 esset,

296 706 468 776 potuit
513 706 592 759 his
623 705 802 760 verbis
828 705 991 760 eximi
1021 705 1088 760 ab
1133 705 1208 760 ira
1231 703 1367 775 ejus,
1396 706 1486 776 qui
1531 719 1590 760 se
1617 705 1668 759 in
1700 718 1880 775 regem

293 798 683 853 constituerat?
711 798 865 867 Atqui
907 805 1112 868 poterat
1148 800 1215 852 ad
1250 797 1550 852 Samuelem
1595 798 1876 866 increpan-

297 901 403 945 tem
429 890 639 946 dicere:
665 889 802 944 Num
831 903 930 958 ego
956 905 1175 960 regnum
1207 889 1417 943 invasi?
1443 905 1567 943 num
1597 889 1790 943 insilivi
1821 889 1873 942 in

295 981 434 1036 hanc
465 981 791 1051 potentiam?
823 981 978 1035 vitam
1007 982 1282 1050 privatam,
1309 981 1532 1034 otiosam
1562 993 1614 1033 et
1640 981 1872 1051 quietam

294 1075 494 1128 ducere
519 1073 760 1129 volebam
787 1091 798 1126 :
831 1083 886 1126 tu
911 1087 1038 1128 vero
1065 1088 1151 1127 me
1177 1073 1226 1126 in
1250 1073 1385 1126 hanc
1413 1073 1720 1142 dignitatem
1745 1089 1871 1143 per-

297 1165 520 1219 traxisti.
546 1166 600 1220 Si
632 1166 682 1219 in
724 1166 811 1222 illa
834 1165 1132 1221 humilitate
1163 1166 1594 1235 permansissem,
1649 1166 1762 1220 hrec
1791 1163 1877 1218 of-

299 1255 562 1311 fendicula
591 1255 745 1311 facile
773 1254 1126 1311 declinassem
1151 1272 1165 1320 ;
1197 1271 1316 1309 nam
1342 1271 1461 1310 cum
1489 1272 1552 1308 ex
1587 1255 1877 1325 vulgarium

294 1355 350 1401 ct
370 1347 674 1415 ignobilium
700 1361 876 1401 essem
898 1361 1140 1413 numero,
1159 1345 1223 1400 ad
1241 1347 1342 1400 hoc
1361 1361 1493 1416 opus
1511 1347 1705 1401 missus
1727 1361 1879 1399 mun-

293 1452 454 1506 quam
478 1435 691 1492 fuissem
716 1454 731 1492 :
761 1451 932 1506 neque
956 1436 1084 1491 mihi
1109 1436 1302 1492 bellum
1337 1446 1520 1490 contra
1551 1435 1874 1491 Amalecitas

299 1531 438 1584 Deus
465 1528 855 1592 commisisset;
883 1543 990 1598 quo
1015 1528 1142 1583 mihi
1167 1543 1272 1582 non
1302 1529 1586 1582 commisso
1607 1529 1659 1582 in
1688 1543 1874 1597 pecca-

298 1630 409 1674 tum
450 1619 751 1690 hujusmodi
799 1633 1086 1689 numquam
1127 1618 1452 1673 incidissem.
1513 1618 1708 1672 Verum
1763 1618 1877 1673 haec

297 1716 476 1768 omnia
518 1713 584 1768 ad
631 1712 996 1769 defensionem
1050 1713 1258 1768 infirma
1309 1721 1466 1777 sunt;
1524 1729 1622 1768 nec
1668 1713 1874 1767 infirma

299 1806 478 1873 modo,
500 1807 592 1861 sed
621 1806 934 1876 periculosa,
958 1819 1076 1876 quae
1101 1805 1192 1860 Dei
1220 1805 1388 1875 magis
1411 1805 1542 1860 iram
1564 1803 1872 1860 accendant.

299 1897 430 1951 Eum
459 1897 621 1960 enim,
652 1896 743 1966 qui
787 1895 990 1950 meritis
1015 1894 1272 1964 majorem
1303 1894 1610 1964 dignitatem
1651 1894 1872 1963 accepit,

298 2004 403 2042 non
423 1997 636 2057 Oportet
659 1988 724 2040 ad
747 1995 1079 2055 peccatorum
1098 1984 1498 2040 excusationem
1523 1984 1740 2038 honoris
1764 2000 1876 2038 ma-

297 2077 624 2147 gnitudinem
653 2076 956 2140 ostendere,
981 2075 1075 2132 sed
1096 2076 1162 2130 ad
1190 2075 1444 2145 majorem
1466 2075 1518 2130 in
1539 2077 1731 2130 virtute
1753 2091 1874 2144 pro-

299 2167 495 2222 fectum
526 2166 601 2220 uti
649 2181 839 2233 magno
866 2165 954 2219 illo
985 2165 1077 2220 Dei
1124 2179 1246 2235 erga
1276 2180 1336 2220 se
1363 2164 1558 2220 studio.
1613 2162 1707 2219 Ille
1748 2179 1875 2219 vero

297 2257 418 2324 quia
462 2257 736 2312 meliorem
781 2265 967 2310 nactus
991 2254 1325 2325 dignitatem,
1359 2255 1478 2310 ideo
1520 2269 1742 2326 peccare
1772 2255 1875 2310 sibi

297 2351 496 2404 licitum
523 2364 645 2404 esse
686 2349 1038 2413 existimabat,
1070 2347 1202 2401 nihil
1247 2346 1407 2409 aliud,
1457 2362 1614 2416 quam
1648 2346 1736 2401 Dei
1761 2346 1873 2401 cle-

297 2443 546 2497 mentiam
594 2449 928 2509 peccatorum
955 2454 1172 2494 suorum
1200 2452 1416 2494 causam
1455 2439 1630 2493 facere
1654 2447 1875 2492 conatus

297 2543 399 2587 est.
429 2531 579 2600 Quod
604 2545 734 2587 sane
755 2531 948 2600 impiis,
978 2539 1032 2586 et
1057 2531 1120 2584 iis
1138 2529 1226 2600 qui
1255 2529 1415 2584 vitam
1439 2530 1624 2600 ignave
1653 2529 1872 2594 ducunt,

297 2637 413 2676 mos
440 2631 523 2678 est
544 2621 740 2678 dicere.
778 2619 887 2676 Nos
910 2630 1086 2676 autem
1112 2635 1219 2676 non
1247 2621 1326 2675 sic
1367 2619 1584 2676 aﬂ‘ectos
1607 2634 1747 2686 esse,
1776 2634 1874 2676 nec

298 2713 351 2766 in
378 2712 600 2767 similem
639 2711 885 2768 decidere
933 2711 1190 2766 insaniam
1217 2709 1392 2777 decet,
1422 2710 1516 2765 sed
1557 2710 1750 2781 ubique
1775 2726 1873 2766 cu-

297 2818 417 2857 rare
461 2811 516 2856 ut
541 2817 659 2873 qua:
704 2801 966 2856 facultatis
993 2810 1191 2856 nostra:
1235 2809 1358 2856 sunt
1400 2799 1782 2866 adhibeamus,
1812 2815 1876 2856 ac

298 2891 433 2946 bene
453 2891 518 2946 de
542 2891 650 2946 Deo
669 2891 961 2961 cogitemus
983 2899 1039 2945 et
1067 2891 1362 2960 loquamur.
1393 2889 1572 2960 Neque
1589 2889 1731 2944 enim
1759 2889 1872 2951 Heli

298 2981 375 3050 (ι.
417 2981 546 3052 Reg.
574 2982 628 3036 4.
680 2980 791 3052 18),
821 2989 879 3035 ιιι
904 2981 1068 3036 misso
1095 2994 1261 3051 regno
1289 2979 1354 3034 ad
1387 2980 1768 3042 sacerdotium,
1809 2981 1875 3034 de

295 3088 402 3142 quo
427 3085 564 3126 nunc
588 3072 782 3142 agitur,
814 3079 1165 3137 transeamus,
1203 3071 1554 3141 principatum
1584 3069 1761 3126 studio
1781 3085 1874 3125 ac-

294 3164 571 3233 quisierat.
598 3162 734 3231 Quid
775 3162 932 3232 igitur
956 3161 1008 3216 id
1051 3162 1122 3216 illi
1169 3160 1376 3230 profuit,
1410 3175 1529 3215 cum
1555 3160 1874 3231 peccasset?

295 3255 433 3322 Quid
470 3255 610 3316 dico,
639 3254 998 3324 acquisierat?
1029 3269 1094 3308 ne
1129 3254 1175 3307 si
1215 3253 1471 3307 voluisset
1495 3251 1729 3322 quidem,
1762 3253 1876 3322 lege

298 3347 368 3400 ita
419 3355 660 3416 cogente,
716 3354 921 3415 poterat
969 3345 1201 3414 effugere
1235 3361 1248 3400 :
1284 3359 1404 3398 nam
1447 3359 1514 3400 ex
1565 3344 1700 3398 tribu
1750 3343 1874 3399 Levi

298 3449 452 3503 erat,
483 3447 536 3494 et
573 3438 919 3508 principatum
971 3453 1036 3491 ex
1087 3437 1293 3506 generis
1348 3445 1494 3490 retro
1539 3436 1875 3491 successione

299 3533 541 3601 accipere
590 3531 735 3585 illum
784 3530 1081 3601 oportebat.
1127 3529 1373 3583 Attamen
1425 3537 1478 3582 et
1526 3527 1609 3580 hic
1635 3543 1738 3580 non
1771 3528 1874 3582 nti-

299 3624 469 3677 nirnas
527 3622 750 3676 filiorum
808 3620 1109 3690 petulantia:
1153 3622 1166 3650 ¹
1215 3636 1395 3688 prunas
1441 3619 1552 3671 luit.
1606 3619 1740 3685 Quid
1778 3634 1874 3671 au-

302 3726 409 3770 tem
451 3715 539 3770 ille
568 3715 654 3784 qui
703 3715 904 3784 primus
929 3712 1232 3767 Judmorum
1259 3710 1507 3766 sae-crdos
1534 3710 1650 3773 fuit,
1676 3710 1743 3762 de
1773 3725 1878 3775 quo

303 3817 410 3862 tant
457 3807 620 3861 multa
649 3821 771 3862 cum
819 3805 997 3875 Moyse
1029 3805 1166 3858 Deus
1195 3803 1356 3858 verba
1396 3801 1556 3857 fecit?
1599 3802 1728 3868 Quia
1773 3818 1876 3856 non

301 3899 470 3970 potuit
495 3901 638 3955 solus
657 3908 812 3953 tanta:
834 3896 1187 3953 multitudinis
1214 3897 1374 3950 furori
1399 3895 1658 3951 obsistere
1683 3893 1874 3964 (Exod.

304 3989 394 4044 32.
429 3987 536 4059 10),
563 4003 736 4043 annon
761 4003 942 4057 parum
971 3987 1138 4041 abfuit
1167 3988 1291 4056 quin
1331 3986 1546 4055 periret,
1576 3985 1675 4040 nisi
1703 3985 1879 4039 fratris

303 4082 650 4151 patrocinium
683 4081 775 4135 Dei
823 4081 952 4134 iram
997 4080 1306 4132 avertisset?
1331 4078 1462 4145 Quia
1509 4093 1636 4133 vero
1681 4077 1879 4146 Moysis

304 4174 624 4226 mentionem
660 4169 905 4236 fecimus,
933 4185 963 4225 e
991 4186 1047 4224 re
1082 4168 1240 4223 fuerit
1265 4169 1422 4222 etiam
1450 4183 1516 4222 ex
1548 4168 1611 4221 iis
1633 4183 1752 4236 qua:
1782 4168 1880 4236 ipsi

302 4264 632 4332 contigerunt
662 4262 738 4316 rei
759 4262 1034 4316 veritatem
1056 4261 1302 4328 probare.
1329 4259 1424 4312 llic
1445 4259 1640 4328 quippe
1658 4259 1710 4311 Β.
1733 4258 1877 4329 Moy-

292 4371 382 4413 ses
412 4363 622 4410 tantum
651 4355 846 4417 abfuit,
874 4363 933 4407 ut
955 4354 1334 4424 praefecturam
1366 4351 1676 4405 Judatorum
1710 4350 1866 4403 inva-

292 4449 467 4510 deret,
505 4456 562 4500 ut
587 4448 825 4501 oblatam
865 4455 1145 4500 recusaret
1174 4447 1192 4512 (
1219 4443 1390 4497 Exod.
1421 4445 1472 4497 ιι.
1517 4443 1624 4512 15),
1653 4441 1871 4508 Deoque

289 4536 517 4604 jubente
548 4542 822 4597 renueret,
849 4543 1012 4603 atque
1035 4535 1212 4603 ipsum
1247 4534 1504 4586 irritaret.
1529 4532 1715 4600 Neque
1741 4541 1872 4584 tunc

305 4635 528 4688 tantum,
553 4624 643 4676 sed
666 4625 825 4676 etiam
853 4630 1055 4690 postea,
1081 4636 1201 4674 cum
1226 4621 1574 4687 principatum
1597 4618 1878 4680 obtineret,

304 4715 494 4769 lubens
521 4722 746 4767 mortem
780 4713 1048 4774 subiisset,
1073 4719 1133 4763 ιιι
1151 4727 1269 4764 eum
1298 4719 1514 4762 exueret
1541 4726 1553 4758 :
1581 4707 1877 4770 Occidente,

304 4806 492 4876 inquit,
515 4807 557 4860 si
584 4807 653 4857 ita
692 4821 881 4858 mecum
913 4806 1140 4875 fortuna
1164 4819 1215 4856 es
1249 4801 1434 4871 (Num.
1475 4802 1559 4854 il.
1594 4801 1708 4871 15).
1747 4801 1884 4866 Quid

304 4899 484 4968 igitur,
531 4906 804 4966 postquam
829 4895 1062 4965 peccavit
1092 4893 1157 4948 ad
1185 4909 1397 4963 aquam,
1433 4903 1723 4960 potuerene
1751 4892 1884 4944 assi-

303 4992 422 5045 dum
461 4991 563 5044 illa:
592 4989 952 5044 recusationes
987 4987 1160 5056 ipsum
1191 4986 1499 5048 defendere,
1526 4995 1579 5038 et
1605 5001 1632 5036 a
1665 4985 1771 5037 Deo
1796 4998 1887 5037 ve-

266 5068 278 5080 ’
305 5086 448 5138 niam
499 5083 781 5152 impetrare
822 5079 1008 5150 (Num.
1047 5078 1137 5133 20.
1169 5077 1296 5146 12)?
1340 5091 1628 5145 ecquanam
1677 5076 1777 5128 alia
1820 5075 1886 5128 de

303 5191 463 5232 causa
507 5187 646 5230 terra
673 5175 762 5229 illa
791 5172 1158 5244 promissionis
1185 5172 1416 5240 privatus
1440 5170 1558 5224 est?
1587 5169 1742 5224 Certe
1780 5183 1886 5221 non

305 5270 427 5334 alia,
462 5276 519 5321 ut
557 5279 745 5321 omnes
781 5265 1000 5328 scimus,
1032 5279 1190 5332 quam
1222 5272 1440 5331 propter
1470 5262 1569 5316 hoc
1594 5269 1883 5329 peccatum,

303 5359 456 5429 cujus
483 5372 641 5412 causa
669 5355 1012 5412 admirandus
1035 5354 1124 5409 ille
1149 5353 1228 5408 vir
1256 5369 1360 5408 non
1389 5353 1600 5417 eadem,
1631 5367 1749 5422 qua:
1771 5351 1894 5406 sub-

307 5450 421 5513 diti,
449 5449 700 5518 consequi
726 5447 929 5516 potuit;
957 5445 1050 5500 sed
1080 5453 1198 5514 post
1222 5444 1419 5498 multos
1440 5442 1649 5496 labores
1675 5441 1893 5494 multas-

313 5557 418 5612 que
443 5541 708 5604 miserias,
733 5547 850 5609 post
875 5537 1237 5608 evagationem
1276 5535 1418 5589 illam
1463 5531 1889 5600 inenarrabilem,

374 5651 390 5682 ι
427 5647 529 5696 ΑΜ.
550 5646 828 5699 marituma.

1510 231 1592 289 DE
1630 225 2076 288 SACERDOTIO.
2115 228 2242 288 LIB.
2287 231 2371 288 iV.

3463 251 3568 310 διε

1993 356 2110 414 post
2141 347 2272 401 bella
2297 359 2346 402 et
2377 361 2569 420 truprea
2597 361 2742 407 extra
2773 363 2966 411 terram
3002 357 3139 412 illam
3169 359 3317 428 obiit,
3342 379 3436 433 pro
3463 384 3562 437 qua

1988 444 2062 489 tot
2089 449 2392 508 susceperat
2442 442 2667 508 labores,
2701 448 2964 516 marisque
2990 449 3323 507 incommoda
3357 472 3562 527 passus,

1986 538 2166 594 portus
2186 531 2463 585 commoda
2492 549 2597 588 non
2625 549 2940 606 assequutus
2959 551 3058 593 est.
3088 539 3248 596 Vides
3277 561 3380 598 non
3405 550 3566 604 modo

1985 620 2304 687 raptoribus,
2337 625 2430 678 sed
2451 625 2611 680 etiam
2643 629 2707 682 iis
2731 630 2818 698 qui
2849 630 3068 685 aliorum
3099 634 3272 688 studio
3305 636 3404 691 huc
3435 655 3562 693 cre-

1985 705 2200 775 huntur,
2248 712 2445 767 nullam
2496 717 2721 787 relinqui
2768 730 3099 787 peccatorum
3141 728 3560 782 excusationem.

1981 799 2205 867 Quando
2247 805 2390 858 enim
2421 806 2474 872 ii,
2501 807 2588 876 qui
2639 808 2744 862 Deu
2771 825 2831 865 se
2857 811 3135 868 ordinante
3165 831 3556 881 recusaverant,

1982 898 2158 945 tantas
2185 907 2367 960 pmnas
2391 895 2618 964 luerunt,
2650 899 2880 968 nihilque
2908 905 3074 970 potuit
3105 905 3174 957 ab
3199 905 3297 960 hoc
3327 910 3560 977 periculo

1994 979 2233 1031 eximi-re
2264 982 2465 1035 Aaron.
2489 999 2594 1036 non
2623 983 2760 1047 ΙΙι-Ιί,
2795 1003 2902 1039 non
2934 989 3146 1039 beatum
3181 987 3327 1040 illum
3364 990 3562 1051 virum,

1985 1078 2256 1132 sanctum,
2286 1073 2628 1140 prophetam,
2668 1077 2968 1130 mirabilem
3001 1118 3013 1140 ,
3053 1079 3404 1133 mitissimum
3441 1095 3565 1133 om-

1986 1160 2137 1214 nium
2163 1162 2258 1231 qui
2278 1174 2434 1218 erant
2455 1181 2620 1236 super
2646 1177 2846 1222 terram
2868 1170 3056 1238 (Num.
3082 1171 3166 1224 12.
3183 1172 3235 1240 3)
3253 1173 3408 1242 quasi
3433 1173 3566 1226 ami-

1987 1267 2108 1306 cum
2128 1269 2252 1308 eum
2274 1254 2381 1311 Deo
2397 1259 2795 1330 coll0queutem
2817 1261 3013 1330 (Exod.
3035 1263 3120 1318 55.
3145 1265 3258 1332 tl):
3281 1265 3364 1318 vix
3385 1265 3563 1328 nobis,

1979 1345 2066 1413 qui
2095 1345 2163 1400 ab
2191 1347 2332 1400 illius
2364 1352 2551 1403 virtute
2580 1359 2780 1404 tantum
2813 1352 3082 1415 absumus,
3117 1354 3246 1407 satis
3271 1355 3336 1408 ad
3368 1354 3556 1410 defen-

1979 1438 2179 1492 sionem
2223 1453 2344 1493 esse
2393 1441 2606 1508 poterit,
2653 1435 2790 1511 quod
2822 1443 2975 1499 nobis
3013 1447 3212 1498 conscii
3241 1446 3426 1511 simus,
3461 1461 3556 1500 nos

1979 1529 2276 1597 huiusmodi
2299 1546 2488 1586 munus
2509 1533 2655 1587 nullo
2677 1534 2854 1588 studio
2872 1545 3224 1604 consequutos
3241 1551 3361 1591 esse
3394 1553 3412 1593 :
3434 1553 3554 1591 cum

1979 1622 2208 1674 maxime
2257 1623 2435 1676 multa:
2462 1637 2525 1676 ex
2558 1621 2859 1691 huiusmodi
2889 1625 3309 1680 ordinationibus
3339 1641 3441 1679 non
3467 1627 3553 1680 di-

1977 1712 2096 1765 vina
2139 1713 2307 1782 gratia
2341 1711 2488 1779 flant,
2533 1714 2626 1769 scd
2659 1714 2930 1769 hominum
2959 1715 3153 1770 studio.
3197 1716 3385 1770 Judam
3418 1717 3556 1770 Deus

1977 1801 2155 1871 elegit,
2198 1811 2252 1856 et
2283 1802 2334 1856 in
2370 1811 2611 1857 sanctum
2642 1804 2788 1858 illum
2816 1805 3036 1860 chorum
3065 1806 3352 1875 coeptavit,
3395 1817 3556 1876 atque

1978 1891 2076 1960 ipsi
2107 1892 2451 1960 apostolicam
2481 1893 2790 1963 dignitatem
2819 1902 2879 1947 ut
2907 1894 3123 1964 reliquis
3152 1895 3400 1957 tradidit;
3449 1895 3555 1949 imo

1975 1981 2241 2052 quidpiam
2276 1983 2390 2051 plus
2416 1983 2565 2038 dedit
2607 1999 2762 2052 quam
2807 1985 2945 2050 aliis,
2992 1988 3334 2052 pecuniarum
3364 2001 3554 2056 nempe

1975 2071 2428 2140 dispensationem
2476 2073 2656 2143 (Joan.
2687 2073 2774 2128 i2.
2820 2073 2896 2142 6).
2939 2073 3076 2140 Quid
3106 2075 3301 2142 igitur?
3327 2091 3393 2129 an
3432 2076 3556 2144 quia

1975 2171 2202 2233 utroque
2239 2179 2460 2220 munere
2487 2175 2672 2220 contra
2713 2181 2870 2234 quam
2901 2165 3084 2221 debuit
3126 2182 3253 2222 usus
3279 2177 3382 2234 est,
3432 2184 3554 2223 cum

1974 2269 2116 2319 eum,
2166 2271 2323 2325 quem
2369 2257 2766 2326 praedicandum
2813 2267 3152 2327 susceperat,
3199 2259 3454 2328 prodidit,
3501 2270 3556 2313 et

1976 2346 2208 2402 creditas
2239 2348 2488 2417 pecunias
2518 2348 2656 2402 male
2693 2348 2967 2418 impendit,
2996 2348 3310 2418 supplicium
3337 2349 3556 2418 effugit?

1975 2434 2131 2492 Certe
2157 2437 2258 2492 hoc
2291 2437 2623 2506 potissimum
2655 2439 2871 2493 nomine
2897 2438 3111 2508 gravius
3139 2438 3262 2494 inde
3287 2439 3387 2493 sibi
3426 2455 3556 2508 sup-

1978 2527 2192 2597 plicium
2217 2530 2465 2594 attraxit;
2498 2529 2656 2599 idque
2676 2530 2794 2599 jure
2821 2529 3031 2586 merito.
3064 2530 3178 2585 Non
3208 2531 3348 2584 enim
3378 2546 3410 2585 a
3446 2532 3556 2586 Deo

1976 2621 2210 2689 acceptis
2240 2619 2532 2674 honoribus
2556 2619 2622 2674 ad
2650 2620 2766 2689 ejus
2791 2619 3140 2676 offensionem
3167 2621 3419 2676 utendum
3446 2632 3547 2684 est,

1974 2708 2069 2764 sed
2099 2709 2163 2763 ad
2210 2709 2259 2763 ei
2300 2708 2469 2779 magis
2497 2708 2830 2779 placendum.
2882 2710 2976 2764 Ille
3000 2725 3148 2777 vero,
3183 2713 3306 2779 quia
3353 2711 3556 2779 majore

1975 2802 2222 2874 dignatus
2250 2802 2474 2870 honore,
2498 2801 2624 2858 dum
2652 2811 2824 2873 rogat,
2849 2803 3085 2858 debitum
3111 2804 3210 2858 sibi
3240 2803 3555 2872 supplicium

1976 2893 2210 2963 effugere
2250 2907 2406 2962 posse
2437 2893 2612 2957 liceat,
2645 2893 2864 2962 perinde
2903 2894 3009 2964 agit
3044 2909 3106 2948 ac
3130 2893 3176 2947 si
3221 2894 3339 2964 quis
3368 2910 3431 2948 ex
3478 2893 3558 2947 in-

1976 2984 2205 3041 credulis
2233 2983 2431 3039 Judatis
2455 2983 2722 3038 Christum
2756 2985 2979 3038 audiens
3007 2986 3291 3049 dicentem,
3323 2985 3439 3040 Nisi
3475 3003 3558 3040 vc-

1976 3078 2177 3140 nissem,
2204 3085 2250 3130 et
2278 3077 2513 3146 loquutus
2542 3077 2746 3145 fuissem
2776 3078 2868 3143 eis,
2893 3087 3148 3146 peccatum
3171 3095 3271 3130 nou
3297 3077 3556 3140 haberent;

1977 3179 2023 3222 et
2051 3168 2148 3222 nisi
2173 3168 2318 3238 signa
2346 3168 2570 3235 fecissem
2596 3169 2690 3234 eis,
2721 3184 2832 3237 qua:
2860 3169 3029 3223 nullus
3053 3169 3185 3222 alius
3215 3173 3417 3239 fecerat,
3442 3186 3562 3239 pem

1977 3269 2144 3312 catum
2173 3275 2272 3312 non
2293 3258 2526 3313 haberent
2546 3257 2725 3328 (Joan.
2752 3261 2837 3314 15.
2861 3259 2952 3312 2‘2.
2981 3257 3097 3330 24),
3127 3259 3464 3315 Servatorem
3493 3276 3557 3315 ac

1977 3349 2272 3404 beneficum
2294 3351 2559 3404 incusaret
2587 3351 2668 3404 his
2689 3351 2863 3406 verbis
2887 3369 2898 3403 :
2929 3350 3036 3404 Cur
3063 3351 3251 3406 venisti
3279 3365 3342 3406 ac
3369 3350 3558 3422 loquu-

1979 3451 2062 3494 tus
2088 3440 2182 3496 es?
2209 3455 2305 3495 cur
2328 3441 2478 3510 signa
2527 3440 2712 3508 fecisti,
2747 3449 2806 3494 ut
2834 3442 3037 3511 majore
3064 3455 3159 3496 nos
3185 3442 3440 3512 supplicio
3477 3443 3556 3495 af-

1979 3531 2202 3586 ficeres?
2224 3531 2330 3586 Sed
2357 3531 2551 3585 furoris
2572 3547 2633 3586 ac
2662 3547 2884 3586 summa:
2915 3532 3134 3587 insania:
3154 3545 3277 3586 sunt
3299 3532 3412 3588 hmc
3435 3548 3559 3588 ver-

1980 3624 2064 3676 ba.
2122 3621 2357 3676 Medicus
2385 3623 2527 3677 enim
2560 3638 2664 3676 non
2695 3631 2752 3676 ut
2779 3634 2828 3676 te
2858 3623 3134 3678 damnaret
3155 3625 3300 3678 venit
3322 3666 3336 3688 ,
3377 3623 3470 3678 sed
3501 3633 3560 3678 ut

1979 3725 2237 3777 curaret;
2280 3727 2384 3767 non
2427 3721 2484 3766 ut
2529 3721 2581 3767 te
2607 3722 2952 3782 :egrotantem
3000 3713 3317 3783 deSpiceret,
3360 3713 3452 3769 sed
3502 3723 3560 3769 ut

1978 3819 2008 3857 a
2026 3803 2214 3858 morbo
2237 3802 2724 3872 peuitusliberaret.
2739 3801 2816 3856 Te
2833 3812 3008 3857 autem
3031 3803 3168 3857 ultro
3179 3803 3294 3873 ejus
3317 3804 3560 3858 manibus

1980 3892 2342 3947 summovisti:
2373 3892 2585 3961 gravius
2607 3892 2762 3961 igitur
2788 3891 3103 3962 supplicium
3122 3892 3332 3946 subeas.
3361 3891 3560 3958 Queru-

1980 3981 2264 4038 admodum
2291 3983 2432 4036 enim
2458 3983 2502 4038 si
2527 3983 2783 4036 curationi
2817 3991 2866 4035 te
2892 3981 3237 4044 subdidisses,
3265 3998 3295 4036 a
3323 3984 3558 4052 pristinis

1981 4073 2137 4128 malis
2167 4073 2476 4127 liberareris
2515 4091 2527 4125 :
2579 4073 2657 4126 sic
2684 4072 2802 4140 quia
2836 4080 3148 4140 prmsentem
3173 4072 3422 4140 effugisti,
3454 4089 3560 4126 non

1982 4166 2116 4219 ultra
2149 4164 2350 4235 poteris
2379 4163 2464 4217 illa
2495 4163 2819 4231 abstergere,
2851 4176 3080 4230 cumque
3109 4176 3210 4215 non
3244 4161 3434 4230 possis,
3467 4161 3562 4215 ho-

1982 4273 2100 4312 rum
2130 4270 2312 4325 poenas
2338 4255 2521 4318 dabis;
2567 4263 2620 4308 et
2644 4253 2765 4322 quia
2797 4269 3006 4315 vanam,
3033 4262 3287 4322 quantum
3321 4268 3484 4322 penes
3510 4265 3562 4308 te

1985 4346 2230 4415 fuit,ejus
2252 4344 2660 4399 sollicitudinem
2691 4343 2879 4408 fecisti,
2905 4343 3022 4397 ideo
3045 4358 3148 4397 non
3179 4359 3379 4412 parem,
3404 4357 3560 4410 quam

1983 4449 2106 4491 ante
2133 4437 2382 4490 collatum
2416 4451 2443 4488 a
2478 4435 2586 4488 Deo
2634 4435 2912 4498 honorem,
2946 4435 3039 4488 sed
3071 4435 3225 4504 longe
3263 4436 3560 4504 graviorem

1983 4529 2275 4583 crueiatum
2304 4527 2608 4581 sustinebis.
2658 4527 2864 4580 I'Jtenim
2908 4528 2972 4589 is,
3005 4542 3159 4594 quem
3192 4526 3444 4581 beneficia
3473 4542 3561 4580 ac-

1983 4629 2134 4688 cepta
2163 4620 2434 4674 meliorem
2461 4635 2563 4672 non
2587 4619 2837 4681 reddunt,
2862 4619 2981 4685 jure
3005 4618 3247 4671 acerbius
3273 4619 3427 4686 plecti
3451 4634 3563 4673 me-

1986 4721 2149 4766 retur.
2196 4712 2328 4776 Quia
2378 4711 2536 4778 igitur
2576 4709 2877 4776 hujusmodi
2925 4707 3164 4762 defensio
3211 4708 3416 4762 infirma
3443 4724 3564 4765 esse

1985 4801 2403 4864 demonstratur,
2452 4815 2552 4854 nec
2581 4800 2752 4854 solum
2802 4815 2906 4852 non
2936 4808 3138 4852 tutatur
3173 4814 3266 4853 eos
3293 4800 3380 4869 qui
3407 4801 3472 4854 ad
3503 4802 3564 4854 il-

1987 4892 2089 4944 lam
2117 4891 2445 4959 coufuginnt,
2494 4889 2588 4943 sed
2618 4891 2784 4958 magis
2815 4890 2974 4942 etiam
3016 4888 3210 4958 prodit,
3239 4890 3381 4945 aliud
3413 4891 3564 4946 nobis

1989 4981 2289 5050 prmsidiutn
2319 4979 2684 5049 qumreltdum.

2058 5069 2332 5138 Quodnam
2361 5068 2527 5123 illud?
2571 5069 2739 5138 inquit
2783 5068 3105 5135 BASILIUS,
3136 5067 3562 5139 quandoquidem

1989 5175 2089 5231 ego
2126 5162 2176 5213 in
2207 5161 2412 5229 meipso
2441 5174 2561 5214 esse
2593 5175 2698 5213 non
2725 5175 2940 5230 possum
2966 5178 2978 5212 :
3013 5169 3215 5213 tantum
3240 5159 3366 5212 mihi
3394 5167 3564 5214 terro-

1993 5254 2068 5308 ris
2093 5268 2154 5306 ac
2177 5252 2471 5308 formidinis
2500 5252 2658 5306 verba
2691 5260 2776 5304 tua
2809 5253 3164 5306 incusserunt.
3187 5250 3563 5306 CIIRYSOST.

1991 5347 2088 5413 Nc,
2115 5362 2294 5417 qumso
2327 5355 2381 5400 et
2407 5345 2654 5409 obsecro,
2679 5353 2730 5398 te
2756 5359 2990 5411 eousque
3014 5343 3251 5411 dejicias.
3287 5342 3378 5396 Est
3399 5343 3563 5406 enim,

1995 5450 2077 5494 est
2115 5454 2243 5494 sane
2273 5437 2575 5508 praasidium
2614 5435 2764 5489 nobis
2809 5435 3054 5500 infirmis,
3085 5442 3140 5486 ut
3169 5447 3453 5502 numquam
3500 5448 3566 5487 eo

1997 5529 2319 5592 incidamus;
2344 5528 2493 5582 vobis
2518 5536 2693 5581 autem
2724 5525 2965 5590 fortibus,
2989 5534 3045 5577 ut
3066 5538 3214 5592 spem
3241 5523 3426 5577 salutis
3449 5532 3566 5592 post

2001 5622 2094 5678 Dei
2121 5621 2342 5691 gratiam
2370 5634 2474 5674 non
2501 5618 2624 5674 alibi
2655 5618 2879 5688 ponatis,
2898 5630 3052 5687 quam
3073 5625 3126 5669 ut
3146 5615 3272 5669 nihil
3299 5614 3567 5686 indignum
