3890 6220
385 198 490 256 663

387 311 587 367 Ιὶιςίτιιὶς
615 311 701 366 illo
730 308 868 362 dono
898 316 949 362 et
981 307 1095 377 ipso
1125 305 1372 375 largitore
1401 301 1527 356 Deo.
1558 299 1783 353 Maximo
1809 297 1963 366 quip-

385 419 451 472 pe
491 400 754 473 supplicio
781 397 926 469 digni
951 405 1108 451 erunt
1144 395 1197 459 ii,
1228 393 1319 464 qui
1351 401 1630 462 postquam
1668 387 1844 440 studio
1870 400 1966 439 suo

383 493 698 564 dignitatem
725 488 1026 559 hujusmodi
1058 495 1180 540 sunt
1203 484 1400 553 adepti,
1431 481 1515 536 vel
1543 496 1610 535 ex
1639 479 1864 550 ignavia,
1887 476 1969 530 vel

379 603 445 641 ex
473 585 831 654 improbitate,
859 580 944 636 vel
972 595 1035 634 ex
1070 577 1352 646 imperitia,
1382 591 1487 629 non
1518 581 1662 628 recte
1690 571 1776 625 illa
1806 580 1966 624 utun-

381 681 487 733 tur.
513 675 692 746 Neque
721 685 897 729 tamen
925 671 1045 726 ideo
1075 671 1158 736 iis,
1182 668 1273 740 qui
1301 666 1445 722 nullo
1470 665 1646 722 studio
1677 665 1844 734 ipsam
1883 677 1972 717 as-

381 766 592 837 sequuti
633 774 775 829 sunt,
810 763 962 817 venia
995 762 1330 829 relinquitur,
1361 757 1457 814 sed
1487 773 1553 811 nc
1594 756 1722 825 ipsis
1752 755 1967 826 quidem

387 857 489 910 ulla
515 863 758 924 superest
778 853 1068 908 excusatio.
1085 851 1303 921 Oportet
1322 849 1484 915 enim,
1512 848 1758 912 arbitror,
1777 860 1966 916 quam-

383 948 464 1004 vis
497 947 732 1003 sexcenti
777 946 1040 1000 advocent
1067 953 1121 998 et
1145 950 1359 1012 cogant,
1388 957 1492 995 non
1527 939 1646 993 illos
1673 937 1963 1008 respicere,

378 1040 472 1094 sed
518 1039 688 1110 primo
715 1038 952 1092 animum
982 1035 1262 1106 explorare
1289 1049 1467 1098 suum,
1511 1042 1563 1086 et
1589 1032 1766 1085 omnia
1803 1042 1964 1083 accu-

379 1143 492 1186 rate
519 1139 810 1186 scrutatum
841 1131 912 1184 ita
945 1129 1047 1183 vim
1078 1125 1428 1181 inferentibus
1457 1125 1670 1180 cedere.
1701 1121 1818 1177 Jam
1847 1123 1966 1174 nul-

378 1224 462 1279 lus
490 1239 549 1280 se
577 1223 794 1278 domum
821 1221 1207 1277 :cdilicaturum
1234 1218 1472 1290 polliceri
1514 1216 1728 1282 audeat,
1757 1215 1856 1269 nisi
1895 1214 1966 1268 sit

381 1314 726 1382 architectus,
768 1329 942 1382 neque
983 1311 1292 1382 a'grotantia
1335 1295 1558 1380 corpora
1605 1322 1815 1370 curare,
1864 1306 1962 1359 nisi

384 1406 700 1462 medicinam
727 1405 952 1469 calleat;
997 1403 1090 1458 sed
1111 1402 1318 1458 etiamsi
1344 1401 1448 1455 vim
1473 1399 1722 1461 inferant,
1753 1412 1965 1466 semper

381 1499 623 1562 obsistet,
647 1511 746 1551 nec
772 1495 993 1567 pudebit
1020 1510 1144 1550 eum
1171 1493 1500 1564 ignorantia}.
1531 1491 1624 1547 Cui
1649 1502 1826 1544 autem
1857 1501 1963 1544 tam

381 1589 665 1643 multarum
692 1588 988 1642 animarum
1025 1601 1152 1640 cura
1181 1583 1547 1640 coneredenda
1579 1593 1681 1646 est,
1713 1581 1758 1636 is
1787 1597 1962 1634 nonne

381 1680 528 1749 prius
547 1679 782 1748 seipsum
810 1677 1127 1748 explorabit,
1149 1675 1268 1742 sed,
1300 1674 1506 1730 etiamsi
1529 1673 1767 1727 omnium
1794 1673 1961 1740 impe-

379 1771 664 1826 ritissimus
692 1770 783 1836 sit,
810 1767 1160 1824 ministerium
1191 1767 1464 1835 suscipiet,
1496 1764 1619 1834 quia
1648 1763 1785 1818 alius
1813 1762 1961 1833 quis-

379 1863 519 1934 piam
542 1861 594 1916 id
619 1861 792 1932 jubet,
834 1860 1076 1929 aliusque
1113 1859 1275 1928 cogit,
1305 1867 1358 1911 ct
1383 1873 1452 1911 ne
1481 1856 1534 1910 in
1556 1855 1848 1926 cujuspiam
1877 1851 1961 1908 of-

379 1955 676 2010 fensionem
707 1951 978 2007 incurrat?
1006 1953 1193 2006 Annon
1224 1965 1282 2006 se
1326 1951 1439 2020 ipse
1469 1960 1660 2020 sponte
1695 1963 1817 2004 cum
1859 1949 1962 2003 illis

381 2047 432 2100 in
475 2044 822 2116 praecipitium
863 2043 1110 2112 conjicit?
1135 2041 1270 2096 Cum
1297 2041 1482 2096 liceret
1510 2041 1608 2096 sibi
1650 2040 1806 2094 saluti
1850 2055 1962 2095 sum

375 2136 692 2202 consulere,
718 2135 854 2188 alios
879 2148 1060 2189 secum
1090 2133 1142 2186 in
1165 2132 1453 2202 perniciem
1479 2131 1659 2185 trahit.
1687 2132 1960 2188 Undenam

379 2229 606 2282 salutem
641 2240 862 2298 sperare
901 2224 1108 2295 possit?
1137 2223 1275 2277 unde
1302 2224 1509 2276 veniam
1531 2223 1826 2292 consequi?
1845 2222 1962 2292 qui-

381 2335 504 2374 nam
537 2328 662 2374 tunc
687 2317 840 2373 nobis
869 2316 1381 2388 patrocinabuntur?
1407 2331 1474 2370 an
1498 2315 1531 2369 ii
1561 2316 1650 2384 qui
1682 2315 1834 2370 nobis
1855 2315 1960 2369 vim

381 2425 522 2465 nunc
565 2409 815 2475 inferunt,
852 2417 908 2464 et
957 2408 1020 2461 ad
1067 2409 1438 2462 necessitatem
1465 2406 1721 2476 adigunt?
1748 2406 1819 2460 At
1864 2405 1963 2463 hos

381 2505 526 2572 ipsos
554 2503 673 2573 quis
719 2502 810 2556 illo
838 2509 1079 2571 tempore
1105 2499 1370 2554 servabit?
1408 2513 1531 2552 nam
1556 2506 1611 2554 et
1639 2497 1738 2567 ipsi
1766 2496 1960 2567 depre-

380 2594 648 2648 catoribus
684 2592 1018 2663 indigebunt,
1053 2601 1110 2646 ut
1154 2593 1328 2662 ignem
1368 2589 1640 2660 eﬂ‘ugiant.
1667 2589 1821 2656 Quod
1865 2605 1961 2644 au-

382 2696 488 2740 tem
515 2685 630 2741 haec
654 2687 826 2741 dicam
857 2702 964 2740 non
990 2694 1047 2740 ut
1074 2685 1166 2740 tibi
1199 2695 1456 2738 terrorem
1488 2683 1764 2750 incutiam,
1787 2682 1882 2738 sed
1908 2691 1964 2737 ut

382 2777 580 2832 veritas
623 2777 880 2847 postulat,
925 2775 1048 2830 audi
1089 2775 1213 2846 quid
1260 2775 1452 2830 Paulus
1494 2775 1637 2829 dicat
1681 2775 1964 2830 Timotheo

380 2867 662 2936 discipulo,
708 2881 963 2937 germano
1005 2866 1115 2921 lilio
1158 2875 1318 2936 atque
1361 2865 1600 2920 dilecto:
1645 2864 1830 2919 Manus
1859 2865 1959 2919 cito

381 2957 566 3009 nemini
587 2957 654 3010 im
658 2958 1061 3028 posuerismeque
1073 2957 1538 3012 communicaveris
1553 2956 1782 3028 peccatis
1793 2955 1980 3012 alienis

382 3048 459 3113 (Ι.
491 3044 621 3099 Tim.
655 3047 708 3102 5.
729 3046 844 3118 22).
879 3046 1063 3102 Viden‘
1087 3055 1284 3116 quanta
1311 3061 1426 3112 eos,
1473 3048 1563 3116 qui
1609 3062 1706 3102 nos
1745 3047 1812 3102 ad
1841 3061 1961 3102 eam

382 3138 695 3209 dignitatem
712 3138 1200 3208 perducturierant,
1223 3155 1326 3202 non
1345 3139 1759 3209 reprehensione
1781 3139 1960 3207 modo,

379 3230 476 3286 sed
502 3231 660 3284 etiam
691 3245 869 3300 pana,
898 3239 1152 3299 quantum
1183 3231 1236 3284 in
1266 3230 1417 3284 nobis
1449 3229 1563 3294 fuit,
1586 3228 1964 3299 eripuerimus?

455 3321 510 3375 2.
539 3322 638 3389 Qui
656 3322 805 3378 etiam
826 3337 914 3391 per
936 3321 1274 3390 ignorantiam
1298 3321 1532 3390 indignos
1553 3320 1810 3386 ordinant,
1831 3336 1966 3389 saepe

385 3413 646 3484 puniendi.
676 3442 748 3452 —
772 3411 923 3467 Sicut
947 3412 1086 3466 enim
1117 3412 1200 3476 iis,
1225 3414 1310 3481 qui
1333 3412 1486 3466 electi
1515 3412 1679 3478 luere,
1709 3413 1964 3467 nonsatis

383 3517 466 3562 cst
491 3506 557 3561 ad
583 3505 950 3560 defensionem
979 3505 1180 3570 dicere,
1212 3504 1327 3558 Non
1373 3514 1562 3573 sponte
1590 3505 1814 3568 accessi,
1865 3520 1964 3558 nec

383 3612 498 3652 rem
541 3595 870 3665 prospiciens
899 3593 1078 3664 elfugi,
1112 3595 1184 3647 ita
1225 3609 1325 3649 nec
1360 3609 1476 3660 eos,
1525 3595 1614 3664 qui
1662 3593 1961 3664 elegerunt,

380 3687 606 3758 juvabit,
651 3687 696 3742 si
747 3686 948 3752 dicant,
996 3701 1056 3742 se
1084 3686 1384 3741 ordinatum
1430 3703 1535 3740 non
1582 3688 1823 3753 novisse;
1869 3687 1964 3742 sed

387 3780 508 3835 ideo
536 3778 708 3849 majus
731 3779 934 3834 crimen
965 3779 1210 3843 efficitur,
1235 3779 1358 3849 quia
1383 3795 1541 3848 quem
1571 3794 1676 3834 non
1707 3787 1965 3834 noverant

365 3869 770 3940 produxerunt,
804 3880 860 3925 et
894 3886 1014 3940 qua:
1051 3870 1261 3926 videtur
1286 3886 1409 3926 esse
1447 3870 1711 3938 defensio,
1759 3871 1962 3926 crimen

386 3971 560 4032 auget.
589 3961 872 4028 Quomodo
898 3963 1041 4017 enim
1072 3977 1177 4016 non
1207 3961 1496 4016 absurdum
1525 3961 1701 4026 fuerit,
1751 3977 1845 4017 eos
1875 3962 1966 4030 qui

387 4053 708 4123 mancipium
737 4068 919 4108 emere
964 4053 1166 4119 volunt,
1217 4063 1268 4108 et
1309 4053 1532 4109 medicis
1560 4053 1863 4115 ostendere.
1913 4062 1968 4106 et

387 4145 676 4216 emptionis
695 4160 983 4214 sponsores
1001 4145 1291 4214 postulem,
1311 4154 1365 4198 et
1390 4145 1592 4200 vicinos
1612 4146 1964 4216 interrogare,

390 4256 488 4296 nec
514 4250 689 4296 tamen
718 4251 899 4310 postea
940 4239 1230 4306 conlidere,
1273 4239 1367 4295 sed
1395 4239 1700 4294 diuturnum
1727 4240 1795 4294 ad
1839 4255 1966 4309 pro-

389 4333 658 4387 bationem
706 4341 914 4400 tempus
959 4346 1220 4401 poscere:
1252 4333 1304 4386 in
1337 4341 1540 4386 tantum
1568 4347 1696 4387 vero
1725 4331 1969 4387 ministe-

389 4424 528 4477 rium
555 4423 847 4478 inscribere
869 4423 1170 4491 quempiam
1197 4423 1455 4489 volentcs,
1481 4432 1683 4478 temere
1703 4431 1758 4477 et
1779 4433 1838 4477 ut
1858 4422 1970 4477 fors

389 4513 546 4579 ierat,
577 4503 784 4569 sive'ad
820 4515 1066 4584 gratiam,
1095 4515 1211 4570 sive
1237 4515 1301 4569 ad
1330 4515 1578 4571 invidiam
1607 4515 1967 4571 teSIimonium

386 4605 749 4675 iudiciumque
791 4603 954 4672 ferre,
1003 4606 1148 4660 nullo
1175 4606 1282 4660 alio
1311 4606 1492 4662 habito
1525 4608 1813 4663 examine?
1840 4608 1969 4674 Quis

390 4711 519 4766 ergo
534 4711 630 4766 pro
647 4695 800 4751 nobis
817 4708 940 4751 tunc
955 4696 1348 4766 deprecabitur,
1367 4715 1487 4752 cum
1507 4700 1605 4768 ipsi
1624 4700 1714 4768 qui
1735 4700 1964 4768 patroci-

391 4789 508 4843 nari
521 4787 791 4843 debebunt
805 4790 1098 4858 patrocinio
1112 4792 1338 4860 egeant?
1356 4789 1587 4844 Proinde
1599 4800 1810 4859 oportet
1823 4806 1942 4845 eum
1953 4832 1967 4855 ,

389 4879 836 4948 quiordinaturus
855 4888 958 4944 est,
989 4880 1150 4934 multa
1175 4881 1318 4948 prius
1347 4880 1728 4950 perquisitione
1747 4882 1819 4934 uti
1842 4898 1856 4945 ;
1876 4881 1971 4935 sed

391 4972 560 5026 multo
581 4969 786 5040 majore
809 4987 954 5038 eum,
984 4972 1071 5041 qui
1102 4971 1426 5026 ordinandus
1450 4982 1551 5027 est.
1587 4972 1804 5026 Etiamsi
1829 4974 1971 5026 enim

394 5071 734 5130 peccatorum
765 5061 1010 5132 supplicii
1037 5071 1312 5117 consortes
1344 5063 1620 5118 habiturus
1645 5064 1714 5117 sit
1744 5078 1838 5118 eos
1882 5065 1973 5134 qui

395 5152 692 5222 elegerunt,
716 5162 950 5209 attamen
983 5167 1086 5207 non
1120 5155 1232 5222 ipse
1257 5153 1468 5223 quidem
1495 5155 1590 5209 hac
1609 5155 1814 5210 ratione
1842 5171 1972 5225 sup-

362 5243 610 5312 plicium
643 5244 840 5305 evadit,
872 5245 978 5299 imo
1005 5244 1216 5313 gravius
1235 5246 1491 5310 sustinet;
1520 5246 1619 5300 nisi
1648 5247 1871 5302 fortasse
1898 5247 1974 5300 illi

397 5333 624 5388 humana
653 5335 828 5404 aliqua
859 5336 1062 5389 ratione
1090 5336 1264 5396 ducti,
1293 5343 1476 5388 contra
1501 5349 1660 5403 quam
1691 5346 1975 5391 consenta-

397 5443 555 5480 neum
585 5427 686 5482 sibi
732 5428 1025 5490 videbatur,
1069 5428 1384 5481 electioncm
1415 5424 1657 5481 fecerint.
1686 5428 1818 5482 Nam
1849 5429 1893 5483 si
1921 5430 1974 5483 in

397 5517 660 5585 ejusmodi
684 5520 874 5574 delicto
887 5519 1202 5586 deprehensi
1222 5518 1436 5582 fuerint,
1455 5529 1509 5574 et
1529 5536 1685 5590 quem
1703 5521 1974 5591 indignum

398 5616 543 5661 certo
564 5598 1014 5681 scirent,qiiadam
1035 5609 1101 5664 de
1125 5625 1283 5665 causa
1310 5618 1630 5681 cooptarmt,
1663 5613 1809 5684 paria
1829 5612 1976 5671 luent

1079 190 1146 246 .S.
1187 184 1463 256 JOANNIS
1501 176 1978 238 CllliYSOSTOMl
2025 175 2344 231 ARCIIIEP.
2375 174 2906 232 CONSTANTINOP.

3553 179 3664 234 665

2077 290 2332 362 supplicia
2359 310 2372 346 :
2400 290 2626 348 fortasse
2654 308 2782 348 vero
2807 293 3039 362 majores
3063 306 3245 362 pinnas
3265 293 3414 349 dabit
3439 295 3527 364 qui
3552 311 3662 350 non

2073 385 2323 442 idoneum
2347 387 2642 441 constituit.
2691 387 2826 440 Nam
2863 387 2956 458 qui.
3003 397 3316 456 potestatem
3345 387 3437 443 dat
3461 388 3661 442 volenti

2074 477 2368 532 Ecclesiam
2396 492 2760 547 corrumpere,
2801 478 2848 532 is
2879 478 3170 532 facinorum
3197 478 3314 548 ejus
3342 488 3528 535 auctor
3548 480 3667 534 fuc-

2073 569 2164 624 rit.
2185 569 2337 637 Quod
2363 570 2408 625 si
2439 569 2566 624 nulli
2591 585 2776 625 eorum
2798 570 3060 626 obnoxius
3087 571 3200 641 ipse
3225 571 3402 642 fuerit,
3424 573 3519 630 sed
3545 575 3665 628 vnl-

2071 661 2122 730 gi
2143 659 2394 730 opinione
2414 675 2473 716 se
2501 659 2782 731 deceptum
2805 661 2968 732 dicat,
3001 677 3068 720 ne
3092 661 3171 720 sic
3197 664 3409 736 quidem
3440 665 3663 738 impune

2073 753 2248 820 fuerit,
2291 753 2386 809 sed
2415 755 2572 826 paulo
2619 755 2875 821 minores,
2928 772 3086 826 quam
3129 757 3220 828 qui
3250 757 3531 812 ordinatus
3553 771 3660 822 est,

2072 845 2220 900 dabit
2249 861 2453 915 pinnas.
2487 847 2700 914 Quare?
2727 847 2861 913 Quia
2893 848 3178 904 verisimile
3210 849 3415 904 videtur
3443 865 3538 904 eos
3565 852 3662 920 qui

2071 935 2285 1003 elegere
2312 935 2442 990 falsa
2481 937 2620 1006 vulgi
2647 938 2896 1007 opinione
2921 938 3175 1008 deceptos
3207 955 3274 994 eo
3298 940 3532 994 animum
3555 955 3660 1010 ap-

2071 1027 2299 1097 pulisse;
2319 1029 2412 1084 sed
2433 1029 2523 1098 qui
2544 1029 2748 1084 electus
2776 1029 2874 1084 fuit
2895 1045 2999 1085 non
3023 1031 3242 1100 perinde
3261 1032 3439 1087 dicere
3457 1042 3657 1102 potest,

2070 1119 2326 1189 Meipsum
2375 1120 2704 1190 ignorabam,
2736 1131 2792 1175 ut
2832 1121 2921 1175 alii
2949 1137 3008 1178 se
3053 1123 3324 1192 ignorasse
3367 1123 3538 1192 ipsum
3565 1123 3657 1178 di-

2068 1219 2215 1264 cunt.
2249 1209 2399 1266 Sicut
2428 1211 2587 1281 igitur
2610 1213 2822 1282 gravius
2848 1213 3160 1283 plectendas
3186 1223 3287 1279 est,
3319 1231 3478 1285 quam
3503 1217 3540 1270 ii
3560 1216 3656 1284 qui

2070 1302 2241 1371 ipsum
2275 1311 2611 1372 cooptarunt,
2651 1304 2722 1358 ita
2755 1307 3054 1362 accuratius
3097 1308 3177 1360 sui
3209 1307 3375 1376 ipsius
3402 1325 3656 1375 uanum,

2067 1409 2224 1463 quam
2271 1393 2365 1458 illi,
2396 1395 2568 1450 facere
2606 1395 2804 1452 debet:
2836 1411 2901 1452 ac
2923 1397 2974 1452 si
3014 1398 3186 1468 ipsqu
3226 1399 3302 1454 illi
3346 1400 3660 1468 ignorantes

2067 1484 2395 1554 pertrabant,
2437 1486 2646 1540 obviam
2677 1488 2755 1542 ire
2779 1487 2958 1554 debet,
2997 1489 3297 1560 docereque
3321 1506 3509 1546 causas
3533 1509 3656 1558 eas,

2069 1588 2162 1641 per
2189 1587 2322 1644 quas
2347 1573 2413 1629 ab
2443 1589 2628 1631 errore
2675 1576 2954 1640 desistant,
3000 1592 3164 1649 seque
3204 1581 3288 1635 vel
3336 1581 3660 1651 probatione

2068 1667 2339 1736 indignutn
2365 1667 2672 1734 ostendens,
2705 1683 2734 1723 a
2763 1680 3024 1725 tantarum
3051 1687 3229 1726 rerum
3257 1674 3396 1728 mole.
3431 1674 3656 1728 eximat.

2065 1756 2172 1812 Cur
2197 1758 2338 1813 enim
2368 1774 2491 1815 cum
2519 1759 2588 1815 de
2611 1776 2672 1816 re
2700 1761 2936 1828 militari,
2969 1761 3039 1818 de
3069 1775 3387 1830 mercatura,
3415 1765 3484 1821 de
3507 1768 3659 1836 agri-

2065 1851 2290 1917 cultura,
2337 1853 2510 1923 deque
2536 1853 2655 1908 aliis
2699 1854 3050 1929 smcularibus
3094 1857 3255 1911 rebus
3296 1856 3653 1924 deliberatur,

2066 1959 2172 1997 non
2199 1944 2431 2014 agricola
2463 1945 2878 2014 navigationem,
2923 1961 3022 2000 nec
3051 1947 3206 2002 miles
3247 1949 3654 2018 agriculturam,

2066 2049 2164 2090 nec
2209 2036 2534 2106 gubernator
2577 2037 2818 2091 militiam
2868 2037 3142 2106 suscipiat,
3172 2039 3379 2094 etiamsi
3424 2049 3653 2095 mortem

2067 2127 2171 2182 illis
2193 2128 2494 2185 sexcenties
2513 2129 2890 2186 committeris?
2905 2130 3105 2201 Nempe
3120 2131 3238 2201 quia
3268 2133 3563 2200 periculum
3585 2149 3654 2189 ex

2067 2220 2330 2286 imperitia
2375 2236 2658 2290 emergens
2701 2223 2891 2292 singuli
2941 2223 3284 2294 prOSpiciunt.
3325 2226 3472 2282 Itane
3520 2242 3654 2296 ergo

2065 2307 2153 2362 ubi
2179 2309 2248 2363 de
2273 2309 2494 2364 modicis
2526 2311 2685 2366 rebus
2713 2313 3093 2381 periclitamur,
3125 2323 3268 2369 tanta
3295 2325 3506 2370 utemur
3529 2334 3635 2386 pro

2065 2399 2318 2466 videntia,
2373 2417 2546 2472 neque
2585 2402 2887 2473 cogentium
2930 2404 3195 2461 violenti-.e
3237 2406 3528 2462 cedemus:
3560 2407 3654 2461 ubi

2064 2501 2242 2548 autem
2273 2500 2534 2547 :cternum
2561 2493 2874 2563 supplicium
2906 2505 3140 2565 paratur,
3173 2497 3236 2552 iis
3257 2513 3390 2567 quos
3419 2513 3523 2552 non
3549 2513 3650 2554 no-

2065 2594 2211 2648 runt,
2249 2585 2606 2640 sacerdotium
2657 2588 2890 2654 tradunt,
2917 2603 2984 2642 an
3018 2599 3218 2645 temere
3245 2600 3300 2646 et
3328 2592 3653 2658 inconsulto,

2065 2677 2172 2733 vim
2197 2679 2265 2733 ab
2289 2678 2407 2732 aliis
2443 2678 2641 2734 illatam
2667 2681 3041 2746 obtendentes,
3074 2683 3124 2736 in
3149 2693 3352 2738 tantum
3379 2699 3479 2739 nos
3507 2686 3654 2754 peri—

2067 2769 2246 2826 culum
2281 2771 2672 2840 conjicicmns?
2711 2776 2787 2826 At
2819 2772 2934 2828 lucc
2964 2789 3071 2828 non
3103 2775 3346 2830 tolerabit
3389 2778 3479 2846 qui
3525 2785 3658 2831 tunc

2069 2875 2165 2917 nos
2207 2861 2540 2931 judicaturus
2580 2875 2684 2920 est.
2725 2863 3014 2934 Oportebat
3041 2867 3182 2921 enim
3225 2867 3478 2938 majorem
3508 2869 3654 2923 circa

2067 2953 2360 3022 spiritualia
2389 2955 2710 3022 cautionem,
2740 2972 2900 3026 quant
2924 2957 3063 3012 circa
3095 2959 3326 3012 earnalia
3355 2957 3649 3014 exhibere:

2063 3045 2173 3115 jam
2196 3060 2324 3100 vero
2353 3061 2421 3100 ne
2445 3062 2626 3116 parem
2657 3048 2871 3117 quidem
2899 3049 3153 3103 exhibere
3178 3049 3651 3125 deprehendimur.

2069 3138 2162 3192 Dic
2188 3139 2331 3194 enim
2355 3139 2506 3205 mihi,
2531 3141 2574 3194 si
2596 3156 2752 3208 quem
2781 3141 3034 3210 suspicati
3058 3139 3260 3196 fabrum
3287 3157 3427 3208 esse,
3460 3143 3548 3211 qui
3574 3153 3657 3197 ta-

2068 3246 2194 3284 men
2241 3230 2389 3284 faber
2419 3246 2524 3284 non
2557 3241 2718 3298 esset,
2749 3231 2816 3286 ad
2856 3247 2990 3301 Opus
3016 3247 3348 3299 vocaremus,
3393 3248 3655 3302 sequere-

2068 3332 2256 3392 turque
2282 3322 2414 3391 ipse,
2442 3322 2534 3392 qui
2563 3338 2750 3378 manus
2770 3323 2836 3378 ad
2866 3325 3141 3378 materiam
3163 3323 3388 3378 ardilicio
3413 3335 3654 3394 paratam

2069 3414 2380 3477 admovens,
2411 3415 2572 3484 ligna,
2605 3415 2912 3485 lapidesque
2950 3415 3308 3483 labefactaret,
3337 3418 3520 3486 sicque
3554 3417 3656 3470 do-

2069 3523 2213 3560 mum
2241 3517 2596 3572 eonstrueret,
2635 3517 2690 3560 ut
2723 3508 2900 3562 statim
2927 3508 3304 3573 collaberetur,
3333 3523 3457 3562 num
3487 3508 3554 3562 ad
3584 3510 3655 3564 il-

2071 3601 2171 3654 lius
2192 3600 2558 3655 defensionem
2588 3603 2716 3654 satis
2741 3611 2904 3664 esset,
2936 3599 3076 3671 quod
3098 3612 3317 3655 coactus
3342 3616 3439 3655 nec
3460 3610 3658 3670 suopte

2071 3702 2217 3747 tnotu
2259 3692 2530 3746 venisset?
2576 3691 2940 3760 Nequaquam,
2975 3689 3132 3758 idque
3181 3691 3301 3759 jure
3329 3705 3393 3744 ac
3420 3691 3654 3746 merito:

2069 3782 2348 3852 oportebat
2389 3782 2531 3837 enim
2563 3783 2720 3837 etiam
2761 3781 2882 3835 aliis
2910 3782 3224 3837 vocantibus
3249 3781 3474 3836 resilire.
3505 3781 3659 3836 Itane

2069 3873 2157 3942 qui
2190 3873 2324 3942 ligna
2351 3884 2406 3926 et
2433 3872 2635 3943 lapides
2681 3872 3033 3938 labefactavit,
3063 3873 3269 3928 debitas
3297 3885 3480 3941 poenas
3504 3872 3656 3928 nullo

2072 3962 2231 4017 modo
2260 3963 2496 4034 effugiat,
2540 3963 2651 4032 qui,
2671 3972 2849 4018 autem
2889 3965 3093 4017 animas
3123 3963 3431 4034 perdiderit.
3461 3977 3524 4018 ac
3550 3979 3655 4018 ne-

2069 4054 2329 4124 gligenter
2351 4055 2716 4121 a-dilicaverit,
2749 4055 2852 4109 vim
2879 4055 2978 4110 sibi
3011 4055 3208 4110 illatam
3237 4056 3304 4109 ad
3333 4054 3654 4124 supplicium

2070 4145 2444 4201 declinandum
2469 4146 2569 4201 sibi
2598 4146 2730 4200 satis
2751 4161 2872 4201 esse
2904 4146 3144 4214 putabit?
3170 4147 3436 4216 quomodo
3470 4147 3520 4200 id
3542 4163 3654 4202 non

2071 4240 2356 4295 admodum
2386 4240 2628 4308 ineptum
2657 4239 2853 4294 fuerit?
2882 4239 3127 4293 Nondum
3156 4240 3298 4293 enim
3319 4239 3529 4308 adjicio,
3557 4255 3660 4293 no.

2073 4330 2270 4385 lentem
2297 4346 2326 4383 a
2357 4329 2570 4384 nemine
2596 4329 2842 4398 compelli
2870 4343 3046 4397 posse.
3075 4327 3179 4384 Sed
3207 4339 3344 4391 esto,
3383 4330 3660 4399 ingentem

2074 4425 2178 4478 vim
2212 4437 2399 4493 passus
2427 4424 2516 4490 sit,
2550 4422 2915 4492 machinisque
2959 4422 3120 4477 variis
3145 4422 3415 4492 impetitus
3437 4422 3661 4478 decide-

2074 4514 2179 4567 rit:
2213 4529 2278 4566 an
2306 4513 2407 4568 hoc
2436 4514 2584 4567 illum
2621 4513 2885 4582 supplicio
2910 4512 3148 4568 eximet?
3173 4512 3269 4576 Ne,
3302 4513 3546 4574 obsecro,
3584 4529 3658 4568 ne

2074 4619 2309 4675 eousque
2339 4619 2436 4658 nos
2467 4605 2610 4672 ipsos
2633 4605 2999 4672 decipiamus;
3043 4619 3112 4659 ne
3156 4620 3256 4658 nos
3285 4604 3529 4674 ignorare
3582 4607 3660 4660 si-

2075 4697 2335 4750 mulemus
2357 4710 2440 4759 ea,
2464 4710 2580 4765 qua:
2601 4695 2683 4748 vel
2706 4695 2938 4764 puerulis
2968 4705 3090 4751 nota
3110 4704 3251 4749 sunt.
3284 4695 3464 4764 Neque
3483 4697 3654 4761 enim,

2078 4789 2165 4842 ubi
2211 4790 2441 4843 rationes
2484 4788 2766 4843 reddendae
2805 4800 2980 4854 erunt,
3037 4790 3349 4860 ignorantia:
3386 4792 3662 4847 simulatio

2076 4880 2229 4934 nobis
2270 4880 2523 4950 prodesse
2553 4881 2764 4950 poterit.
2799 4881 3158 4949 Principatum
3199 4881 3500 4950 lmjusmodi
3548 4899 3660 4937 non

2077 4971 2189 5040 ipse
2219 4971 2483 5026 ambivisti
2531 4962 2907 5026 imbecillitatis
2939 4981 3040 5026 tua:
3086 4972 3372 5026 conscius?
3404 4973 3570 5042 probe
3604 4987 3663 5028 et

2077 5064 2277 5130 optime
2327 5062 2476 5116 illud.
2528 5062 2819 5132 Oportebat
2863 5077 3011 5131 ergo,
3053 5077 3174 5116 eum
3205 5062 3254 5116 id
3297 5072 3439 5117 esset
3467 5065 3662 5126 animi,

2077 5156 2236 5209 etiam
2262 5155 2382 5209 aliis
2407 5154 2716 5209 vocantibus
2739 5153 2965 5208 resilire.
2989 5155 3070 5208 An
3092 5169 3214 5210 cum
3243 5170 3398 5210 nemo
3417 5167 3660 5217 vocaret,

2079 5247 2320 5302 inﬁrmus
2358 5256 2412 5302 et
2442 5262 2544 5300 non
2578 5245 2803 5300 idoneus
2832 5260 2971 5311 cras,
3019 5246 3196 5300 statim
3225 5262 3350 5299 vero
3379 5254 3540 5314 atque
3569 5262 3662 5300 re-

2081 5339 2219 5408 perti
2261 5346 2386 5393 sunt
2407 5338 2494 5405 qui
2540 5336 2683 5391 hunc
2715 5336 2806 5391 tibi
2839 5335 3098 5392 honorem
3125 5336 3448 5399 conferrent,
3479 5338 3662 5390 statim

2081 5428 2234 5484 fortis
2260 5429 2479 5484 ell‘ectus
2508 5428 2606 5482 es?
2635 5427 2760 5482 llaec
2799 5429 2909 5483 risu
2935 5429 3090 5499 digna
3129 5439 3182 5485 et
3211 5447 3363 5499 nngze
3391 5442 3537 5495 sunt,
3565 5448 3664 5486 ex.

2082 5529 2360 5590 trcmoque
2389 5519 2650 5588 supplicio
2672 5519 2847 5589 (ligna.
2873 5521 3001 5575 Nam
3034 5534 3310 5591 propterea
3343 5535 3522 5578 monet
3554 5525 3663 5576 lto-

2083 5616 2261 5670 minus
2299 5613 2444 5685 (Luc.
2499 5615 2578 5668 l-i.
2620 5612 2733 5682 9.3),
2785 5630 2850 5666 ne
2896 5615 2982 5690 qui
3028 5617 3212 5670 turrim
3244 5620 3356 5693 \ult
3397 5619 3668 5678 ardilicaro
