3860 6216
59 344 160 402 663

59 461 118 514 :0
146 462 249 526 τὰς
274 459 494 521 ἐλπίδας
521 459 618 528 τῆς
648 455 919 527 σωτηρίας
945 456 1024 518 εἰς
1046 453 1232 526 ἕτερον
1266 443 1364 525 μὲν
1393 449 1730 524 ἀνηρτῆσθαι

64 545 231 614 μηδὲν
269 543 408 613 μετά
434 543 535 613 τὴν
570 540 666 593 τοῦ
701 539 836 592 Θεοῦ
869 539 1051 611 χάριν,
1081 538 1197 591 ἀλλ’
1233 538 1265 608 ἢ
1301 539 1382 601 εἰς
1417 536 1478 588 :0
1507 548 1532 575 ιι
1565 531 1734 603 μηδὲν

61 626 280 690 ἀνάξιον
321 625 582 695 πράττειν
610 623 708 692 τῆς
742 621 895 694 [405]
926 621 1138 692 δωρεᾶς
1165 619 1370 691 ταύτης
1401 618 1498 673 1:01
1525 616 1617 670 :06
1648 615 1735 668 δε-

60 709 297 771 δωκότος
315 708 484 776 αὑτὴν
507 706 662 759 Θεοῦ.
688 704 966 774 Μεγίστης
993 703 1092 773 μὲν
1112 701 1221 774 709
1244 701 1308 755 ἀν
1332 697 1440 754 εἷεν
1461 700 1735 760 κολάσεως

62 793 202 856 ἄξιοι
248 794 297 845 οἱ
339 790 475 861 μετά
505 790 566 842 :0
604 790 671 842 δι’
701 787 906 850 οἰκείας
947 785 1184 857 σπουδῆς
1212 785 1416 856 ταύτης
1455 784 1734 852 ἐπιτυχεῖν

64 875 164 944 τῆς
198 874 398 944 ἀρχῆς,
434 872 467 942 ἢ
499 871 590 925 διά
632 870 926 942 ρᾳθυμίαν,
965 869 999 938 ἢ
1036 869 1126 924 διά
1154 870 1440 941 πονηρίαν,
1469 867 1502 938 ἢ
1530 866 1625 920 1:01
1666 865 1735 918 δι’

65 957 322 1028 ἀπειρίαν
353 955 540 1019 κακῶς
569 952 1008 1025 κεχρημένοιτῷ
1045 953 1352 1024 πράγματι.
1388 952 1463 1004 06
1498 949 1604 1020 μὴν
1647 949 1737 1002 διὰ

65 1040 225 1092 τοῦτο
250 1041 364 1101 τοῖς
388 1039 487 1090 061:
514 1037 872 1091 ἐσπουδακόσι
893 1035 1280 1090 καταλείπεταί
1311 1052 1395 1097 τις
1417 1031 1734 1103 συγγνώμη,

66 1121 207 1174 ἀλλὰ
237 1123 333 1174 1:01
359 1113 506 1174 οὗτοι
524 1121 703 1189 πάσης
723 1119 1020 1186 ἀπολογίας
1037 1119 1374 1190 ἐστέρηνται.
1393 1120 1486 1171 Δεῖ
1508 1115 1637 1188 γὰρ,
1653 1114 1736 1168 οἰ·

71 1221 190 1273 μαι,
229 1203 333 1258 κᾶν
369 1203 552 1274 μυρίοι
587 1202 793 1256 καλῶσι
831 1203 926 1256 1:01
967 1200 1442 1270 καταναγκάζωσι,
1491 1199 1566 1270 μὴ
1601 1198 1738 1270 πρὸς

69 1288 318 1349 ἐκείνους
353 1289 506 1357 όρᾷν,
537 1286 675 1340 ἀλλά
714 1285 980 1356 πρότερον
1008 1285 1106 1355 τὴν
1133 1282 1329 1338 ἐαυτοῦ
1377 1282 1740 1353 βασανίσαντα

68 1370 272 1438 ψυχὴν,
304 1371 402 1422 1:01
428 1369 608 1422 πάντα
643 1369 1128 1440 διερευνησάμενον
1154 1366 1415 1438 ἀκριϐῶς,
1457 1366 1631 1428 οὓτως
1659 1362 1738 1418 εἰ·

71 1453 155 1517 ξαι
179 1455 296 1515 τοῖς
324 1451 687 1522 βιαζομένοις.
716 1451 831 1506 Νῦν
861 1451 918 1504 δὲ
950 1451 1128 1506 οἰκίαν
1159 1451 1258 1520 μὲν
1285 1447 1740 1522 οἰκοδομήσασθαι

67 1535 246 1598 οὐδεὶς
287 1535 355 1588 ἂν
380 1533 712 1603 ὑποσχέσθαι
740 1534 1028 1604 τολμήσειε
1063 1534 1172 1586 τῶν
1197 1533 1296 1585 ούκ
1327 1532 1495 1586 ὄντων
1535 1531 1741 1585 οἰκοδο-

75 1620 276 1689 μικῶν,
320 1618 442 1672 ούδέ
492 1617 760 1688 σωμάτων
787 1616 1030 1686 ἅψασθαι
1060 1616 1427 1685 νενοσηκότων
1467 1615 1745 1685 ἐπιχειρή·

73 1719 216 1754 σειεν
257 1701 322 1754 ἀν
354 1718 436 1763 τις
463 1700 573 1754 τῶν
605 1699 871 1770 ἰατρεύειν
903 1700 1003 1752 061:
1036 1699 1276 1762 εἰδότων,
1313 1698 1448 1752 ἀλλά
1482 1697 1584 1751 κᾶν
1612 1697 1742 1749 πολ-

70 1782 151 1835 λοὶ
177 1786 230 1836 οἱ
264 1784 402 1854 πρὸς
434 1782 555 1852 βίαν
591 1782 856 1846 ὠθοῦντες
890 1776 1043 1842 ὦσιν,
1073 1783 1486 1852 παραιτήσεται,
1523 1782 1618 1834 1:01
1645 1781 1744 1832 οὐκ

71 1866 392 1937 ἐρυθριάσει
429 1865 525 1936 τὴν
569 1867 808 1934 ἄγνοιαν·
852 1865 1039 1936 ψυχῶν
1076 1866 1132 1918 δὲ
1163 1865 1482 1934 ἐπιμέλειαν
1534 1864 1745 1933 μέλλων

71 1947 429 2000 πιστεύεσθαι
461 1949 487 1987 δ
510 1947 780 2000 τοσούτων
812 1948 913 2000 061:
948 1947 1191 2012 ἐξετάσει
1225 1947 1491 2017 πρότερον
1530 1948 1744 2009 ἐαυτὸν,

71 2031 231 2096 ἀλλά,
266 2031 372 2084 κᾶν
408 2031 670 2084 ἀπάντων
701 2030 1060 2099 ἀπειρότατος
1096 2025 1153 2103 ᾖ,
1184 2030 1394 2096 δέξεται
1437 2029 1536 2099 τὴν
1575 2029 1750 2081 διακος

72 2116 215 2176 νίαν,
260 2113 450 2184 ἐπειδὴ
479 2116 508 2166 0
537 2113 686 2166 δεῖνα
717 2112 951 2170 κελεύει,
986 2113 1082 2164 καί
1115 2114 1144 2165 ό
1179 2111 1328 2164 δεῖνα
1357 2110 1624 2180 βιάζεται,
1652 2111 1750 2165 καὶ

75 2199 164 2251 ἵνα
188 2198 267 2266 μὴ
294 2195 646 2266 προσκρούσῃ
666 2195 744 2265 τῷ
771 2196 936 2260 δεῖνι;
962 2194 1072 2248 K01
1093 2195 1210 2257 πῶς
1237 2196 1337 2247 061:
1365 2197 1446 2258 εἰς
1473 2193 1750 2263 προῦπτον

77 2279 274 2331 ἑαυτὸν
314 2278 432 2347 μετ’
477 2277 702 2330 ἐκείνων
743 2276 970 2347 ἐμϐαλεῖ
1007 2277 1204 2340 κακόν;
1252 2276 1400 2342 Ἑξὸν
1446 2277 1555 2348 709
1603 2275 1752 2346 αὑτῷ

81 2362 352 2426 σώζεσθαι
395 2361 518 2415 καθ’
555 2360 767 2423 ἑαυτὸν,
811 2359 906 2413 νῦν
947 2359 1041 2413 1:01
1085 2361 1305 2430 ἐτέρους
1347 2361 1756 2432 προσαπόλλυσι

81 2446 202 2516 μεθ’
236 2443 459 2498 ἑαυτοῦ.
492 2443 662 2496 Πόθεν
685 2443 793 2514 γάρ
829 2442 974 2496 ἐστιν
994 2443 1214 2496 ἐλπίσαι
1244 2444 1551 2514 σωτηρίαν;
1590 2443 1754 2498 πόθεν

79 2527 415 2598 συγγνώμης
444 2529 668 2596 τυχεῖν;
699 2526 844 2588 τίνες
882 2527 1028 2596 ἡμᾶς
1067 2526 1439 2596 ἐξαιτήσονται
1479 2529 1596 2580 τότε
1617 2539 1638 2566 ο
1663 2545 1677 2592 ;
1705 2529 1754 2580 οἰ

81 2610 400 2679 βιαζόμενοι
420 2607 515 2660 νῦν
539 2607 668 2671 ἴσως
691 2607 784 2660 καί
817 2607 951 2673 1:90;
977 2607 1225 2677 ἀνάγκην
1248 2606 1528 2672 ἐλκοντεςς
1558 2609 1757 2671 αὐτοὺς

79 2695 132 2746 δὲ
157 2695 384 2754 τούτους
412 2691 496 2754 τίς
519 2693 638 2745 κατ’
662 2691 867 2743 ἐκεῖνον
894 2689 1146 2743 διασώσει
1168 2690 1261 2742 τὸν
1289 2692 1512 2761 καιρόν;
1536 2696 1630 2744 καὶ
1649 2692 1760 2762 709

80 2778 174 2830 καὶ
225 2775 382 2829 αύτοί
426 2773 772 2844 προσδέονται
804 2772 1023 2843 ἐτέρων,
1062 2772 1148 2825 ῖνα
1173 2772 1478 2841 διαφύγωσι
1519 2774 1580 2826 τὸ
1621 2774 1755 2844 πῦρ.

84 2864 205 2914 Ὀτι
234 2860 295 2912 δέ
331 2876 390 2910 σε
419 2859 480 2910 o6
511 2857 876 2924 δεδιττόμενος
897 2854 1069 2908 ταῦτα
1092 2854 1235 2922 λέγω
1256 2854 1372 2918 νῦν,
1395 2855 1508 2909 ἀλλ’
1541 2855 1616 2920 ὡς
1649 2857 1758 2926 ἔχει

83 2946 142 2996 :0
159 2943 396 3013 πρᾶγμα
419 2938 696 3009 ἀληθείας,
714 2938 877 2991 ἀκουε
909 2936 958 2989 τί
982 2935 1058 3004 τῷ
1091 2936 1303 3007 μαθητῇ
1333 2955 1496 3007 φησιν
1526 2940 1554 2991 0
1583 2938 1762 3008 μακά-

88 3043 200 3094 ριος
237 3023 451 3084 Παῦλος
485 3018 754 3091 Τιμοθέῳ,
786 3017 865 3088 τῷ
895 3018 1100 3088 γνησίῳ
1128 3020 1304 3091 τέκ·.ῳ
1335 3021 1430 3074 1:01
1467 3020 1754 3091 ἀγαπητῷ·

86 3111 298 3176 Χεῷας
324 3105 551 3174 ταχέως
565 3101 783 3172 μηδένι
811 3102 1075 3163 ἐπιτίθει,
1097 3102 1253 3172 μηδὲ
1275 3104 1546 3157 κοινώνει
1578 3105 1757 3172 ἆμαρ-

89 3194 242 3255 tim;
300 3189 669 3254 ἀλλοτρίαις.
732 3181 882 3248 Εἶδες
927 3187 1057 3255 ὅσης
1105 3188 1229 3248 τοὺς
1278 3187 1567 3256 μέλλοντας
1612 3192 1761 3260 ἡμᾶς

88 3274 181 3324 ἐπὶ
203 3269 367 3323 τοῦτο
403 3267 674 3337 παράγειν
699 3265 724 3303 ά
755 3269 817 3319 ού
847 3267 1106 3336 μέμψεως
1145 3270 1325 3336 μόνον,
1374 3270 1510 3323 ἀλλά
1544 3273 1636 3324 καὶ
1678 3291 1760 3325 τι-

91 3355 307 3425 μωρίας
333 3353 393 3404 τό
414 3368 476 3418 γε
505 3350 767 3420 ἡμέτερον
794 3349 1184 3420 ἀπηλλάξαμεν
1211 3352 1408 3422 μέρος;

162 3436 453 3504 β’.”Ωσπερ
472 3435 579 3504 709
593 3436 705 3495 τοῖς
718 3432 1013 3503 αἱρεθεῖσιν
1026 3433 1126 3484 ούκ
1137 3433 1409 3504 αὔταρκες
1429 3436 1562 3502 1:90;
1578 3437 1766 3490 ἀπολο-

91 3521 217 3586 γίαν
241 3518 304 3570 :0
326 3517 528 3584 λέγειν·
548 3516 651 3568 οὐκ
676 3515 1004 3585 αὐτόκλητος
1033 3511 1216 3586 ἦλθον,
1246 3516 1366 3568 οὐδὲ
1389 3518 1650 3586 προειδὼς
1668 3521 1765 3572 061:

91 3603 400 3668 ἀπέφυγον·
440 3597 614 3660 οὕτως
638 3597 760 3649 ούδέ
789 3597 914 3660 τοὺς
947 3598 1386 3668 χειροτονοῦντας
1412 3600 1691 3668 ὠφελῆσαί
1713 3619 1765 3655 τι

93 3691 340 3749 δύναται,
369 3688 420 3739 εἱ
445 3685 652 3752 λέγοιεν
677 3684 768 3736 τὸν
795 3685 1237 3754 χειροτονηθέντα
1264 3687 1494 3753 ἀγνοεῖν.
1527 3687 1662 3741 ἀλλά
1681 3689 1768 3744 διά

94 3775 254 3826 τοῦτο
277 3773 373 3824 1:01
399 3769 581 3838 μεῖζον
600 3766 661 3819 :0
678 3766 928 3836 ἔγκλημα
946 3767 1177 3836 γίνεται,
1198 3769 1278 3821 ὅτι
1297 3768 1356 3822 δν
1377 3769 1604 3838 ἠγνόουν
1625 3787 1768 3841 παρ-

94 3860 328 3927 ήγαγον,
346 3855 443 3907 καὶ
464 3854 496 3923 ή
516 3850 747 3904 δοκοῦσα
776 3846 916 3903 εἶναι
942 3850 1207 3917 ἀπολογία
1240 3851 1393 3918 αὔξει
1419 3852 1517 3922 τὴν
1535 3870 1771 3924 κατηγο-

99 3942 240 4008 ρίαν.
275 3938 404 3998 Πῶς
432 3935 541 4006 γάρ
579 3936 679 3986 οὐκ
730 3934 948 3996 ἄτοπον,
993 3935 1320 4003 ἀνδράποδον
1362 3935 1460 4005 μὲν
1507 3937 1771 4007 πρίασθαι

98 4019 459 4090 βουλομένους
490 4019 586 4070 καὶ
613 4018 816 4086 ἰατροῖς
841 4017 1224 4073 ἐπιδεικνύναι.
1251 4019 1345 4070 1:01
1379 4019 1478 4088 τῆς
1517 4020 1772 4090 πράσεως

97 4101 374 4172 ἐγγυητὰς
403 4101 674 4157 ἀπαιτεῖν,
706 4099 800 4152 1:01
821 4099 1078 4166 γειτόνων
1107 4099 1491 4162 πυνθάνεσθαι,
1517 4103 1610 4154 1:01
1635 4104 1773 4172 μετά

97 4185 270 4238 ταῦτα
309 4183 490 4235 πάντα
531 4181 753 4250 μηδέπω
795 4181 1038 4251 θαρρεῖν,
1075 4180 1211 4233 ἀλλά
1242 4181 1337 4232 καὶ
1376 4183 1566 4251 χρόνον
1607 4186 1774 4238 πολὺν

100 4269 238 4339 1:90;
286 4265 614 4335 δοκιμασίαν
667 4265 856 4316 αἰτεῖν·
905 4265 985 4325 εἰς
1030 4263 1087 4316 δὲ
1126 4264 1394 4334 τοσαύτην
1431 4265 1774 4337 λειτουργίαν

103 4349 402 4420 μέλλοντάς
433 4363 555 4398 τινα
583 4345 880 4414 ἐγγράφειν
901 4357 947 4406 θ,
995 4345 1178 4408 ἁπλῶς
1228 4345 1320 4398 καὶ
1355 4347 1430 4409 ὡς
1469 4347 1676 4418 ἔτυχεν,
1711 4350 1775 4402 ἂν

99 4436 177 4504 τῷ
222 4433 356 4485 δεῖνι
407 4428 555 4498 δόξῃ.
605 4427 740 4498 1:90;
774 4427 932 4499 χάριν
973 4428 1004 4496 ἢ
1057 4427 1191 4498 πρὸς
1238 4428 1534 4497 ἀπέχθειαν
1574 4431 1775 4501 ἑτέρων

105 4511 483 4583 μαρτυρῆσαι,
529 4509 824 4578 ἐγκρίνειν,
866 4510 1137 4578 μηδεμίαν
1179 4511 1536 4579 ποιουμένους
1583 4513 1776 4582 έτέραν

106 4597 396 4660 ὲξέτασιν;
428 4590 524 4653 Τίς
557 4587 648 4643 οὖν
677 4592 830 4658 ἡμᾶς
866 4591 1210 4661 ἐξαιτήσεται
1258 4592 1276 4629 τ
1314 4593 1456 4656 τότε,
1491 4592 1599 4645 τῶν
1632 4594 1776 4661 ὀφει-

104 4679 309 4728 λόντων
339 4673 642 4742 προστῆναι
670 4673 764 4724 καὶ
788 4673 964 4726 αὐτῶν
1003 4674 1322 4742 προστατῶν
1348 4675 1655 4744 δεομένων;
1689 4679 1780 4729 Δεῖ

109 4763 210 4829 μὲν
246 4754 343 4810 οὖν
374 4757 471 4810 καὶ
503 4757 596 4809 τὸν
630 4758 954 4826 χειροτονεῖν
987 4756 1248 4824 μέλλοντα
1273 4759 1473 4828 πολλὴν
1505 4759 1777 4812 ποιεῖσθαι

105 4841 207 4908 τὴν
234 4840 486 4908 ἔρευναν,
531 4837 708 4906 πολλῴ
739 4838 796 4889 δέ
834 4838 1054 4890 πλείονα
1085 4839 1276 4891 τούτου
1320 4840 1410 4891 τὸν
1439 4843 1778 4912 χειροτονού-

111 4939 293 4989 μενον.
344 4921 406 4971 Εἰ
436 4919 543 4987 γὰρ
581 4920 674 4972 καὶ
719 4920 1008 4980 κοινωνοὺς
1056 4919 1168 4988 ἔχει
1204 4919 1306 4986 τῆς
1344 4921 1616 4984 κολάσεως
1654 4925 1780 4986 τοὺς

110 5005 405 5071 ἑλομένους
427 5002 576 5074 [006]
609 5005 668 5054 ἐν
689 4997 769 5065 οἷς
795 5001 861 5054 ἂν
890 5002 1132 5071 ἁμάρτῃ,
1162 5003 1276 5054 ἀλλ’
1297 5003 1445 5072 ὅμως
1470 5004 1591 5056 οὐδὲ
1619 5006 1778 5070 06:0;

110 5085 460 5154 ἀπήλλακται
507 5084 605 5151 τῆς
649 5084 941 5154 τιμωρίας,
979 5083 1114 5135 ἀλλὰ
1171 5085 1267 5135 καὶ
1313 5084 1536 5154 μείζονα
1575 5085 1777 5137 δίδωσι·

115 5169 277 5237 μόνον
313 5170 362 5219 εἰ
392 5169 467 5236 μὴ
495 5167 583 5220 διά
607 5185 728 5220 τινα
757 5167 1106 5238 ἀνθρωπίνην
1128 5166 1306 5218 αἰτίαν
1344 5168 1493 5237 παρά
1520 5168 1580 5220 :0
1615 5168 1782 5236 φανὲν

113 5253 299 5314 αὐτοῖς
328 5251 552 5318 εὑλογον
586 5253 609 5289 ε
639 5247 875 5320 ἔπραξαν
901 5249 951 5300 οἰ
979 5249 1242 5318 ἐλόμενοι.
1289 5251 1351 5303 Εἰ
1389 5250 1497 5322 709
1531 5251 1588 5303 ἐν
1611 5255 1782 5321 τούτῳ

177 5387 204 5448 ξ
225 5387 430 5448 Aliquot
447 5397 562 5448 mss.
588 5385 728 5445 μηδὲν
749 5385 936 5448 μετάδὲ
955 5387 1040 5440 τήν
1061 5383 1145 5448 τοῦ
1163 5383 1291 5448 Θεοῦ
1303 5385 1442 5448 χάριν
1477 5386 1539 5440 εἰς
1556 5403 1626 5433 το.
1661 5447 1667 5448 7
1765 5440 1770 5448 ,

178 5401 204 5416 '
225 5401 430 5446 Aliqum
447 5401 562 5431 mss.
588 5401 728 5445 μηοεν
749 5401 864 5446 μετα
885 5401 936 5432 οε
955 5401 1040 5440 την
1061 5401 1145 5431 του
1163 5401 1286 5432 ινεου
1327 5402 1442 5448 ⁵οιριν
1477 5402 1539 5440 εις
1556 5403 1626 5433 το.
1765 5440 1770 5448 ι

175 5447 208 5485 δ
232 5447 384 5495 Savil.
409 5451 464 5493 et
485 5446 674 5506 aliquot
703 5459 815 5493 mss.
856 5445 1238 5506 έμπιστεὺεσθαι,
1275 5401 1450 5494 1(orcl.
1499 5454 1550 5493 cl
1587 5447 1671 5494 alii
1705 5461 1783 5492 πι-

117 5523 199 5558 στε
213 5508 385 5556 ἓεσθαι.

178 5571 203 5598 ⁸
232 5569 333 5616 Alii
356 5568 476 5621 τίνες
496 5567 609 5628 ἡμῖν
628 5568 1010 5628 παραστήσονται
1034 5568 1158 5614 τότε.

179 5630 210 5668 ἀ
245 5629 450 5687 Aliquot
471 5641 585 5675 mss.
608 5628 843 5688 προάγειν.

187 5703 211 5750 '_'
239 5690 335 5750 Alii
358 5690 683 5750 ἐγγράφεσθαι-

183 5747 205 5784 (
236 5746 328 5796 Alii
350 5746 660 5803 ἐξαιρήσεται.

182 5811 206 5850 ι
239 5807 316 5859 Si:
337 5807 487 5860 Savi].
531 5817 581 5859 ιιι
604 5811 806 5865 maxima
827 5824 936 5873 pars
961 5823 1074 5859 mss.
1106 5808 1274 5858 Morel.
1304 5821 1416 5860 vero
1441 5812 1570 5859 031.0)
1583 5829 1648 5862 ον.

1361 337 1448 392 DE
1486 331 1936 391 SACERDOTIO.
1979 331 2101 385 LIB.
2146 329 2231 384 IV.

3393 335 3499 395 660

1836 449 2161 518 φωραθεῖεν,
2198 448 2290 500 καὶ
2334 447 2422 499 τὸν
2463 447 2679 512 ἀνάξιον
2717 446 2916 510 εἰδότες
2957 447 3044 501 διά
3083 465 3203 502 τινα
3230 450 3500 520 πρόφασιν

1833 531 1994 583 αὐτὸν
2033 531 2373 602 παρήγαγον,
2416 531 2476 595 ἐξ
2510 533 2631 601 ἴσης
2662 530 2730 583 τὰ
2763 530 2868 582 τῶν
2895 530 3266 602 κολαστηρίων
3292 534 3495 597 αὐτοῖς·

1833 614 1972 684 τάχα
2016 613 2072 668 δὲ
2109 616 2203 667 1:01
2239 611 2458 684 μείζονα
2502 613 2577 684 τῷ
2614 615 2704 667 τὸν
2742 616 2842 668 ούκ
2877 614 3181 684 ἐπιτήδειον
3227 622 3498 690 καταστή-

1836 713 2009 751 σαντι.
2055 697 2113 750 '0
2148 697 2256 768 709
2293 697 2390 766 τὴν
2431 697 2680 762 ἐξουσίαν
2731 697 3030 768 παρασχὼν
3077 698 3154 769 τῷ
3194 699 3501 774 βουλομένῳ

1833 781 2140 851 διαφθεῖραι
2170 782 2266 851 τὴν
2303 781 2658 852 Ἐκκλησίαν,
2688 775 2842 845 οὗτος
2872 781 2937 836 ἂν
2969 783 3054 854 εἴη
3087 784 3196 837 τῶν
3231 784 3323 837 ὑπ’
3352 787 3495 838 ἐκεί.

1836 883 1927 918 νου
1950 865 2324 936 τολμηθέντων
2349 867 2536 929 αἴτιος.
2572 865 2633 918 Εἰ
2653 866 2708 918 δὲ
2735 866 2937 919 τούτων
2971 868 3066 938 μὲν
3097 869 3272 921 οὐδενί
3294 869 3500 938 γένοιτο

1838 947 2156 1012 ὑπεύθυνος,
2189 948 2298 1000 01:0
2332 947 2390 1000 δὲ
2419 948 2518 1015 τῆς
2546 947 2653 1000 τῶν
2685 947 2891 1001 πολλῶν
2924 949 3245 1021 ὑπολήψεως
3287 955 3502 1023 1700:177-

1840 1033 1964 1085 σθαι
2008 1032 2175 1100 λέγοι,
2219 1033 2564 1106 ἀτιμώρητος
2603 1031 2698 1101 μὲν
2733 1031 2852 1084 οὐδὲ
2888 1031 3029 1085 οὓτω
3070 1033 3222 1102 μένοι
3251 1036 3300 1094 h.
3339 1037 3504 1108 ὀλίγῳ

1839 1116 1899 1169 δέ
1931 1115 2187 1168 ἐλάττονα
2207 1116 2300 1168 τοῦ
2335 1115 2805 1186 χειροτωηθέντος
2829 1116 3008 1169 δίδωσι
3042 1118 3216 1189 δίκην.
3251 1119 3316 1172 Τί
3347 1122 3507 1190 δήπο-

1837 1217 1930 1265 τε;
1959 1199 2079 1253 Ὀτι
2115 1201 2241 1264 τοὺς
2283 1201 2382 1270 μὲν
2423 1201 2707 1271 ἐλομένους
2743 1201 2890 1266 εἰκὸς
2938 1203 3043 1256 61:0
3076 1203 3232 1276 δόξης
3278 1206 3506 1275 ψευδοῦς

1840 1284 2216 1354 ἀπατηθέντας
2251 1286 2344 1338 ἐπὶ
2372 1285 2531 1338 τοῦτο
2559 1285 2754 1338 ἐλθεῖν·
2783 1287 2811 1338 ό
2844 1286 2901 1339 δέ
2935 1287 3176 1358 αἰρεθείς
3205 1289 3303 1341 οὐκ
3336 1289 3413 1342 ἔτι
3442 1289 3509 1343 ἂν

1841 1367 2056 1421 δύναιτο
2096 1368 2296 1436 λέγειν,
2330 1370 2413 1422 ὅτι
2455 1369 2713 1436 Ἦγνόουν
2747 1369 3005 1438 ἐμαυτὸν,
3049 1370 3300 1442 καθάπερ
3352 1372 3510 1426 αῦτδν

1842 1449 2040 1522 ἐτεροι.
2092 1452 2180 1514 Ὠς
2231 1448 2324 1505 οῦν
2383 1451 2681 1523 βαρύτερον
2721 1454 2983 1524 μέλλοντα
3028 1455 3351 1519 κολάζεσθαι
3398 1457 3510 1510 τῶν

1845 1536 2296 1604 παραγαγόντων,
2313 1533 2375 1586 06
2388 1552 2485 1598 τως
2508 1537 2794 1607 ἀκριϐέστε
2804 1554 2892 1608 ρον
2917 1539 3094 1591 αὐτῶν
3113 1538 3220 1608 χρὴ
3242 1540 3510 1592 ποιεῖσθαι

1843 1615 1943 1687 τὴν
1971 1616 2165 1669 ἐαυτοῦ
2208 1617 2552 1687 δοκιμασίαν·
2595 1618 2698 1672 κᾶν
2730 1619 3048 1686 ἀγνοοῦντες
3085 1620 3315 1673 ἕλκωσιν
3370 1623 3508 1674 ἐκεῖ.

1845 1717 1948 1765 νοι,
2007 1699 2300 1768 προσιόντα
2349 1699 2623 1754 διδάσκειν
2668 1701 2915 1771 ἀκριϐῶς
2955 1702 3052 1765 τὰς
3093 1703 3294 1766 αἰτίας,
3333 1703 3401 1757 δι’
3431 1698 3511 1758 ὧν

1846 1781 2232 1851 ἠπατημένους
2258 1781 2476 1845 παύσει,
2503 1785 2597 1836 1:01
2615 1785 2830 1848 ἀνάξιον
2853 1786 3043 1838 ἐαυτὸν
3071 1788 3169 1858 τῆς
3189 1787 3512 1858 δοκιμασίας

1846 1862 2135 1928 ἀποδείξας
2169 1862 2490 1934 ἐκφεύξεται
2517 1865 2785 1919 τοσούτων
2815 1868 3155 1938 πραγμάτων
3188 1868 3374 1937 δγκον.
3411 1870 3513 1922 Διά

1846 1947 1900 2002 τί
1923 1947 2032 2016 709
2067 1949 2194 2018 περί
2236 1948 2519 2018 στρατείας
2555 1953 2649 2001 1:01
2680 1950 2946 2020 ἐμπορίας
2979 1949 3072 2004 καὶ
3115 1951 3388 2021 γεωργίας
3418 1953 3513 2004 1:01

1847 2029 1956 2084 τῶν
1982 2028 2154 2084 ἄλλων
2205 2031 2313 2084 τῶν
2363 2030 2630 2100 βιωτικῶν
2679 2030 2873 2102 βουλῆς
2915 2032 3300 2103 προκειμένης,
3329 2031 3452 2085 οὔτε
3481 2033 3511 2084 0

1849 2113 2094 2184 γεωργὸς
2133 2113 2292 2166 ἕλοιτ’
2328 2114 2394 2167 ἂν
2427 2113 2600 2174 πλεῖν,
2629 2113 2752 2167 οὔτε
2801 2117 2828 2167 0
2862 2113 3200 2184 στρατιώτης
3224 2117 3508 2183 γεωργεῖν,

1850 2193 1974 2246 οὗτε
2003 2196 2030 2247 0
2063 2194 2404 2266 κυῆερνήτης
2434 2195 2844 2265 στρατεύεσθαι,
2870 2196 2971 2250 κάν
3003 2196 3229 2267 μυρίους
3244 2195 3327 2258 τίς
3352 2197 3514 2250 ἀπει-

1851 2278 1992 2351 λήσῃ
2028 2278 2046 2319 ί
2079 2277 2376 2342 θανάτους;
2435 2279 2505 2332 Ἦ
2558 2279 2715 2348 δῆλον
2767 2280 2848 2331 6::
2877 2279 2967 2332 τὸν
3005 2281 3068 2331 ἐκ
3105 2279 3204 2349 τῆς
3261 2280 3516 2350 ἀπειρίας

1853 2359 2227 2432 προορώμενοι
2265 2362 2505 2415 κίνδυνον
2533 2363 2778 2425 ἕκαστος.
2821 2361 2973 2426 Εἰτα,
3001 2363 3134 2415 ὅπου
3165 2363 3317 2434 μὲνὴ
3344 2363 3518 2436 ζημία

1856 2446 1987 2515 περὶ
2019 2445 2250 2515 μικρῶν,
2280 2443 2516 2516 τοσαύτῃ
2537 2443 2853 2515 χρησόμεθα
2879 2445 3124 2517 προνοίᾳ,
3149 2446 3240 2499 1:01
3263 2446 3362 2499 061:
3381 2446 3518 2512 εῐξο-

1860 2546 1959 2599 μεν
1985 2531 2051 2599 τῇ
2098 2528 2206 2581 τῶν
2251 2527 2582 2598 βιαζομένων
2633 2528 2882 2600 ἀνάγκῃ·
2929 2529 3063 2583 ὅπου
3110 2529 3164 2582 δὲ
3209 2533 3241 2601 ἡ
3297 2531 3519 2594 κόλασις

1858 2612 2076 2673 αἰώνιος
2113 2613 2225 2674 τοῖς
2255 2612 2354 2665 061:
2371 2611 2535 2664 εἰδόσι
2561 2610 2957 2682 μεταχειρίζειν
2993 2613 3311 2684 ἱερωσύνην,
3331 2613 3519 2679 ἁπλῶς

1859 2697 1952 2749 1:01
1985 2696 2062 2759 ὡς
2091 2697 2248 2766 ἔτυχε
2278 2693 2531 2748 τοσοῦτον
2568 2692 2935 2764 ἀναδεξόμεθα
2975 2694 3235 2760 κίνδυνον,
3267 2696 3369 2766 τὴν
3398 2697 3519 2751 ἐτέ-

1863 2795 1970 2850 ρων
2019 2778 2442 2849 προεαλλόμενοι
2497 2777 2656 2846 βίαν;
2701 2776 2839 2828 Ἀλλ’
2873 2777 2973 2831 οὑκ
3011 2777 3257 2843 ἀνέξεται
3283 2777 3456 2833 ταῦτα
3493 2781 3523 2833 0

1859 2864 1979 2916 τότε
2019 2861 2221 2932 κρίνων
2249 2863 2416 2931 ἡμᾶς.
2445 2858 2592 2912 Ἔδει
2628 2860 2724 2928 μὲν
2751 2859 2858 2930 γὰρ
2881 2861 2974 2912 1:01
3003 2861 3185 2931 πολλῷ
3211 2861 3378 2915 πλείω
3412 2863 3522 2916 τῶν

1863 2946 2141 3017 σαρκικῶν
2172 2945 2299 3015 περὶ
2323 2944 2393 2996 :0
2432 2942 2776 3012 πνευματικά
2803 2943 2900 3013 τὴν
2925 2944 3225 3012 ἀσφάλειαν
3251 2945 3523 3010 ἐπιδείξα-

1864 3029 2014 3082 σθαι·
2045 3027 2139 3081 νῦν
2170 3028 2226 3080 δέ
2257 3027 2375 3080 ούδέ
2418 3025 2540 3095 ῐσην
2575 3025 2941 3096 εὑρισκόμεθα
2973 3027 3357 3097 παρεχόμενοι.
3387 3027 3524 3082 Εἰπέ

1863 3112 1971 3180 γάρ
2007 3127 2116 3179 μοι,
2145 3107 2198 3160 εἴ
2229 3124 2351 3160 τινα
2376 3106 2812 3169 ὑποπτεύσαντες
2836 3106 3009 3176 ἀνδρα
3035 3103 3174 3159 εἰναι
3213 3107 3524 3162 τεκτονικὸν

1861 3196 1961 3247 οὑκ
1985 3193 2111 3245 ὅντα
2132 3189 2442 3244 τεκτονικὸν
2472 3191 2607 3260 πρὸς
2627 3190 2726 3259 τὴν
2753 3189 3012 3260 ἐργασίαν
3052 3190 3333 3259 καλοῖμεν,
3360 3190 3523 3256 06:0;

1863 3278 1920 3332 δὲ
1967 3278 2152 3329 ἕποιτο
2186 3273 2237 3338 i,
2283 3268 2401 3325 εἶτα
2447 3272 2722 3342 ἁψάμενος
2768 3273 2866 3342 τῆς
2916 3273 3054 3343 1:90;
3095 3273 3196 3344 τὴν
3236 3274 3524 3345 οἰκοδομὴν

1865 3357 2388 3430 παρεσκευασμένης
2433 3355 2586 3426 ὕλης,
2642 3355 2894 3425 ἀφανίζοι
2946 3358 3045 3426 μὲν
3087 3355 3239 3423 ξύλα,
3273 3357 3524 3427 ἀφανίζοι

1863 3443 1920 3497 δέ
1946 3441 2147 3505 λίθους,
2190 3441 2474 3511 ἐργάζοιτο
2525 3439 2581 3491 δὲ
2625 3439 2722 3510 τὴν
2773 3441 2948 3494 οἰκίαν
2978 3440 3170 3508 οὕτως,
3214 3441 3290 3504 ὡς
3325 3439 3526 3504 εὐθέως

1866 3528 2214 3589 καταπεσεῖν,
2257 3519 2366 3594 ἆρα
2393 3522 2618 3594 ἀρκέσει
2661 3522 2796 3592 πρὸς
2834 3523 3124 3591 ἀπολογίαν
3147 3523 3298 3594 αύτῷ
3319 3523 3380 3577 :0
3395 3524 3525 3595 παρ’

1868 3608 2072 3679 ἐτέρων
2099 3605 2462 3677 ἠναγκάσθαι,
2485 3607 2579 3657 1:01
2611 3605 2685 3676 μὴ
2723 3605 3160 3672 αὑτεπάγγελτον
3191 3606 3388 3675 ήκειν;
3422 3607 3528 3659 06-

1867 3691 2052 3760 δαμῶς
2071 3706 2085 3722 ·
2122 3690 2216 3743 καὶ
2243 3687 2387 3757 μάλα
2423 3704 2486 3754 γε
2527 3687 2749 3748 εἰκότως
2773 3686 2866 3738 1:01
2888 3685 3131 3750 δικαίως.
3176 3685 3374 3758 Ἐρχῆν
3395 3686 3526 3757 γὰρ,

1868 3773 1962 3828 καὶ
1983 3770 2183 3841 ἐτέρων
2216 3767 2545 3830 καλούντων,
2597 3767 2903 3837 ἀποπηδᾷν.
2955 3763 3088 3820 Εἶτα
3141 3767 3219 3839 τῷ
3253 3769 3351 3839 μὲν
3397 3767 3530 3833 ξύλα

1869 3854 2180 3923 ἀφανίζοντι
2211 3853 2302 3905 καὶ
2353 3850 2532 3912 λίθους
2564 3850 2788 3918 οὐδεμία
2826 3849 2978 3902 ἔσται
3004 3850 3292 3922 καταφυγὴ
3313 3851 3448 3921 πρὸς
3469 3851 3530 3903 :0

1874 3939 1948 4009 μὴ
1968 3936 2148 3991 δοῦναι
2168 3935 2323 4004 δίκην
2343 3950 2354 3962 ⁸
2380 3936 2408 3986 0
2435 3932 2490 3985 δὲ
2517 3932 2614 3993 τάς
2641 3930 2817 4000 ψυχὰς
2835 3931 3091 3995 ἀπολλὺς,
3113 3931 3208 3985 καὶ
3233 3933 3530 4002 οἰκοδομῶν

1871 4019 2108 4086 ἀμελῶς,
2157 4017 2256 4086 τὴν
2293 4017 2493 4085 ἐτέρων
2532 4013 2776 4083 ἀνάγκην
2819 4013 3065 4083 ἀποχρῆν
3105 4012 3254 4082 αὐτῷ
3294 4013 3428 4084 πρὸς
3471 4013 3532 4064 :0

1872 4103 2150 4172 διαφυγεῖν
2170 4099 2195 4137 ιι
2232 4099 2399 4150 οίεται
2426 4113 2440 4161 ;
2473 4097 2566 4148 καὶ
2599 4096 2714 4160 πῶς
2740 4097 2801 4148 06
2831 4096 2950 4149 λίαν
2987 4093 3177 4166 εύηθες
3198 4111 3212 4160 ;
3237 4093 3404 4148 Οὔπω
3425 4095 3531 4166 γὰρ

1875 4181 2225 4254 προστίθημι,
2276 4182 2356 4233 ὅτι
2406 4179 2495 4231 τὸν
2538 4179 2611 4248 μὴ
2650 4179 2969 4247 βουλόμενον
3008 4178 3182 4240 οὐδεὶς
3225 4177 3534 4245 ἀναγκάσαι

1873 4266 2178 4335 δυνήσεται.
2223 4261 2361 4314 Ἀλλ’
2406 4261 2544 4314 ἔστω
2607 4261 2806 4331 μυρίαν
2849 4261 3010 4315 αὑτὸν
3055 4261 3533 4331 ὑπομεμενηκέναι

1878 4350 2019 4420 βίαν,
2054 4350 2146 4399 καὶ
2187 4345 2433 4416 μηχανὰς
2468 4345 2856 4416 πολυτρόπους,
2889 4341 3038 4414 1407]
3071 4343 3211 4396 ὥστε
3241 4345 3496 4414 ἐμπεσεῖν
3518 4357 3530 4371 ⁸

1875 4433 2034 4486 τοῦτο
2063 4429 2156 4484 οὖν
2193 4430 2352 4482 αὑτὸν
2377 4429 2719 4498 ἐξαιρήσεται
2746 4429 2844 4496 τῆς
2865 4427 3135 4489 κολάσεως
3159 4443 3173 4491 ;
3209 4427 3320 4496 Μὴ,
3358 4441 3536 4495 παρα-

1879 4511 2047 4565 καλῶ.
2104 4511 2178 4579 μὴ
2218 4509 2308 4560 ἐπὶ
2339 4506 2591 4559 τοσοῦτον
2625 4507 2919 4574 ἀπατῶμεν
2961 4506 3205 4567 ἑαυτοὺς,
3237 4503 3368 4574 μηδὲ
3403 4503 3536 4555 ὑπο-

1880 4587 2191 4660 κρινώμεθα
2225 4589 2435 4653 ἀγνοεῖν
2472 4585 2539 4636 τά
2574 4587 2664 4636 καὶ
2703 4587 2812 4645 τοῖς
2841 4583 2978 4652 ἄγαν
3014 4583 3168 4635 παισὶ
3203 4583 3428 4654 φανερά.
3462 4583 3536 4635 υύ

1880 4659 1988 4739 709
2017 4668 2184 4736 δήπου
2225 4666 2318 4717 καὶ
2369 4663 2461 4716 ἐπὶ
2517 4663 2624 4714 τῶν
2657 4662 2891 4714 εὐθυνῶν
2947 4660 3083 4730 αῦτη
3120 4661 3218 4729 τῆς
3255 4659 3475 4725 ἀγνοίας
3503 4663 3536 4712 ᾖ

1883 4746 2240 4818 προσποίησις
2265 4745 2412 4813 ἡμᾶς
2439 4741 2716 4808 ὠφελῆσαι
2739 4740 3045 4808 δυνήσεται.
3066 4740 3179 4792 Οὐκ
3202 4739 3540 4802 ἐσπούδασας

1879 4817 2040 4888 06:0;
2086 4821 2287 4888 ταύτην
2331 4819 2584 4884 δέξασθαι
2633 4819 2730 4888 τὴν
2762 4817 2956 4887 ἀρχὴν,
3002 4817 3286 4873 ἀσθένειαν
3330 4817 3543 4886 σεαυτῴ

1881 4901 2167 4964 συνειδώς;
2198 4896 2256 4952 εὖ
2311 4900 2405 4951 1:01
2437 4898 2637 4960 καλῶς.
2693 4899 2889 4968 Ἐχρῆν
2943 4893 3036 4951 οὖν
3071 4898 3207 4967 μετὰ
3240 4898 3338 4968 τῆς
3373 4897 3541 4965 αὐτῆς

1879 4982 2272 5054 προαιρέσεως,
2296 4979 2389 5031 1:01
2419 4978 2619 5048 ἐτέρων
2642 4976 2965 5040 καλούντων,
3009 4978 3315 5050 ἀποπηδᾷν.
3350 4979 3417 5029 Ἦ
3453 4976 3543 5028 ὅτε

1885 5065 1982 5131 μὲν
2013 5061 2183 5122 οὐδεὶς
2213 5057 2412 5116 ἐκάλει,
2445 5056 2674 5124 ἀσθενὴς
2711 5057 2774 5108 σὺ
2809 5056 2902 5108 1:01
2931 5056 3030 5109 061:
3060 5058 3361 5127 ἐπιτήδειος
3382 5070 3393 5081 ·
3422 5055 3543 5107 ἐπεὶ

1880 5142 1937 5195 δέ
1987 5137 2002 5176 ι
2071 5138 2372 5207 εὑρέθησαν
2406 5137 2455 5187 οἰ
2482 5133 2744 5198 δώσοντες
2772 5135 2872 5206 τὴν
2916 5137 3106 5206 τιμὴν,
3142 5137 3366 5204 γέγονας
3397 5134 3542 5198 ἐξαί-

1883 5237 2018 5288 φνης
2053 5216 2302 5286 ἰσχυρός;
2338 5214 2511 5278 Γέλως
2541 5215 2710 5267 ταῦτα
2751 5215 2844 5267 καὶ
2884 5215 3048 5285 λῆρος
3081 5219 3171 5269 καὶ
3192 5216 3288 5284 τῆς
3309 5217 3544 5283 ἐσχάτης

1884 5299 2006 5363 ἄξια
2027 5295 2312 5366 τιμωρίας.
2340 5293 2439 5346 Διά
2470 5295 2578 5365 709
2599 5293 2757 5346 τοῦτο
2790 5293 2926 5347 1:010
2955 5294 3159 5366 Κύριος
3178 5297 3448 5363 παραινεῖ,
3471 5293 3544 5362 μὴ

1944 5441 1973 5479 h
2006 5443 2173 5479 Alii";

1953 5443 1973 5478 ξι
2001 5483 2011 5490 .
2045 5443 2093 5488 lii
2238 5482 2248 5490 .

1953 5509 1963 5540 ι
1995 5445 2086 5606 lii
2108 5459 2294 5562 άιπέἷλῇ.
2327 5501 2450 5550 Infra
2474 5499 2556 5550 alii
2580 5503 2660 5549 καί
2685 5502 2774 5550 ούκ
2797 5503 2853 5549 ἂν
2877 5503 3085 5562 εἷεωμεν.
3115 5498 3236 5549 Infra
3269 5497 3347 5546 alii
3373 5495 3544 5544 ἐπιδεί-

1953 5584 1996 5606 J".
2016 5583 2092 5606 λᾶι.

1973 5583 2092 5611 ουοιι.

1917 5583 2025 5611 νυςυ
2062 5583 2092 5610 ι.

1886 5584 1914 5613 κ
1957 5628 1969 5674 1
2009 5583 2059 5672 καί
2083 5631 2200 5682 quoi.
2221 5637 2332 5670 mss.
2363 5625 2603 5685 καλοῖμεν.
2637 5623 2698 5671 '0
2721 5625 2771 5671 δὲ
2795 5625 2971 5672 ἕποιτο.

1953 5688 1975 5724 k
2003 5679 2110 5732 διινί
2139 5724 2149 5733 .
2175 5694 2220 5730 ol
2243 5688 2426 5743 aliqum
2447 5679 2557 5733 més.
2589 5687 2702 5746 πρὸς
2723 5685 2777 5730 τὸ
2799 5683 3050 5746 διαφυγεῖν,
3074 5682 3243 5732 Morel.
3269 5687 3319 5730 el
3343 5680 3422 5730 alii
3439 5679 3547 5743 πρὸς

1893 5749 1945 5796 τὸ
1986 5751 2048 5808 μή
2074 5749 2219 5806 6:29.,
2249 5753 2294 5790 ιιι
2326 5746 2445 5794 infra
2468 5747 2548 5794 alii
2571 5744 2692 5792 ὥστε
2713 5748 2778 5806 μή
2807 5744 3042 5808 ἐμπεσεῖν.

1945 5809 1962 5848 ι
1993 5810 2090 5862 Alli
2113 5809 2268 5864 ἐπειδὴ
2292 5809 2358 5858 δέ.
