  <div class='ocr_page' id='page_1' title='image "/cluster/home/n/w/nwhite01/storage/ocr_20150623/48/nnc1.0046978267/145.png"; bbox 0 0 3860 6216; ppageno 0'>
   <div class='ocr_carea' id='block_1_1' title="bbox 266 302 371 358">
    <p class='ocr_par' dir='ltr' id='par_1_1' title="bbox 266 302 371 358">
     <span class='ocr_line' id='line_1_1' title="bbox 266 302 371 358; baseline 0.01 -3"><span class='ocrx_word' id='word_1_1' title='bbox 266 302 371 358; x_wconf 75' lang='lat' dir='ltr'>6C5</span> 
     </span>
    </p>
   </div>
   <div class='ocr_carea' id='block_1_2' title="bbox 266 397 1932 488">
    <p class='ocr_par' dir='ltr' id='par_1_2' title="bbox 266 397 1932 488">
     <span class='ocr_line' id='line_1_2' title="bbox 266 397 1932 488; baseline -0.013 -18"><span class='ocrx_word' id='word_1_2' title='bbox 266 417 527 488; x_wconf 85' lang='grc' dir='ltr'>πρότερον</span> <span class='ocrx_word' id='word_1_3' title='bbox 586 409 874 482; x_wconf 71' lang='grc' dir='ltr'>βάλλεσθαι</span> <span class='ocrx_word' id='word_1_4' title='bbox 909 406 1155 476; x_wconf 86' lang='grc' dir='ltr'>θεμέλιον</span> <span class='ocrx_word' id='word_1_5' title='bbox 1203 405 1294 456; x_wconf 72' lang='grc' dir='ltr'>τὸν</span> <span class='ocrx_word' id='word_1_6' title='bbox 1339 400 1659 471; x_wconf 87' lang='grc' dir='ltr'>βουλόμενον</span> <span class='ocrx_word' id='word_1_7' title='bbox 1724 397 1932 468; x_wconf 84' lang='grc' dir='ltr'>πύργον</span> 
     </span>
    </p>
   </div>
   <div class='ocr_carea' id='block_1_3' title="bbox 263 485 1934 573">
    <p class='ocr_par' dir='ltr' id='par_1_3' title="bbox 263 485 1934 573">
     <span class='ocr_line' id='line_1_3' title="bbox 263 485 1934 573; baseline -0.014 -15"><span class='ocrx_word' id='word_1_8' title='bbox 263 505 583 573; x_wconf 76' lang='grc' dir='ltr'>οτκοδομεῖν,</span> <span class='ocrx_word' id='word_1_9' title='bbox 628 500 755 569; x_wconf 76' lang='grc' dir='ltr'>πρὶν</span> <span class='ocrx_word' id='word_1_10' title='bbox 781 499 813 569; x_wconf 80' lang='grc' dir='ltr'>ἢ</span> <span class='ocrx_word' id='word_1_11' title='bbox 841 499 938 566; x_wconf 78' lang='grc' dir='ltr'>τὴν</span> <span class='ocrx_word' id='word_1_12' title='bbox 983 494 1188 547; x_wconf 91' lang='grc' dir='ltr'>οίκείαν</span> <span class='ocrx_word' id='word_1_13' title='bbox 1229 485 1652 557; x_wconf 85' lang='grc' dir='ltr'>ἀναλογίσασθαι</span> <span class='ocrx_word' id='word_1_14' title='bbox 1682 485 1934 554; x_wconf 78' lang='grc' dir='ltr'>δύναμιν,</span> 
     </span>
    </p>
   </div>
   <div class='ocr_carea' id='block_1_4' title="bbox 265 572 1937 662">
    <p class='ocr_par' dir='ltr' id='par_1_4' title="bbox 265 572 1937 662">
     <span class='ocr_line' id='line_1_4' title="bbox 265 572 1937 662; baseline -0.014 -17"><span class='ocrx_word' id='word_1_15' title='bbox 265 593 352 646; x_wconf 86' lang='grc' dir='ltr'>ῐνα</span> <span class='ocrx_word' id='word_1_16' title='bbox 391 572 464 662; x_wconf 72' lang='grc' dir='ltr'>μη</span> <span class='ocrx_word' id='word_1_17' title='bbox 484 589 558 660; x_wconf 83' lang='grc' dir='ltr'>δῷ</span> <span class='ocrx_word' id='word_1_18' title='bbox 589 591 702 649; x_wconf 86' lang='grc' dir='ltr'>τοῖς</span> <span class='ocrx_word' id='word_1_19' title='bbox 733 581 990 653; x_wconf 80' lang='grc' dir='ltr'>παριοῦσι</span> <span class='ocrx_word' id='word_1_20' title='bbox 1023 579 1220 650; x_wconf 85' lang='grc' dir='ltr'>μυρίας</span> <span class='ocrx_word' id='word_1_21' title='bbox 1251 575 1505 646; x_wconf 81' lang='grc' dir='ltr'>ἀφορμάς</span> <span class='ocrx_word' id='word_1_22' title='bbox 1523 573 1815 645; x_wconf 76' lang='grc' dir='ltr'>χλευασίας</span> <span class='ocrx_word' id='word_1_23' title='bbox 1839 572 1937 640; x_wconf 85' lang='grc' dir='ltr'>τῆς</span> 
     </span>
    </p>
   </div>
   <div class='ocr_carea' id='block_1_5' title="bbox 265 658 1935 744">
    <p class='ocr_par' dir='ltr' id='par_1_5' title="bbox 265 658 1935 744">
     <span class='ocr_line' id='line_1_5' title="bbox 265 658 1935 744; baseline -0.014 -12"><span class='ocrx_word' id='word_1_24' title='bbox 265 681 345 744; x_wconf 81' lang='grc' dir='ltr'>εἰς</span> <span class='ocrx_word' id='word_1_25' title='bbox 377 658 557 732; x_wconf 79' lang='grc' dir='ltr'>αὐτόν.</span> <span class='ocrx_word' id='word_1_26' title='bbox 594 674 732 728; x_wconf 83' lang='grc' dir='ltr'>Ἀλλ’</span> <span class='ocrx_word' id='word_1_27' title='bbox 757 671 950 738; x_wconf 85' lang='grc' dir='ltr'>ἐκείνῳ</span> <span class='ocrx_word' id='word_1_28' title='bbox 983 667 1079 738; x_wconf 83' lang='grc' dir='ltr'>μὲν</span> <span class='ocrx_word' id='word_1_29' title='bbox 1107 680 1131 706; x_wconf 70' lang='lat'><strong><em>8</em></strong></span> <span class='ocrx_word' id='word_1_30' title='bbox 1169 665 1330 735; x_wconf 87' lang='grc' dir='ltr'>μέχρι</span> <span class='ocrx_word' id='word_1_31' title='bbox 1379 662 1473 715; x_wconf 91' lang='grc' dir='ltr'>τοῦ</span> <span class='ocrx_word' id='word_1_32' title='bbox 1502 661 1738 730; x_wconf 82' lang='grc' dir='ltr'>γέλωτος</span> <span class='ocrx_word' id='word_1_33' title='bbox 1767 662 1800 729; x_wconf 81' lang='grc' dir='ltr'><strong>ὴ</strong></span> <span class='ocrx_word' id='word_1_34' title='bbox 1836 658 1935 728; x_wconf 75' lang='grc' dir='ltr'>ζη-</span> 
     </span>
    </p>
   </div>
   <div class='ocr_carea' id='block_1_6' title="bbox 270 744 1939 838">
    <p class='ocr_par' dir='ltr' id='par_1_6' title="bbox 270 744 1939 838">
     <span class='ocr_line' id='line_1_6' title="bbox 270 744 1939 838; baseline -0.014 -19"><span class='ocrx_word' id='word_1_35' title='bbox 270 767 399 838; x_wconf 90' lang='grc' dir='ltr'>μία·</span> <span class='ocrx_word' id='word_1_36' title='bbox 434 763 666 818; x_wconf 90' lang='grc' dir='ltr'>ἐνταῦθα</span> <span class='ocrx_word' id='word_1_37' title='bbox 695 760 751 814; x_wconf 84' lang='grc' dir='ltr'>δὲ</span> <span class='ocrx_word' id='word_1_38' title='bbox 779 762 811 828; x_wconf 81' lang='grc' dir='ltr'>ἡ</span> <span class='ocrx_word' id='word_1_39' title='bbox 843 757 1062 817; x_wconf 88' lang='grc' dir='ltr'>κόλασις</span> <span class='ocrx_word' id='word_1_40' title='bbox 1115 753 1226 822; x_wconf 90' lang='grc' dir='ltr'>πῦρ</span> <span class='ocrx_word' id='word_1_41' title='bbox 1259 751 1542 814; x_wconf 84' lang='grc' dir='ltr'>ἄσϐεστον,</span> <span class='ocrx_word' id='word_1_42' title='bbox 1582 749 1676 800; x_wconf 80' lang='grc' dir='ltr'>καί</span> <span class='ocrx_word' id='word_1_43' title='bbox 1722 744 1939 813; x_wconf 81' lang='grc' dir='ltr'>σκώληξ</span> 
     </span>
    </p>
   </div>
   <div class='ocr_carea' id='block_1_7' title="bbox 265 833 1936 922">
    <p class='ocr_par' dir='ltr' id='par_1_7' title="bbox 265 833 1936 922">
     <span class='ocr_line' id='line_1_7' title="bbox 265 833 1936 922; baseline -0.014 -15"><span class='ocrx_word' id='word_1_44' title='bbox 265 833 637 922; x_wconf 81' lang='grc' dir='ltr'>ἀτελεύτητος,</span> <span class='ocrx_word' id='word_1_45' title='bbox 663 849 757 903; x_wconf 80' lang='grc' dir='ltr'>καῖ</span> <span class='ocrx_word' id='word_1_46' title='bbox 781 843 1023 918; x_wconf 75' lang='grc' dir='ltr'>βρυγμὸς</span> <span class='ocrx_word' id='word_1_47' title='bbox 1039 841 1289 901; x_wconf 83' lang='grc' dir='ltr'>ὀδόντων,</span> <span class='ocrx_word' id='word_1_48' title='bbox 1318 837 1412 890; x_wconf 78' lang='grc' dir='ltr'>καί</span> <span class='ocrx_word' id='word_1_49' title='bbox 1438 837 1625 898; x_wconf 89' lang='grc' dir='ltr'>σκότος</span> <span class='ocrx_word' id='word_1_50' title='bbox 1652 833 1936 904; x_wconf 84' lang='grc' dir='ltr'>ἐξώτερον,</span> 
     </span>
    </p>
   </div>
   <div class='ocr_carea' id='block_1_8' title="bbox 266 919 1942 1005">
    <p class='ocr_par' dir='ltr' id='par_1_8' title="bbox 266 919 1942 1005">
     <span class='ocr_line' id='line_1_8' title="bbox 266 919 1942 1005; baseline -0.015 -12"><span class='ocrx_word' id='word_1_51' title='bbox 266 939 356 992; x_wconf 78' lang='grc' dir='ltr'>καί</span> <span class='ocrx_word' id='word_1_52' title='bbox 385 938 444 990; x_wconf 81' lang='grc' dir='ltr'>τὸ</span> <span class='ocrx_word' id='word_1_53' title='bbox 472 919 914 1005; x_wconf 83' lang='grc' dir='ltr'>διχοτομηθῆναι,</span> <span class='ocrx_word' id='word_1_54' title='bbox 940 927 1034 980; x_wconf 80' lang='grc' dir='ltr'>καὶ</span> <span class='ocrx_word' id='word_1_55' title='bbox 1059 926 1119 978; x_wconf 81' lang='grc' dir='ltr'>τὸ</span> <span class='ocrx_word' id='word_1_56' title='bbox 1149 924 1390 994; x_wconf 80' lang='grc' dir='ltr'>παγῆναι</span> <span class='ocrx_word' id='word_1_57' title='bbox 1415 921 1553 991; x_wconf 90' lang='grc' dir='ltr'>μετά</span> <span class='ocrx_word' id='word_1_58' title='bbox 1572 919 1680 972; x_wconf 91' lang='grc' dir='ltr'>τῶν</span> <span class='ocrx_word' id='word_1_59' title='bbox 1715 920 1942 988; x_wconf 85' lang='grc' dir='ltr'>ὐποκρι-</span> 
     </span>
    </p>
   </div>
   <div class='ocr_carea' id='block_1_9' title="bbox 263 1005 1940 1079">
    <p class='ocr_par' dir='ltr' id='par_1_9' title="bbox 263 1005 1940 1079">
     <span class='ocr_line' id='line_1_9' title="bbox 263 1005 1940 1079; baseline -0.014 0"><span class='ocrx_word' id='word_1_60' title='bbox 263 1026 388 1079; x_wconf 86' lang='grc' dir='ltr'>τῶν.</span> <span class='ocrx_word' id='word_1_61' title='bbox 423 1024 562 1076; x_wconf 75' lang='grc' dir='ltr'>Ἀλλ’</span> <span class='ocrx_word' id='word_1_62' title='bbox 584 1022 735 1075; x_wconf 76' lang='grc' dir='ltr'>οὐδὲν</span> <span class='ocrx_word' id='word_1_63' title='bbox 757 1018 962 1072; x_wconf 88' lang='grc' dir='ltr'>τούτων</span> <span class='ocrx_word' id='word_1_64' title='bbox 979 1014 1254 1068; x_wconf 82' lang='grc' dir='ltr'>ἐθέλουσιν</span> <span class='ocrx_word' id='word_1_65' title='bbox 1282 1011 1409 1064; x_wconf 86' lang='grc' dir='ltr'>ἰδεῖν</span> <span class='ocrx_word' id='word_1_66' title='bbox 1432 1011 1480 1062; x_wconf 85' lang='grc' dir='ltr'>οἰ</span> <span class='ocrx_word' id='word_1_67' title='bbox 1505 1005 1940 1077; x_wconf 89' lang='grc' dir='ltr'>κατηγοροῦντες</span> 
     </span>
    </p>
   </div>
   <div class='ocr_carea' id='block_1_10' title="bbox 265 1091 1945 1184">
    <p class='ocr_par' dir='ltr' id='par_1_10' title="bbox 265 1091 1945 1184">
     <span class='ocr_line' id='line_1_10' title="bbox 265 1091 1945 1184; baseline -0.014 -18"><span class='ocrx_word' id='word_1_68' title='bbox 265 1112 449 1184; x_wconf 79' lang='grc' dir='ltr'>ἡμῶν·</span> <span class='ocrx_word' id='word_1_69' title='bbox 479 1106 513 1181; x_wconf 77' lang='grc' dir='ltr'><strong>ἦ</strong></span> <span class='ocrx_word' id='word_1_70' title='bbox 547 1109 657 1180; x_wconf 78' lang='grc' dir='ltr'>γὰρ</span> <span class='ocrx_word' id='word_1_71' title='bbox 684 1108 748 1161; x_wconf 81' lang='grc' dir='ltr'>ἂν</span> <span class='ocrx_word' id='word_1_72' title='bbox 788 1104 1098 1159; x_wconf 77' lang='grc' dir='ltr'>ἐπαύσαντο</span> <span class='ocrx_word' id='word_1_73' title='bbox 1151 1099 1494 1170; x_wconf 86' lang='grc' dir='ltr'>μεμφόμενοι</span> <span class='ocrx_word' id='word_1_74' title='bbox 1531 1096 1558 1134; x_wconf 73' lang='lat' dir='ltr'><strong>b</strong></span> <span class='ocrx_word' id='word_1_75' title='bbox 1584 1095 1674 1147; x_wconf 89' lang='grc' dir='ltr'>τὸν</span> <span class='ocrx_word' id='word_1_76' title='bbox 1706 1094 1806 1146; x_wconf 85' lang='grc' dir='ltr'>οὐκ</span> <span class='ocrx_word' id='word_1_77' title='bbox 1831 1091 1945 1145; x_wconf 83' lang='grc' dir='ltr'>ἐθέ-</span> 
     </span>
    </p>
   </div>
   <div class='ocr_carea' id='block_1_11' title="bbox 265 1180 1944 1265">
    <p class='ocr_par' dir='ltr' id='par_1_11' title="bbox 265 1180 1944 1265">
     <span class='ocr_line' id='line_1_11' title="bbox 265 1180 1944 1265; baseline -0.014 -10"><span class='ocrx_word' id='word_1_78' title='bbox 265 1180 425 1255; x_wconf 76' lang='grc' dir='ltr'>λοντα</span> <span class='ocrx_word' id='word_1_79' title='bbox 453 1180 748 1253; x_wconf 84' lang='grc' dir='ltr'>ἀπολέσθαι</span> <span class='ocrx_word' id='word_1_80' title='bbox 776 1194 972 1265; x_wconf 80' lang='grc' dir='ltr'>μάτην.</span> <span class='ocrx_word' id='word_1_81' title='bbox 993 1191 1105 1244; x_wconf 72' lang='grc' dir='ltr'>Οὐκ</span> <span class='ocrx_word' id='word_1_82' title='bbox 1141 1190 1287 1242; x_wconf 78' lang='grc' dir='ltr'>ἐστιν</span> <span class='ocrx_word' id='word_1_83' title='bbox 1313 1188 1445 1256; x_wconf 80' lang='grc' dir='ltr'>ἡμῖν</span> <span class='ocrx_word' id='word_1_84' title='bbox 1475 1185 1603 1254; x_wconf 84' lang='grc' dir='ltr'>περί</span> <span class='ocrx_word' id='word_1_85' title='bbox 1631 1180 1944 1251; x_wconf 84' lang='grc' dir='ltr'>οἰκονομίας</span> 
     </span>
    </p>
   </div>
   <div class='ocr_carea' id='block_1_12' title="bbox 269 1269 1944 1359">
    <p class='ocr_par' dir='ltr' id='par_1_12' title="bbox 269 1269 1944 1359">
     <span class='ocr_line' id='line_1_12' title="bbox 269 1269 1944 1359; baseline -0.014 -16"><span class='ocrx_word' id='word_1_86' title='bbox 269 1287 441 1359; x_wconf 86' lang='grc' dir='ltr'>πυροῦ</span> <span class='ocrx_word' id='word_1_87' title='bbox 471 1288 566 1340; x_wconf 79' lang='grc' dir='ltr'>καὶ</span> <span class='ocrx_word' id='word_1_88' title='bbox 595 1283 822 1356; x_wconf 87' lang='grc' dir='ltr'>κριθῶν,</span> <span class='ocrx_word' id='word_1_89' title='bbox 849 1280 971 1334; x_wconf 82' lang='grc' dir='ltr'>ούδέ</span> <span class='ocrx_word' id='word_1_90' title='bbox 1007 1276 1146 1348; x_wconf 86' lang='grc' dir='ltr'>βοῶν</span> <span class='ocrx_word' id='word_1_91' title='bbox 1175 1277 1270 1328; x_wconf 79' lang='grc' dir='ltr'>καὶ</span> <span class='ocrx_word' id='word_1_92' title='bbox 1309 1271 1618 1342; x_wconf 84' lang='grc' dir='ltr'>προϐάτων,</span> <span class='ocrx_word' id='word_1_93' title='bbox 1653 1269 1774 1322; x_wconf 83' lang='grc' dir='ltr'>οὺδέ</span> <span class='ocrx_word' id='word_1_94' title='bbox 1813 1269 1944 1338; x_wconf 76' lang='grc' dir='ltr'>περὶ</span> 
     </span>
    </p>
   </div>
   <div class='ocr_carea' id='block_1_13' title="bbox 265 1356 1945 1440">
    <p class='ocr_par' dir='ltr' id='par_1_13' title="bbox 265 1356 1945 1440">
     <span class='ocr_line' id='line_1_13' title="bbox 265 1356 1945 1440; baseline -0.014 -10"><span class='ocrx_word' id='word_1_95' title='bbox 265 1356 524 1428; x_wconf 77' lang='grc' dir='ltr'>τοιούτων</span> <span class='ocrx_word' id='word_1_96' title='bbox 560 1371 735 1426; x_wconf 83' lang='grc' dir='ltr'>ἄλλων</span> <span class='ocrx_word' id='word_1_97' title='bbox 769 1372 802 1440; x_wconf 83' lang='grc' dir='ltr'><strong>ή</strong></span> <span class='ocrx_word' id='word_1_98' title='bbox 832 1367 1024 1436; x_wconf 77' lang='grc' dir='ltr'>σκέψις</span> <span class='ocrx_word' id='word_1_99' title='bbox 1050 1367 1083 1434; x_wconf 84' lang='grc' dir='ltr'><strong>ἡ</strong></span> <span class='ocrx_word' id='word_1_100' title='bbox 1121 1361 1458 1434; x_wconf 81' lang='grc' dir='ltr'>προκειμένη</span> <span class='ocrx_word' id='word_1_101' title='bbox 1493 1359 1610 1422; x_wconf 91' lang='grc' dir='ltr'>νῦν,</span> <span class='ocrx_word' id='word_1_102' title='bbox 1653 1356 1767 1410; x_wconf 85' lang='grc' dir='ltr'>ἀλλ’</span> <span class='ocrx_word' id='word_1_103' title='bbox 1803 1356 1945 1428; x_wconf 81' lang='grc' dir='ltr'>ὺπέρ</span> 
     </span>
    </p>
   </div>
   <div class='ocr_carea' id='block_1_14' title="bbox 266 1445 1944 1533">
    <p class='ocr_par' dir='ltr' id='par_1_14' title="bbox 266 1445 1944 1533">
     <span class='ocr_line' id='line_1_14' title="bbox 266 1445 1944 1533; baseline -0.016 -8"><span class='ocrx_word' id='word_1_104' title='bbox 266 1468 430 1526; x_wconf 79' lang='grc' dir='ltr'>αὐτοῦ</span> <span class='ocrx_word' id='word_1_105' title='bbox 464 1466 556 1519; x_wconf 88' lang='grc' dir='ltr'>τοῦ</span> <span class='ocrx_word' id='word_1_106' title='bbox 592 1463 843 1533; x_wconf 81' lang='grc' dir='ltr'>σώματος</span> <span class='ocrx_word' id='word_1_107' title='bbox 873 1457 970 1511; x_wconf 91' lang='grc' dir='ltr'>τοῦ</span> <span class='ocrx_word' id='word_1_108' title='bbox 1019 1453 1212 1523; x_wconf 83' lang='grc' dir='ltr'>Ἰησοῦ.</span> <span class='ocrx_word' id='word_1_109' title='bbox 1262 1451 1327 1502; x_wconf 83' lang='grc' dir='ltr'>’Π</span> <span class='ocrx_word' id='word_1_110' title='bbox 1369 1451 1476 1521; x_wconf 84' lang='grc' dir='ltr'>γὰρ</span> <span class='ocrx_word' id='word_1_111' title='bbox 1522 1447 1816 1518; x_wconf 78' lang='grc' dir='ltr'>Ἐκκλησία</span> <span class='ocrx_word' id='word_1_112' title='bbox 1850 1445 1944 1500; x_wconf 91' lang='grc' dir='ltr'>τοῦ</span> 
     </span>
    </p>
   </div>
   <div class='ocr_carea' id='block_1_15' title="bbox 265 1532 1944 1629">
    <p class='ocr_par' dir='ltr' id='par_1_15' title="bbox 265 1532 1944 1629">
     <span class='ocr_line' id='line_1_15' title="bbox 265 1532 1944 1629; baseline -0.015 -17"><span class='ocrx_word' id='word_1_113' title='bbox 265 1554 530 1629; x_wconf 81' lang='grc' dir='ltr'>Χριστοῦ.</span> <span class='ocrx_word' id='word_1_114' title='bbox 571 1532 712 1605; x_wconf 82' lang='grc' dir='ltr'>κατά</span> <span class='ocrx_word' id='word_1_115' title='bbox 771 1548 861 1600; x_wconf 78' lang='grc' dir='ltr'>τὸν</span> <span class='ocrx_word' id='word_1_116' title='bbox 925 1543 1196 1616; x_wconf 87' lang='grc' dir='ltr'>μακάριον</span> <span class='ocrx_word' id='word_1_117' title='bbox 1237 1538 1469 1599; x_wconf 87' lang='grc' dir='ltr'>Παῦλον,</span> <span class='ocrx_word' id='word_1_118' title='bbox 1508 1536 1669 1606; x_wconf 88' lang='grc' dir='ltr'>σῶμά</span> <span class='ocrx_word' id='word_1_119' title='bbox 1700 1537 1814 1587; x_wconf 92' lang='grc' dir='ltr'>ἐστι</span> <span class='ocrx_word' id='word_1_120' title='bbox 1849 1532 1944 1587; x_wconf 86' lang='grc' dir='ltr'>τοῦ</span> 
     </span>
    </p>
   </div>
   <div class='ocr_carea' id='block_1_16' title="bbox 266 1621 1947 1718">
    <p class='ocr_par' dir='ltr' id='par_1_16' title="bbox 266 1621 1947 1718">
     <span class='ocr_line' id='line_1_16' title="bbox 266 1621 1947 1718; baseline -0.015 -18"><span class='ocrx_word' id='word_1_121' title='bbox 266 1642 506 1718; x_wconf 82' lang='grc' dir='ltr'>Χριστοῦ</span> <span class='ocrx_word' id='word_1_122' title='bbox 525 1657 536 1668; x_wconf 83' lang='grc'><strong>’</strong></span> <span class='ocrx_word' id='word_1_123' title='bbox 563 1637 658 1692; x_wconf 67' lang='grc' dir='ltr'>καὶ</span> <span class='ocrx_word' id='word_1_124' title='bbox 687 1636 768 1690; x_wconf 88' lang='grc' dir='ltr'>δεῖ</span> <span class='ocrx_word' id='word_1_125' title='bbox 814 1634 903 1687; x_wconf 86' lang='grc' dir='ltr'>τὸν</span> <span class='ocrx_word' id='word_1_126' title='bbox 933 1630 1092 1685; x_wconf 87' lang='grc' dir='ltr'>τοῦτο</span> <span class='ocrx_word' id='word_1_127' title='bbox 1118 1625 1551 1696; x_wconf 73' lang='grc' dir='ltr'>πεπιστευμένον</span> <span class='ocrx_word' id='word_1_128' title='bbox 1569 1635 1599 1672; x_wconf 68' lang='grc' dir='ltr'><strong><em>ι</em></strong></span> <span class='ocrx_word' id='word_1_129' title='bbox 1631 1625 1709 1686; x_wconf 87' lang='grc' dir='ltr'>είς</span> <span class='ocrx_word' id='word_1_130' title='bbox 1737 1621 1947 1688; x_wconf 79' lang='grc' dir='ltr'>εὐεξίαν</span> 
     </span>
    </p>
   </div>
   <div class='ocr_carea' id='block_1_17' title="bbox 266 1707 1946 1795">
    <p class='ocr_par' dir='ltr' id='par_1_17' title="bbox 266 1707 1946 1795">
     <span class='ocr_line' id='line_1_17' title="bbox 266 1707 1946 1795; baseline -0.016 -8"><span class='ocrx_word' id='word_1_131' title='bbox 266 1707 399 1788; x_wconf 77' lang='grc' dir='ltr'>αύτὺ</span> <span class='ocrx_word' id='word_1_132' title='bbox 431 1727 631 1795; x_wconf 83' lang='grc' dir='ltr'>πολλὴν</span> <span class='ocrx_word' id='word_1_133' title='bbox 678 1723 770 1776; x_wconf 76' lang='grc' dir='ltr'>καὶ</span> <span class='ocrx_word' id='word_1_134' title='bbox 810 1719 1004 1782; x_wconf 89' lang='grc' dir='ltr'>κάλλος</span> <span class='ocrx_word' id='word_1_135' title='bbox 1040 1718 1321 1786; x_wconf 88' lang='grc' dir='ltr'>ἀμήχανον</span> <span class='ocrx_word' id='word_1_136' title='bbox 1355 1713 1604 1777; x_wconf 84' lang='grc' dir='ltr'>ἐξασκεῖν</span> <span class='ocrx_word' id='word_1_137' title='bbox 1626 1750 1640 1773; x_wconf 97' lang='grc'>,</span> <span class='ocrx_word' id='word_1_138' title='bbox 1669 1707 1946 1778; x_wconf 78' lang='grc' dir='ltr'>πανταχοῦ</span> 
     </span>
    </p>
   </div>
   <div class='ocr_carea' id='block_1_18' title="bbox 266 1795 1951 1888">
    <p class='ocr_par' dir='ltr' id='par_1_18' title="bbox 266 1795 1951 1888">
     <span class='ocr_line' id='line_1_18' title="bbox 266 1795 1951 1888; baseline -0.02 -16"><span class='ocrx_word' id='word_1_139' title='bbox 266 1813 728 1888; x_wconf 80' lang='grc' dir='ltr'>περισκοποῦντα,</span> <span class='ocrx_word' id='word_1_140' title='bbox 758 1809 831 1878; x_wconf 87' lang='grc' dir='ltr'>μή</span> <span class='ocrx_word' id='word_1_141' title='bbox 851 1824 952 1859; x_wconf 91' lang='grc' dir='ltr'>που</span> <span class='ocrx_word' id='word_1_142' title='bbox 980 1804 1190 1866; x_wconf 87' lang='grc' dir='ltr'>σπῖλος,</span> <span class='ocrx_word' id='word_1_143' title='bbox 1218 1801 1250 1872; x_wconf 83' lang='grc' dir='ltr'>ἢ</span> <span class='ocrx_word' id='word_1_144' title='bbox 1288 1801 1460 1872; x_wconf 67' lang='grc' dir='ltr'>ῥυτὶς,</span> <span class='ocrx_word' id='word_1_145' title='bbox 1480 1799 1514 1869; x_wconf 70' lang='grc' dir='ltr'><strong>ἡ</strong></span> <span class='ocrx_word' id='word_1_146' title='bbox 1541 1816 1624 1861; x_wconf 85' lang='grc' dir='ltr'>τις</span> <span class='ocrx_word' id='word_1_147' title='bbox 1653 1797 1810 1859; x_wconf 82' lang='grc' dir='ltr'>ἄλλος</span> <span class='ocrx_word' id='word_1_148' title='bbox 1837 1795 1951 1865; x_wconf 84' lang='grc' dir='ltr'>μῶ-</span> 
     </span>
    </p>
   </div>
   <div class='ocr_carea' id='block_1_19' title="bbox 271 1883 1951 1978">
    <p class='ocr_par' dir='ltr' id='par_1_19' title="bbox 271 1883 1951 1978">
     <span class='ocr_line' id='line_1_19' title="bbox 271 1883 1951 1978; baseline -0.015 -19"><span class='ocrx_word' id='word_1_149' title='bbox 271 1923 370 1978; x_wconf 89' lang='grc' dir='ltr'>μος</span> <span class='ocrx_word' id='word_1_150' title='bbox 409 1901 648 1962; x_wconf 84' lang='grc' dir='ltr'>τοιοῦτος</span> <span class='ocrx_word' id='word_1_151' title='bbox 675 1899 773 1966; x_wconf 78' lang='grc' dir='ltr'>τὴν</span> <span class='ocrx_word' id='word_1_152' title='bbox 809 1895 959 1965; x_wconf 88' lang='grc' dir='ltr'>ῶραν</span> <span class='ocrx_word' id='word_1_153' title='bbox 1059 1892 1154 1944; x_wconf 79' lang='grc' dir='ltr'>καὶ</span> <span class='ocrx_word' id='word_1_154' title='bbox 1204 1889 1301 1959; x_wconf 80' lang='grc' dir='ltr'>τὴν</span> <span class='ocrx_word' id='word_1_155' title='bbox 1329 1887 1662 1959; x_wconf 77' lang='grc' dir='ltr'>εὐπρέπειαν</span> <span class='ocrx_word' id='word_1_156' title='bbox 1693 1883 1951 1954; x_wconf 81' lang='grc' dir='ltr'>λυμαινό-</span> 
     </span>
    </p>
   </div>
   <div class='ocr_carea' id='block_1_20' title="bbox 272 1969 1949 2063">
    <p class='ocr_par' dir='ltr' id='par_1_20' title="bbox 272 1969 1949 2063">
     <span class='ocr_line' id='line_1_20' title="bbox 272 1969 1949 2063; baseline -0.014 -18"><span class='ocrx_word' id='word_1_157' title='bbox 272 1969 430 2063; x_wconf 79' lang='grc' dir='ltr'>μενος</span> <span class='ocrx_word' id='word_1_158' title='bbox 457 1987 691 2056; x_wconf 90' lang='grc' dir='ltr'>ἐκείνην.</span> <span class='ocrx_word' id='word_1_159' title='bbox 719 1983 828 2037; x_wconf 64' lang='grc' dir='ltr'>Καὶ</span> <span class='ocrx_word' id='word_1_160' title='bbox 857 1982 908 2034; x_wconf 86' lang='grc' dir='ltr'>τί</span> <span class='ocrx_word' id='word_1_161' title='bbox 938 1981 1045 2050; x_wconf 72' lang='grc' dir='ltr'>γάρ</span> <span class='ocrx_word' id='word_1_162' title='bbox 1079 1978 1190 2030; x_wconf 76' lang='grc' dir='ltr'>ἀλλ’</span> <span class='ocrx_word' id='word_1_163' title='bbox 1219 1977 1252 2046; x_wconf 84' lang='grc' dir='ltr'>ἢ</span> <span class='ocrx_word' id='word_1_164' title='bbox 1287 1975 1386 2044; x_wconf 85' lang='grc' dir='ltr'>τῆς</span> <span class='ocrx_word' id='word_1_165' title='bbox 1418 1970 1775 2042; x_wconf 70' lang='grc' dir='ltr'>ἐπικειμένης</span> <span class='ocrx_word' id='word_1_166' title='bbox 1797 1969 1949 2040; x_wconf 76' lang='grc' dir='ltr'>αὐτῷ</span> 
     </span>
    </p>
   </div>
   <div class='ocr_carea' id='block_1_21' title="bbox 269 2058 1950 2146">
    <p class='ocr_par' dir='ltr' id='par_1_21' title="bbox 269 2058 1950 2146">
     <span class='ocr_line' id='line_1_21' title="bbox 269 2058 1950 2146; baseline -0.013 -14"><span class='ocrx_word' id='word_1_167' title='bbox 269 2058 534 2146; x_wconf 76' lang='grc' dir='ltr'>κεφαλῆς,</span> <span class='ocrx_word' id='word_1_168' title='bbox 565 2074 665 2143; x_wconf 83' lang='grc' dir='ltr'>τῆς</span> <span class='ocrx_word' id='word_1_169' title='bbox 705 2069 981 2141; x_wconf 77' lang='grc' dir='ltr'>ἀκηράτου</span> <span class='ocrx_word' id='word_1_170' title='bbox 1012 2067 1104 2119; x_wconf 77' lang='grc' dir='ltr'>καὶ</span> <span class='ocrx_word' id='word_1_171' title='bbox 1141 2063 1439 2135; x_wconf 76' lang='grc' dir='ltr'>μακαρίας,</span> <span class='ocrx_word' id='word_1_172' title='bbox 1464 2061 1612 2126; x_wconf 83' lang='grc' dir='ltr'>ἀξιον</span> <span class='ocrx_word' id='word_1_173' title='bbox 1635 2059 1770 2112; x_wconf 78' lang='grc' dir='ltr'>αὐτὸ</span> <span class='ocrx_word' id='word_1_174' title='bbox 1806 2058 1950 2112; x_wconf 87' lang='grc' dir='ltr'>κατά</span> 
     </span>
    </p>
   </div>
   <div class='ocr_carea' id='block_1_22' title="bbox 269 2145 1952 2233">
    <p class='ocr_par' dir='ltr' id='par_1_22' title="bbox 269 2145 1952 2233">
     <span class='ocr_line' id='line_1_22' title="bbox 269 2145 1952 2233; baseline -0.013 -16"><span class='ocrx_word' id='word_1_175' title='bbox 269 2145 498 2232; x_wconf 82' lang='grc' dir='ltr'>δύναμιν</span> <span class='ocrx_word' id='word_1_176' title='bbox 525 2159 621 2233; x_wconf 78' lang='grc' dir='ltr'>τὴν</span> <span class='ocrx_word' id='word_1_177' title='bbox 658 2154 1003 2226; x_wconf 80' lang='grc' dir='ltr'>ἀνθρωπείαν</span> <span class='ocrx_word' id='word_1_178' title='bbox 1050 2149 1409 2217; x_wconf 74' lang='grc' dir='ltr'>ἀποφαίνεινς</span> <span class='ocrx_word' id='word_1_179' title='bbox 1458 2147 1520 2199; x_wconf 85' lang='grc' dir='ltr'>Εἰ</span> <span class='ocrx_word' id='word_1_180' title='bbox 1544 2146 1653 2216; x_wconf 86' lang='grc' dir='ltr'>γὰρ</span> <span class='ocrx_word' id='word_1_181' title='bbox 1677 2146 1790 2206; x_wconf 87' lang='grc' dir='ltr'>τοῖς</span> <span class='ocrx_word' id='word_1_182' title='bbox 1820 2145 1952 2215; x_wconf 77' lang='grc' dir='ltr'>περὶ</span> 
     </span>
    </p>
   </div>
   <div class='ocr_carea' id='block_1_23' title="bbox 269 2231 1952 2322">
    <p class='ocr_par' dir='ltr' id='par_1_23' title="bbox 269 2231 1952 2322">
     <span class='ocr_line' id='line_1_23' title="bbox 269 2231 1952 2322; baseline -0.011 -18"><span class='ocrx_word' id='word_1_183' title='bbox 269 2251 371 2322; x_wconf 78' lang='grc' dir='ltr'>τὴν</span> <span class='ocrx_word' id='word_1_184' title='bbox 402 2231 696 2318; x_wconf 75' lang='grc' dir='ltr'>ἀθλητικὴν</span> <span class='ocrx_word' id='word_1_185' title='bbox 750 2241 959 2308; x_wconf 80' lang='grc' dir='ltr'>εὐεξίαν</span> <span class='ocrx_word' id='word_1_186' title='bbox 1009 2235 1367 2291; x_wconf 83' lang='grc' dir='ltr'>ἐσπουδακόσι</span> <span class='ocrx_word' id='word_1_187' title='bbox 1419 2237 1514 2288; x_wconf 66' lang='grc' dir='ltr'>καὶ</span> <span class='ocrx_word' id='word_1_188' title='bbox 1560 2231 1760 2304; x_wconf 91' lang='grc' dir='ltr'>ἰατρῶν</span> <span class='ocrx_word' id='word_1_189' title='bbox 1789 2231 1952 2303; x_wconf 81' lang='grc' dir='ltr'>χρεία</span> 
     </span>
    </p>
   </div>
   <div class='ocr_carea' id='block_1_24' title="bbox 272 2319 1948 2405">
    <p class='ocr_par' dir='ltr' id='par_1_24' title="bbox 272 2319 1948 2405">
     <span class='ocr_line' id='line_1_24' title="bbox 272 2319 1948 2405; baseline -0.021 -11"><span class='ocrx_word' id='word_1_190' title='bbox 272 2319 369 2394; x_wconf 75' lang='grc' dir='ltr'>καὶ</span> <span class='ocrx_word' id='word_1_191' title='bbox 406 2331 789 2405; x_wconf 80' lang='grc' dir='ltr'>παιδοτριϐῶν,</span> <span class='ocrx_word' id='word_1_192' title='bbox 844 2327 937 2382; x_wconf 70' lang='grc' dir='ltr'>καί</span> <span class='ocrx_word' id='word_1_193' title='bbox 965 2326 1174 2396; x_wconf 83' lang='grc' dir='ltr'>διαίτης</span> <span class='ocrx_word' id='word_1_194' title='bbox 1199 2322 1605 2394; x_wconf 77' lang='grc' dir='ltr'>ἠκριϐωμένης.</span> <span class='ocrx_word' id='word_1_195' title='bbox 1646 2320 1740 2373; x_wconf 69' lang='grc' dir='ltr'>καὶ</span> <span class='ocrx_word' id='word_1_196' title='bbox 1767 2319 1948 2389; x_wconf 51' lang='lat' dir='ltr'>and)-</span> 
     </span>
    </p>
   </div>
   <div class='ocr_carea' id='block_1_25' title="bbox 271 2403 1951 2493">
    <p class='ocr_par' dir='ltr' id='par_1_25' title="bbox 271 2403 1951 2493">
     <span class='ocr_line' id='line_1_25' title="bbox 271 2403 1951 2493; baseline 0.005 -22"><span class='ocrx_word' id='word_1_197' title='bbox 271 2440 413 2486; x_wconf 68' lang='grc' dir='ltr'>Δσεως</span> <span class='ocrx_word' id='word_1_198' title='bbox 439 2403 716 2493; x_wconf 80' lang='grc' dir='ltr'>συνεχοῦς,</span> <span class='ocrx_word' id='word_1_199' title='bbox 747 2416 842 2470; x_wconf 73' lang='grc' dir='ltr'>καὶ</span> <span class='ocrx_word' id='word_1_200' title='bbox 875 2411 1074 2486; x_wconf 74' lang='grc' dir='ltr'>μυρίας</span> <span class='ocrx_word' id='word_1_201' title='bbox 1116 2409 1552 2480; x_wconf 72' lang='grc' dir='ltr'>παρατηρήσεως</span> <span class='ocrx_word' id='word_1_202' title='bbox 1604 2406 1800 2477; x_wconf 65' lang='grc' dir='ltr'>ἐτέρας</span> <span class='ocrx_word' id='word_1_203' title='bbox 1835 2403 1951 2466; x_wconf 55' lang='grc' dir='ltr'>(καὶ</span> 
     </span>
    </p>
   </div>
   <div class='ocr_carea' id='block_1_26' title="bbox 277 2491 1950 2580">
    <p class='ocr_par' dir='ltr' id='par_1_26' title="bbox 277 2491 1950 2580">
     <span class='ocr_line' id='line_1_26' title="bbox 277 2491 1950 2580; baseline -0.011 -18"><span class='ocrx_word' id='word_1_204' title='bbox 277 2509 383 2580; x_wconf 77' lang='grc' dir='ltr'>γὰρ</span> <span class='ocrx_word' id='word_1_205' title='bbox 404 2507 501 2564; x_wconf 71' lang='grc' dir='ltr'>καὶ</span> <span class='ocrx_word' id='word_1_206' title='bbox 536 2491 598 2560; x_wconf 82' lang='grc' dir='ltr'>τδ</span> <span class='ocrx_word' id='word_1_207' title='bbox 643 2502 804 2572; x_wconf 79' lang='grc' dir='ltr'>τυχὸν</span> <span class='ocrx_word' id='word_1_208' title='bbox 849 2502 906 2553; x_wconf 88' lang='grc' dir='ltr'>ἐν</span> <span class='ocrx_word' id='word_1_209' title='bbox 943 2499 1126 2558; x_wconf 81' lang='grc' dir='ltr'>αὐτοῖς</span> <span class='ocrx_word' id='word_1_210' title='bbox 1170 2493 1449 2564; x_wconf 80' lang='grc' dir='ltr'>παροφθὲν</span> <span class='ocrx_word' id='word_1_211' title='bbox 1483 2491 1660 2544; x_wconf 81' lang='grc' dir='ltr'>πάντα</span> <span class='ocrx_word' id='word_1_212' title='bbox 1687 2491 1950 2562; x_wconf 80' lang='grc' dir='ltr'>ἀνέτρεψε</span> 
     </span>
    </p>
   </div>
   <div class='ocr_carea' id='block_1_27' title="bbox 277 2577 1953 2658">
    <p class='ocr_par' dir='ltr' id='par_1_27' title="bbox 277 2577 1953 2658">
     <span class='ocr_line' id='line_1_27' title="bbox 277 2577 1953 2658; baseline -0.013 -8"><span class='ocrx_word' id='word_1_213' title='bbox 277 2577 371 2650; x_wconf 70' lang='grc' dir='ltr'>καί</span> <span class='ocrx_word' id='word_1_214' title='bbox 394 2590 737 2658; x_wconf 90' lang='grc' dir='ltr'>κατέϐαλεν),</span> <span class='ocrx_word' id='word_1_215' title='bbox 757 2591 804 2645; x_wconf 86' lang='grc' dir='ltr'>οί</span> <span class='ocrx_word' id='word_1_216' title='bbox 820 2584 880 2640; x_wconf 87' lang='grc' dir='ltr'>τό</span> <span class='ocrx_word' id='word_1_217' title='bbox 897 2583 1054 2654; x_wconf 85' lang='grc' dir='ltr'>σῶμα</span> <span class='ocrx_word' id='word_1_218' title='bbox 1070 2581 1228 2636; x_wconf 90' lang='grc' dir='ltr'>τοῦτο</span> <span class='ocrx_word' id='word_1_219' title='bbox 1248 2579 1575 2652; x_wconf 86' lang='grc' dir='ltr'>θεραπεύειν</span> <span class='ocrx_word' id='word_1_220' title='bbox 1595 2578 1870 2647; x_wconf 79' lang='grc' dir='ltr'>λαχόντες,</span> <span class='ocrx_word' id='word_1_221' title='bbox 1890 2577 1953 2630; x_wconf 82' lang='grc' dir='ltr'>τὸ</span> 
     </span>
    </p>
   </div>
   <div class='ocr_carea' id='block_1_28' title="bbox 274 2666 1952 2754">
    <p class='ocr_par' dir='ltr' id='par_1_28' title="bbox 274 2666 1952 2754">
     <span class='ocr_line' id='line_1_28' title="bbox 274 2666 1952 2754; baseline -0.013 -16"><span class='ocrx_word' id='word_1_222' title='bbox 274 2684 374 2754; x_wconf 82' lang='grc' dir='ltr'>τὴν</span> <span class='ocrx_word' id='word_1_223' title='bbox 401 2681 627 2750; x_wconf 75' lang='grc' dir='ltr'>ἄθλησιν</span> <span class='ocrx_word' id='word_1_224' title='bbox 653 2676 713 2730; x_wconf 81' lang='grc' dir='ltr'>οὐ</span> <span class='ocrx_word' id='word_1_225' title='bbox 745 2675 881 2744; x_wconf 79' lang='grc' dir='ltr'>πρὸς</span> <span class='ocrx_word' id='word_1_226' title='bbox 909 2670 1140 2742; x_wconf 87' lang='grc' dir='ltr'>σώματα</span> <span class='ocrx_word' id='word_1_227' title='bbox 1161 2709 1176 2732; x_wconf 92' lang='grc'>,</span> <span class='ocrx_word' id='word_1_228' title='bbox 1212 2669 1346 2723; x_wconf 87' lang='grc' dir='ltr'>ἀλλά</span> <span class='ocrx_word' id='word_1_229' title='bbox 1391 2667 1528 2739; x_wconf 79' lang='grc' dir='ltr'>πρὸς</span> <span class='ocrx_word' id='word_1_230' title='bbox 1560 2668 1658 2730; x_wconf 84' lang='grc' dir='ltr'>τὰς</span> <span class='ocrx_word' id='word_1_231' title='bbox 1687 2666 1952 2738; x_wconf 89' lang='grc' dir='ltr'>ἀοράτους</span> 
     </span>
    </p>
   </div>
   <div class='ocr_carea' id='block_1_29' title="bbox 275 2753 1952 2838">
    <p class='ocr_par' dir='ltr' id='par_1_29' title="bbox 275 2753 1952 2838">
     <span class='ocr_line' id='line_1_29' title="bbox 275 2753 1952 2838; baseline -0.01 -15"><span class='ocrx_word' id='word_1_232' title='bbox 275 2753 535 2838; x_wconf 86' lang='grc' dir='ltr'>δυνάμεις</span> <span class='ocrx_word' id='word_1_233' title='bbox 555 2763 698 2834; x_wconf 80' lang='grc' dir='ltr'>ἔχον,</span> <span class='ocrx_word' id='word_1_234' title='bbox 723 2760 839 2823; x_wconf 89' lang='grc' dir='ltr'>πῶς</span> <span class='ocrx_word' id='word_1_235' title='bbox 872 2757 1006 2812; x_wconf 81' lang='grc' dir='ltr'>αὐτὸ</span> <span class='ocrx_word' id='word_1_236' title='bbox 1039 2757 1358 2826; x_wconf 86' lang='grc' dir='ltr'>δυνήσονται</span> <span class='ocrx_word' id='word_1_237' title='bbox 1389 2754 1675 2822; x_wconf 82' lang='grc' dir='ltr'>φυλάττειν</span> <span class='ocrx_word' id='word_1_238' title='bbox 1692 2753 1952 2822; x_wconf 80' lang='grc' dir='ltr'>ἀκέραιον</span> 
     </span>
    </p>
   </div>
   <div class='ocr_carea' id='block_1_30' title="bbox 276 2839 1953 2921">
    <p class='ocr_par' dir='ltr' id='par_1_30' title="bbox 276 2839 1953 2921">
     <span class='ocr_line' id='line_1_30' title="bbox 276 2839 1953 2921; baseline -0.011 -12"><span class='ocrx_word' id='word_1_239' title='bbox 276 2857 372 2908; x_wconf 78' lang='grc' dir='ltr'>καῖ</span> <span class='ocrx_word' id='word_1_240' title='bbox 403 2852 572 2921; x_wconf 87' lang='grc' dir='ltr'>ὑγιές,</span> <span class='ocrx_word' id='word_1_241' title='bbox 606 2848 682 2920; x_wconf 82' lang='grc' dir='ltr'>μὴ</span> <span class='ocrx_word' id='word_1_242' title='bbox 712 2845 846 2900; x_wconf 79' lang='grc' dir='ltr'>πολὺ</span> <span class='ocrx_word' id='word_1_243' title='bbox 869 2843 968 2914; x_wconf 79' lang='grc' dir='ltr'>τὴν</span> <span class='ocrx_word' id='word_1_244' title='bbox 996 2841 1342 2914; x_wconf 80' lang='grc' dir='ltr'>ἀνθρωπίνην</span> <span class='ocrx_word' id='word_1_245' title='bbox 1392 2839 1803 2911; x_wconf 82' lang='grc' dir='ltr'>ὑπερϐαίνοντες</span> <span class='ocrx_word' id='word_1_246' title='bbox 1821 2841 1953 2912; x_wconf 89' lang='grc' dir='ltr'>ἀρε-</span> 
     </span>
    </p>
   </div>
   <div class='ocr_carea' id='block_1_31' title="bbox 275 2925 1951 3012">
    <p class='ocr_par' dir='ltr' id='par_1_31' title="bbox 275 2925 1951 3012">
     <span class='ocr_line' id='line_1_31' title="bbox 275 2925 1951 3012; baseline -0.01 -17"><span class='ocrx_word' id='word_1_247' title='bbox 275 2941 396 3012; x_wconf 81' lang='grc' dir='ltr'>τὴν,</span> <span class='ocrx_word' id='word_1_248' title='bbox 418 2938 513 2993; x_wconf 78' lang='grc' dir='ltr'>καὶ</span> <span class='ocrx_word' id='word_1_249' title='bbox 535 2937 716 2990; x_wconf 82' lang='grc' dir='ltr'>πᾶσαν</span> <span class='ocrx_word' id='word_1_250' title='bbox 737 2932 883 3003; x_wconf 76' lang='grc' dir='ltr'>ψυχῇ</span> <span class='ocrx_word' id='word_1_251' title='bbox 907 2930 1221 3002; x_wconf 80' lang='grc' dir='ltr'>πρόσφορον</span> <span class='ocrx_word' id='word_1_252' title='bbox 1252 2928 1606 2998; x_wconf 85' lang='grc' dir='ltr'>ἐπιστάμενοι</span> <span class='ocrx_word' id='word_1_253' title='bbox 1627 2925 1826 2997; x_wconf 86' lang='grc' dir='ltr'>θεραπε</span> <span class='ocrx_word' id='word_1_254' title='bbox 1838 2927 1951 2992; x_wconf 87' lang='grc' dir='ltr'>ίαν;</span> 
     </span>
    </p>
   </div>
   <div class='ocr_carea' id='block_1_32' title="bbox 344 3014 1956 3096">
    <p class='ocr_par' dir='ltr' id='par_1_32' title="bbox 344 3014 1956 3096">
     <span class='ocr_line' id='line_1_32' title="bbox 344 3014 1956 3096; baseline -0.007 -16"><span class='ocrx_word' id='word_1_255' title='bbox 344 3027 496 3096; x_wconf 86' lang='grc' dir='ltr'>γ’.Ἢ</span> <span class='ocrx_word' id='word_1_256' title='bbox 511 3025 748 3092; x_wconf 81' lang='grc' dir='ltr'>ἀγνοεῖς,</span> <span class='ocrx_word' id='word_1_257' title='bbox 763 3017 882 3073; x_wconf 66' lang='grc' dir='ltr'>ὅτι(ι</span> <span class='ocrx_word' id='word_1_258' title='bbox 905 3019 999 3071; x_wconf 79' lang='grc' dir='ltr'>καί</span> <span class='ocrx_word' id='word_1_259' title='bbox 1016 3017 1224 3072; x_wconf 87' lang='grc' dir='ltr'>πλείοσι</span> <span class='ocrx_word' id='word_1_260' title='bbox 1245 3016 1343 3087; x_wconf 83' lang='grc' dir='ltr'>τῆς</span> <span class='ocrx_word' id='word_1_261' title='bbox 1359 3014 1631 3088; x_wconf 80' lang='grc' dir='ltr'>ἡμετέρας</span> <span class='ocrx_word' id='word_1_262' title='bbox 1644 3014 1847 3085; x_wconf 74' lang='grc' dir='ltr'>σαρκὸς</span> <span class='ocrx_word' id='word_1_263' title='bbox 1863 3015 1956 3068; x_wconf 75' lang='grc' dir='ltr'>καὶ</span> 
     </span>
    </p>
   </div>
   <div class='ocr_carea' id='block_1_33' title="bbox 275 3102 1957 3178">
    <p class='ocr_par' dir='ltr' id='par_1_33' title="bbox 275 3102 1957 3178">
     <span class='ocr_line' id='line_1_33' title="bbox 275 3102 1957 3178; baseline -0.01 -9"><span class='ocrx_word' id='word_1_264' title='bbox 275 3116 449 3178; x_wconf 83' lang='grc' dir='ltr'>νόσοις</span> <span class='ocrx_word' id='word_1_265' title='bbox 476 3112 570 3166; x_wconf 74' lang='grc' dir='ltr'>καὶ</span> <span class='ocrx_word' id='word_1_266' title='bbox 587 3107 901 3169; x_wconf 81' lang='grc' dir='ltr'>ἐπιϐουλαῖς</span> <span class='ocrx_word' id='word_1_267' title='bbox 918 3105 1080 3160; x_wconf 87' lang='grc' dir='ltr'>τοῦτο</span> <span class='ocrx_word' id='word_1_268' title='bbox 1101 3105 1386 3158; x_wconf 80' lang='grc' dir='ltr'>ὑπόκειται</span> <span class='ocrx_word' id='word_1_269' title='bbox 1419 3105 1477 3156; x_wconf 81' lang='grc' dir='ltr'>τὸ</span> <span class='ocrx_word' id='word_1_270' title='bbox 1506 3103 1682 3172; x_wconf 89' lang='grc' dir='ltr'>σῶμα,</span> <span class='ocrx_word' id='word_1_271' title='bbox 1714 3103 1806 3154; x_wconf 81' lang='grc' dir='ltr'>καὶ</span> <span class='ocrx_word' id='word_1_272' title='bbox 1829 3102 1957 3155; x_wconf 75' lang='grc' dir='ltr'>θάτ-</span> 
     </span>
    </p>
   </div>
   <div class='ocr_carea' id='block_1_34' title="bbox 273 3189 1958 3268">
    <p class='ocr_par' dir='ltr' id='par_1_34' title="bbox 273 3189 1958 3268">
     <span class='ocr_line' id='line_1_34' title="bbox 273 3189 1958 3268; baseline -0.011 -11"><span class='ocrx_word' id='word_1_273' title='bbox 273 3220 365 3257; x_wconf 89' lang='grc' dir='ltr'>τον</span> <span class='ocrx_word' id='word_1_274' title='bbox 381 3200 546 3256; x_wconf 78' lang='grc' dir='ltr'>αὐτοῦ</span> <span class='ocrx_word' id='word_1_275' title='bbox 579 3197 880 3268; x_wconf 84' lang='grc' dir='ltr'>φθείρεται,</span> <span class='ocrx_word' id='word_1_276' title='bbox 905 3193 998 3247; x_wconf 67' lang='grc' dir='ltr'>καὶ</span> <span class='ocrx_word' id='word_1_277' title='bbox 1032 3192 1382 3263; x_wconf 87' lang='grc' dir='ltr'>σχολαίτερον</span> <span class='ocrx_word' id='word_1_278' title='bbox 1414 3190 1650 3257; x_wconf 77' lang='grc' dir='ltr'>ὑγιαίνει</span> <span class='ocrx_word' id='word_1_279' title='bbox 1675 3205 1689 3254; x_wconf 89' lang='grc'>;</span> <span class='ocrx_word' id='word_1_280' title='bbox 1714 3189 1822 3241; x_wconf 78' lang='grc' dir='ltr'>Καὶ</span> <span class='ocrx_word' id='word_1_281' title='bbox 1846 3192 1958 3252; x_wconf 84' lang='grc' dir='ltr'>τοῖς</span> 
     </span>
    </p>
   </div>
   <div class='ocr_carea' id='block_1_35' title="bbox 279 3276 1960 3360">
    <p class='ocr_par' dir='ltr' id='par_1_35' title="bbox 279 3276 1960 3360">
     <span class='ocr_line' id='line_1_35' title="bbox 279 3276 1960 3360; baseline -0.009 -17"><span class='ocrx_word' id='word_1_282' title='bbox 279 3292 380 3360; x_wconf 78' lang='grc' dir='ltr'>μὲν</span> <span class='ocrx_word' id='word_1_283' title='bbox 412 3291 596 3342; x_wconf 86' lang='grc' dir='ltr'>ἐκεῖνα</span> <span class='ocrx_word' id='word_1_284' title='bbox 619 3281 1074 3356; x_wconf 87' lang='grc' dir='ltr'>θεραπεύουσιτά</span> <span class='ocrx_word' id='word_1_285' title='bbox 1103 3279 1333 3349; x_wconf 85' lang='grc' dir='ltr'>σώματα</span> <span class='ocrx_word' id='word_1_286' title='bbox 1360 3280 1454 3330; x_wconf 75' lang='grc' dir='ltr'>καὶ</span> <span class='ocrx_word' id='word_1_287' title='bbox 1482 3279 1792 3348; x_wconf 83' lang='grc' dir='ltr'>φαρμάκων</span> <span class='ocrx_word' id='word_1_288' title='bbox 1810 3276 1960 3340; x_wconf 80' lang='grc' dir='ltr'>ἐξεύ-</span> 
     </span>
    </p>
   </div>
   <div class='ocr_carea' id='block_1_36' title="bbox 279 3363 1960 3448">
    <p class='ocr_par' dir='ltr' id='par_1_36' title="bbox 279 3363 1960 3448">
     <span class='ocr_line' id='line_1_36' title="bbox 279 3363 1960 3448; baseline -0.01 -18"><span class='ocrx_word' id='word_1_289' title='bbox 279 3393 439 3448; x_wconf 87' lang='grc' dir='ltr'>ρηται</span> <span class='ocrx_word' id='word_1_290' title='bbox 451 3372 711 3432; x_wconf 86' lang='grc' dir='ltr'>ποικιλία,</span> <span class='ocrx_word' id='word_1_291' title='bbox 726 3370 820 3422; x_wconf 71' lang='grc' dir='ltr'>καὶ</span> <span class='ocrx_word' id='word_1_292' title='bbox 836 3369 1081 3438; x_wconf 83' lang='grc' dir='ltr'>ὀργάνων</span> <span class='ocrx_word' id='word_1_293' title='bbox 1098 3366 1342 3434; x_wconf 83' lang='grc' dir='ltr'>διάφοροι</span> <span class='ocrx_word' id='word_1_294' title='bbox 1364 3363 1722 3426; x_wconf 77' lang='grc' dir='ltr'>κατασκευαὶ,</span> <span class='ocrx_word' id='word_1_295' title='bbox 1737 3363 1830 3415; x_wconf 83' lang='grc' dir='ltr'>καί</span> <span class='ocrx_word' id='word_1_296' title='bbox 1845 3379 1960 3433; x_wconf 86' lang='grc' dir='ltr'>τρο-</span> 
     </span>
    </p>
   </div>
   <div class='ocr_carea' id='block_1_37' title="bbox 277 3448 1960 3530">
    <p class='ocr_par' dir='ltr' id='par_1_37' title="bbox 277 3448 1960 3530">
     <span class='ocr_line' id='line_1_37' title="bbox 277 3448 1960 3530; baseline -0.01 -13"><span class='ocrx_word' id='word_1_297' title='bbox 277 3465 377 3530; x_wconf 78' lang='grc' dir='ltr'>φαὶ</span> <span class='ocrx_word' id='word_1_298' title='bbox 391 3465 504 3524; x_wconf 89' lang='grc' dir='ltr'>τοῖς</span> <span class='ocrx_word' id='word_1_299' title='bbox 516 3458 730 3512; x_wconf 91' lang='grc' dir='ltr'>νοσοῦσι</span> <span class='ocrx_word' id='word_1_300' title='bbox 753 3453 1076 3524; x_wconf 88' lang='grc' dir='ltr'>κατάλληλοι</span> <span class='ocrx_word' id='word_1_301' title='bbox 1097 3469 1109 3486; x_wconf 70' lang='grc' dir='ltr'><strong><em>ο</em></strong></span> <span class='ocrx_word' id='word_1_302' title='bbox 1130 3453 1225 3505; x_wconf 72' lang='grc' dir='ltr'>καὶ</span> <span class='ocrx_word' id='word_1_303' title='bbox 1246 3450 1408 3519; x_wconf 85' lang='grc' dir='ltr'>φύσις</span> <span class='ocrx_word' id='word_1_304' title='bbox 1426 3450 1482 3503; x_wconf 87' lang='grc' dir='ltr'>δέ</span> <span class='ocrx_word' id='word_1_305' title='bbox 1503 3449 1681 3520; x_wconf 86' lang='grc' dir='ltr'>ἀέρων</span> <span class='ocrx_word' id='word_1_306' title='bbox 1701 3448 1960 3512; x_wconf 86' lang='grc' dir='ltr'>πολλάκις</span> 
     </span>
    </p>
   </div>
   <div class='ocr_carea' id='block_1_38' title="bbox 277 3537 1959 3621">
    <p class='ocr_par' dir='ltr' id='par_1_38' title="bbox 277 3537 1959 3621">
     <span class='ocr_line' id='line_1_38' title="bbox 277 3537 1959 3621; baseline -0.008 -20"><span class='ocrx_word' id='word_1_307' title='bbox 277 3551 480 3621; x_wconf 70' lang='grc' dir='ltr'>ἢρκεσε</span> <span class='ocrx_word' id='word_1_308' title='bbox 502 3547 634 3617; x_wconf 87' lang='grc' dir='ltr'>μόνη</span> <span class='ocrx_word' id='word_1_309' title='bbox 656 3544 789 3615; x_wconf 84' lang='grc' dir='ltr'>πρὸς</span> <span class='ocrx_word' id='word_1_310' title='bbox 805 3541 902 3612; x_wconf 83' lang='grc' dir='ltr'>τὴν</span> <span class='ocrx_word' id='word_1_311' title='bbox 922 3539 1016 3594; x_wconf 88' lang='grc' dir='ltr'>τοῦ</span> <span class='ocrx_word' id='word_1_312' title='bbox 1037 3540 1335 3609; x_wconf 82' lang='grc' dir='ltr'>κάμνοντος</span> <span class='ocrx_word' id='word_1_313' title='bbox 1352 3537 1562 3604; x_wconf 80' lang='grc' dir='ltr'>ὑγίειαν</span> <span class='ocrx_word' id='word_1_314' title='bbox 1579 3556 1590 3568; x_wconf 90' lang='grc'><strong>·</strong></span> <span class='ocrx_word' id='word_1_315' title='bbox 1617 3537 1733 3590; x_wconf 83' lang='grc' dir='ltr'>ἐστι</span> <span class='ocrx_word' id='word_1_316' title='bbox 1750 3537 1807 3589; x_wconf 83' lang='grc' dir='ltr'>δὲ</span> <span class='ocrx_word' id='word_1_317' title='bbox 1826 3537 1959 3590; x_wconf 84' lang='grc' dir='ltr'>ὅπου</span> 
     </span>
    </p>
   </div>
   <div class='ocr_carea' id='block_1_39' title="bbox 279 3621 1959 3702">
    <p class='ocr_par' dir='ltr' id='par_1_39' title="bbox 279 3621 1959 3702">
     <span class='ocr_line' id='line_1_39' title="bbox 279 3621 1959 3702; baseline -0.008 -12"><span class='ocrx_word' id='word_1_318' title='bbox 279 3636 375 3690; x_wconf 80' lang='grc' dir='ltr'>καὶ</span> <span class='ocrx_word' id='word_1_319' title='bbox 400 3634 568 3696; x_wconf 77' lang='grc' dir='ltr'>ὕπνος</span> <span class='ocrx_word' id='word_1_320' title='bbox 596 3627 923 3702; x_wconf 86' lang='grc' dir='ltr'>προσπεσὼν</span> <span class='ocrx_word' id='word_1_321' title='bbox 948 3629 1028 3690; x_wconf 86' lang='grc' dir='ltr'>εἰς</span> <span class='ocrx_word' id='word_1_322' title='bbox 1053 3625 1243 3695; x_wconf 74' lang='grc' dir='ltr'>καιρὸν</span> <span class='ocrx_word' id='word_1_323' title='bbox 1267 3623 1467 3687; x_wconf 81' lang='grc' dir='ltr'>παντὸς</span> <span class='ocrx_word' id='word_1_324' title='bbox 1492 3623 1656 3677; x_wconf 84' lang='grc' dir='ltr'>πόνου</span> <span class='ocrx_word' id='word_1_325' title='bbox 1678 3621 1959 3694; x_wconf 78' lang='grc' dir='ltr'>ἀπήλλαξε</span> 
     </span>
    </p>
   </div>
   <div class='ocr_carea' id='block_1_40' title="bbox 278 3712 1956 3795">
    <p class='ocr_par' dir='ltr' id='par_1_40' title="bbox 278 3712 1956 3795">
     <span class='ocr_line' id='line_1_40' title="bbox 278 3712 1956 3795; baseline -0.008 -16"><span class='ocrx_word' id='word_1_326' title='bbox 278 3726 373 3779; x_wconf 76' lang='grc' dir='ltr'>τὸν</span> <span class='ocrx_word' id='word_1_327' title='bbox 407 3722 606 3795; x_wconf 87' lang='grc' dir='ltr'>ἰατρόν.</span> <span class='ocrx_word' id='word_1_328' title='bbox 651 3718 916 3773; x_wconf 85' lang='grc' dir='ltr'>Ἐνταῦθα</span> <span class='ocrx_word' id='word_1_329' title='bbox 944 3717 1001 3771; x_wconf 81' lang='grc' dir='ltr'>δέ</span> <span class='ocrx_word' id='word_1_330' title='bbox 1030 3717 1182 3770; x_wconf 78' lang='grc' dir='ltr'>οὐδὲν</span> <span class='ocrx_word' id='word_1_331' title='bbox 1215 3716 1420 3768; x_wconf 87' lang='grc' dir='ltr'>τούτων</span> <span class='ocrx_word' id='word_1_332' title='bbox 1445 3713 1731 3783; x_wconf 79' lang='grc' dir='ltr'>ἐπινοῆσαι</span> <span class='ocrx_word' id='word_1_333' title='bbox 1772 3712 1919 3767; x_wconf 78' lang='grc' dir='ltr'>ἔστιν</span> <span class='ocrx_word' id='word_1_334' title='bbox 1943 3731 1956 3744; x_wconf 89' lang='grc'><strong>·</strong></span> 
     </span>
    </p>
   </div>
   <div class='ocr_carea' id='block_1_41' title="bbox 279 3801 1961 3880">
    <p class='ocr_par' dir='ltr' id='par_1_41' title="bbox 279 3801 1961 3880">
     <span class='ocr_line' id='line_1_41' title="bbox 279 3801 1961 3880; baseline -0.008 -15"><span class='ocrx_word' id='word_1_335' title='bbox 279 3811 420 3865; x_wconf 87' lang='grc' dir='ltr'>ἀλλά</span> <span class='ocrx_word' id='word_1_336' title='bbox 451 3811 548 3880; x_wconf 85' lang='grc' dir='ltr'>μία</span> <span class='ocrx_word' id='word_1_337' title='bbox 563 3826 648 3872; x_wconf 92' lang='grc' dir='ltr'>τις</span> <span class='ocrx_word' id='word_1_338' title='bbox 674 3806 812 3878; x_wconf 89' lang='grc' dir='ltr'>μετά</span> <span class='ocrx_word' id='word_1_339' title='bbox 827 3806 896 3859; x_wconf 87' lang='grc' dir='ltr'>τά</span> <span class='ocrx_word' id='word_1_340' title='bbox 921 3804 1058 3877; x_wconf 74' lang='grc' dir='ltr'>ἔργα</span> <span class='ocrx_word' id='word_1_341' title='bbox 1081 3803 1286 3856; x_wconf 87' lang='grc' dir='ltr'>δέδοται</span> <span class='ocrx_word' id='word_1_342' title='bbox 1311 3801 1527 3874; x_wconf 76' lang='grc' dir='ltr'>μηχανὴ</span> <span class='ocrx_word' id='word_1_343' title='bbox 1545 3801 1639 3854; x_wconf 75' lang='grc' dir='ltr'>καὶ</span> <span class='ocrx_word' id='word_1_344' title='bbox 1664 3801 1961 3873; x_wconf 89' lang='grc' dir='ltr'>θεραπείας</span> 
     </span>
    </p>
   </div>
   <div class='ocr_carea' id='block_1_42' title="bbox 280 3887 1962 3967">
    <p class='ocr_par' dir='ltr' id='par_1_42' title="bbox 280 3887 1962 3967">
     <span class='ocr_line' id='line_1_42' title="bbox 280 3887 1962 3967; baseline -0.007 -15"><span class='ocrx_word' id='word_1_345' title='bbox 280 3899 422 3962; x_wconf 78' lang='grc' dir='ltr'>ὁδὸς,</span> <span class='ocrx_word' id='word_1_346' title='bbox 451 3898 484 3967; x_wconf 77' lang='grc' dir='ltr'><strong>ἡ</strong></span> <span class='ocrx_word' id='word_1_347' title='bbox 515 3896 604 3950; x_wconf 87' lang='grc' dir='ltr'>διὰ</span> <span class='ocrx_word' id='word_1_348' title='bbox 634 3894 726 3951; x_wconf 86' lang='grc' dir='ltr'>τοῦ</span> <span class='ocrx_word' id='word_1_349' title='bbox 759 3893 916 3960; x_wconf 85' lang='grc' dir='ltr'>λόγου</span> <span class='ocrx_word' id='word_1_350' title='bbox 950 3890 1286 3949; x_wconf 81' lang='grc' dir='ltr'>διδασκαλία.</span> <span class='ocrx_word' id='word_1_351' title='bbox 1319 3888 1492 3942; x_wconf 84' lang='grc' dir='ltr'>Τοῦτο</span> <span class='ocrx_word' id='word_1_352' title='bbox 1517 3888 1767 3959; x_wconf 82' lang='grc' dir='ltr'>ὄργανον,</span> <span class='ocrx_word' id='word_1_353' title='bbox 1802 3887 1962 3940; x_wconf 91' lang='grc' dir='ltr'>τοῦτο</span> 
     </span>
    </p>
   </div>
   <div class='ocr_carea' id='block_1_43' title="bbox 286 3973 1962 4056">
    <p class='ocr_par' dir='ltr' id='par_1_43' title="bbox 286 3973 1962 4056">
     <span class='ocr_line' id='line_1_43' title="bbox 286 3973 1962 4056; baseline -0.007 -19"><span class='ocrx_word' id='word_1_354' title='bbox 286 3982 438 4056; x_wconf 71' lang='grc'>[408]</span> <span class='ocrx_word' id='word_1_355' title='bbox 485 3981 683 4055; x_wconf 79' lang='grc' dir='ltr'>τροφὴ,</span> <span class='ocrx_word' id='word_1_356' title='bbox 729 3977 889 4032; x_wconf 87' lang='grc' dir='ltr'>τοῦτο</span> <span class='ocrx_word' id='word_1_357' title='bbox 923 3976 1101 4048; x_wconf 85' lang='grc' dir='ltr'>ἀέρων</span> <span class='ocrx_word' id='word_1_358' title='bbox 1144 3976 1340 4047; x_wconf 79' lang='grc' dir='ltr'>κρᾶσις</span> <span class='ocrx_word' id='word_1_359' title='bbox 1378 3975 1576 4044; x_wconf 84' lang='grc' dir='ltr'>ἀρίστη</span> <span class='ocrx_word' id='word_1_360' title='bbox 1600 3991 1612 4004; x_wconf 89' lang='grc'><strong>·</strong></span> <span class='ocrx_word' id='word_1_361' title='bbox 1646 3973 1804 4029; x_wconf 89' lang='grc' dir='ltr'>τοῦτο</span> <span class='ocrx_word' id='word_1_362' title='bbox 1839 3973 1962 4026; x_wconf 87' lang='grc' dir='ltr'>ἀντί</span> 
     </span>
    </p>
   </div>
   <div class='ocr_carea' id='block_1_44' title="bbox 283 4059 1961 4141">
    <p class='ocr_par' dir='ltr' id='par_1_44' title="bbox 283 4059 1961 4141">
     <span class='ocr_line' id='line_1_44' title="bbox 283 4059 1961 4141; baseline -0.007 -18"><span class='ocrx_word' id='word_1_363' title='bbox 283 4070 600 4141; x_wconf 83' lang='grc' dir='ltr'>φαρμάκου,</span> <span class='ocrx_word' id='word_1_364' title='bbox 633 4066 793 4121; x_wconf 85' lang='grc' dir='ltr'>τοῦτο</span> <span class='ocrx_word' id='word_1_365' title='bbox 837 4065 958 4119; x_wconf 79' lang='grc' dir='ltr'>ἀντὶ</span> <span class='ocrx_word' id='word_1_366' title='bbox 986 4064 1181 4133; x_wconf 77' lang='grc' dir='ltr'>πυρὸς,</span> <span class='ocrx_word' id='word_1_367' title='bbox 1212 4061 1371 4114; x_wconf 89' lang='grc' dir='ltr'>τοῦτο</span> <span class='ocrx_word' id='word_1_368' title='bbox 1418 4061 1540 4118; x_wconf 74' lang='grc' dir='ltr'>ἀντὶ</span> <span class='ocrx_word' id='word_1_369' title='bbox 1570 4061 1790 4130; x_wconf 77' lang='grc' dir='ltr'>σιδήρου</span> <span class='ocrx_word' id='word_1_370' title='bbox 1813 4077 1825 4090; x_wconf 91' lang='grc'><strong>·</strong></span> <span class='ocrx_word' id='word_1_371' title='bbox 1859 4059 1961 4112; x_wconf 82' lang='grc' dir='ltr'>κᾶν</span> 
     </span>
    </p>
   </div>
   <div class='ocr_carea' id='block_1_45' title="bbox 283 4145 1962 4229">
    <p class='ocr_par' dir='ltr' id='par_1_45' title="bbox 283 4145 1962 4229">
     <span class='ocr_line' id='line_1_45' title="bbox 283 4145 1962 4229; baseline -0.007 -18"><span class='ocrx_word' id='word_1_372' title='bbox 283 4157 487 4211; x_wconf 84' lang='grc' dir='ltr'>καῦσαι</span> <span class='ocrx_word' id='word_1_373' title='bbox 525 4155 621 4229; x_wconf 79' lang='grc' dir='ltr'>δέῃ</span> <span class='ocrx_word' id='word_1_374' title='bbox 658 4152 753 4205; x_wconf 70' lang='grc' dir='ltr'>καὶ</span> <span class='ocrx_word' id='word_1_375' title='bbox 786 4153 994 4222; x_wconf 89' lang='grc' dir='ltr'>τεμεῖν,</span> <span class='ocrx_word' id='word_1_376' title='bbox 1029 4148 1206 4217; x_wconf 85' lang='grc' dir='ltr'>τούτῳ</span> <span class='ocrx_word' id='word_1_377' title='bbox 1241 4146 1550 4217; x_wconf 87' lang='grc' dir='ltr'>χρήσασθαι</span> <span class='ocrx_word' id='word_1_378' title='bbox 1579 4147 1791 4216; x_wconf 85' lang='grc' dir='ltr'>ἀνάγκη</span> <span class='ocrx_word' id='word_1_379' title='bbox 1813 4164 1824 4175; x_wconf 88' lang='grc'><strong>·</strong></span> <span class='ocrx_word' id='word_1_380' title='bbox 1859 4145 1962 4201; x_wconf 79' lang='grc' dir='ltr'>κᾶν</span> 
     </span>
    </p>
   </div>
   <div class='ocr_carea' id='block_1_46' title="bbox 281 4233 1962 4313">
    <p class='ocr_par' dir='ltr' id='par_1_46' title="bbox 281 4233 1962 4313">
     <span class='ocr_line' id='line_1_46' title="bbox 281 4233 1962 4313; baseline -0.008 -14"><span class='ocrx_word' id='word_1_381' title='bbox 281 4245 442 4300; x_wconf 83' lang='grc' dir='ltr'>τοῦτο</span> <span class='ocrx_word' id='word_1_382' title='bbox 485 4242 651 4313; x_wconf 78' lang='grc' dir='ltr'>μηδὲν</span> <span class='ocrx_word' id='word_1_383' title='bbox 689 4238 906 4308; x_wconf 75' lang='grc' dir='ltr'>ἰσχύσῃ,</span> <span class='ocrx_word' id='word_1_384' title='bbox 940 4236 1119 4290; x_wconf 82' lang='grc' dir='ltr'>πάντα</span> <span class='ocrx_word' id='word_1_385' title='bbox 1170 4235 1420 4304; x_wconf 75' lang='grc' dir='ltr'>οἴχεταιο</span> <span class='ocrx_word' id='word_1_386' title='bbox 1452 4233 1521 4288; x_wconf 87' lang='grc' dir='ltr'>τὰ</span> <span class='ocrx_word' id='word_1_387' title='bbox 1561 4234 1743 4286; x_wconf 86' lang='grc' dir='ltr'>λοιπά.</span> <span class='ocrx_word' id='word_1_388' title='bbox 1775 4233 1962 4304; x_wconf 86' lang='grc' dir='ltr'>Τούτῳ</span> 
     </span>
    </p>
   </div>
   <div class='ocr_carea' id='block_1_47' title="bbox 284 4318 1960 4396">
    <p class='ocr_par' dir='ltr' id='par_1_47' title="bbox 284 4318 1960 4396">
     <span class='ocr_line' id='line_1_47' title="bbox 284 4318 1960 4396; baseline -0.008 -13"><span class='ocrx_word' id='word_1_389' title='bbox 284 4331 378 4384; x_wconf 77' lang='grc' dir='ltr'>καὶ</span> <span class='ocrx_word' id='word_1_390' title='bbox 409 4327 669 4396; x_wconf 86' lang='grc' dir='ltr'>κειμένην</span> <span class='ocrx_word' id='word_1_391' title='bbox 718 4324 1008 4394; x_wconf 71' lang='grc' dir='ltr'>ἐγείρομεν</span> <span class='ocrx_word' id='word_1_392' title='bbox 1047 4321 1140 4374; x_wconf 82' lang='grc' dir='ltr'>καί</span> <span class='ocrx_word' id='word_1_393' title='bbox 1179 4320 1624 4389; x_wconf 78' lang='grc' dir='ltr'>φλεγμαίνουσαν</span> <span class='ocrx_word' id='word_1_394' title='bbox 1659 4318 1960 4373; x_wconf 81' lang='grc' dir='ltr'>καταστέλ-</span> 
     </span>
    </p>
   </div>
   <div class='ocr_carea' id='block_1_48' title="bbox 283 4403 1963 4486">
    <p class='ocr_par' dir='ltr' id='par_1_48' title="bbox 283 4403 1963 4486">
     <span class='ocr_line' id='line_1_48' title="bbox 283 4403 1963 4486; baseline -0.006 -17"><span class='ocrx_word' id='word_1_395' title='bbox 283 4417 448 4486; x_wconf 88' lang='grc' dir='ltr'>λομεν</span> <span class='ocrx_word' id='word_1_396' title='bbox 478 4413 575 4483; x_wconf 80' lang='grc' dir='ltr'>τὴν</span> <span class='ocrx_word' id='word_1_397' title='bbox 605 4409 805 4482; x_wconf 79' lang='grc' dir='ltr'>ψυχὴν,</span> <span class='ocrx_word' id='word_1_398' title='bbox 831 4409 926 4462; x_wconf 79' lang='grc' dir='ltr'>καί</span> <span class='ocrx_word' id='word_1_399' title='bbox 947 4406 1016 4460; x_wconf 88' lang='grc' dir='ltr'>τά</span> <span class='ocrx_word' id='word_1_400' title='bbox 1042 4405 1272 4477; x_wconf 87' lang='grc' dir='ltr'>περιττά</span> <span class='ocrx_word' id='word_1_401' title='bbox 1305 4403 1730 4474; x_wconf 80' lang='grc' dir='ltr'>περικόπτομεν,</span> <span class='ocrx_word' id='word_1_402' title='bbox 1766 4405 1861 4457; x_wconf 79' lang='grc' dir='ltr'>καὶ</span> <span class='ocrx_word' id='word_1_403' title='bbox 1894 4404 1963 4459; x_wconf 79' lang='grc' dir='ltr'>τὰ</span> 
     </span>
    </p>
   </div>
   <div class='ocr_carea' id='block_1_49' title="bbox 283 4491 1960 4569">
    <p class='ocr_par' dir='ltr' id='par_1_49' title="bbox 283 4491 1960 4569">
     <span class='ocr_line' id='line_1_49' title="bbox 283 4491 1960 4569; baseline -0.007 -13"><span class='ocrx_word' id='word_1_404' title='bbox 283 4503 538 4559; x_wconf 86' lang='grc' dir='ltr'>λείποντα</span> <span class='ocrx_word' id='word_1_405' title='bbox 588 4495 922 4569; x_wconf 89' lang='grc' dir='ltr'>πληροῦμεν,</span> <span class='ocrx_word' id='word_1_406' title='bbox 953 4495 1045 4548; x_wconf 80' lang='grc' dir='ltr'>καί</span> <span class='ocrx_word' id='word_1_407' title='bbox 1074 4494 1142 4546; x_wconf 90' lang='grc' dir='ltr'>τά</span> <span class='ocrx_word' id='word_1_408' title='bbox 1169 4492 1305 4545; x_wconf 84' lang='grc' dir='ltr'>ἄλλα</span> <span class='ocrx_word' id='word_1_409' title='bbox 1340 4492 1550 4544; x_wconf 75' lang='grc' dir='ltr'>ἅπαντα</span> <span class='ocrx_word' id='word_1_410' title='bbox 1595 4491 1960 4562; x_wconf 81' lang='grc' dir='ltr'>ἐργαζόμεθα,</span> 
     </span>
    </p>
   </div>
   <div class='ocr_carea' id='block_1_50' title="bbox 283 4581 1962 4660">
    <p class='ocr_par' dir='ltr' id='par_1_50' title="bbox 283 4581 1962 4660">
     <span class='ocr_line' id='line_1_50' title="bbox 283 4581 1962 4660; baseline -0.008 -12"><span class='ocrx_word' id='word_1_411' title='bbox 283 4595 384 4647; x_wconf 84' lang='grc' dir='ltr'>ὅσα</span> <span class='ocrx_word' id='word_1_412' title='bbox 428 4594 506 4654; x_wconf 86' lang='grc' dir='ltr'>εἰς</span> <span class='ocrx_word' id='word_1_413' title='bbox 531 4588 628 4660; x_wconf 79' lang='grc' dir='ltr'>τὴν</span> <span class='ocrx_word' id='word_1_414' title='bbox 655 4589 752 4658; x_wconf 82' lang='grc' dir='ltr'>τῆς</span> <span class='ocrx_word' id='word_1_415' title='bbox 775 4585 954 4655; x_wconf 82' lang='grc' dir='ltr'>ψυχῆς</span> <span class='ocrx_word' id='word_1_416' title='bbox 979 4584 1190 4652; x_wconf 83' lang='grc' dir='ltr'>ὑγίειαν</span> <span class='ocrx_word' id='word_1_417' title='bbox 1225 4583 1356 4653; x_wconf 78' lang='grc' dir='ltr'>ἡμῖν</span> <span class='ocrx_word' id='word_1_418' title='bbox 1384 4581 1641 4634; x_wconf 86' lang='grc' dir='ltr'>συντελεῖ.</span> <span class='ocrx_word' id='word_1_419' title='bbox 1679 4582 1822 4652; x_wconf 84' lang='grc' dir='ltr'>Πρὸς</span> <span class='ocrx_word' id='word_1_420' title='bbox 1864 4583 1962 4651; x_wconf 82' lang='grc' dir='ltr'>μὲν</span> 
     </span>
    </p>
   </div>
   <div class='ocr_carea' id='block_1_51' title="bbox 285 4668 1962 4750">
    <p class='ocr_par' dir='ltr' id='par_1_51' title="bbox 285 4668 1962 4750">
     <span class='ocr_line' id='line_1_51' title="bbox 285 4668 1962 4750; baseline -0.008 -16"><span class='ocrx_word' id='word_1_421' title='bbox 285 4680 394 4750; x_wconf 85' lang='grc' dir='ltr'>γὰρ</span> <span class='ocrx_word' id='word_1_422' title='bbox 423 4677 536 4748; x_wconf 81' lang='grc' dir='ltr'>βίου</span> <span class='ocrx_word' id='word_1_423' title='bbox 568 4675 901 4733; x_wconf 85' lang='grc' dir='ltr'>κατάστασιν</span> <span class='ocrx_word' id='word_1_424' title='bbox 932 4671 1160 4741; x_wconf 84' lang='grc' dir='ltr'>ἀρίστην</span> <span class='ocrx_word' id='word_1_425' title='bbox 1192 4670 1304 4739; x_wconf 83' lang='grc' dir='ltr'>βίος</span> <span class='ocrx_word' id='word_1_426' title='bbox 1330 4670 1513 4740; x_wconf 74' lang='grc' dir='ltr'>ἔτερος</span> <span class='ocrx_word' id='word_1_427' title='bbox 1548 4669 1627 4730; x_wconf 87' lang='grc' dir='ltr'>εἰς</span> <span class='ocrx_word' id='word_1_428' title='bbox 1653 4669 1764 4721; x_wconf 87' lang='grc' dir='ltr'>ίσον</span> <span class='ocrx_word' id='word_1_429' title='bbox 1788 4668 1852 4721; x_wconf 84' lang='grc' dir='ltr'>ἂν</span> <span class='ocrx_word' id='word_1_430' title='bbox 1874 4671 1962 4721; x_wconf 81' lang='grc' dir='ltr'>ἐν-</span> 
     </span>
    </p>
   </div>
   <div class='ocr_carea' id='block_1_52' title="bbox 286 4755 1963 4834">
    <p class='ocr_par' dir='ltr' id='par_1_52' title="bbox 286 4755 1963 4834">
     <span class='ocr_line' id='line_1_52' title="bbox 286 4755 1963 4834; baseline -0.002 -20"><span class='ocrx_word' id='word_1_431' title='bbox 286 4768 482 4834; x_wconf 82' lang='grc' dir='ltr'>αγάγοι.</span> <span class='ocrx_word' id='word_1_432' title='bbox 511 4763 528 4803; x_wconf 75' lang='grc' dir='ltr'>ί</span> <span class='ocrx_word' id='word_1_433' title='bbox 569 4762 759 4833; x_wconf 79' lang='grc' dir='ltr'>ζῆλον⁹</span> <span class='ocrx_word' id='word_1_434' title='bbox 789 4763 918 4814; x_wconf 84' lang='grc' dir='ltr'>ὅταν</span> <span class='ocrx_word' id='word_1_435' title='bbox 960 4759 1014 4810; x_wconf 80' lang='grc' dir='ltr'>δὲ</span> <span class='ocrx_word' id='word_1_436' title='bbox 1066 4758 1193 4827; x_wconf 84' lang='grc' dir='ltr'>περί</span> <span class='ocrx_word' id='word_1_437' title='bbox 1223 4757 1466 4826; x_wconf 83' lang='grc' dir='ltr'>δόγματα</span> <span class='ocrx_word' id='word_1_438' title='bbox 1491 4758 1619 4826; x_wconf 82' lang='grc' dir='ltr'>νοσῇ</span> <span class='ocrx_word' id='word_1_439' title='bbox 1654 4758 1686 4826; x_wconf 82' lang='grc' dir='ltr'><strong>ή</strong></span> <span class='ocrx_word' id='word_1_440' title='bbox 1721 4755 1866 4826; x_wconf 74' lang='grc' dir='ltr'>ψυχὴ</span> <span class='ocrx_word' id='word_1_441' title='bbox 1895 4758 1963 4810; x_wconf 80' lang='grc' dir='ltr'>τὰ</span> 
     </span>
    </p>
   </div>
   <div class='ocr_carea' id='block_1_53' title="bbox 287 4844 1962 4921">
    <p class='ocr_par' dir='ltr' id='par_1_53' title="bbox 287 4844 1962 4921">
     <span class='ocr_line' id='line_1_53' title="bbox 287 4844 1962 4921; baseline -0.005 -13"><span class='ocrx_word' id='word_1_442' title='bbox 287 4855 438 4916; x_wconf 87' lang='grc' dir='ltr'>νόθα,</span> <span class='ocrx_word' id='word_1_443' title='bbox 461 4851 628 4921; x_wconf 81' lang='grc' dir='ltr'>πολλὴ</span> <span class='ocrx_word' id='word_1_444' title='bbox 648 4849 740 4902; x_wconf 88' lang='grc' dir='ltr'>τοῦ</span> <span class='ocrx_word' id='word_1_445' title='bbox 767 4850 926 4917; x_wconf 91' lang='grc' dir='ltr'>λόγου</span> <span class='ocrx_word' id='word_1_446' title='bbox 955 4846 1186 4901; x_wconf 81' lang='grc' dir='ltr'>ἐνταῦθα</span> <span class='ocrx_word' id='word_1_447' title='bbox 1216 4848 1248 4916; x_wconf 82' lang='grc' dir='ltr'>ἡ</span> <span class='ocrx_word' id='word_1_448' title='bbox 1277 4847 1454 4917; x_wconf 86' lang='grc' dir='ltr'>χρεία,</span> <span class='ocrx_word' id='word_1_449' title='bbox 1483 4846 1542 4898; x_wconf 80' lang='grc' dir='ltr'>ού</span> <span class='ocrx_word' id='word_1_450' title='bbox 1569 4845 1705 4916; x_wconf 81' lang='grc' dir='ltr'>πρὸς</span> <span class='ocrx_word' id='word_1_451' title='bbox 1728 4844 1826 4915; x_wconf 82' lang='grc' dir='ltr'>τὴν</span> <span class='ocrx_word' id='word_1_452' title='bbox 1855 4845 1962 4899; x_wconf 89' lang='grc' dir='ltr'>τῶν</span> 
     </span>
    </p>
   </div>
   <div class='ocr_carea' id='block_1_54' title="bbox 286 4932 1962 5008">
    <p class='ocr_par' dir='ltr' id='par_1_54' title="bbox 286 4932 1962 5008">
     <span class='ocr_line' id='line_1_54' title="bbox 286 4932 1962 5008; baseline -0.005 -14"><span class='ocrx_word' id='word_1_453' title='bbox 286 4941 502 4995; x_wconf 78' lang='grc' dir='ltr'>οἰκείων</span> <span class='ocrx_word' id='word_1_454' title='bbox 539 4937 836 5008; x_wconf 85' lang='grc' dir='ltr'>ἀσφάλειαν</span> <span class='ocrx_word' id='word_1_455' title='bbox 883 4935 1060 5005; x_wconf 65' lang='grc' dir='ltr'>μόνον,</span> <span class='ocrx_word' id='word_1_456' title='bbox 1100 4935 1233 4987; x_wconf 86' lang='grc' dir='ltr'>ἀλλὰ</span> <span class='ocrx_word' id='word_1_457' title='bbox 1277 4933 1369 4985; x_wconf 75' lang='grc' dir='ltr'>καὶ</span> <span class='ocrx_word' id='word_1_458' title='bbox 1420 4933 1555 5004; x_wconf 81' lang='grc' dir='ltr'>πρὸς</span> <span class='ocrx_word' id='word_1_459' title='bbox 1603 4933 1730 4994; x_wconf 68' lang='grc' dir='ltr'>τοὺς</span> <span class='ocrx_word' id='word_1_460' title='bbox 1768 4932 1962 4995; x_wconf 78' lang='grc' dir='ltr'>ἔξωθεν</span> 
     </span>
    </p>
   </div>
   <div class='ocr_carea' id='block_1_55' title="bbox 289 5015 1966 5095">
    <p class='ocr_par' dir='ltr' id='par_1_55' title="bbox 289 5015 1966 5095">
     <span class='ocr_line' id='line_1_55' title="bbox 289 5015 1966 5095; baseline -0.007 -16"><span class='ocrx_word' id='word_1_461' title='bbox 289 5026 578 5095; x_wconf 86' lang='grc' dir='ltr'>πολέμους.</span> <span class='ocrx_word' id='word_1_462' title='bbox 628 5022 688 5077; x_wconf 82' lang='grc' dir='ltr'>Εἰ</span> <span class='ocrx_word' id='word_1_463' title='bbox 721 5022 818 5092; x_wconf 78' lang='grc' dir='ltr'>μὲν</span> <span class='ocrx_word' id='word_1_464' title='bbox 846 5021 954 5090; x_wconf 83' lang='grc' dir='ltr'>γάρ</span> <span class='ocrx_word' id='word_1_465' title='bbox 990 5038 1069 5083; x_wconf 83' lang='grc' dir='ltr'>τις</span> <span class='ocrx_word' id='word_1_466' title='bbox 1106 5019 1218 5091; x_wconf 77' lang='grc' dir='ltr'>ἔχοι</span> <span class='ocrx_word' id='word_1_467' title='bbox 1243 5020 1342 5090; x_wconf 77' lang='grc' dir='ltr'>τὴν</span> <span class='ocrx_word' id='word_1_468' title='bbox 1373 5018 1647 5088; x_wconf 83' lang='grc' dir='ltr'>μάχαιραν</span> <span class='ocrx_word' id='word_1_469' title='bbox 1677 5015 1770 5069; x_wconf 89' lang='grc' dir='ltr'>τοῦ</span> <span class='ocrx_word' id='word_1_470' title='bbox 1803 5015 1966 5068; x_wconf 85' lang='grc' dir='ltr'>πνεύ-</span> 
     </span>
    </p>
   </div>
   <div class='ocr_carea' id='block_1_56' title="bbox 291 5104 1965 5185">
    <p class='ocr_par' dir='ltr' id='par_1_56' title="bbox 291 5104 1965 5185">
     <span class='ocr_line' id='line_1_56' title="bbox 291 5104 1965 5185; baseline -0.005 -19"><span class='ocrx_word' id='word_1_471' title='bbox 291 5131 480 5185; x_wconf 88' lang='grc' dir='ltr'>ματος,</span> <span class='ocrx_word' id='word_1_472' title='bbox 509 5111 602 5164; x_wconf 74' lang='grc' dir='ltr'>καὶ</span> <span class='ocrx_word' id='word_1_473' title='bbox 632 5109 824 5180; x_wconf 77' lang='grc' dir='ltr'>θυρεὸν</span> <span class='ocrx_word' id='word_1_474' title='bbox 863 5109 1099 5170; x_wconf 89' lang='grc' dir='ltr'>πίστεως</span> <span class='ocrx_word' id='word_1_475' title='bbox 1133 5107 1406 5169; x_wconf 85' lang='grc' dir='ltr'>τοσοῦτον,</span> <span class='ocrx_word' id='word_1_476' title='bbox 1432 5105 1507 5167; x_wconf 84' lang='grc' dir='ltr'>ὠς</span> <span class='ocrx_word' id='word_1_477' title='bbox 1543 5104 1801 5156; x_wconf 88' lang='grc' dir='ltr'>δύνασθαι</span> <span class='ocrx_word' id='word_1_478' title='bbox 1834 5104 1965 5157; x_wconf 90' lang='grc' dir='ltr'>θαυ-</span> 
     </span>
    </p>
   </div>
   <div class='ocr_carea' id='block_1_57' title="bbox 293 5192 1964 5269">
    <p class='ocr_par' dir='ltr' id='par_1_57' title="bbox 293 5192 1964 5269">
     <span class='ocr_line' id='line_1_57' title="bbox 293 5192 1964 5269; baseline -0.005 -16"><span class='ocrx_word' id='word_1_479' title='bbox 293 5201 640 5269; x_wconf 83' lang='grc' dir='ltr'>ματουργεῖν,</span> <span class='ocrx_word' id='word_1_480' title='bbox 677 5197 768 5249; x_wconf 78' lang='grc' dir='ltr'>καὶ</span> <span class='ocrx_word' id='word_1_481' title='bbox 794 5196 879 5249; x_wconf 65' lang='grc' dir='ltr'>διὰ</span> <span class='ocrx_word' id='word_1_482' title='bbox 913 5194 1019 5247; x_wconf 87' lang='grc' dir='ltr'>τῶν</span> <span class='ocrx_word' id='word_1_483' title='bbox 1049 5193 1350 5264; x_wconf 76' lang='grc' dir='ltr'>τεραστίων</span> <span class='ocrx_word' id='word_1_484' title='bbox 1373 5193 1439 5244; x_wconf 74' lang='grc' dir='ltr'>τά</span> <span class='ocrx_word' id='word_1_485' title='bbox 1462 5192 1569 5244; x_wconf 79' lang='grc' dir='ltr'>τῶν</span> <span class='ocrx_word' id='word_1_486' title='bbox 1595 5193 1964 5259; x_wconf 76' lang='grc' dir='ltr'>ἀναισχύντων</span> 
     </span>
    </p>
   </div>
   <div class='ocr_carea' id='block_1_58' title="bbox 290 5279 1961 5358">
    <p class='ocr_par' dir='ltr' id='par_1_58' title="bbox 290 5279 1961 5358">
     <span class='ocr_line' id='line_1_58' title="bbox 290 5279 1961 5358; baseline -0.004 -18"><span class='ocrx_word' id='word_1_487' title='bbox 290 5288 620 5358; x_wconf 76' lang='grc' dir='ltr'>ἐμφράττειν</span> <span class='ocrx_word' id='word_1_488' title='bbox 654 5285 914 5354; x_wconf 87' lang='grc' dir='ltr'>στόματα,</span> <span class='ocrx_word' id='word_1_489' title='bbox 942 5283 1092 5334; x_wconf 73' lang='grc' dir='ltr'>οὐδὲν</span> <span class='ocrx_word' id='word_1_490' title='bbox 1122 5282 1186 5335; x_wconf 84' lang='grc' dir='ltr'>ἂν</span> <span class='ocrx_word' id='word_1_491' title='bbox 1213 5281 1382 5332; x_wconf 89' lang='grc' dir='ltr'>δέοιτο</span> <span class='ocrx_word' id='word_1_492' title='bbox 1415 5279 1514 5348; x_wconf 77' lang='grc' dir='ltr'>τῆς</span> <span class='ocrx_word' id='word_1_493' title='bbox 1539 5280 1646 5333; x_wconf 81' lang='grc' dir='ltr'>ἀπὸ</span> <span class='ocrx_word' id='word_1_494' title='bbox 1679 5280 1768 5332; x_wconf 79' lang='grc' dir='ltr'>τοῦ</span> <span class='ocrx_word' id='word_1_495' title='bbox 1804 5279 1961 5347; x_wconf 85' lang='grc' dir='ltr'>λόγου</span> 
     </span>
    </p>
   </div>
   <div class='ocr_carea' id='block_1_59' title="bbox 349 5419 1316 5484">
    <p class='ocr_par' dir='ltr' id='par_1_59' title="bbox 349 5419 1316 5484">
     <span class='ocr_line' id='line_1_59' title="bbox 349 5419 1316 5484; baseline -0.007 -11"><span class='ocrx_word' id='word_1_496' title='bbox 349 5425 378 5484; x_wconf 71' lang='lat'>_‘</span> <span class='ocrx_word' id='word_1_497' title='bbox 402 5425 551 5472; x_wconf 78' lang='lat' dir='ltr'>Savil.</span> <span class='ocrx_word' id='word_1_498' title='bbox 576 5428 630 5472; x_wconf 78' lang='lat' dir='ltr'>et</span> <span class='ocrx_word' id='word_1_499' title='bbox 651 5424 803 5484; x_wconf 78' lang='lat' dir='ltr'><strong>aliqui</strong></span> <span class='ocrx_word' id='word_1_500' title='bbox 827 5435 941 5470; x_wconf 83' lang='lat' dir='ltr'><strong>mss.</strong></span> <span class='ocrx_word' id='word_1_501' title='bbox 970 5422 1072 5484; x_wconf 81' lang='grc' dir='ltr'>ἀλλ’</span> <span class='ocrx_word' id='word_1_502' title='bbox 1098 5419 1316 5484; x_wconf 20' lang='grc' dir='ltr'>ἐκεῖλμέν.</span> 
     </span>
    </p>
   </div>
   <div class='ocr_carea' id='block_1_60' title="bbox 349 5482 1534 5555">
    <p class='ocr_par' dir='ltr' id='par_1_60' title="bbox 349 5482 1534 5555">
     <span class='ocr_line' id='line_1_60' title="bbox 349 5482 1534 5555; baseline -0.004 -22"><span class='ocrx_word' id='word_1_503' title='bbox 349 5482 379 5555; x_wconf 58' lang='grc' dir='ltr'>ξ’</span> <span class='ocrx_word' id='word_1_504' title='bbox 523 5482 790 5555; x_wconf 58' lang='grc' dir='ltr'>ἐπαύσαντο</span> <span class='ocrx_word' id='word_1_505' title='bbox 814 5483 1112 5555; x_wconf 62' lang='grc' dir='ltr'>φθεγγόμενρι</span> <span class='ocrx_word' id='word_1_506' title='bbox 1134 5482 1212 5550; x_wconf 71' lang='grc' dir='ltr'>καί</span> <span class='ocrx_word' id='word_1_507' title='bbox 1234 5482 1534 5555; x_wconf 79' lang='grc' dir='ltr'>μεμφόμενοι.</span> 
     </span>
    </p>
   </div>
   <div class='ocr_carea' id='block_1_61' title="bbox 350 5542 1832 5606">
    <p class='ocr_par' dir='ltr' id='par_1_61' title="bbox 350 5542 1832 5606">
     <span class='ocr_line' id='line_1_61' title="bbox 350 5542 1832 5606; baseline -0.002 -13"><span class='ocrx_word' id='word_1_508' title='bbox 350 5549 372 5606; x_wconf 58' lang='lat'><strong><em>“3</em></strong></span> <span class='ocrx_word' id='word_1_509' title='bbox 402 5543 494 5593; x_wconf 78' lang='lat' dir='ltr'><strong>Alii</strong></span> <span class='ocrx_word' id='word_1_510' title='bbox 517 5542 928 5606; x_wconf 80' lang='grc' dir='ltr'>έμπιοτευόμενον,</span> <span class='ocrx_word' id='word_1_511' title='bbox 955 5542 1111 5606; x_wconf 54' lang='grc' dir='ltr'>δέψει.</span> <span class='ocrx_word' id='word_1_512' title='bbox 1139 5542 1188 5606; x_wconf 86' lang='lat' dir='ltr'><strong>in</strong></span> <span class='ocrx_word' id='word_1_513' title='bbox 1210 5556 1361 5606; x_wconf 68' lang='lat' dir='ltr'><strong>marg.</strong></span> <span class='ocrx_word' id='word_1_514' title='bbox 1392 5542 1832 5606; x_wconf 79' lang='grc' dir='ltr'>ἐμπεπιστευμένον.</span> 
     </span>
    </p>
   </div>
   <div class='ocr_carea' id='block_1_62' title="bbox 347 5604 1966 5666">
    <p class='ocr_par' dir='ltr' id='par_1_62' title="bbox 347 5604 1966 5666">
     <span class='ocr_line' id='line_1_62' title="bbox 347 5604 1966 5666; baseline -0.002 -11"><span class='ocrx_word' id='word_1_515' title='bbox 347 5605 375 5666; x_wconf 61' lang='grc' dir='ltr'><em>ἀ</em></span> <span class='ocrx_word' id='word_1_516' title='bbox 403 5604 705 5655; x_wconf 63' lang='grc' dir='ltr'>υηυείιαίιρῐ</span> <span class='ocrx_word' id='word_1_517' title='bbox 724 5604 881 5653; x_wconf 77' lang='grc' dir='ltr'>πᾶσαν</span> <span class='ocrx_word' id='word_1_518' title='bbox 904 5609 1056 5666; x_wconf 76' lang='grc' dir='ltr'>ψυχῆς</span> <span class='ocrx_word' id='word_1_519' title='bbox 1078 5605 1205 5651; x_wconf 81' lang='grc' dir='ltr'>ἰδέαν</span> <span class='ocrx_word' id='word_1_520' title='bbox 1229 5604 1495 5666; x_wconf 76' lang='grc' dir='ltr'>πρόσφορον</span> <span class='ocrx_word' id='word_1_521' title='bbox 1525 5605 1832 5665; x_wconf 64' lang='grc' dir='ltr'>ἐπιστάμενον</span> <span class='ocrx_word' id='word_1_522' title='bbox 1854 5608 1966 5654; x_wconf 70' lang='grc' dir='ltr'>θαυο</span> 
     </span>
    </p>
   </div>
   <div class='ocr_carea' id='block_1_63' title="bbox 290 5649 1706 5738">
    <p class='ocr_par' dir='ltr' id='par_1_63' title="bbox 290 5649 1706 5738">
     <span class='ocr_line' id='line_1_63' title="bbox 338 5649 1706 5678; baseline -0.003 -10"><span class='ocrx_word' id='word_1_523' title='bbox 338 5664 349 5678; x_wconf 79' lang='grc'>,</span> <span class='ocrx_word' id='word_1_524' title='bbox 408 5649 533 5655; x_wconf 66' lang='lat'>&#39;“&quot;</span> <span class='ocrx_word' id='word_1_525' title='bbox 557 5649 873 5676; x_wconf 62' lang='lat'>&quot;&quot;&quot;&#39;;&quot;&quot;&quot;&quot;</span> <span class='ocrx_word' id='word_1_526' title='bbox 915 5649 1056 5666; x_wconf 54' lang='lat' dir='ltr'>I‘n’lv</span> <span class='ocrx_word' id='word_1_527' title='bbox 1085 5649 1163 5651; x_wconf 42' lang='grc' dir='ltr'><em>ην</em></span> <span class='ocrx_word' id='word_1_528' title='bbox 1267 5649 1311 5664; x_wconf 36' lang='grc' dir='ltr'>ιθ</span> <span class='ocrx_word' id='word_1_529' title='bbox 1364 5649 1464 5666; x_wconf 38' lang='grc' dir='ltr'>ιέιν</span> <span class='ocrx_word' id='word_1_530' title='bbox 1529 5649 1706 5665; x_wconf 49' lang='lat' dir='ltr'>&quot;&quot;&quot;-&#39;l</span> 
     </span>
     <span class='ocr_line' id='line_1_64' title="bbox 290 5667 1249 5738; baseline 0 0"><span class='ocrx_word' id='word_1_531' title='bbox 290 5667 535 5738; x_wconf 54' lang='lat' dir='ltr'>Man</span> <span class='ocrx_word' id='word_1_532' title='bbox 553 5669 737 5738; x_wconf 66' lang='grc' dir='ltr'>ἀγνοεις</span> <span class='ocrx_word' id='word_1_533' title='bbox 767 5668 867 5738; x_wconf 57' lang='grc' dir='ltr'>ὅτι.</span> <span class='ocrx_word' id='word_1_534' title='bbox 905 5725 922 5738; x_wconf 78' lang='grc'>.</span> <span class='ocrx_word' id='word_1_535' title='bbox 1018 5726 1028 5738; x_wconf 85' lang='grc'><strong><em>,</em></strong></span> <span class='ocrx_word' id='word_1_536' title='bbox 1175 5727 1187 5738; x_wconf 88' lang='grc'>.</span> <span class='ocrx_word' id='word_1_537' title='bbox 1238 5726 1249 5737; x_wconf 91' lang='grc'><strong><em>,</em></strong></span> 
     </span>
    </p>
   </div>
   <div class='ocr_carea' id='block_1_64' title="bbox 355 5725 1406 5787">
    <p class='ocr_par' dir='ltr' id='par_1_64' title="bbox 355 5725 1406 5787">
     <span class='ocr_line' id='line_1_65' title="bbox 355 5725 1406 5787; baseline -0.003 -11"><span class='ocrx_word' id='word_1_538' title='bbox 355 5734 376 5762; x_wconf 81' lang='grc' dir='ltr'>ί²</span> <span class='ocrx_word' id='word_1_539' title='bbox 394 5729 543 5776; x_wconf 75' lang='lat' dir='ltr'><strong>Sav‘il.</strong></span> <span class='ocrx_word' id='word_1_540' title='bbox 570 5733 620 5787; x_wconf 78' lang='lat' dir='ltr'><strong>el</strong></span> <span class='ocrx_word' id='word_1_541' title='bbox 640 5727 789 5787; x_wconf 80' lang='lat' dir='ltr'><strong>aliqui</strong></span> <span class='ocrx_word' id='word_1_542' title='bbox 815 5729 875 5787; x_wconf 69' lang='grc' dir='ltr'>μὴ</span> <span class='ocrx_word' id='word_1_543' title='bbox 899 5725 949 5787; x_wconf 74' lang='grc' dir='ltr'>ᾖ,</span> <span class='ocrx_word' id='word_1_544' title='bbox 970 5726 1120 5772; x_wconf 82' lang='grc' dir='ltr'>πάντα</span> <span class='ocrx_word' id='word_1_545' title='bbox 1149 5726 1406 5787; x_wconf 61' lang='grc' dir='ltr'>οἰχήσεται.</span> 
     </span>
    </p>
   </div>
   <div class='ocr_carea' id='block_1_65' title="bbox 359 5786 702 5852">
    <p class='ocr_par' dir='ltr' id='par_1_65' title="bbox 359 5786 702 5852">
     <span class='ocr_line' id='line_1_66' title="bbox 359 5786 702 5852; baseline -0.026 -8"><span class='ocrx_word' id='word_1_546' title='bbox 359 5787 369 5832; x_wconf 75' lang='grc' dir='ltr'>ί</span> <span class='ocrx_word' id='word_1_547' title='bbox 401 5787 498 5844; x_wconf 67' lang='lat' dir='ltr'><strong>Alii</strong></span> <span class='ocrx_word' id='word_1_548' title='bbox 521 5786 702 5852; x_wconf 61' lang='grc' dir='ltr'>ἀπάγοι.</span> 
     </span>
    </p>
   </div>
   <div class='ocr_carea' id='block_1_66' title="bbox 1089 281 2936 344">
    <p class='ocr_par' dir='ltr' id='par_1_66' title="bbox 1089 281 2936 344">
     <span class='ocr_line' id='line_1_67' title="bbox 1089 281 2936 344; baseline -0.003 -2"><span class='ocrx_word' id='word_1_549' title='bbox 1089 291 1145 343; x_wconf 85' lang='lat' dir='ltr'>S.</span> <span class='ocrx_word' id='word_1_550' title='bbox 1188 285 1474 344; x_wconf 73' lang='lat' dir='ltr'><strong>JOANNIS</strong></span> <span class='ocrx_word' id='word_1_551' title='bbox 1513 281 1995 339; x_wconf 31' lang='lat' dir='ltr'>Cl’lllYSOSTOMI</span> <span class='ocrx_word' id='word_1_552' title='bbox 2033 281 2348 339; x_wconf 64' lang='lat' dir='ltr'>ARCIIII‘JP.</span> <span class='ocrx_word' id='word_1_553' title='bbox 2389 281 2936 338; x_wconf 64' lang='lat' dir='ltr'>CONSTANTINOP.</span> 
     </span>
    </p>
   </div>
   <div class='ocr_carea' id='block_1_67' title="bbox 3614 278 3716 331">
    <p class='ocr_par' dir='ltr' id='par_1_67' title="bbox 3614 278 3716 331">
     <span class='ocr_line' id='line_1_68' title="bbox 3614 278 3716 331; baseline 0.01 -2"><span class='ocrx_word' id='word_1_554' title='bbox 3614 278 3716 331; x_wconf 75' lang='lat'>666</span> 
     </span>
    </p>
   </div>
   <div class='ocr_carea' id='block_1_68' title="bbox 2044 391 3718 469">
    <p class='ocr_par' dir='ltr' id='par_1_68' title="bbox 2044 391 3718 469">
     <span class='ocr_line' id='line_1_69' title="bbox 2044 391 3718 469; baseline -0.003 -21"><span class='ocrx_word' id='word_1_555' title='bbox 2044 396 2323 467; x_wconf 88' lang='grc' dir='ltr'>βοηθείας·</span> <span class='ocrx_word' id='word_1_556' title='bbox 2355 397 2553 469; x_wconf 83' lang='grc' dir='ltr'>μᾶλλον</span> <span class='ocrx_word' id='word_1_557' title='bbox 2582 398 2637 450; x_wconf 83' lang='grc' dir='ltr'>δὲ</span> <span class='ocrx_word' id='word_1_558' title='bbox 2665 397 2783 450; x_wconf 84' lang='grc' dir='ltr'>ούδέ</span> <span class='ocrx_word' id='word_1_559' title='bbox 2809 397 2932 451; x_wconf 83' lang='grc' dir='ltr'>τότε</span> <span class='ocrx_word' id='word_1_560' title='bbox 2959 395 3230 464; x_wconf 73' lang='grc' dir='ltr'>ἄχρηστος</span> <span class='ocrx_word' id='word_1_561' title='bbox 3258 394 3290 463; x_wconf 79' lang='grc' dir='ltr'>ἡ</span> <span class='ocrx_word' id='word_1_562' title='bbox 3325 391 3511 445; x_wconf 79' lang='grc' dir='ltr'>τούτου</span> <span class='ocrx_word' id='word_1_563' title='bbox 3535 394 3718 459; x_wconf 76' lang='grc' dir='ltr'>φύσις,</span> 
     </span>
    </p>
   </div>
   <div class='ocr_carea' id='block_1_69' title="bbox 2038 479 3720 553">
    <p class='ocr_par' dir='ltr' id='par_1_69' title="bbox 2038 479 3720 553">
     <span class='ocr_line' id='line_1_70' title="bbox 2038 479 3720 553; baseline -0.006 -13"><span class='ocrx_word' id='word_1_564' title='bbox 2038 485 2176 540; x_wconf 85' lang='grc' dir='ltr'>ἀλλά</span> <span class='ocrx_word' id='word_1_565' title='bbox 2223 488 2316 540; x_wconf 79' lang='grc' dir='ltr'>καὶ</span> <span class='ocrx_word' id='word_1_566' title='bbox 2362 486 2480 539; x_wconf 89' lang='grc' dir='ltr'>λίαν</span> <span class='ocrx_word' id='word_1_567' title='bbox 2514 485 2807 553; x_wconf 88' lang='grc' dir='ltr'>ἀναγκαία.</span> <span class='ocrx_word' id='word_1_568' title='bbox 2840 484 2949 536; x_wconf 72' lang='grc' dir='ltr'>Καὶ</span> <span class='ocrx_word' id='word_1_569' title='bbox 2981 483 3092 553; x_wconf 87' lang='grc' dir='ltr'>γάρ</span> <span class='ocrx_word' id='word_1_570' title='bbox 3135 483 3163 534; x_wconf 90' lang='lat'>6</span> <span class='ocrx_word' id='word_1_571' title='bbox 3211 481 3476 552; x_wconf 84' lang='grc' dir='ltr'>μακάριος</span> <span class='ocrx_word' id='word_1_572' title='bbox 3510 479 3720 542; x_wconf 75' lang='grc' dir='ltr'>Παῦλος</span> 
     </span>
    </p>
   </div>
   <div class='ocr_carea' id='block_1_70' title="bbox 2041 569 3722 644">
    <p class='ocr_par' dir='ltr' id='par_1_70' title="bbox 2041 569 3722 644">
     <span class='ocr_line' id='line_1_71' title="bbox 2041 569 3722 644; baseline -0.004 -17"><span class='ocrx_word' id='word_1_573' title='bbox 2041 575 2202 628; x_wconf 80' lang='grc' dir='ltr'>αὑτὸν</span> <span class='ocrx_word' id='word_1_574' title='bbox 2239 575 2598 644; x_wconf 88' lang='grc' dir='ltr'>μετεχείρισε,</span> <span class='ocrx_word' id='word_1_575' title='bbox 2629 573 2807 626; x_wconf 86' lang='grc' dir='ltr'>καίτοι</span> <span class='ocrx_word' id='word_1_576' title='bbox 2833 588 2899 640; x_wconf 89' lang='grc' dir='ltr'>γε</span> <span class='ocrx_word' id='word_1_577' title='bbox 2931 571 3040 625; x_wconf 85' lang='grc' dir='ltr'>ἀπὸ</span> <span class='ocrx_word' id='word_1_578' title='bbox 3084 569 3192 622; x_wconf 91' lang='grc' dir='ltr'>τῶν</span> <span class='ocrx_word' id='word_1_579' title='bbox 3236 570 3476 640; x_wconf 84' lang='grc' dir='ltr'>σημείων</span> <span class='ocrx_word' id='word_1_580' title='bbox 3517 585 3722 621; x_wconf 83' lang='grc' dir='ltr'>παντα-</span> 
     </span>
    </p>
   </div>
   <div class='ocr_carea' id='block_1_71' title="bbox 2041 655 3720 734">
    <p class='ocr_par' dir='ltr' id='par_1_71' title="bbox 2041 655 3720 734">
     <span class='ocr_line' id='line_1_72' title="bbox 2041 655 3720 734; baseline -0.005 -18"><span class='ocrx_word' id='word_1_581' title='bbox 2041 663 2137 734; x_wconf 93' lang='grc' dir='ltr'>χοῦ</span> <span class='ocrx_word' id='word_1_582' title='bbox 2169 663 2599 733; x_wconf 72' lang='grc' dir='ltr'>θαυμαζόμενος.</span> <span class='ocrx_word' id='word_1_583' title='bbox 2638 662 2747 715; x_wconf 80' lang='lat' dir='ltr'><strong>Kal.</strong></span> <span class='ocrx_word' id='word_1_584' title='bbox 2778 660 2965 734; x_wconf 71' lang='grc' dir='ltr'>ἕτερός</span> <span class='ocrx_word' id='word_1_585' title='bbox 2995 676 3080 722; x_wconf 86' lang='grc' dir='ltr'>τις</span> <span class='ocrx_word' id='word_1_586' title='bbox 3111 659 3218 710; x_wconf 91' lang='grc' dir='ltr'>τῶν</span> <span class='ocrx_word' id='word_1_587' title='bbox 3251 659 3344 710; x_wconf 87' lang='grc' dir='ltr'>ἀπ’</span> <span class='ocrx_word' id='word_1_588' title='bbox 3377 656 3584 709; x_wconf 71' lang='grc' dir='ltr'>ἐκείνου</span> <span class='ocrx_word' id='word_1_589' title='bbox 3625 655 3720 707; x_wconf 87' lang='grc' dir='ltr'>τοῦ</span> 
     </span>
    </p>
   </div>
   <div class='ocr_carea' id='block_1_72' title="bbox 2042 743 3724 824">
    <p class='ocr_par' dir='ltr' id='par_1_72' title="bbox 2042 743 3724 824">
     <span class='ocr_line' id='line_1_73' title="bbox 2042 743 3724 824; baseline -0.007 -18"><span class='ocrx_word' id='word_1_590' title='bbox 2042 751 2204 824; x_wconf 90' lang='grc' dir='ltr'>χοροῦ</span> <span class='ocrx_word' id='word_1_591' title='bbox 2247 755 2502 824; x_wconf 81' lang='grc' dir='ltr'>παραινεῖ</span> <span class='ocrx_word' id='word_1_592' title='bbox 2535 751 2738 821; x_wconf 88' lang='grc' dir='ltr'>ταύτης</span> <span class='ocrx_word' id='word_1_593' title='bbox 2769 747 3148 820; x_wconf 83' lang='grc' dir='ltr'>ἐπιμελεῖσθαι</span> <span class='ocrx_word' id='word_1_594' title='bbox 3179 749 3277 816; x_wconf 82' lang='grc' dir='ltr'>τῆς</span> <span class='ocrx_word' id='word_1_595' title='bbox 3307 746 3610 815; x_wconf 84' lang='grc' dir='ltr'>δυνάμεως,</span> <span class='ocrx_word' id='word_1_596' title='bbox 3635 743 3724 795; x_wconf 82' lang='grc' dir='ltr'>λέ-</span> 
     </span>
    </p>
   </div>
   <div class='ocr_carea' id='block_1_73' title="bbox 2043 831 3724 910">
    <p class='ocr_par' dir='ltr' id='par_1_73' title="bbox 2043 831 3724 910">
     <span class='ocr_line' id='line_1_74' title="bbox 2043 831 3724 910; baseline -0.006 -16"><span class='ocrx_word' id='word_1_597' title='bbox 2043 860 2155 910; x_wconf 85' lang='grc' dir='ltr'>γων</span> <span class='ocrx_word' id='word_1_598' title='bbox 2174 858 2188 872; x_wconf 74' lang='grc' dir='ltr'>ο</span> <span class='ocrx_word' id='word_1_599' title='bbox 2215 842 2479 910; x_wconf 82' lang='grc' dir='ltr'>Ἕτοιμοι</span> <span class='ocrx_word' id='word_1_600' title='bbox 2499 840 2740 908; x_wconf 75' lang='grc' dir='ltr'>γίνεσθε</span> <span class='ocrx_word' id='word_1_601' title='bbox 2772 839 2922 906; x_wconf 78' lang='grc' dir='ltr'>πρὸς</span> <span class='ocrx_word' id='word_1_602' title='bbox 2961 836 3296 904; x_wconf 74' lang='grc' dir='ltr'>ἀπολογίαν</span> <span class='ocrx_word' id='word_1_603' title='bbox 3321 834 3497 886; x_wconf 76' lang='grc' dir='ltr'>παντὶ</span> <span class='ocrx_word' id='word_1_604' title='bbox 3531 831 3610 896; x_wconf 72' lang='grc' dir='ltr'>τῷ</span> <span class='ocrx_word' id='word_1_605' title='bbox 3636 834 3724 885; x_wconf 83' lang='grc' dir='ltr'>αι-</span> 
     </span>
    </p>
   </div>
   <div class='ocr_carea' id='block_1_74' title="bbox 2044 920 3725 999">
    <p class='ocr_par' dir='ltr' id='par_1_74' title="bbox 2044 920 3725 999">
     <span class='ocr_line' id='line_1_75' title="bbox 2044 920 3725 999; baseline -0.008 -15"><span class='ocrx_word' id='word_1_606' title='bbox 2044 931 2247 984; x_wconf 80' lang='grc' dir='ltr'>τοῦντι</span> <span class='ocrx_word' id='word_1_607' title='bbox 2289 928 2446 999; x_wconf 83' lang='grc' dir='ltr'>ὑμᾶς</span> <span class='ocrx_word' id='word_1_608' title='bbox 2485 929 2672 996; x_wconf 76' lang='grc' dir='ltr'>λόγον</span> <span class='ocrx_word' id='word_1_609' title='bbox 2717 925 2851 994; x_wconf 85' lang='grc' dir='ltr'>περὶ</span> <span class='ocrx_word' id='word_1_610' title='bbox 2885 924 2997 991; x_wconf 84' lang='grc' dir='ltr'>τῆς</span> <span class='ocrx_word' id='word_1_611' title='bbox 3029 925 3097 978; x_wconf 79' lang='grc' dir='ltr'>ἐν</span> <span class='ocrx_word' id='word_1_612' title='bbox 3124 922 3266 992; x_wconf 76' lang='grc' dir='ltr'>ὑμῖν</span> <span class='ocrx_word' id='word_1_613' title='bbox 3296 920 3562 985; x_wconf 70' lang='grc' dir='ltr'>ἐλπίδος.</span> <span class='ocrx_word' id='word_1_614' title='bbox 3613 921 3725 972; x_wconf 82' lang='grc' dir='ltr'>Καὶ</span> 
     </span>
    </p>
   </div>
   <div class='ocr_carea' id='block_1_75' title="bbox 2045 1005 3724 1083">
    <p class='ocr_par' dir='ltr' id='par_1_75' title="bbox 2045 1005 3724 1083">
     <span class='ocr_line' id='line_1_76' title="bbox 2045 1005 3724 1083; baseline -0.008 -14"><span class='ocrx_word' id='word_1_615' title='bbox 2045 1015 2246 1078; x_wconf 90' lang='grc' dir='ltr'>πάντες</span> <span class='ocrx_word' id='word_1_616' title='bbox 2272 1013 2330 1066; x_wconf 86' lang='grc' dir='ltr'>δὲ</span> <span class='ocrx_word' id='word_1_617' title='bbox 2358 1012 2496 1083; x_wconf 85' lang='grc' dir='ltr'>ὁμοῦ</span> <span class='ocrx_word' id='word_1_618' title='bbox 2523 1012 2648 1064; x_wconf 90' lang='grc' dir='ltr'>τότε</span> <span class='ocrx_word' id='word_1_619' title='bbox 2674 1011 2742 1064; x_wconf 78' lang='grc' dir='ltr'>δι’</span> <span class='ocrx_word' id='word_1_620' title='bbox 2775 1008 2926 1062; x_wconf 82' lang='grc' dir='ltr'>οὐδὲν</span> <span class='ocrx_word' id='word_1_621' title='bbox 2951 1008 3137 1077; x_wconf 74' lang='grc' dir='ltr'>ἓτερον</span> <span class='ocrx_word' id='word_1_622' title='bbox 3164 1008 3276 1068; x_wconf 85' lang='grc' dir='ltr'>τοῖς</span> <span class='ocrx_word' id='word_1_623' title='bbox 3302 1005 3429 1074; x_wconf 79' lang='grc' dir='ltr'>περὶ</span> <span class='ocrx_word' id='word_1_624' title='bbox 3453 1005 3724 1072; x_wconf 82' lang='grc' dir='ltr'>Στέφανον</span> 
     </span>
    </p>
   </div>
   <div class='ocr_carea' id='block_1_76' title="bbox 2043 1085 3725 1170">
    <p class='ocr_par' dir='ltr' id='par_1_76' title="bbox 2043 1085 3725 1170">
     <span class='ocr_line' id='line_1_77' title="bbox 2043 1085 3725 1170; baseline -0.009 -18"><span class='ocrx_word' id='word_1_625' title='bbox 2043 1099 2142 1170; x_wconf 84' lang='grc' dir='ltr'>τὴν</span> <span class='ocrx_word' id='word_1_626' title='bbox 2171 1097 2282 1151; x_wconf 89' lang='grc' dir='ltr'>τῶν</span> <span class='ocrx_word' id='word_1_627' title='bbox 2315 1096 2500 1169; x_wconf 86' lang='grc' dir='ltr'>χηρῶν</span> <span class='ocrx_word' id='word_1_628' title='bbox 2532 1094 2837 1166; x_wconf 73' lang='grc' dir='ltr'>ἐπέτρεψαν</span> <span class='ocrx_word' id='word_1_629' title='bbox 2875 1091 3212 1160; x_wconf 82' lang='grc' dir='ltr'>οἰκονομίαν,</span> <span class='ocrx_word' id='word_1_630' title='bbox 3246 1088 3358 1140; x_wconf 77' lang='grc' dir='ltr'>ἀλλ’</span> <span class='ocrx_word' id='word_1_631' title='bbox 3386 1087 3418 1155; x_wconf 83' lang='grc' dir='ltr'>ἦ</span> <span class='ocrx_word' id='word_1_632' title='bbox 3451 1088 3538 1138; x_wconf 86' lang='grc' dir='ltr'>ἵνα</span> <span class='ocrx_word' id='word_1_633' title='bbox 3572 1085 3725 1138; x_wconf 78' lang='grc' dir='ltr'>αὐτοὶ</span> 
     </span>
    </p>
   </div>
   <div class='ocr_carea' id='block_1_77' title="bbox 2045 1171 3726 1255">
    <p class='ocr_par' dir='ltr' id='par_1_77' title="bbox 2045 1171 3726 1255">
     <span class='ocr_line' id='line_1_78' title="bbox 2045 1171 3726 1255; baseline -0.009 -20"><span class='ocrx_word' id='word_1_634' title='bbox 2045 1187 2112 1255; x_wconf 82' lang='grc' dir='ltr'>τῇ</span> <span class='ocrx_word' id='word_1_635' title='bbox 2141 1184 2234 1238; x_wconf 89' lang='grc' dir='ltr'>τοῦ</span> <span class='ocrx_word' id='word_1_636' title='bbox 2264 1182 2425 1250; x_wconf 90' lang='grc' dir='ltr'>λόγου</span> <span class='ocrx_word' id='word_1_637' title='bbox 2463 1180 2767 1251; x_wconf 82' lang='grc' dir='ltr'>σχολάζωσι</span> <span class='ocrx_word' id='word_1_638' title='bbox 2793 1177 3059 1244; x_wconf 79' lang='grc' dir='ltr'>διακονία.</span> <span class='ocrx_word' id='word_1_639' title='bbox 3096 1175 3241 1243; x_wconf 81' lang='grc' dir='ltr'>Πλὴν</span> <span class='ocrx_word' id='word_1_640' title='bbox 3269 1173 3382 1226; x_wconf 88' lang='grc' dir='ltr'>ἀλλ’</span> <span class='ocrx_word' id='word_1_641' title='bbox 3411 1171 3530 1223; x_wconf 82' lang='grc' dir='ltr'>οὐδὲ</span> <span class='ocrx_word' id='word_1_642' title='bbox 3555 1186 3726 1240; x_wconf 86' lang='grc' dir='ltr'>παρα-</span> 
     </span>
    </p>
   </div>
   <div class='ocr_carea' id='block_1_78' title="bbox 2047 1253 3726 1338">
    <p class='ocr_par' dir='ltr' id='par_1_78' title="bbox 2047 1253 3726 1338">
     <span class='ocr_line' id='line_1_79' title="bbox 2047 1253 3726 1338; baseline -0.01 -18"><span class='ocrx_word' id='word_1_643' title='bbox 2047 1253 2292 1338; x_wconf 85' lang='grc' dir='ltr'>πλησίως</span> <span class='ocrx_word' id='word_1_644' title='bbox 2339 1263 2500 1318; x_wconf 78' lang='grc' dir='ltr'>αὑτὸν</span> <span class='ocrx_word' id='word_1_645' title='bbox 2552 1262 2980 1332; x_wconf 81' lang='grc' dir='ltr'>ἐπιζητήσομεν.</span> <span class='ocrx_word' id='word_1_646' title='bbox 3016 1258 3115 1322; x_wconf 81' lang='grc' dir='ltr'>τὴν</span> <span class='ocrx_word' id='word_1_647' title='bbox 3165 1256 3273 1309; x_wconf 80' lang='grc' dir='ltr'>ἀπὸ</span> <span class='ocrx_word' id='word_1_648' title='bbox 3323 1255 3430 1308; x_wconf 88' lang='grc' dir='ltr'>τῶν</span> <span class='ocrx_word' id='word_1_649' title='bbox 3481 1253 3726 1322; x_wconf 75' lang='grc' dir='ltr'>σημείων</span> 
     </span>
    </p>
   </div>
   <div class='ocr_carea' id='block_1_79' title="bbox 2047 1334 3726 1422">
    <p class='ocr_par' dir='ltr' id='par_1_79' title="bbox 2047 1334 3726 1422">
     <span class='ocr_line' id='line_1_80' title="bbox 2047 1334 3726 1422; baseline -0.012 -17"><span class='ocrx_word' id='word_1_650' title='bbox 2047 1334 2264 1422; x_wconf 81' lang='grc' dir='ltr'>ἔχοντες</span> <span class='ocrx_word' id='word_1_651' title='bbox 2294 1348 2466 1419; x_wconf 90' lang='grc' dir='ltr'>ἰσχύν.</span> <span class='ocrx_word' id='word_1_652' title='bbox 2488 1348 2552 1400; x_wconf 88' lang='grc' dir='ltr'>Εἰ</span> <span class='ocrx_word' id='word_1_653' title='bbox 2577 1347 2633 1398; x_wconf 87' lang='grc' dir='ltr'>δέ</span> <span class='ocrx_word' id='word_1_654' title='bbox 2652 1347 2752 1416; x_wconf 84' lang='grc' dir='ltr'>τῆς</span> <span class='ocrx_word' id='word_1_655' title='bbox 2775 1343 2874 1416; x_wconf 82' lang='grc' dir='ltr'>μὲν</span> <span class='ocrx_word' id='word_1_656' title='bbox 2897 1341 3178 1410; x_wconf 86' lang='grc' dir='ltr'>δυνάμεως</span> <span class='ocrx_word' id='word_1_657' title='bbox 3202 1338 3414 1422; x_wconf 83' lang='grc' dir='ltr'>ἐκείνης</span> <span class='ocrx_word' id='word_1_658' title='bbox 3435 1336 3557 1389; x_wconf 81' lang='grc' dir='ltr'>οὐδὲ</span> <span class='ocrx_word' id='word_1_659' title='bbox 3581 1334 3726 1404; x_wconf 85' lang='grc' dir='ltr'>ίχνος</span> 
     </span>
    </p>
   </div>
   <div class='ocr_carea' id='block_1_80' title="bbox 2049 1418 3730 1495">
    <p class='ocr_par' dir='ltr' id='par_1_80' title="bbox 2049 1418 3730 1495">
     <span class='ocr_line' id='line_1_81' title="bbox 2049 1418 3730 1495; baseline -0.012 -8"><span class='ocrx_word' id='word_1_660' title='bbox 2049 1418 2454 1495; x_wconf 70' lang='grc' dir='ltr'>ὑπολέλειπται,</span> <span class='ocrx_word' id='word_1_661' title='bbox 2488 1430 2670 1483; x_wconf 87' lang='grc' dir='ltr'>πολλοί</span> <span class='ocrx_word' id='word_1_662' title='bbox 2704 1428 2762 1481; x_wconf 87' lang='grc' dir='ltr'>δὲ</span> <span class='ocrx_word' id='word_1_663' title='bbox 2801 1422 3133 1493; x_wconf 84' lang='grc' dir='ltr'>πανταχόθεν</span> <span class='ocrx_word' id='word_1_664' title='bbox 3160 1421 3523 1490; x_wconf 73' lang='grc' dir='ltr'>ἐφεστήκασιν</span> <span class='ocrx_word' id='word_1_665' title='bbox 3550 1418 3601 1469; x_wconf 86' lang='grc' dir='ltr'>οἱ</span> <span class='ocrx_word' id='word_1_666' title='bbox 3633 1431 3730 1468; x_wconf 79' lang='grc' dir='ltr'>πο-</span> 
     </span>
    </p>
   </div>
   <div class='ocr_carea' id='block_1_81' title="bbox 2049 1503 3732 1588">
    <p class='ocr_par' dir='ltr' id='par_1_81' title="bbox 2049 1503 3732 1588">
     <span class='ocr_line' id='line_1_82' title="bbox 2049 1503 3732 1588; baseline -0.011 -17"><span class='ocrx_word' id='word_1_667' title='bbox 2049 1519 2225 1588; x_wconf 87' lang='grc' dir='ltr'>λέμιοι</span> <span class='ocrx_word' id='word_1_668' title='bbox 2248 1516 2343 1570; x_wconf 82' lang='grc' dir='ltr'>καί</span> <span class='ocrx_word' id='word_1_669' title='bbox 2371 1516 2638 1584; x_wconf 88' lang='grc' dir='ltr'>συνεχεῖς,</span> <span class='ocrx_word' id='word_1_670' title='bbox 2670 1511 2844 1581; x_wconf 87' lang='grc' dir='ltr'>τούτῳ</span> <span class='ocrx_word' id='word_1_671' title='bbox 2869 1510 3055 1562; x_wconf 85' lang='grc' dir='ltr'>λοιπὸν</span> <span class='ocrx_word' id='word_1_672' title='bbox 3089 1507 3236 1577; x_wconf 78' lang='grc' dir='ltr'>ἡμᾶς</span> <span class='ocrx_word' id='word_1_673' title='bbox 3266 1506 3478 1588; x_wconf 86' lang='grc' dir='ltr'>ἀνάγκη</span> <span class='ocrx_word' id='word_1_674' title='bbox 3507 1503 3732 1571; x_wconf 81' lang='grc' dir='ltr'>φράττε-</span> 
     </span>
    </p>
   </div>
   <div class='ocr_carea' id='block_1_82' title="bbox 2052 1587 3727 1667">
    <p class='ocr_par' dir='ltr' id='par_1_82' title="bbox 2052 1587 3727 1667">
     <span class='ocr_line' id='line_1_83' title="bbox 2052 1587 3727 1667; baseline -0.01 -13"><span class='ocrx_word' id='word_1_675' title='bbox 2052 1587 2198 1658; x_wconf 86' lang='grc' dir='ltr'>σθαι,</span> <span class='ocrx_word' id='word_1_676' title='bbox 2235 1600 2330 1652; x_wconf 68' lang='grc' dir='ltr'>καί⁵</span> <span class='ocrx_word' id='word_1_677' title='bbox 2364 1599 2450 1651; x_wconf 84' lang='grc' dir='ltr'>ἵνα</span> <span class='ocrx_word' id='word_1_678' title='bbox 2494 1597 2567 1667; x_wconf 86' lang='grc' dir='ltr'>μὴ</span> <span class='ocrx_word' id='word_1_679' title='bbox 2603 1593 2924 1666; x_wconf 81' lang='grc' dir='ltr'>βαλλὼμεθα</span> <span class='ocrx_word' id='word_1_680' title='bbox 2951 1595 3064 1655; x_wconf 83' lang='grc' dir='ltr'>τοῖς</span> <span class='ocrx_word' id='word_1_681' title='bbox 3110 1589 3219 1642; x_wconf 89' lang='grc' dir='ltr'>τῶν</span> <span class='ocrx_word' id='word_1_682' title='bbox 3265 1587 3474 1658; x_wconf 83' lang='grc' dir='ltr'>ἐχθρῶν</span> <span class='ocrx_word' id='word_1_683' title='bbox 3525 1587 3727 1655; x_wconf 72' lang='grc' dir='ltr'>βέλεσι,</span> 
     </span>
    </p>
   </div>
   <div class='ocr_carea' id='block_1_83' title="bbox 2053 1671 3117 1749">
    <p class='ocr_par' dir='ltr' id='par_1_83' title="bbox 2053 1671 3117 1749">
     <span class='ocr_line' id='line_1_84' title="bbox 2053 1671 3117 1749; baseline -0.013 -14"><span class='ocrx_word' id='word_1_684' title='bbox 2053 1683 2143 1735; x_wconf 77' lang='grc' dir='ltr'>καί</span> <span class='ocrx_word' id='word_1_685' title='bbox 2178 1681 2261 1732; x_wconf 84' lang='grc' dir='ltr'>ῖνα</span> <span class='ocrx_word' id='word_1_686' title='bbox 2303 1678 2502 1749; x_wconf 85' lang='grc' dir='ltr'>μᾶλλον</span> <span class='ocrx_word' id='word_1_687' title='bbox 2537 1675 2819 1746; x_wconf 88' lang='grc' dir='ltr'>βάλλωμεν</span> <span class='ocrx_word' id='word_1_688' title='bbox 2852 1671 3117 1734; x_wconf 89' lang='grc' dir='ltr'>ἐκείνους.</span> 
     </span>
    </p>
   </div>
   <div class='ocr_carea' id='block_1_84' title="bbox 2110 1742 3729 1829">
    <p class='ocr_par' dir='ltr' id='par_1_84' title="bbox 2110 1742 3729 1829">
     <span class='ocr_line' id='line_1_85' title="bbox 2110 1742 3729 1829; baseline -0.011 -16"><span class='ocrx_word' id='word_1_689' title='bbox 2110 1761 2169 1813; x_wconf 83' lang='grc' dir='ltr'>δ’.</span> <span class='ocrx_word' id='word_1_690' title='bbox 2200 1760 2293 1813; x_wconf 84' lang='grc' dir='ltr'>Διὸ</span> <span class='ocrx_word' id='word_1_691' title='bbox 2303 1742 2509 1829; x_wconf 65' lang='grc' dir='ltr'>πολλὴν</span> <span class='ocrx_word' id='word_1_692' title='bbox 2651 1742 2921 1808; x_wconf 76' lang='grc' dir='ltr'>ποιεῖσθαι</span> <span class='ocrx_word' id='word_1_693' title='bbox 2934 1751 3030 1821; x_wconf 85' lang='grc' dir='ltr'>τὴν</span> <span class='ocrx_word' id='word_1_694' title='bbox 3047 1742 3561 1829; x_wconf 25' lang='grc' dir='ltr'>σπουδὴν,ῶστεῇτδν</span> <span class='ocrx_word' id='word_1_695' title='bbox 3570 1742 3729 1829; x_wconf 70' lang='grc' dir='ltr'>λόγον</span> 
     </span>
    </p>
   </div>
   <div class='ocr_carea' id='block_1_85' title="bbox 2052 1819 3730 1912">
    <p class='ocr_par' dir='ltr' id='par_1_85' title="bbox 2052 1819 3730 1912">
     <span class='ocr_line' id='line_1_86' title="bbox 2052 1819 3730 1912; baseline -0.011 -18"><span class='ocrx_word' id='word_1_696' title='bbox 2052 1843 2145 1896; x_wconf 89' lang='grc' dir='ltr'>τοῦ</span> <span class='ocrx_word' id='word_1_697' title='bbox 2160 1838 2397 1912; x_wconf 86' lang='grc' dir='ltr'>Χριστοῦ</span> <span class='ocrx_word' id='word_1_698' title='bbox 2414 1819 2514 1906; x_wconf 73' lang='grc' dir='ltr'>ἐνή</span> <span class='ocrx_word' id='word_1_699' title='bbox 2525 1819 2614 1906; x_wconf 68' lang='grc' dir='ltr'>μίν</span> <span class='ocrx_word' id='word_1_700' title='bbox 2624 1819 3240 1912; x_wconf 51' lang='grc' dir='ltr'>ἐνοικεῖνπλουσίωςρύ</span> <span class='ocrx_word' id='word_1_701' title='bbox 3253 1825 3360 1912; x_wconf 66' lang='grc' dir='ltr'>γάρ</span> <span class='ocrx_word' id='word_1_702' title='bbox 3373 1823 3508 1895; x_wconf 79' lang='grc' dir='ltr'>πρὸς</span> <span class='ocrx_word' id='word_1_703' title='bbox 3520 1824 3579 1912; x_wconf 57' lang='grc' dir='ltr'>ἓν</span> <span class='ocrx_word' id='word_1_704' title='bbox 3592 1819 3730 1887; x_wconf 83' lang='grc' dir='ltr'>εἶδος</span> 
     </span>
    </p>
   </div>
   <div class='ocr_carea' id='block_1_86' title="bbox 2054 1900 3705 1991">
    <p class='ocr_par' dir='ltr' id='par_1_86' title="bbox 2054 1900 3705 1991">
     <span class='ocr_line' id='line_1_87' title="bbox 2054 1900 3705 1991; baseline -0.013 -16"><span class='ocrx_word' id='word_1_705' title='bbox 2054 1924 2186 1991; x_wconf 75' lang='grc' dir='ltr'>ἡμῖν</span> <span class='ocrx_word' id='word_1_706' title='bbox 2211 1900 2395 1990; x_wconf 59' lang='grc' dir='ltr'>μάχης</span> <span class='ocrx_word' id='word_1_707' title='bbox 2411 1917 2445 1987; x_wconf 80' lang='grc' dir='ltr'>ἡ</span> <span class='ocrx_word' id='word_1_708' title='bbox 2465 1900 2540 1968; x_wconf 73' lang='grc' dir='ltr'>πα</span> <span class='ocrx_word' id='word_1_709' title='bbox 2549 1913 2810 1986; x_wconf 82' lang='grc' dir='ltr'>ρασκευὴ,</span> <span class='ocrx_word' id='word_1_710' title='bbox 2842 1909 2978 1964; x_wconf 88' lang='grc' dir='ltr'>ἀλλά</span> <span class='ocrx_word' id='word_1_711' title='bbox 3000 1907 3243 1970; x_wconf 86' lang='grc' dir='ltr'>ποικίλος</span> <span class='ocrx_word' id='word_1_712' title='bbox 3258 1900 3413 1991; x_wconf 76' lang='grc' dir='ltr'>οὗτος</span> <span class='ocrx_word' id='word_1_713' title='bbox 3426 1907 3453 1956; x_wconf 93' lang='lat'>6</span> <span class='ocrx_word' id='word_1_714' title='bbox 3471 1903 3705 1972; x_wconf 82' lang='grc' dir='ltr'>πόλεμος</span> 
     </span>
    </p>
   </div>
   <div class='ocr_carea' id='block_1_87' title="bbox 2054 1986 3718 2071">
    <p class='ocr_par' dir='ltr' id='par_1_87' title="bbox 2054 1986 3718 2071">
     <span class='ocr_line' id='line_1_88' title="bbox 2054 1986 3718 2071; baseline -0.013 -13"><span class='ocrx_word' id='word_1_715' title='bbox 2054 1986 2146 2058; x_wconf 74' lang='grc' dir='ltr'>καὶ</span> <span class='ocrx_word' id='word_1_716' title='bbox 2180 1986 2244 2056; x_wconf 77' lang='grc' dir='ltr'>ἐκ</span> <span class='ocrx_word' id='word_1_717' title='bbox 2271 1986 2544 2071; x_wconf 76' lang='grc' dir='ltr'>διαφόρων</span> <span class='ocrx_word' id='word_1_718' title='bbox 2574 1994 3042 2067; x_wconf 87' lang='grc' dir='ltr'>συγκροτούμενος</span> <span class='ocrx_word' id='word_1_719' title='bbox 3062 1991 3172 2044; x_wconf 90' lang='grc' dir='ltr'>τῶν</span> <span class='ocrx_word' id='word_1_720' title='bbox 3192 1988 3425 2061; x_wconf 86' lang='grc' dir='ltr'>ἐχθρῶν.</span> <span class='ocrx_word' id='word_1_721' title='bbox 3454 1987 3592 2040; x_wconf 78' lang='grc' dir='ltr'>Οὔτε</span> <span class='ocrx_word' id='word_1_722' title='bbox 3613 1986 3718 2071; x_wconf 16' lang='grc' dir='ltr'>Ϋγάγ</span> 
     </span>
    </p>
   </div>
   <div class='ocr_carea' id='block_1_88' title="bbox 2054 2070 3688 2154">
    <p class='ocr_par' dir='ltr' id='par_1_88' title="bbox 2054 2070 3688 2154">
     <span class='ocr_line' id='line_1_89' title="bbox 2054 2070 3688 2154; baseline -0.015 -10"><span class='ocrx_word' id='word_1_723' title='bbox 2054 2090 2238 2152; x_wconf 83' lang='grc' dir='ltr'>ὅπλοις</span> <span class='ocrx_word' id='word_1_724' title='bbox 2267 2070 2507 2148; x_wconf 75' lang='grc' dir='ltr'>ἅπαντες</span> <span class='ocrx_word' id='word_1_725' title='bbox 2534 2081 2772 2154; x_wconf 86' lang='grc' dir='ltr'>χρῶνται</span> <span class='ocrx_word' id='word_1_726' title='bbox 2796 2081 2910 2141; x_wconf 86' lang='grc' dir='ltr'>τοῖς</span> <span class='ocrx_word' id='word_1_727' title='bbox 2942 2077 3146 2137; x_wconf 81' lang='grc' dir='ltr'>αὐτοῖς,</span> <span class='ocrx_word' id='word_1_728' title='bbox 3181 2072 3305 2126; x_wconf 77' lang='grc' dir='ltr'>οὒτε</span> <span class='ocrx_word' id='word_1_729' title='bbox 3347 2072 3427 2124; x_wconf 76' lang='grc' dir='ltr'>ἐνὶ</span> <span class='ocrx_word' id='word_1_730' title='bbox 3453 2070 3688 2141; x_wconf 85' lang='grc' dir='ltr'>προσϐἀ)</span> 
     </span>
    </p>
   </div>
   <div class='ocr_carea' id='block_1_89' title="bbox 2054 2153 3732 2242">
    <p class='ocr_par' dir='ltr' id='par_1_89' title="bbox 2054 2153 3732 2242">
     <span class='ocr_line' id='line_1_90' title="bbox 2054 2153 3732 2242; baseline -0.014 -15"><span class='ocrx_word' id='word_1_731' title='bbox 2054 2175 2110 2226; x_wconf 90' lang='grc' dir='ltr'>λε</span> <span class='ocrx_word' id='word_1_732' title='bbox 2120 2191 2168 2226; x_wconf 93' lang='grc' dir='ltr'>ιν</span> <span class='ocrx_word' id='word_1_733' title='bbox 2196 2173 2328 2242; x_wconf 74' lang='grc' dir='ltr'>ἡμῖν</span> <span class='ocrx_word' id='word_1_734' title='bbox 2357 2187 2422 2241; x_wconf 89' lang='grc' dir='ltr'>με</span> <span class='ocrx_word' id='word_1_735' title='bbox 2430 2153 2759 2238; x_wconf 87' lang='grc' dir='ltr'>μελετήκασι</span> <span class='ocrx_word' id='word_1_736' title='bbox 2781 2161 2987 2233; x_wconf 88' lang='grc' dir='ltr'>τρόπῳ.</span> <span class='ocrx_word' id='word_1_737' title='bbox 3009 2157 3121 2211; x_wconf 72' lang='grc' dir='ltr'>Καὶ</span> <span class='ocrx_word' id='word_1_738' title='bbox 3136 2158 3216 2242; x_wconf 81' lang='grc' dir='ltr'>δεῖ</span> <span class='ocrx_word' id='word_1_739' title='bbox 3236 2157 3328 2242; x_wconf 85' lang='grc' dir='ltr'>τὸν</span> <span class='ocrx_word' id='word_1_740' title='bbox 3354 2153 3615 2223; x_wconf 89' lang='grc' dir='ltr'>μέλλοντα</span> <span class='ocrx_word' id='word_1_741' title='bbox 3629 2155 3732 2221; x_wconf 78' lang='grc' dir='ltr'>τὴν</span> 
     </span>
    </p>
   </div>
   <div class='ocr_carea' id='block_1_90' title="bbox 2057 2237 3731 2327">
    <p class='ocr_par' dir='ltr' id='par_1_90' title="bbox 2057 2237 3731 2327">
     <span class='ocr_line' id='line_1_91' title="bbox 2057 2237 3731 2327; baseline -0.014 -17"><span class='ocrx_word' id='word_1_742' title='bbox 2057 2258 2192 2327; x_wconf 79' lang='grc' dir='ltr'>πρὸς</span> <span class='ocrx_word' id='word_1_743' title='bbox 2217 2237 2441 2316; x_wconf 70' lang='grc' dir='ltr'>⁷πάντας</span> <span class='ocrx_word' id='word_1_744' title='bbox 2464 2248 2817 2320; x_wconf 82' lang='grc' dir='ltr'>ἀναδέχεσθαι</span> <span class='ocrx_word' id='word_1_745' title='bbox 2867 2243 3046 2315; x_wconf 88' lang='grc' dir='ltr'>μάχην</span> <span class='ocrx_word' id='word_1_746' title='bbox 3081 2241 3194 2327; x_wconf 47' lang='grc' dir='ltr'>τὰς</span> <span class='ocrx_word' id='word_1_747' title='bbox 3241 2240 3495 2327; x_wconf 83' lang='grc' dir='ltr'>ἁπάντων</span> <span class='ocrx_word' id='word_1_748' title='bbox 3528 2237 3731 2290; x_wconf 86' lang='grc' dir='ltr'>εἰδέναι</span> 
     </span>
    </p>
   </div>
   <div class='ocr_carea' id='block_1_91' title="bbox 2056 2321 3732 2410">
    <p class='ocr_par' dir='ltr' id='par_1_91' title="bbox 2056 2321 3732 2410">
     <span class='ocr_line' id='line_1_92' title="bbox 2056 2321 3732 2410; baseline -0.014 -16"><span class='ocrx_word' id='word_1_749' title='bbox 2056 2321 2268 2410; x_wconf 82' lang='grc' dir='ltr'>τέχνας,</span> <span class='ocrx_word' id='word_1_750' title='bbox 2292 2338 2387 2390; x_wconf 77' lang='grc' dir='ltr'>καὶ</span> <span class='ocrx_word' id='word_1_751' title='bbox 2416 2336 2506 2388; x_wconf 83' lang='grc' dir='ltr'>τὸν</span> <span class='ocrx_word' id='word_1_752' title='bbox 2529 2335 2692 2388; x_wconf 82' lang='grc' dir='ltr'>αὐτὸν</span> <span class='ocrx_word' id='word_1_753' title='bbox 2712 2330 2935 2400; x_wconf 80' lang='grc' dir='ltr'>τοξότην</span> <span class='ocrx_word' id='word_1_754' title='bbox 2964 2345 3023 2381; x_wconf 88' lang='grc' dir='ltr'>τε</span> <span class='ocrx_word' id='word_1_755' title='bbox 3054 2321 3195 2381; x_wconf 75' lang='grc' dir='ltr'>εἶναι</span> <span class='ocrx_word' id='word_1_756' title='bbox 3224 2325 3318 2410; x_wconf 69' lang='grc' dir='ltr'>καὶ</span> <span class='ocrx_word' id='word_1_757' title='bbox 3343 2321 3732 2393; x_wconf 79' lang='grc' dir='ltr'>σφενδονήτην,</span> 
     </span>
    </p>
   </div>
   <div class='ocr_carea' id='block_1_92' title="bbox 2056 2405 3732 2490">
    <p class='ocr_par' dir='ltr' id='par_1_92' title="bbox 2056 2405 3732 2490">
     <span class='ocr_line' id='line_1_93' title="bbox 2056 2405 3732 2490; baseline -0.014 -12"><span class='ocrx_word' id='word_1_758' title='bbox 2056 2405 2150 2478; x_wconf 74' lang='grc' dir='ltr'>καὶ</span> <span class='ocrx_word' id='word_1_759' title='bbox 2184 2422 2476 2490; x_wconf 82' lang='grc' dir='ltr'>ταξίαρχον</span> <span class='ocrx_word' id='word_1_760' title='bbox 2517 2417 2612 2470; x_wconf 82' lang='grc' dir='ltr'>καὶ</span> <span class='ocrx_word' id='word_1_761' title='bbox 2647 2413 2897 2485; x_wconf 82' lang='grc' dir='ltr'>λοχαγὸν,</span> <span class='ocrx_word' id='word_1_762' title='bbox 2931 2410 3024 2464; x_wconf 65' lang='grc' dir='ltr'>καί⁵</span> <span class='ocrx_word' id='word_1_763' title='bbox 3053 2406 3392 2481; x_wconf 84' lang='grc' dir='ltr'>στρατιώτην</span> <span class='ocrx_word' id='word_1_764' title='bbox 3436 2405 3530 2490; x_wconf 75' lang='grc' dir='ltr'>καί</span> <span class='ocrx_word' id='word_1_765' title='bbox 3561 2421 3732 2472; x_wconf 85' lang='grc' dir='ltr'>στρα-</span> 
     </span>
    </p>
   </div>
   <div class='ocr_carea' id='block_1_93' title="bbox 2055 2489 3731 2578">
    <p class='ocr_par' dir='ltr' id='par_1_93' title="bbox 2055 2489 3731 2578">
     <span class='ocr_line' id='line_1_94' title="bbox 2055 2489 3731 2578; baseline -0.014 -16"><span class='ocrx_word' id='word_1_766' title='bbox 2055 2507 2241 2578; x_wconf 73' lang='grc' dir='ltr'>τηγὸν,</span> <span class='ocrx_word' id='word_1_767' title='bbox 2269 2505 2364 2558; x_wconf 78' lang='grc' dir='ltr'>καὶ</span> <span class='ocrx_word' id='word_1_768' title='bbox 2386 2489 2556 2564; x_wconf 79' lang='grc' dir='ltr'>πεζὸν</span> <span class='ocrx_word' id='word_1_769' title='bbox 2596 2499 2688 2552; x_wconf 80' lang='grc' dir='ltr'>καὶ</span> <span class='ocrx_word' id='word_1_770' title='bbox 2724 2496 2915 2559; x_wconf 81' lang='grc' dir='ltr'>ἰππέα,</span> <span class='ocrx_word' id='word_1_771' title='bbox 2950 2495 3045 2548; x_wconf 84' lang='grc' dir='ltr'>καί</span> <span class='ocrx_word' id='word_1_772' title='bbox 3078 2492 3407 2578; x_wconf 58' lang='grc' dir='ltr'>ναυμάχηνξ</span> <span class='ocrx_word' id='word_1_773' title='bbox 3439 2489 3533 2542; x_wconf 68' lang='grc' dir='ltr'>καὶ</span> <span class='ocrx_word' id='word_1_774' title='bbox 3557 2504 3731 2578; x_wconf 72' lang='grc' dir='ltr'>τειχο⁴</span> 
     </span>
    </p>
   </div>
   <div class='ocr_carea' id='block_1_94' title="bbox 2059 2565 3736 2660">
    <p class='ocr_par' dir='ltr' id='par_1_94' title="bbox 2059 2565 3736 2660">
     <span class='ocr_line' id='line_1_95' title="bbox 2059 2565 3736 2660; baseline -0.014 -14"><span class='ocrx_word' id='word_1_775' title='bbox 2059 2565 2402 2660; x_wconf 71' lang='grc' dir='ltr'>Ἐπὶ</span> <span class='ocrx_word' id='word_1_776' title='bbox 2439 2583 2538 2654; x_wconf 79' lang='grc' dir='ltr'>μὲν</span> <span class='ocrx_word' id='word_1_777' title='bbox 2582 2581 2690 2652; x_wconf 89' lang='grc' dir='ltr'>γὰρ</span> <span class='ocrx_word' id='word_1_778' title='bbox 2731 2578 2842 2632; x_wconf 89' lang='grc' dir='ltr'>τῶν</span> <span class='ocrx_word' id='word_1_779' title='bbox 2881 2574 3288 2660; x_wconf 81' lang='grc' dir='ltr'>στρατιωτικῶν</span> <span class='ocrx_word' id='word_1_780' title='bbox 3319 2571 3592 2641; x_wconf 85' lang='grc' dir='ltr'>πολέμων,</span> <span class='ocrx_word' id='word_1_781' title='bbox 3619 2565 3736 2660; x_wconf 80' lang='grc' dir='ltr'>οἷον</span> 
     </span>
    </p>
   </div>
   <div class='ocr_carea' id='block_1_95' title="bbox 2055 2652 3730 2737">
    <p class='ocr_par' dir='ltr' id='par_1_95' title="bbox 2055 2652 3730 2737">
     <span class='ocr_line' id='line_1_96' title="bbox 2055 2652 3730 2737; baseline -0.014 -10"><span class='ocrx_word' id='word_1_782' title='bbox 2055 2652 2284 2734; x_wconf 58' lang='grc' dir='ltr'>ἕκαστος</span> <span class='ocrx_word' id='word_1_783' title='bbox 2315 2669 2380 2724; x_wconf 86' lang='grc' dir='ltr'>ἂν</span> <span class='ocrx_word' id='word_1_784' title='bbox 2409 2652 2567 2737; x_wconf 80' lang='grc' dir='ltr'>ἔργον</span> <span class='ocrx_word' id='word_1_785' title='bbox 2595 2661 2866 2732; x_wconf 83' lang='grc' dir='ltr'>ἀπολάϐῃ,</span> <span class='ocrx_word' id='word_1_786' title='bbox 2893 2659 3069 2729; x_wconf 86' lang='grc' dir='ltr'>τούτῳ</span> <span class='ocrx_word' id='word_1_787' title='bbox 3096 2657 3223 2720; x_wconf 80' lang='grc' dir='ltr'>τοὺς</span> <span class='ocrx_word' id='word_1_788' title='bbox 3252 2656 3506 2717; x_wconf 85' lang='grc' dir='ltr'>ἐπιόντας</span> <span class='ocrx_word' id='word_1_789' title='bbox 3529 2652 3730 2722; x_wconf 65' lang='grc' dir='ltr'>ἀμύνει</span> 
     </span>
    </p>
   </div>
   <div class='ocr_carea' id='block_1_96' title="bbox 2056 2737 3703 2810">
    <p class='ocr_par' dir='ltr' id='par_1_96' title="bbox 2056 2737 3703 2810">
     <span class='ocr_line' id='line_1_97' title="bbox 2056 2737 3703 2810; baseline -0.015 0"><span class='ocrx_word' id='word_1_790' title='bbox 2056 2773 2176 2810; x_wconf 92' lang='grc' dir='ltr'>ται·</span> <span class='ocrx_word' id='word_1_791' title='bbox 2209 2751 2446 2807; x_wconf 89' lang='grc' dir='ltr'>ἐνταῦθα</span> <span class='ocrx_word' id='word_1_792' title='bbox 2467 2750 2523 2804; x_wconf 82' lang='grc' dir='ltr'>δὲ</span> <span class='ocrx_word' id='word_1_793' title='bbox 2544 2748 2701 2801; x_wconf 83' lang='grc' dir='ltr'>τοῦτο</span> <span class='ocrx_word' id='word_1_794' title='bbox 2721 2746 2823 2799; x_wconf 86' lang='grc' dir='ltr'>οὐκ</span> <span class='ocrx_word' id='word_1_795' title='bbox 2848 2744 2996 2796; x_wconf 83' lang='grc' dir='ltr'>ἔστιν</span> <span class='ocrx_word' id='word_1_796' title='bbox 3017 2760 3030 2772; x_wconf 91' lang='grc'><strong>·</strong></span> <span class='ocrx_word' id='word_1_797' title='bbox 3061 2740 3196 2795; x_wconf 89' lang='grc' dir='ltr'>ἀλλά</span> <span class='ocrx_word' id='word_1_798' title='bbox 3220 2741 3286 2793; x_wconf 81' lang='grc' dir='ltr'>ἂν</span> <span class='ocrx_word' id='word_1_799' title='bbox 3311 2739 3384 2810; x_wconf 78' lang='grc' dir='ltr'>μὴ</span> <span class='ocrx_word' id='word_1_800' title='bbox 3409 2738 3588 2800; x_wconf 85' lang='grc' dir='ltr'>πάσας</span> <span class='ocrx_word' id='word_1_801' title='bbox 3609 2737 3703 2788; x_wconf 85' lang='grc' dir='ltr'>ἐπι</span> 
     </span>
    </p>
   </div>
   <div class='ocr_carea' id='block_1_97' title="bbox 2060 2814 3737 2908">
    <p class='ocr_par' dir='ltr' id='par_1_97' title="bbox 2060 2814 3737 2908">
     <span class='ocr_line' id='line_1_98' title="bbox 2060 2814 3737 2908; baseline -0.014 -16"><span class='ocrx_word' id='word_1_802' title='bbox 2060 2838 2326 2908; x_wconf 86' lang='grc' dir='ltr'>στάμενος</span> <span class='ocrx_word' id='word_1_803' title='bbox 2428 2832 2527 2902; x_wconf 84' lang='grc' dir='ltr'>τῆς</span> <span class='ocrx_word' id='word_1_804' title='bbox 2558 2829 2758 2900; x_wconf 85' lang='grc' dir='ltr'>τέχνης</span> <span class='ocrx_word' id='word_1_805' title='bbox 2793 2828 2893 2890; x_wconf 85' lang='grc' dir='ltr'>τὰς</span> <span class='ocrx_word' id='word_1_806' title='bbox 2935 2825 3079 2908; x_wconf 85' lang='grc' dir='ltr'>ίδέας</span> <span class='ocrx_word' id='word_1_807' title='bbox 3104 2824 3132 2875; x_wconf 92' lang='lat'>6</span> <span class='ocrx_word' id='word_1_808' title='bbox 3161 2822 3368 2908; x_wconf 80' lang='grc' dir='ltr'>μέλλων</span> <span class='ocrx_word' id='word_1_809' title='bbox 3396 2823 3571 2908; x_wconf 79' lang='grc' dir='ltr'>νικᾷν,</span> <span class='ocrx_word' id='word_1_810' title='bbox 3595 2814 3737 2870; x_wconf 77' lang='grc' dir='ltr'>οἰδεν</span> 
     </span>
    </p>
   </div>
   <div class='ocr_carea' id='block_1_98' title="bbox 2058 2901 3736 2980">
    <p class='ocr_par' dir='ltr' id='par_1_98' title="bbox 2058 2901 3736 2980">
     <span class='ocr_line' id='line_1_99' title="bbox 2058 2901 3736 2980; baseline -0.013 -6"><span class='ocrx_word' id='word_1_811' title='bbox 2058 2924 2087 2974; x_wconf 97' lang='lat'>6</span> <span class='ocrx_word' id='word_1_812' title='bbox 2117 2901 2497 2979; x_wconf 58' lang='grc' dir='ltr'>διάϐολοξκαὶ</span> <span class='ocrx_word' id='word_1_813' title='bbox 2528 2914 2594 2966; x_wconf 81' lang='grc' dir='ltr'>δι’</span> <span class='ocrx_word' id='word_1_814' title='bbox 2635 2911 2754 2975; x_wconf 83' lang='grc' dir='ltr'>ἐνὸς</span> <span class='ocrx_word' id='word_1_815' title='bbox 2794 2909 3017 2980; x_wconf 83' lang='grc' dir='ltr'>μέρους,</span> <span class='ocrx_word' id='word_1_816' title='bbox 3059 2907 3188 2959; x_wconf 84' lang='grc' dir='ltr'>ὅταν</span> <span class='ocrx_word' id='word_1_817' title='bbox 3221 2902 3563 2975; x_wconf 79' lang='grc' dir='ltr'>ἠμελημένον</span> <span class='ocrx_word' id='word_1_818' title='bbox 3595 2901 3736 2972; x_wconf 77' lang='grc' dir='ltr'>τύχῃ</span> 
     </span>
    </p>
   </div>
   <div class='ocr_carea' id='block_1_99' title="bbox 2058 2985 3743 3069">
    <p class='ocr_par' dir='ltr' id='par_1_99' title="bbox 2058 2985 3743 3069">
     <span class='ocr_line' id='line_1_100' title="bbox 2058 2985 3743 3069; baseline -0.011 -13"><span class='ocrx_word' id='word_1_819' title='bbox 2058 3003 2185 3065; x_wconf 83' lang='grc' dir='ltr'>τοὺς</span> <span class='ocrx_word' id='word_1_820' title='bbox 2212 2997 2479 3069; x_wconf 79' lang='grc' dir='ltr'>πειρατὰς</span> <span class='ocrx_word' id='word_1_821' title='bbox 2507 2992 2817 3062; x_wconf 85' lang='grc' dir='ltr'>εἰσαγαγὼν</span> <span class='ocrx_word' id='word_1_822' title='bbox 2838 2992 2965 3053; x_wconf 84' lang='grc' dir='ltr'>τοὺς</span> <span class='ocrx_word' id='word_1_823' title='bbox 2996 2988 3182 3052; x_wconf 86' lang='grc' dir='ltr'>αὑτοῦ,</span> <span class='ocrx_word' id='word_1_824' title='bbox 3205 2985 3590 3058; x_wconf 84' lang='grc' dir='ltr'>διαρπάσαιτά</span> <span class='ocrx_word' id='word_1_825' title='bbox 3613 2986 3743 3055; x_wconf 79' lang='grc' dir='ltr'>πρό-</span> 
     </span>
    </p>
   </div>
   <div class='ocr_carea' id='block_1_100' title="bbox 2060 3069 3738 3150">
    <p class='ocr_par' dir='ltr' id='par_1_100' title="bbox 2060 3069 3738 3150">
     <span class='ocr_line' id='line_1_101' title="bbox 2060 3069 3738 3150; baseline -0.013 -11"><span class='ocrx_word' id='word_1_826' title='bbox 2060 3085 2200 3138; x_wconf 82' lang='grc' dir='ltr'>ϐατα</span> <span class='ocrx_word' id='word_1_827' title='bbox 2223 3100 2238 3115; x_wconf 75' lang='grc' dir='ltr'><strong>ο</strong></span> <span class='ocrx_word' id='word_1_828' title='bbox 2273 3083 2388 3137; x_wconf 85' lang='grc' dir='ltr'>ἀλλ’</span> <span class='ocrx_word' id='word_1_829' title='bbox 2421 3081 2540 3150; x_wconf 86' lang='grc' dir='ltr'>οὐχ.</span> <span class='ocrx_word' id='word_1_830' title='bbox 2578 3081 2706 3132; x_wconf 83' lang='grc' dir='ltr'>ὅταν</span> <span class='ocrx_word' id='word_1_831' title='bbox 2735 3075 2824 3129; x_wconf 92' lang='grc' dir='ltr'>διά</span> <span class='ocrx_word' id='word_1_832' title='bbox 2853 3075 3034 3141; x_wconf 88' lang='grc' dir='ltr'>πάσης</span> <span class='ocrx_word' id='word_1_833' title='bbox 3063 3072 3266 3142; x_wconf 74' lang='grc' dir='ltr'>ἥκοντα</span> <span class='ocrx_word' id='word_1_834' title='bbox 3297 3069 3396 3138; x_wconf 80' lang='grc' dir='ltr'>τῆς</span> <span class='ocrx_word' id='word_1_835' title='bbox 3427 3070 3738 3137; x_wconf 79' lang='grc' dir='ltr'>ἐπιστήμης</span> 
     </span>
    </p>
   </div>
   <div class='ocr_carea' id='block_1_101' title="bbox 2060 3152 3740 3238">
    <p class='ocr_par' dir='ltr' id='par_1_101' title="bbox 2060 3152 3740 3238">
     <span class='ocr_line' id='line_1_102' title="bbox 2060 3152 3740 3238; baseline -0.011 -16"><span class='ocrx_word' id='word_1_836' title='bbox 2060 3169 2151 3222; x_wconf 87' lang='grc' dir='ltr'>τὸν</span> <span class='ocrx_word' id='word_1_837' title='bbox 2191 3167 2424 3238; x_wconf 86' lang='grc' dir='ltr'>ποιμένα</span> <span class='ocrx_word' id='word_1_838' title='bbox 2455 3162 2733 3234; x_wconf 81' lang='grc' dir='ltr'>αἴσθηται,</span> <span class='ocrx_word' id='word_1_839' title='bbox 2772 3160 2865 3213; x_wconf 76' lang='grc' dir='ltr'>καὶ</span> <span class='ocrx_word' id='word_1_840' title='bbox 2899 3159 3000 3222; x_wconf 88' lang='grc' dir='ltr'>τάς</span> <span class='ocrx_word' id='word_1_841' title='bbox 3033 3156 3321 3218; x_wconf 80' lang='grc' dir='ltr'>ἐπιϐουλὰς</span> <span class='ocrx_word' id='word_1_842' title='bbox 3359 3152 3526 3232; x_wconf 76' lang='grc' dir='ltr'>αὑτοῦ</span> <span class='ocrx_word' id='word_1_843' title='bbox 3556 3152 3740 3214; x_wconf 81' lang='grc' dir='ltr'>καλῶς</span> 
     </span>
    </p>
   </div>
   <div class='ocr_carea' id='block_1_102' title="bbox 2061 3220 3739 3322">
    <p class='ocr_par' dir='ltr' id='par_1_102' title="bbox 2061 3220 3739 3322">
     <span class='ocr_line' id='line_1_103' title="bbox 2061 3220 3739 3322; baseline -0.013 -16"><span class='ocrx_word' id='word_1_844' title='bbox 2061 3220 2424 3322; x_wconf 67' lang='grc' dir='ltr'>ἐπιστάμενον</span> <span class='ocrx_word' id='word_1_845' title='bbox 2445 3220 2685 3308; x_wconf 76' lang='grc' dir='ltr'>ἀπάσάς.</span> <span class='ocrx_word' id='word_1_846' title='bbox 2712 3220 2804 3298; x_wconf 64' lang='grc' dir='ltr'>Ᾰιὸ</span> <span class='ocrx_word' id='word_1_847' title='bbox 2828 3242 2933 3314; x_wconf 83' lang='grc' dir='ltr'>χρὴ</span> <span class='ocrx_word' id='word_1_848' title='bbox 2959 3220 3139 3303; x_wconf 78' lang='grc' dir='ltr'>καλῶς</span> <span class='ocrx_word' id='word_1_849' title='bbox 3164 3239 3222 3305; x_wconf 84' lang='grc' dir='ltr'>ἐξ</span> <span class='ocrx_word' id='word_1_850' title='bbox 3243 3237 3380 3291; x_wconf 84' lang='grc' dir='ltr'>ὅλων</span> <span class='ocrx_word' id='word_1_851' title='bbox 3402 3220 3739 3322; x_wconf 51' lang='grc' dir='ltr'>φράξει-εσθαι</span> 
     </span>
    </p>
   </div>
   <div class='ocr_carea' id='block_1_103' title="bbox 2061 3316 3739 3404">
    <p class='ocr_par' dir='ltr' id='par_1_103' title="bbox 2061 3316 3739 3404">
     <span class='ocr_line' id='line_1_104' title="bbox 2061 3316 3739 3404; baseline -0.013 -17"><span class='ocrx_word' id='word_1_852' title='bbox 2061 3336 2169 3387; x_wconf 87' lang='grc' dir='ltr'>τῶν</span> <span class='ocrx_word' id='word_1_853' title='bbox 2198 3316 2402 3404; x_wconf 79' lang='grc' dir='ltr'>μερῶν.</span> <span class='ocrx_word' id='word_1_854' title='bbox 2436 3330 2548 3384; x_wconf 80' lang='grc' dir='ltr'>Καὶ</span> <span class='ocrx_word' id='word_1_855' title='bbox 2575 3328 2684 3399; x_wconf 90' lang='grc' dir='ltr'>γάρ</span> <span class='ocrx_word' id='word_1_856' title='bbox 2715 3326 2888 3389; x_wconf 82' lang='grc' dir='ltr'>πόλις,</span> <span class='ocrx_word' id='word_1_857' title='bbox 2918 3323 3024 3386; x_wconf 74' lang='grc' dir='ltr'>ἕως</span> <span class='ocrx_word' id='word_1_858' title='bbox 3057 3322 3156 3404; x_wconf 75' lang='grc' dir='ltr'>μέν</span> <span class='ocrx_word' id='word_1_859' title='bbox 3187 3316 3617 3404; x_wconf 24' lang='grc' dir='ltr'>ἂνᾼπανταχόθεν</span> <span class='ocrx_word' id='word_1_860' title='bbox 3638 3333 3739 3404; x_wconf 68' lang='grc' dir='ltr'>πε-</span> 
     </span>
    </p>
   </div>
   <div class='ocr_carea' id='block_1_104' title="bbox 2067 3396 3736 3485">
    <p class='ocr_par' dir='ltr' id='par_1_104' title="bbox 2067 3396 3736 3485">
     <span class='ocr_line' id='line_1_105' title="bbox 2067 3396 3736 3485; baseline -0.012 -18"><span class='ocrx_word' id='word_1_861' title='bbox 2067 3396 2430 3485; x_wconf 82' lang='grc' dir='ltr'>ριϐεϐλημένη</span> <span class='ocrx_word' id='word_1_862' title='bbox 2468 3396 2734 3481; x_wconf 80' lang='grc' dir='ltr'>τυγχάνῃ,</span> <span class='ocrx_word' id='word_1_863' title='bbox 2756 3404 3033 3473; x_wconf 84' lang='grc' dir='ltr'>καταγελᾷ</span> <span class='ocrx_word' id='word_1_864' title='bbox 3061 3402 3168 3454; x_wconf 91' lang='grc' dir='ltr'>τῶν</span> <span class='ocrx_word' id='word_1_865' title='bbox 3195 3396 3624 3485; x_wconf 87' lang='grc' dir='ltr'>πολιορκούντων</span> <span class='ocrx_word' id='word_1_866' title='bbox 3643 3396 3736 3447; x_wconf 78' lang='grc' dir='ltr'>αύ-</span> 
     </span>
    </p>
   </div>
   <div class='ocr_carea' id='block_1_105' title="bbox 2062 3479 3741 3568">
    <p class='ocr_par' dir='ltr' id='par_1_105' title="bbox 2062 3479 3741 3568">
     <span class='ocr_line' id='line_1_106' title="bbox 2062 3479 3741 3568; baseline -0.013 -17"><span class='ocrx_word' id='word_1_867' title='bbox 2062 3479 2182 3568; x_wconf 77' lang='grc' dir='ltr'>τὴν.</span> <span class='ocrx_word' id='word_1_868' title='bbox 2209 3479 2563 3564; x_wconf 23' lang='grc' dir='ltr'>ἐντάσφαλείᾳ</span> <span class='ocrx_word' id='word_1_869' title='bbox 2582 3479 2836 3563; x_wconf 76' lang='grc' dir='ltr'>μένουσα</span> <span class='ocrx_word' id='word_1_870' title='bbox 2855 3489 3022 3558; x_wconf 80' lang='grc' dir='ltr'>πολλῇ</span> <span class='ocrx_word' id='word_1_871' title='bbox 3042 3505 3056 3521; x_wconf 85' lang='grc'>·</span> <span class='ocrx_word' id='word_1_872' title='bbox 3095 3486 3188 3538; x_wconf 86' lang='grc' dir='ltr'>ἐὰν</span> <span class='ocrx_word' id='word_1_873' title='bbox 3208 3484 3265 3538; x_wconf 85' lang='grc' dir='ltr'>δέ</span> <span class='ocrx_word' id='word_1_874' title='bbox 3290 3501 3374 3568; x_wconf 88' lang='grc' dir='ltr'>τις</span> <span class='ocrx_word' id='word_1_875' title='bbox 3400 3480 3616 3543; x_wconf 87' lang='grc' dir='ltr'>πυλίδος</span> <span class='ocrx_word' id='word_1_876' title='bbox 3643 3479 3741 3549; x_wconf 83' lang='grc' dir='ltr'>μό-</span> 
     </span>
    </p>
   </div>
   <div class='ocr_carea' id='block_1_106' title="bbox 2063 3564 3743 3651">
    <p class='ocr_par' dir='ltr' id='par_1_106' title="bbox 2063 3564 3743 3651">
     <span class='ocr_line' id='line_1_107' title="bbox 2063 3564 3743 3651; baseline -0.013 -16"><span class='ocrx_word' id='word_1_877' title='bbox 2063 3564 2152 3636; x_wconf 65' lang='grc' dir='ltr'>νον</span> <span class='ocrx_word' id='word_1_878' title='bbox 2187 3581 2384 3651; x_wconf 89' lang='grc' dir='ltr'>μέτρον</span> <span class='ocrx_word' id='word_1_879' title='bbox 2412 3578 2647 3648; x_wconf 81' lang='grc' dir='ltr'>διακόψῃ</span> <span class='ocrx_word' id='word_1_880' title='bbox 2673 3575 2735 3629; x_wconf 84' lang='grc' dir='ltr'>τὸ</span> <span class='ocrx_word' id='word_1_881' title='bbox 2765 3576 2962 3644; x_wconf 85' lang='grc' dir='ltr'>τεῖχος,</span> <span class='ocrx_word' id='word_1_882' title='bbox 2997 3570 3148 3624; x_wconf 72' lang='grc' dir='ltr'>οὐδὲν</span> <span class='ocrx_word' id='word_1_883' title='bbox 3172 3565 3521 3651; x_wconf 31' lang='grc' dir='ltr'>αὐτῇῌλοιπὸν</span> <span class='ocrx_word' id='word_1_884' title='bbox 3549 3564 3743 3651; x_wconf 64' lang='grc' dir='ltr'>ὄφελος</span> 
     </span>
    </p>
   </div>
   <div class='ocr_carea' id='block_1_107' title="bbox 2063 3643 3740 3732">
    <p class='ocr_par' dir='ltr' id='par_1_107' title="bbox 2063 3643 3740 3732">
     <span class='ocr_line' id='line_1_108' title="bbox 2063 3643 3740 3732; baseline -0.011 -16"><span class='ocrx_word' id='word_1_885' title='bbox 2063 3683 2114 3716; x_wconf 67' lang='grc' dir='ltr'>τε</span> <span class='ocrx_word' id='word_1_886' title='bbox 2129 3666 2161 3720; x_wconf 83' lang='grc' dir='ltr'>ὕ</span> <span class='ocrx_word' id='word_1_887' title='bbox 2183 3643 2465 3732; x_wconf 70' lang='grc' dir='ltr'>περίϐόλου</span> <span class='ocrx_word' id='word_1_888' title='bbox 2495 3643 2726 3728; x_wconf 72' lang='grc' dir='ltr'>γίνεται,</span> <span class='ocrx_word' id='word_1_889' title='bbox 2751 3643 2929 3711; x_wconf 84' lang='grc' dir='ltr'>καίτοι</span> <span class='ocrx_word' id='word_1_890' title='bbox 2952 3673 3015 3722; x_wconf 89' lang='grc' dir='ltr'>γε</span> <span class='ocrx_word' id='word_1_891' title='bbox 3035 3653 3130 3707; x_wconf 90' lang='grc' dir='ltr'>τοῦ</span> <span class='ocrx_word' id='word_1_892' title='bbox 3149 3648 3339 3732; x_wconf 85' lang='grc' dir='ltr'>λοιποῦ</span> <span class='ocrx_word' id='word_1_893' title='bbox 3365 3645 3566 3732; x_wconf 54' lang='grc' dir='ltr'>παντός</span> <span class='ocrx_word' id='word_1_894' title='bbox 3585 3643 3740 3716; x_wconf 65' lang='lat'>[409}</span> 
     </span>
    </p>
   </div>
   <div class='ocr_carea' id='block_1_108' title="bbox 2064 3729 3740 3815">
    <p class='ocr_par' dir='ltr' id='par_1_108' title="bbox 2064 3729 3740 3815">
     <span class='ocr_line' id='line_1_109' title="bbox 2064 3729 3740 3815; baseline -0.012 -16"><span class='ocrx_word' id='word_1_895' title='bbox 2064 3729 2322 3815; x_wconf 82' lang='grc' dir='ltr'>ἀσφαλῶς</span> <span class='ocrx_word' id='word_1_896' title='bbox 2355 3745 2667 3815; x_wconf 80' lang='grc' dir='ltr'>ἑστηκότος.</span> <span class='ocrx_word' id='word_1_897' title='bbox 2697 3741 2885 3803; x_wconf 76' lang='grc' dir='ltr'>Οὕτως</span> <span class='ocrx_word' id='word_1_898' title='bbox 2922 3735 3016 3792; x_wconf 77' lang='grc' dir='ltr'>οὖν</span> <span class='ocrx_word' id='word_1_899' title='bbox 3056 3737 3150 3790; x_wconf 77' lang='grc' dir='ltr'>καὶ</span> <span class='ocrx_word' id='word_1_900' title='bbox 3189 3737 3222 3804; x_wconf 86' lang='grc' dir='ltr'><strong>ὴ</strong></span> <span class='ocrx_word' id='word_1_901' title='bbox 3263 3731 3356 3786; x_wconf 91' lang='grc' dir='ltr'>τοῦ</span> <span class='ocrx_word' id='word_1_902' title='bbox 3393 3729 3531 3783; x_wconf 85' lang='grc' dir='ltr'>Θεοῦ</span> <span class='ocrx_word' id='word_1_903' title='bbox 3561 3729 3740 3790; x_wconf 87' lang='grc' dir='ltr'>πόλις,</span> 
     </span>
    </p>
   </div>
   <div class='ocr_carea' id='block_1_109' title="bbox 2063 3813 3740 3898">
    <p class='ocr_par' dir='ltr' id='par_1_109' title="bbox 2063 3813 3740 3898">
     <span class='ocr_line' id='line_1_110' title="bbox 2063 3813 3740 3898; baseline -0.011 -16"><span class='ocrx_word' id='word_1_904' title='bbox 2063 3813 2191 3882; x_wconf 78' lang='grc' dir='ltr'>ὅταν</span> <span class='ocrx_word' id='word_1_905' title='bbox 2218 3827 2318 3898; x_wconf 84' lang='grc' dir='ltr'>μὲν</span> <span class='ocrx_word' id='word_1_906' title='bbox 2347 3813 2516 3897; x_wconf 71' lang='grc' dir='ltr'>αὐτὴν</span> <span class='ocrx_word' id='word_1_907' title='bbox 2546 3823 2884 3895; x_wconf 89' lang='grc' dir='ltr'>πανταχόθεν</span> <span class='ocrx_word' id='word_1_908' title='bbox 2912 3821 3034 3874; x_wconf 82' lang='grc' dir='ltr'>ἀντὶ</span> <span class='ocrx_word' id='word_1_909' title='bbox 3065 3818 3276 3888; x_wconf 88' lang='grc' dir='ltr'>τείχους</span> <span class='ocrx_word' id='word_1_910' title='bbox 3301 3818 3334 3886; x_wconf 81' lang='grc' dir='ltr'>η</span> <span class='ocrx_word' id='word_1_911' title='bbox 3364 3814 3457 3867; x_wconf 90' lang='grc' dir='ltr'>τοῦ</span> <span class='ocrx_word' id='word_1_912' title='bbox 3484 3813 3740 3883; x_wconf 80' lang='grc' dir='ltr'>ποιμένος</span> 
     </span>
    </p>
   </div>
   <div class='ocr_carea' id='block_1_110' title="bbox 2064 3894 3743 3980">
    <p class='ocr_par' dir='ltr' id='par_1_110' title="bbox 2064 3894 3743 3980">
     <span class='ocr_line' id='line_1_111' title="bbox 2064 3894 3743 3980; baseline -0.012 -15"><span class='ocrx_word' id='word_1_913' title='bbox 2064 3894 2314 3980; x_wconf 77' lang='grc' dir='ltr'>ἀγχίνοιά</span> <span class='ocrx_word' id='word_1_914' title='bbox 2343 3927 2403 3962; x_wconf 90' lang='grc' dir='ltr'>τε</span> <span class='ocrx_word' id='word_1_915' title='bbox 2443 3894 2538 3963; x_wconf 81' lang='grc' dir='ltr'>καί</span> <span class='ocrx_word' id='word_1_916' title='bbox 2563 3894 2778 3970; x_wconf 88' lang='grc' dir='ltr'>σύνεσις</span> <span class='ocrx_word' id='word_1_917' title='bbox 2809 3903 3128 3976; x_wconf 84' lang='grc' dir='ltr'>περιϐάλλῃ,</span> <span class='ocrx_word' id='word_1_918' title='bbox 3159 3901 3338 3954; x_wconf 88' lang='grc' dir='ltr'>πάντα</span> <span class='ocrx_word' id='word_1_919' title='bbox 3369 3899 3448 3980; x_wconf 81' lang='grc' dir='ltr'>είς</span> <span class='ocrx_word' id='word_1_920' title='bbox 3480 3894 3743 3980; x_wconf 72' lang='grc' dir='ltr'>αἰσχύνην</span> 
     </span>
    </p>
   </div>
   <div class='ocr_carea' id='block_1_111' title="bbox 2065 3976 3743 4061">
    <p class='ocr_par' dir='ltr' id='par_1_111' title="bbox 2065 3976 3743 4061">
     <span class='ocr_line' id='line_1_112' title="bbox 2065 3976 3743 4061; baseline -0.013 -13"><span class='ocrx_word' id='word_1_921' title='bbox 2065 3976 2172 4048; x_wconf 33' lang='grc' dir='ltr'>καί.-</span> <span class='ocrx_word' id='word_1_922' title='bbox 2200 3993 2411 4061; x_wconf 84' lang='grc' dir='ltr'>γέλωτα</span> <span class='ocrx_word' id='word_1_923' title='bbox 2461 3994 2573 4054; x_wconf 89' lang='grc' dir='ltr'>τοῖς</span> <span class='ocrx_word' id='word_1_924' title='bbox 2619 3989 2833 4060; x_wconf 80' lang='grc' dir='ltr'>ἐχθροῖς</span> <span class='ocrx_word' id='word_1_925' title='bbox 2867 3987 2935 4040; x_wconf 83' lang='grc' dir='ltr'>τά</span> <span class='ocrx_word' id='word_1_926' title='bbox 2972 3984 3340 4056; x_wconf 82' lang='grc' dir='ltr'>μηχανήματα</span> <span class='ocrx_word' id='word_1_927' title='bbox 3368 3978 3616 4061; x_wconf 81' lang='grc' dir='ltr'>τελευτᾷ,</span> <span class='ocrx_word' id='word_1_928' title='bbox 3649 3976 3743 4061; x_wconf 73' lang='grc' dir='ltr'>καὶ</span> 
     </span>
    </p>
   </div>
   <div class='ocr_carea' id='block_1_112' title="bbox 2069 4059 3742 4145">
    <p class='ocr_par' dir='ltr' id='par_1_112' title="bbox 2069 4059 3742 4145">
     <span class='ocr_line' id='line_1_113' title="bbox 2069 4059 3742 4145; baseline -0.012 -17"><span class='ocrx_word' id='word_1_929' title='bbox 2069 4077 2321 4145; x_wconf 83' lang='grc' dir='ltr'>μένουσιν</span> <span class='ocrx_word' id='word_1_930' title='bbox 2353 4075 2403 4126; x_wconf 92' lang='grc' dir='ltr'>οἱ</span> <span class='ocrx_word' id='word_1_931' title='bbox 2437 4059 2820 4134; x_wconf 81' lang='grc' dir='ltr'>κατοικοῦντες</span> <span class='ocrx_word' id='word_1_932' title='bbox 2849 4069 2996 4121; x_wconf 79' lang='grc' dir='ltr'>ἔνδον</span> <span class='ocrx_word' id='word_1_933' title='bbox 3022 4068 3226 4128; x_wconf 90' lang='grc' dir='ltr'>ἀσινεῖς</span> <span class='ocrx_word' id='word_1_934' title='bbox 3249 4081 3262 4093; x_wconf 88' lang='grc'><strong>·</strong></span> <span class='ocrx_word' id='word_1_935' title='bbox 3291 4064 3420 4115; x_wconf 87' lang='grc' dir='ltr'>ὃταν</span> <span class='ocrx_word' id='word_1_936' title='bbox 3453 4060 3511 4112; x_wconf 89' lang='grc' dir='ltr'>δέ</span> <span class='ocrx_word' id='word_1_937' title='bbox 3541 4077 3625 4120; x_wconf 84' lang='grc' dir='ltr'>τις</span> <span class='ocrx_word' id='word_1_938' title='bbox 3647 4059 3742 4110; x_wconf 80' lang='grc' dir='ltr'>αύ-</span> 
     </span>
    </p>
   </div>
   <div class='ocr_carea' id='block_1_113' title="bbox 2065 4148 3740 4228">
    <p class='ocr_par' dir='ltr' id='par_1_113' title="bbox 2065 4148 3740 4228">
     <span class='ocr_line' id='line_1_114' title="bbox 2065 4148 3740 4228; baseline -0.011 -18"><span class='ocrx_word' id='word_1_939' title='bbox 2065 4159 2163 4227; x_wconf 86' lang='grc' dir='ltr'>τὴν</span> <span class='ocrx_word' id='word_1_940' title='bbox 2193 4160 2258 4210; x_wconf 87' lang='grc' dir='ltr'>ἐκ</span> <span class='ocrx_word' id='word_1_941' title='bbox 2287 4158 2486 4228; x_wconf 89' lang='grc' dir='ltr'>μέρους</span> <span class='ocrx_word' id='word_1_942' title='bbox 2519 4154 2820 4209; x_wconf 90' lang='grc' dir='ltr'>καταλῦσαι</span> <span class='ocrx_word' id='word_1_943' title='bbox 2857 4151 3082 4222; x_wconf 78' lang='grc' dir='ltr'>δυνηθῇ,</span> <span class='ocrx_word' id='word_1_944' title='bbox 3117 4149 3218 4203; x_wconf 81' lang='grc' dir='ltr'>κᾶν</span> <span class='ocrx_word' id='word_1_945' title='bbox 3251 4148 3325 4218; x_wconf 85' lang='grc' dir='ltr'>μὴ</span> <span class='ocrx_word' id='word_1_946' title='bbox 3357 4148 3538 4198; x_wconf 72' lang='grc' dir='ltr'>πᾶσαν</span> <span class='ocrx_word' id='word_1_947' title='bbox 3569 4159 3740 4228; x_wconf 79' lang='grc' dir='ltr'>κατα-</span> 
     </span>
    </p>
   </div>
   <div class='ocr_carea' id='block_1_114' title="bbox 2067 4225 3743 4312">
    <p class='ocr_par' dir='ltr' id='par_1_114' title="bbox 2067 4225 3743 4312">
     <span class='ocr_line' id='line_1_115' title="bbox 2067 4225 3743 4312; baseline -0.01 -20"><span class='ocrx_word' id='word_1_948' title='bbox 2067 4225 2227 4312; x_wconf 81' lang='grc' dir='ltr'>ϐάλῃ,</span> <span class='ocrx_word' id='word_1_949' title='bbox 2249 4225 2337 4293; x_wconf 77' lang='grc' dir='ltr'>διὰ</span> <span class='ocrx_word' id='word_1_950' title='bbox 2361 4225 2456 4293; x_wconf 78' lang='grc' dir='ltr'>τοῦ</span> <span class='ocrx_word' id='word_1_951' title='bbox 2485 4240 2684 4309; x_wconf 87' lang='grc' dir='ltr'>μέρους</span> <span class='ocrx_word' id='word_1_952' title='bbox 2706 4237 2870 4299; x_wconf 77' lang='grc' dir='ltr'>ἅπαν,</span> <span class='ocrx_word' id='word_1_953' title='bbox 2895 4237 2970 4298; x_wconf 86' lang='grc' dir='ltr'>ὼς</span> <span class='ocrx_word' id='word_1_954' title='bbox 2995 4235 3190 4295; x_wconf 89' lang='grc' dir='ltr'>εἰπεῖν,</span> <span class='ocrx_word' id='word_1_955' title='bbox 3217 4229 3538 4301; x_wconf 90' lang='grc' dir='ltr'>λυμαίνεται</span> <span class='ocrx_word' id='word_1_956' title='bbox 3562 4225 3624 4278; x_wconf 78' lang='grc' dir='ltr'>τὸ</span> <span class='ocrx_word' id='word_1_957' title='bbox 3640 4225 3743 4276; x_wconf 82' lang='grc' dir='ltr'>λοι-</span> 
     </span>
    </p>
   </div>
   <div class='ocr_carea' id='block_1_115' title="bbox 2068 4309 3742 4394">
    <p class='ocr_par' dir='ltr' id='par_1_115' title="bbox 2068 4309 3742 4394">
     <span class='ocr_line' id='line_1_116' title="bbox 2068 4309 3742 4394; baseline -0.011 -16"><span class='ocrx_word' id='word_1_958' title='bbox 2068 4309 2203 4378; x_wconf 19' lang='grc' dir='ltr'>πόνξγ</span> <span class='ocrx_word' id='word_1_959' title='bbox 2222 4324 2286 4376; x_wconf 89' lang='grc' dir='ltr'>Τί</span> <span class='ocrx_word' id='word_1_960' title='bbox 2313 4323 2422 4394; x_wconf 86' lang='grc' dir='ltr'>γάρ</span> <span class='ocrx_word' id='word_1_961' title='bbox 2450 4323 2575 4376; x_wconf 84' lang='grc' dir='ltr'>ὅταν</span> <span class='ocrx_word' id='word_1_962' title='bbox 2605 4321 2742 4391; x_wconf 78' lang='grc' dir='ltr'>πρὸς</span> <span class='ocrx_word' id='word_1_963' title='bbox 2761 4319 3026 4388; x_wconf 86' lang='grc' dir='ltr'>Ἕλληνας</span> <span class='ocrx_word' id='word_1_964' title='bbox 3059 4316 3156 4388; x_wconf 87' lang='grc' dir='ltr'>μὲν</span> <span class='ocrx_word' id='word_1_965' title='bbox 3183 4312 3513 4383; x_wconf 78' lang='grc' dir='ltr'>ἀγωνίζηται</span> <span class='ocrx_word' id='word_1_966' title='bbox 3540 4309 3742 4370; x_wconf 86' lang='grc' dir='ltr'>καλῶς,</span> 
     </span>
    </p>
   </div>
   <div class='ocr_carea' id='block_1_116' title="bbox 2069 4393 3744 4471">
    <p class='ocr_par' dir='ltr' id='par_1_116' title="bbox 2069 4393 3744 4471">
     <span class='ocr_line' id='line_1_117' title="bbox 2069 4393 3744 4471; baseline -0.01 -11"><span class='ocrx_word' id='word_1_967' title='bbox 2069 4407 2270 4460; x_wconf 86' lang='grc' dir='ltr'>συλῶσι</span> <span class='ocrx_word' id='word_1_968' title='bbox 2316 4393 2586 4459; x_wconf 16' lang='grc' dir='ltr'>δέναύτὸν</span> <span class='ocrx_word' id='word_1_969' title='bbox 2624 4404 2896 4465; x_wconf 86' lang='grc' dir='ltr'>Ἰουδαῖοι;</span> <span class='ocrx_word' id='word_1_970' title='bbox 2945 4403 2976 4471; x_wconf 89' lang='grc' dir='ltr'>ἢ</span> <span class='ocrx_word' id='word_1_971' title='bbox 3021 4400 3224 4453; x_wconf 88' lang='grc' dir='ltr'>τούτων</span> <span class='ocrx_word' id='word_1_972' title='bbox 3278 4397 3375 4468; x_wconf 89' lang='grc' dir='ltr'>μὲν</span> <span class='ocrx_word' id='word_1_973' title='bbox 3417 4393 3744 4465; x_wconf 76' lang='grc' dir='ltr'>ἀμφοτέρων</span> 
     </span>
    </p>
   </div>
   <div class='ocr_carea' id='block_1_117' title="bbox 2067 4476 3745 4559">
    <p class='ocr_par' dir='ltr' id='par_1_117' title="bbox 2067 4476 3745 4559">
     <span class='ocr_line' id='line_1_118' title="bbox 2067 4476 3745 4559; baseline -0.01 -16"><span class='ocrx_word' id='word_1_974' title='bbox 2067 4493 2267 4559; x_wconf 80' lang='grc' dir='ltr'>κρατῇ,</span> <span class='ocrx_word' id='word_1_975' title='bbox 2299 4488 2586 4558; x_wconf 79' lang='grc' dir='ltr'>ἀρπάζωσι</span> <span class='ocrx_word' id='word_1_976' title='bbox 2619 4487 2672 4540; x_wconf 86' lang='grc' dir='ltr'>δέ</span> <span class='ocrx_word' id='word_1_977' title='bbox 2705 4487 3027 4555; x_wconf 84' lang='grc' dir='ltr'>Μανιχαῖοι;</span> <span class='ocrx_word' id='word_1_978' title='bbox 3076 4483 3214 4553; x_wconf 86' lang='grc' dir='ltr'>μετά</span> <span class='ocrx_word' id='word_1_979' title='bbox 3245 4480 3299 4533; x_wconf 85' lang='grc' dir='ltr'>δὲ</span> <span class='ocrx_word' id='word_1_980' title='bbox 3329 4479 3426 4530; x_wconf 65' lang='grc' dir='ltr'>τὺὶι</span> <span class='ocrx_word' id='word_1_981' title='bbox 3461 4476 3745 4559; x_wconf 80' lang='grc' dir='ltr'>περιγενέ-</span> 
     </span>
    </p>
   </div>
   <div class='ocr_carea' id='block_1_118' title="bbox 2069 4557 3747 4636">
    <p class='ocr_par' dir='ltr' id='par_1_118' title="bbox 2069 4557 3747 4636">
     <span class='ocr_line' id='line_1_119' title="bbox 2069 4557 3747 4636; baseline -0.011 -11"><span class='ocrx_word' id='word_1_982' title='bbox 2069 4573 2192 4625; x_wconf 88' lang='grc' dir='ltr'>σθαι</span> <span class='ocrx_word' id='word_1_983' title='bbox 2245 4575 2338 4625; x_wconf 83' lang='grc' dir='ltr'>καί</span> <span class='ocrx_word' id='word_1_984' title='bbox 2386 4570 2588 4623; x_wconf 88' lang='grc' dir='ltr'>τούτων</span> <span class='ocrx_word' id='word_1_985' title='bbox 2638 4571 2685 4621; x_wconf 91' lang='grc' dir='ltr'>οἱ</span> <span class='ocrx_word' id='word_1_986' title='bbox 2739 4568 2836 4634; x_wconf 80' lang='grc' dir='ltr'>τὴν</span> <span class='ocrx_word' id='word_1_987' title='bbox 2884 4565 3224 4636; x_wconf 85' lang='grc' dir='ltr'>εἱμαρμένην</span> <span class='ocrx_word' id='word_1_988' title='bbox 3253 4563 3565 4627; x_wconf 85' lang='grc' dir='ltr'>εἰσάγοντες</span> <span class='ocrx_word' id='word_1_989' title='bbox 3597 4557 3747 4610; x_wconf 79' lang='grc' dir='ltr'>ἔνδον</span> 
     </span>
    </p>
   </div>
   <div class='ocr_carea' id='block_1_119' title="bbox 2069 4645 3749 4726">
    <p class='ocr_par' dir='ltr' id='par_1_119' title="bbox 2069 4645 3749 4726">
     <span class='ocr_line' id='line_1_120' title="bbox 2069 4645 3749 4726; baseline -0.01 -16"><span class='ocrx_word' id='word_1_990' title='bbox 2069 4657 2281 4710; x_wconf 79' lang='grc' dir='ltr'>ἑστῶτα</span> <span class='ocrx_word' id='word_1_991' title='bbox 2308 4657 2372 4709; x_wconf 79' lang='grc' dir='ltr'>τὰ</span> <span class='ocrx_word' id='word_1_992' title='bbox 2412 4654 2658 4726; x_wconf 84' lang='grc' dir='ltr'>πρόϐατα</span> <span class='ocrx_word' id='word_1_993' title='bbox 2699 4654 2974 4721; x_wconf 83' lang='grc' dir='ltr'>σφάττωσι</span> <span class='ocrx_word' id='word_1_994' title='bbox 3000 4667 3013 4712; x_wconf 87' lang='grc'>;</span> <span class='ocrx_word' id='word_1_995' title='bbox 3042 4649 3153 4701; x_wconf 77' lang='grc' dir='ltr'>Καὶ</span> <span class='ocrx_word' id='word_1_996' title='bbox 3177 4647 3230 4698; x_wconf 90' lang='grc' dir='ltr'>τί</span> <span class='ocrx_word' id='word_1_997' title='bbox 3255 4647 3335 4698; x_wconf 89' lang='grc' dir='ltr'>δεῖ</span> <span class='ocrx_word' id='word_1_998' title='bbox 3363 4645 3541 4705; x_wconf 88' lang='grc' dir='ltr'>πάσας</span> <span class='ocrx_word' id='word_1_999' title='bbox 3571 4658 3749 4694; x_wconf 82' lang='grc' dir='ltr'>κατα-</span> 
     </span>
    </p>
   </div>
   <div class='ocr_carea' id='block_1_120' title="bbox 2069 4727 3748 4806">
    <p class='ocr_par' dir='ltr' id='par_1_120' title="bbox 2069 4727 3748 4806">
     <span class='ocr_line' id='line_1_121' title="bbox 2069 4727 3748 4806; baseline -0.008 -16"><span class='ocrx_word' id='word_1_1000' title='bbox 2069 4739 2246 4806; x_wconf 84' lang='grc' dir='ltr'>λέγειν</span> <span class='ocrx_word' id='word_1_1001' title='bbox 2275 4739 2369 4791; x_wconf 79' lang='grc' dir='ltr'>τοῦ</span> <span class='ocrx_word' id='word_1_1002' title='bbox 2392 4738 2638 4790; x_wconf 69' lang='grc' dir='ltr'>διαεόλου</span> <span class='ocrx_word' id='word_1_1003' title='bbox 2670 4737 2768 4798; x_wconf 83' lang='grc' dir='ltr'>τὰς</span> <span class='ocrx_word' id='word_1_1004' title='bbox 2797 4736 3068 4804; x_wconf 81' lang='grc' dir='ltr'>αἱρέσεις;</span> <span class='ocrx_word' id='word_1_1005' title='bbox 3096 4731 3162 4794; x_wconf 79' lang='grc' dir='ltr'>ἃς</span> <span class='ocrx_word' id='word_1_1006' title='bbox 3192 4730 3258 4783; x_wconf 84' lang='grc' dir='ltr'>ἂν</span> <span class='ocrx_word' id='word_1_1007' title='bbox 3301 4728 3373 4798; x_wconf 80' lang='grc' dir='ltr'>μὴ</span> <span class='ocrx_word' id='word_1_1008' title='bbox 3398 4727 3576 4788; x_wconf 86' lang='grc' dir='ltr'>πάσας</span> <span class='ocrx_word' id='word_1_1009' title='bbox 3604 4729 3748 4778; x_wconf 85' lang='grc' dir='ltr'>ἀπο-</span> 
     </span>
    </p>
   </div>
   <div class='ocr_carea' id='block_1_121' title="bbox 2070 4809 3751 4892">
    <p class='ocr_par' dir='ltr' id='par_1_121' title="bbox 2070 4809 3751 4892">
     <span class='ocr_line' id='line_1_122' title="bbox 2070 4809 3751 4892; baseline -0.009 -17"><span class='ocrx_word' id='word_1_1010' title='bbox 2070 4821 2363 4892; x_wconf 80' lang='grc' dir='ltr'>κρούεσθαι</span> <span class='ocrx_word' id='word_1_1011' title='bbox 2396 4821 2576 4883; x_wconf 87' lang='grc' dir='ltr'>καλῶς</span> <span class='ocrx_word' id='word_1_1012' title='bbox 2605 4822 2632 4871; x_wconf 91' lang='lat'>6</span> <span class='ocrx_word' id='word_1_1013' title='bbox 2657 4819 2858 4888; x_wconf 77' lang='grc' dir='ltr'>ποιμὴν</span> <span class='ocrx_word' id='word_1_1014' title='bbox 2884 4819 3020 4887; x_wconf 81' lang='grc' dir='ltr'>εἰδῇ,</span> <span class='ocrx_word' id='word_1_1015' title='bbox 3052 4814 3256 4869; x_wconf 85' lang='grc' dir='ltr'>δύναιτ’</span> <span class='ocrx_word' id='word_1_1016' title='bbox 3282 4814 3348 4866; x_wconf 83' lang='grc' dir='ltr'>ἂν</span> <span class='ocrx_word' id='word_1_1017' title='bbox 3383 4811 3476 4864; x_wconf 82' lang='grc' dir='ltr'>καὶ</span> <span class='ocrx_word' id='word_1_1018' title='bbox 3504 4809 3592 4862; x_wconf 81' lang='grc' dir='ltr'>διά</span> <span class='ocrx_word' id='word_1_1019' title='bbox 3619 4813 3751 4880; x_wconf 83' lang='grc' dir='ltr'>μιᾶς</span> 
     </span>
    </p>
   </div>
   <div class='ocr_carea' id='block_1_122' title="bbox 2069 4893 3752 4971">
    <p class='ocr_par' dir='ltr' id='par_1_122' title="bbox 2069 4893 3752 4971">
     <span class='ocr_line' id='line_1_123' title="bbox 2069 4893 3752 4971; baseline -0.007 -15"><span class='ocrx_word' id='word_1_1020' title='bbox 2069 4905 2139 4958; x_wconf 75' lang='grc' dir='ltr'>τά</span> <span class='ocrx_word' id='word_1_1021' title='bbox 2165 4904 2387 4957; x_wconf 90' lang='grc' dir='ltr'>πλείονα</span> <span class='ocrx_word' id='word_1_1022' title='bbox 2416 4904 2522 4956; x_wconf 86' lang='grc' dir='ltr'>τῶν</span> <span class='ocrx_word' id='word_1_1023' title='bbox 2559 4903 2844 4971; x_wconf 77' lang='grc' dir='ltr'>προϐάτων</span> <span class='ocrx_word' id='word_1_1024' title='bbox 2879 4901 3213 4968; x_wconf 89' lang='grc' dir='ltr'>καταφαγεῖν</span> <span class='ocrx_word' id='word_1_1025' title='bbox 3245 4898 3273 4949; x_wconf 94' lang='lat'>6</span> <span class='ocrx_word' id='word_1_1026' title='bbox 3300 4895 3480 4958; x_wconf 86' lang='grc' dir='ltr'>λύκος.</span> <span class='ocrx_word' id='word_1_1027' title='bbox 3510 4893 3620 4947; x_wconf 80' lang='grc' dir='ltr'>Καὶ</span> <span class='ocrx_word' id='word_1_1028' title='bbox 3658 4895 3752 4946; x_wconf 74' lang='grc' dir='ltr'>ἐπὶ</span> 
     </span>
    </p>
   </div>
   <div class='ocr_carea' id='block_1_123' title="bbox 2074 4977 3752 5057">
    <p class='ocr_par' dir='ltr' id='par_1_123' title="bbox 2074 4977 3752 5057">
     <span class='ocr_line' id='line_1_124' title="bbox 2074 4977 3752 5057; baseline -0.008 -17"><span class='ocrx_word' id='word_1_1029' title='bbox 2074 4988 2172 5056; x_wconf 85' lang='grc' dir='ltr'>μὲν</span> <span class='ocrx_word' id='word_1_1030' title='bbox 2202 4988 2308 5040; x_wconf 84' lang='grc' dir='ltr'>τῶν</span> <span class='ocrx_word' id='word_1_1031' title='bbox 2342 4985 2686 5057; x_wconf 80' lang='grc' dir='ltr'>στρατιωτῶν</span> <span class='ocrx_word' id='word_1_1032' title='bbox 2720 4984 2829 5037; x_wconf 81' lang='grc' dir='ltr'>ἀπὸ</span> <span class='ocrx_word' id='word_1_1033' title='bbox 2873 4984 2979 5036; x_wconf 87' lang='grc' dir='ltr'>τῶν</span> <span class='ocrx_word' id='word_1_1034' title='bbox 3015 4981 3265 5034; x_wconf 81' lang='grc' dir='ltr'>ἑστώτων</span> <span class='ocrx_word' id='word_1_1035' title='bbox 3295 4980 3387 5032; x_wconf 72' lang='grc' dir='ltr'>καὶ</span> <span class='ocrx_word' id='word_1_1036' title='bbox 3422 4977 3752 5048; x_wconf 74' lang='grc' dir='ltr'>μαχομένων</span> 
     </span>
    </p>
   </div>
   <div class='ocr_carea' id='block_1_124' title="bbox 2071 5060 3750 5140">
    <p class='ocr_par' dir='ltr' id='par_1_124' title="bbox 2071 5060 3750 5140">
     <span class='ocr_line' id='line_1_125' title="bbox 2071 5060 3750 5140; baseline -0.008 -17"><span class='ocrx_word' id='word_1_1037' title='bbox 2071 5072 2165 5123; x_wconf 78' lang='grc' dir='ltr'>καὶ</span> <span class='ocrx_word' id='word_1_1038' title='bbox 2194 5072 2292 5140; x_wconf 76' lang='grc' dir='ltr'>τὴν</span> <span class='ocrx_word' id='word_1_1039' title='bbox 2314 5071 2471 5138; x_wconf 86' lang='grc' dir='ltr'>νίκην</span> <span class='ocrx_word' id='word_1_1040' title='bbox 2497 5068 2713 5121; x_wconf 74' lang='grc' dir='ltr'>ἔσεσθαι</span> <span class='ocrx_word' id='word_1_1041' title='bbox 2741 5070 2833 5120; x_wconf 71' lang='grc' dir='ltr'>καὶ</span> <span class='ocrx_word' id='word_1_1042' title='bbox 2862 5067 2959 5135; x_wconf 83' lang='grc' dir='ltr'>τὴν</span> <span class='ocrx_word' id='word_1_1043' title='bbox 2984 5062 3153 5136; x_wconf 82' lang='grc' dir='ltr'>ἧτταν</span> <span class='ocrx_word' id='word_1_1044' title='bbox 3179 5062 3482 5134; x_wconf 80' lang='grc' dir='ltr'>προσδοκᾷν</span> <span class='ocrx_word' id='word_1_1045' title='bbox 3509 5061 3597 5112; x_wconf 76' lang='grc' dir='ltr'>ἀεὶ</span> <span class='ocrx_word' id='word_1_1046' title='bbox 3617 5060 3750 5128; x_wconf 81' lang='grc' dir='ltr'>χρή·</span> 
     </span>
    </p>
   </div>
   <div class='ocr_carea' id='block_1_125' title="bbox 2072 5141 3754 5214">
    <p class='ocr_par' dir='ltr' id='par_1_125' title="bbox 2072 5141 3754 5214">
     <span class='ocr_line' id='line_1_126' title="bbox 2072 5141 3754 5214; baseline -0.008 -8"><span class='ocrx_word' id='word_1_1047' title='bbox 2072 5155 2304 5206; x_wconf 88' lang='grc' dir='ltr'>ἐνταῦθα</span> <span class='ocrx_word' id='word_1_1048' title='bbox 2342 5153 2399 5205; x_wconf 82' lang='grc' dir='ltr'>δέ</span> <span class='ocrx_word' id='word_1_1049' title='bbox 2431 5151 2566 5205; x_wconf 86' lang='grc' dir='ltr'>πολὺ</span> <span class='ocrx_word' id='word_1_1050' title='bbox 2601 5151 2931 5204; x_wconf 80' lang='grc' dir='ltr'>τούναντίον.</span> <span class='ocrx_word' id='word_1_1051' title='bbox 2964 5147 3229 5208; x_wconf 85' lang='grc' dir='ltr'>Πολλάκις</span> <span class='ocrx_word' id='word_1_1052' title='bbox 3270 5145 3377 5214; x_wconf 78' lang='grc' dir='ltr'>γὰρ</span> <span class='ocrx_word' id='word_1_1053' title='bbox 3411 5146 3444 5214; x_wconf 84' lang='grc' dir='ltr'>ἠ</span> <span class='ocrx_word' id='word_1_1054' title='bbox 3472 5143 3608 5213; x_wconf 86' lang='grc' dir='ltr'>πρὸς</span> <span class='ocrx_word' id='word_1_1055' title='bbox 3639 5141 3754 5193; x_wconf 80' lang='grc' dir='ltr'>ἐτέο</span> 
     </span>
    </p>
   </div>
   <div class='ocr_carea' id='block_1_126' title="bbox 2075 5227 3752 5307">
    <p class='ocr_par' dir='ltr' id='par_1_126' title="bbox 2075 5227 3752 5307">
     <span class='ocr_line' id='line_1_127' title="bbox 2075 5227 3752 5307; baseline -0.008 -18"><span class='ocrx_word' id='word_1_1056' title='bbox 2075 5254 2198 5306; x_wconf 89' lang='grc' dir='ltr'>ρους</span> <span class='ocrx_word' id='word_1_1057' title='bbox 2233 5238 2375 5307; x_wconf 81' lang='grc' dir='ltr'>μάχη</span> <span class='ocrx_word' id='word_1_1058' title='bbox 2411 5237 2534 5299; x_wconf 82' lang='grc' dir='ltr'>τοὺς</span> <span class='ocrx_word' id='word_1_1059' title='bbox 2573 5235 2693 5287; x_wconf 84' lang='grc' dir='ltr'>οὐδὲ</span> <span class='ocrx_word' id='word_1_1060' title='bbox 2725 5235 2821 5305; x_wconf 80' lang='grc' dir='ltr'>τὴν</span> <span class='ocrx_word' id='word_1_1061' title='bbox 2867 5233 3038 5304; x_wconf 85' lang='grc' dir='ltr'>ἀρχὴν</span> <span class='ocrx_word' id='word_1_1062' title='bbox 3071 5231 3468 5302; x_wconf 75' lang='grc' dir='ltr'>συμϐαλόντας,</span> <span class='ocrx_word' id='word_1_1063' title='bbox 3496 5227 3619 5280; x_wconf 78' lang='grc' dir='ltr'>οὐδὲ</span> <span class='ocrx_word' id='word_1_1064' title='bbox 3653 5243 3752 5277; x_wconf 86' lang='grc' dir='ltr'>πο-</span> 
     </span>
    </p>
   </div>
   <div class='ocr_carea' id='block_1_127' title="bbox 2071 5309 3752 5387">
    <p class='ocr_par' dir='ltr' id='par_1_127' title="bbox 2071 5309 3752 5387">
     <span class='ocr_line' id='line_1_128' title="bbox 2071 5309 3752 5387; baseline -0.007 -15"><span class='ocrx_word' id='word_1_1065' title='bbox 2071 5321 2328 5382; x_wconf 83' lang='grc' dir='ltr'>νέσαντας</span> <span class='ocrx_word' id='word_1_1066' title='bbox 2369 5321 2524 5383; x_wconf 81' lang='grc' dir='ltr'>ὅλως,</span> <span class='ocrx_word' id='word_1_1067' title='bbox 2564 5317 2936 5387; x_wconf 79' lang='grc' dir='ltr'>ἡσυχάζοντας</span> <span class='ocrx_word' id='word_1_1068' title='bbox 2983 5317 3039 5369; x_wconf 84' lang='grc' dir='ltr'>δὲ</span> <span class='ocrx_word' id='word_1_1069' title='bbox 3077 5318 3171 5368; x_wconf 75' lang='grc' dir='ltr'>καὶ</span> <span class='ocrx_word' id='word_1_1070' title='bbox 3205 5313 3569 5382; x_wconf 84' lang='grc' dir='ltr'>καθημένους,</span> <span class='ocrx_word' id='word_1_1071' title='bbox 3594 5309 3752 5377; x_wconf 85' lang='grc' dir='ltr'>νικῆ-</span> 
     </span>
    </p>
   </div>
   <div class='ocr_carea' id='block_1_128' title="bbox 2073 5392 3751 5472">
    <p class='ocr_par' dir='ltr' id='par_1_128' title="bbox 2073 5392 3751 5472">
     <span class='ocr_line' id='line_1_129' title="bbox 2073 5392 3751 5472; baseline -0.007 -18"><span class='ocrx_word' id='word_1_1072' title='bbox 2073 5419 2160 5456; x_wconf 91' lang='grc' dir='ltr'>σαι</span> <span class='ocrx_word' id='word_1_1073' title='bbox 2189 5403 2456 5472; x_wconf 71' lang='grc' dir='ltr'>πεποίηκε</span> <span class='ocrx_word' id='word_1_1074' title='bbox 2477 5419 2488 5429; x_wconf 94' lang='grc'>·</span> <span class='ocrx_word' id='word_1_1075' title='bbox 2517 5403 2608 5455; x_wconf 79' lang='grc' dir='ltr'>καί</span> <span class='ocrx_word' id='word_1_1076' title='bbox 2633 5402 2711 5472; x_wconf 84' lang='grc' dir='ltr'>τῷ</span> <span class='ocrx_word' id='word_1_1077' title='bbox 2736 5403 2920 5472; x_wconf 84' lang='grc' dir='ltr'>οἰκείῳ</span> <span class='ocrx_word' id='word_1_1078' title='bbox 2952 5400 3095 5468; x_wconf 84' lang='grc' dir='ltr'>ξίφει</span> <span class='ocrx_word' id='word_1_1079' title='bbox 3123 5396 3446 5468; x_wconf 72' lang='grc' dir='ltr'>περιπαρεὶς</span> <span class='ocrx_word' id='word_1_1080' title='bbox 3472 5397 3500 5447; x_wconf 91' lang='lat'>6</span> <span class='ocrx_word' id='word_1_1081' title='bbox 3526 5393 3600 5464; x_wconf 79' lang='grc' dir='ltr'>μὴ</span> <span class='ocrx_word' id='word_1_1082' title='bbox 3623 5392 3751 5444; x_wconf 82' lang='grc' dir='ltr'>πολ-</span> 
     </span>
    </p>
   </div>
   <div class='ocr_carea' id='block_1_129' title="bbox 2137 5592 3752 5661">
    <p class='ocr_par' dir='ltr' id='par_1_129' title="bbox 2137 5592 3752 5661">
     <span class='ocr_line' id='line_1_130' title="bbox 2137 5592 3752 5661; baseline -0.007 -14"><span class='ocrx_word' id='word_1_1083' title='bbox 2137 5603 2160 5638; x_wconf 75' lang='grc' dir='ltr'>ε</span> <span class='ocrx_word' id='word_1_1084' title='bbox 2188 5599 2283 5647; x_wconf 78' lang='lat' dir='ltr'><strong>Alii</strong></span> <span class='ocrx_word' id='word_1_1085' title='bbox 2319 5599 2562 5661; x_wconf 71' lang='grc' dir='ltr'>ναύμαχον</span> <span class='ocrx_word' id='word_1_1086' title='bbox 2585 5601 2686 5661; x_wconf 14' lang='grc' dir='ltr'>καί,</span> <span class='ocrx_word' id='word_1_1087' title='bbox 2705 5599 3003 5661; x_wconf 82' lang='grc' dir='ltr'>τειχομάχον.</span> <span class='ocrx_word' id='word_1_1088' title='bbox 3032 5595 3157 5644; x_wconf 69' lang='lat' dir='ltr'><strong>Infra</strong></span> <span class='ocrx_word' id='word_1_1089' title='bbox 3178 5597 3259 5644; x_wconf 75' lang='lat' dir='ltr'><strong>alii</strong></span> <span class='ocrx_word' id='word_1_1090' title='bbox 3289 5596 3333 5642; x_wconf 76' lang='grc' dir='ltr'>ἓν</span> <span class='ocrx_word' id='word_1_1091' title='bbox 3357 5595 3576 5645; x_wconf 58' lang='grc' dir='ltr'>ἕκαστος,</span> <span class='ocrx_word' id='word_1_1092' title='bbox 3619 5592 3752 5652; x_wconf 74' lang='grc' dir='ltr'>ἔργον</span> 
     </span>
    </p>
   </div>
   <div class='ocr_carea' id='block_1_130' title="bbox 2072 5660 2816 5715">
    <p class='ocr_par' dir='ltr' id='par_1_130' title="bbox 2072 5660 2816 5715">
     <span class='ocr_line' id='line_1_131' title="bbox 2072 5660 2816 5715; baseline -0.004 -6"><span class='ocrx_word' id='word_1_1093' title='bbox 2072 5663 2346 5715; x_wconf 80' lang='grc' dir='ltr'>ἀπολαϐών,</span> <span class='ocrx_word' id='word_1_1094' title='bbox 2370 5662 2451 5708; x_wconf 68' lang='lat' dir='ltr'><strong>alii</strong></span> <span class='ocrx_word' id='word_1_1095' title='bbox 2476 5660 2532 5707; x_wconf 77' lang='grc' dir='ltr'>ιιι</span> <span class='ocrx_word' id='word_1_1096' title='bbox 2558 5660 2816 5709; x_wconf 74' lang='lat' dir='ltr'>edidimus.</span> 
     </span>
    </p>
   </div>
   <div class='ocr_carea' id='block_1_131' title="bbox 2136 5713 3751 5795">
    <p class='ocr_par' dir='ltr' id='par_1_131' title="bbox 2136 5713 3751 5795">
     <span class='ocr_line' id='line_1_132' title="bbox 2136 5713 3751 5795; baseline -0.006 -25"><span class='ocrx_word' id='word_1_1097' title='bbox 2136 5722 2162 5795; x_wconf 64' lang='grc' dir='ltr'>Ιξ</span> <span class='ocrx_word' id='word_1_1098' title='bbox 2186 5722 2284 5770; x_wconf 78' lang='grc' dir='ltr'>Αἰιί</span> <span class='ocrx_word' id='word_1_1099' title='bbox 2308 5713 2575 5786; x_wconf 59' lang='lat' dir='ltr'>Mam/ptiar</span> <span class='ocrx_word' id='word_1_1100' title='bbox 2606 5725 2635 5781; x_wconf 81' lang='grc' dir='ltr'>ἢ</span> <span class='ocrx_word' id='word_1_1101' title='bbox 2664 5725 2778 5785; x_wconf 78' lang='grc' dir='ltr'>μετά</span> <span class='ocrx_word' id='word_1_1102' title='bbox 2826 5725 2894 5770; x_wconf 85' lang='grc' dir='ltr'>τό.</span> <span class='ocrx_word' id='word_1_1103' title='bbox 2937 5720 3045 5770; x_wconf 62' lang='lat' dir='ltr'>MU.‘</span> <span class='ocrx_word' id='word_1_1104' title='bbox 3074 5719 3155 5769; x_wconf 81' lang='lat' dir='ltr'><strong>alii</strong></span> <span class='ocrx_word' id='word_1_1105' title='bbox 3184 5720 3449 5783; x_wconf 63' lang='grc' dir='ltr'>οφάιτυοι,</span> <span class='ocrx_word' id='word_1_1106' title='bbox 3490 5713 3571 5764; x_wconf 80' lang='lat' dir='ltr'><strong>alii</strong></span> <span class='ocrx_word' id='word_1_1107' title='bbox 3603 5728 3751 5762; x_wconf 68' lang='grc' dir='ltr'>κατα-</span> 
     </span>
    </p>
   </div>
   <div class='ocr_carea' id='block_1_132' title="bbox 2075 5800 2336 5846">
    <p class='ocr_par' dir='ltr' id='par_1_132' title="bbox 2075 5800 2336 5846">
     <span class='ocr_line' id='line_1_133' title="bbox 2075 5800 2336 5846; baseline -0.015 -11"><span class='ocrx_word' id='word_1_1108' title='bbox 2075 5800 2336 5846; x_wconf 62' lang='grc' dir='ltr'>σςαττωσι.</span> 
     </span>
    </p>
   </div>
  </div>
