3890 6220
305 294 411 349 σοις

305 414 453 480 prius
479 408 634 478 jaciat
677 405 1097 469 fundamentum,
1125 416 1280 472 quam
1306 399 1448 453 vires
1490 410 1614 451 suas
1636 390 1881 461 explora-

305 503 462 565 verit,
492 516 559 553 ne
580 495 1021 570 pra3tcreuntibus
1041 499 1319 548 scxcentas
1337 485 1542 542 ridendi
1568 498 1724 538 ansas
1751 496 1888 551 prm-

307 594 449 646 bcat.
492 592 561 645 At
591 591 728 644 illitis
756 586 967 657 quidem
1011 585 1214 654 jactura
1243 582 1353 634 sola
1393 576 1659 633 derisione
1706 570 1886 626 termi-

309 694 503 747 natur;
542 682 626 735 hic
656 695 782 734 vero
827 675 1141 749 supplicium
1186 682 1267 729 est
1299 670 1430 741 ignis
1469 661 1888 735 inexstinguibilis

311 773 525 845 (Matth.
558 774 611 827 5.
638 771 749 841 12),
781 768 979 823 vermis
1004 766 1093 837 qui
1120 779 1225 819 non
1264 761 1507 820 moritur.
1534 756 1733 845 stridor
1758 753 1888 807 deu-

314 844 468 925 tium,
502 862 738 915 tenebrae
763 856 1077 912 exteriores.
1108 850 1384 912 dissecari,
1420 849 1470 901 in
1494 844 1887 915 hypocritarum

310 958 541 998 numero
561 941 823 997 constitui
842 939 1000 1011 (Isai.
1020 940 1211 995 66.24.
1233 938 1428 993 Matth.
1445 938 1535 993 25.
1554 937 1667 1009 '50).
1690 938 1891 993 llorum

314 1045 496 1089 tamen
523 1037 769 1089 omnium
801 1033 937 1086 nihil
965 1033 1296 1103 perpendere
1331 1032 1517 1085 volunt
1539 1040 1891 1085 accusatores

312 1128 484 1181 nostri
508 1144 520 1179 :
542 1125 784 1194 alioquin
803 1123 962 1179 finem
985 1124 1238 1193 culpandi
1255 1124 1374 1194 ejus
1394 1122 1650 1187 facerent,
1671 1123 1760 1193 qui
1781 1138 1889 1177 non

314 1220 508 1275 frustm
536 1220 709 1289 perire
734 1218 881 1272 velit.
904 1216 1015 1271 Non
1044 1216 1215 1284 agitur
1241 1226 1381 1266 nunc
1409 1210 1476 1265 de
1498 1206 1894 1277 diSpeusatione

314 1312 639 1366 frumentiet
666 1308 871 1374 hordei,
898 1307 1057 1361 boum
1081 1313 1135 1359 et
1163 1303 1361 1367 ovium,
1388 1301 1715 1368 aliorumque
1745 1296 1894 1351 simi-

316 1402 467 1467 lium,
499 1401 592 1455 sed
616 1400 683 1455 de
713 1400 829 1468 ipso
855 1397 978 1453 Jesu
999 1409 1243 1465 corpore.
1271 1392 1402 1446 Nam
1433 1390 1668 1444 Ecclesia
1697 1385 1895 1441 Christi

314 1492 608 1548 secundum
641 1493 850 1546 beatum
880 1488 1098 1544 Paulum
1124 1502 1315 1555 corpus
1340 1484 1535 1539 Christi
1566 1492 1645 1537 est
1676 1481 1893 1551 (Coloss.

319 1587 370 1639 l.
403 1584 489 1651 l8)
536 1601 550 1637 :
581 1598 781 1652 parque
824 1591 906 1637 est
931 1596 1075 1645 cum,
1107 1579 1192 1634 cui
1239 1592 1433 1646 corpus
1480 1576 1603 1629 illud
1632 1574 1893 1628 creditum

317 1684 419 1739 est,
447 1674 561 1744 ejus
590 1673 824 1727 habittnn
853 1673 1131 1741 optimum,
1160 1678 1215 1725 et
1250 1670 1513 1739 ingentem
1544 1664 1896 1736 pulchritudi-

318 1782 440 1819 nem
485 1780 693 1819 sunune
736 1778 947 1828 curare,
989 1771 1043 1816 et
1082 1761 1317 1830 undique
1352 1758 1785 1826 circumspicere,
1832 1771 1898 1810 ne

321 1859 547 1922 macula,
581 1858 664 1912 vel
714 1872 864 1926 ruga,
910 1856 993 1910 vel
1022 1854 1167 1909 labes
1207 1852 1395 1907 similis
1423 1851 1537 1920 ejus
1566 1851 1796 1919 speciem
1837 1862 1902 1904 ac

318 1952 565 2006 decorem
613 1949 927 2004 dehonestet
974 1947 1188 2017 (Ephcs.
1233 1946 1286 2001 5.
1331 1945 1443 2011 27).
1496 1944 1563 1997 Et
1590 1943 1713 2013 quid
1756 1940 1900 1995 aliud

321 2051 556 2110 przrstet,
587 2056 742 2108 quam
782 2049 836 2093 ut
859 2039 987 2093 illud
1017 2039 1189 2106 capite
1229 2035 1512 2090 immortali
1539 2050 1600 2089 ac
1635 2035 1789 2089 beato
1812 2033 1899 2087 di-

320 2148 481 2202 guutu
528 2132 814 2186 exhibeat?
840 2130 970 2184 Nam
1013 2131 1099 2199 qui
1143 2126 1723 2184 athleticmhabitudini
1767 2124 1898 2178 dant

321 2240 571 2295 operam,
619 2240 752 2293 opus
801 2222 995 2276 habent
1054 2221 1313 2287 medicis,
1359 2216 1700 2288 pmdo'ribis,
1742 2216 1901 2271 dizeta

327 2323 640 2383 temperata,
662 2312 1041 2368 exercitatione
1072 2311 1355 2380 frequenti,
1383 2309 1689 2379 infinitaque
1712 2310 1901 2364 obser—

328 2406 538 2459 vatione
576 2422 590 2459 :
637 2404 834 2459 etenim
864 2405 907 2457 si
936 2402 1061 2472 quid
1088 2403 1171 2457 vel
1198 2402 1472 2456 minimum
1505 2400 1815 2471 negligatur,
1850 2398 1903 2453 id

325 2498 500 2550 omnia
528 2497 719 2551 evertit
745 2510 808 2549 ac
849 2494 1031 2563 dejicit
1068 2512 1081 2548 :
1123 2494 1165 2548 ii
1194 2494 1385 2563 quibus
1424 2492 1665 2563 corporis
1706 2491 1901 2546 Christi

324 2603 457 2643 cura
477 2587 750 2649 incumbit,
778 2586 863 2640 cui
890 2585 1103 2653 Corpori
1132 2594 1401 2639 certamen
1431 2594 1535 2649 est,
1577 2597 1682 2636 non
1718 2591 1900 2635 contra

325 2691 570 2746 corpora,
619 2675 712 2729 sed
739 2685 926 2730 contra
954 2674 1250 2729 invisibiles
1282 2682 1589 2743 potestates,
1636 2670 1906 2742 quomodo

328 2769 453 2822 illud
486 2768 746 2839 integrum
773 2776 826 2822 et
854 2782 1040 2829 sanum
1073 2782 1292 2823 servare
1337 2774 1608 2836 poterunt,
1660 2765 1759 2819 nisi
1807 2765 1907 2817 hu-

328 2873 539 2913 manam
585 2860 833 2912 virtutem
876 2857 1097 2913 multum
1150 2857 1547 2922 transcendant,
1596 2865 1651 2911 et
1691 2869 1904 2910 omnem

326 2951 517 3004 anima:
543 2949 727 3005 utilem
755 2949 972 3004 curandi
993 2948 1211 3003 modum
1242 2949 1408 3018 probe
1437 2948 1658 3003 norint?

395 3044 449 3097 ὅ.
484 3042 752 3099 Sacerdoti
796 3042 1124 3096 necessariam
1146 3056 1254 3095 esse
1284 3042 1570 3111 expeditam
1596 3041 1795 3094 dicendi
1819 3042 1905 3112 {a-

326 3137 583 3190 cultatem.
607 3166 676 3176 —
703 3136 785 3188 An
816 3133 1030 3203 ignoras
1057 3134 1157 3188 hoc
1189 3147 1385 3201 corpus
1419 3132 1658 3202 pluribus
1684 3142 1738 3188 et
1764 3146 1906 3187 mor-

327 3226 407 3280 bis
433 3237 488 3280 et
513 3225 717 3280 insidiis
736 3224 1029 3279 obnoxium
1057 3237 1198 3287 esse,
1225 3238 1384 3293 quam
1410 3238 1623 3277 carnem
1646 3233 1902 3290 nostram,

327 3318 560 3386 itemque
588 3316 745 3370 citius
779 3313 1049 3383 corrumpi
1080 3314 1386 3383 tardiusquc
1423 3314 1638 3368 sanari?
1666 3314 1905 3368 llumana

328 3416 474 3462 certe
512 3422 737 3477 corpora
764 3406 1074 3461 curantibus
1100 3406 1242 3460 varia
1274 3406 1486 3461 iuventa
1523 3415 1648 3461 sunt
1675 3407 1907 3462 medica-

327 3500 490 3563 mina,
542 3498 873 3553 diversorum
921 3497 1394 3552 instrumentorum
1447 3507 1751 3567 apparatus,
1805 3499 1906 3552 ali-

328 3596 505 3644 menta
530 3589 686 3658 :cgris
721 3588 1065 3657 congruentia
1095 3604 1109 3640 :
1141 3589 1281 3643 aeris
1308 3602 1518 3661 quoque
1552 3600 1736 3642 natura
1764 3604 1907 3659 smpe

326 3680 522 3734 sufticit
547 3679 613 3733 ad
648 3679 779 3750 aegri
817 3678 1204 3745 valetudinem;
1236 3688 1317 3734 est
1342 3679 1501 3735 etiam
1540 3694 1661 3734 cum
1689 3694 1908 3735 somnus

326 3781 623 3849 opportune
659 3772 855 3827 cadens
906 3788 1119 3831 omnem
1162 3772 1373 3835 medico.
1405 3772 1641 3837 laborem
1681 3772 1905 3828 auferat.

330 3865 427 3929 llic
454 3879 581 3919 vero
606 3863 733 3929 nihil
764 3864 938 3918 simile
977 3864 1265 3933 excogitari
1299 3873 1503 3931 potest;
1532 3864 1627 3919 sed
1658 3879 1758 3918 una
1790 3872 1909 3934 post

330 3971 552 4025 operum
582 3954 885 4025 exemplum
917 3954 1074 4009 datur
1098 3955 1341 4010 machina
1370 3954 1558 4024 viaque
1583 3953 1649 4008 ad
1678 3955 1910 4009 curatiu-

330 4062 472 4110 nem,
511 4059 701 4115 nempe
731 4044 877 4099 verbi
912 4044 1173 4099 doctrina.
1218 4045 1329 4100 lloc
1357 4054 1439 4099 est
1468 4045 1906 4112 instrumentum,

332 4136 432 4190 boc
458 4149 580 4190 esca
606 4174 620 4200 ,
667 4134 772 4189 hoc
799 4136 939 4191 aeris
970 4136 1254 4204 temperies
1279 4136 1500 4205 optima,
1534 4136 1635 4190 hoc
1655 4138 1772 4192 vice
1797 4153 1909 4190 nue-

329 4228 610 4283 dicamenti
633 4268 647 4291 ,
690 4226 792 4281 hoc
820 4227 935 4281 vice
963 4227 1099 4297 ignis
1143 4242 1206 4281 ac
1246 4228 1360 4282 vice
1402 4228 1525 4281 ferri
1560 4246 1573 4281 :
1607 4228 1718 4283 sive
1752 4244 1911 4283 uren-

330 4320 477 4383 dum,
499 4319 612 4374 slve
639 4318 926 4373 secandum
954 4321 1040 4383 sit,
1074 4318 1164 4373 illo
1193 4320 1266 4373 uti
1304 4334 1521 4374 necesse
1546 4329 1629 4374 est
1656 4337 1667 4372 :
1701 4321 1745 4374 si
1777 4320 1907 4375 illud

331 4410 465 4463 nihil
506 4408 691 4478 possit,
718 4409 923 4479 reliqua
949 4409 1127 4462 omnia
1159 4410 1426 4463 incassum
1470 4410 1685 4464 abeunt.
1720 4409 1831 4464 Hoc
1858 4418 1913 4464 et

328 4500 591 4569 jacentem
619 4501 849 4553 animam
876 4502 1189 4565 excitamus,
1214 4511 1267 4554 et
1298 4509 1589 4555 tumentem
1619 4482 1915 4571 compesci-

334 4610 452 4649 mus
476 4635 491 4657 ,
519 4601 574 4646 et
613 4590 962 4646 redundantia
992 4591 1355 4659 praecidimus,
1385 4599 1440 4644 et
1464 4590 1761 4646 dellcientia
1788 4608 1914 4659 sup-

333 4686 559 4753 plemus,
605 4692 657 4738 et
688 4683 889 4752 reliqua
928 4682 1104 4736 omnia
1145 4681 1393 4747 facimus,
1438 4697 1555 4759 qua:
1603 4681 1667 4735 ad
1722 4682 1914 4737 anima:

332 4774 613 4830 conferunt
634 4773 1074 4827 incolumitatem.
1102 4771 1233 4837 Nam
1263 4772 1328 4825 ad
1358 4773 1481 4827 vita:
1510 4774 1762 4842 optimam
1787 4788 1916 4828 con-

334 4867 661 4929 stitutionem
684 4865 903 4929 alterius
928 4866 1033 4927 vita
1062 4865 1129 4920 ad
1161 4866 1335 4919 simile
1363 4865 1591 4919 studimn
1617 4875 1671 4919 et
1695 4867 1916 4925 annula-

336 4958 533 5013 tionem
564 4970 816 5015 revocare
843 4956 1026 5024 possit.
1055 4956 1186 5009 Cum
1212 4963 1390 5009 autem
1418 4956 1590 5015 anima
1622 4958 1761 5017 circa
1784 4973 1912 5026 spu-

336 5049 411 5102 ria
441 5048 689 5119 dogmata
717 5056 1114 5127 mgrotat,tunc
1142 5048 1295 5105 verbi
1312 5063 1438 5115 usus
1467 5049 1697 5105 maxime
1725 5066 1914 5105 ncces-

336 5138 509 5193 sarius
530 5148 632 5203 est,
656 5154 760 5192 non
787 5138 851 5192 ad
876 5139 1295 5198 domesticorum
1321 5140 1659 5197 securitatem
1685 5150 1910 5207 tantum,

334 5243 520 5293 verum
556 5229 714 5283 etiam
739 5230 805 5284 ad
834 5239 1053 5286 externa
1085 5231 1237 5287 bella.
1268 5230 1400 5286 Nam
1431 5232 1474 5286 si
1500 5233 1618 5303 quis
1660 5234 1912 5290 frameam

336 5319 553 5389 spiritus
581 5320 790 5383 habeat,
816 5322 1163 5391 clypeumque
1184 5321 1306 5377 fidei
1335 5323 1512 5386 talem,
1546 5332 1603 5377 ut
1626 5326 1792 5394 possit
1818 5328 1917 5381 mi-

336 5408 515 5461 racula
545 5408 726 5473 edere,
758 5418 812 5462 et
842 5412 1097 5478 portentis
1126 5409 1511 5479 impudentium
1555 5427 1647 5465 ora
1672 5414 1916 5469 obstrue-

336 5514 417 5564 re,
449 5500 575 5563 nihil
607 5515 743 5570 opus
768 5500 924 5555 fuerit
951 5502 1146 5567 verbo;
1181 5502 1288 5556 imo
1314 5517 1381 5557 ne
1414 5511 1535 5557 tunc
1557 5504 1768 5572 quidem
1796 5507 1915 5561 inu-

336 5590 445 5642 tilis
473 5600 617 5647 esset
645 5591 762 5660 ejus
801 5600 1008 5659 natura,
1040 5593 1134 5647 sed
1160 5594 1320 5648 etiam
1342 5593 1630 5659 admodum
1672 5609 1917 5651 necessa-

339 5681 435 5734 ria.
465 5679 672 5736 Etenim
700 5680 760 5737 Β.
787 5679 983 5742 Paulus
1012 5683 1180 5757 ipsum
1212 5682 1468 5752 adhibuit,
1500 5684 1705 5743 etiamsi
1737 5686 1913 5767 signo-
1952 5743 1957 5747 .

1504 278 1589 334 DE
1625 270 2072 332 SACERDOTIO.
2113 270 2239 327 LIB.
2283 273 2369 328 IV.

3467 278 3566 333 666

1996 406 2112 445 rum
2143 391 2311 459 gratia
2337 390 2526 462 ubique
2552 389 2887 447 admirationi
2914 399 3071 447 esset.
3107 391 3173 446 Et
3198 391 3331 446 alius
3358 394 3569 463 quidam

1991 498 2055 536 cx
2086 482 2273 536 eodem
2293 482 2494 548 choro,
2546 495 2603 538 ut
2631 484 2776 538 verbi
2806 484 3009 538 virtutis
3034 497 3215 537 curam
3259 482 3571 545 habeamus,

1994 585 2178 630 monet
2208 574 2290 630 his
2342 574 2520 630 verbis
2567 587 2581 629 :
2638 574 2817 629 Parati
2866 586 3021 629 estote
3060 575 3129 628 ad
3179 575 3573 644 satisfactionem

1993 666 2128 719 omni
2156 666 2374 735 poscenti
2405 682 2489 719 vos
2527 667 2769 720 rationem
2790 666 2853 720 de
2885 683 2964 731 ea,
2998 683 3110 735 quia
3132 667 3184 719 in
3209 668 3343 720 vobis
3367 675 3457 731 est,
3487 682 3576 736 spe

1994 758 2043 826 (l
2078 756 2220 811 Petr.
2274 758 2327 813 5.
2358 756 2469 826 15).
2519 757 2585 811 Ει
2622 757 2835 826 quidem
2865 758 3005 811 nulla
3034 758 3136 813 alia
3162 756 3231 812 de
3259 772 3420 811 causa
3450 766 3577 811 tunc

1993 862 2181 903 omnes
2203 848 2473 917 Stephano
2494 848 2768 903 viduarmn
2791 848 3144 903 meonomiam
3166 847 3573 906 commiserunt,

1994 953 2151 1007 quam
2198 947 2253 992 ut
2291 938 2389 1008 ipsi
2430 938 2577 993 verbi
2608 939 2904 993 ministerio
2947 947 3194 992 vacarent
3218 938 3364 1008 (Act.
3388 936 3441 991 6.
3477 936 3574 1003 2).

1996 1030 2371 1087 Verumtamen
2391 1046 2495 1085 non
2518 1031 2735 1101 perinde
2752 1032 2968 1085 verbum
2984 1032 3395 1100 requireremus,
3413 1029 3457 1083 si
3475 1031 3581 1082 vir-

1997 1130 2162 1177 tutem
2192 1122 2464 1192 signorum
2496 1122 2835 1177 haberemus.
2866 1122 2957 1177 Sin
2990 1122 3201 1176 virtutis
3224 1121 3361 1175 illius
3392 1136 3460 1175 ne
3489 1136 3582 1173 ve-

1996 1214 2210 1284 stigium
2254 1214 2469 1283 quidem
2504 1214 2852 1282 relinquitur,
2895 1213 3043 1267 multi
3074 1228 3200 1267 vero
3239 1212 3471 1282 undique
3502 1212 3584 1264 in-

1998 1316 2139 1361 stant
2189 1306 2407 1372 inimiei,
2461 1322 2707 1361 sermone
2755 1307 3054 1361 nmniamur
3101 1319 3320 1359 necesse
3363 1313 3463 1369 est,
3516 1320 3583 1357 ne

2000 1398 2333 1452 inimicorum
2377 1399 2491 1453 telis
2546 1398 2942 1461 confodiamur,
2985 1399 3090 1451 imo
3116 1397 3291 1468 potius
3337 1406 3391 1449 ut
3442 1397 3584 1465 ipsos

2003 1488 2275 1544 feriamus.

2072 1581 2124 1634 4.
2161 1581 2237 1633 Ad
2257 1579 2452 1649 quasvis
2473 1580 2832 1634 controversias
2852 1590 3083 1649 paratum
3111 1596 3216 1632 esse
3240 1588 3487 1647 oportere.
3516 1606 3587 1617 --

2002 1673 2334 1744 Quapropter
2352 1675 2536 1742 ingens
2560 1674 2810 1727 adhibere
2836 1673 3066 1726 studium
3089 1681 3318 1742 oportet,
3350 1682 3403 1723 ut
3430 1670 3586 1724 Chri-

2003 1769 2067 1821 Bti
2101 1766 2317 1821 verbum
2361 1765 2560 1819 all‘atim
2593 1766 2645 1823 in
2686 1765 2838 1819 nobis
2882 1764 3080 1819 habitet
3108 1762 3339 1835 (Coloss.
3373 1762 3428 1816 3.
3460 1759 3584 1830 l6).

2002 1858 2186 1928 Neque
2216 1859 2356 1911 enim
2389 1857 2452 1911 ad
2483 1873 2643 1917 unum
2686 1871 2871 1925 pugnae
2895 1868 3063 1925 genus
3091 1860 3373 1923 apparatus
3405 1860 3586 1909 noster

2003 1959 2083 2002 est
2106 1989 2118 2012 ,
2150 1947 2241 2002 sed
2269 1948 2540 2017 multiplex
2572 1948 2673 2003 hoc
2698 1947 2891 2001 bellum
2919 1955 3001 1999 est
3024 1988 3039 2012 ,
3084 1961 3148 1999 ex
3176 1945 3438 2012 variisque
3466 1959 3587 1996 cou-

2003 2049 2153 2095 stans
2170 2040 2414 2095 inimicis.
2440 2039 2620 2108 Neque
2641 2039 2739 2107 ipsi
2768 2037 2952 2092 iisdem
2976 2046 3192 2090 utuntur
3216 2035 3397 2100 armis,
3419 2049 3589 2103 neque

2005 2146 2113 2185 uno
2141 2138 2344 2183 tantum
2395 2128 2556 2183 modo
2598 2127 2871 2182 uobiscum
2924 2125 3175 2196 congredi
3221 2124 3584 2179 meditantur:

2004 2237 2244 2292 opusque
2263 2230 2345 2276 est
2370 2236 2511 2286 eum,
2544 2221 2632 2289 qui
2659 2235 2780 2274 cum
2807 2218 3051 2273 onmibus
3083 2232 3308 2287 pugnant
3334 2215 3587 2283 commis-

2005 2327 2161 2369 surus
2186 2322 2287 2377 est,
2318 2312 2554 2367 omnium
2587 2310 2805 2365 technas
2832 2318 2981 2364 notas
3009 2309 3222 2373 habere,
3252 2323 3316 2362 ac
3341 2307 3589 2365 eumdem

2006 2419 2126 2459 esse
2151 2402 2480 2472 sagittarium
2507 2409 2561 2456 et
2587 2399 2909 2455 funditoretn
2928 2440 2943 2464 ,
2972 2398 3243 2455 tribunum
3264 2406 3318 2451 et
3339 2397 3593 2465 manipuli

2008 2495 2306 2557 ductorem,
2337 2491 2555 2547 militem
2584 2500 2639 2547 et
2655 2488 2866 2555 ducem,
2889 2489 3118 2558 peditem
3146 2496 3198 2542 et
3219 2488 3470 2558 equitem,
3499 2502 3592 2540 na-

2012 2586 2143 2639 valis
2171 2595 2224 2639 et
2244 2582 2461 2638 muralis
2485 2596 2673 2652 pugna:
2693 2581 2938 2651 peritum.
2969 2579 3176 2635 Etenim
3199 2579 3250 2635 in
3277 2578 3595 2639 militaribus

2009 2677 2222 2747 pncliis,
2255 2675 2397 2745 quod
2422 2674 2644 2745 quisque
2669 2688 2805 2744 opus
2831 2671 3184 2743 peragendum
3214 2672 3453 2742 suscipit,
3488 2671 3591 2729 hoc

2010 2769 2271 2823 irruentes
2300 2766 2573 2837 propulsat
2606 2783 2618 2819 :
2649 2765 2735 2821 hic
2760 2780 2888 2820 vero
2925 2780 3029 2819 non
3055 2766 3125 2827 ita
3169 2780 3228 2819 se
3271 2780 3358 2820 res
3396 2764 3599 2827 habet;

2011 2860 2110 2915 nisi
2136 2860 2279 2915 enim
2304 2860 2393 2929 qui
2423 2859 2697 2913 victoriam
2721 2865 3084 2927 reportaturus
3104 2865 3205 2922 est,
3232 2871 3419 2911 omnes
3437 2856 3592 2911 dimi-

2009 2950 2163 3007 candi
2189 2962 2332 3006 artes
2359 2952 2584 3016 noverit,
2612 2949 2757 3003 novit
2782 2946 3023 3002 diabolus
3048 2947 3131 3002 vel
3158 2962 3254 3017 per
3281 2963 3438 3001 unam
3464 2963 3589 3017 par-

2011 3053 2139 3108 tem,
2171 3044 2213 3098 si
2240 3058 2301 3098 ea
2341 3042 2656 3113 negligatur,
2684 3039 3020 3111 pradonibus
3047 3039 3158 3094 suis
3186 3039 3436 3093 immissis
3464 3054 3592 3093 oves

2010 3136 2261 3205 diripere.
2293 3135 2361 3189 At
2407 3150 2510 3188 non
2559 3135 2683 3189 item
2710 3147 2829 3188 cum
2878 3140 3144 3201 pastorem
3194 3132 3423 3187 senserit
3447 3133 3593 3185 omni

2011 3228 2233 3284 scientia
2265 3224 2539 3296 praeditum
2565 3239 2703 3290 esse,
2734 3238 3024 3294 omnesque
3044 3224 3213 3293 ipsius
3235 3223 3450 3277 insidias
3473 3238 3594 3292 pro-

2011 3318 2078 3374 be
2106 3318 2321 3373 callere.
2346 3316 2703 3383 Quamobrem
2733 3324 2943 3385 Oportet
2971 3330 3068 3370 nos
3096 3314 3344 3370 omnibus
3372 3331 3436 3369 ex
3468 3330 3594 3384 pars

2013 3409 2153 3463 tibus
2190 3407 2422 3463 munitos
2460 3420 2599 3462 esse.
2625 3406 2832 3461 Etenim
2862 3405 2987 3460 urbs
3014 3406 3187 3460 donec
3229 3405 3458 3475 undique
3485 3406 3593 3460 cir-

2012 3498 2336 3553 cummunita
2365 3508 2466 3564 est,
2494 3498 2800 3569 obsidentes
2828 3511 2886 3551 se
2916 3496 3130 3560 irridet,
3175 3512 3238 3551 ac
3283 3512 3470 3552 secure
3496 3498 3595 3557 ad.-

2013 3591 2229 3646 modum
2256 3591 2390 3660 agit;
2423 3591 2467 3645 si
2496 3590 2615 3659 quis
2660 3604 2787 3645 vero
2809 3604 3017 3643 murum
3059 3589 3282 3643 diruerit
3320 3589 3384 3643 ad
3419 3589 3598 3658 januat

2014 3684 2187 3744 solum
2216 3683 2652 3753 magnitudinem,
2684 3692 2807 3737 tunc
2836 3682 2966 3736 nihil
2994 3681 3069 3737 illi
3094 3682 3311 3752 prodest
3343 3693 3551 3750 septum
3577 3724 3593 3745 ,

2015 3775 2136 3835 licet
2163 3775 2424 3846 reliquum
2470 3789 2631 3833 omne
2673 3775 2934 3831 munitum
2984 3775 3072 3829 sit.
3115 3773 3315 3828 Eodem
3359 3774 3517 3827 modo
3541 3784 3599 3830 et

2015 3866 2107 3921 Dei
2134 3867 2342 3933 civitas,
2365 3865 2487 3919 dum
2509 3879 2625 3929 eam
2656 3864 2887 3935 undique
2919 3878 3014 3933 pro
3042 3879 3198 3919 muro
3225 3865 3388 3919 ambit
3414 3873 3597 3934 pasto-

2015 3957 2091 4012 ris
2114 3956 2328 4012 solertia
2355 3965 2514 4026 atque
2543 3956 2815 4024 prudentia
2836 3996 2852 4021 ,
2898 3954 3215 4010 adversariis
3255 3970 3365 4009 sua:
3410 3969 3598 4010 omnes

2017 4047 2276 4102 machina:
2321 4047 2373 4100 in
2420 4046 2762 4115 opprobrium
2792 4046 3063 4115 risumque
3114 4045 3328 4109 cedunt,
3373 4060 3599 4115 eamque

2016 4138 2307 4194 incolentes
2344 4136 2492 4192 ηιατδί
2523 4136 2783 4200 evadunt;
2828 4137 2915 4190 ubi
2958 4145 3133 4190 autem
3188 4135 3446 4206 quispiam
3478 4151 3599 4190 eam

2014 4245 2080 4285 ex
2107 4239 2257 4300 parte
2277 4228 2523 4284 demoliri
2547 4229 2734 4298 possit,
2756 4228 2965 4283 etiarnsi
2992 4243 3096 4283 non
3131 4238 3292 4281 totam
3320 4227 3600 4283 destruxe~

2017 4322 2104 4387 rit,
2133 4335 2163 4377 a
2191 4328 2339 4390 parte
2371 4328 2539 4377 totum
2560 4360 2573 4383 ,
2607 4330 2663 4375 ut
2688 4318 2757 4373 ita
2787 4318 2981 4385 dicam,
3021 4318 3272 4389 deinceps
3312 4318 3598 4374 labefacta-

2020 4424 2124 4468 tur.
2155 4411 2291 4480 Quid
2320 4411 2463 4466 enim
2516 4410 2747 4481 cuipiam
2796 4408 3055 4479 profuerit
3094 4409 3349 4464 adversus
3373 4411 3599 4480 gentiles

2019 4503 2230 4567 fortiter
2257 4516 2492 4573 pugnare
2510 4541 2531 4568 ,ν
2556 4502 2601 4555 si
2628 4500 2773 4555 illum
2801 4500 3121 4569 papulcntur
3143 4499 3349 4555 Judaei?
3380 4500 3506 4570 quid
3530 4502 3596 4564 si,

2019 4596 2257 4664 utrisque
2290 4593 2547 4659 devictis,
2577 4608 2607 4646 a
2633 4591 2933 4646 Manichazis
2972 4591 3284 4659 diripiatur?
3319 4592 3401 4646 vel
3446 4593 3490 4647 si
3518 4591 3602 4646 bis

2018 4686 2178 4741 etiam
2210 4685 2518 4754 prostratis,
2572 4683 2660 4753 qui
2686 4682 2851 4737 fatum
2899 4682 3176 4748 inducunt,
3232 4682 3373 4737 intus
3403 4684 3602 4752 positas

2019 4790 2146 4832 oves
2170 4773 2451 4844 juguleut?
2481 4773 2683 4843 Ecquid
2713 4787 2848 4842 opus
2876 4781 2959 4827 est
2984 4788 3170 4828 omnes
3198 4773 3394 4828 diaboli
3432 4775 3603 4829 haere-

2021 4879 2109 4921 ses
2137 4864 2456 4919 recensere?
2475 4878 2606 4932 quas
2629 4876 2816 4916 omnes
2846 4863 2946 4917 nisi
2976 4870 3157 4931 pastor
3181 4864 3315 4919 sciat
3332 4863 3499 4935 probe
3519 4879 3604 4919 re-

2020 4959 2221 5023 fellere,
2252 4957 2333 5011 vel
2381 4972 2475 5027 per
2502 4972 2658 5011 unam
2698 4957 2865 5027 possit
2907 4957 3063 5027 lupus
3107 4960 3390 5013 maximam
3419 4962 3604 5013 ortum

2018 5062 2225 5123 partem
2254 5052 2534 5107 devorare.
2567 5052 2707 5108 Sane
2743 5068 2863 5108 cum
2904 5053 2971 5108 de
3010 5055 3265 5111 militibus
3312 5056 3504 5127 agitur,
3536 5059 3605 5113 ab

2021 5143 2086 5200 iis
2113 5144 2202 5215 qui
2229 5152 2371 5198 stant
2389 5154 2443 5199 et
2462 5144 2733 5211 dimicant,
2760 5144 2872 5200 sive
2898 5146 3138 5212 victoria,
3165 5148 3278 5203 sive
3301 5149 3482 5203 clades
3506 5166 3603 5204 ex-
3641 5130 3653 5201 έ

2020 5236 2304 5305 spectanda
2342 5245 2421 5291 est
2456 5254 2469 5291 :
2504 5236 2589 5291 hic
2619 5251 2747 5291 vero
2790 5236 2946 5308 longe
2973 5253 3148 5293 secus.
3178 5238 3333 5307 Stepe
3375 5256 3605 5310 namque

2020 5326 2244 5380 aliorum
2277 5342 2470 5396 pugna,
2499 5342 2593 5381 eos
2612 5328 2699 5397 qui
2733 5344 2799 5382 ne
2819 5328 2887 5382 ab
2913 5328 3064 5383 initio
3085 5329 3298 5398 quidem
3326 5333 3602 5400 congressi

2020 5427 2163 5484 sunt,
2190 5418 2383 5488 quique
2420 5418 2622 5473 nullum
2666 5434 2950 5488 suscepere
2980 5420 3236 5486 laborem,
3265 5422 3605 5489 quiescentes

2020 5509 2370 5579 sedentesque
2412 5511 2643 5567 victores
2666 5512 2938 5566 constituit
2967 5526 2980 5562 :
3015 5521 3125 5564 tum
3153 5513 3196 5565 is
3221 5513 3310 5580 qui
3341 5527 3446 5567 non
3486 5529 3603 5566 ma-

2021 5615 2253 5669 gn0pere
2281 5602 2605 5656 exercitatus
2628 5610 2740 5666 est,
2782 5601 2996 5671 proprio
3020 5601 3300 5656 confossus
3326 5601 3517 5672 gladio,
3548 5614 3603 5658 et

2021 5690 2206 5751 amicis
2226 5692 2522 5753 ctiuimtcis
2548 5707 2606 5749 sc
2626 5692 2973 5757 deridendum
3002 5692 3263 5763 propinat.
3300 5693 3454 5749 Verbi
3476 5710 3598 5765 gra-
