3890 6220
288 192 394 250 667

288 312 358 363 tia
391 308 535 380 (nam
564 307 657 362 tibi
681 305 822 361 dicta
852 319 966 359 mea
993 299 1237 372 exemplo
1273 299 1445 369 palam
1474 295 1648 351 facere
1697 308 1857 346 t'ona-

289 400 431 470 bor),
461 400 632 469 legem
652 414 682 453 a
713 397 821 452 Deo
843 394 1006 466 Moysi
1029 395 1204 450 datam
1227 402 1335 446 tum
1363 388 1620 445 Valentini
1649 396 1701 439 et
1723 385 1862 438 Mar-

287 490 458 544 cionis
510 488 727 543 insanize
773 499 1048 556 sequaces,
1096 493 1206 538 tum
1244 481 1334 535 alii
1371 487 1628 548 quotquot
1674 476 1862 530 eodem

292 583 479 637 morbo
503 582 730 637 contacti
751 589 872 634 sunt
891 593 956 634 ex
982 577 1278 632 divinarum
1302 574 1689 642 Scripturarnm
1715 577 1862 624 cata-

297 674 418 746 ἰοεο
447 684 752 746 expungnnt
776 689 789 726 :
819 671 987 727 Judaei
1033 684 1162 724 vero
1191 677 1338 724 tanto
1367 666 1506 721 illam
1559 664 1610 718 in
1664 661 1866 717 honore

293 765 511 833 habent,
540 773 597 819 ut
619 765 777 820 etiam
810 769 1018 817 vetante
1048 770 1286 829 tempore
1309 757 1485 812 omnia
1513 754 1860 816 contentiose,

294 856 376 910 vel
409 863 601 924 prteter
646 854 736 909 Dei
781 852 1030 922 placitum
1061 850 1360 905 observent.
1393 848 1460 902 At
1505 845 1739 900 Ecclesia
1775 843 1867 896 Dei

293 947 571 1001 amborum
615 943 1019 1001 immoderatam
1067 941 1382 997 sententiam
1410 936 1650 992 devitans
1695 933 1866 988 modia

295 1037 490 1092 incedit
517 1037 622 1104 via,
668 1043 727 1092 ut
771 1049 872 1090 nec
924 1032 1206 1104 illiusjugo
1251 1047 1310 1086 se
1333 1029 1596 1099 subjiciat,
1629 1040 1727 1082 nec
1749 1040 1866 1080 cam

295 1129 580 1198 improbari
610 1129 876 1198 patiatur;
908 1126 1016 1180 imo
1055 1125 1198 1180 illam
1227 1123 1312 1178 vel
1338 1129 1635 1177 cessantem
1657 1118 1866 1180 laudat,

293 1222 416 1290 quia
445 1221 569 1275 olim
612 1221 664 1275 in
693 1229 931 1288 tempore
976 1232 1074 1272 suo
1103 1217 1244 1270 utilis
1281 1214 1398 1270 fuit.
1427 1213 1649 1282 Oportet
1692 1219 1868 1264 autem

295 1328 442 1377 eum,
473 1311 564 1381 qui
613 1311 869 1364 adversus
897 1307 1179 1362 utroslibet
1225 1304 1588 1361 debellaturus
1613 1301 1702 1366 sit,
1731 1299 1871 1354 hunc

298 1402 512 1456 inodum
552 1401 766 1456 callere.
795 1399 924 1454 Nam
953 1398 998 1453 si
1025 1398 1240 1452 Judmos
1275 1396 1469 1450 docere
1493 1393 1698 1458 volens,
1731 1390 1870 1461 quod

299 1491 667 1561 intempestive
705 1489 808 1560 legi
843 1489 1008 1545 veteri
1055 1488 1308 1551 Intereaut,
1334 1485 1526 1540 acriter
1551 1483 1692 1537 illam
1722 1482 1870 1535 incn-

296 1597 418 1637 sare
441 1580 776 1652 aggrediatur
793 1621 808 1645 ,
833 1578 1095 1632 barreticis
1124 1578 1289 1646 ipsam
1317 1576 1618 1642 vituperare
1645 1569 1871 1625 volenti-

298 1675 398 1729 bus
420 1689 522 1728 non
546 1687 764 1743 parvam
784 1670 990 1726 dederit
1013 1683 1193 1724 ansam
1224 1686 1237 1722 :
1260 1667 1362 1731 sin,
1389 1665 1758 1719 lnmreticorunt
1778 1676 1872 1715 ora

302 1764 550 1818 obturare
591 1763 774 1816 volens
797 1803 814 1828 ,
846 1761 988 1816 illam
1019 1758 1302 1812 immodice
1344 1754 1618 1820 extulerit,
1646 1763 1700 1808 et
1723 1752 1870 1822 quasi

299 1855 352 1907 in
385 1852 632 1922 praesenti
661 1851 1014 1906 necessariam
1044 1845 1496 1902 emnmendavcrit
1515 1885 1530 1907 ,
1569 1843 1870 1898 Judmorum

299 1959 392 1998 ora
419 1943 640 2012 aperiet.
693 1939 897 1995 Rursus
941 1941 1029 2009 qui
1060 1953 1178 1991 cum
1229 1935 1462 1990 Sabellio
1504 1933 1791 1995 insaniunt,
1821 1939 1876 1985 et

297 2047 432 2102 quos
459 2031 569 2086 Arii
597 2029 769 2084 rabies
790 2028 1006 2092 invasit,
1033 2026 1190 2080 ambo
1221 2024 1352 2077 ultra
1383 2021 1596 2076 modum
1623 2035 1874 2090 progres-

299 2123 366 2184 si.
395 2138 425 2175 a
452 2135 579 2175 sana
609 2119 712 2174 fide
740 2118 871 2187 lapsi
900 2125 1052 2181 sunt;
1084 2132 1144 2170 ac
1171 2130 1362 2169 nomen
1385 2113 1594 2182 quidem
1616 2110 1872 2165 Christia-

305 2192 494 2266 norum
517 2210 723 2278 utrique
749 2209 988 2262 obtinent
1016 2224 1028 2259 :
1059 2207 1101 2260 si
1133 2207 1252 2274 quis
1275 2219 1400 2258 vero
1427 2218 1609 2257 eorum
1632 2201 1876 2270 dogmata

303 2300 616 2372 expenderit
639 2341 654 2366 ,
686 2299 818 2355 alios
845 2297 980 2352 haud
1014 2297 1203 2350 melius
1231 2309 1387 2364 quam
1417 2293 1630 2348 Judaeos
1658 2292 1876 2346 affectos

301 2409 422 2448 esse
449 2391 848 2462 deprehendet,
886 2404 990 2444 uno
1016 2396 1217 2443 tantum
1253 2395 1476 2455 excepto
1502 2385 1774 2439 nominum
1795 2381 1876 2434 di-

304 2482 584 2547 scriminc;
633 2481 767 2535 alios
792 2495 917 2533 vero
946 2493 1186 2548 magnam
1232 2475 1539 2531 affinitatem
1582 2489 1700 2526 cum
1733 2471 1878 2526 Pauli

304 2573 634 2627 Samosatcni
691 2571 887 2625 hmresi
937 2569 1134 2624 habere
1167 2586 1181 2620 :
1214 2567 1306 2621 sed
1337 2576 1587 2634 utrosque
1631 2564 1810 2633 procul
1848 2577 1878 2615 a

307 2665 527 2719 veritate
555 2678 692 2717 esse.
722 2662 964 2732 Magnum
1013 2661 1172 2729 igitur
1196 2657 1284 2714 hic
1312 2656 1624 2727 periculmn,
1655 2665 1798 2709 arcta
1827 2662 1882 2710 et

307 2763 528 2824 angusta
583 2754 662 2806 via
711 2760 814 2816 est,
869 2750 1172 2822 prarcipitiis
1221 2749 1488 2813 utrimque
1544 2745 1877 2813 intercepta:

310 2857 482 2898 metus
500 2858 585 2911 lue
610 2850 691 2896 est
716 2857 818 2896 non
847 2841 1112 2906 modicus,
1147 2855 1214 2894 ne
1240 2839 1356 2908 quis
1382 2838 1540 2890 alium
1577 2834 1735 2890 ferire
1761 2845 1875 2889 Stuo

307 2935 440 2988 dens
468 2933 534 2987 ab
559 2933 664 2986 alio
692 2931 1041 2986 confodiatur.
1065 2929 1195 2984 Nam
1217 2930 1260 2984 si
1284 2929 1402 2999 quis
1423 2943 1579 2981 unam
1607 2927 1746 2981 dicat
1768 2925 1882 2979 dei-

310 3035 494 3086 tatem,
530 3024 664 3077 hanc
697 3023 872 3076 statim
895 3036 1077 3075 vocem
1105 3019 1364 3076 Sabellins
1388 3018 1453 3072 ad
1487 3033 1635 3072 suam
1677 3025 1882 3086 pertra-

310 3113 401 3167 hct
422 3114 751 3178 insaniam‘;
799 3112 878 3166 sin
910 3111 1227 3173 distinxerit,
1284 3118 1336 3164 et
1382 3108 1541 3162 alium
1588 3107 1730 3161 dicat
1764 3121 1884 3160 esse

306 3205 541 3269 Patrem,
564 3204 723 3257 alium
748 3203 958 3268 Filium,
983 3203 1140 3257 alium
1163 3200 1414 3270 Spiritum
1441 3208 1700 3262 sanctum,
1726 3198 1887 3252 instat

315 3293 470 3348 Arius
499 3295 550 3348 in
593 3293 950 3348 diversitatem
981 3292 1287 3345 substanti:c
1324 3305 1668 3360 persoaarum
1693 3287 1885 3343 distin-

312 3387 541 3442 ctionem
565 3387 803 3441 trahens.
831 3385 1049 3455 Oportet
1073 3395 1249 3439 autem
1277 3395 1328 3438 et
1357 3383 1568 3454 impiam
1595 3382 1736 3437 illius
1761 3395 1887 3436 con-

315 3477 576 3532 fusionem
617 3485 672 3530 et
701 3475 953 3530 furiosam
1001 3476 1156 3543 hujus
1203 3474 1515 3529 divisionem
1567 3473 1796 3526 aversari
1836 3479 1891 3526 et

317 3565 522 3635 fugere,
568 3565 894 3620 divinitatem
945 3565 1137 3628 Patris,
1189 3563 1310 3618 Filii
1359 3575 1410 3618 et
1449 3562 1675 3631 Spiritus
1720 3561 1889 3616 sancti

319 3674 476 3712 unam
505 3657 839 3722 confitentes,
868 3667 976 3711 tres
1005 3665 1181 3710 autem
1205 3656 1512 3727 hypostases
1540 3653 1849 3723 adjicientes
1874 3671 1888 3708 :

321 3749 419 3802 hac
443 3749 637 3818 quippe
667 3749 869 3802 ratione
897 3759 1236 3816 utrorumque
1265 3747 1504 3800 incursus
1532 3757 1718 3799 arcere
1737 3750 1890 3812 pote-

317 3840 508 3893 rimus.
536 3839 726 3893 Multos
748 3839 870 3893 item
894 3839 1026 3892 alios
1047 3851 1362 3906 congressus
1381 3851 1630 3891 enarrare
1655 3834 1746 3890 tibi
1769 3846 1892 3904 pos-

318 3945 534 3998 semus,
565 3931 616 3985 in
655 3932 864 4001 quibus,
907 3931 1004 3984 nisi
1039 3929 1244 3984 fortiter
1273 3929 1660 3999 diligenterque
1688 3943 1883 3998 pugna-

318 4025 481 4089 veris,
512 4022 735 4093 plurima
766 4039 830 4076 ex
853 4024 1140 4076 certamine
1165 4020 1379 4076 vulnera
1412 4019 1631 4075 referes.

387 4114 442 4165 αεὶ.
479 4113 686 4181 Oportet
710 4112 855 4166 illum
881 4112 1092 4180 peritum
1115 4127 1220 4164 esse
1239 4110 1530 4164 dialecticaz.
1554 4140 1620 4150 —
1637 4109 1753 4165 Jam
1775 4110 1894 4178 quis

321 4217 602 4257 recensere
633 4203 796 4271 possit
825 4201 1238 4255 domesticorum
1265 4199 1447 4253 rixas?
1475 4198 1587 4253 Non
1619 4199 1759 4254 enim
1790 4199 1895 4253 illa:

320 4294 557 4346 minores
581 4300 705 4345 sunt
725 4293 959 4345 externis
987 4291 1284 4368 insulti'bus,
1308 4289 1414 4344 imo
1437 4291 1663 4360 majores
1688 4292 1899 4360 pariunt

320 4383 535 4438 docenti
562 4383 802 4437 sudores.
834 4382 932 4435 Alii
967 4397 1192 4452 namque
1225 4397 1334 4450 prae
1363 4381 1666 4434 curiositate
1695 4390 1898 4435 temere

324 4477 501 4531 omnia
534 4475 782 4543 indagare
811 4473 995 4528 volunt
1018 4516 1031 4539 ,
1062 4488 1123 4525 ex
1153 4487 1376 4541 quorum
1404 4473 1587 4526 notitia
1615 4473 1744 4526 nihil
1771 4488 1897 4527 eve-

329 4568 440 4621 niat
482 4565 636 4630 lucri,
673 4565 784 4622 "imo
819 4578 937 4633 qua}
977 4563 1139 4617 edisci
1181 4565 1480 4632 neutiquam
1517 4573 1779 4633 possunt:
1812 4563 1899 4618 alii

326 4672 514 4714 rursus
551 4657 646 4711 Dei
682 4655 1000 4725 judiciorum
1040 4655 1272 4710 rationes
1308 4655 1375 4708 ab
1414 4670 1478 4709 eo
1513 4656 1777 4725 postulant
1801 4698 1815 4721 ,
1848 4665 1902 4710 et

329 4749 578 4819 abyssum
625 4747 768 4800 illam
817 4747 1034 4799 multam
1078 4747 1318 4799 demoliri
1365 4757 1624 4801 conantur
1655 4765 1668 4804 :
1697 4747 1903 4802 Iudicia

330 4851 558 4906 namque
592 4846 697 4902 tua,
727 4836 925 4903 inquit,
954 4835 1162 4906 abyssus
1190 4837 1345 4890 multa
1368 4838 1384 4907 (
1411 4836 1552 4892 Psal.
1586 4839 1672 4894 '55.
1701 4840 1734 4894 ’ἵ
1826 4839 1903 4894 De

332 4930 437 4985 ﬁde
465 4939 640 4982 autem
671 4927 814 4983 etde
842 4929 963 4982 vita:
997 4927 1327 4984 institutione
1360 4943 1554 4998 paucos
1591 4947 1777 4986 curare
1805 4932 1902 4986 dc-

330 5019 630 5090 prehendas
655 5059 669 5084 ,
702 5018 796 5074 sed
829 5020 994 5074 multo
1025 5020 1203 5088 plures
1233 5020 1347 5074 ha2c
1371 5023 1580 5076 curiose
1607 5033 1905 5080 scrutantes

334 5111 824 5182 perquirentesque,
845 5125 963 5180 qua:
983 5126 1082 5165 nec
1103 5112 1325 5166 invenin’
1351 5114 1570 5182 possint,
1594 5129 1654 5169 ac
1675 5131 1904 5186 quorum

334 5200 618 5271 exquisitio
638 5201 801 5255 Deum
824 5201 1016 5255 irritet.
1037 5200 1167 5255 Nam
1191 5201 1278 5256 ubi
1297 5218 1358 5257 ea
1375 5203 1612 5259 ediscere
1627 5221 1902 5274 conamur,

333 5307 454 5363 quae
483 5291 571 5346 ille
598 5307 697 5346 nos
727 5292 866 5347 scire
905 5306 1012 5346 non
1039 5293 1203 5359 velit,
1233 5307 1333 5347 nec
1358 5295 1588 5348 sciemus
1612 5311 1861 5366 umquam
1887 5338 1902 5362 ,

335 5384 356 5450 (
380 5383 470 5452 qui
496 5383 638 5437 enim
670 5383 885 5437 nolente
910 5381 1060 5437 Deo?
1083 5383 1102 5452 )
1129 5382 1182 5437 id
1207 5397 1366 5437 unum
1391 5385 1780 5454 reportabimus
1805 5427 1820 5452 ,
1850 5397 1909 5442 ut

341 5472 628 5542 qtmrendo
651 5473 1029 5542 periclitemur.
1057 5474 1325 5541 Attamen,
1351 5473 1464 5530 ha:c
1489 5490 1608 5531 cum
1633 5477 1701 5532 ita
1728 5493 1786 5534 se
1813 5478 1908 5533 ba-

399 5561 421 5595 ⁸
455 5559 556 5620 alii.
579 5561 889 5624 iniquitatem.

999 183 1060 238 S.
1098 178 1378 239 ωαψς
1415 167 1892 234 CllllYSOSTOMI
1931 168 2245 226 ARCHIEP.
2288 172 2819 231 CONSTANTINOP.

3433 181 3540 238 668

1969 291 2163 356 beant,
2194 307 2315 346 cum
2357 295 2474 363 quis
2513 296 2829 350 auctoritate
2868 295 3174 367 interposita
3205 300 3543 361 curiosorum

1968 381 2239 436 hominum
2282 399 2373 437 ora
2421 385 2764 448 obstruxcrit,
2811 391 3125 458 arrogantiae
3165 401 3221 446 et
3265 393 3546 463 imperitia:

1968 485 2146 529 notam
2183 477 2285 530 sibi
2327 478 2506 532 inurit.
2537 478 2894 546 Quamobrem
2931 481 3016 537 hic
3053 483 3217 536 multa
3247 501 3383 555 opus
3408 489 3548 540 anti-

1967 567 2076 622 stiti
2109 568 2384 636 prudentia
2408 609 2423 630 .
2455 580 2510 623 ut
2542 573 2706 640 possit
2729 586 2822 626 eos
2850 587 2878 624 a
2907 574 3282 642 qumstionibus
3313 587 3416 631 tam
3446 579 3545 630 ah-

1967 658 2144 712 surdis
2179 658 2477 718 abducere.
2504 670 2556 714 et
2594 675 2754 730 supra
2791 672 3110 716 memoratas
3147 665 3547 722 criminationes

1967 747 2254 803 declinare.
2283 749 2551 804 Adversus
2576 751 2686 804 hare
2707 752 2881 805 omnia
2904 753 3033 806 nihil
3055 753 3192 807 aliud
3215 770 3372 824 quam
3394 757 3544 812 verbi

1969 839 2228 894 auxilium
2255 839 2434 894 datum
2465 850 2543 895 est
2565 881 2580 905 ,
2607 857 2707 910 qua
2742 841 2984 898 facultate
3011 845 3054 898 si
3085 847 3306 901 antistes
3328 859 3544 913 careat,

1969 929 2298 983 subditorum
2329 931 2492 984 animi
2531 931 2699 985 nihilo
2726 932 2915 987 melius
2941 950 3097 1002 quam
3132 936 3389 992 naviculae
3416 954 3546 1008 pro-

1969 1019 2118 1076 cellis
2145 1021 2357 1090 agitata:
2391 1021 2564 1077 allecti
2591 1030 2747 1076 erunt
2773 1039 2788 1076 :
2815 1023 2881 1077 de
2917 1023 2983 1078 iis
3023 1024 3231 1093 loquor,
3266 1029 3354 1096 qui
3395 1028 3547 1083 intir—

1971 1111 2168 1166 miores
2189 1121 2243 1166 et
2265 1111 2583 1167 curiosior-es
2605 1122 2746 1166 sunt.
2771 1113 3124 1178 Quamobrem
3153 1133 3247 1186 par
3270 1129 3351 1174 est
3369 1135 3548 1176 sacer-

1971 1203 2149 1258 dotem
2176 1203 2306 1258 nibil
2334 1219 2438 1258 non
2463 1219 2654 1273 agere,
2685 1213 2742 1259 ut
2769 1206 2868 1260 sibi
2894 1205 3195 1263 facultatem
3229 1209 3364 1264 hanc
3391 1227 3543 1267 com-

1978 1305 2146 1364 paret.

2043 1385 2178 1440 Tum
2208 1385 2510 1440 BASlLlUS
2537 1401 2551 1444 :
2581 1386 2691 1440 Cur
2715 1401 2814 1456 ego
2842 1386 3059 1454 Paulus,
3089 1389 3278 1458 inquit,
3311 1391 3446 1446 hanc
3476 1393 3550 1447 si-

1974 1476 2025 1531 bi
2048 1477 2349 1532 facultatem
2377 1492 2687 1546 comparare
2705 1479 2721 1510 ³
2752 1494 2856 1532 non
2884 1481 3109 1546 curavit,
3143 1497 3313 1550 neque
3337 1483 3403 1536 de
3429 1484 3547 1536 elo-

1973 1569 2199 1638 quentiae
2230 1568 2401 1636 inopia
2429 1569 2667 1632 erubuit,
2698 1569 2806 1622 imo
2833 1571 3002 1638 palam
3031 1569 3222 1626 fatetur
3247 1587 3304 1627 se
3329 1573 3547 1627 idiotam

1974 1660 2275 1728 esse,idque
2291 1660 2354 1712 ad
2373 1659 2672 1713 Corinthios
2685 1660 2944 1724 scribens,
2962 1661 3049 1731 qui
3067 1663 3378 1731 eloquentia:
3394 1664 3553 1718 laude

1978 1749 2256 1815 ﬂorebant,
2285 1749 2351 1803 de
2377 1765 2478 1819 qua
2506 1765 2710 1804 sunnne
2735 1751 3096 1819 gloriabantur
3112 1753 3187 1822 (Ξ.
3209 1751 3324 1807 Cor.
3350 1754 3435 1808 11.
3458 1754 3554 1826 6)?

2072 1841 2123 1896 6.
2177 1841 2397 1894 Paulum
2451 1843 2505 1895 in
2554 1842 2649 1896 hoc
2698 1845 2914 1896 maxime
2960 1855 3208 1898 versatum
3256 1848 3428 1916 fuisse.
3479 1877 3544 1890 —-

1977 1932 2344 1989 CIIRYSOST.
2384 1933 2496 1988 Hoc
2521 1945 2622 1998 est,
2656 1935 2891 2004 inquam,
2924 1935 3025 1990 hoc
3050 1946 3152 2003 est,
3180 1939 3319 2007 quod
3353 1940 3554 2008 pleros-

1977 2039 2080 2092 qnc
2111 2023 2332 2093 perdidit
2357 2065 2371 2088 ,
2408 2032 2462 2078 et
2486 2024 2624 2078 circa
2657 2040 2836 2080 veram
2861 2026 3154 2081 doctrinam
3181 2030 3452 2097 segniores
3474 2029 3555 2084 ef-

1978 2113 2118 2167 fecit.
2142 2112 2274 2167 Cum
2300 2113 2442 2167 enim
2467 2115 2768 2184 apostolica:
2796 2117 2988 2170 mentis
3015 2117 3343 2171 altitudinem
3367 2131 3554 2174 exacte

1978 2205 2200 2258 scrutari
2224 2220 2326 2260 non
2350 2215 2587 2275 possent,
2611 2222 2782 2276 neque
2803 2208 3083 2263 verborum
3105 2226 3318 2264 sensum
3337 2227 3548 2282 capere,

1977 2312 2137 2352 omne
2173 2306 2382 2366 tempus
2423 2299 2793 2354 somnolentize
2833 2309 2886 2354 et
2923 2302 3215 2356 oscitantia:
3247 2303 3509 2358 dederunt
3535 2345 3554 2371 ,

1981 2385 2241 2440 inscitiam
2270 2386 2411 2440 illam
2439 2386 2744 2456 amplexati,
2769 2404 2872 2442 non
2898 2405 2998 2459 qua
3025 2389 3219 2446 Paulus
3242 2407 3300 2446 se
3325 2393 3551 2447 inscium

1980 2488 2099 2528 esse
2123 2473 2268 2539 dicit,
2291 2475 2386 2530 sed
2413 2491 2441 2529 a
2470 2492 2570 2545 qua
2599 2485 2744 2532 tanto
2766 2477 2855 2532 ille
2874 2478 3040 2533 abfuit
3060 2481 3357 2548 intervallo,
3377 2499 3554 2552 quan-

1984 2575 2035 2619 to
2062 2565 2236 2619 nullus
2265 2565 2561 2635 hominum,
2591 2569 2680 2636 qui
2709 2571 2806 2624 sub
2833 2570 2966 2625 carlo
2993 2579 3135 2625 sunt.
3167 2571 3428 2628 ϐωιεηιιιι
3455 2574 3560 2630 hoc

1983 2659 2403 2726 pertractandum
2437 2658 2576 2712 aliud
2616 2661 2667 2712 in
2702 2668 2910 2728 tempus
2939 2676 3271 2718 reservamus
3301 2682 3314 2718 :
3343 2664 3556 2720 interim

1985 2747 2110 2801 illud
2139 2747 2310 2802 dicam
2345 2765 2357 2801 :
2391 2749 2654 2805 Ponamus
2681 2749 2902 2804 Paulum
2929 2767 3047 2807 esse
3071 2752 3283 2808 idiotam
3311 2756 3470 2810 etiam
3501 2757 3557 2811 in

1985 2838 2094 2902 illa,
2127 2855 2226 2908 qna
2258 2839 2355 2908 ipsi
2386 2840 2588 2904 volunt,
2620 2853 2769 2911 parte
2799 2859 2812 2896 :
2845 2843 2968 2910 quid
2992 2847 3094 2898 hoc
3115 2825 3182 2897 ad
3203 2855 3398 2899 nostra:
3425 2855 3558 2899 a-ta-

1986 2929 2053 2982 tis
2080 2929 2361 2984 homines?
2387 2930 2479 2985 Ille
2507 2931 2702 3000 quippe
2733 2933 2896 2986 multo
2923 2935 3178 3003 majorem
3206 2936 3370 2990 verbo
3395 2937 3560 2992 virtu«

1988 3028 2091 3073 tem
2131 3017 2343 3084 habuit,
2373 3035 2490 3089 qua:
2529 3021 2683 3090 longe
2721 3022 2868 3090 plura
2909 3033 3159 3091 prmstare
3197 3036 3406 3094 posset;
3435 3043 3559 3081 nam

1985 3109 2270 3164 ostendens
2299 3124 2356 3166 se
2383 3118 2586 3165 tantum
2610 3126 2674 3166 ac
2699 3120 2876 3166 tacens
2902 3114 3229 3170 dtcmonibus
3252 3117 3560 3174 formidabi—

1989 3203 2057 3260 lis
2072 3213 2189 3257 erat
2206 3221 2219 3257 :
2247 3204 2492 3258 hodierni
2513 3211 2692 3258 autem
2717 3204 2965 3260 homines
2982 3219 3172 3258 omnes
3189 3204 3349 3259 simul
3363 3206 3566 3266 coacti.

1989 3293 2219 3350 infinitis
2245 3307 2357 3349 tum
2379 3295 2654 3364 precibus,
2680 3302 2794 3348 tum
2823 3295 3102 3366 lacrymis,
3134 3310 3412 3365 nunquam
3437 3305 3566 3350 tan-

1988 3395 2101 3440 tum
2121 3386 2353 3455 possint.
2378 3393 2640 3455 quantum
2662 3385 2790 3439 olim
2812 3383 2962 3439 Pauli
2981 3385 3318 3440 semicinctia
3337 3395 3568 3456 potuere

1989 3479 2132 3546 (Act.
2159 3467 2377 3538 19.“).
2410 3472 2611 3529 Paulus
2646 3474 2860 3544 quidem
2887 3476 3144 3544 precibus
3169 3483 3414 3531 mortuos
3439 3492 3572 3532 sus-

1988 3567 2212 3631 citabat,
2235 3567 2406 3619 etalia
2429 3566 2652 3635 insuper
2673 3565 2934 3620 miracula
2960 3567 3228 3634 ejusmodi
3255 3567 3470 3633 edebat,
3498 3577 3567 3622 ut

1990 3658 2058 3714 ab
2074 3658 2316 3716 externis
2333 3658 2468 3710 deus
2490 3673 2613 3712 esse
2633 3665 2918 3728 putaretur
2932 3656 3039 3729 (Ib.
3062 3658 3150 3711 Η.
3172 3659 3282 3724 ll),
3299 3673 3382 3722 ac,
3412 3660 3571 3728 prius

1990 3763 2152 3820 quam
2179 3765 2244 3804 ex
2276 3749 2378 3803 hac
2415 3748 2526 3801 vita
2555 3748 2971 3812 transferretur,
3003 3749 3206 3820 dignus
3233 3750 3451 3806 habitus
3479 3759 3575 3806 est

1991 3843 2082 3912 qui
2107 3849 2390 3911 raperetur
2412 3857 2585 3910 usque
2605 3841 2672 3895 ad
2698 3841 2914 3896 tertium
2935 3842 3145 3903 caelum,
3165 3841 3575 3911 verborumque

1991 3933 2262 4005 particeps
2291 3933 2461 3994 fieret,
2489 3947 2607 4001 quae
2633 3932 2924 3985 humanam
2955 3931 3144 3986 audire
3174 3939 3422 3985 naturam
3457 3948 3573 3987 non

1994 4027 2117 4080 licet
2141 4025 2216 4094 (2.
2252 4024 2375 4079 Cor.
2409 4024 2499 4078 12.
2541 4023 2618 4092 Ξ).
2655 4023 2722 4076 At
2750 4024 2841 4093 qui
2873 4039 3015 4078 nunc
3044 4023 3234 4077 vivunt
3267 4023 3437 4093 (nihil
3467 4039 3578 4092 ego

1991 4115 2172 4184 eloqui
2200 4127 2418 4184 possum
2446 4115 2466 4144 ²
2481 4113 2625 4182 quod
2648 4112 2936 4166 molestum
2952 4111 3036 4165 vel
3058 4126 3223 4181 grave
3241 4125 3362 4167 esse
3378 4110 3576 4163 videa-

1994 4214 2116 4260 tur:
2143 4205 2258 4258 haec
2276 4201 2476 4274 quippe
2490 4217 2601 4258 non
2625 4203 2898 4258 insultans
2921 4202 3001 4257 eis
3025 4200 3172 4266 dico,
3205 4199 3299 4255 scd
3325 4199 3577 4253 admira-

1993 4299 2143 4354 tione
2166 4296 2414 4368 captus),
2435 4296 2709 4368 quomodo
2739 4310 2844 4349 non
2873 4294 3318 4363 perhorrescunt,
3354 4291 3483 4346 dum
3510 4308 3579 4346 se

1994 4391 2089 4445 tali
2107 4392 2223 4444 viro
2235 4397 2552 4458 comparant
2572 4386 2736 4442 lNam
2753 4388 2821 4451 si,
2836 4385 3115 4439 miraculis
3129 4383 3367 4446 omissis,
3399 4382 3465 4436 ad
3491 4383 3574 4435 vi—

1995 4492 2106 4536 tam
2131 4481 2270 4536 beati
2295 4479 2442 4534 illius
2459 4477 2559 4533 viri
2584 4476 2933 4540 accedamus,
2953 4475 3182 4544 ejusque
3199 4487 3378 4527 mores
3401 4486 3569 4540 ange-

1999 4573 2132 4626 licos
2164 4568 2555 4638 disquiramus,
2587 4565 2640 4619 in
2665 4565 2768 4618 hac
2792 4579 2850 4618 re
2877 4563 3069 4633 magis.
3095 4576 3257 4632 quam
3286 4561 3339 4614 in
3367 4559 3573 4628 signis,

1996 4658 2200 4713 Christi
2219 4656 2476 4710 athletam
2491 4655 2511 4686 ³
2531 4661 2877 4722 superantem
2899 4648 3280 4716 videbis.Quid
3296 4651 3439 4703 enhn
3460 4663 3577 4702 me-

1999 4765 2178 4804 mores
2196 4747 2458 4810 studium,
2475 4744 2822 4816 probitatem,
2839 4741 3141 4811 frequentia
3165 4741 3426 4809 pericula,
3447 4753 3584 4792 con-

2001 4844 2181 4897 tinuas
2191 4837 2609 4901 sollicitudines,
2635 4834 3030 4889 indesinentcm
3054 4847 3151 4901 pro
3170 4830 3428 4886 Ecclesiis
3445 4844 3584 4883 mo:-

2001 4948 2179 4988 rorem
2203 4928 2308 5000 (Ib.
2337 4929 2425 4984 11.
2447 4929 2559 4998 26),
2583 4942 2708 4998 erga
2739 4927 2985 4981 inlirmos
3006 4925 3575 4986 commiserationem,

2000 5028 2200 5082 multas
2219 5038 2513 5085 aerumnas,
2541 5036 2712 5076 novas
2727 5019 3205 5090 persequutiones,
3228 5016 3584 5086 quotidianas

2002 5127 2208 5176 mortes
2224 5119 2295 5190 (ι.
2315 5111 2622 5184 C0r.9.9.2)?_
2633 5111 2766 5178 Quis
2785 5112 2933 5168 orbis
2953 5111 3251 5179 locus,qua:
3263 5107 3581 5168 continens,

2009 5202 2147 5272 qunti
2179 5215 2323 5255 mare
2347 5201 2476 5269 justi
2503 5198 2660 5268 hujus
2685 5196 2968 5252 certamina
2995 5195 3251 5266 ignoravit
3273 5196 3295 5251 ?
3318 5196 3465 5250 Illum
3494 5197 3584 5250 in-

2077 5387 2091 5416 ¹
2128 5382 2288 5441 Savil.,
2323 5382 2446 5431 hanc
2489 5379 2582 5443 sibi
2611 5379 2886 5443 facultatem
2929 5392 3224 5443 comparare.
3259 5385 3446 5443 Magna
3472 5391 3591 5441 pars

2012 5455 2115 5496 tttss.
2125 5481 2138 5504 ,
2151 5440 2424 5511 Ιζφιειῇρξτ..
2438 5440 2624 5511 March;
2635 5440 2760 5511 Itane
2774 5440 3071 5508 comparare.
3087 5441 3305 5492 savilium
3315 5440 3587 5504 sequium.

2080 5512 2098 5538 ³
2128 5503 2238 5564 λιίἱ,
2260 5504 2380 5556 nihil
2399 5517 2486 5564 ego
2505 5503 2662 5564 eloqui
2684 5504 2801 5554 uolo.

2080 5569 2099 5601 ⁸
2133 5563 2236 5628 Alii,
2266 5563 2615 5616 Petathktum.
