3890 6220
65 275 159 334 σιω
597 279 602 284 ·
726 273 738 280 ··
839 250 1057 282 ‘
1375 269 1463 328 DE
1502 271 1676 326 ελσε

1919 271 1959 330 l.
2004 273 2133 329 LIB.
2175 272 2264 330 Π.

63 388 155 462 λὴν
183 392 312 464 περί⁵
333 389 510 446 ταῦτα
544 389 645 462 τὴν
676 387 974 461 ἐμπειρίαν
1001 385 1162 457 ἔχων,
1188 388 1284 442 καὶ
1310 390 1424 452 τοῖς
1454 388 1630 458 φίλοις
1652 388 1744 440 καὶ

62 483 172 544 τοῖς
195 481 475 552 πολεμίοις
504 477 910 548 καταγέλαστος
937 478 1170 546 γίνεται.
1209 475 1336 530 Οἵον
1369 477 1744 548 (πειράσομαι

61 567 172 637 γάρ
195 585 275 621 σοι
303 569 398 622 καὶ
422 569 515 621 ἐπὶ
539 567 986 640 παραδείγματος
1010 564 1039 618 ὃ
1062 565 1207 633 λέγω
1237 565 1462 636 ποιῆσαι
1486 563 1742 634 φανερὺν)

56 655 151 705 τὸν
184 655 288 708 ὑπὸ
319 654 414 709 τοῦ
443 654 580 707 Θεοῦ
610 654 833 708 δοθέντα
858 653 935 724 τῷ
962 655 1170 724 Μωῦσῇ
1205 653 1370 724 νόμον
1394 654 1445 705 οἰ
1477 651 1576 723 τὴν
1601 653 1744 704 οὑα-

59 741 299 795 λεντῖνου
348 743 442 795 καὶ
491 743 819 814 Μαρκίωνος
873 740 1248 811 διαδεξάμενοι
1291 738 1742 811 φρενοϐλάϐειαν,

59 831 156 884 καὶ
183 833 296 885 ὅσοι
333 834 404 884 τὰ
435 831 577 884 αὑτά
607 831 857 885 νοσοῦσιν
885 831 1137 893 ἐκείνοις,
1170 829 1264 882 τοῦ
1299 828 1602 896 καταλόγου
1635 829 1743 882 τῶν

59 920 224 974 θείων
255 921 576 974 ἐκϐάλλουσι
609 919 844 992 Γραφῶν
865 936 878 950 ⁸
930 918 1173 971 Ἰουδαῖοι
1202 918 1260 970 δὲ
1291 917 1456 970 αὑτὸν
1493 915 1638 969 οὑτω
1663 933 1744 968 τι-

61 1009 258 1078 μῶσιν,
289 1009 363 1072 ὡς
391 1010 488 1063 καί⁵
517 1008 611 1062 τοῦ
639 1007 830 1079 καιροῦ
852 1006 1153 1070 κωλύοντος
1182 1005 1504 1075 φιλονεικεῖν
1528 1003 1743 1058 ᾶπαντα

57 1099 370 1165 φυλάττειν,
407 1096 558 1169 παρά
583 1097 645 1150 τὸ
677 1095 754 1166 τῷ
779 1094 898 1166 Θεῷ
923 1093 1133 1148 δοκοῦν.
1149 1095 1215 1146 Ἡ
1240 1093 1298 1146 δέ
1324 1091 1621 1163 Ἐκκλησία
1647 1090 1741 1144 τοῦ

55 1186 218 1250 Θεοῦ,
256 1185 357 1256 τὴν
388 1184 718 1256 ἀμφοτέρων
745 1182 1012 1255 ἀμετρίαν
1038 1181 1376 1251 φεύγουσαα,
1412 1180 1584 1251 μέσην
1609 1179 1740 1232 ἐϐά-

54 1276 192 1335 δισε,
221 1276 316 1328 καὶ
338 1274 460 1328 οὑτε
490 1273 810 1327 ὑποκεῖσθαι
843 1270 1010 1326 αὑτοῦ
1034 1271 1113 1342 τῷ
1142 1268 1294 1340 ζυγῷ
1318 1269 1588 1331 πείθεται,
1615 1267 1742 1321 οὔτε

52 1362 366 1416 διαϐάλλειν
390 1362 554 1416 αὑτὸν
585 1361 860 1431 ἀνέχεται,
893 1358 1031 1414 ἀλλά
1074 1358 1168 1412 καὶ
1205 1357 1554 1427 πεπαυμένον
1583 1357 1742 1409 ἐπαι-

55 1454 157 1512 νεῖ,
183 1450 274 1504 διὰ
303 1450 364 1503 τδ
383 1447 753 1521 χρησιμεῦσαί
778 1464 911 1500 ποτε
939 1448 1020 1510 εἰς
1053 1445 1264 1517 καιρόν.
1295 1447 1387 1498 Δεῖ
1409 1443 1474 1514 δὴ
1499 1445 1590 1497 τὸν
1616 1443 1742 1513 μέλ-

54 1537 216 1592 λοντα
243 1538 382 1608 πρὸς
400 1537 744 1609 ἀμφοτέρους
769 1535 1036 1607 μάχεσθαι
1058 1535 1157 1605 τὴν
1179 1532 1522 1604 συμμετρίαν
1544 1533 1741 1586 εἰδέναι

52 1627 391 1697 ταύτην.¹’Δν
419 1644 478 1679 τε
510 1625 619 1696 γὰρ
637 1624 920 1686 Ἰουδαίους
944 1620 1155 1686 διδάξαι
1186 1618 1616 1691 βούλομενος,ῶς
1641 1619 1742 1672 οὑκ

53 1715 115 1766 ἐν
141 1713 320 1784 καιρῷ
340 1714 438 1782 τῆς
462 1713 699 1774 παλαιᾶς
736 1711 952 1781 ἔχονται
983 1707 1324 1779 νομοθεσίας,
1350 1705 1582 1777 ἄρξηται
1610 1721 1743 1758 κατ-

52 1803 278 1872 ηγορεῖν
307 1799 475 1870 αὐτῆς
505 1799 758 1867 ἀφειδῶς,
777 1798 944 1850 έδωκε
969 1800 1080 1859 τοῖς
1103 1794 1379 1865 διασύρειν
1401 1792 1739 1864 βουλομένοις

53 1890 165 1942 τῶν
193 1888 484 1960 αἰρετικῶν
510 1887 680 1958 λαϐὴν
708 1888 770 1940 οὑ
808 1886 1030 1957 μικράν·
1054 1884 1120 1937 ἄν
1135 1900 1195 1936 τε
1210 1882 1433 1944 τούτους
1455 1881 1742 1951 ἐπιστομί-

56 1996 151 2030 σαι
177 1976 670 2046 σπουδάζων,ἀμέτ
679 1992 788 2046 ρως
807 1975 968 2028 αὑτὸν
986 1973 1211 2045 ἐπαίρῃ,
1226 1972 1319 2025 καὶ
1343 1971 1420 2034 ὡς
1443 1971 1740 2038 ἀναγκαῖον

54 2067 118 2118 ἐν
162 2065 243 2135 τῷ
275 2066 504 2136 παρόντι
531 2064 870 2134 τυγχάνοντα
902 2061 1184 2132 θαυμάζῃ,
1220 2059 1288 2112 τά
1323 2058 1433 2112 τῶν
1468 2057 1739 2110 Ἰουδαίων

54 2154 264 2224 ἀνέῳξε
293 2154 556 2224 στόματα.
579 2151 749 2206 Πάλιν
783 2151 833 2203 οί
850 2150 949 2220 τὴν
967 2147 1261 2202 Σαϐελλίου
1291 2146 1610 2216 μαινόμενοι
1638 2162 1740 2214 μαο

55 2241 201 2303 νίαν,
235 2241 330 2292 καὶ
357 2243 408 2293 oi
434 2239 505 2293 τά
557 2239 767 2310 Ἀρείου
793 2237 1122 2299 λυττῶντες.
1155 2232 1216 2299 ἐξ
1259 2233 1530 2304 ἀμετρίας
1561 2232 1740 2302 ἀμφό-

54 2345 208 2397 τεροι
235 2329 338 2398 τῆς
371 2327 558 2396 ὑγιοῦς
585 2327 845 2393 ἐξέπεσον
883 2325 1142 2386 πίστεως·
1179 2323 1276 2376 καὶ
1315 2322 1377 2375 τὸ
1409 2323 1508 2392 μὲν
1566 2319 1740 2390 ὄνομα

56 2417 410 2486 Χριστιανῶν
438 2415 777 2487 ἀμφοτέροις
798 2413 1092 2467 ἐπίκειται·
1122 2413 1172 2465 εί
1205 2411 1262 2464 δέ
1289 2428 1371 2473 τις
1396 2409 1465 2462 τὰ
1493 2409 1740 2478 δόγματα

54 2505 334 2570 ἐξετάσειε
356 2505 405 2570 ιι,
430 2505 557 2568 τοὺς
599 2504 698 2575 μέν
747 2502 902 2556 οὑδέν
944 2502 1168 2571 ἄμεινον
1222 2498 1490 2551 Ἰουδαίων
1529 2497 1740 2550 διακει-

60 2593 258 2662 μένους
296 2593 544 2663 εὑρήσει,
582 2590 726 2662 πλὴν
759 2591 884 2644 ὅσον
918 2589 1062 2659 ὑπὲρ
1085 2586 1368 2656 ὀνομάτων
1393 2583 1740 2654 διαφέρονται

60 2682 244 2750 μόνον,
270 2681 398 2743 τοὺς
444 2681 501 2734 δὲ
527 2679 732 2750 πολλὴν
778 2677 878 2748 τὴν
913 2675 1216 2747 ἐμφέρειαν
1248 2673 1384 2744 πρὸς
1409 2674 1506 2742 τὴν
1528 2671 1740 2741 αἵρεσιν

59 2769 276 2822 Παύλου
315 2767 410 2822 τοῦ
460 2766 822 2838 Σαμοσατέως
867 2765 1111 2834 ἔχοντας,
1157 2761 1502 2832 ἀμφοτέρους
1529 2759 1586 2811 δὲ
1639 2757 1741 2826 τῆς

58 2856 319 2927 ἀληθείας
361 2856 540 2919 ἐκτός.
571 2855 744 2930 Πολῦς
771 2849 864 2907 οῦν
903 2850 1186 2906 κάνταῦθα
1219 2861 1241 2887 ο
1273 2851 1301 2901 ό
1352 2847 1616 2909 κίνδυνος,
1647 2847 1740 2897 καὶ

59 2946 222 3014 στενὴ
254 2945 351 2998 καὶ
395 2943 733 3013 τεθλιμμένη
766 2943 800 3011 ἡ
834 2940 952 3002 ὁδὸς
995 2942 1028 3008 ἡ
1072 2937 1179 2990 ὑπὸ
1211 2935 1473 3008 κρημνῶν
1499 2935 1740 3004 ἀμφοτέ-

61 3033 236 3103 ρωθεν
265 3031 674 3101 ἀπειλημμένηο
708 3030 804 3082 καὶ
834 3027 951 3091 δέος
971 3028 1032 3080 ού
1076 3026 1294 3096 μικρὸν,
1325 3024 1400 3093 μὴ
1433 3023 1525 3075 τὸν
1555 3022 1740 3092 ἕτερόν

57 3141 146 3185 τις
182 3122 354 3174 θέλων
393 3120 597 3189 βαλεῖν,
634 3117 740 3170 ὑπὸ
765 3116 994 3188 θατέρου
1025 3114 1229 3184 πληγῇ.
1261 3113 1362 3164 Ἀν
1391 3129 1451 3164 τε
1482 3111 1592 3181 γὰρ
1611 3111 1740 3180 μίαν

56 3229 143 3272 τις
168 3212 298 3282 εἴπῃ
333 3208 584 3277 θεότητα,
616 3205 753 3276 πρὸς
783 3204 882 3275 τὴν
909 3202 1106 3256 ἐαυτοῦ
1141 3200 1428 3271 παροινίαν
1455 3199 1482 3237 ἀ
1537 3198 1739 3261 εὐθέως

58 3300 282 3350 εἵλκυσε
305 3295 406 3367 τὴν
436 3296 622 3364 φωνὴν
658 3295 688 3346 ό
727 3292 883 3365 [H0]
919 3289 1226 3351 Σαϐέλλιος’
1267 3287 1332 3341 ἄν
1358 3304 1418 3340 τε
1458 3286 1608 3357 διέλῃ
1636 3286 1740 3338 πά-

61 3390 163 3450 λιν,
193 3386 384 3455 ἕτερον
416 3383 514 3454 μὲν
549 3380 643 3434 τὸν
681 3381 922 3450 Πατέρα,
951 3378 1141 3448 ἕτερον
1165 3377 1221 3430 δὲ
1253 3376 1342 3428 τὸν
1382 3375 1530 3438 Υίὺν,
1563 3373 1740 3427 καὶτὸ

60 3474 291 3544 Πνεῦμα
340 3472 398 3525 δὲ
449 3471 512 3524 τὸ
557 3472 714 3539 ἀγιον
761 3469 947 3538 ἕτερον
998 3461 1139 3519 εἶναι
1200 3465 1395 3533 λέγων,
1439 3463 1740 3533 ἐφέστηκεν

62 3567 304 3632 Ἄρειος,
326 3563 405 3624 είς
428 3558 781 3631 παραλλαγὴν
803 3557 991 3619 οὐσίας
1021 3555 1196 3607 ἕλκων
1234 3554 1333 3622 τὴν
1363 3554 1420 3604 ἐν
1436 3554 1548 3613 τοῖς
1569 3567 1740 3620 προσ-

57 3651 234 3713 ώποις
286 3649 572 3719 διαφοράν.
611 3649 704 3699 Δεῖ
741 3647 799 3699 δὲ
843 3645 939 3699 καὶ
969 3644 1066 3714 τὴν
1095 3642 1266 3712 ἀσεϐῆ
1301 3641 1563 3709 σύγχυσιν
1596 3638 1740 3690 ἐκεί-

59 3756 177 3800 νου,
218 3737 314 3790 καὶ
339 3737 440 3807 τὴν
491 3734 734 3805 μανιώδη
761 3733 956 3786 τούτου
993 3729 1261 3800 διαίρεσιν
1299 3725 1742 3796 ἀποστρέφεσθαι

61 3828 156 3880 καὶ
177 3825 424 3894 φεύγειν,
454 3822 553 3892 τὴν
584 3823 682 3893 μὲν
699 3821 930 3891 θεότητα
954 3819 1166 3889 Πατρὸς
1190 3818 1284 3870 καὶ
1307 3814 1436 3868 Υίοῦ
1460 3817 1554 3866 καὶ
1583 3815 1741 3881 ἁγίου

61 3914 383 3983 Πνεύματος
412 3912 542 3982 μίαν
573 3909 993 3980 ὁμολογοῦντας,
1027 3904 1421 3977 προστιθέντας
1443 3903 1500 3955 δὲ
1527 3902 1742 3966 καὶτὰς

57 4004 209 4074 τρεῖς
229 4001 578 4062 ὑποστάσεις·
609 3997 754 4050 οὕτω
777 3997 885 4067 γὰρ
915 3994 1258 4062 ἀποτειχίσαι
1281 3991 1622 4062 δυνησόμεθα
1643 3990 1743 4053 τὰς

61 4089 392 4161 ἀμφοτέρων
428 4086 672 4156 ἐφόδους.
705 4084 911 4145 Πολλὰς
937 4083 994 4136 δὲ
1032 4083 1126 4135 καὶ
1152 4081 1346 4152 ἐτέρας
1378 4079 1503 4147 ἐνῆν
1541 4095 1622 4130 σοι
1649 4078 1741 4129 λέ-

60 4197 180 4247 γειν
215 4190 239 4216 ε
289 4175 636 4244 συμπλοκὰς,
675 4173 813 4243 πρὸς
868 4171 935 4234 ἀς
991 4169 1058 4222 ἂν
1093 4169 1168 4239 μὴ
1215 4166 1482 4235 γενναίως
1515 4181 1599 4227 τις
1649 4167 1743 4218 καὶ

59 4267 304 4339 ἀκριϐῶς
335 4264 595 4334 μάχηται,
634 4262 803 4332 μυρία
831 4257 1010 4312 λαϐὼν
1040 4257 1224 4310 ἄπεισι
1252 4254 1564 4326 τραύματα.

131 4365 194 4412 ε’.
220 4359 285 4410 Τί
315 4359 377 4412 ἄν
401 4375 483 4420 τις
507 4356 656 4422 λέγοι
680 4353 778 4414 τάς
800 4350 910 4402 τῶν
929 4347 1144 4401 οἰκείων
1177 4343 1518 4416 ἐρεσχελίας;
1543 4342 1615 4393 Οὑ
1634 4343 1742 4410 γάρ

60 4449 203 4499 είσιν
240 4446 495 4506 ἐλάττους
534 4436 695 4494 αῦται
732 4439 842 4492 τῶν
874 4436 1073 4502 ἔξωθεν
1107 4431 1450 4504 προσϐολῶν,
1482 4429 1620 4482 ἀλλά
1649 4431 1743 4482 καὶ

61 4536 283 4586 πλείονα
311 4533 387 4603 τῷ
406 4532 707 4584 διδάσκοντι
730 4526 1030 4598 παρέχουσι
1054 4522 1143 4573 τὸν
1176 4520 1392 4591 ἱδρῶτα.
1424 4519 1485 4570 Ol
1512 4517 1610 4588 μὲν
1634 4516 1742 4587 γάρ

61 4623 171 4674 ὑπὸ
206 4616 744 4690 πολυπραγμοσύνης
781 4611 967 4674 ἀπλῶς
1001 4610 1094 4663 καὶ
1122 4608 1244 4676 εἰκῆ
1282 4606 1742 4676 περιεργάζεσθαι

60 4710 334 4771 θέλουσιν,
363 4707 397 4760 ἀ
433 4708 572 4778 μήτε
604 4703 878 4774 μαθόντας
912 4701 1030 4751 ἐστι
1058 4697 1339 4767 κερδᾶναι,
1383 4695 1518 4765 μήτε
1550 4693 1742 4762 μαθεῖν

57 4797 306 4852 δυνατόν’
338 4797 516 4865 ’έτεροι
546 4793 708 4847 πάλιν
736 4791 846 4843 τῶν
876 4789 970 4841 τοῦ
1011 4785 1149 4838 Θεοῦ
1195 4785 1481 4855 χριμάτων
1512 4782 1742 4845 εὑθύνας

60 4887 229 4941 αὑτὸν
261 4883 610 4944 ἀπαιτοῦσιν,
645 4881 740 4934 καὶ
769 4879 867 4948 τὴν
897 4877 1136 4931 ἄϐυσσον
1167 4873 1267 4942 τὴν
1301 4869 1501 4941 πολλὴν
1532 4870 1739 4939 ἀναμε-

57 4979 212 5045 τρεῖν
243 4973 541 5045 βιάζονται·
574 4970 648 5026 Τὰ
680 4970 789 5040 γάρ
819 4965 1070 5035 κρίματὰ
1094 4979 1234 5024 σου,
1260 4961 1446 5045 φησὶν,
1469 4960 1741 5045 ἄσεισσος

61 5033 290 5124 πολλὴ.
320 5033 428 5108 Καὶ
462 5033 704 5117 πίστεως
731 5033 1018 5135 μέννπέρι.
1053 5047 1147 5135 καὶ
1176 5042 1478 5135 ’πολιτείας
1527 5042 1741 5110 ὀλίγους

59 5142 128 5195 ἂν
157 5140 344 5214 εὕροις
369 5137 798 5200 σπουδάζοντας·
827 5133 952 5194 τοὺς
976 5129 1032 5182 δέ
1063 5127 1282 5190 πλείους
1309 5127 1483 5224 ταῦτα
1517 5141 1740 5224 περιερῖ

61 5208 402 5295 γαζομένους
430 5222 525 5274 καὶ
552 5218 871 5289 ζητοῦντας,
909 5216 943 5267 ἃ.
977 5213 1114 5283 μήτε
1137 5211 1319 5295 εὑρεῖν
1356 5208 1598 5295 δυνατὸν,

60 5310 154 5362 τὸν
175 5293 312 5360 Θεὸν
342 5303 636 5376 παροξύνει
667 5299 996 5372 ζητούμενα.
1045 5298 1214 5348 Ὅταν
1248 5294 1379 5363 γὰρ,
1411 5293 1552 5364 ἀπερ
1576 5293 1742 5355 αὑτὸς

127 5412 388 5475 “Aliquot.
423 5408 740 5475 manuscripli
786 5403 1018 5468 φυγοῦσα,
1045 5408 1096 5450 el
1120 5400 1244 5449 infra
1277 5401 1575 5462 πεπαυμένον
1597 5400 1740 5448 αὑτὸν

62 5477 138 5538 ὶπ.
162 5473 384 5538 Μοξςαιίἱ
421 5473 490 5522 δεῖ
513 5474 564 5520 δὲ
717 5531 731 5538 _
761 5531 807 5538 __
972 5527 984 5538 .
1031 5527 1052 5537 _
1146 5524 1155 5536 η
1200 5525 1246 5538 ν
1448 5524 1461 5538 ’
1554 5525 1612 5538 Μ

127 5537 153 5602 ί)
175 5533 382 5584 Codices
409 5549 508 5584 non
532 5534 671 5596 pauci
695 5531 734 5579 εί
758 5531 808 5578 δέ
827 5546 896 5583 τις
932 5527 1088 5574 αὐτῶν
1108 5524 1168 5571 τὰ
1196 5525 1409 5585 δόγματα
1439 5524 1645 5585 ἀκριϐῶς
1668 5523 1742 5602 EE:

62 5613 268 5646 ετασειε.

128 5663 151 5686 ⁸⁵
191 5660 286 5706 Alli
311 5659 456 5712 πολὺς
478 5658 528 5705 δὲ
551 5654 658 5703 κᾶν.

127 5721 152 5758 ἀ
183 5720 277 5767 Alii
298 5719 610 5781 παρανομίαν.

134 5785 157 5807 ε
185 5782 336 5827 δικ-ιι.
357 5768 408 5825 «ll
433 5768 780 5842 minima'pars
803 5791 915 5827 mss.
947 5775 1049 5833 ἐνῆν
1074 5789 1150 5822 σοι
1179 5771 1346 5834 λέγειν,
1371 5768 1543 5820 Morel.
1576 5777 1624 5821 cl
1652 5771 1736 5821 ali-

65 5847 187 5906 quot
211 5843 276 5892 ινι
305 5843 560 5904 συλλέγειν.

3414 281 3518 341 668

1851 390 1997 459 ἡμᾶς
2020 391 2121 443 οὑκ
2159 389 2424 461 ἠθέλησεν
2462 391 2679 458 ειδέναι,
2708 393 2882 447 ταῦτα
2940 394 3258 467 βιαζὼμεθα
3306 397 3520 470 μανθά-

1849 493 1979 537 νειν,
2001 476 2123 530 οὔτε
2140 477 2420 548 εἰσόμεθα,
2441 479 2581 550 (πῶς
2604 482 2735 552 γάρ,
2759 481 2851 535 τοῦ
2876 482 3014 536 Θεοῦ
3044 483 3120 554 μὴ
3141 484 3463 557 βουλομένου
3480 487 3521 558 ;)

1851 565 1946 615 καὶ
1976 565 2036 617 τὸ
2057 565 2391 619 κινδυνεύειν
2417 568 2548 637 ἡμῖν
2578 570 2642 621 ἐκ
2677 570 2772 623 τοῦ
2800 571 2983 642 ζητεῖν
3023 573 3308 644 περιέσται
3340 575 3520 645 μόνον.

1863 651 2003 704 Ἀλλ’
2032 653 2182 723 ὅμως
2211 653 2305 706 καὶ
2334 653 2542 708 τούτων
2587 657 2847 711 τοιούτων
2891 658 3082 727 όντων,
3116 662 3243 716 ὃταν
3267 679 3349 726 τις
3385 662 3524 732 μετά

1849 739 2139 805 αὑθεντίας
2159 741 2487 815 ἐπιστομίζῃ
2516 746 2644 809 τοὺς
2667 746 2737 798 τά
2762 746 2945 818 ἄπορα
2968 747 3143 803 ταῦτα
3163 750 3522 820 ἐρευνῶντας,

1849 828 2110 893 ἀπονοίας
2143 845 2206 882 τε
2253 831 2350 883 καὶ
2397 831 2638 901 ἀμαθίας
2691 834 2871 905 ἐαυτῷ
2901 837 3305 908 προσετρίψατο
3340 837 3518 903 δόξαν.

1848 915 1940 968 Διὸ
1957 915 2064 988 χρὴ
2098 917 2378 973 κάνταῦθα
2407 919 2577 990 πολλῇ
2626 923 2933 993 κεχρῆσθαι
2958 927 3026 995 τῇ
3055 927 3288 992 συνέσει,
3314 926 3392 990 ὡς
3429 927 3524 981 καὶ

1849 1003 2086 1072 ἀπάγειν
2115 1005 2314 1071 αὑτοὺς
2335 1007 2446 1059 τῶν
2473 1008 2689 1062 ἀτόπων
2721 1010 3043 1082 ἐρωτήσεων
3058 1013 3149 1066 τὸν
3177 1015 3521 1085 προεστῶτα,

1849 1092 2071 1157 καὶτὰς
2110 1095 2411 1166 εἰρημένας
2437 1097 2730 1168 ἐκφεύγειν
2774 1101 2974 1164 αίτίας.
3015 1103 3162 1172 Πρὸς
3203 1101 3422 1158 ἅπαντα
3465 1104 3524 1158 δὲ

1847 1181 2023 1236 ταῦτα
2056 1181 2244 1255 ἕτερον
2266 1185 2365 1254 μὲν
2395 1185 2570 1252 οὐδὲν,
2611 1188 2645 1257 ἡ
2665 1188 2723 1240 δέ
2757 1187 2852 1241 τοῦ
2872 1187 3032 1257 λόγου
3064 1189 3288 1260 βοήθεια
3314 1187 3524 1246 δέδοται

1852 1269 2012 1340 μόνηο
2041 1270 2145 1324 κᾶν
2175 1289 2260 1336 τις
2281 1272 2487 1344 ταύτης
2524 1275 2972 1346 ἀπεστερημένος
3085 1277 3187 1348 τῆς
3216 1277 3520 1347 δυνάμεως,

1848 1358 2000 1411 οὐδὲν
2033 1358 2259 1430 ἄμεινον
2308 1362 2420 1414 τῶν
2468 1363 2879 1434 χειμαζομένων
2913 1365 3116 1417 πλοίων
3169 1363 3433 1434 διηνεκῶς
3467 1368 3522 1419 αί

1847 1441 2022 1513 ψυχαὶ
2044 1444 2152 1498 τῶν
2182 1445 2274 1498 ὑπ’
2305 1447 2454 1518 αὐτῷ
2494 1449 2845 1519 τεταγμένων
2887 1451 3098 1524 ἀνδρῶν
3133 1451 3522 1515 διακείσονται,

1846 1529 1957 1580 τῶν
2008 1531 2416 1604 ἀσθενεστέρων
2463 1536 2560 1589 καὶ
2595 1538 3034 1609 περιεργοτέρων
3084 1537 3249 1606 λέγω.
3290 1539 3382 1591 Διὸ
3417 1539 3523 1609 χρὴ

1847 1617 1941 1669 τὸν
1979 1619 2130 1689 ἱερέα
2160 1621 2338 1674 πάντα
2357 1625 2534 1676 ποιεῖν
2561 1623 2700 1693 ὑπὲρ
2723 1623 2818 1677 τοῦ
2851 1623 3056 1697 ταύτην
3095 1625 3403 1696 κτήσασθαι
3424 1625 3523 1696 τὴν

1851 1705 2027 1774 ἰσχύν.

1921 1793 2030 1845 Καὶ
2081 1795 2110 1846 ὀ
2157 1795 2536 1862 ΒΑΣΙΛΕΙΟΣ,
2593 1798 2660 1850 Τί
2700 1793 2793 1851 οὖν
2823 1802 2852 1850 ὁ
2890 1797 3124 1864 Παῦλος,
3180 1799 3369 1870 φησὶν,
3421 1800 3523 1854 οὑκ

1847 1879 2149 1934 ἐσπούδασε
2179 1882 2385 1953 ταύτην
2411 1886 2477 1937 αὑ
2489 1885 2560 1955 τῷ
2579 1885 2986 1956 κατορθωθῆναι
3017 1886 3037 1925 ί
3058 1887 3157 1958 τὴν
3177 1886 3400 1958 ἀρετὴν,
3429 1888 3524 1942 οὑ-

1846 1966 1902 2019 δὲ
1933 1968 2338 2036 ἐγκαλύπτεται
2364 1973 2455 2024 ἐπὶ
2472 1976 2537 2043 τῇ
2563 1973 2659 2026 τοῦ
2695 1973 2856 2040 λόγου
2884 1973 3066 2044 πενίᾳ,
3095 1973 3233 2028 ἀλλά
3261 1975 3525 2047 καὶδιαρ-

1851 2054 2018 2127 ρἧην
2043 2058 2300 2128 ὁμολογεῖ
2333 2059 2552 2132 ἰδιώτην
2577 2062 2771 2115 ἐαυτὸν
2803 2057 2966 2125 εἶναι,
2996 2061 3091 2115 καί
3125 2061 3303 2116 ταῦτα
3325 2065 3524 2134 Κοριν-

1847 2143 1984 2208 θίοις
2010 2146 2363 2210 ἐπιστέλλων,
2390 2151 2505 2212 τοῖς
2555 2150 2664 2202 ἀπὸ
2704 2149 2801 2204 τοῦ
2843 2149 3024 2218 λέγειν
3060 2148 3520 2220 θαυμαζομένοις,

1847 2233 1941 2286 καὶ
1967 2233 2111 2304 μέγα
2157 2237 2251 2290 ἐπὶ
2276 2237 2434 2290 τοῦτο
2461 2238 2721 2309 φρονοῦσι
2743 2256 2758 2304 ;

1919 2329 1993 2386 ς’.
2025 2324 2359 2378 ΧΡΥΣΟΣΤ.
2393 2325 2568 2380 Τοῦτο
2600 2330 2730 2399 γὰρ,
2767 2329 2924 2400 ἔφην,
2961 2331 3118 2387 τοῦτό
3155 2335 3325 2398 ἐστιν,
3348 2333 3526 2398 ὃτοὺς

1847 2408 2076 2473 πολλοὺς
2095 2411 2346 2466 ἀπώλεσε
2375 2416 2420 2478 ε,
2445 2414 2537 2466 καὶ
2561 2415 2832 2486 ῥᾳθυμοτέ
2842 2435 2966 2488 ρους
2986 2421 3114 2490 περὶ
3131 2421 3231 2493 τὴν
3250 2421 3426 2492 ἀληθῆ
3449 2423 3525 2475 δι-

1845 2496 2143 2552 δασκαλίαν
2160 2500 2408 2571 ἐποίησε.
2433 2503 2522 2572 Μὴ
2543 2503 2651 2573 γάρ
2672 2504 2991 2574 δυνηθέντες
3007 2507 3249 2578 ἀκριϐῶς
3273 2509 3524 2574 ἐξετάσαι

1845 2583 1954 2636 τῶν
1969 2585 2340 2641 ἀποστολικῶν
2364 2590 2574 2659 φρενῶν
2594 2590 2654 2642 τὸ
2676 2590 2856 2659 βάθος.
2881 2593 3015 2663 μηδέ
3034 2597 3277 2649 συνιέναι
3297 2599 3396 2668 τὴν
3415 2598 3525 2652 τῶν

1849 2673 2109 2741 ῥημάτων
2132 2674 2388 2733 διάνοιαν.
2419 2676 2725 2730 διετέλεσαν
2755 2679 2846 2734 τὸν
2870 2681 3084 2734 ἅπαντα
3109 2683 3302 2754 χρόνον
3327 2686 3526 2740 νυστά-

1849 2759 2032 2824 ζοντες
2066 2763 2159 2814 καὶ
2183 2764 2537 2834 χασμώμενοι
2570 2767 2665 2819 καὶ
2702 2769 2802 2837 τὴν
2832 2769 3075 2839 ἀμαθίαν
3095 2772 3365 2841 τιμῶντες
3390 2775 3526 2828 ταύ-

1845 2865 1966 2918 την,
1980 2851 2077 2920 οὑχ
2094 2851 2161 2921 ἣν
2175 2854 2203 2904 ό
2220 2852 2428 2916 Παῦλός
2446 2871 2611 2922 φησιν
2633 2849 2772 2908 εἶναι
2799 2856 3039 2928 ἀμαθὴς.
3057 2859 3174 2912 ἀλλ’
3188 2857 3255 2931 ἦς
3272 2860 3525 2916 τοσοῦτον

1846 2936 2092 3005 ἀπεῖχεν,
2116 2939 2238 2992 ὅσον
2270 2941 2389 2992 ούδέ
2420 2941 2576 3004 ἄλλος
2597 2960 2680 3006 τις
2704 2944 2810 2995 τῶν
2842 2945 2947 2997 ὑπὸ
2977 2945 3070 2998 τὸν
3091 2947 3317 3016 οὐρανὸν
3335 2948 3526 3004 τοῦτον

1847 3023 2168 3095 ἀνθρώπων.
2189 3026 2272 3097 [Μ
2286 3027 2337 3099 l]
2373 3029 2512 3081 Ἀλλ’
2531 3025 2684 3092 οὗτος
2709 3033 2805 3101 μὲν
2826 3034 2974 3102 ἡμᾶς
2995 3036 3076 3096 εἰς
3105 3036 3296 3108 καιρὸν
3316 3036 3343 3088 ὁ
3367 3037 3524 3106 λόγος

1847 3111 2182 3182 ἀναμενέτω,
2210 3116 2348 3178 τέως
2363 3115 2418 3168 δέ
2435 3118 2610 3170 ἐκεῖνό
2634 3136 2795 3188 φημι·
2815 3118 2998 3189 θῶμεν
3020 3122 3182 3174 αὑτὸν
3209 3119 3348 3178 εἶναι
3381 3123 3525 3178 ίδιὼ-

1846 3215 1946 3268 την
1973 3199 2130 3252 τοῦτο
2170 3201 2229 3253 τὺ
2261 3201 2448 3271 μέρος,
2482 3204 2621 3274 ὅπερ
2642 3206 2796 3258 αὑτοὶ
2824 3205 3125 3274 βούλονται·
3161 3209 3214 3261 τί
3249 3207 3342 3264 οῦν
3368 3211 3527 3265 τοῦτο

1848 3288 1984 3358 πρὸς
2008 3290 2134 3350 τοὺς
2156 3289 2356 3360 ἄνδρας
2373 3293 2497 3354 τοὺς
2520 3292 2646 3357 νῦν;
2694 3292 2931 3359 Ἐκεῖνος
2953 3296 3054 3366 μὲν
3079 3297 3188 3368 γὰρ
3209 3294 3353 3369 εἶχεν
3372 3302 3526 3371 ίσχὺν

1848 3373 2028 3444 πολλῷ
2056 3375 2151 3427 τοῦ
2171 3376 2328 3445 λόγου
2351 3379 2571 3448 μείζονα
2601 3380 2695 3432 καὶ
2730 3381 2952 3437 πλείονα
2989 3384 3295 3456 δυναμένην
3325 3405 3525 3460 κατορ-

1849 3460 1992 3546 θοῦν·
2026 3465 2353 3534 φαινόμενος
2385 3467 2482 3536 μὲν
2512 3468 2620 3538 γὰρ
2659 3469 2816 3537 μόνον
2841 3471 2933 3524 καὶ
2965 3473 3154 3540 σιγῶν,
3188 3478 3301 3538 τοῖς
3333 3475 3527 3546 δαίμοη

1849 3565 1933 3600 σιν
1958 3545 2026 3620 ἦν
2058 3552 2309 3623 φοϐερός
2329 3555 2378 3606 οἱ
2406 3554 2464 3606 δὲ
2487 3554 2584 3608 νῦν
2619 3557 2820 3620 πάντες
2841 3557 2976 3628 ὁμοῦ
3013 3559 3359 3625 συνελθόντες
3389 3545 3528 3633 μετά

1852 3639 2063 3708 μυρίων
2084 3639 2258 3708 εὐχῶν
2281 3641 2376 3694 καὶ
2407 3642 2660 3713 δακρύων
2689 3646 2788 3698 οὑκ
2817 3645 2883 3699 ἂν
2907 3646 3186 3717 δυνηθεῖεν
3214 3650 3314 3703 ὃσα
3339 3650 3527 3721 ἴσχυσε

1849 3724 1916 3778 τὰ
1939 3727 2241 3795 σιμικίνθια
2267 3728 2483 3781 Παύλου
2520 3731 2674 3784 ποτέ.
2717 3733 2828 3786 Καὶ
2858 3733 3072 3798 Παῦλος
3109 3735 3208 3806 μὲν
3234 3737 3528 3806 εὐχόμενος

1850 3815 2078 3882 νεκροὺς
2125 3816 2340 3884 ἀνίστη,
2371 3818 2464 3869 καί
2500 3818 2638 3872 ἄλλα
2679 3820 3121 3892 ἐθαυματούργει
3159 3823 3406 3890 τοιαῦτα,
3450 3828 3525 3890 ὡς

1851 3901 1946 3953 καὶ
1981 3901 2102 3964 θεὸς
2129 3904 2459 3974 νομισθῆναι
2497 3906 2649 3978 παρὰ
2677 3911 2791 3972 τοῖς
2836 3909 3056 3973 ἔξωθεν·
3092 3912 3188 3964 καὶ
3221 3915 3350 3983 πρὶν
3375 3913 3405 3984 ἢ
3430 3914 3526 3967 τοῦ

1852 3987 1968 4056 βίου
1994 3992 2325 4060 μεταστῆναι
2355 3992 2565 4052 τούτου.
2595 3994 2905 4066 κατηξιώθη
2942 3997 3262 4067 ἀρπαγῆναι
3285 4000 3389 4063 ἓως
3405 4002 3526 4070 τρία

1848 4091 1942 4126 του
1975 4077 2227 4143 ούρανοῦ,
2251 4082 2347 4132 καὶ
2385 4081 2648 4150 ῥημάτων
2693 4086 3000 4153 μετασχεῖν,
3027 4079 3102 4137 ὧν
3136 4085 3196 4137 ού
3231 4085 3389 4156 θέμις
3433 4088 3526 4141 ἀνα

1850 4161 2130 4232 θρωπείαν
2156 4167 2386 4220 ἀκοῦσαι
2434 4168 2616 4236 φύσιν.
2644 4170 2706 4222 Οί
2734 4171 2790 4223 δέ
2809 4171 2904 4222 νῦν
2927 4171 3079 4235 ὄντες
3096 4174 3233 4242 (ἀλλ’
3257 4174 3409 4228 οὐδὲν
3434 4176 3527 4228 δύ-

1849 4267 2015 4319 ναμαι
2049 4252 2304 4324 δυσχερὲς
2338 4255 2363 4294 h
2407 4257 2584 4310 εἰπεῖν
2625 4257 2747 4311 οὑδὲ
2773 4258 2934 4327 βαρύ’
2970 4259 3064 4311 καὶ
3095 4260 3205 4330 γὰρ
3232 4262 3325 4314 καὶ
3352 4261 3526 4316 ταῦτα

1848 4339 1949 4389 οὐκ
1986 4340 2336 4410 ἐπεμϐαίνων
2372 4344 2557 4407 αὑτοῖς
2585 4344 2729 4413 λέγω
2754 4347 2868 4410 νῦν,
2903 4346 3039 4398 ἀλλά
3060 4347 3378 4418 θαυμάζων)
3408 4351 3527 4413 πῶς

1848 4426 1908 4476 οὑ
1937 4428 2271 4497 φρίττουσιν,
2295 4431 2451 4502 ἀνδρί
2473 4433 2776 4504 τηλικούτῳ
2799 4434 3241 4504 παραϐάλλοντες
3262 4437 3520 4504 έαυτούς;

1852 4512 1914 4565 Εἰ
1941 4516 2050 4584 γὰρ
2083 4516 2176 4568 καὶ
2212 4519 2282 4570 τὰ
2323 4518 2576 4589 θαύματα
2617 4521 2867 4589 ἀφέντες,
2905 4521 2998 4574 ἐπὶ
3018 4523 3110 4574 τὸν
3137 4523 3250 4592 βίον
3277 4523 3522 4595 ἔλθοιμεν

1848 4601 1942 4653 τοῦ
1971 4606 2262 4674 μακαρίου,
2293 4608 2389 4659 καὶ
2415 4608 2514 4678 τῆν
2544 4607 2822 4661 πολιτείαν
2851 4610 3206 4680 ἐξετάσαιμεν
3232 4612 3396 4665 αὑτοῦ
3427 4614 3524 4684 τὴν

1849 4689 2169 4762 ἀγγελικὴν,
2195 4694 2286 4746 καὶ
2317 4696 2373 4745 ἐν
2401 4695 2571 4766 ταύτῃ
2595 4696 2812 4765 μᾶλλον.
2841 4698 2872 4767 ἢ
2899 4700 2956 4748 ἐν
2984 4701 3096 4760 τοῖς
3121 4699 3388 4770 σημείοις,
3404 4701 3522 4770 ὕψει

1849 4777 2084 4831 νικῶντα
2111 4781 2202 4832 τὸν
2231 4780 2468 4850 ἀθλητὴν
2495 4782 2589 4834 τοῦ
2619 4783 2854 4852 Χριστοῦ
2880 4785 2921 4835 ί.
2955 4783 3020 4835 Τί
3046 4785 3152 4855 γὰρ
3196 4788 3258 4842 ἄν
3277 4802 3359 4850 τις
3379 4788 3522 4840 εἴποι

1849 4865 1939 4918 τὸν
1969 4866 2151 4934 ζῆλον,
2183 4867 2283 4936 τὴν
2305 4868 2627 4930 ἐπιείκειαν,
2658 4871 2782 4932 τοὺς
2825 4875 3066 4940 συνεχεῖς
3093 4871 3391 4938 κινδύνους,
3424 4874 3523 4939 τὰς

1849 4953 2184 5025 ἐπαλλήλους
2207 4955 2513 5025 φροντίδας.
2548 4957 2646 5018 τὰς
2677 4957 3054 5022 ἀδιαλείπτους
3075 4960 3214 5031 ὑπὲρ
3245 4962 3355 5014 τῶν
3401 4963 3523 5015 Ἐκ-

1849 5041 2086 5111 κλησιῶν
2111 5041 2370 5111 ἀθυμίας,
2397 5042 2458 5094 τὺ
2474 5043 2606 5113 πρὸς
2637 5045 2762 5106 τοὺς
2802 5045 3047 5110 ἀσθενεῖς
3087 5050 3393 5118 συμπαθὲς,
3422 5051 3520 5114 τὰς

1852 5129 2050 5192 πολλάς
2088 5129 2316 5198 θλίψεις,
2344 5130 2469 5192 τοὺς
2501 5131 2845 5202 καινοτέρους
2889 5132 3182 5204 διωγμοὺς,
3223 5137 3348 5199 τοὺς
3381 5138 3517 5190 καθ-

1847 5220 2142 5290 ημερινοὺς
2165 5217 2456 5283 θανάτους;
2481 5217 2575 5281 Τίς
2603 5218 2710 5288 γάρ
2733 5219 2895 5283 τόπος
2916 5222 3013 5290 τῆς
3031 5223 3374 5293 οίκουμένης,
3390 5225 3519 5277 ποία

1848 5307 2095 5376 ἤπειρος,
2125 5305 2254 5358 ποία
2285 5303 2523 5358 θάλαττα
2552 5305 2645 5356 τοῦ
2677 5305 2886 5358 δικαίου
2920 5307 3110 5360 τούτου
3155 5309 3281 5372 τοὺς
3322 5308 3517 5374 ἀθλους

1848 5394 2148 5462 ὴγνόησενς
2186 5391 2422 5444 Ἐκεῖνον
2458 5392 2550 5444 καὶ
2590 5394 2622 5462 ἡ
2668 5393 2919 5464 ἀοίκητος
2950 5394 3113 5464 ἔγνω,
3144 5395 3518 5452 κινδυνεύοντα

1847 5480 2112 5550 δεξαμένη
2137 5479 2416 5543 πολλάκις.
2445 5482 2560 5534 Πάν
2588 5481 2697 5553 γὰρ
2713 5479 2852 5546 εἶδος
2886 5485 3175 5555 ὑπέμεινεν
3205 5486 3518 5560 ἐπιϐουλῆς,

1918 5583 1938 5658 ς
1971 5585 2055 5633 Sic
2090 5584 2262 5658 δεινῇ,
2306 5599 2481 5648 magna
2519 5600 2632 5649 pars
2673 5601 2787 5636 mss.
2809 5587 2984 5645 ταύτην
3005 5605 3082 5637 σοι
3105 5593 3316 5654 κατορθ.,
3343 5591 3511 5642 Morel.

1852 5649 2373 5756 ταῖτλῖιίῗτῗὲίῶλεκε.

1911 5767 1939 5807 h
1971 5771 2066 5832 Alii
2091 5769 2224 5816 οὐδὲν
2247 5771 2472 5832 βούλομαι
2497 5771 2630 5832 δυσχ.

1922 5843 1933 5870 ι
1967 5831 2062 5882 Alii
2084 5832 2286 5889 ἀθλητὴν
2309 5830 2391 5879 τοῦ
2415 5830 2558 5880 θεοῦ.
