3890 6220
183 300 292 356 669

182 420 324 468 culta
357 424 563 481 quoque
593 420 729 463 terra
762 414 980 461 noverat
1004 449 1019 466 .
1051 402 1175 459 dum
1212 419 1332 460 eum
1372 418 1515 474 saepe
1543 404 1758 474 pericli-

190 515 389 559 tantem
436 502 754 570 excipiebat.
804 501 973 555 Omne
1014 501 1208 569 quippe
1249 511 1417 568 genus
1455 496 1762 557 insidiarum

185 597 327 657 tulit,
355 603 409 649 et
434 608 645 647 onmem
675 591 907 646 victoria:
933 589 1145 643 modum
1170 596 1419 656 expertus
1449 596 1552 652 est,
1580 601 1642 639 ac
1671 601 1765 639 nc—

184 704 290 757 quc
316 686 662 741 certaminum
690 696 860 752 neque
886 694 1201 735 coronarum
1228 678 1387 731 finem
1417 677 1633 730 invenit.
1665 675 1764 729 Ve-

182 793 303 831 rum
348 776 527 830 nescio
567 790 671 843 quo
711 784 863 841 pacto
903 787 969 825 eo
1005 770 1236 824 animum
1271 767 1479 837 appuli,
1508 780 1565 820 ut
1592 767 1760 820 virum

182 865 505 920 contumelia
534 863 822 917 aflicercm.
854 861 1012 916 Gesta
1040 860 1233 929 quippe
1264 860 1380 928 ejus
1408 873 1619 912 omnem
1649 873 1762 911 ser-

184 973 398 1011 monem
432 965 678 1025 superant
704 995 719 1015 ,
747 970 918 1007 meum
951 968 1078 1007 vero
1104 961 1307 1005 tantum
1335 993 1349 1016 ,
1380 960 1631 1020 quantum
1664 966 1761 1005 nos

182 1056 437 1116 superant
464 1045 672 1100 dicendi
704 1045 880 1113 periti.
912 1045 1155 1096 Attamen
1190 1057 1254 1096 ue
1281 1042 1356 1095 sic
1381 1043 1595 1110 quidem
1626 1041 1760 1109 (nc-

181 1151 287 1204 que
325 1136 465 1190 enim
503 1136 572 1189 ab
596 1134 763 1197 exitu,
795 1134 885 1187 sed
929 1147 959 1185 a
1004 1131 1272 1184 voluntate
1314 1131 1497 1184 beatus
1540 1130 1627 1185 ille
1664 1144 1761 1183 nos

183 1224 471 1294 metitur),
504 1238 610 1279 non
650 1223 872 1277 cessabo
911 1221 1081 1275 donec
1120 1219 1221 1273 hoc
1254 1219 1546 1273 addiderim
1573 1259 1587 1281 ,
1619 1218 1760 1288 quod

185 1325 332 1369 tanto
361 1313 698 1384 prtestantius
734 1320 817 1367 est
852 1326 1010 1380 supra
1040 1310 1199 1364 dictis
1221 1349 1236 1372 ,
1270 1317 1467 1378 quanto
1504 1309 1593 1363 ille
1624 1324 1760 1377 pra--

182 1406 410 1462 stantior
428 1405 673 1461 omnibus
692 1403 1013 1459 hominibus.
1040 1401 1174 1469 Quid
1204 1401 1328 1455 illud
1358 1401 1475 1456 est?
1501 1401 1627 1455 Post
1655 1410 1759 1454 tam

183 1498 349 1552 multa
388 1496 597 1566 egregia
627 1494 857 1549 facinora
884 1533 899 1555 ,
929 1499 1048 1561 post
1084 1492 1387 1545 innumeras
1416 1505 1638 1546 coronas
1659 1528 1677 1556 ,
1707 1492 1760 1544 in

181 1592 477 1657 gehennam
506 1586 671 1649 abire,
700 1594 755 1639 et
782 1595 981 1637 aeterno
1011 1582 1144 1636 tradi
1172 1581 1430 1652 supplicio
1452 1581 1674 1650 optavit,
1703 1590 1762 1636 ut

182 1677 375 1742 .ludmi,
402 1678 491 1746 qui
519 1676 690 1745 ipsum
715 1688 855 1743 saepe
874 1672 1251 1741 lapidaverant,
1270 1672 1395 1737 imo,
1423 1680 1674 1741 quantum
1704 1671 1759 1725 in

185 1770 314 1838 ipsis
333 1778 466 1833 erat,
485 1765 809 1830 occiderant,
832 1763 963 1818 salvi
984 1771 1165 1818 essent
1182 1772 1235 1817 ct
1252 1762 1317 1817 ad
1334 1762 1597 1818 Christum
1617 1777 1761 1817 acce-

184 1860 371 1914 derent
393 1859 565 1929 (Rom.
584 1858 640 1912 9.
657 1856 736 1926 3).
754 1855 883 1924 Quis
901 1855 967 1909 ita
988 1855 1256 1909 Christum
1278 1854 1504 1908 amavit?
1520 1854 1562 1908 si
1583 1862 1758 1908 tamen

184 1948 236 2001 id
257 1963 409 2001 amor
427 1947 702 2002 dicendurm
720 1956 821 2009 est,
838 1954 1015 1998 etnon
1030 1945 1296 2014 quidpiam
1314 1959 1495 1999 amore
1512 1955 1760 2013 praestan-

184 2040 306 2092 tius.
344 2037 585 2091 Etiamne
620 2037 777 2107 igitur
811 2050 909 2090 nos
941 2035 1084 2103 ipsos
1117 2050 1236 2090 cum
1263 2035 1356 2088 illo
1377 2034 1707 2088 conferemus
1739 2073 1757 2101 ,

185 2138 304 2199 post
333 2137 531 2182 tantam
556 2143 712 2197 quam
739 2126 940 2180 cwlitus
968 2126 1168 2194 accepit
1204 2126 1425 2195 gratiam
1450 2166 1465 2189 ,
1495 2134 1614 2194 post
1638 2134 1757 2179 tan-

186 2231 292 2273 tam
318 2220 565 2273 virtutem
590 2258 606 2282 ,
632 2232 787 2287 quam
816 2232 885 2272 ex
913 2216 1089 2286 seipse
1112 2216 1398 2271 exhibuit?
1438 2217 1635 2289 Ecquid
1667 2219 1760 2276 illo

184 2309 473 2364 audacius?
508 2308 658 2376 Quod
686 2316 865 2364 autem
893 2321 999 2367 non
1029 2312 1163 2367 adeo
1193 2312 1351 2366 idiota
1382 2311 1555 2374 fuerit,
1580 2321 1635 2365 ut
1660 2312 1758 2381 ipsi

186 2403 526 2472 arbitrantur,
552 2400 607 2460 id
623 2401 733 2475 jam
754 2414 1172 2461 commonstrare
1200 2405 1491 2475 aggrediar.
1524 2404 1586 2459 lli
1615 2405 1757 2459 enim

185 2486 291 2551 non
308 2495 465 2551 modo
481 2496 697 2551 idiotam
714 2506 906 2551 vocant
922 2512 1065 2563 eum,
1084 2497 1173 2567 qui
1193 2497 1244 2551 in
1265 2505 1602 2552 externarum
1634 2497 1757 2551 lite-

185 2602 362 2642 rarum
381 2587 662 2657 prtestigiis
683 2602 786 2640 non
810 2587 1129 2641 exercitatus
1148 2585 1325 2651 fuerit,
1348 2586 1440 2642 sed
1457 2588 1613 2640 etiam
1635 2600 1756 2641 eum

184 2676 274 2741 qui
315 2692 410 2745 pro
439 2678 582 2731 veris
619 2676 953 2745 dogmatibus
982 2691 1220 2747 pugnare
1248 2677 1453 2731 nesciat
1482 2694 1497 2729 τ
1525 2690 1587 2731 ac
1613 2684 1757 2731 recte

182 2766 417 2834 quidem.
449 2768 511 2819 At
543 2766 735 2821 Paulus
764 2781 867 2820 non
898 2766 1175 2835 utrobique
1203 2780 1263 2820 se
1290 2765 1506 2821 idiotam
1534 2767 1754 2834 profite-

189 2866 293 2917 tur,
315 2855 407 2909 sed
431 2855 482 2908 in
512 2855 697 2908 horutu
718 2855 885 2909 altero
907 2862 1129 2908 tantum.
1152 2853 1220 2909 Et
1239 2863 1295 2909 ut
1320 2854 1371 2909 id
1395 2856 1752 2920 confirmaret,

180 2944 572 2999 distinctionem
599 2954 842 2999 accurate
870 2945 1080 3013 posuit,
1109 2959 1229 2998 cum
1258 2943 1478 3010 diceret,
1507 2958 1755 2999 sermone

182 3051 243 3091 se
270 3036 481 3090 idiotam
502 3050 642 3102 esse,
674 3035 766 3090 sed
797 3050 900 3090 non
928 3035 1228 3105 cognitione
1258 3036 1353 3105 (2.
1382 3034 1501 3090 Cor.
1531 3036 1616 3090 11.
1649 3036 1681 3090 6
1710 3036 1750 3104 ).

180 3128 319 3181 Sane
342 3126 387 3180 si
414 3124 656 3181 Isocratis
680 3125 914 3194 leporem
945 3127 962 3158 ¹
990 3127 1276 3197 exigerem,
1303 3126 1348 3180 si
1380 3126 1753 3181 Demosthenis

182 3231 426 3283 acumen,
458 3217 501 3269 si
526 3216 849 3286 Thucydidis
875 3217 1183 3285 gravitatem
1203 3257 1220 3282 ,
1247 3218 1292 3272 si
1322 3216 1554 3272 Platonis
1580 3216 1751 3272 subli-

181 3308 455 3373 mitatem,
484 3307 586 3361 hoc
620 3307 768 3361 Pauli
797 3308 1154 3362 testimonium
1182 3309 1235 3363 in
1262 3308 1491 3363 medium
1521 3309 1749 3365 all'eren-

178 3398 301 3451 dum
335 3404 497 3451 esset.
524 3397 674 3451 Nunc
696 3406 873 3452 autem
906 3397 994 3451 illa
1022 3399 1199 3452 omnia
1228 3399 1389 3453 missa
1413 3399 1550 3454 facio
1576 3438 1591 3461 ,
1620 3415 1749 3455 ncc-

180 3504 283 3541 non
326 3487 590 3542 curiosum
637 3487 783 3541 illum
833 3497 1134 3542 exterorum
1181 3497 1464 3554 ornatum,
1514 3489 1750 3559 nihilque

177 3593 307 3631 curo
330 3577 615 3632 dictionem
642 3578 1214 3649 enuntiationemque'.
1234 3579 1341 3635 Sed
1365 3591 1482 3635 esto
1500 3581 1645 3635 illum
1663 3582 1750 3637 di-

177 3670 353 3723 ctione
378 3669 588 3739 inopem
615 3683 757 3737 esse,
783 3678 838 3723 et
860 3670 1294 3739 compositionem
1319 3672 1590 3726 nominum
1617 3673 1749 3727 sim-

178 3762 366 3829 pliccm
394 3776 455 3814 ac
482 3761 781 3825 remissam,
804 3760 928 3816 dum
952 3776 1021 3817 ne
1047 3762 1345 3832 cognitione
1369 3772 1423 3818 et
1441 3764 1746 3834 dogmatum

176 3851 510 3907 accurationc
529 3852 688 3907 idiota
707 3853 805 3919 sit;
825 3868 892 3907 ne
908 3853 1046 3919 idco,
1066 3863 1123 3907 ut
1138 3855 1400 3925 ignaviam
1421 3864 1747 3927 tegatsuam,

176 3943 332 3997 beato
357 3943 428 3996 illi
451 3942 588 4012 quod
612 3942 896 3999 maximum
921 3944 975 4001 in
997 3944 1150 4000 bouis
1173 3954 1253 4001 est
1278 3946 1591 4017 laudemque
1612 3964 1749 4018 pra:-

177 4033 384 4100 cipuatu
416 4031 638 4088 auferat.

250 4122 302 4174 7.
344 4119 563 4175 Paulum
593 4138 693 4176 non
717 4122 974 4177 miraculis
995 4125 1158 4177 solum
1185 4126 1453 4193 claruisse,
1483 4129 1572 4183 sed
1595 4129 1747 4184 etiam

177 4219 284 4263 arte
302 4210 517 4265 dicendi.
534 4240 605 4251 -—
620 4210 914 4274 Undenam,
934 4213 1176 4279 obsecro,
1200 4215 1411 4271 lndzeos
1436 4218 1743 4275 Damascum

181 4293 485 4346 incolentes
510 4292 760 4347 confudit
784 4293 923 4361 (Act.
940 4292 995 4346 9.
1020 4292 1138 4363 22),
1166 4309 1290 4348 cum
1315 4295 1560 4347 nondum
1584 4294 1756 4347 mira-

181 4385 304 4438 cula
330 4383 495 4438 edere
522 4383 815 4453 ctepisset?
844 4382 987 4439 unde
1006 4382 1337 4439 llellenistas
1359 4383 1489 4438 item
1511 4391 1757 4454 prostrao

179 4480 254 4532 vit
272 4480 297 4531 ἲ
314 4493 487 4547 quare
508 4476 742 4533 Tarsum
760 4477 965 4533 missus
984 4484 1068 4533 est
1091 4475 1200 4547 (Ib.
1223 4494 1271 4531 υ.
1298 4477 1388 4532 29.
1408 4476 1543 4546 30)?
1572 4493 1755 4533 nonne

178 4570 304 4640 quia
325 4569 375 4623 vi
396 4570 546 4625 verbi
567 4569 884 4638 superabat,
902 4577 957 4624 et
976 4570 1029 4623 in
1051 4577 1263 4623 tantum
1287 4569 1437 4639 ipsos
1451 4569 1751 4643 premebat,

179 4673 259 4723 ut,
294 4676 352 4715 se
380 4660 556 4714 victos
590 4675 713 4714 esse
743 4676 852 4714 non
889 4658 1147 4724 ferentes,
1182 4659 1248 4714 ad
1275 4661 1423 4717 illius
1452 4676 1639 4715 necem
1668 4662 1756 4716 iu-

178 4752 626 4807 llammarentur?
649 4751 785 4805 Tum
818 4752 965 4806 enim
1004 4752 1245 4806 nondum
1288 4752 1553 4810 miracula
1591 4753 1755 4807 edere

177 4853 423 4913 ceperat
472 4862 484 4897 :
529 4859 706 4914 neque
752 4844 927 4913 possit
971 4843 1246 4913 quispiam
1293 4844 1499 4907 dicere,
1551 4844 1753 4900 multos

180 4936 360 5005 ipsum
404 4935 476 4989 ob
528 4936 921 4991 miraculorum
975 4935 1207 5004 gloriam
1242 4934 1622 4989 admirandum
1655 4935 1752 4989 hac

178 5028 387 5091 bnisse,
416 5042 621 5094 eosque
640 5028 732 5096 qui
766 5042 889 5080 cum
925 5041 993 5080 co
1017 5006 1753 5096 pugnabatitviriexistinia;

178 5120 327 5172 tione
368 5118 538 5172 fuisse
568 5124 881 5186 prostratos
917 5135 930 5170 :
965 5132 1092 5171 nam
1124 5117 1189 5170 ad
1225 5117 1278 5172 id
1320 5132 1495 5186 usque
1533 5126 1751 5186 tempus

178 5209 448 5263 sermonis
482 5209 531 5261 vi
559 5209 874 5277 superabat.
900 5207 1177 5263 Adversus
1199 5222 1294 5263 eos
1314 5216 1494 5263 autem
1514 5208 1606 5278 qui
1640 5210 1753 5265 An-

178 5299 394 5353 tiochia:
416 5298 698 5367 judaizare
720 5297 1198 5368 aggrediehantur,
1227 5300 1505 5370 quomodo
1526 5302 1752 5357 dimica-

178 5388 270 5444 bat
289 5388 719 5459 disputabatque
740 5386 886 5459 (Gal.
904 5390 959 5441 2.
988 5388 1115 5454 ll)?
1135 5391 1461 5459 Areopagita
1485 5406 1615 5445 vero
1634 5391 1745 5455 ille,

178 5478 741 5547 superstitiosissima:
778 5479 928 5535 urbis
954 5479 1105 5533 illius
1135 5480 1294 5541 civis,
1322 5494 1502 5534 nonne
1531 5496 1596 5535 ex
1627 5481 1741 5536 sola

176 5573 295 5640 ejus
315 5572 583 5626 concione
613 5587 737 5625 cum
757 5587 928 5627 uxore
947 5580 1210 5641 sequutus
1229 5588 1353 5627 cum
1375 5580 1459 5627 est
1491 5571 1631 5643 (Act.
1659 5572 1742 5626 17.

242 5708 259 5770 Ρ
293 5709 387 5755 Alii
429 5704 656 5755 Isocratis
677 5704 987 5767 facundiam;
1013 5706 1114 5764 alii,
1138 5705 1342 5756 socratis
1360 5703 1657 5770 facundiam.

241 5769 261 5800 ⁵
293 5770 410 5822 Alli.
439 5770 824 5827 avuloqwmque.

1386 290 1474 346 ne
1511 288 1955 347 SACERDOTIO.
2000 293 2126 350 Lm.
2168 296 2254 367 tv.

3323 312 3425 369 (370

1851 400 1945 472 54)
1967 403 1991 455 ?
2017 403 2296 476 Eutychus
2319 415 2499 462 autem
2525 411 2798 478 quomodo
2824 411 2890 467 de
2910 407 3147 469 fenestra
3165 415 3423 485 delapsus

1851 497 1939 543 est
1974 491 2110 555 (Act.
2143 495 2233 548 ΞΟ.
2265 496 2363 563 9)?
2392 512 2571 551 nonne
2599 501 2729 567 quia
2761 516 2936 569 usque
2965 502 3032 553 ad
3068 503 3292 557 multam
3322 521 3422 557 no-

1851 584 1994 630 ctem
2029 578 2149 647 ejus
2194 580 2479 637 audiendm
2523 584 2785 640 doctrina:
2820 588 3084 641 vacabat?
3120 590 3263 653 Quid
3296 607 3425 645 vero

1853 662 2264 721 Thessalonicae
2302 676 2356 723 ct
2386 668 2676 725 Corinthi?
2703 674 2832 743 quid
2882 673 3104 744 Ephesi,
3131 684 3186 731 ct
3219 677 3274 731 in
3305 678 3423 747 ipsa

1851 748 2061 807 Roma?
2081 771 2263 811 nonne
2283 757 2400 813 dies
2421 770 2716 829 noctesque
2734 761 3043 817 insumebat
3062 764 3117 818 in
3145 780 3426 835 exponen-

1850 837 1936 892 dis
1959 841 2428 911 Scripturis?.lam
2453 847 2582 915 quid
2605 847 2813 903 dixeris
2831 848 2899 904 dc
2918 851 3066 906 illius
3092 852 3448 924 disputatio-,

1851 928 2013 984 nibus
2041 946 2166 985 cum
2204 931 2487 1000 Epicureis
2515 944 2570 991 et
2618 936 2823 992 Stoicis
2857 939 2965 1008 (Id.
3002 942 3089 1005 l7,
3127 942 3255 1011 18)?
3287 942 3423 998 Nam

1851 1015 1896 1069 si
1922 1019 2105 1072 omnia
2128 1034 2419 1077 recensere
2432 1024 2689 1085 velimus.
2709 1027 2926 1098 longius
2946 1038 3203 1085 excurret
3220 1032 3418 1086 oratio.

1850 1102 1986 1158 Cum
2016 1106 2202 1175 itaque
2229 1117 2284 1162 et
2315 1119 2441 1163 ante
2458 1111 2709 1181 signa,et
2733 1112 2785 1166 in
2814 1114 3007 1170 mediis
3044 1118 3217 1185 signis
3243 1118 3421 1187 ipsum

1854 1194 2024 1246 multa
2053 1196 2270 1251 dicendi
2296 1200 2346 1251 vi
2379 1216 2539 1255 usum
2564 1216 2687 1255 esse
2714 1203 2892 1271 palam
2911 1203 3005 1267 sit,
3030 1206 3309 1273 quomodo
3326 1207 3425 1261 ad-

1855 1279 1961 1333 huc
1977 1285 2215 1339 audeant
2236 1288 2457 1342 idiotam
2475 1288 2662 1343 dicere
2681 1306 2829 1354 cum,
2845 1291 2936 1361 qui
2954 1292 3425 1362 diSputationihus

1853 1374 1907 1419 ct
1928 1371 2289 1426 concionibus
2318 1390 2567 1443 magnam
2592 1376 2695 1432 sibi
2720 1378 2862 1446 apud
2888 1394 3082 1435 omnes
3105 1379 3424 1435 admiratio-

1853 1469 1974 1509 nem
1995 1459 2744 1532 conciliavit?CurLycaones
2758 1465 2935 1532 ipsum
2955 1464 3282 1522 Mercurium
3301 1486 3428 1525 esse

1852 1544 2119 1613 suspicati
2151 1554 2281 1599 sunt
2309 1546 2645 1619 (.4ct.l4.ll)
2666 1552 2688 1603 ἲ
2713 1550 2846 1605 Nam
2868 1554 3013 1621 quod
3030 1555 3102 1608 dii
3124 1571 3247 1611 esse
3264 1566 3422 1627 puta-

1850 1640 2063 1693 rentur,
2088 1631 2142 1686 id
2168 1648 2232 1686 ex
2262 1634 2438 1703 signis
2461 1636 2830 1705 efﬁciebatur;
2860 1640 3006 1707 quod
3032 1658 3162 1695 vero
3189 1642 3420 1698 Paulum

1851 1713 2177 1771 Mercurium
2199 1735 2323 1775 esse
2344 1730 2619 1791 putarent,
2643 1725 2693 1778 id
2718 1741 2827 1779 non
2861 1727 3164 1797 signorum,
3184 1730 3278 1785 sed
3304 1732 3417 1785 clo-

1845 1805 2085 1885 quentia:
2104 1821 2270 1862 causa
2293 1810 2496 1866 evenit.
2520 1810 2698 1876 Quare
2722 1812 2914 1868 beatus
2936 1813 3024 1866 ille
3046 1815 3129 1866 vir
3146 1829 3419 1886 praeroga-

1849 1893 2013 1946 tivam
2036 1895 2420 1953 intcrczeteros
2439 1901 2719 1969 apostolos
2746 1902 3113 1957 habuit?unde
3131 1912 3415 1973 pertotmn

1844 1978 2033 2033 orbem
2062 1982 2267 2037 multus
2292 1984 2344 2036 in
2381 1986 2627 2039 omnium
2653 2001 2749 2041 ore
2776 1990 3069 2043 versatur?
3094 1988 3275 2055 Quare
3300 2005 3412 2047 non

1844 2067 1985 2134 apud
2018 2084 2118 2123 nos
2153 2071 2335 2133 modo,
2367 2073 2459 2127 sed
2491 2082 2546 2129 et
2572 2074 2948 2144 apudludaeos
2972 2087 3028 2131 et
3050 2077 3274 2135 Grtccos
3304 2097 3415 2134 ma-

1844 2155 1988 2210 xime
2016 2159 2261 2213 omnium
2294 2160 2642 2215 admirationi
2677 2163 2949 2219 habetur?
2976 2181 3163 2243 nonne
3190 2183 3256 2222 ex
3282 2167 3413 2238 Epic

1842 2243 2107 2297 stolarum
2124 2246 2347 2304 virtute.
2367 2264 2473 2316 qua
2494 2266 2601 2304 non
2624 2250 2692 2305 iis
2710 2252 2913 2316 solum,
2942 2254 3034 2322 qui
3061 2270 3206 2308 nunc
3231 2266 3410 2318 erant,

1842 2328 2116 2395 fidelibus,
2149 2333 2421 2387 sedetiam
2455 2336 2543 2397 iis,
2573 2338 2666 2405 qui
2696 2336 2765 2390 ab
2800 2338 2893 2392 illo
2928 2345 3171 2410 tempore
3194 2342 3248 2394 in
3271 2341 3419 2397 hunc

1843 2432 2018 2487 usque
2038 2420 2181 2475 diem
2201 2420 2373 2483 fuere,
2398 2424 2539 2479 etiis
2561 2424 2653 2494 qui
2670 2432 2795 2493 post
2818 2424 2987 2481 futuri
3011 2435 3139 2481 sunt
3162 2428 3420 2500 usquead

1840 2503 2200 2562 novissimum
2215 2508 2421 2564 Christi
2439 2510 2752 2572 adventum.
2771 2512 2975 2581 profuit
2990 2514 3420 2586 profuturusque

1840 2594 2298 2663 est,necjuvandi
2320 2596 2481 2652 linem
2510 2597 2695 2663 laciet,
2718 2598 2895 2655 donec
2925 2601 3225 2657 humanum
3245 2618 3420 2673 genus

1841 2683 2248 2749 permanserit?
2280 2682 2752 2750 Quemadmodum
2790 2688 2937 2742 enim
2971 2704 3166 2744 murus
3195 2705 3260 2744 ex
3287 2690 3421 2743 ada-

1840 2778 2026 2826 mante
2052 2779 2429 2836 constructus,
2455 2772 2538 2828 sic
2572 2774 2778 2844 scripta
2801 2773 2923 2843 ejus
2945 2775 3235 2831 universas
3267 2777 3418 2833 orbis

1840 2856 2116 2913 Ecclesias
2143 2859 2641 2915 circummuniunt:
2660 2862 2888 2931 ipseque
2916 2863 3095 2918 instar
3124 2863 3414 2921 fortissimi

1843 2943 2063 2999 athleta:
2086 2953 2194 2999 stat
2210 2947 2510 3000 etiamnum
2534 2947 2769 3010 medius,
2785 2949 3059 3019 captivam
3084 2948 3295 3005 ducens
3309 2965 3420 3005 om-

1842 3045 1967 3085 nem
2022 3033 2415 3102 cogitationem
2448 3032 2503 3087 in
2539 3034 2909 3089 obedientiam
2942 3034 3170 3101 Christi,
3221 3044 3277 3092 et
3317 3036 3414 3091 de-

1843 3126 2067 3174 struens
2100 3133 2316 3173 omnem
2347 3118 2729 3174 celsitudinem
2761 3122 3065 3176 elevantem
3115 3136 3176 3177 se
3225 3130 3421 3177 contra

1842 3204 2213 3275 cognitionem
2253 3205 2346 3261 Dei
2376 3207 2454 3271 (2.
2488 3206 2616 3261 Cor.
2646 3207 2737 3263 10.
2769 3209 2846 3277 5).
2876 3207 3003 3263 llaec
3035 3223 3202 3278 porro
3231 3210 3419 3264 omnia

1841 3300 2105 3362 aperatur
2133 3308 2231 3364 per
2258 3293 2611 3349 admirandas
2641 3294 2763 3349 illas
2793 3294 3066 3363 Epistolas
3094 3295 3277 3351 divina
3305 3297 3421 3367 ple-

1842 3396 1943 3436 nas
1972 3380 2266 3450 sapientia,
2296 3395 2438 3451 quas
2464 3382 2689 3450 reliquit
2714 3383 2895 3437 nobis.
2926 3380 3113 3453 Neque
3136 3382 3315 3439 solum
3341 3398 3372 3437 a
3395 3384 3409 3437 l

1842 3468 2097 3537 dogmata
2148 3469 2338 3537 spuria
2389 3467 2725 3523 confutanda
2775 3484 3147 3538 germanaque
3194 3470 3425 3524 tutanda

1845 3554 2040 3610 idonea
2063 3564 2194 3611 sunt
2221 3557 2344 3626 ejus
2374 3557 2603 3626 scripta,
2626 3556 2721 3611 sed
2748 3557 2912 3611 etiam
2938 3557 3003 3611 ad
3033 3557 3231 3612 bonam
3254 3557 3425 3611 vitam

1846 3642 2243 3698 instituendam
2258 3659 2369 3697 non
2384 3644 2624 3699 minima:
2639 3644 2890 3698 utilitatis
2903 3643 3264 3699 sunt.llorum
3280 3646 3427 3699 enim

1844 3729 2096 3784 subsidio
2119 3730 2388 3801 hodieque
2412 3730 2780 3785 Ecclesiarum
2808 3731 3054 3801 praefecti
3081 3738 3300 3786 utentes
3316 3731 3425 3785 vir-

1844 3818 2025 3887 ginem
2052 3828 2285 3884 castam,
2317 3834 2481 3890 quam
2518 3820 2609 3874 ille
2635 3818 2859 3873 Christo
2881 3818 3160 3888 adaptavit
3183 3818 3259 3887 (2.
3284 3817 3410 3873 Cor.

1846 3917 1933 3973 11.
1963 3915 2043 3987 2),
2075 3914 2413 3970 concinnant
2442 3910 2860 3980 cfformantque,
2892 3921 2947 3965 et
2974 3909 3040 3964 ad
3075 3909 3418 3980 spiritualem

1848 4005 2319 4079 pulchritudinem
2347 4004 2646 4061 deducunt.
2689 4003 2786 4058 His
2814 4004 2941 4057 item
2972 4003 3245 4056 irruentes
3270 4000 3326 4054 in
3360 4000 3426 4054 il-

1846 4096 1951 4154 lam
1969 4099 2191 4154 morbos
2214 4096 2510 4167 dcpellunt,
2536 4106 2858 4165 partamque
2880 4094 3166 4149 sanitatem
3193 4106 3421 4147 conscr-

1846 4202 2002 4247 vant.
2034 4189 2190 4245 Talia
2217 4191 2378 4244 nobis
2407 4190 2577 4243 idiota
2611 4189 2702 4243 ille
2729 4187 2968 4243 remedia
2996 4184 3239 4256 reliquit,
3268 4191 3423 4237 tanta

1845 4286 2051 4341 virtute
2079 4284 2584 4356 prasdita,quorum
2608 4281 3000 4352 experientiam
3026 4279 3224 4334 habent
3241 4278 3334 4348 qui
3364 4277 3429 4329 il-

1847 4380 1915 4435 lis
1939 4377 2255 4448 frequenter
2273 4385 2525 4431 utuntur.
2556 4374 2713 4441 Quod
2731 4385 2908 4430 autem
2935 4374 3027 4427 ille
3054 4372 3157 4426 hac
3190 4370 3246 4425 in
3271 4377 3430 4440 parte

1847 4486 2099 4541 magnam
2131 4469 2559 4525 sollicitudinem
2587 4468 2854 4539 posuerit,
2880 4465 3006 4520 hinc
3028 4465 3205 4534 palam
3227 4471 3332 4519 cst.

1934 4668 1985 4723 8.
2030 4667 2249 4722 Paulum
2268 4668 2322 4722 id
2350 4685 2379 4720 a
2410 4669 2549 4721 nobis
2576 4685 2769 4737 quoque
2797 4667 2921 4721 velle
2947 4670 3179 4721 exerceri.
3202 4699 3271 4709 —-
3294 4666 3430 4725 Audi

1863 4773 1991 4812 vero
2017 4758 2141 4827 quid
2168 4758 2219 4810 in
2251 4758 2481 4827 Epistula
2513 4774 2604 4811 sua
2632 4758 2890 4827 discipulo
2913 4758 3053 4812 dicat
3078 4777 3091 4811 :
3118 4759 3329 4812 Attende
3355 4759 3430 4812 le-

1863 4848 2034 4911 ctioni,
2054 4847 2406 4909 exltortationi,
2430 4848 2703 4911 doctrinm;
2720 4849 2869 4916 cujus
2888 4848 2962 4902 rei
2986 4847 3210 4902 fructum
3228 4849 3429 4917 adjicit,

1863 4940 2045 4995 dicens
2076 4958 2088 4992 :
2126 4939 2237 4993 Hoc
2261 4940 2391 4992 enim
2420 4940 2628 5009 faciens,
2656 4950 2702 4993 et
2731 4943 2942 5008 teipsum
2965 4940 3160 4993 salvum
3184 4941 3356 5011 facies,
3388 4950 3433 4993 et

1864 5048 1946 5086 eos
1966 5031 2053 5101 qui
2079 5040 2125 5084 te
2147 5029 2356 5083 audiunt
2385 5030 2457 5102 (1.
2483 5030 2612 5083 Tim.
2638 5034 2690 5083 4.
2727 5030 2831 5099 16).
2861 5031 2937 5083 Ac
2968 5046 3199 5097 rursum,
3222 5031 3433 5086 Servum

1864 5116 2069 5170 Domini
2109 5133 2210 5169 non
2253 5126 2445 5185 oportet
2483 5114 2704 5185 litigare,
2736 5117 2824 5169 sed
2865 5127 3174 5169 mansuetum
3218 5133 3331 5170 esse
3366 5119 3434 5169 all

1865 5224 2069 5274 omnes,
2097 5207 2389 5272 docibilem,
2420 5208 2682 5276 patientem
2705 5206 2779 5278 (2.
2814 5206 2944 5259 Tim.
2974 5206 3029 5260 2.
3057 5207 3171 5277 24).
3202 5210 3279 5262 Ac
3308 5222 3431 5276 pro-

1864 5314 2079 5369 gressus
2107 5299 2182 5353 ait
2212 5316 2225 5351 :
2263 5296 2338 5351 Tu
2376 5313 2489 5351 vero
2527 5296 2841 5368 permane'in
2865 5298 2927 5351 iis
2951 5339 2964 5362 ,
2993 5315 3106 5368 qua:
3132 5299 3351 5351 didicisti
3388 5309 3434 5352 ct

1864 5393 2053 5444 credita
2082 5400 2195 5444 sunt
2226 5391 2345 5453 tibi,
2376 5391 2535 5443 sciens
2560 5405 2590 5441 a
2618 5406 2714 5458 quo
2740 5390 2973 5443 didiceris
2992 5431 3006 5449 .
3040 5400 3084 5442 et
3114 5389 3231 5457 quia
3263 5389 3325 5442 ab
3351 5390 3433 5441 in-

1810 5546 1815 5549 Α
1867 5484 2027 5554 fantia
2063 5498 2234 5535 sacras
2275 5480 2443 5534 literas
2480 5481 2631 5545 nosti,
2656 5497 2766 5550 qua:
2799 5490 2845 5534 te
2880 5481 3066 5550 possint
3101 5482 3345 5534 instruere
3367 5480 3435 5534 ad

1866 5574 2079 5625 salutem
2130 5570 2257 5640 (Id.
2296 5572 2347 5624 ὃ.
2388 5572 2473 5625 ll.
2520 5570 2646 5640 15).
2692 5573 2767 5625 Ac
2817 5587 3029 5635 rursus,
3084 5570 3260 5629 Omnis
3309 5571 3436 5623 scri-

1869 5674 2017 5732 ptura
2042 5662 2277 5715 divinitus
2300 5662 2561 5729 inspirata,
2588 5660 2772 5729 inquit,
2802 5663 2937 5714 utilis
2959 5670 3027 5714 cst
3049 5660 3117 5713 ad
3137 5661 3432 5726 docendum,

1870 5758 1934 5811 ad
1977 5753 2285 5825 arguentium
2311 5794 2324 5820 ,
2357 5751 2425 5807 ad
2465 5753 2868 5822 corripiendum,
2910 5754 2976 5807 ad
3021 5754 3346 5808 t-rudiendmu
3389 5759 3438 5809 in
