3890 6220
433 273 528 326 6⁷1
1137 275 1196 332 8.
1232 273 1510 332 ΙΟΑΝΝΙΞ
1545 272 2018 332 CIIRYSOSTORI

2132 271 2371 330 me.
2409 269 2946 357 consumma.

433 385 648 452 iustitia,
665 395 725 441 ut
744 385 1000 458 perfectus
1025 387 1090 442 sit
1113 389 1265 443 Itotno
1287 387 1476 456 θείω.
1502 387 1634 443 Tim.
1651 389 1710 444 3.
1738 387 1848 459 16).
1881 387 2018 443 Audi

437 477 564 532 item
583 477 712 547 quid
731 476 854 532 Tito
873 477 942 533 de
955 477 1331 550 episcopum
1352 480 1727 535 constitutione
1746 478 2018 534 disserens

435 567 671 624 declaret
699 584 715 621 :
745 565 953 638 Oportet
988 569 1172 634 enim,
1205 567 1374 639 inquit
1398 609 1415 636 ,
1444 570 1736 640 episcopum
1779 568 2020 638 amplecti

436 675 571 722 cum,
592 659 680 729 qui
702 659 976 714 secundum
1001 658 1282 713 doctrinam
1301 669 1400 724 est,
1421 659 1622 729 fidelem
1637 673 1941 725 sermonem,
1963 668 2022 715 ut

437 749 596 820 possit
621 765 743 816 eos,
769 749 1505 821 quiantradicunt,orguere
1531 745 1674 821 (Tit.
1703 751 1758 806 l.
1780 750 1818 807 9
1845 749 1888 821 ).
1918 749 2021 818 Qui

435 855 564 908 ergo
585 837 751 893 idiota
770 879 790 906 ,
821 847 876 892 ut
903 837 960 892 bi
992 836 1206 901 dicunt,
1231 837 1660 895 contradicentes
1695 851 1924 910 arguere
1957 847 2018 895 et

438 929 725 985 reti-amare
739 927 974 999 poterit?
989 930 1256 998 Quanam
1277 929 1551 986 attendere
1569 931 1781 986 lectioni
1797 938 1852 986 et
1871 930 2016 987 Seri-

439 1021 610 1092 pturis
627 1061 644 1087 ,
673 1020 718 1075 si
747 1033 808 1076 ea
845 1021 1002 1076 nobis
1031 1021 1326 1091 ignorantia
1353 1020 1720 1092 amplectenda
1749 1021 1870 1076 est?
1899 1019 2026 1076 llaec

440 1111 691 1168 domnus
726 1120 851 1168 eam
877 1119 936 1166 et
972 1119 1260 1182 praetextus
1283 1153 1299 1176 ,
1330 1125 1395 1168 ac
1417 1111 1660 1182 segnitiei
1693 1109 2025 1182 ignaviaeque

441 1202 834 1257 excusationes.
868 1200 1065 1256 Verum
1087 1241 1103 1268 ,
1130 1201 1338 1272 inquies
1360 1242 1377 1270 ,
1405 1201 1519 1257 hare
1542 1201 1805 1272 episcopis
1830 1201 2024 1270 prmci-

443 1292 660 1361 piuntur
683 1309 698 1346 :
721 1303 846 1346 nam
864 1291 935 1346 de
957 1292 1226 1362 episcopis
1245 1293 1398 1348 nobis
1419 1292 1529 1362 jam
1550 1300 1851 1348 esttsertno.
1867 1287 2026 1358 Quod

443 1371 706 1439 autemet
721 1383 950 1438 subditis
969 1383 1194 1454 idipsum
1220 1383 1522 1451 conveniat,
1545 1383 1665 1438 audi
1688 1383 1812 1454 quid
1841 1380 1897 1438 in
1921 1378 2024 1436 alia

445 1469 681 1542 Epistula
723 1469 841 1528 aliis
877 1471 1062 1527 dicat:
1099 1467 1314 1526 Verbum
1355 1471 1540 1526 Christi
1579 1471 1766 1526 habitet
1801 1471 1856 1526 in
1891 1469 2028 1526 vobis

443 1560 761 1616 abundanter
785 1562 838 1620 in
863 1563 1002 1617 omni
1026 1561 1274 1632 sapiattia
1301 1561 1529 1635 (Coloss.
1557 1563 1609 1619 3.
1643 1561 1782 1635 l6);
1811 1577 1875 1618 ac
1903 1577 2027 1618 rur-

445 1667 562 1708 sum
593 1670 609 1707 :
637 1649 818 1708 Sermo
842 1663 1000 1725 uester
1023 1666 1218 1725 seraper
1253 1653 1306 1708 in
1333 1655 1498 1724 gratia
1521 1653 1628 1708 sale
1657 1654 1722 1707 sit
1750 1653 1982 1708 conditus
2001 1693 2022 1720 ,

444 1747 500 1796 ut
533 1741 708 1798 sciatis
741 1742 991 1813 quomodo
1030 1753 1256 1814 aporteat
1295 1759 1380 1798 vos
1415 1742 1682 1814 unicuique
1717 1743 2022 1812 respondere

447 1831 554 1902 (Id.
607 1833 661 1888 ι.
707 1833 786 1906 li).
814 1833 930 1892 1am
955 1834 1097 1906 quod
1147 1833 1271 1890 velit
1307 1835 1374 1890 ad
1427 1835 1852 1906 respondendum
1907 1850 2028 1892 esse

447 1934 685 1995 paratos,
715 1922 768 1981 id
785 1927 1030 1987 omnibus
1053 1926 1246 1984 dicitur
1275 1928 1352 2001 (l.
1377 1926 1516 1984 Petr.
1543 1927 1729 1998 3.15).
1755 1927 1836 1983 Ad
1860 1927 2029 1986 Thes-

447 2014 812 2072 salonicenses
836 2031 988 2084 vero,
1022 2015 1322 2088 JEdi/icate,
1349 2018 1537 2088 inquit,
1559 2019 1878 2086 alterutrum,
1901 2019 2030 2074 sicut

449 2113 496 2158 et
518 2103 687 2174 facitis
712 2101 978 2185 (LThess.
993 2107 1048 2162 5.
1073 2107 1184 2178 ll).
1215 2105 1346 2164 Cum
1373 2119 1548 2164 autem
1575 2109 1642 2164 de
1665 2108 2030 2165 sacerdotibus

449 2193 610 2248 verba
633 2189 777 2260 facit,
801 2195 898 2261 Qui
919 2196 1044 2251 bene
1063 2207 1288 2268 prmum
1311 2198 1606 2270 presbyteri,
1628 2200 1817 2269 inquit,
1839 2198 2030 2270 duplici

450 2286 640 2340 honore
661 2286 798 2358 digni
825 2271 1117 2355 habeantur,
1145 2291 1362 2346 maxime
1383 2292 1468 2358 qui
1490 2291 1720 2347 laborant
1744 2291 1797 2346 in
1816 2291 1961 2346 verba
1980 2303 2030 2348 et

451 2376 681 2432 doctrina
733 2376 780 2450 (l
812 2377 943 2434 Tim.
963 2380 1015 2436 5.
1041 2381 1152 2452 l7).
1175 2381 1386 2437 Etenim
1410 2381 1495 2438 hic
1511 2391 1594 2438 est
1615 2382 2030 2452 perfectissimus

449 2467 706 2524 doctrina:
732 2471 1010 2538 terminus,
1039 2488 1158 2528 cum
1186 2483 1239 2528 et
1261 2473 1514 2544 operibus
1539 2483 1594 2529 et
1615 2477 1776 2532 dictis
1803 2477 1914 2532 suis
1941 2476 2028 2532 di-

450 2559 685 2627 scipulos
713 2559 768 2614 in
797 2560 1000 2615 beatam
1037 2577 1066 2614 a
1097 2561 1312 2617 Christo
1337 2563 1630 2618 institutam
1661 2565 1822 2620 vitam
1855 2565 2030 2621 deda-

449 2656 600 2704 cunt.
625 2647 808 2718 Neque
835 2650 976 2704 enim
1008 2650 1141 2705 facta
1171 2651 1443 2708 sufficiunt
1467 2652 1535 2708 ad
1562 2653 1880 2710 docendum.
1909 2653 2028 2711 Non

453 2753 607 2792 meus
629 2749 712 2794 est
730 2754 928 2806 sermo,
952 2740 1046 2796 sed
1075 2741 1241 2812 ipsius
1263 2741 1562 2799 Servatoris
1583 2759 1599 2798 :
1620 2745 1722 2810 Qui
1743 2745 1910 2810 enim,
1931 2745 2027 2813 ait,

451 2827 620 2898 fecerit
645 2838 692 2883 et
713 2830 957 2897 docuerit,
983 2832 1064 2886 hic
1087 2849 1298 2904 magnus
1322 2833 1578 2888 vocabitur
1597 2833 1814 2905 (lauit.
1837 2835 1892 2892 5.
1917 2835 2027 2906 l9).

449 2919 584 2976 Nam
609 2920 655 2976 si
687 2921 866 2978 facere
893 2925 1030 2979 idem
1049 2933 1199 2980 esset
1225 2926 1365 2995 quod
1393 2925 1587 2982 docere
1607 2967 1622 2993 ,
1655 2927 1921 2996 superﬂue
1942 2941 2031 2984 se-

451 3013 681 3068 cundum
721 3014 850 3071 illud
895 3017 1212 3086 adderetur;
1253 3021 1384 3076 satis
1425 3021 1566 3077 enim
1605 3021 1792 3078 fuisset
1827 3023 2030 3078 dixisse

450 3111 653 3161 unum
673 3147 689 3171 .
741 3101 849 3168 Qui
864 3105 1230 3174 Merit-Nunc
1254 3127 1380 3167 vero
1403 3115 1544 3184 quod
1575 3115 1712 3169 inter
1739 3123 2025 3184 utrumque

448 3194 758 3268 distinguat,
791 3199 1024 3255 ostendit
1042 3239 1059 3264 ,
1087 3201 1220 3256 alias
1245 3216 1366 3258 esse
1391 3218 1614 3273 operum
1657 3213 1834 3274 partes
1851 3247 1868 3269 ,
1898 3205 2031 3258 alias

451 3287 734 3352 sermonis,
758 3288 930 3359 adque
950 3290 1234 3358 perfectam
1255 3293 1660 3350 aediﬁcationem
1679 3310 1841 3350 unum
1863 3296 2032 3350 altero

447 3373 712 3451 indigere.
754 3378 944 3432 Annon
977 3379 1132 3434 audis
1163 3382 1288 3451 quid
1319 3382 1668 3452 Ephesiorum
1703 3384 2031 3456 presbyteris

451 3464 594 3520 dicat
617 3481 709 3522 vas
734 3467 860 3522 illud
887 3469 1114 3525 electum
1142 3471 1380 3528 Christi?
1409 3474 1626 3544 PrOpter
1647 3477 1802 3546 quod,
1829 3476 2020 3546 inquit,

451 3555 672 3626 vigilate,
696 3559 936 3614 meritoria
957 3561 1242 3630 retinentes,
1263 3565 1500 3632 quoniam
1521 3583 1611 3637 per
1635 3567 1904 3622 triennium
1929 3581 2030 3622 non

453 3647 642 3700 cessari
661 3688 676 3712 ,
707 3665 823 3704 cum
865 3650 1102 3722 lacrymis
1141 3669 1346 3710 monens
1385 3672 1784 3713 ununtauemaue
1814 3667 2030 3712 oestrum

3595 270 3713 326 σῃ

2123 385 2282 457 (Aet.
2313 385 2404 442 eo.
2429 385 2494 442 st
2525 384 2570 453 ).
2608 383 2741 440 Nam
2771 384 3066 456 quid'opus
3097 368 3388 456 lacrymis,
3415 383 3496 440 τοι
3530 385 3714 442 νει-ωε

2121 475 2544 531 malumne
2562 515 2585 542 .,
2625 475 2739 531 vita
2773 475 2832 530 in
2869 475 2968 530 illo
2994 473 3285 544 apostolica
3320 475 3393 530 ita
3435 473 3716 544 fulgente?

2123 565 2230 621 Sed
2263 565 2330 620 ad
2359 575 2746 636 praceptorum
2765 564 3200 622 oltscrvatienem
3241 565 3295 622 id
3329 565 3484 622 nobis
3515 567 3714 622 adule-

2121 655 2249 710 dum
2271 654 2518 712 conferre
2541 657 2744 726 possit;
2765 671 2946 726 neque
2969 657 3112 712 enim
3136 656 3309 727 ipsum
3325 655 3504 714 solum
3523 657 3714 713 omnia

2124 757 2382 820 pratstare
2411 764 2568 820 posse
2593 748 2841 804 dixerim.

2193 841 2251 898 9.
2289 841 2553 908 Quantum
2581 841 2824 895 damnum
2851 856 2915 894 ea:
2935 839 3224 911 ignorantia
3243 839 3620 911 episcoporum.
3644 871 3719 882 —

2123 929 2255 986 Cum
2279 940 2458 986 autem
2495 931 2566 986 de
2605 930 2942 1000 dogmatibus
2973 937 3244 986 certamen
3273 929 3461 998 fuerit,
3489 945 3715 986 omnes-

2126 1039 2230 1095 que
2255 1023 2328 1076 ab
2355 1022 2542 1078 iisdem
2569 1022 2861 1091 Scripturis
2881 1021 3277 1087 dimicaverit",
3303 1037 3464 1090 quam
3485 1021 3592 1076 vim
3627 1023 3720 1077 hic

2127 1116 2250 1168 vita:
2269 1113 2570 1167 instituunt
2601 1111 2862 1168 exhibere
2889 1109 3093 1180 possit?
3115 1111 3252 1178 Quid
3279 1110 3522 1166 utilitatis
3545 1111 3720 1167 sudo-

2128 1216 2216 1258 res
2249 1203 2407 1257 multi
2444 1201 2688 1268 aderant,
2718 1219 2838 1258 cutn
2877 1210 3000 1272 post
3037 1211 3212 1257 tantes
3243 1201 3362 1257 illos
3395 1201 3610 1258 labores
3645 1217 3718 1257 ex

2127 1306 2318 1363 magna
2338 1307 2437 1346 sua
2463 1292 2730 1363 immitia
2752 1293 2877 1362 quis
2905 1293 2956 1346 in
2980 1291 3234 1347 heresim
3263 1291 3475 1362 lapsus,
3509 1293 3577 1346 ab
3605 1292 3719 1346 Ec-

2127 1385 2309 1441 clesiae
2339 1395 2570 1455 corpore
2609 1384 2878 1440 abscissus
2923 1382 3120 1439 fuerit?
3159 1381 3302 1454 quod
3342 1382 3556 1454 quidem
3593 1381 3723 1438 scio

2128 1477 2310 1532 multis
2330 1476 2604 1532 accidisse.
2619 1475 2776 1544 Quod
2798 1475 3004 1530 lucrnm
3031 1474 3129 1544 ipsi
3153 1488 3221 1530 ex
3247 1471 3560 1528 tolerantia?
3579 1471 3718 1528 Nul-

2130 1567 2240 1624 lutn
2273 1585 2288 1622 :
2315 1567 2456 1624 sicut
2489 1580 2590 1622 nec
2617 1581 2688 1620 ex
2711 1581 2841 1620 sana
2871 1565 2976 1621 lide
2997 1605 3016 1633 ,
3045 1565 3089 1619 si
3119 1564 3226 1620 vita
3253 1571 3500 1635 compta
3525 1562 3714 1618 fuerit.

2130 1659 2224 1716 Itis
2267 1673 2398 1715 sane
2433 1658 2502 1714 de
2537 1657 2717 1714 causis
2759 1657 2946 1712 barum
2984 1655 3436 1712 concertationem
3477 1655 3724 1712 maxime

2126 1749 2368 1806 omnium
2401 1749 2630 1820 peritu
2658 1762 2780 1804 esse
2807 1757 3057 1819 oportet,
3085 1763 3207 1804 eum
3236 1748 3324 1819 qui
3355 1747 3584 1803 aliorum
3614 1746 3721 1803 do-

2129 1840 2420 1898 cendorum
2447 1853 2642 1895 munus
2668 1839 2888 1895 sonitus
2910 1845 3012 1894 est.
3035 1837 3168 1894 Nam
3197 1838 3404 1894 etiamsi
3431 1845 3576 1894 tutus
3599 1837 3724 1908 ipse

2131 1939 2335 2001 perstet
2355 1970 2373 1992 .
2412 1930 2544 1986 nihil
2581 1931 2651 1984 ab
2689 1928 3010 1986 adversariis
3044 1929 3207 1984 lscsns
3227 1971 3242 1993 ,
3284 1937 3343 1985 at
3377 1928 3723 1984 subditorum

2130 2022 2514 2094 simpliciorum
2532 2021 2833 2088 multitudo,
2849 2035 2971 2076 cum
2986 2020 3178 2076 viderit
3193 2020 3384 2077 ducem
3403 2030 3722 2092 cupa-stum

2130 2113 2262 2168 nihil
2305 2126 2462 2182 posse
2498 2109 2816 2168 adversariis
2849 2124 3122 2180 opponere
3139 2149 3158 2176 ,
3203 2125 3310 2166 non
3349 2110 3725 2166 inﬁrmitatem

2130 2201 2286 2273 ejus,
2328 2201 2423 2257 sed
2467 2199 2732 2271 dogmatis
2769 2199 3184 2255 imbecillitatem
3225 2208 3550 2270 prostratam
3591 2214 3726 2257 esse

2130 2307 2201 2364 pu
2211 2292 2396 2347 tabunt
2423 2309 2436 2344 :
2463 2301 2624 2361 atque
2643 2291 2712 2346 ob
2731 2289 2890 2344 unius
2912 2289 3229 2358 imperitiam
3257 2289 3454 2344 multus
3478 2291 3719 2360 populus

2131 2382 2188 2436 in
2205 2391 2496 2436 extremam
2517 2379 2805 2450 perniciem
2824 2377 3092 2448 dejicitur.
3117 2377 3336 2434 Etiamsi
3359 2381 3501 2434 enim
3521 2394 3583 2434 ac
3602 2395 3723 2436 non

2130 2473 2556 2530 adversariorum
2584 2473 2638 2526 in
2664 2477 2841 2540 partes
2866 2469 3144 2540 recipiant,
3171 2479 3404 2524 attamen
3426 2469 3499 2526 de
3515 2471 3728 2540 quibus

2131 2567 2400 2624 conlidere
2428 2577 2715 2638 poterant,
2743 2566 2812 2623 de
2836 2565 3026 2623 iisdem
3053 2563 3296 2620 dubitare
3317 2575 3587 2634 cognmu
3617 2583 3642 2622 :
3663 2577 3729 2625 et

2132 2659 2199 2714 iis
2221 2700 2236 2724 ,
2267 2675 2388 2729 qua:
2428 2672 2550 2715 cum
2589 2659 2904 2714 inconcussa
2934 2657 3040 2713 ﬁde
3065 2657 3302 2712 adierant
3323 2696 3342 2724 ,
3369 2670 3493 2711 cum
3523 2656 3726 2712 eadem

2127 2749 2237 2820 jam
2263 2751 2510 2806 firmitate
2534 2750 2814 2806 adltmrere
2841 2765 2948 2804 non
2977 2758 3199 2820 possunt
3227 2767 3244 2805 :
3275 2749 3369 2804 sed
3401 2757 3547 2804 tanta
3575 2758 3726 2804 tem-

2133 2851 2312 2912 pestas
2333 2855 2516 2896 eorum
2543 2841 2682 2897 inest
2697 2841 2909 2909 animis,
2929 2841 3087 2912 idque
3103 2855 3172 2897 ex
3191 2840 3424 2896 doctoris
3443 2840 3518 2895 tui
3539 2839 3724 2907 clade,

2134 2941 2192 2988 ut
2217 2933 2269 2988 in
2298 2931 2626 3002 naufragium
2653 2932 2866 2988 tandem
2895 2932 3182 3002 pessimum
3211 2930 3480 2987 desinant.
3502 2931 3726 2998 Quanta

2134 3040 2267 3081 vero
2309 3025 2604 3095 pernicies,
2648 3033 2982 3095 quantusque
3019 3022 3158 3094 ignis
3183 3022 3236 3078 in
3260 3022 3518 3078 miserum
3556 3029 3730 3092 caput

2134 3113 2277 3170 illius
2303 3127 2402 3184 pro
2425 3115 2648 3186 singulis
2674 3113 3019 3185 pereuntibus
3039 3122 3425 3178 coarcervetur,
3449 3127 3560 3168 non
3580 3127 3727 3184 opus

2133 3213 2216 3260 est
2233 3213 2294 3260 ut
2319 3220 2350 3258 a
2369 3219 2456 3260 me
2474 3204 2669 3271 discas,
2690 3219 2811 3260 cum
2833 3204 3009 3258 omnia
3030 3210 3275 3260 accurate
3299 3203 3458 3258 scias.
3481 3202 3727 3258 Httccine

2135 3294 2294 3364 igitur
2319 3303 2403 3350 est
2427 3293 2766 3364 arrogantiae,
2794 3293 3016 3350 hoccine
3041 3308 3192 3348 vanae
3217 3293 3420 3364 gloriat,
3445 3293 3593 3364 quod
3623 3310 3728 3348 no-

2135 3383 2323 3439 luerim
2372 3393 2450 3439 tot
2495 3383 2769 3438 hominum
2811 3383 3064 3454 perniciei
3099 3397 3258 3439 causa
3293 3397 3452 3447 esse,
3489 3392 3550 3437 et
3585 3382 3728 3439 mihi

2136 3474 2306 3544 majus
2333 3474 2606 3530 attrahere
2629 3473 2967 3544 supplicium,
2988 3489 3147 3544 quam
3177 3472 3228 3528 id
3253 3471 3394 3543 quod
3419 3473 3724 3542 repositum

2135 3566 2256 3622 est?
2279 3566 2473 3636 Ecquis
2497 3565 2611 3620 bare
2633 3565 2856 3621 dixerit?
2875 3579 3052 3632 nemo,
3073 3565 3172 3618 nisi
3199 3563 3395 3619 frustra
3419 3565 3726 3631 criminari,

2137 3667 2192 3712 et
2219 3659 2271 3712 in
2301 3659 2488 3713 alienis
2513 3656 2902 3712 calamitatibus
2927 3655 3289 3728 philosonbari
3317 3657 3464 3712 velit.

453 3773 3702 3806 mw

1410 3864 1880 3971 LIBER
1968 3859 2703 3990 QUINTUS.

893 4163 1001 4200 ια
1022 4165 1194 4202 INSUN‘I'
1214 4167 1353 4205 ιιιηο
1373 4169 1546 4210 QUINTO
1568 4170 1580 4206 Ξ

453 4252 488 4294 t.
515 4247 716 4326 stultum
939 4265 996 4326 ac
1009 4253 1154 4302 studii
1177 4255 1502 4306 adhibendum
1535 4259 1582 4308 in
1602 4259 1808 4310 homiliis
1833 4261 2033 4326 popula-

515 4309 652 4356 ribus
665 4313 1022 4362 conciunandis.

453 4370 879 4448 n._ttuic_t_nuner_i
894 4373 1152 4448 deputatus
1172 4374 1342 4428 laudes
1368 4391 1627 4442 Spernere,
1651 4394 1708 4433 ac
1727 4381 1916 4434 dicendi
1941 4397 2030 4448 pe-

515 4432 634 4478 ritos
654 4444 769 4481 esse
789 4432 998 4484 debere.

457 4491 654 4599 magn
694 4499 904 4557 utroque
943 4497 1172 4549 sacerdos
1212 4500 1278 4550 sit
1319 4501 1566 4564 praeditus,
1603 4503 1824 4555 inutilem
1853 4507 2031 4571 populo

452 4617 526 4682 tv.
543 4613 801 4682 _Invi_diam_
814 4623 1092 4682 contemnat
1111 4627 1361 4682 oportere.

454 4673 732 4782 argntitﬂto
755 4675 864 4738 plus
895 4679 1042 4728 studii
1066 4687 1118 4731 et
1144 4673 1426 4745 'diligentite
1446 4698 1569 4748 opus
1601 4697 1732 4749 esse,
1759 4701 1904 4752 quam
1919 4691 2030 4740 ine-

453 4793 1152 4872 γι.Αδξξίςξιιφμωυιιίιυόίιιίε
1179 4803 1428 4872 imperitae
1478 4821 1644 4872 neque
1678 4810 1874 4860 omnino
1913 4824 2030 4862 con-

515 4856 852 4928 temnendum.
875 4871 1041 4923 neque
1063 4866 1192 4913 omni
1217 4856 1282 4914 ei
1301 4873 1438 4928 parte
1453 4856 1874 4920 mandunt

455 4919 834 5026 \‘II‘i
844 4919 1017 4971 omnes
1038 4936 1116 4986 eo,
1139 4931 1194 4975 ut
1210 4919 1315 4977 Deo-
1325 4919 1509 4980 tanaim
1525 4919 1791 4994 placeautr,
1810 4919 2030 4998 dirigen-

455 5037 814 5150 vtqhﬂoiuniem
836 5041 900 5092 sit
919 5041 1075 5095 laudis
1108 5053 1426 5112 contemptor,
1455 5053 1502 5102 ei
1542 5051 1691 5105 multa
1707 5057 1871 5120 gravia
1916 5069 2031 5108 esse

527 5289 579 5344 Ι.
637 5289 854 5348 Multum
909 5295 1096 5353 laboris
1155 5300 1210 5354 in
1262 5301 1480 5360 Itonu'liis
1532 5309 1914 5366 concinnmtdis.
1955 5340 2030 5354 —

455 5381 662 5446 Quanta
713 5387 783 5460 sit
819 5386 1026 5444 doctori
1078 5394 1404 5462 experientia
1454 5413 1588 5466 opus
1632 5400 1698 5454 ad
1735 5405 2028 5460 certamina

455 5481 554 5541 pro
581 5475 798 5530 veritate
839 5479 1196 5550 suscipienda,
1239 5493 1378 5540 sata
1425 5488 1579 5543 nobis
1608 5489 2028 5549 demonstratum

456 5575 578 5653 esse
603 5573 750 5632 puto.
782 5566 941 5622 Aliud
969 5582 1222 5640 praeterea
1251 5575 1532 5634 dicendum
1560 5590 1744 5650 restat,
1769 5581 1910 5653 quod
1945 5593 2029 5640 est

457 5651 781 5713 inlinitorttm
824 5673 982 5716 causa
1011 5656 1394 5741 periculorum;
1437 5671 1546 5731 imo
1580 5688 1706 5732 vero
1750 5651 1854 5732 non
1897 5676 2025 5734 illud

2134 4173 2254 4214 esse
2285 4171 2502 4213 causam
2539 4157 2788 4226 dixerim,
2815 4157 2910 4214 sed
2935 4171 3030 4214 eos
3056 4157 3145 4229 qui
3173 4157 3266 4213 illo
3301 4158 3470 4230 probe
3514 4161 3596 4216 uti
3625 4177 3725 4218 ne-
3842 4157 3843 4188 δ

2135 4248 2310 4304 sciunt
2337 4267 2353 4303 :
2383 4247 2808 4318 quandoquidem
2837 4264 2928 4304 res
2955 4249 3066 4318 ipsa
3108 4257 3164 4304 et
3203 4249 3390 4304 salutis
3429 4257 3487 4305 et
3528 4251 3730 4308 multo-

2135 4355 2250 4392 rum
2278 4338 2538 4393 bonorum
2569 4339 2896 4394 conciliatrix
2925 4348 3028 4406 est,
3052 4340 3176 4394 dum
3219 4355 3249 4393 a
3280 4341 3409 4396 viris
3436 4342 3632 4410 probis
3672 4351 3731 4398 et

2134 4428 2476 4498 diligentibus
2527 4429 2948 4485 administretur.
2995 4430 3132 4498 Quid
3189 4429 3324 4485 illud
3367 4431 3490 4486 est?
3544 4431 3732 4488 Labor

2138 4519 2338 4574 multus
2359 4519 2409 4572 in
2437 4518 2882 4589 disputationibus
2909 4521 3116 4590 publice
3140 4521 3205 4575 ad
3233 4521 3484 4590 populum
3515 4520 3731 4578 haben-

2137 4608 2220 4663 dis
2240 4609 2558 4678 insumptus.
2585 4609 2818 4664 Primum
2842 4611 2986 4665 enim
3016 4625 3204 4680 magna
3232 4610 3572 4666 subditorum
3601 4628 3732 4684 pars

2133 4697 2325 4752 nolunt
2364 4713 2458 4752 eos
2501 4699 2590 4769 qui
2634 4698 2942 4769 loquuntur,
2984 4701 3036 4755 in
3082 4709 3466 4770 praeceptorum
3517 4701 3732 4759 habere

2135 4787 2285 4854 loco;
2313 4787 2426 4853 sed,
2463 4788 2843 4858 discipulorum
2873 4789 3114 4846 ordinem
3145 4791 3495 4860 supergressi,
3529 4807 3731 4848 eorum

2136 4877 2496 4933 conditionem
2517 4889 2794 4948 usurpant,
2817 4879 2906 4948 qui
2925 4880 2976 4934 in
2998 4888 3338 4934 externorum
3360 4878 3595 4937 theatris
3614 4897 3731 4938 cel-

2139 4970 2334 5024 tamina
2397 4970 2683 5039 spectaturi
2738 4971 2946 5026 sedent.
3010 4973 3089 5028 Ac
3131 4971 3591 5042 quemadmodum
3657 4974 3732 5029 ibi

2137 5061 2420 5116 multitudo
2459 5063 2512 5117 in
2559 5064 2824 5118 contraria
2875 5063 3050 5118 studia
3093 5062 3370 5129 scinditur,
3410 5064 3533 5120 aliis
3573 5065 3729 5130 huic,

2137 5153 2258 5209 aliis
2293 5153 2370 5208 illi
2399 5153 2740 5212 faventibus:
2766 5157 2836 5210 ita
2876 5165 2932 5211 et
2968 5157 3056 5210 hic
3081 5157 3258 5222 divisi,
3299 5157 3388 5212 alii
3431 5157 3499 5212 ad
3533 5157 3725 5230 hujus,

2133 5245 2224 5301 alii
2249 5245 2316 5302 ad
2341 5247 2486 5302 illius
2514 5256 2690 5318 partes
2723 5257 3021 5318 transeunt,
3055 5249 3140 5305 vel
3164 5248 3230 5304 ad
3257 5248 3481 5320 gratiam
3515 5251 3612 5306 vel
3654 5253 3725 5308 ad

2133 5333 2316 5391 odium
2361 5338 2378 5370 ⁸
2425 5352 2584 5394 aures
2637 5339 2938 5396 dicentibus
3002 5340 3485 5396 accommodantes.
3535 5340 3729 5412 Neque

2135 5427 2188 5482 id
2217 5428 2386 5483 solum
2415 5431 2696 5486 molestum
2723 5439 2826 5496 est,
2853 5429 2947 5486 sed
2977 5440 3032 5486 et
3056 5430 3197 5486 aliud
3222 5430 3472 5501 quiddam
3498 5445 3620 5488 non
3651 5435 3727 5488 lc-

2136 5516 2273 5574 vius.
2303 5517 2436 5575 Nam
2460 5520 2506 5576 si
2533 5536 2692 5592 quem
2717 5521 2988 5592 contingat
3016 5530 3220 5591 partem
3241 5522 3473 5592 aliquam
3499 5537 3724 5592 com,

2199 5691 2215 5716 ⁸
2236 5690 2312 5740 sic
2331 5690 2524 5752 quitum
2545 5697 2650 5742 uss.
2673 5691 2790 5743 mliti
2809 5701 2924 5744 vero
2962 5691 3030 5743 ad
3047 5697 3256 5757 grassata
3275 5697 3320 5744 ct
3339 5689 3404 5746 ad
3427 5693 3624 5750 adurat.
