3860 6216
345 175 452 229 673

341 289 604 359 λεγόντων
641 293 802 365 μέρος
845 312 906 346 τι
944 295 1053 348 τῶν
1102 297 1308 370 ἑτέροις
1360 299 1703 371 πονηθέντων
1749 303 2014 374 ἐνυφῆναι

341 379 454 442 τιῖς
505 377 681 448 λόγοις
716 379 903 448 αὑτοῦ,
946 383 1167 438 πλείονα
1205 385 1313 437 τῶν
1345 386 1415 439 τά
1458 389 1716 458 χρήματα
1755 389 2014 446 κλεπτόν-

341 494 449 529 των
497 467 787 546 ὑφίσταται
833 472 1040 549 όνείδη’
1091 465 1352 542 πολλάκις
1393 471 1450 531 δὲ
1497 467 1620 531 ούδέ
1659 469 1844 534 λαϐὼν
1877 467 2009 553 παρ⁶

339 565 552 628 οὐδενὸς
578 566 749 630 οὐδὲν,
787 567 899 620 ἀλλ’
929 566 1288 630 ὑποπτευθεὶς
1322 568 1504 636 μόνον,
1534 569 1602 622 τὰ
1630 569 1738 624 τῶν
1780 569 2015 626 ἑαλωκό-

340 670 450 706 των
487 652 688 706 ἐτιαθεν
711 666 758 706 ι.
788 657 898 708 Καὶ
930 655 981 706 τί
1008 655 1151 722 λέγω
1186 655 1296 706 τῶν
1328 657 1538 728 ἐτέροις
1580 659 2012 728 πεπονημένων;

328 742 503 803 ,αὐτὸν
547 745 657 804 τοῖς
706 743 981 814 εὑρήμασι
1019 747 1132 807 τοῖς
1182 745 1375 798 ἑαυτοῦ
1427 746 1666 816 συνεχῶς
1705 748 2016 819 χρήσασθαι

340 830 442 882 οὐκ
497 829 596 883 ἔνι.
645 831 720 884 Οὐ
768 831 876 902 γάρ
919 831 1054 900 πρὸς
1099 833 1389 899 ὠφέλειαν,
1442 835 1581 887 ἀλλά
1631 835 1767 907 πρὸς
1821 837 2015 907 τέρψιν

341 917 558 970 ἀκούειν
616 917 930 988 εἰθίσθησαν
969 922 1019 972 οἱ
1074 919 1288 979 πολλοὶ.
1339 922 1591 994 καθάπερ
1642 926 1936 996 τραγῳδῶν
1981 926 2014 998 ἦ

342 1004 657 1076 κιθαρῳδῶν
700 1006 999 1076 καθήμενοι
1039 1007 1309 1062 δικασταί.
1342 1011 1453 1063 Kal
1497 1012 1530 1082 ή
1570 1011 1666 1066 τοῦ
1715 1012 1877 1081 λόγου
1921 1012 2016 1066 δύ-

341 1109 524 1162 ναμις,
567 1093 633 1164 ήν
674 1093 1002 1164 ἐξεδάλομεν
1037 1095 1152 1160 νῦν,
1191 1097 1367 1162 οὕτως
1397 1099 1630 1153 ἐνταῦθα
1659 1100 1871 1168 γίνεται
1911 1116 2013 1154 «o-

341 1179 526 1251 θεινὴ,
576 1181 652 1240 ὡς
696 1182 817 1234 οὐδὲ
863 1186 974 1246 τοῖς
1017 1188 1335 1252 σοφισταῖς,
1384 1187 1512 1240 ὅταν
1560 1188 1696 1260 πρὸς
1753 1189 2014 1259 ἀλλήλους

342 1269 703 1336 ἀγωνίζεσθαι
733 1270 1174 1339 ἀναγκάζωνται.

414 1427 480 1497 β’.
521 1429 775 1491 Γενναίας
804 1425 895 1484 οὖν
927 1431 1008 1484 δεῖ
1041 1431 1314 1487 κάνταῦθα
1357 1433 1556 1506 ψυχῆς,
1609 1438 1704 1490 καὶ
1749 1439 1882 1492 πολὺ
1917 1439 2016 1512 τὴν

342 1515 617 1586 ἡμετέραν
652 1516 1085 1590 ὑπερδαινούσης
1133 1520 1492 1592 σμικρότητα,
1525 1521 1611 1577 ἵνα
1645 1524 1745 1596 τὴν
1784 1527 2016 1582 ἄτακτον

341 1604 435 1657 καὶ
477 1602 724 1676 ἀνωφελῆ
779 1605 874 1659 τοῦ
912 1607 1148 1677 πλήθους
1197 1608 1389 1680 ἡδονὴν
1439 1609 1663 1684 κολάζῃ.
1721 1611 1868 1687 [416]
1923 1617 2015 1670 καὶ

341 1690 478 1761 πρὸς
514 1692 575 1743 τὸ
629 1692 1050 1764 ὡφελιμώτερον
1087 1693 1347 1765 μετάγειν
1383 1693 1608 1769 δύνηται
1663 1701 1764 1769 τὴν
1809 1703 2014 1774 ἀκρόα-

342 1795 446 1842 σιν,
501 1779 576 1842 ὡς
624 1780 773 1851 αύτῷ
803 1775 896 1834 τὸν
933 1781 1061 1835 λαὸν
1105 1777 1332 1838 ἕπεσθαι
1381 1783 1477 1840 καὶ
1518 1787 1708 1852 εἴκειν,
1757 1787 1892 1844 ἀλλά
1941 1792 2017 1864 μὴ

339 1868 502 1925 αύτδν
539 1873 656 1935 ταῖς
690 1873 914 1926 ἐκείνων
948 1873 1175 1943 ἄγεσθαι
1218 1876 1557 1948 ἐπιθυμίαις.
1588 1873 1792 1932 Τούτου
1827 1877 1884 1933 δὲ
1921 1883 2014 1935 ού-

339 1957 525 2030 δαμῶς
556 1960 704 2014 ἐστιν
744 1961 1040 2031 ἐπιτυχεῖν,
1079 1957 1194 2016 ἀλλ’
1242 1964 1275 2034 ἢ
1318 1965 1406 2018 διά
1437 1965 1646 2019 τούτοιν
1695 1969 1810 2021 τοῖν
1850 1968 2014 2033 δυοῖν,

339 2047 439 2120 τῆς
475 2064 535 2100 τε
590 2047 699 2100 τῶν
755 2050 992 2102 ἐπαίνων
1050 2051 1372 2121 ὑπεροψίας,
1430 2049 1524 2106 καὶ
1557 2053 1656 2124 τῆς
1703 2056 1761 2108 ἐν
1806 2056 1886 2127 τῷ
1927 2058 2017 2110 λέ-

339 2153 457 2204 γειν
493 2135 793 2206 δυνάμεως.
835 2137 953 2190 Κᾶν
987 2137 1094 2209 γάρ
1130 2139 1192 2191 τὸ
1226 2140 1413 2210 ἕτερον
1460 2141 1572 2213 ἀπῇ
1597 2181 1611 2204 ,
1660 2143 1722 2196 τὸ
1761 2143 2016 2216 λειπόμε-

339 2241 430 2277 νον
473 2223 744 2294 ἄχρηστον
793 2217 1002 2291 γίνεται
1053 2228 1117 2296 τῇ
1175 2223 1443 2293 διαζεύξει
1491 2228 1741 2301 θατέρου.
1807 2233 1905 2284 "Av
1957 2250 2016 2286 τε

339 2312 448 2382 γὰρ
507 2311 744 2364 ἐπαίνων
788 2305 1072 2384 ὑπερορῶν
1122 2307 1148 2351 ι)
1194 2312 1269 2383 μὴ
1326 2315 1609 2387 προσφέρῃ
1670 2315 2016 2372 διδασκαλίαν

336 2399 435 2469 τὴν
465 2399 523 2451 ἐν
551 2395 732 2469 χάριτι
755 2396 849 2452 καὶ
877 2394 1031 2453 ἅλατι
1063 2396 1398 2471 ήρτυμένην,
1422 2403 1891 2475 εὐκαταφρόνητος
1912 2407 2017 2461 ὑπὸ

337 2487 446 2540 τῶν
488 2487 696 2540 πολλῶν
724 2487 952 2556 γίνεται,
992 2483 1145 2550 οὐδὲν
1179 2489 1287 2543 ἀπὸ
1314 2491 1414 2562 τῆς
1442 2493 1849 2565 μεγαλοψυχίας
1883 2514 2016 2568 κερ-

336 2572 500 2639 δάνας
546 2574 791 2646 ἐκείνης·
821 2575 886 2629 ἄν
915 2587 975 2629 τε
1009 2576 1166 2630 τοῦτο
1197 2573 1380 2641 καλῶς
1413 2579 1766 2651 κατορθώσας
1810 2583 1871 2637 τὺ
1913 2585 2016 2656 μέ-

341 2678 456 2733 ρος,
485 2661 587 2732 τῆς
629 2661 737 2716 ἀπὸ
782 2661 891 2716 τῶν
933 2658 1143 2734 κρότων
1186 2665 1346 2736 δόξης
1377 2665 1691 2738 ἡττώμενος
1718 2669 1892 2742 τύχῃ.
1935 2675 2016 2737 εἰς

335 2750 534 2803 ταύτὸν
577 2746 738 2805 πάλιν
777 2748 1124 2822 περιίσταται
1164 2751 1233 2805 τά
1272 2755 1372 2824 τῆς
1405 2755 1608 2825 ζημίας
1643 2757 1791 2827 αύτῷ
1822 2776 1880 2812 τε
1921 2763 2016 2814 καὶ

336 2838 450 2902 τοῖς
500 2837 751 2902 πολλοῖς,
803 2839 941 2910 πρὸς
991 2839 1150 2910 χάριν
1200 2840 1310 2894 τῶν
1357 2843 1666 2897 ἀκουόντων
1712 2847 1935 2916 μᾶλλον,
1979 2850 2012 2921 ἢ

336 2923 476 2996 πρὸς
512 2924 778 2994 ὠφέλειαν
815 2925 997 2995 λέγειν
1029 2927 1323 2998 μελετῶντι
1351 2929 1439 2983 διά
1479 2931 1578 3002 τὴν
1625 2933 1736 2986 τῶν
1775 2936 2016 2991 ἐπαίνων

335 3011 650 3084 ἐπιθυμίαν.
697 3011 804 3067 Καὶ
851 3014 1104 3086 καθάπερ
1141 3017 1171 3068 ό
1215 3017 1352 3087 μήτε
1399 3017 1628 3089 πάσχων
1663 3038 1716 3074 τι
1744 3023 1882 3094 πρὸς
1915 3024 2017 3090 τάς

335 3101 631 3172 εὐφημίας.
665 3103 802 3173 μήτε
833 3102 1013 3172 λέγειν
1051 3103 1208 3168 είδὼς
1235 3103 1360 3159 οῦτε
1391 3105 1528 3161 εἴκει
1557 3119 1579 3146 ο
1617 3112 1738 3174 ταῖς
1764 3110 1858 3164 τοῦ
1885 3113 2017 3184 πλήο

337 3188 463 3252 θους
486 3189 723 3259 ήδοναῖς,
753 3188 875 3244 οὔτε
902 3191 1132 3260 ὠφελεῖν
1173 3191 1452 3261 ἀξιόλογόν
1477 3211 1597 3248 τινα
1623 3195 1849 3252 δύναται
1878 3199 2017 3269 ὠφέ-

335 3275 484 3330 λειαν
510 3275 590 3346 τῷ
621 3275 786 3346 μηδὲν
815 3275 959 3346 ἔχειν
987 3278 1194 3330 εἰπεῖν·
1227 3277 1370 3333 οὕτω
1411 3281 1507 3334 καὶ
1540 3282 1569 3334 ὁ
1599 3282 1676 3352 τῷ
1719 3285 1868 3355 πόθῳ
1907 3287 2015 3340 τῶν

336 3362 628 3433 ἐγκωμίων
660 3361 970 3432 ἑλκόμενος,
997 3362 1136 3433 έχων
1165 3363 1256 3432 ἀφ’
1289 3358 1363 3418 ὧν
1394 3367 1649 3436 ἀμείνους
1678 3371 2015 3440 ἐργάσασθαι

335 3451 621 3521 δυνήσεται
654 3450 779 3512 τοὺς
815 3449 1063 3514 πολλοὺς,
1101 3452 1223 3504 ἀντὶ
1268 3452 1475 3507 τούτων
1519 3458 1748 3528 παρέχει
1778 3459 1848 3514 τὰ
1892 3461 2017 3534 τέρ..

335 3537 438 3606 ψαι
477 3537 754 3608 δυνάμενα
789 3537 1012 3608 μᾶλλον,
1037 3538 1126 3591 διά
1167 3538 1374 3592 τούτων
1402 3542 1530 3606 τοὺς
1553 3545 1611 3596 ἐν
1645 3547 1758 3610 τοῖς
1800 3547 2017 3619 κρότοις

339 3625 602 3698 θορύϐους
617 3624 946 3696 ὠνούμενος.

407 3787 476 3849 γ’.
513 3779 930 3850 Ἀμφοτέρωθεν
970 3776 1063 3835 οῦν
1103 3782 1325 3854 ίσχυρὸν
1361 3779 1502 3840 εἶναι
1539 3787 1628 3841 τὸν
1661 3790 1882 3862 ἄριστον
1912 3792 2014 3864 ἀρ-

337 3887 500 3941 χοντα
542 3870 639 3932 δεῖ,
677 3869 764 3923 ἵνα
801 3868 874 3941 μὴ
907 3868 1122 3942 θατέρῳ
1151 3871 1378 3942 θάτερον
1407 3873 1801 3947 ἀνατρέπηται,
1843 3881 2014 3936 Ὅταν

335 3959 444 4029 γὰρ
471 3957 708 4021 ἀναστὰς
739 3960 797 4011 ἐν
837 3957 916 4028 τῷ
949 3959 1118 4030 μέσῳ,
1147 3959 1284 4033 λέγῃ
1310 3960 1377 4014 τά
1415 3964 1540 4027 τοὺς
1577 3966 1836 4036 ῥαθύμως
1880 3970 2014 4034 ζῶν-

334 4064 433 4112 τας
475 4047 765 4117 ἐπιστύψαι
790 4047 1086 4117 δυνάμενα.
1117 4042 1235 4101 εἶτα
1267 4051 1574 4122 προσπταίῃ
1611 4055 1701 4106 καὶ
1726 4055 2013 4129 διακόπτη-

334 4153 444 4198 ται,
463 4136 557 4189 καὶ
579 4136 683 4188 ὑπὸ
704 4135 804 4205 τῆς
824 4134 1033 4199 ἐνδείας
1063 4134 1324 4206 ἐρυθριᾷν
1347 4138 1748 4210 ἀναγκάζηται,
1784 4143 2010 4216 διερρύη

331 4220 394 4273 τὸ
434 4220 624 4290 κέρδος
655 4219 760 4274 τῶν
783 4221 1086 4292 λεχθέντων
1113 4223 1332 4288 εὐθέως.
1370 4227 1434 4279 Οἱ
1467 4227 1577 4298 γὰρ
1593 4230 2012 4304 ἐπιτιμηθέντες

333 4307 628 4376 ἀλγοῦντες
653 4311 765 4372 τοῖς
791 4309 1231 4380 εἰρημένοις,καὶ
1255 4313 1354 4365 οὐκ
1381 4313 1597 4383 ἔχοντες
1621 4318 1781 4371 αὑτὸν
1807 4321 2011 4392 ἑτέρως

333 4395 664 4468 ἀμύνασθαι,
687 4400 802 4460 τοῖς
831 4398 931 4467 τῆς
955 4399 1197 4468 ἀμαθίας
1223 4401 1386 4454 αὐτὸν
1408 4402 1660 4470 βάλλουσι
1687 4407 2008 4479 σκώμμασι,

331 4486 542 4551 τούτοις
572 4486 809 4558 οἰόμενοι
843 4487 912 4540 τά
947 4489 1157 4541 ἑαυτῶν
1189 4491 1504 4554 συσκιάζειν
1535 4491 1732 4564 ὀνείδη.
1755 4496 1849 4549 Διὸ
1875 4499 2005 4569 χρὴ,

332 4573 581 4646 καθάπερ
611 4575 735 4629 τινὰ
780 4574 996 4645 ἡνίοχον
1049 4575 1294 4646 ἄριστον,
1325 4579 1406 4641 είς
1449 4579 1738 4648 ἀκρίϐειαν
1777 4584 2004 4649 τούτων,

331 4663 660 4734 ἀμφοτέρων
694 4663 849 4733 ἥκειν
879 4662 987 4715 τῶν
1034 4662 1214 4716 καλῶν
1245 4663 1294 4726 ἀ,
1341 4665 1427 4718 ἵνα
1465 4666 1754 4740 ἀμφότερα
1790 4673 1926 4742 πρὸς
1946 4673 2007 4727 τὸ

329 4751 448 4804 δέον
471 4751 618 4822 αύτῷ
648 4752 1043 4825 μεταχειρίζειν
1067 4753 1183 4824 ἐξῇ.
1211 4755 1320 4808 Kal
1340 4755 1449 4827 γὰρ
1476 4758 1604 4811 ὅταν
1629 4759 1791 4825 αὐτὸς
1815 4763 2005 4816 ἀνεπί-

331 4839 536 4907 ληπτος
570 4839 740 4892 ἅπασι
769 4840 1016 4911 γένηται,
1037 4842 1160 4895 τότε
1184 4842 1476 4914 δυνήσεται
1503 4845 1624 4915 μεθ’
1651 4848 1785 4917 ὅσης
1821 4850 2007 4920 βούλε-

331 4945 420 4981 ται
456 4928 705 4994 ἐξουσίας
751 4930 844 4982 καὶ
882 4929 1133 4995 κολάζειν
1163 4933 1271 4987 ’καὶ
1309 4934 1518 4988 ἀνιέναι
1556 4937 1686 5000 τοὺς
1727 4938 1820 4991 ὐπ’
1855 4942 2006 5012 αὐτῷ

329 5018 691 5090 ταττομένους
719 5019 964 5081 ἅπαντας
986 5039 998 5050 ·
1034 5024 1139 5094 πρὸ
1172 5023 1226 5076 δέ
1256 5025 1446 5077 τούτου
1481 5027 1581 5080 ούκ
1611 5028 1854 5099 εὐμαρὲς
1880 5030 2008 5083 ταῦΔ

329 5124 399 5160 τα
425 5109 618 5162 ποιεῖν.
648 5107 760 5180 Τὴν
781 5108 836 5161 δὲ
867 5110 1277 5182 μεγαλοψυχίαν
1300 5114 1359 5165 ού
1395 5113 1556 5184 μέχρι
1578 5115 1680 5185 τῆς
1707 5115 1820 5170 τῶν
1849 5117 2007 5172 ἐπαί-

395 5337 420 5363 ⁸
444 5333 582 5384 Alius
614 5338 830 5386 πέπονθε.

390 5396 420 5436 δ
450 5397 585 5466 Un_us
622 5399 1126 5466 ἐπαίνων-ὑπεροψίας
1151 5401 1262 5466 καὶ..
1272 5406 1355 5466 τῆς
1395 5400 1442 5448 έν
1464 5403 1542 5466 .τῷ
1572 5403 1721 5466 λέγειν
1763 5406 2003 5466 δυνάμεως

331 5459 586 5575 gazam.
622 5457 742 5508 Ibid.
772 5460 855 5509 alii
895 5457 1158 5524 προσφέρῃ,
1201 5459 1282 5510 alii
1322 5457 1547 5526 προφέρῄ.
1600 5457 1724 5514 lilfra
1756 5469 1838 5516 alii
1869 5457 2002 5524 δόξης

395 5583 418 5611 °
445 5581 538 5629 Alii
561 5580 668 5630 οὕτε
693 5581 851 5629 εἴκειν.

393 5640 420 5682 ἀ
439 5642 586 5691 Sai'il.
615 5651 667 5693 el
698 5644 885 5704 aliquot
930 5657 1043 5694 mss.
1080 5645 1356 5710 ἀμφοτέρων
1385 5649 1658 5706 ἐληλακέναι
1692 5654 1786 5700 τῶν
1817 5653 1992 5702 καλῶν.

1141 179 1199 236 S.
1235 179 1520 238 JO.\NNIS
1552 181 2050 242 CHRYSOSTOMI
2085 184 2408 242 ARCIHEP.
2452 185 3008 245 GONSTANTINOP.

3691 182 3800 239 6Ἱᾷ

2123 319 2230 356 νων
2262 303 2560 376 ὑπεροψίας
2591 304 2897 358 δείκνυσθαι
2933 317 2955 341 θ
3000 301 3106 372 χρὴ
3154 301 3315 372 μόνον
3339 341 3351 361 ,
3385 300 3521 354 ἀλλά
3566 299 3660 353 καὶ
3705 315 3802 353 περ

2123 391 2358 463 ραιτέρω
2401 393 2686 463 προάγειν,
2720 391 2806 445 ἵνα
2840 391 2916 462 μὴ
2946 391 3110 444 πάλιν
3144 383 3387 460 ἀτελὲςῇ
3418 388 3479 440 τὸ
3513 387 3728 456 κέρδος.

2189 526 2252 586 δ’.
2271 526 2429 596 Τίνος
2443 522 2534 587 οὖν
2555 524 2724 587 δεῖται
2742 530 2836 586 καὶ
2861 527 3052 604 ἑτέρου
3072 525 3434 598 καταφρονεῖν
3456 526 3803 593 ;Βασκανίας

2120 621 2216 675 καὶ
2244 621 2462 690 φθόνου.
2481 623 2593 686 Τὰς
2621 623 2676 676 δέ
2703 623 2969 692 ἀκαίρους
2995 617 3468 692 κατηγορίαςξ(καὶ
3493 617 3602 690 γὰρ
3629 613 3803 686 ἀνάγ-

2121 727 2191 779 κη
2240 709 2335 762 τὸν
2385 710 2705 780 προεστῶτα
2765 710 3002 781 μέμψεις
3050 708 3345 778 ὑπομένειν
3386 706 3640 775 ἀλόγους)
3676 705 3802 759 οὗτε

2119 802 2376 874 ἀμέτρως
2415 801 2708 854 δεδοικέναι
2754 801 2848 855 καὶ
2883 800 3129 870 τρέμειν,
3162 797 3286 852 οὔτε
3324 798 3510 862 ἁπλῶς
3544 797 3802 868 παρορᾷ-δ

2121 891 2283 944 καλόν
2303 909 2316 922 ·
2347 889 2485 944 ἀλλά
2515 890 2620 961 χρὴ
2639 929 2653 954 ,
2685 889 2787 942 κᾶν
2831 889 3048 958 ψευδεῖς
3088 888 3434 959 τυγχάνωσιν
3468 883 3628 940 οὖσαι
3649 927 3666 951 ,
3697 886 3806 939 κᾶν

2121 977 2273 1048 παρά
2297 977 2408 1032 τῶν
2439 978 2711 1048 τυχόντων
2751 979 2881 1048 ήμῖν
2927 978 3242 1044 ἐπάγωνται
3266 1020 3279 1040 ,
3308 975 3600 1046 πειρᾶσθαι
3645 973 3809 1026 σϐεν-

2121 1065 2274 1118 νύναι
2314 1062 2524 1134 ταχέως
2571 1064 2760 1127 αύτάς.
2809 1063 2975 1117 Ούδέν
3031 1063 3139 1132 γὰρ
3188 1061 3363 1127 οὕτως
3408 1061 3560 1126 αὔξει
3606 1061 3805 1131 φήμην

2121 1153 2364 1224 πονηράν
2387 1169 2446 1205 τε
2474 1149 2569 1206 καὶ
2597 1152 2829 1223 ἀγαθὴν,
2851 1153 2926 1216 ὼς
2960 1153 3018 1206 τὸ
3052 1152 3257 1222 πλῆθος
3285 1153 3343 1205 τὸ
3374 1151 3637 1205 ἄτακτον·
3661 1150 3800 1203 ἀϐα-

2123 1241 2388 1305 σανίστως
2415 1241 2523 1312 γὰρ
2549 1243 2642 1294 καὶ
2664 1241 2888 1295 ἀκούειν
2919 1242 3011 1294 καὶ
3042 1241 3290 1294 ἐκλαλεῖν
3318 1239 3335 1278 ί
3363 1239 3574 1302 εἰωθὸς,
3605 1236 3802 1298 ἁπλῶς

2119 1328 2180 1382 τὸ
2203 1328 2428 1384 ἐπελθὸν
2457 1327 2604 1383 ἀπαν
2641 1329 2962 1398 φθέγγεται,
2985 1332 3085 1399 τῆς
3117 1319 3377 1398 ἀληθείας
3401 1315 3589 1379 οὐδένα
3619 1323 3806 1376 ποιού-

2123 1433 2284 1486 μενον
2312 1415 2484 1486 λόγον.
2511 1416 2611 1469 Διά
2635 1416 2808 1470 ταῦτα
2835 1417 2896 1469 ού
2930 1416 3011 1468 δεῖ
3033 1416 3141 1467 τῶν
3166 1414 3377 1467 πολλῶν
3414 1415 3807 1482 καταφρονεῖν,

2121 1503 2256 1558 ἀλλά
2288 1505 2596 1575 ἀρχομένας
2628 1503 2830 1568 εὐθέως
2854 1504 3142 1556 ἐκκόπτειν
3174 1503 3272 1566 τὰς
3299 1501 3536 1570 ὑποψίας
3568 1500 3671 1562 τὰς
3703 1515 3807 1551 πο-

2121 1591 2311 1663 νηράς,
2349 1591 2498 1664 [417]
2531 1591 2783 1645 πείθοντα
2813 1593 2939 1653 τοῦς
2969 1590 3360 1660 ἐγκαλοῦντας,
3391 1589 3494 1642 κᾶν
3518 1587 3807 1654 ἀλογώτα-

2120 1697 2202 1734 τοι
2229 1680 2448 1734 πάντων
2473 1675 2601 1742 εἷεν,
2621 1683 2715 1733 καὶ
2741 1679 2910 1750 μηδὲν
2931 1680 3068 1741 ὅλως
3096 1678 3364 1732 ἐλλείπειν
3393 1677 3501 1730 τῶν
3531 1677 3805 1744 ἀφανίσαι

2120 1769 2431 1840 δυναμένων
2458 1767 2616 1832 δόξαν
2648 1768 2748 1821 οὐκ
2773 1768 2985 1838 ἀγαθήν
3011 1771 3035 1808 ⁸
3057 1785 3067 1796 ’
3091 1768 3156 1839 ἢν
3188 1768 3267 1830 δὲ,
3290 1767 3470 1819 πάντα
3500 1761 3807 1818 ποιούντων

2121 1856 2301 1927 ήμῶν,
2320 1856 2394 1929 μὴ
2420 1855 2644 1908 θέλωσιν
2660 1857 2708 1908 οἱ
2730 1853 3069 1927 μεμφόμενοι
3095 1855 3397 1914 πείθεσθαι,
3417 1853 3475 1908 τὸ
3499 1851 3812 1923 τηνικαῦτα

2122 1943 2505 2016 καταφρονεῖν.
2556 1945 2642 2007 Ὡς
2663 1943 2758 1997 ἐὰν
2785 1943 2966 2013 φθάσῃ
2989 1961 3071 2006 τις
3100 1941 3490 1996 ταπεινοῦσθαι
3521 1935 3645 2003 τοῖς
3671 1948 3813 2008 συμ-

2121 2032 2377 2103 πτώμασι
2423 2031 2663 2096 τούτοις,
2697 2032 2760 2085 ού
2804 2029 3093 2102 δυνήσεταί
3138 2047 3270 2084 ποτε
3319 2023 3568 2097 γενναῖόν
3598 2043 3658 2079 τι
3714 2027 3810 2079 καὶ

2121 2118 2436 2190 θαυμαστὸν
2469 2120 2757 2172 ἀποτεκεῖν
2789 2119 2866 2189 ’ἡ
2913 2118 3023 2187 γὰρ
3066 2117 3274 2188 ἀθυμία
3315 2118 3409 2170 καὶ
3456 2114 3510 2170 αί
3559 2117 3812 2183 συνεχεῖς

2121 2208 2403 2278 φροντίδες
2441 2207 2612 2260 δειναὶ
2664 2205 2992 2260 καταϐαλεῖν
3037 2203 3219 2276 ψυχῆς
3265 2205 3528 2275 δύναμιν,
3577 2203 3682 2256 καὶ
3734 2205 3813 2264 εἰς

2121 2295 2406 2350 ἀσθένειαν
2440 2297 2774 2363 καταγαγεῖν
2793 2287 2892 2365 τὴν
2931 2293 3188 2363 ἐσχάτην.
3226 2290 3413 2353 Οὕτως
3439 2286 3533 2344 οὖν
3565 2291 3679 2362 χρὴ
3721 2289 3812 2343 τὸν

2124 2385 2274 2456 ίερέα
2323 2381 2628 2437 διακεῖσθαι
2675 2379 2811 2453 πρὸς
2845 2382 2973 2445 τοὺς
3011 2381 3380 2452 ἀρχομένους,
3415 2379 3606 2450 ὥσπερ
3660 2378 3733 2432 ἂν
3767 2377 3817 2430 εἴ

2119 2488 2204 2535 τις
2235 2471 2416 2542 πατὴρ
2443 2467 2796 2540 πρδςπαῖδας
2820 2469 2959 2537 ἀγαν
2983 2470 3212 2538 νηπίους
3239 2467 3512 2521 διακέοιτο
3532 2484 3544 2494 ·
3571 2466 3674 2520 καὶ
3712 2485 3808 2518 κα-

2119 2560 2298 2632 θάπερ
2336 2558 2560 2612 ἐκείνων
2585 2555 2707 2611 οὔτε
2736 2552 3093 2628 ὑϐριζόντων,
3117 2555 3240 2609 οὕτε
3285 2549 3662 2626 πληττόντων,
3683 2553 3807 2606 οὔτε

2118 2647 2459 2720 ὀδυρομένων
2493 2645 2958 2716 ἐπιστρεφόμεθα,
2999 2646 3115 2698 ἀλλ’
3151 2641 3273 2698 ούδέ
3303 2643 3465 2714 ἡνίκα
3495 2642 3564 2696 ἂν
3597 2643 3809 2709 γελῶσι

2119 2736 2214 2789 καὶ
2236 2733 2639 2805 προσχαίρωσιν
2667 2729 2818 2804 ήμῖν,
2840 2731 2982 2802 μέγα
3002 2734 3094 2786 ἐπὶ
3125 2732 3283 2786 τοῦτο
3306 2730 3617 2802 φρονοῦμέν
3649 2748 3807 2791 ποτε,

2117 2821 2262 2876 οὕτω
2292 2823 2384 2875 καὶ
2411 2817 2615 2875 τούτων
2653 2819 2790 2892 μήτε
2829 2823 2944 2883 τοῖς
2971 2821 3214 2884 ἐπαίνοις
3247 2817 3631 2887 ἐξογκοῦσθαι,
3669 2820 3806 2889 μήτε

2121 2910 2484 2965 καταπίπτειν
2516 2911 2630 2972 τοῖς
2666 2908 2855 2977 ψόγοις
2874 2905 2933 2970 ιι,
2959 2909 3086 2962 ὅταν
3109 2908 3354 2979 ἀκαίρως
3387 2906 3653 2975 γίνωνται
3683 2905 3807 2974 παρ’

2121 2999 2320 3052 αὐτῶν.
2344 2996 2592 3051 Χαλεπὸν
2620 2997 2677 3052 δὲ
2708 2995 2888 3061 τοῦτο,
2909 2990 2956 3051 ὦ
2987 2997 3248 3069 μακάριε,
3265 2996 3406 3066 τάχα
3436 2995 3493 3048 δὲ
3523 2989 3711 3064 οἶμαι,
3731 2996 3809 3046 ὅτι

2121 3087 2218 3141 καὶ
2256 3083 2536 3140 ἀδύνατον.
2575 3081 2650 3138 Τὸ
2695 3084 2806 3156 γὰρ
2851 3084 2927 3156 μὴ
2967 3084 3178 3156 χαίρειν
3219 3082 3618 3152 ἐπαινούμενον
3643 3121 3660 3143 ,
3710 3082 3808 3134 οὐκ

2118 3169 2236 3228 οἴδα
2262 3173 2318 3225 εί
2333 3189 2438 3225 τινι
2461 3171 2558 3225 ἀνθ
2569 3172 2766 3244 ρώπων
2787 3171 2917 3224 ποτὲ
2937 3171 3326 3240 κατώρθωται·
3353 3169 3443 3222 τὸν
3459 3168 3516 3221 δέ
3540 3167 3809 3238 χαίροντα

2119 3261 2265 3324 εἰκὸς
2290 3261 2386 3315 καὶ
2422 3259 2710 3330 ἐπιθυμεῖν
2740 3259 3036 3314 ἀπολαύειν
3056 3257 3236 3312 αὐτῶν
3254 3274 3267 3287 ·
3293 3256 3384 3310 τὸν
3413 3256 3472 3310 δὲ
3501 3256 3809 3308 ἀπολαύειν

2118 3347 2490 3420 ἐπιθυμοῦντα
2531 3349 2753 3412 πάντως
2803 3349 2895 3401 καὶ
2929 3350 2987 3400 ἐν
3041 3350 3164 3411 ταῖς
3206 3345 3415 3399 τούτων
3464 3346 3805 3412 ἀποτυχίαις

2119 3437 2407 3490 λυπεῖσθαι
2434 3436 2528 3489 καὶ
2553 3435 2822 3489 ἐκκλίνειν
2854 3436 2946 3488 καὶ
2968 3434 3224 3489 ἀνιᾶσθαι
3252 3435 3346 3487 καὶ
3377 3433 3563 3500 ἀλγεῖν
3587 3434 3601 3472 ί
3633 3433 3810 3499 ἀνάγ-

2119 3542 2211 3595 κη.
2241 3525 2455 3594 ’Ὢσπερ
2498 3523 2608 3594 γὰρ
2639 3524 2688 3577 οἱ
2725 3523 3050 3594 γαννύμενοι
3097 3521 3178 3592 τῷ
3219 3522 3502 3584 πλουτεῖν,
3532 3521 3712 3590 ἡνίκα
3746 3521 3808 3573 ἂν

2119 3612 2504 3664 καταπέσωσιν
2531 3612 2612 3673 εἰς
2646 3609 3154 3679 πενίαν,ἀχθονται.
3179 3609 3272 3662 καὶ
3299 3610 3349 3661 οἱ
3372 3609 3586 3680 τρυφᾷν
3615 3608 3809 3660 εἰωθό-

2116 3716 2208 3763 τες
2250 3699 2350 3752 ούκ
2383 3698 2447 3751 ἂν
2481 3698 2801 3768 ἀνάσχοιντο
2848 3697 2946 3770 ζῇν
2990 3697 3226 3762 εὐτελῶς
3253 3713 3265 3726 ·
3293 3695 3435 3750 οῦτω
3470 3695 3566 3749 καὶ
3613 3697 3665 3747 οἱ
3703 3694 3808 3746 τῶν

2118 3787 2408 3856 ἐγκωμίων
2432 3787 2686 3857 ἐρῶντες,
2718 3786 2816 3855 οὐχ
2835 3786 2962 3838 ὅταν
2991 3784 3267 3854 ψέγωνται
3299 3784 3460 3854 μόνον
3493 3783 3642 3852 είκῆ,
3673 3783 3808 3834 ἀλλά

2118 3875 2212 3928 καὶ
2260 3875 2387 3928 ὅταν
2425 3874 2500 3945 μὴ
2550 3874 2880 3926 ἐπαινῶνται
2919 3873 3180 3944 συνεχῶς,
3213 3871 3468 3941 καθάπερ
3511 3869 3668 3940 λιμῷ
3699 3887 3808 3922 τινι

2115 3959 2515 4030 διαφθείρονται
2537 3960 2636 4031 τὴν
2657 3959 2854 4029 ψυχὴν,
2876 3960 2971 4012 καὶ
2994 3960 3228 4030 μάλιστα
3247 3959 3375 4012 ὅταν
3399 3958 3586 4019 αὐτοῖς
3607 3958 3810 4027 ἐντραο

2114 4048 2310 4116 φέντες
2334 4049 2591 4118 τύχωσιν,
2626 4047 2659 4117 ἢ
2689 4047 2782 4100 καὶ
2809 4048 3030 4116 ἐτέρους
3066 4045 3496 4115 ἐπαινουμένους
3521 4043 3802 4098 ἀκούωσι.

2115 4135 2218 4188 Τὸν
2245 4133 2300 4187 δέ
2325 4136 2461 4202 μετὰ
2497 4134 2701 4204 ταύτης
2730 4135 2828 4202 τῆς
2854 4134 3151 4204 ἐπιθυμίας
3173 4135 3252 4196 είς
3280 4134 3373 4186 τὸν
3397 4133 3498 4202 τῆς
3531 4132 3807 4185 διδασκα-

2114 4222 2230 4287 λίας
2252 4222 2438 4290 ἀγῶνα
2463 4222 2801 4294 παρελθόντα
2827 4222 2968 4274 πόσα
2993 4221 3298 4293 πράγματα
3327 4221 3420 4273 καὶ
3449 4220 3624 4282 πόσας
3647 4219 3747 4289 ἔχε
3759 4238 3803 4271 ιν

2114 4309 2216 4362 οἴει
2247 4309 2345 4371 τὰς
2383 4310 2713 4381 ἀλγηδόναςς
2745 4309 2881 4363 Οὔτε
2929 4309 3026 4381 τὴν
3065 4310 3335 4363 θάλατταν
3369 4310 3484 4362 ἔστι
3529 4309 3806 4378 κυμάτων

2113 4398 2270 4456 ἐκτὸς
2295 4393 2435 4452 εἶναί
2456 4417 2605 4464 ποτε,
2640 4399 2766 4452 οῦτε
2797 4400 2896 4469 τὴν
2923 4399 3131 4453 ἐκείνου
3159 4399 3337 4469 ψυχὴν
3370 4397 3678 4468 φροντίδων
3707 4398 3808 4451 καὶ

2113 4482 2310 4557 λύπης.

2181 4631 2243 4678 ε’.
2281 4626 2390 4678 Kal
2440 4625 2547 4693 γάρ
2581 4627 2709 4678 ὅταν
2755 4625 2957 4695 πολλὴν
2996 4627 3053 4677 ἐν
3091 4625 3170 4696 τῷ
3209 4625 3390 4694 λέγειν
3421 4625 3658 4696 δύναμιν
3705 4628 3809 4698 ἔχῃ

2114 4711 2294 4782 (τοῦτο
2312 4712 2366 4765 δὲ
2392 4715 2448 4764 ὲν
2467 4713 2666 4780 ὀλίγοις
2688 4712 2838 4784 εὖροι
2857 4730 2940 4774 τις
2958 4715 3069 4782 ἂν),
3085 4714 3207 4766 ούδέ
3227 4713 3369 4767 οὔτω
3391 4711 3485 4766 τοῦ
3509 4717 3809 4768 πονεῖσθαι

2111 4799 2372 4870 διηνεκῶς
2422 4800 2790 4870 ἀπήλλακται.
2848 4801 3067 4870 Ἐπειδὴ
3111 4802 3220 4874 γὰρ
3267 4803 3328 4854 ού
3378 4801 3620 4871 φύσεως,
3657 4804 3809 4856 ἀλλα

2113 4889 2401 4961 μαθήσεως
2425 4890 2486 4942 τὸ
2511 4889 2710 4958 λέγειν,
2740 4888 2840 4944 κᾶν
2872 4891 2954 4953 είς
2979 4890 3148 4963 ἀκρον
3182 4891 3348 4944 αὑτοῦ
3382 4908 3465 4954 τις
3497 4891 3806 4962 ἀφίκηται.

2109 4977 2231 5030 τότε
2269 4976 2433 5030 αὐτὸν
2465 4977 2689 5048 ἀφίησιν
2729 4977 2934 5049 ἔρημον
2954 5019 2968 5042 ,
3000 4979 3066 5032 ἂν
3100 4977 3175 5050 μὴ
3207 4981 3423 5049 συνεχεῖ
3454 4979 3667 5050 σπουδῇ
3710 4983 3810 5035 καὶ

2107 5065 2389 5136 γυμνασίᾳ
2413 5064 2618 5136 ταύτην
2648 5065 2926 5138 θεραπεύῃ
2965 5067 3066 5138 τὴν
3093 5066 3344 5138 δύναμιν.
3369 5067 3533 5119 Ὥστε
3560 5070 3681 5130 τοῖς
3711 5087 3808 5122 σο-

2109 5153 2374 5224 φωτέροις
2408 5151 2632 5222 μᾶλλον,
2657 5153 2692 5225 ἢ
2722 5154 2832 5217 τοῖς
2872 5153 3274 5226 ἀμαθεστέροις
3307 5154 3508 5226 μείζων
3533 5156 3563 5208 ὁ
3606 5155 3804 5224 πόνος.

2115 5406 2133 5425 1
2345 5345 2858 5425 ἐπιδείκναυσθαι.]ιιίι·α
2884 5346 2968 5397 alii
2993 5348 3061 5425 δεῖ
3081 5350 3160 5399 καὶ
3184 5351 3361 5415 ἑτέρου.
3391 5352 3544 5403 Paulo
3565 5359 3679 5414 post
3716 5353 3804 5409 alii

2107 5421 2332 5470 ακαιρους
2351 5425 2654 5470 κακηγοριας,
2685 5423 2812 5458 unus
2830 5421 3134 5473 κακουργίας.

2173 5466 2193 5505 ί
2219 5469 2317 5517 Alii
2342 5469 2571 5518 ἐγκαλεῖν.

2170 5531 2195 5590 β
2219 5529 2314 5578 Alii
2335 5529 2424 5578 οὐκ
2441 5532 2606 5590 ἀληθῆ.

2169 5588 2197 5630 II
2228 5591 2342 5654 Post
2363 5593 2530 5654 ψόγοις
2551 5588 2633 5642 alii
2655 5593 2832 5642 addunt
2859 5593 2943 5644 δεῖ.

2173 5654 2190 5692 ί
2217 5653 2318 5703 Alii
2341 5653 2516 5704 ἀλύειν.
