3890 6220
688 204 731 227 εκ
758 208 783 219 ’ν
846 189 887 216 ιι

124 258 223 316 673

117 387 236 442 qtae
281 371 348 424 ab
385 369 501 422 aliis
535 366 801 423 elaborata
833 374 975 432 sunt,
1007 365 1249 420 coneioui
1290 380 1400 417 sua:
1427 365 1687 428 intexere,

118 462 376 533 pluribus,
407 474 563 529 quam
599 459 689 528 qui
726 457 977 526 pecunias
1018 455 1362 519 suffumntur,
1394 453 1691 523 opprobriis

116 563 388 609 oneratur.
426 553 581 620 Saepe
616 566 747 606 vero
774 550 903 604 nihil
933 551 1002 604 ab
1027 550 1145 603 aliis
1173 557 1457 609 mutuatus,
1499 546 1595 600 sed
1637 547 1688 598 in

115 644 230 712 ejus
251 645 328 698 rei
353 652 557 696 tantum
581 642 939 709 suspicionem
962 639 1201 701 veniens,
1234 638 1377 706 paria
1410 638 1604 706 patitur
1625 650 1689 689 ac

114 736 159 787 si
190 735 557 803 deprehensus
604 732 807 787 fuisset.
851 730 1052 799 Ecquid
1094 730 1216 784 dico
1250 744 1455 792 eorum,
1478 744 1595 796 qua:
1621 727 1691 781 ab

115 825 237 878 aliis
256 824 523 878 elaborata
563 822 795 877 fuerint?
822 833 967 875 certe
1005 836 1072 874 ne
1110 820 1184 873 illi
1214 819 1424 889 quidem
1462 818 1580 872 licet
1611 818 1692 870 iii-

114 919 290 970 ventis
326 916 438 970 suis
462 915 675 969 assidue
701 913 776 967 uti
809 932 823 967 :
850 927 953 967 non
999 912 1141 966 enim
1168 911 1233 965 ad
1263 910 1564 972 utilitatem,
1596 908 1690 963 sed

114 1006 181 1059 ad
204 1007 526 1074 voluptatem
555 1005 767 1073 plurimi
793 1003 978 1057 audire
1006 1002 1179 1056 solent
1206 1018 1220 1054 :
1247 1000 1690 1070 quemadmodum

115 1096 205 1163 qui
238 1096 305 1150 de
331 1096 583 1166 tragtedis
607 1095 689 1148 vel
732 1095 800 1148 de
836 1093 1143 1148 citharcedis
1162 1090 1443 1160 judicaturi
1480 1089 1687 1143 sedent.

116 1188 290 1254 Atque
322 1187 456 1240 adeo
481 1186 690 1240 dicendi
730 1186 808 1239 vis
838 1186 945 1247 illa,
979 1200 1135 1253 quam
1179 1198 1346 1251 nuper
1375 1181 1693 1251 cxplodeba-

116 1291 257 1339 mus,
288 1276 358 1329 ita
382 1274 791 1330 desiderabilem
823 1290 962 1328 nunc
989 1289 1048 1327 se
1077 1272 1295 1343 pra-bet,
1330 1280 1384 1325 ut
1423 1286 1491 1325 ne
1520 1272 1571 1324 in
1598 1284 1690 1324 so—

116 1367 305 1436 phistis
329 1367 565 1436 quidem,
597 1382 719 1421 cum
751 1376 937 1421 mutuo
965 1364 1212 1421 altercari
1239 1373 1521 1434 coguntur,
1542 1369 1690 1416 tanta

116 1457 432 1526 requiratur.

185 1547 241 1600 2.
282 1545 527 1600 Doctrina
557 1546 797 1615 prwditus
830 1545 914 1610 sit,
956 1554 1003 1598 et
1041 1545 1216 1599 laudes
1256 1553 1460 1613 spernat
1498 1552 1692 1612 oportet

114 1638 453 1691 concionator.
482 1635 837 1691 —-Geueroso
872 1636 1050 1706 itaque
1092 1635 1178 1689 hic
1214 1650 1349 1704 Opus
1378 1643 1460 1690 est
1492 1635 1688 1697 animo,

114 1729 205 1797 qui
238 1736 474 1782 nostram
502 1727 847 1797 exiguitatem
878 1727 1035 1797 longe
1072 1736 1306 1794 superet,
1335 1735 1395 1780 ut
1421 1725 1692 1779 inordinaa

116 1829 224 1873 tam
260 1818 404 1872 illam
434 1817 915 1886 infructuosamque
941 1815 1078 1885 vulgi
1110 1816 1429 1885 voluptatem
1473 1828 1691 1882 compe‘

113 1918 249 1973 seat,
278 1916 333 1962 et
369 1907 602 1962 auditum
634 1922 816 1962 eorum
846 1907 913 1961 ad
942 1907 1151 1961 utiliora
1180 1904 1466 1959 transferat
1495 1921 1508 1957 :
1540 1903 1612 1957 ita
1638 1914 1694 1958 ut

113 1998 340 2069 populus
374 1998 544 2067 ipsum
575 2006 845 2067 sequatur,
889 1998 1094 2066 ipsique
1135 2011 1336 2050 morem
1381 2002 1547 2064 gerat,
1599 1993 1692 2049 sed

116 2104 222 2142 non
252 2088 343 2144 ille
382 2089 671 2143 secundum
703 2088 844 2157 vulgi
879 2088 1179 2157 cupidinem
1223 2087 1438 2142 feratur.
1481 2086 1536 2140 Id
1566 2100 1695 2141 vero

118 2178 266 2231 nullo
308 2178 464 2232 modo
489 2179 741 2247 consequi
772 2178 961 2247 possis,
1011 2177 1109 2231 nisi
1154 2177 1254 2231 hoc
1293 2186 1574 2247 utrumque
1603 2175 1696 2229 ad-

117 2268 296 2333 fuerit,
320 2268 533 2323 laudum
562 2278 921 2338 contemptus,
946 2275 999 2323 et
1027 2268 1106 2322 vis
1131 2267 1360 2322 dicendi.
1387 2266 1517 2320 Nam
1546 2267 1591 2320 si
1620 2266 1695 2321 al-

118 2366 292 2411 terum
322 2358 478 2419 absit.
499 2358 649 2412 aliud
677 2358 745 2412 ab
773 2358 941 2412 altero
968 2357 1288 2427 disiunctum
1319 2358 1504 2413 inutile
1526 2356 1691 2412 efﬁci-

118 2460 227 2505 tur.
261 2449 466 2509 Etenim
504 2449 548 2503 si
577 2448 763 2504 laudes
801 2462 1094 2519 aspernans
1136 2450 1151 2479 ¹
1182 2464 1286 2504 non
1341 2448 1575 2517 proferat
1597 2446 1693 2502 do-

114 2541 341 2595 ctrinam
359 2540 525 2611 gratia
544 2551 595 2595 et
618 2539 731 2595 sale
750 2540 1016 2595 conditam
1034 2537 1169 2610 (Col.
1187 2539 1241 2594 4.
1260 2537 1338 2607 6),
1359 2537 1693 2607 deSpieabilis

112 2633 257 2701 apud
281 2633 474 2687 multos
501 2632 699 2699 evadit,
728 2632 858 2687 nihil
886 2631 1019 2687 lucri
1062 2647 1128 2687 ex
1157 2632 1244 2686 illa
1285 2632 1448 2686 animi
1491 2630 1694 2701 magni-

119 2723 305 2777 tudine
345 2722 619 2788 referens;
649 2724 730 2777 sin
771 2722 873 2777 hac
899 2732 1047 2792 parte
1090 2730 1305 2776 strenue
1348 2736 1408 2778 se
1443 2736 1635 2793 gerens
1661 2736 1693 2776 a

115 2815 354 2884 populari
397 2829 525 2869 aura
574 2816 835 2879 vincatur,
884 2825 993 2868 tum
1035 2812 1157 2882 ipsi,
1202 2822 1314 2867 tum
1367 2812 1565 2883 pOpuIO
1610 2811 1692 2867 id-

118 2909 293 2977 ipsuin
321 2909 512 2964 accidit
529 2908 855 2973 detrimenti,
877 2923 998 2962 cum
1024 2923 1088 2962 ex
1117 2905 1330 2961 laudum
1356 2905 1603 2976 cupidine
1627 2919 1694 2959 eo

116 3001 364 3065 ducatur,
394 3014 514 3054 eum
557 2999 622 3052 ad
646 3000 872 3068 gratiam
915 2999 1084 3069 magis
1119 3014 1275 3070 quam
1318 2998 1383 3052 ad
1413 2997 1691 3052 utilitatem

116 3092 419 3146 auditorum
467 3091 771 3146 concionari
815 3092 1042 3147 studeat.
1091 3093 1168 3146 Ac
1221 3090 1690 3161 quemadmodum,

114 3183 204 3250 qui
241 3197 341 3236 nec
377 3181 619 3236 laudibus
667 3190 928 3249 movetur,
972 3197 1071 3237 nec
1106 3181 1316 3237 dicendi
1360 3182 1411 3236 vi
1443 3181 1693 3252 prmditus

114 3282 221 3335 est,
248 3272 294 3326 is
337 3288 507 3343 neque
529 3274 671 3343 vulgi
700 3274 1052 3341 voluptatibus
1095 3274 1306 3337 cedere,
1350 3289 1522 3343 neque
1572 3282 1691 3327 tau-

118 3364 286 3417 tillam
327 3365 605 3419 utilitatem
648 3365 718 3419 ob
747 3366 1062 3436 imperitiam
1096 3365 1339 3436 loquendi
1377 3365 1567 3420 afferre
1594 3380 1692 3435 po—

118 3464 260 3509 test.
286 3456 355 3509 ita
382 3456 470 3526 qui
511 3456 724 3511 laudum
762 3473 945 3512 amore
985 3458 1212 3526 capitur,
1261 3466 1445 3511 nactus
1469 3471 1586 3510 eam
1618 3454 1695 3509 fa-

116 3549 395 3611 cultatem,
424 3561 525 3616 qua
556 3548 749 3600 multos
788 3547 854 3600 ad
897 3547 1170 3602 meliorem
1203 3547 1405 3616 frugem
1437 3546 1694 3601 reducere

119 3637 309 3706 possit,
348 3637 546 3690 mavult
582 3646 757 3691 tamen
782 3638 1109 3691 delectabilia
1157 3639 1412 3707 proferre,
1444 3637 1570 3692 dum
1600 3652 1694 3707 po-

120 3728 335 3795 pulares
360 3727 410 3780 in
439 3727 737 3795 plaudendo
765 3729 1020 3782 tumultus
1051 3729 1301 3783 lucretur.

192 3821 247 3873 3.
305 3818 548 3873 Utrolibet
588 3821 863 3888 deﬁciente,
913 3822 1103 3874 inutilis
1148 3820 1335 3890 populo
1381 3821 1493 3875 erit.
1535 3848 1607 3859 —
1644 3818 1694 3873 Is

121 3912 298 3979 itaque
324 3911 411 3980 qui
441 3911 673 3980 Optimus
703 3913 876 3980 populi
909 3912 1096 3968 ductor
1123 3910 1341 3967 futurus’
1375 3913 1462 3977 sit,
1489 3922 1695 3968 utrum-

116 4015 225 4065 que
254 3999 458 4054 fortiter
478 4011 651 4054 teneat
676 4010 902 4069 oportet,
935 4011 990 4056 ut
1017 4020 1080 4057 ne
1101 4004 1323 4059 alterum
1348 4006 1513 4060 altero
1540 4024 1697 4063 ever-

120 4100 281 4144 tatur.
324 4089 454 4145 Cum
494 4092 633 4147 enim
674 4094 725 4145 in
774 4094 945 4147 medio
987 4110 1208 4163 surgens
1248 4111 1309 4149 ea
1336 4096 1548 4162 dixerit,
1579 4115 1696 4168 qua:

121 4180 341 4249 ignavos
392 4183 747 4251 perstringere
794 4184 1013 4252 possint,
1061 4184 1105 4239 si
1155 4185 1347 4241 deinde
1391 4186 1596 4242 labatur
1643 4198 1697 4242 ct

119 4281 349 4344 decidat,
395 4296 456 4335 ac
498 4297 605 4350 prze
645 4279 848 4335 dicendi
890 4281 1061 4350 inopia
1102 4280 1415 4337 erubescL-re
1457 4290 1693 4352 cogatur,

117 4375 230 4443 jam
264 4372 523 4427 dictorum
570 4371 773 4425 lucrum
817 4374 993 4425 statim
1021 4371 1208 4427 effluit.
1247 4372 1376 4426 Nam
1408 4375 1493 4443 qui
1530 4375 1672 4427 corri

125 4466 360 4533 piuntur,
398 4464 521 4518 dum
552 4463 621 4517 de
645 4462 800 4517 dictis
825 4463 1022 4528 dolent,
1056 4478 1152 4518 nec
1194 4479 1254 4518 se
1296 4466 1400 4518 alio
1425 4465 1583 4520 modo
1610 4467 1695 4520 ul-

121 4555 250 4608 cisci
292 4563 529 4623 possunt,
568 4555 914 4623 ignorantiam
960 4555 1057 4622 ipsi
1087 4554 1427 4623 exprobrant,
1473 4558 1571 4609 hac
1607 4573 1700 4625 pu-

126 4654 300 4699 tantes
330 4661 386 4699 se
425 4646 627 4699 ratione
664 4647 946 4715 Opprobria
990 4655 1165 4713 tegere
1199 4662 1312 4699 sua.
1344 4647 1696 4715 Quamobrem

124 4744 339 4803 Oportet
382 4751 502 4790 eum
528 4751 624 4790 ceu
664 4738 899 4806 aurigam
943 4736 1198 4805 optimum
1229 4737 1366 4792 inter
1401 4737 1534 4792 duas
1581 4738 1700 4792 illas

126 4831 349 4882 virtutes
368 4836 616 4882 accurate
644 4827 951 4896 procedere,
977 4838 1031 4882 ut
1057 4836 1331 4896 utramque
1351 4828 1453 4883 rite
1476 4837 1701 4881 tractare

124 4920 312 4989 possit.
358 4917 568 4973 Etenim
603 4933 724 4972 cum
766 4917 854 4973 ille
894 4932 954 4972 se
980 4918 1117 4986 apud
1157 4933 1344 4973 omnes
1381 4918 1698 4988 inculpatum

127 5010 453 5079 priestiterit,
493 5019 616 5065 tunc
656 5019 849 5079 quanta
888 5020 1148 5080 potestate
1189 5010 1431 5077 voluerit,
1468 5010 1704 5065 subditos

126 5116 253 5155 SIIOS
291 5116 479 5156 omnes
519 5116 616 5171 pro
659 5101 825 5157 lubito
852 5102 937 5157 vel
978 5102 1260 5172 castigare,
1299 5102 1385 5157 vel
1429 5103 1704 5158 remissius

131 5202 360 5246 tractare
386 5193 596 5260 poterit.
639 5192 749 5247 [loc
785 5193 886 5247 nisi
917 5194 1060 5261 prius
1084 5202 1288 5263 agatur,
1319 5192 1459 5247 haud
1486 5192 1624 5248 factu
1652 5193 1703 5247 id

131 5283 287 5337 facile
314 5282 491 5337 fuerit.
522 5285 694 5339 Animi
722 5299 881 5354 porro
911 5286 1319 5356 magnitudinem
1366 5302 1470 5341 non
1513 5287 1565 5341 in
1594 5288 1706 5342 lau-

128 5373 255 5428 dum
279 5386 584 5445 contemptu
613 5385 816 5430 tantum
836 5377 1088 5432 exhibere
1113 5393 1207 5448 par
1228 5387 1333 5445 est,
1364 5378 1456 5432 sed
1484 5379 1704 5433 ulterius

196 5595 213 5625 ⁸
248 5599 375 5640 Unus
398 5592 563 5651 habet,
591 5594 767 5645 Etenim
791 5594 849 5652 si,
876 5594 1070 5644 landum
1094 5591 1329 5657 superbit:
1351 5599 1393 5642 cf
1417 5592 1634 5653 putentur,
1658 5592 1705 5642 in

132 5654 342 5704 du:me
365 5664 565 5717 spretor.

1326 247 1412 302 DE
1451 244 1894 302 smunoorm.
1937 244 2063 299 LIB.
2105 232 2169 299 v.
2466 245 2481 254 ‘
2523 258 2532 263 κ
2628 254 2636 260 ·

3263 239 3365 296 67’.

1800 358 2262 427 progrediendum,
2297 374 2361 412 ne
2388 357 2748 427 imperfectum
2774 358 2975 413 lucrum
3006 356 3233 412 accedat.

1867 449 1917 502 4.
1960 446 2214 501 Invidiam
2241 458 2521 501 contemnat
2565 458 2777 515 oportet.
2805 478 2873 488 —-
2897 448 3172 513 Quodnam
3210 449 3361 501 icitur

1794 537 1935 591 aliud
1965 536 2408 591 contemnendum
2436 540 2557 591 est?
2586 537 2743 592 Livor
2766 546 2823 591 et
2854 535 3069 591 invidia.
3108 536 3368 604 Intempe-

1794 628 1956 680 stivas
1975 635 2149 680 autem
2180 626 2541 681 accusationes
2572 629 2585 658 ¹
2616 627 2857 698 (necesse
2905 626 3099 696 quippe
3148 637 3232 680 est
3273 641 3370 678 an-

1796 717 2013 771 tistitem
2069 716 2327 770 absurdas
2378 717 2537 771 etiam
2590 716 3031 785 reprehensiones
3078 716 3366 783 sustinere)

1793 822 1967 875 neque
1992 807 2275 862 admodum
2307 807 2492 862 timere
2520 807 2929 876 formidareque,
2953 821 3122 875 neque
3152 821 3370 875 prorsus

1794 895 2063 965 negligere
2117 897 2363 949 convenit
2406 911 2418 947 :
2459 896 2552 950 sed
2602 896 2809 949 etiamsi
2870 896 2973 949 illa:
3027 894 3171 949 falsa:
3226 895 3363 957 sint,

1794 988 1999 1042 etiamsi
2029 1001 2057 1040 a
2088 987 2305 1055 plebeiis
2344 986 2652 1045 offerantur.
2691 987 2869 1040 statim
2907 1000 2999 1040 eas
3034 985 3369 1055 exstinguere

1794 1076 2091 1130 conandum
2118 1085 2218 1130 est.
2248 1076 2383 1129 Nihil
2419 1077 2558 1129 enim
2591 1076 2659 1129 ita
2687 1074 2878 1129 famam
2909 1090 3001 1129 seu
3028 1074 3241 1140 bonam,
3274 1090 3368 1128 seu

1794 1165 1986 1219 malam
2031 1175 2205 1234 auget,
2256 1174 2312 1218 ut
2358 1164 2759 1234 incompositum
2802 1164 3173 1233 vulguszcum
3226 1165 3367 1219 enim

1795 1259 1912 1311 sine
1940 1258 2186 1312 examine
2226 1266 2279 1311 et
2318 1257 2502 1311 audire
2552 1267 2606 1310 et
2657 1254 2861 1326 garrire
2886 1257 2907 1286 '
2931 1256 3122 1321 soleat,
3170 1264 3371 1309 temere

1760 1398 1761 1401 η
1795 1345 2050 1415 quidquid
2075 1346 2306 1401 occurrit
2340 1346 2591 1415 loquitur,
2619 1346 2759 1399 nulla
2791 1358 3007 1413 prorsus
3030 1345 3137 1397 veri
3166 1343 3373 1397 ratione

1798 1434 1996 1489 habita.
2024 1433 2381 1500 Quamobrem
2424 1449 2530 1488 non
2554 1441 2762 1503 oportet
2785 1432 2972 1502 vulgus
3004 1441 3367 1497 contemnere,

1794 1526 1888 1581 sed
1924 1540 2110 1595 pravas
2145 1525 2471 1594 suspiciones
2514 1525 2691 1579 statim
2730 1524 2797 1577 ab
2844 1523 2994 1577 initio
3032 1522 3365 1587 exscindere,

1762 1625 2132 1671 .aceusatores
2160 1615 2227 1669 de
2265 1614 2532 1669 contrario
2559 1612 2941 1681 persuadendo,
2986 1612 3191 1666 etiamsi
3236 1611 3371 1667 illia

1796 1707 2000 1759 ratione
2020 1704 2329 1759 alienissimi
2351 1704 2457 1758 sint
2477 1702 2719 1758 :demom
2746 1702 2874 1757 nihil
2898 1710 3043 1757 retro
3070 1702 3369 1770 relinquere

1795 1797 2064 1863 convenit,
2120 1796 2262 1866 quod
2301 1810 2512 1864 pravam
2554 1794 2575 1825 ⁸
2616 1794 2917 1863 Opinionem
2959 1793 3139 1847 delere
3164 1793 3366 1860 possit:

1797 1889 1877 1941 sin
1909 1902 2055 1952 vero,
2084 1895 2363 1957 postquam
2407 1884 2583 1939 omnia
2609 1884 3031 1953 praestiterimus,
3072 1882 3241 1936 nolint
3278 1896 3367 1936 ac—

1766 2004 1769 2005 ν
1798 1988 2071 2035 cusatores
2112 1992 2314 2032 morem
2356 1991 2561 2046 gerere,
2608 1984 2731 2029 tunc
2758 1982 3066 2041 contemptu
3089 1987 3221 2041 opus
3247 1973 3367 2025 erit.

1796 2067 2234 2137 Quandoquidem
2265 2066 2309 2119 si
2338 2066 2455 2135 quis
2492 2064 2702 2120 casibus
2728 2061 3028 2131 hujusmodi
3066 2060 3244 2115 animo
3270 2059 3369 2115 de-

1792 2160 2025 2229 jiciatur,
2069 2158 2112 2211 is
2153 2172 2435 2226 numquam
2467 2155 2662 2225 poterit
2699 2153 2967 2224 quidpiam
3012 2152 3256 2221 generosi
3284 2150 3369 2205 vel

1796 2249 2090 2303 admirandi
2120 2256 2395 2317 praestare.
2422 2244 2555 2300 Nam
2599 2258 2796 2299 mceror
2832 2242 2993 2296 animi
3039 2240 3369 2310 assiduaeque

1796 2339 2180 2395 Sollicitudines
2226 2337 2389 2392 animi
2432 2337 2539 2391 vim
2571 2343 2907 2405 prosternere
2934 2341 3177 2404 possunt,
3221 2340 3276 2388 et
3314 2332 3366 2386 in

1797 2438 2088 2485 extremam
2120 2427 2535 2482 imbecillitatem
2554 2425 2836 2479 deducere.
2867 2423 2954 2479 Sic
2974 2423 3131 2492 igitur
3157 2432 3369 2491 oportet

1796 2519 2127 2575 sacerdotem
2152 2532 2276 2588 erga
2300 2516 2541 2571 subditos
2575 2515 2820 2569 affectum
2856 2527 3002 2578 esse,
3032 2521 3086 2566 ut
3112 2521 3264 2582 pater
3289 2522 3371 2566 cst

1795 2625 1918 2680 erga
1964 2609 2278 2664 tenerrimos
2321 2606 2585 2661 filios:ac
2630 2602 3072 2675 quemadmodum
3119 2602 3223 2656 illis
3270 2617 3369 2655 nec

1798 2699 2275 2763 insolescentibus,
2329 2711 2427 2751 nec
2473 2694 2925 2765 pereutientibus,
2973 2708 3072 2748 nec
3124 2691 3371 2747 flentibus

1795 2804 2214 2852 commovemur,
2260 2786 2354 2842 sed
2383 2800 2552 2856 neque
2579 2800 2699 2839 cum
2743 2799 2839 2839 nos
2881 2780 3062 2837 eﬂusis
3099 2781 3371 2836 cachinnis

1798 2878 2083 2944 irriserint,
2114 2876 2397 2931 admodum
2426 2888 2692 2941 curamus,
2719 2873 2789 2927 ita
2815 2887 2913 2927 nec
2933 2872 3120 2926 horum
3149 2870 3229 2925 vel
3258 2871 3369 2923 lau-

1795 2969 1952 3026 dibus
1979 2969 2350 3029 intumescerc,
2386 2965 2470 3020 vel
2509 2963 2781 3033 vituperiis
2808 2962 2964 3033 dejici
2990 2969 3216 3031 oportet,
3248 2975 3367 3015 cum

1798 3063 1911 3119 hzee
1947 3063 2022 3117 illi
2063 3062 2294 3131 intempe
2325 3059 2431 3113 tive
2461 3056 2675 3112 faciunt.
2716 3054 2889 3111 Grave
2923 3053 3049 3109 illud
3089 3060 3191 3117 est,
3228 3066 3263 3106 O
3289 3054 3370 3105 vir
3443 3066 3459 3089 ι

1796 3154 1970 3217 beate,
1998 3154 2105 3208 imo
2130 3151 2233 3205 tale
2265 3152 2490 3205 fortasse
2515 3156 2662 3216 puto,
2685 3144 2826 3216 quod
2856 3143 3089 3213 praistari
3112 3158 3215 3195 non
3242 3156 3370 3210 pos-

1796 3248 1882 3301 sit.
1925 3243 2196 3315 Siquidem
2227 3240 2493 3296 laudatum
2537 3238 2803 3291 hominem
2843 3250 2946 3289 non
2984 3233 3234 3304 gaudere,
3278 3248 3370 3285 ne-

1796 3339 1909 3393 scio
1936 3353 2002 3391 au
2029 3335 2256 3406 cuipiam
2279 3334 2359 3388 vel
2391 3346 2578 3401 magna
2618 3330 2810 3383 virtute
2848 3326 3068 3397 prmdito
3094 3324 3366 3379 acciderit.

1796 3429 2125 3486 Gaudentem
2162 3441 2293 3481 vero
2334 3438 2553 3478 necesse
2577 3420 2784 3475 videtur
2809 3418 2860 3472 id
2895 3416 3194 3471 desiderare
3232 3414 3371 3468 um'c

1796 3521 1985 3591 gaudio
2012 3520 2221 3586 fruitur,
2248 3517 2634 3573 desiderantem
2665 3527 2823 3582 porro
2854 3508 3044 3580 gaudio
3070 3507 3192 3571 frui,
3221 3522 3370 3576 pror-

1798 3629 1889 3668 sus
1937 3627 2153 3669 neeesse
2181 3620 2283 3678 est,
2320 3610 2364 3664 si
2394 3608 2444 3662 id
2476 3622 2581 3662 non
2622 3611 2991 3674 consequatur,
3023 3600 3224 3665 dolere,
3257 3607 3367 3653 tor-

1797 3706 1968 3777 queri,
2023 3704 2267 3768 eruciari,
2323 3718 2385 3757 ac
2435 3713 2663 3755 interere
2705 3695 2864 3750 affici.
2915 3692 3367 3761 Quemadmodum

1797 3797 1938 3850 enim
1962 3795 2019 3862 ii,
2048 3794 2135 3863 qui
2163 3793 2215 3846 in
2243 3791 2440 3846 divitiis
2464 3790 2729 3853 la:tantur,
2757 3787 2802 3841 si
2824 3784 3036 3856 quando
3063 3784 3113 3837 in
3142 3797 3369 3851 pauper-

1801 3893 1961 3939 tatem
2004 3882 2272 3946 decidant,
2317 3894 2455 3950 :egre
2485 3877 2662 3932 ferunt
2689 3895 2701 3931 :
2728 3882 2783 3929 et
2830 3874 2917 3942 qui
2960 3871 3197 3926 delicatis
3236 3871 3371 3923 cibis

1800 3980 2166 4036 assueverunt,
2204 3986 2484 4039 numquam
2517 3968 2781 4037 patiantur
2809 3963 2952 4019 tenui
2985 3963 3057 4016 uti
3088 3962 3254 4015 victus
3280 3976 3367 4013 ra-

1802 4067 1945 4120 tione
1975 4082 1988 4119 :
2017 4064 2095 4119 sic
2118 4074 2172 4119 et
2197 4061 2365 4116 laudis
2392 4070 2675 4121 amatores,
2707 4072 2812 4111 non
2836 4055 2992 4109 modo
3021 4068 3140 4108 cum
3168 4060 3369 4105 temere

1804 4157 2185 4226 vituperantur,
2214 4152 2307 4207 sed
2335 4152 2492 4207 etiam
2520 4164 2640 4203 cum
2680 4163 2785 4202 non
2822 4144 3033 4201 assidue
3072 4142 3369 4205 laudantur,

1803 4265 1899 4303 ceu
1931 4248 2067 4302 fame
2098 4245 2321 4317 quadam
2360 4242 2771 4304 eontabescunt;
2800 4238 3026 4291 maxime
3070 4235 3115 4289 si
3157 4234 3206 4288 in
3244 4234 3372 4302 ipsis

1805 4339 2045 4392 laudibus
2066 4335 2269 4390 educati
2294 4332 2504 4396 fuerint,
2536 4340 2626 4384 aut
2644 4329 2689 4383 si
2710 4330 2841 4382 alios
2862 4326 3061 4381 laudari
3084 4324 3365 4379 audierint.

1802 4431 1901 4497 Qui
1927 4445 2051 4485 vero
2076 4443 2194 4482 cum
2226 4427 2314 4480 tali
2342 4424 2587 4493 cupidine
2612 4422 2665 4475 in
2692 4420 2944 4475 doctrina:
2978 4426 3243 4472 certamen
3281 4416 3375 4469 de-

1807 4518 2089 4582 seenderit,
2121 4531 2275 4586 quam
2318 4514 2496 4569 multis
2526 4513 2669 4566 illum
2717 4509 2965 4579 negotiis,
2995 4522 3152 4577 quam
3197 4505 3375 4558 multis

1804 4610 2074 4665 doloribus
2094 4606 2376 4661 obnoxium
2404 4604 2515 4658 fore
2544 4601 2731 4671 putas?
2756 4600 2934 4669 Neque
2957 4612 3101 4652 mare
3128 4610 3376 4665 umquam

1808 4711 1980 4771 potest
2005 4700 2248 4754 ﬂuetibus
2275 4712 2479 4763 carere,
2508 4709 2677 4764 neque
2716 4693 2853 4747 illius
2880 4689 3090 4745 animus
3115 4687 3373 4743 sollicitu-

1805 4795 1929 4849 dine
1956 4802 2009 4848 et
2036 4790 2304 4845 mmstitia.

1877 4885 1934 4939 5.
1967 4882 2183 4936 Erudito
2207 4879 2319 4950 plus
2349 4877 2500 4931 studii
2536 4884 2583 4928 et
2610 4872 2883 4945 diligentiae
2916 4887 3042 4942 opus
3075 4886 3202 4937 esse,
3228 4885 3378 4940 quam

1806 4973 2074 5029 inerudito.
2102 5000 2174 5012 —
2198 4969 2328 5024 Nam
2356 4968 2399 5021 si
2427 4968 2473 5020 is
2496 4966 2650 5020 fuerit
2677 4977 2859 5033 magna
2884 4961 3090 5016 dicendi
3116 4960 3168 5014 vi
3191 4959 3380 5028 prdidi-

1808 5076 1892 5121 tus
1917 5064 2043 5137 (hoc
2065 5071 2239 5116 autem
2269 5059 2321 5112 in
2349 5057 2528 5127 paucis
2554 5051 2858 5123 invenitur),
2888 5067 2953 5107 ne
2974 5052 3049 5105 sic
3075 5051 3283 5119 quidem
3313 5048 3380 5102 ab

1812 5154 2025 5211 assiduo
2048 5151 2208 5206 animi
2239 5162 2465 5203 mmrore
2498 5160 2691 5200 vacuus
2733 5144 2852 5199 erit.
2886 5142 3093 5196 Etenim
3128 5154 3246 5193 cum
3273 5138 3387 5193 elo-

1814 5242 2081 5317 quentiam
2121 5254 2224 5294 non
2254 5247 2458 5302 natura,
2490 5235 2582 5289 sed
2626 5232 2899 5302 disciplina
2942 5229 3129 5299 pariat,
3157 5228 3281 5281 licet
3317 5225 3382 5278 ad

1812 5351 2078 5392 summum
2119 5334 2234 5403 ejus
2274 5331 2475 5401 apicem
2503 5328 2618 5399 quis
2645 5325 2963 5396 pervenerit,
3013 5324 3080 5379 ab
3118 5322 3205 5375 illa
3250 5329 3390 5375 certe

1874 5530 1889 5561 ι
1930 5526 2035 5584 Alii,
2058 5525 2407 5587 intempestiva:
2429 5523 2654 5585 inﬁt-ius;
2678 5534 2816 5579 unus,
2844 5518 3064 5568 nntlt'tias.

1870 5593 1891 5622 τ
1928 5589 2027 5646 Alii,
2052 5587 2337 5647 vituperare.

1876 5651 1895 5682 ³
1930 5649 2029 5706 Alii,
2054 5662 2142 5695 non
2168 5660 2345 5696 rerum.
