3890 6220
441 205 545 268 δτδ
725 251 791 265 Μ
802 192 840 261 ε
857 156 954 248 ρμξ
965 156 998 227 Ϊ

437 322 774 405 ιὶυειίιιιριιιι,
800 335 903 396 nisi
931 343 1144 400 assiduo
1168 345 1346 400 studio
1369 354 1424 400 et
1463 346 1840 402 exercitatione
1867 347 2008 400 illam

440 428 772 484 excoluerit:
805 432 874 487 ita
905 444 962 488 ut
993 436 1162 506 magis
1196 436 1553 506 peritioribus,
1595 451 1751 507 quam
1795 439 2012 508 imperi-

442 517 667 572 tioribus
708 521 777 574 sit
832 519 1198 578 labOraudum.
1244 525 1427 596 Neque
1469 527 1610 580 enim
1662 542 1756 596 par
1805 526 2011 596 jactura

444 617 712 678 utrOsque,
738 612 781 665 si
797 613 1118 682 negligentes
1149 613 1359 682 fuerint,
1391 627 1600 682 manet;
1623 617 1715 672 sed
1739 627 1884 672 tanto
1905 633 2014 671 ma-

437 696 522 766 jor
557 699 690 764 bmc,
734 711 986 770 quantum
1025 713 1109 758 est
1149 705 1286 760 inter
1315 705 1559 774 peritiam
1605 715 1658 761 et
1697 707 2011 776 imperitiam

442 792 791 847 intervallum.
825 798 996 864 Atque
1037 796 1156 851 illos
1181 799 1396 867 quidem
1427 812 1585 853 nemo
1615 799 1927 868 culpaverit,
1968 797 2014 853 si

441 882 569 935 nihil
597 883 850 937 eximium
873 886 1175 952 attulerint;
1201 889 1284 942 hic
1310 904 1438 944 vero
1468 890 1566 942 nisi
1603 889 1867 958 quidpiam
1898 903 2012 941 tua-

437 970 526 1039 jus
571 973 981 1039 existimatione,
1027 992 1129 1046 qua
1175 979 1313 1034 valet
1356 982 1494 1050 apud
1543 995 1748 1046 omnes,
1801 993 2014 1050 semper

440 1063 744 1130 protulerit,
780 1065 830 1118 in
877 1069 1115 1123 omnium
1155 1070 1624 1138 reprehensionem
1663 1072 1902 1124 incurrit.
1932 1071 2012 1125 Ad

441 1151 556 1206 base
601 1153 675 1206 illi
723 1169 822 1222 pro
869 1157 1091 1212 modicis
1141 1159 1482 1215 coneiouibus
1537 1175 1780 1229 magnam
1821 1175 2014 1215 conse-

440 1252 674 1312 quuntur
701 1244 948 1311 laudem;
981 1248 1031 1300 hi
1069 1265 1214 1314 vero,
1246 1251 1347 1304 nisi
1388 1251 1644 1305 mirabilia
1679 1262 1732 1306 et
1757 1252 2014 1321 stupenda

442 1335 730 1403 proferant,
754 1353 858 1391 non
889 1341 1046 1393 modo
1069 1342 1307 1397 laudibus
1335 1343 1625 1410 privantur,
1664 1345 1757 1398 sed
1792 1345 1953 1398 etiam
1981 1359 2010 1398 a

442 1427 627 1480 multis
667 1428 1074 1499 redarguuntur.
1125 1433 1406 1488 Auditores
1434 1433 1628 1504 quippe
1666 1449 1768 1488 non
1811 1444 1916 1488 tam
1945 1433 2013 1488 de

441 1517 721 1583 concione,
752 1534 907 1588 quam
936 1520 1002 1574 dc
1036 1523 1396 1577 concionantis
1416 1524 1802 1579 existimatione
1827 1524 2014 1580 sedent

436 1604 662 1672 judiees.
712 1608 1042 1680 Quapropter
1087 1613 1175 1666 ubi
1215 1614 1472 1682 quispiam
1519 1615 1794 1671 universos
1833 1615 1883 1668 vi
1929 1614 2012 1669 di-

439 1695 592 1750 cendi
616 1708 851 1767 superat,
876 1709 984 1754 tum
1017 1701 1091 1756 illi
1121 1703 1259 1771 plus,
1288 1719 1444 1773 quam
1483 1706 1708 1772 caeteris,
1730 1706 1905 1760 studio
1931 1705 2010 1759 la-

438 1784 672 1855 boreque
706 1803 840 1858 opus
885 1800 985 1844 est.
1034 1791 1214 1862 Neque
1254 1795 1394 1848 enim
1433 1796 1557 1849 licet
1593 1795 1666 1850 illi
1704 1797 1756 1850 id
1785 1795 2007 1866 perpeti,

438 1875 580 1943 quod
611 1877 704 1930 toti
744 1879 988 1934 humana:
1034 1890 1236 1936 natura:
1276 1899 1557 1940 commune
1583 1893 1686 1952 est,
1718 1895 1775 1940 ut
1811 1885 2010 1940 scilicet

440 1981 546 2020 non
576 1982 787 2038 semper
811 1969 862 2023 in
888 1971 1132 2026 omnibus
1165 1973 1329 2041 probe
1359 1989 1469 2030 rem
1490 1985 1640 2044 gerat
1667 1993 1682 2030 :
1711 1975 1803 2030 sed
1825 1976 1868 2030 si
1894 1975 2003 2042 illa,

439 2073 557 2128 quze
593 2061 959 2116 concionaudo
982 2063 1127 2128 dicit,
1157 2080 1276 2120 cum
1317 2065 1472 2122 fama:
1508 2067 1865 2137 magnitudine
1901 2082 2006 2122 non

440 2149 792 2219 consentiant,
820 2163 1110 2208 scommata
1139 2154 1463 2224 dicteriaque
1501 2172 1531 2210 a
1563 2157 1894 2212 multitudine
1917 2172 2008 2212 re-

440 2238 564 2293 fert.
590 2239 759 2296 Nemo
789 2259 969 2298 secum
999 2255 1208 2315 reputat
1235 2257 1326 2300 aut
1353 2248 1667 2301 incidentem
1699 2262 2005 2312 nuerorem,

438 2342 530 2386 aut
555 2335 848 2403 angustiam
877 2337 1062 2402 animi,
1100 2338 1180 2391 vel
1211 2338 1633 2418 sollicitudinem,
1663 2341 1742 2395 vel
1772 2354 2010 2409 persaepe

440 2423 572 2479 iram
601 2428 792 2482 mentis
832 2429 1000 2484 aciem
1031 2431 1259 2486 tenebris
1301 2430 1571 2497 olludisse,
1613 2447 1783 2503 neque
1822 2433 2009 2488 sivisse

439 2527 596 2568 sensa
617 2515 730 2586 ejus
755 2531 885 2587 pura
915 2519 1224 2590 sinceraque
1251 2522 1461 2590 prodire
1488 2541 1500 2575 :
1525 2531 1682 2593 atque
1706 2525 1863 2577 homo
1887 2538 2010 2578 cum

438 2606 532 2673 sit,
577 2622 682 2661 non
709 2623 865 2679 posse
908 2626 1122 2680 semper
1168 2628 1290 2666 cum
1337 2613 1506 2682 ipsum
1555 2629 1691 2680 esse,
1743 2629 1916 2684 neque
1957 2615 2009 2668 in

439 2700 682 2756 omnibus
712 2717 964 2774 prospere
1006 2720 1181 2775 agerc,
1224 2705 1484 2776 sedquod
1533 2709 1642 2760 fieri
1688 2707 1844 2774 solet,
1873 2708 2011 2760 acci-

437 2789 571 2846 dere
609 2801 666 2846 ut
708 2809 1102 2864 nonnumquam
1130 2797 1353 2860 labatur,
1393 2811 1456 2852 ac
1498 2798 1700 2851 minora
1730 2812 1885 2866 quam
1915 2812 2010 2866 pro

438 2880 593 2935 solita
617 2883 811 2939 virtute
838 2885 1104 2941 exhibeat.
1133 2885 1271 2941 Nihil
1297 2886 1505 2951 horum,
1536 2897 1592 2941 ut
1615 2887 1743 2952 dixi,
1779 2889 2010 2958 cogitare

439 2971 803 3040 volunt:sed,
837 2989 899 3030 ac
948 2975 992 3030 si
1038 2977 1106 3030 de
1145 2977 1335 3047 angelo
1369 2977 1623 3047 judicium
1667 2976 1885 3042 ferrent,
1939 2977 2008 3031 ita

437 3060 608 3130 ipsum
649 3061 991 3134 redarguunt.
1037 3065 1282 3136 Alioquin
1324 3081 1449 3121 vero
1487 3068 1625 3122 solet
1673 3068 1832 3120 homo
1875 3081 2010 3135 prte-

436 3152 578 3205 clara
607 3154 836 3223 proximi
857 3156 936 3211 sui
967 3165 1133 3226 gesta,
1165 3159 1501 3225 quantumvis
1530 3158 1692 3213 multa
1718 3167 1771 3212 et
1797 3173 2003 3228 magna,

437 3245 742 3314 despicere;
788 3247 836 3302 si
874 3256 1050 3302 autem
1087 3249 1195 3302 vitii
1235 3250 1501 3318 quidpiam
1535 3259 1806 3318 appareat,
1837 3265 2006 3319 quan-

439 3335 633 3390 tumvis
677 3336 794 3390 leve
839 3337 927 3403 sit,
969 3339 1209 3407 quamvis
1255 3339 1457 3408 jamdiu
1500 3341 1767 3406 acciderit,
1827 3341 2005 3396 statim

436 3424 787 3494 dignoscitur,
815 3428 1090 3483 confestim
1131 3431 1396 3500 arripitur,
1427 3441 1482 3485 et
1519 3448 1800 3502 numquam
1831 3450 1863 3489 e
1896 3449 2008 3490 me-

437 3517 607 3572 moria
645 3517 878 3572 excidit:
903 3527 1060 3589 atque
1087 3519 1213 3575 illud
1255 3536 1507 3590 perquam
1543 3533 1699 3578 tenue
1728 3525 2005 3594 exiguum-

436 3622 557 3675 que,
594 3609 879 3664 multorum
917 3626 1331 3684 magnorumque
1363 3617 1596 3670 virorum
1636 3631 1777 3685 Saepe
1811 3618 2004 3671 famam

439 3701 722 3757 imminuit.
1194 3704 1203 3711 '

508 3792 562 3848 6.
600 3792 858 3848 Iudicium
907 3795 1238 3851 multitudinis
1281 3798 1524 3868 imperita:
1564 3816 1662 3852 non
1701 3816 1805 3854 esse
1835 3811 2006 3855 conte-

437 3883 982 3950 mnendum—Vides,
1011 3901 1046 3943 ο
1074 3888 1156 3941 vir
1174 3903 1452 3957 generose,
1476 3905 1596 3943 curn
1627 3891 1712 3960 qui
1734 3891 2005 3945 vidicendi

437 3972 693 4043 praeditus
735 3975 822 4041 sit,
873 3977 1075 4047 majore
1113 3977 1465 4033 sollicitudine
1503 3994 1638 4048 opus
1678 3979 1915 4036 habere:
1945 3995 2007 4036 ac

439 4074 633 4133 praeter
657 4065 888 4122 studium
920 4077 1062 4122 tanta
1093 4069 1368 4125 tolerantia
1396 4070 1651 4141 indigere,
1677 4080 1871 4140 quanta
1901 4086 2004 4126 non

439 4168 645 4221 omnes,
677 4171 900 4225 quorum
946 4158 1090 4227 prius
1128 4161 1366 4225 memini,
1415 4174 1550 4230 Opus
1593 4160 1841 4216 habuere.
1874 4161 2004 4215 Nam

437 4243 587 4298 multi
627 4260 768 4313 saepe
815 4245 960 4300 illum
1010 4256 1210 4302 temere
1246 4248 1574 4313 adoriuntur,
1623 4259 1676 4304 et
1717 4265 1838 4306 cum
1876 4251 2004 4304 nihil

437 4335 674 4390 criminis
692 4335 870 4390 ofl‘erri
899 4337 1082 4406 possit,
1113 4353 1217 4392 non
1241 4338 1393 4392 aliam
1420 4338 1526 4393 odii
1555 4354 1764 4394 causam
1789 4339 2002 4404 habent,

437 4439 595 4494 quam
617 4427 737 4496 quia
767 4426 906 4496 apud
945 4441 1131 4482 omnes
1161 4429 1294 4484 bene
1330 4429 1495 4484 audit.
1530 4429 1726 4484 Horum
1755 4431 2004 4486 invidiam

437 4513 644 4568 fortiter
676 4514 816 4570 ferre
855 4531 949 4584 par
983 4525 1066 4571 est
1094 4535 1107 4571 :
1131 4532 1251 4570 nam
1279 4518 1661 4573 exsecrandum
1707 4517 2002 4588 hujusmodi

436 4605 637 4673 odium,
679 4605 822 4676 quod
863 4616 1064 4662 temere
1099 4615 1638 4678 conceperant,'cum
1679 4619 1855 4678 tegere
1899 4625 2003 4664 non

437 4695 665 4762 valeant,
692 4697 826 4751 clam
862 4699 1245 4765 conviciantur,
1291 4699 1552 4768 incusant,
1594 4701 2002 4767 calunmiantnr,

437 4785 717 4855 palamque
751 4786 1003 4841 malitiam
1031 4797 1306 4843 exercent.
1343 4791 1564 4846 Animus
1601 4802 1774 4844 autem
1803 4792 1893 4861 qui
1937 4792 2003 4846 ad

437 4875 529 4928 illa
565 4875 768 4944 singula
807 4876 989 4932 dolere
1025 4888 1182 4949 atque
1208 4880 1403 4935 irritari
1449 4881 1691 4950 cmperit,
1737 4897 1839 4937 non
1871 4883 2020 4956 ultra.

441 4967 686 5036 progredi
727 4978 917 5038 potest,
959 4971 1052 5026 sed
1081 4971 1264 5028 dolore
1289 4975 1631 5030 contabescit.
1663 4974 1870 5029 Etenim
1899 4992 2004 5030 non

439 5072 533 5125 per
558 5073 614 5112 se
637 5067 836 5112 tantum
872 5076 931 5116 se
961 5062 1057 5131 ipsi
1093 5063 1430 5126 ulciscuntur,
1469 5063 1559 5118 sed
1598 5065 1754 5118 etiam
1780 5065 2004 5119 aliorum

439 5157 656 5202 utuntur
680 5164 838 5219 opera
862 5169 875 5206 :
895 5168 957 5207 ac
983 5168 1125 5222 saepe
1161 5169 1319 5208 unum
1347 5155 1647 5223 quempiam
1673 5154 1878 5210 dicendi
1909 5157 2006 5210 im-

441 5241 664 5308 peritum
685 5252 1013 5312 eooptautes,
1041 5246 1282 5300 laudibus
1314 5247 1583 5302 celebrant
1618 5263 1680 5302 ac
1705 5262 1862 5316 supra
1891 5265 2003 5303 mc-

443 5333 600 5386 ritum
651 5334 999 5402 admirantur,
1052 5337 1140 5390 alii
1185 5337 1361 5391 furore
1391 5339 1553 5402 ducti,
1601 5338 1692 5392 alii
1743 5341 1928 5408 imperi
1958 5342 2004 5394 ia

440 5423 596 5478 simul
623 5435 676 5479 et
714 5425 877 5480 livore
915 5426 1124 5496 impulsi
1148 5444 1163 5491 ;
1191 5442 1294 5481 non
1319 5435 1373 5481 ut
1397 5428 1688 5482 mirabilem
1723 5430 2006 5485 exhibeant

441 5528 584 5580 eum,
640 5517 730 5584 qui
787 5515 905 5570 talis'
952 5531 1058 5571 non
1097 5529 1196 5582 est,
1238 5516 1332 5572 sed
1377 5531 1432 5571 ut
1475 5517 1630 5588 hujus
1681 5519 1902 5588 gloriam
1939 5521 2005 5575 de

443 5605 615 5660 medio
649 5609 853 5663 tollant.
883 5609 1060 5681 Neque
1099 5612 1351 5670 adversus
1394 5609 1522 5665 istos
1562 5619 1759 5665 tantum
1792 5611 2001 5667 athletae

1138 224 1195 291 S.
1233 232 1508 290 JOANNIS
1542 234 2018 291 CllliYSOSTOMl
2054 232 2370 291 ARCHlEP.
2411 231 2940 290 CONSTANTINOP.

3583 230 3688 285 m
3837 179 3842 352 ἢ

2119 347 2192 400 illi
2223 357 2492 400 certamen
2522 356 2622 412 est,
2652 346 2745 399 sed
2777 345 3084 412 plerumque
3106 342 3359 398 adversus
3398 343 3563 398 totius
3590 359 3689 412 po-

2115 436 2221 505 puli
2253 436 2588 505 imperitiam.
2617 437 2746 503 Quia
2775 436 2914 488 euiiu
2947 435 3059 489 fieri
3087 435 3287 504 nequit,
3314 443 3371 488 ut
3411 441 3555 489 totus
3582 449 3693 488 eaa-

2117 536 2198 580 tns
2234 541 2300 580 ex
2343 526 2560 580 literatis
2587 526 2710 578 viris
2753 525 3031 587 coalucrit,
3075 524 3168 577 sed
3205 539 3394 593 magna
3435 523 3694 578 Ecclesia:

2116 630 2240 684 pars
2290 631 2355 670 ex
2397 615 2572 669 idiotis
2596 623 2835 678 constat;
2878 613 3064 682 reliqui
3097 628 3224 666 vero
3258 613 3360 668 illis
3389 614 3695 683 sagaciores

2115 705 2326 774 quidem
2369 715 2511 771 sunt,
2557 705 2651 759 sed
2695 705 2762 758 ab
2815 705 2898 770 iis,
2949 705 3037 773 qui
3084 703 3150 756 de
3193 703 3403 757 dicendi
3443 703 3696 757 facultate

2111 797 2369 866 judicium
2395 796 2535 851 ferre
2559 797 2753 861 valent,
2788 805 2990 849 tantum
3017 809 3238 848 numero
3261 795 3483 859 distant,
3515 811 3691 864 quan-

2116 899 2226 943 tum
2255 889 2409 943 iidem
2435 904 2465 942 a
2492 888 2712 957 reliquis
2741 887 2986 940 omnibus
3017 905 3030 940 :
3055 902 3187 941 unus
3212 885 3416 941 scilicet
3442 887 3524 940 vel
3554 888 3694 940 alter

2115 979 2266 1034 sedet
2295 981 2394 1033 hac
2427 979 2680 1049 pneditus
2705 979 2971 1041 facultate,
3014 991 3335 1047 necesseque
3378 985 3461 1031 est
3504 985 3562 1030 ut
3600 977 3692 1045 qui

2117 1069 2450 1138 eloquentius
2476 1067 2689 1132 dixerit,
2716 1068 2973 1121 minorem
3004 1066 3103 1120 sibi
3146 1066 3386 1134 plausum
3415 1067 3690 1129 conciliet,
3722 1083 3726 1089 ·

2116 1169 2169 1214 et
2197 1159 2482 1229 aliquando
2506 1159 2622 1213 sine
2651 1158 2805 1212 laude
2845 1157 3102 1211 discedat.
3131 1156 3271 1212 Sane
3296 1165 3477 1214 contra
3507 1156 3695 1225 hujus-

2115 1250 2258 1302 modi
2303 1248 2768 1318 inmquabilitatem
2816 1248 3051 1300 animum
3095 1261 3351 1315 generose
3388 1261 3694 1314 przeparare

2115 1339 2287 1403 decet,
2318 1340 2488 1409 iisque
2514 1354 2730 1408 parcere
2749 1337 2840 1408 qui
2871 1353 2964 1406 per
2985 1337 3329 1406 ignorantiam
3353 1337 3480 1391 illud
3500 1345 3689 1406 agunt,

2117 1445 2212 1485 eos
2237 1440 2435 1494 autem,
2470 1429 2558 1498 qui
2583 1444 2677 1497 per
2702 1428 2968 1489 invidiam,
3002 1436 3060 1481 ut
3101 1427 3324 1482 miseros
3346 1427 3693 1496 inl'elicesque

2113 1521 2410 1591 deplorare,
2435 1537 2466 1575 a
2493 1529 2784 1590 neutroque
2818 1521 3004 1574 horum
3031 1520 3295 1588 quidpiam
3327 1530 3510 1588 putare
3533 1534 3566 1572 a
3591 1533 3692 1572 sua

2112 1613 2164 1667 vi
2204 1611 2410 1665 dicendi
2451 1625 2572 1666 esse
2609 1611 2920 1665 detractum.
2960 1609 3140 1679 Neque
3183 1611 3322 1663 enim
3369 1611 3414 1664 si
3455 1610 3691 1679 optimus

2113 1701 2305 1770 pictor,
2335 1699 2424 1770 qui
2447 1715 2632 1754 omnes
2659 1701 2710 1752 in
2735 1700 2832 1753 hac
2855 1708 2968 1752 arte
3002 1699 3286 1767 pnecellat,
3317 1713 3568 1767 perquam
3597 1698 3685 1752 di-

2111 1792 2338 1863 ligenter
2363 1807 2394 1846 a
2423 1805 2481 1847 se
2493 1791 2752 1860 depictam
2772 1790 3052 1860 imaginem
3077 1791 3144 1844 ab
3169 1787 3426 1858 imperitis
3455 1790 3689 1844 derideri

2112 1884 2306 1951 videat,
2337 1883 2457 1938 ideo
2478 1883 2640 1938 debet
2663 1883 2840 1936 animo
2866 1882 3167 1947 concidere,
3198 1896 3295 1935 nec
3319 1881 3688 1950 imperitorum

2107 1977 2308 2047 judicio
2330 1977 2588 2047 picturam
2617 1977 2764 2046 parvi
2792 1975 3014 2038 ducere;
3041 1973 3484 2045 quemadmodum
3512 1988 3688 2042 neque

2111 2069 2369 2138 picturam
2396 2082 2517 2138 qua:
2543 2066 2692 2121 nihili
2719 2067 2807 2133 sit,
2847 2080 2910 2120 ex
2939 2065 3300 2135 imperitorum
3337 2064 3692 2118 admiratione

2110 2161 2286 2230 magni
2317 2159 2510 2214 facere.

2181 2251 2236 2304 7.
2276 2249 2546 2304 Sermones
2570 2265 2740 2304 omnes
2768 2263 2825 2302 eo
2866 2256 3062 2301 tantum
3096 2258 3151 2301 ut
3187 2246 3296 2300 Deo
3321 2247 3583 2317 placentur
3608 2246 3693 2298 di-

2110 2341 2345 2412 rigenda:
2388 2337 2752 2395 essem—Nam
2799 2340 3030 2408 optimus
3064 2339 3251 2393 artifex
3305 2341 3422 2407 ipse
3464 2351 3691 2391 suorum

2111 2433 2440 2503 opiﬁciorum
2465 2433 2630 2503 judex
2658 2441 2794 2500 esto,
2824 2441 2876 2487 et
2906 2433 3119 2502 pulchra
3146 2432 3351 2485 fmdave
3380 2432 3466 2485 illa
3493 2431 3686 2485 existi-

2111 2535 2241 2590 met,
2263 2540 2384 2580 cum
2415 2540 2567 2580 mens
2603 2525 2808 2592 eadem,
2849 2541 2968 2596 qua:
2995 2525 3078 2578 illa
3117 2525 3299 2590 edidit,
3325 2524 3467 2578 hunc
3505 2525 3692 2578 calcu-

2114 2616 2223 2670 lum
2266 2615 2440 2670 feret:
2470 2615 2694 2672 aliorum
2739 2623 2917 2669 autem
2959 2615 3261 2684 opinionem
3306 2629 3586 2669 erroneam
3631 2624 3689 2668 et

2111 2707 2242 2760 artis
2287 2706 2583 2776 imperitam
2631 2720 2700 2760 ne
2743 2705 2797 2758 in
2841 2715 3017 2760 mente
3055 2705 3265 2775 quidem
3314 2713 3552 2773 reponat.
3608 2705 3689 2760 Ne

2113 2795 2290 2866 itaque
2316 2799 2361 2849 is
2379 2796 2470 2865 qui
2497 2795 2753 2851 doctrinm
2772 2795 3008 2850 laborem
3038 2795 3288 2864 suscepit,
3311 2797 3532 2849 aliorum
3565 2795 3688 2848 lau-

2112 2886 2499 2952 des'attendat,
2556 2901 2728 2956 neque
2775 2887 2857 2941 his
2897 2886 3262 2941 deficientibus
3303 2886 3533 2939 animum
3588 2885 3689 2940 de-

2111 2977 2392 3046 spondeat.
2425 2977 2617 3032 Verum
2656 2991 2960 3032 sermonem
3001 2992 3154 3031 suum
3192 2976 3258 3030 ad
3307 2977 3396 3030 Dei
3428 2976 3685 3045 placitum

2109 3068 2436 3124 concinnans
2458 3067 2598 3137 (haec
2637 3068 2778 3122 enim
2803 3067 2919 3135 ejus
2948 3080 3151 3130 norma,
3185 3066 3271 3120 hic
3311 3066 3565 3120 terminus
3592 3081 3686 3118 ar-

2112 3157 2260 3212 tiﬁcii
2282 3158 2442 3213 debet
2475 3173 2614 3224 esse,
2645 3172 2750 3212 non
2779 3157 2995 3226 plausus
3022 3157 3106 3210 vel
3133 3155 3359 3226 laudes),
3391 3155 3433 3208 si
3464 3155 3685 3224 quidem

2110 3249 2178 3304 ab
2202 3248 2504 3303 hominibus
2529 3249 2689 3303 etiam
2729 3249 2992 3314 laudetur,
3020 3247 3202 3304 laudes
3225 3263 3292 3301 ne
3327 3247 3564 3316 rejiciat;
3599 3247 3688 3300 sin

2110 3339 2295 3395 laudes
2327 3339 2396 3393 ab
2437 3339 2763 3394 auditoribus
2805 3354 2909 3393 non
2951 3337 3168 3404 referat,
3207 3353 3273 3392 ne
3297 3346 3501 3406 qua-rat
3539 3337 3683 3400 illas,

2111 3446 2212 3487 nec
2239 3431 2358 3488 ideo
2391 3431 2586 3486 doleat.
2613 3430 2880 3486 Laborum
2901 3430 3096 3500 quippe
3115 3428 3362 3484 solatium
3391 3428 3521 3482 illud
3548 3429 3688 3482 satis

2108 3523 2214 3579 erit
2237 3522 2577 3592 omniumque
2599 3521 2908 3586 maximum,
2939 3521 2986 3575 si
3017 3520 3262 3576 conscius
3287 3521 3385 3575 sibi
3415 3519 3595 3583 fuerit,
3626 3535 3689 3574 se

2109 3615 2175 3669 ad
2202 3615 2291 3669 Dei
2323 3614 2568 3682 placitum
2593 3613 2886 3668 doctrinam
2905 3613 3250 3667 concinnasse
3278 3627 3449 3664 suam.

2179 3704 2234 3757 8.
2279 3704 2378 3768 Qui
2417 3719 2516 3757 non
2553 3704 2616 3756 sit
2643 3702 2850 3756 laudum
2886 3712 3213 3771 contemptor,
3244 3703 3287 3754 ei
3324 3699 3484 3753 multa
3507 3701 3688 3769 gratia

2109 3795 2355 3848 accidere.
2387 3823 2457 3834 —
2486 3793 2619 3848 Nam
2662 3794 2707 3848 si
2753 3793 3024 3861 contingat
3059 3806 3179 3846 eum
3224 3791 3391 3844 laudis
3431 3789 3687 3858 cupidine

2108 3885 2312 3954 abripi,
2359 3884 2486 3938 nihil
2530 3883 2786 3952 juvabuut
2840 3883 3079 3952 ingentes
3127 3882 3200 3938 illi
3253 3881 3500 3946 labores,
3550 3880 3684 3933 nihil

2108 3975 2320 4030 dicendi
2373 3976 2610 4029 facultas.
2661 3974 2881 4028 Animus
2922 3973 3084 4036 enim,
3115 3972 3203 4041 qui
3246 3972 3433 4026 stultas
3478 3971 3680 4024 multo-

2108 4081 2226 4121 rum
2267 4067 2706 4136 reprehensioncs
2743 4066 2879 4120 ferre
2921 4066 3118 4132 nequit,
3145 4063 3472 4125 dissolvitur,
3507 4077 3572 4115 ac
3596 4062 3682 4115 di-

2109 4156 2262 4211 cendi
2306 4156 2537 4211 studium
2574 4155 2770 4224 abjicit.
2801 4154 3153 4221 Quamobrem
3199 4152 3296 4206 hac
3333 4154 3562 4221 primum
3594 4153 3680 4205 dio

2108 4247 2330 4316 sciplina
2382 4245 2545 4301 imbui
2586 4259 2681 4315 par
2713 4253 2814 4307 est,
2860 4258 3049 4312 nempe
3088 4243 3505 4299 contemnendas
3554 4256 3680 4296 esse

2110 4337 2313 4392 laudes.
2359 4335 2542 4406 Neque
2584 4335 2725 4390 enim
2767 4337 2896 4388 satis
2937 4341 3020 4387 est
3061 4331 3267 4387 dicendi
3309 4331 3356 4385 vi
3399 4330 3680 4399 praeditum

2109 4445 2227 4484 esse
2247 4428 2313 4483 ad
2339 4444 2457 4484 eam
2488 4427 2786 4483 facultatem
2811 4425 3245 4486 conservandam,
3278 4425 3375 4478 nisi
3398 4423 3500 4477 hoc
3518 4423 3682 4477 etiam

2109 4520 2266 4574 adsit.
2298 4519 2450 4586 Quod
2489 4519 2534 4572 si
2581 4517 2698 4587 quis
2738 4532 2859 4572 eum
2898 4525 3144 4571 accurate
3180 4514 3485 4569 examinare
3529 4515 3680 4576 velit,

2109 4610 2198 4680 qui
2225 4609 2472 4664 facultate
2505 4609 2603 4662 ista
2629 4615 2793 4672 caret,
2820 4607 3111 4676 comperiet
3153 4620 3256 4659 non
3287 4604 3461 4658 minus
3501 4602 3682 4668 illum,

2108 4716 2264 4772 quam
2292 4701 2430 4758 hunc
2448 4699 2659 4757 laudum
2685 4708 2992 4768 contemptu
3014 4712 3191 4768 egere.
3219 4695 3349 4751 Nam
3376 4695 3420 4750 si
3445 4708 3476 4747 a
3507 4708 3676 4763 popu-

2110 4796 2236 4850 laris
2263 4810 2408 4850 aurae
2427 4794 2674 4864 cupidine
2701 4793 2840 4847 vinci
2878 4807 2938 4847 se
2966 4791 3211 4860 patiatur,
3237 4789 3418 4844 multis
3441 4789 3496 4842 in
3519 4787 3681 4843 rebus

2111 4886 2408 4940 necessario
2429 4884 2716 4952 delinquet.
2733 4883 2864 4938 Cum
2885 4882 3024 4938 enim
3044 4895 3110 4936 eo
3130 4879 3400 4950 pervenire
3426 4887 3684 4948 nequeat,

2111 4987 2168 5031 ut
2189 4976 2396 5032 dicendi
2428 4975 2582 5030 laude
2609 4974 2916 5028 ﬂorentibus
2939 4973 3156 5043 :nqualis
3180 4972 3268 5035 sit,
3301 4972 3428 5040 ipsis
3455 4980 3568 5025 tum
3593 4971 3681 5024 in-

2111 5069 2313 5132 sidiari,
2346 5064 2458 5122 tum
2502 5066 2759 5132 invidere,
2793 5073 2900 5119 tum
2928 5066 3129 5119 crimen
3166 5061 3378 5127 offerre,
3406 5074 3514 5116 tum
3545 5063 3686 5116 alias

2111 5162 2332 5228 turpiter
2372 5157 2590 5226 injurias
2613 5156 2807 5210 inferre
2841 5170 2945 5209 non
2975 5153 3254 5219 dubitabit,
3295 5153 3388 5207 sed
3413 5152 3543 5205 nihil
3575 5168 3684 5206 non

2110 5251 2344 5315 audebit,
2384 5250 2590 5305 etiamsi
2629 5249 2856 5303 animam
2897 5247 3118 5317 perdere
3160 5260 3295 5316 opus
3335 5245 3424 5307 sit,
3468 5254 3526 5298 ut
3566 5245 3690 5310 ejus

2109 5343 2330 5412 gloriam
2371 5344 2421 5396 in
2470 5357 2580 5396 sua:
2609 5341 2877 5396 tenuitatis
2913 5339 3269 5395 conditionem
3309 5337 3554 5392 deducat.
3600 5338 3682 5390 Ad

2111 5435 2227 5489 lucc
2265 5449 2294 5486 a
2331 5433 2612 5487 sudoribus
2651 5431 3020 5500 laboribusque
3062 5429 3363 5492 abstinebit,
3409 5443 3508 5482 ceu
3545 5443 3681 5495 qua-

2111 5522 2230 5575 dam
2256 5521 2531 5591 torpediue
2555 5523 2672 5591 ejus
2709 5521 2888 5575 animo
2924 5519 3259 5579 circumfusa.
3291 5517 3420 5570 Nam
3450 5517 3678 5569 multum

2115 5611 2440 5666 laborantem
2469 5610 2725 5666 modicam
2765 5610 2962 5665 referre
2987 5608 3215 5678 laudem,
3254 5607 3304 5662 id
3343 5621 3470 5662 sane
3508 5606 3559 5660 in
3600 5606 3680 5661 al-
