3890 6220
176 237 286 292 575

177 352 316 406 Οὐδὲ
365 352 474 423 γάρ
514 352 655 422 ὑπὲρ
695 350 803 404 τῶν
850 350 1029 404 αὐτῶν
1067 353 1099 422 ή
1137 351 1310 422 ζημία
1353 354 1620 423 ἀμελοῦσι
1652 357 1864 419 τούτοις

180 441 481 504 κάκείνοις,
533 440 669 510 ἀλλά
712 438 966 492 τοσοῦτον
1007 439 1146 510 αὕτη
1196 441 1426 503 πλείων,
1461 443 1584 496 ὅσον
1631 447 1722 498 καὶ
1767 445 1866 516 τῆς

180 531 434 598 κτήσεως
459 528 726 598 ἑκατέρας
758 527 819 579 τὸ
848 527 1030 596 μέσον.
1057 529 1346 591 Κάκείνοις
1367 529 1464 599 μὲν
1480 531 1586 583 οὐδ’
1605 532 1670 584 ἀν
1702 535 1868 600 ἐγκα-

179 618 362 670 λέσειέ
395 635 500 680 τις,
538 617 706 687 μηδὲν
739 615 890 682 ἀξιον
940 616 1100 683 λόγου
1141 617 1474 688 παρέχουσιν
1498 635 1512 649 ο
1543 615 1688 672 οὗτοι
1713 619 1790 681 δὲ,
1819 621 1868 673 εί

181 707 264 776 μὴ
303 705 525 776 μείζονα
552 706 652 774 τῆς
681 702 842 774 δόξης
863 743 876 767 ,
917 699 984 775 ἧς
1012 687 1251 768 ἅπαντες
1291 705 1474 775 έχουσι
1509 709 1638 778 περὶ
1665 706 1867 771 αὐτῶν,
1894 687 1933 729 θ

181 795 274 846 ἀεὶ
301 794 646 864 προφέροιεν,
677 793 849 846 πολλά
879 793 1030 863 παρά
1067 793 1286 846 πάντων
1331 795 1525 847 ’έπεται
1563 795 1632 848 τά
1679 795 1870 862 ἐγκλή-

184 898 358 950 ματα.
394 881 536 952 Πρὸς
566 881 622 933 δέ
659 880 871 944 τούτοις
904 881 1102 934 ἐκεῖνοι
1142 881 1239 950 μὲν
1275 883 1370 934 καὶ
1401 883 1492 934 ἐπὶ
1526 883 1745 952 μικροῖς
1775 898 1869 950 με-

182 968 371 1036 γάλων
409 967 476 1021 ἂν
515 967 734 1038 τύχοιεν
765 968 875 1020 τῶν
911 967 1178 1032 ἐπαίνων,
1213 967 1281 1022 τά
1329 968 1387 1020 δὲ
1426 967 1656 1033 τούτων,
1693 968 1759 1022 ἀν
1796 968 1871 1039 μὴ

183 1050 380 1128 λίανῇ
429 1054 718 1124 θαυμαστά
767 1057 861 1108 καὶ
909 1054 1216 1124 ἐκπληκτα,
1259 1055 1320 1108 οὐ
1360 1055 1522 1126 μόνον
1576 1056 1872 1125 ἐγκωμίων

184 1144 496 1214 ἐστέρηται.
525 1143 665 1196 ἀλλά
711 1145 806 1196 καὶ
855 1146 980 1207 τοὺς
1028 1141 1414 1213 μεμφομένους
1459 1143 1574 1213 ἔχει
1619 1142 1868 1206 πολλούς.

185 1232 265 1284 υῦ
297 1232 405 1302 γὰρ
450 1235 562 1295 τοῖς
604 1231 920 1302 λεγομένοις
941 1274 954 1294 ,
987 1232 1063 1294 ὡς
1096 1230 1275 1303 [418]
1304 1234 1424 1294 ταῖς
1453 1232 1563 1284 τῶν
1605 1231 1872 1300 λεγόντων

182 1317 391 1383 δῦξαις,
440 1319 708 1389 κάθηνται
755 1318 1071 1382 δ;κάζοντες
1119 1320 1169 1371 οί
1217 1318 1507 1390 ἀκροαταί.
1539 1319 1701 1372 ’Ὥστε
1744 1319 1872 1372 ὅταν

186 1411 370 1477 κρατῇ
399 1424 482 1469 τις
513 1406 766 1462 ἀπάντων
804 1408 862 1459 ἐν
889 1405 966 1477 τῷ
995 1406 1196 1475 λέγειν,
1232 1406 1354 1459 τότε
1379 1405 1616 1476 μάλιστα
1655 1406 1873 1459 πάντων
1917 1429 1920 1432 ’

185 1493 342 1563 αὕτῷ
365 1494 444 1546 δεῖ
458 1495 838 1567 πεπονημένης
861 1494 1128 1565 σπουδῆς·
1144 1494 1266 1548 ούδέ
1286 1495 1394 1568 γὰρ
1430 1494 1589 1547 τοῦτο
1605 1534 1619 1556 ,
1639 1494 1667 1546 ὅ
1695 1494 1873 1548 κοινὸν

184 1581 292 1651 τῆς
324 1581 668 1650 ἀνθρωπείας
690 1583 902 1652 φύσεώς
928 1585 1067 1648 ἐστι,
1092 1584 1153 1636 τὸ
1191 1583 1264 1653 μὴ
1285 1582 1465 1636 πάντα
1496 1582 1875 1652 ἐπιτυγχάνειν

187 1669 404 1733 ἔξεστιν
433 1669 626 1740 ἐκείνῳ
673 1670 868 1723 παθεῖν
894 1687 908 1700 ·
944 1670 1082 1734 ἀλλ’,
1113 1670 1177 1725 ἂν
1209 1669 1284 1741 μὴ
1326 1669 1393 1722 δι’
1433 1669 1555 1722 ὅλου
1605 1672 1874 1740 συμφωνῇ

186 1755 272 1825 τῷ
317 1756 534 1825 μεγέθει
582 1757 684 1828 τῆς
719 1758 1043 1829 ὑπολήψεως
1081 1756 1248 1811 αὑτοῦ
1273 1758 1344 1812 τὰ
1369 1758 1662 1828 λεγόμενα,
1690 1755 1876 1826 σκώμ-

194 1861 344 1914 ματα
378 1845 547 1916 μυρία
577 1847 671 1899 καὶ
705 1845 942 1917 μέμψεις
983 1845 1162 1899 λαϐὼν
1200 1846 1386 1900 ἀπεισι
1422 1845 1574 1914 παρά
1602 1845 1712 1898 τῶν
1747 1844 1876 1898 πολ⁹

189 1931 325 1983 λῶν.
371 1934 479 1985 Καὶ
515 1932 694 1997 οὐδεὶς
739 1934 915 1987 ἐκεῖνο
948 1932 1222 2001 λογίζεται
1251 1933 1390 2005 πρὸς
1421 1933 1635 1994 ἐαυτὸν,
1661 1933 1744 1986 ὅτι
1780 1933 1877 1986 καὶ

190 2020 404 2090 ἀθυμία
427 2021 840 2093 προσπεσοῦσα,
869 2025 965 2076 καὶ
999 2023 1230 2092 ἀγωνία,
1273 2023 1368 2075 καὶ
1399 2023 1640 2094 φροντὶς,
1675 2019 1877 2073 πολλά-

192 2125 287 2170 κις
303 2109 359 2162 δὲ
388 2110 482 2162 καὶ
513 2109 684 2182 θυμὸς
711 2111 1047 2182 ἐπεσκότησε
1069 2123 1095 2152 ι
1125 2109 1205 2182 τῷ
1231 2111 1332 2180 τῆς
1360 2111 1601 2171 διανοίας
1625 2107 1875 2179 καθαρῷ.

193 2196 295 2248 καὶ
320 2197 386 2250 τὰ
423 2197 720 2268 τικτόμενα
745 2200 847 2252 οὐκ
879 2200 1090 2270 ἀφῆκεν
1125 2197 1410 2270 προελθεῖν
1447 2198 1710 2268 εἰλικρινῆ
1745 2211 1757 2224 ’
1787 2197 1880 2250 καὶ

191 2285 281 2338 ὅτι
320 2285 454 2349 ὅλως
495 2285 782 2357 ἄνθρωπον
813 2287 944 2342 ὄντα
979 2289 1080 2342 οὑκ
1107 2287 1223 2341 ἐστι
1256 2286 1344 2340 διὰ
1387 2285 1584 2350 παντὸς
1616 2283 1756 2340 εἶναι
1789 2285 1878 2339 τὸν

195 2370 364 2424 αὐτὸν
384 2413 398 2435 ,
431 2373 552 2426 ούδέ
591 2375 649 2426 ἐν
689 2373 894 2428 ἀπασιν
937 2376 1252 2447 εὐημερεῖν,
1285 2374 1400 2428 ἀλλ’
1432 2374 1580 2438 είκός
1623 2390 1755 2426 ποτε
1785 2373 1880 2426 καὶ

193 2459 545 2530 διαμαρτεῖν,
577 2461 674 2514 καὶ
711 2462 971 2517 ἐλάττονα
1013 2463 1112 2534 τῆς
1145 2461 1354 2526 οίκείας
1403 2459 1678 2532 δειχθῆναι
1725 2459 1882 2514 δυνά-

199 2565 371 2616 μεως.
420 2550 638 2604 Τούτων
673 2553 858 2614 οὐδὲν,
888 2554 1026 2624 ὅπερ
1059 2552 1230 2624 ἔφην,
1276 2551 1528 2622 ἐννοῆσαι
1579 2549 1879 2620 βούλονται,

199 2637 323 2689 ἀλλ’
355 2637 546 2710 ὥσπερ
596 2641 814 2712 ἀγγέλῳ
847 2641 1166 2706 δικάζοντες
1210 2641 1478 2709 ἐπάγουσι
1528 2640 1628 2702 τάς
1681 2638 1880 2700 αἰτίας.

201 2727 313 2778 Καὶ
338 2726 514 2790 ἄλλως
539 2728 597 2782 δὲ
629 2729 876 2800 πέφυκεν
913 2730 1200 2802 ἄνθρωπος
1234 2730 1304 2784 τά
1345 2729 1446 2800 μὲν
1477 2725 1884 2799 κατορθώματα

196 2813 298 2866 τοῦ
327 2814 556 2886 πλησίον
594 2817 689 2870 καὶ
733 2817 904 2872 πολλά
949 2818 1077 2871 ὄντα
1115 2820 1210 2871 καὶ
1246 2817 1461 2888 μεγάλα
1505 2818 1753 2888 παρορᾷν
1788 2832 1799 2843 ·
1821 2815 1885 2885 ἢν

197 2901 262 2954 δέ
287 2902 577 2974 ἐλάττωμά
605 2920 707 2957 που
738 2907 902 2976 φανῇ,
935 2904 1039 2959 κᾶν
1073 2905 1135 2958 τὸ
1162 2905 1324 2976 τυχὸν
1347 2900 1403 2976 ᾗ,
1434 2903 1537 2958 κᾶν
1566 2903 1656 2956 διὰ
1688 2901 1884 2956 πολλοῦ

204 2989 581 3062 συμϐεϐηκὸς.
619 2993 714 3045 καὶ
759 2992 1151 3046 ἐπαισθάνεται
1179 2993 1412 3064 ταχέως,
1446 2992 1542 3046 καὶ
1579 2991 1888 3062 ἐπιλαμϐά-

202 3095 361 3131 νεται
407 3079 714 3149 προχείρως
748 3081 843 3134 καὶ
885 3080 1161 3151 μέμνηται
1195 3081 1490 3143 διαπαντός
1519 3097 1530 3109 ·
1570 3080 1662 3132 καὶ
1699 3080 1759 3132 τὸ
1795 3096 1888 3146 μι-

205 3167 344 3236 κρδν
383 3167 540 3219 τοῦτο
581 3169 674 3220 καὶ
723 3168 959 3232 εὐτελὲς,
990 3169 1088 3240 τὴν
1122 3169 1231 3222 τῶν
1271 3168 1484 3222 πολλῶν
1512 3167 1608 3221 καὶ
1637 3166 1893 3238 μεγάλων

202 3256 491 3324 ἠλάττωσε
527 3257 685 3322 δόξαν
716 3259 996 3323 πολλάκις.

285 3351 362 3407 ς’.
395 3345 578 3415 Ὀρᾷς,
599 3339 644 3399 ὦ
666 3349 903 3414 γενναῖε,
925 3347 1008 3400 ὅτι
1040 3346 1276 3418 μάλιστα
1300 3345 1380 3417 τῷ
1405 3345 1585 3414 λέγειν
1612 3343 1894 3414 δυναμένῳ

207 3431 457 3499 πλείονος
471 3433 551 3486 δεῖ
569 3425 668 3504 τῆς
689 3435 717 3474 δ
742 3435 997 3506 σπουδῆς,
1017 3437 1153 3506 πρὸς
1183 3435 1240 3488 δέ
1270 3438 1336 3507 τῇ
1362 3435 1567 3506 σπουδῇ
1596 3436 1691 3486 καὶ
1719 3433 1896 3496 ἀνεξι-

208 3519 412 3583 κακίας
440 3521 727 3592 τοσαύτης,
747 3523 879 3593 ὅσης
907 3523 1028 3576 οὐδέ
1052 3525 1310 3589 ἀπαντες,
1332 3524 1492 3585 ὅσους
1518 3519 1782 3592 πρότερόν
1813 3536 1895 3572 σοι

206 3607 450 3677 διῆλθον,
483 3609 712 3663 ἐδέοντο.
753 3611 945 3664 Πολλοὶ
979 3610 1088 3680 γὰρ
1124 3609 1273 3681 αὑτῷ
1305 3609 1542 3680 συνεχῶς
1576 3606 1897 3677 ἐπιφύονται

215 3695 398 3766 μάτην
423 3697 515 3749 καὶ
540 3697 686 3767 εἰκῆ,
718 3699 812 3751 καὶ
841 3698 992 3752 οὐδὲν
1010 3698 1241 3769 ,ἔχοντες
1265 3699 1539 3766 ἐγκαλεῖν,
1571 3697 1713 3768 πλὴν
1745 3695 1899 3766 παρὰ

211 3785 388 3836 πᾶσιν
413 3785 738 3856 εὐδοκιμεῖν.
769 3787 1185 3857 ἀπεχθάνονται.
1238 3787 1352 3840 Καὶ
1394 3785 1476 3838 δεῖ
1502 3784 1769 3853 γενναίως
1804 3782 1902 3850 φέ-

216 3888 338 3942 ρειν
365 3871 464 3942 τὴν
498 3873 702 3945 πικράν
735 3875 940 3927 τούτων
989 3873 1307 3944 βασκανίαν.
1363 3873 1438 3925 Τὸ
1477 3872 1587 3942 γάρ
1628 3871 1902 3941 ἐπάρατον

211 3959 381 4012 τοῦτο
411 3963 584 4030 μῖσος,
619 3962 757 4033 ὅπερ
787 3964 911 4033 είκῆ
945 3962 1316 4030 συλλέγουσιν,
1353 3963 1414 4013 οὐ
1444 3961 1728 4028 στέγοντες
1763 3957 1901 4029 κρύ-

215 4066 398 4113 πτειν,
448 4051 541 4103 καὶ
583 4049 945 4120 λοιδοροῦνται
987 4051 1080 4103 καὶ
1116 4050 1425 4120 μέμφονται
1457 4059 1506 4110 ο,
1544 4049 1641 4100 καὶ
1679 4045 1902 4100 διαϐάλ-

214 4137 374 4190 λουσι
397 4137 591 4208 λάθρα,
620 4138 717 4191 καὶ
751 4137 1145 4208 πονηρεύονται
1173 4135 1442 4207 φανερῶς.
1471 4136 1635 4206 Ψυχὴ
1659 4134 1713 4187 δὲ
1737 4134 1906 4205 ἀρξα-

223 4226 362 4296 μένη
391 4226 510 4279 καθ’
531 4225 762 4280 ἕκαστον
783 4226 989 4279 τούτων
1019 4225 1206 4294 ἀλγεῖν
1234 4225 1329 4278 καὶ
1357 4222 1776 4293 παροξύνεσθαι,
1806 4224 1905 4276 οὐκ

219 4317 294 4370 ἂν
328 4315 550 4382 φθάσειε
569 4315 934 4386 διαφθαρεῖσα
962 4317 1028 4384 τῇ
1045 4314 1211 4385 λύπῃ.
1252 4313 1363 4367 Καὶ
1385 4313 1490 4385 γὰρ
1519 4313 1580 4366 ού
1611 4312 1678 4365 δι’
1698 4313 1906 4366 ἐαυτῶν

220 4404 390 4458 αὐτὸν
420 4403 714 4473 ἀμύνονται
747 4404 929 4474 μόνον,
975 4402 1109 4457 ἀλλά
1139 4403 1234 4456 καὶ
1269 4401 1338 4454 δι’
1363 4401 1569 4470 ἐτέρων
1597 4399 1756 4452 τοῦτο
1788 4418 1908 4453 ποι-

220 4498 306 4549 εῖν
348 4495 711 4567 ἐπιχειροῦσιο
753 4495 848 4547 καὶ
887 4494 1146 4556 πολλάκις
1178 4492 1300 4545 τινὰ.
1344 4491 1454 4544 τῶν
1491 4490 1644 4544 οὐδὲν
1674 4489 1939 4576 δυναμέ-⁶

221 4601 335 4637 νων
377 4585 550 4637 είπεῖν
584 4581 953 4654 ἐκλεξάμενοι,
989 4583 1103 4644 τοῖς
1148 4580 1394 4643 ἐπαίνοις
1441 4577 1754 4650 ἐπαίρουσι,
1810 4577 1904 4630 καὶ

224 4671 598 4742 θαυμάζουσιν
624 4671 766 4742 ύπέρ
793 4672 890 4742 τὴν
923 4671 1082 4735 ἀξίαν
1101 4684 1114 4698 ·
1144 4671 1191 4722 οί
1225 4670 1323 4739 μὲν
1361 4668 1525 4738 μανίᾳ
1555 4669 1736 4738 μόνον,
1771 4667 1821 4718 οἱ
1851 4667 1908 4719 δέ

225 4762 325 4813 καὶ
355 4761 566 4831 ἀμαθία
600 4760 697 4813 καὶ
734 4759 913 4829 φθόνῳ
943 4757 1103 4812 τοῦτο
1148 4757 1449 4820 ποιοῦντες,
1487 4757 1574 4808 ἵνα
1613 4755 1710 4827 τὴν
1749 4753 1908 4818 δόξαν

224 4848 419 4904 τούτου
454 4849 777 4910 καθέλωσιν,
833 4849 932 4918 οὐχ
973 4847 1062 4900 ἶνα
1091 4846 1306 4912 δείξωσι
1350 4844 1663 4926 θαυμαστὸν
1688 4843 1780 4896 τδν
1809 4845 1910 4896 οὐκ

225 4939 357 4993 ὅντα
377 4937 637 4991 τοιοῦτον.
670 4937 746 4990 Οὐ
777 4936 912 5006 πρὸς
938 4933 1159 4996 τούτους
1181 4934 1238 4986 δέ
1267 4934 1426 5002 μόνον
1454 4932 1649 5003 ἐκείνῳ
1677 4931 1755 5002 τῷ
1782 4949 1908 5001 γεν-

225 5027 368 5097 ναίῳ
393 5027 421 5079 6
448 5025 617 5092 ἀγὼν,
655 5024 790 5078 ἀλλά
832 5025 926 5077 καὶ
958 5023 1093 5092 πρὸς
1122 5022 1378 5092 ἀπειρίαν
1409 5021 1532 5075 ὅλου
1573 5021 1750 5092 δήμου
1780 5020 1911 5074 πολ-

226 5115 410 5177 λάκις.
473 5113 691 5183 Ἐπειδὴ
733 5112 841 5183 γάρ
883 5111 984 5164 οὐκ
1014 5110 1221 5162 ἔνεστιν
1255 5109 1316 5173 ἐξ
1362 5108 1658 5179 ἐλλογίμων
1699 5109 1909 5179 ἀνδρῶν

229 5199 586 5269 συλλέγεσθαι
609 5201 734 5263 τοὺς
753 5199 1181 5269 συνερχομένους
1205 5199 1472 5262 ἅπαντας,
1491 5195 1628 5250 άλλά
1653 5197 1716 5250 τὸ
1746 5197 1910 5251 πλέον

226 5291 331 5360 τῆς
374 5288 700 5359 Ἐκκλησίας
745 5287 908 5358 μέρος
935 5286 992 5353 ἐξ
1045 5286 1269 5340 ἰδιωτῶν
1303 5285 1566 5357 συνῆχθαι
1598 5286 1907 5354 συμϐαίνει,

228 5379 360 5440 τοὺς
390 5377 446 5430 δὲ
490 5376 712 5439 λοιποὺς
750 5376 844 5428 καὶ
874 5374 1071 5439 αὐτοὺς
1102 5376 1327 5429 ἐκείνων
1373 5376 1472 5445 μὲν
1500 5369 1640 5428 ε’ίναι
1677 5391 1910 5428 συνετω-

297 5520 327 5550 ⁸
349 5519 443 5570 Alii
470 5526 521 5567 ρῐ
543 5520 691 5568 Savil.
720 5520 1017 5569 έπεσκὸτισε.

299 5582 328 5621 b
353 5583 448 5642 Alii
472 5582 635 5629 δεῖται.
669 5582 822 5631 Paulo
843 5586 949 5642 post
975 5580 1059 5629 alii
1081 5581 1307 5642 σπουδῆς,
1336 5579 1410 5626 ἐπὶ
1443 5579 1493 5627 δὲ
1512 5584 1569 5640 τῇ
1592 5580 1793 5639 σπουδῇ.

301 5645 326 5674 ε
353 5641 450 5708 ᾼΙὶἰ
478 5637 880 5708 καταμέμφονται.
906 5641 1036 5690 Infra
1075 5640 1224 5690 Savil.
1252 5649 1305 5689 el
1323 5642 1519 5702 quidam
1543 5637 1658 5689 inss.
1691 5637 1778 5688 κᾶν
1803 5637 1892 5702 φθά

231 5723 336 5758 ctu
361 5705 682 5766 διαφθαρῆναι.

658 5773 922 5835 ΡΑτιιοι..
968 5774 1086 5835 ϐα.
1132 5774 1410 5836 XLVIII.

1497 246 1581 288 ur.
1622 236 2078 298 sACERDOTIO.
2125 243 2252 297 LIB.
2296 243 2360 296 ν.

3537 248 3645 301 676

1968 360 2178 431 τέρους,
2207 362 2316 415 τῶν
2345 361 2402 415 δὲ
2438 361 2626 428 λόγους
2654 362 2837 432 κρῖναι
2868 361 3180 432 δυναμένων
3205 361 3490 416 λείπεσθαι
3514 363 3648 416 πολ-

1967 446 2045 517 λῷ
2084 449 2266 510 πλέον,
2297 449 2330 520 ἢ
2357 450 2479 502 ὅσον
2512 449 2735 502 ἐκείνων
2759 451 2807 502 οί
2836 449 3013 502 λοιποὶ
3036 450 3257 514 πάντες,
3279 451 3377 504 ἕνα
3400 451 3455 503 δὲ
3490 449 3644 519 μόλις

1968 535 2000 606 ἢ
2033 535 2284 608 δεύτερον
2309 537 2578 609 καθῆσθαι
2603 537 2694 590 τὸν
2721 537 2922 607 ταύτην
2941 539 3279 609 κεκτημένον
3301 538 3398 609 τὴν
3420 537 3644 608 ἀρετὴν,

1968 624 2182 694 ἀνάγκη
2222 625 2315 678 τὸν
2353 625 2574 696 ἄμεινον
2616 626 2836 679 είπόντα
2885 624 3174 690 ἐλάττονας
3233 624 3645 694 ἀπενέγκασθαι
3709 677 3712 680 .

1969 711 2227 778 κρότους,
2257 713 2370 766 ἐστι
2396 713 2451 766 δέ
2480 715 2568 766 ὅτε
2601 714 2735 784 μηδέ
2764 714 3120 768 ἐπαινεθέντα
3144 714 3403 768 ἀπελθεῖν
3421 713 3448 752 ά
3495 709 3645 785 [419]

1970 799 2080 852 Καὶ
2111 800 2193 853 δεῖ
2223 801 2358 872 πρὸς
2385 801 2586 864 ταύτας
2609 801 2872 870 γενναίως
2901 803 3346 874 παρεσκευάσθαι
3377 801 3476 865 τὰς
3510 803 3651 855 ἀνω-

1973 885 2193 957 μαλίας,
2227 888 2320 941 καὶ
2350 891 2463 953 τοῖς
2498 889 2596 960 μὲν
2623 889 2691 942 δι’
2735 890 2978 957 ἀμαθίαν
3003 891 3178 944 ταῦτα
3210 891 3481 961 πάσχουσι
3518 905 3653 958 συγ-

1970 975 2279 1042 γινώσκειν,
2329 977 2456 1040 τοὺς
2505 977 2561 1030 δὲ
2609 976 2698 1031 διά
2739 977 2932 1047 φθόνον
2957 977 3113 1032 τοῦτο
3155 980 3525 1049 ὑπομένοντας
3562 977 3655 1030 δα-

1972 1062 2160 1134 κρύειν
2185 1064 2259 1120 ὼς
2282 1063 2501 1128 ἀθλίους
2526 1065 2684 1127 ὄντας
2711 1067 2805 1119 καὶ
2830 1066 3112 1130 ἐλεεινοὺς,
3141 1066 3420 1138 μηδετέρῳ
3448 1065 3505 1118 δὲ
3531 1063 3656 1118 τού-

1971 1168 2078 1203 των
2124 1150 2331 1205 ἐλάττω
2369 1150 2467 1222 τὴν
2514 1153 2680 1206 αὑτοῦ
2733 1152 2974 1223 νομίζειν
3030 1153 3358 1224 γεγενῆσθαι
3399 1152 3650 1222 δύναμιν.

1972 1239 2106 1292 Οὐδὲ
2156 1240 2264 1310 γὰρ
2307 1241 2353 1292 εἰ
2383 1239 2673 1310 ζωγράφος
2712 1241 2787 1294 ὢν
2821 1241 3066 1312 ἀριστος,
3116 1243 3214 1295 καὶ
3247 1241 3466 1296 πάντων
3513 1239 3656 1294 κατά

1971 1327 2070 1396 τὴν
2094 1327 2290 1398 τέχνην
2306 1328 2544 1397 κρατῶν,
2570 1328 2666 1398 τὴν
2700 1330 2838 1399 μετὰ
2861 1330 3063 1401 πολλῆς
3083 1330 3184 1402 τῆς
3209 1329 3500 1401 ἀκριϐείας
3525 1329 3656 1382 ἀναο

1972 1417 2363 1486 γεγραμμένην
2396 1417 2580 1470 είκόνα
2611 1417 2716 1471 ὑπὸ
2741 1419 2847 1470 τῶν
2879 1418 2980 1489 τῆς
3008 1417 3204 1488 τέχνης
3239 1417 3484 1488 ἀπείρων
3515 1431 3659 1467 σκω·

1975 1503 2248 1575 πτομένην
2279 1503 2446 1575 ἐώρα,
2475 1505 2582 1559 ἔδει
2609 1510 2959 1569 καταπεσεῖν,
2997 1507 3093 1560 καὶ
3117 1509 3184 1578 τῇ
3210 1505 3389 1576 κρίσει
3419 1503 3527 1556 τῶν
3556 1503 3659 1555 οὐκ

1974 1589 2190 1642 εἰδότων
2226 1591 2437 1658 φαύλην
2486 1592 2735 1662 ἡγεῖσθαι
2768 1593 2864 1663 τὴν
2899 1593 3140 1665 γραφὴν.
3187 1591 3378 1663 ὥσπερ
3410 1591 3532 1644 οὐδέ
3559 1590 3658 1658 τὴν

1973 1674 2138 1740 ὅντως
2174 1677 2384 1748 φαύλην
2426 1678 2746 1750 θαυμαστήν
2777 1697 2896 1732 τινα
2950 1680 3044 1732 καὶ
3075 1679 3374 1749 ἐπέραστον
3409 1677 3517 1730 ἀπὸ
3559 1676 3660 1747 τῆς

1974 1765 2081 1819 τῶν
2119 1767 2360 1838 ἀτέχνων
2403 1770 2735 1841 ἐκπλήξεως.

2046 1859 2110 1922 ζ’.
2162 1859 2223 1910 Ὀ
2263 1858 2372 1930 γάρ
2414 1863 2634 1932 ἀριστος
2684 1862 3016 1932 δημιουργὸς
3050 1861 3210 1924 αὐτὸς
3240 1861 3380 1913 ἔστω
3411 1860 3506 1912 καὶ
3537 1874 3660 1929 κρι-

1975 1945 2072 2017 τὴς
2101 1947 2208 1999 τῶν
2240 1949 2601 2021 αύτοῦτεχνη
2613 1951 2819 2021 μάτων,
2860 1952 2953 2004 καὶ
2993 1951 3132 2004 καλά
3159 1952 3254 2004 καὶ
3298 1949 3479 2016 φαῦλα
3499 1948 3658 2004 ,ταύο

1977 2051 2045 2104 τῃ
2085 2037 2320 2090 τιθέσθω
2365 2038 2433 2090 τὰ
2478 2039 2762 2107 γινόμενα,
2813 2040 2940 2092 ὅταν
2985 2041 3014 2092 ό
3068 2038 3468 2109 τεχνησάμενος
3519 2035 3661 2090 αὐτὰ

1979 2123 2103 2186 νοῦς
2135 2124 2338 2188 ταύτας
2365 2125 2504 2198 φέρῃ
2535 2127 2633 2190 τὰς
2679 2126 2894 2197 ψήφους
2914 2144 2926 2157 ο
2977 2127 3078 2196 τὴν
3117 2125 3173 2178 δέ
3209 2125 3318 2179 τῶν
3351 2123 3548 2191 ἔξωθεν
3574 2124 3662 2177 δό-

1979 2209 2096 2275 ξαν,
2155 2212 2255 2281 τὴν
2304 2213 2732 2284 πεπλανημένην
2781 2215 2876 2268 καὶ
2931 2213 3175 2283 ἄτεχνον,
3228 2212 3362 2283 μηδέ
3413 2213 3490 2274 εἰς
3538 2210 3663 2264 νοῦν

1983 2296 2256 2366 βαλλέσθω
2295 2299 2444 2353 ποτέ.
2488 2300 2581 2372 Μὴ
2607 2301 2787 2353 τοίνυν
2824 2302 2961 2370 μήτε
2994 2304 3022 2355 ὁ
3048 2301 3146 2371 τῆς
3185 2294 3663 2360 διδασκαλίαςάναο

1978 2383 2267 2455 δεξάμενος
2365 2389 2459 2439 τὸν
2521 2387 2747 2455 ἀγῶνα,
2798 2391 2916 2451 ταῖς
2969 2385 3078 2440 τῶν
3127 2385 3325 2450 ἔξωθεν
3365 2382 3665 2453 εὐφημίαις

1982 2472 2317 2540 προσεχέτω,
2359 2473 2492 2545 μηδέ
2529 2475 2640 2528 ἀπὸ
2670 2473 2876 2528 τούτων
2919 2475 3016 2545 τὴν
3051 2473 3246 2528 ἐαυτοῦ
3273 2469 3666 2527 καταϐαλλέτω

1979 2557 2184 2628 ψυχήνο
2235 2560 2349 2613 ἀλλ’
2390 2561 2757 2633 ἐργαζόμενος
2804 2564 2931 2626 τοὺς
2977 2563 3191 2631 λόγους,
3235 2561 3310 2624 ὼς
3347 2561 3413 2614 ἂν
3447 2559 3663 2629 ἀρέσειε

1982 2645 2060 2716 τῷ
2085 2646 2206 2718 Θεῷ
2238 2643 2411 2717 (οὗτος
2451 2649 2561 2720 γάρ
2611 2649 2759 2721 αὐτῷ
2807 2650 2990 2704 κανὼν
3021 2651 3118 2704 καὶ
3156 2650 3282 2721 ὅρος
3329 2648 3470 2702 ἔστω
3503 2645 3664 2718 μόνος

1982 2733 2081 2802 τῆς
2119 2734 2346 2806 ἀρίστης
2380 2737 2743 2809 δημιουργίας
2769 2739 3013 2802 ἐκείνων,
3057 2738 3130 2810 μὴ
3159 2738 3366 2808 κρότοι,
3402 2734 3544 2815 ,μηδέ
3574 2733 3667 2785 εῠο

1986 2822 2230 2893 φημίαι),
2280 2826 2329 2877 εί
2377 2826 2476 2895 μὲν
2521 2827 2792 2878 ἐπαινοῖτο
2819 2837 2843 2865 ε
2879 2827 2973 2880 καὶ
3016 2824 3313 2897 παράτῶν
3338 2819 3666 2893 ἀνθρώπων.

1991 2904 2065 2976 μὴ
2091 2906 2461 2976 διακρουέσθω
2501 2908 2572 2962 τὰ
2619 2908 2894 2979 ἐγκώμια,
2949 2909 3024 2980 μὴ
3068 2909 3420 2980 παρεχόντων
3445 2905 3502 2959 δὲ
3531 2905 3671 2960 αύτά

1987 2991 2094 3044 τῶν
2132 2994 2437 3065 ἀκροατῶν,
2469 2995 2543 3066 μὴ
2591 2994 2845 3066 ζητείτω,
2892 2997 3026 3067 μηδὲ
3070 2995 3338 3064 ἀλγείτω·
3371 2993 3530 3061 ἱκανὴ
3562 2991 3672 3063 γὰρ

1990 3079 2138 3151 αὐτῷ
2168 3082 2488 3153 παραμυθία
2517 3083 2625 3136 τῶν
2660 3085 2858 3148 πόνων,
2893 3085 2990 3138 καὶ
3023 3084 3240 3138 πάντων
3277 3081 3501 3154 μείζων,
3537 3081 3669 3135 ὅταν

1991 3167 2166 3238 ἐαυτῷ
2190 3170 2486 3224 συνειδέναι
2511 3171 2758 3243 δύνηται,
2793 3171 2930 3243 πρὸς
2948 3171 3238 3243 ἀρέσκειαν
3253 3169 3348 3224 τοῦ
3372 3168 3509 3224 Θεοῦ
3541 3185 3670 3223 συν-

1992 3255 2160 3320 τιθεὶς
2190 3259 2284 3310 καὶ
2314 3258 2594 3329 ῥυθμίζων
2627 3260 2724 3331 τὴν
2750 3259 3120 3315 διδασκαλίαν.

2063 3351 2133 3415 η’.
2154 3345 2263 3399 Καὶ
2279 3346 2466 3416 γὰρᾶν
2482 3347 2662 3420 φθάσῃ
2683 3351 2750 3420 τῇ
2778 3349 2886 3402 τῶν
2909 3349 3116 3418 ἀλόγων
3139 3348 3377 3402 ἐπαίνων
3404 3345 3565 3400 ἐπιθυ
3574 3345 3674 3416 μία

1997 3431 2219 3500 ἁλῶναι,
2245 3433 2394 3487 οὐδὲν
2410 3435 2559 3505 αὐτῷ
2573 3436 2682 3488 τῶν
2701 3436 2912 3490 πολλῶν
2928 3437 3105 3490 πόνων
3123 3435 3337 3505 ὄφελος,
3359 3433 3482 3487 οὐδέ
3501 3434 3600 3504 τῆς
3616 3433 3674 3485 ἐν

1995 3520 2072 3588 τῷ
2089 3520 2266 3589 λέγειν
2283 3521 2584 3593 δυνάμεως.
2604 3524 2647 3576 Τ
2652 3524 2715 3586 ἀς
2739 3523 2849 3596 γὰρ
2864 3525 3126 3595 ἀνοήτους
3148 3522 3258 3577 τῶν
3286 3521 3496 3576 πολλῶν
3516 3537 3675 3575 κατα·

1996 3607 2224 3676 γνώσεις
2257 3610 2331 3681 μὴ
2354 3610 2626 3682 δυναμένη
2653 3611 2839 3684 φέρειν
2858 3611 3004 3683 ψυχὴ
3023 3611 3297 3670 ἐκλύεται,
3319 3611 3416 3664 καὶ
3431 3610 3530 3680 τὴν
3549 3609 3677 3680 περὶ

1997 3695 2058 3747 τὸ
2079 3696 2256 3765 λέγειν
2284 3698 2464 3769 ῥίπτει
2487 3700 2746 3769 σπουδήν.
2779 3700 2876 3753 Διά
2895 3699 3052 3754 τοῦτο
3078 3700 3184 3772 χρὴ
3208 3698 3445 3770 μάλιστα
3460 3696 3679 3751 πάντων

2001 3785 2394 3840 πεπαιδεῦσθαι
2421 3787 2658 3842 ἐπαίνων
2685 3788 2980 3860 ὑπερορᾷνο
3003 3788 3065 3841 ού
3091 3787 3201 3859 γὰρ
3228 3788 3390 3860 ἀρκεῖ
3417 3785 3480 3840 τδ
3498 3784 3679 3854 λέγειν

2001 3868 2200 3928 εἰδέναι
2235 3876 2372 3946 πρὸς
2397 3877 2496 3945 τὴν
2527 3878 2728 3947 ταύτης
2757 3878 2858 3946 τῆς
2888 3876 3170 3945 δυνάμεως
3199 3875 3469 3946 φυλακὴν,
3509 3873 3576 3928 ἂν
3603 3874 3680 3944 μὴ

2003 3963 2097 4016 καὶ
2123 3962 2278 4015 τοῦτο
2317 3965 2514 4034 προσῇ.
2553 3965 2614 4017 Εἰ
2643 3964 2699 4016 δέ
2721 3958 2805 4026 τίς
2832 3964 3075 4035 ἀκριϐῶς
3108 3963 3381 4029 ἐξετάζειν
3397 3961 3568 4015 ἐθέλοι
3586 3961 3680 4014 καὶ

2002 4049 2094 4103 τὸν
2137 4050 2196 4102 ἐν
2247 4049 2422 4121 ἐνδείᾳ
2473 4050 2791 4104 καθεστῶτα
2823 4051 3026 4120 ταύτης
3055 4050 3157 4120 τῆς
3195 4049 3418 4119 ἀρετῆς,
3456 4049 3681 4120 εὑρήσει

2003 4136 2254 4208 δεόμενον
2283 4137 2375 4190 τοῦ
2403 4139 2513 4190 τῶν
2539 4137 2777 4190 ἐπαίνων
2806 4142 3169 4208 καταφρονεῖν
3194 4138 3293 4208 οὐχ
3312 4131 3472 4208 ἧττον
3496 4136 3530 4206 ἢ
3559 4135 3678 4190 τοῦ·

2002 4242 2114 4280 τον.
2163 4226 2272 4278 Καὶ
2309 4227 2418 4297 γὰρ
2457 4225 2628 4279 πολλά
2667 4227 3006 4298 ἁμαρτάνειν
3052 4223 3550 4294 ἀναγκασθήσεται,
3584 4223 3684 4293 τῆς

2002 4312 2111 4365 τῶν
2134 4313 2346 4367 πολλῶν
2361 4313 2521 4384 δόξης
2544 4314 2723 4383 ἥττων
2753 4313 3066 4384 γενόμενος.
3091 4312 3322 4365 Ἀτονῶν
3351 4311 3461 4384 γὰρ
3488 4310 3683 4375 ἐξισωο

2005 4403 2163 4475 θῆναι
2197 4405 2309 4467 τοῖς
2355 4402 2705 4474 εὐδοκιμοῦσι
2743 4402 2887 4455 κατά
2932 4401 3031 4472 τὴν
3080 4401 3175 4454 τοῦ
3221 4401 3403 4470 λέγειν
3455 4399 3684 4472 ἀρετὴν,

2006 4493 2376 4546 ἐπιϐουλεύειν
2416 4510 2474 4546 τε
2510 4493 2605 4545 καὶ
2647 4490 3049 4560 διαφθονεῖσθαι
3086 4491 3290 4555 αὐτοῖς,
3344 4487 3438 4541 καὶ
3468 4488 3686 4559 μέμφεο

2007 4581 2129 4633 σθαι
2160 4580 2356 4652 μάτην,
2382 4579 2478 4633 καὶ
2507 4578 2676 4633 πολλά
2705 4577 2927 4632 τοιαῦτα
2955 4577 3286 4648 ἀσχημονεῖν
3315 4575 3376 4628 ού
3406 4576 3685 4647 παραιτή-

2009 4685 2178 4731 σεται,
2215 4668 2351 4721 ἀλλά
2388 4667 2564 4721 πάντα
2605 4665 2888 4736 τολμήσει,
2935 4663 3040 4718 κάν
3069 4665 3168 4734 τὴν
3199 4662 3378 4734 ψυχὴν
3409 4661 3681 4716 ἀπολέσαι

2006 4758 2120 4828 δέῃ,
2149 4756 2290 4827 ὑπὲρ
2319 4755 2414 4808 τοῦ
2439 4756 2538 4824 τὴν
2571 4754 2793 4808 ἐκείνων
2819 4753 2976 4818 δόξαν
3004 4753 3085 4815 εἰς
3115 4751 3215 4822 τὴν
3237 4752 3337 4822 τῆς
3374 4751 3508 4814 ίδίας
3535 4751 3688 4803 εὐτει-

2009 4844 2160 4908 λείας
2185 4846 2520 4914 καταγαγεῖν
2541 4841 2927 4910 ταπεινότητα.
2958 4839 3102 4910 Πρὸς
3120 4840 3177 4893 δὲ
3210 4839 3423 4904 τούτοις
3452 4841 3548 4893 καὶ
3570 4839 3681 4892 τῶν

2012 4932 2250 5004 ἱδρώτων
2273 4931 2643 5003 ἀποστήσεται
2665 4928 2774 4982 τῶν
2805 4929 2933 4999 περὶ
2957 4928 3020 4982 τὸ
3047 4932 3252 4995 πονεῖν,
3267 4929 3475 5000 νάρκης
3491 4927 3685 4998 ῶσπερ

2006 5021 2152 5085 τινὸς
2177 5018 2711 5088 κατασκεδασθείσης
2742 5016 2908 5070 αὑτοῦ
2940 5018 3005 5086 τῇ
3039 5015 3207 5088 ψυχῇ.
3264 5017 3338 5069 T6
3372 5016 3483 5087 γάρ
3512 5015 3686 5069 πολλά

2013 5107 2313 5180 μοχθοῦντα
2335 5106 2596 5162 ἐλάττονα
2621 5103 2963 5176 καρποῦσθαι
2987 5105 3263 5174 ἐγκώμια,
3297 5104 3483 5158 ίκανδν
3511 5121 3685 5157 κατα-

2010 5195 2192 5248 ϐαλεῖν
2212 5194 2306 5248 καί
2333 5192 2532 5264 τρέψαι
2580 5191 2718 5262 πρὸς
2761 5189 2928 5242 ὕπνον
2963 5189 3130 5258 βαθὺν
3168 5190 3260 5241 τὸν
3290 5188 3352 5241 ού
3385 5186 3684 5257 δυνάμενον

2010 5281 2300 5350 ἐγκωμίων
2326 5281 2708 5350 καταφρονεῖν.
2761 5277 2914 5331 Ἐπεὶ
2941 5277 3036 5330 καὶ
3083 5279 3111 5328 ὁ
3142 5275 3410 5347 γεωργὸς,
3444 5275 3573 5328 ὅταν
3602 5275 3686 5338 είς

2010 5368 2365 5438 λεπτόγεωνί
2411 5368 2596 5440 κάμνῃ
2631 5366 2861 5438 χωρίον,
2912 5364 3008 5418 καὶ
3053 5363 3262 5434 πέτρας
3305 5359 3686 5432 ἀναγκάζηται

2076 5509 2101 5547 ά
2130 5510 2226 5558 Alii
2253 5507 2531 5556 ἐπανελθεῖν.

2079 5576 2102 5602 θ
2125 5557 2221 5620 Alii
2245 5569 2520 5628 ἐπαινεῖται,
2543 5568 2629 5617 αἰξὶ
2654 5566 2908 5616 ἐπαινοῖτο.
2949 5562 3077 5615 Infra
3119 5564 3201 5612 alii
3225 5561 3347 5610 αὐτὰ
3368 5562 3464 5610 τῶν
3488 5557 3688 5612 ἀκουόν-

2013 5652 2108 5695 των
2133 5634 2252 5695 μήτε
2274 5630 2486 5695 ζητείτω.

2084 5693 2104 5736 ί
2134 5692 2232 5744 Alii
2255 5692 2548 5754 λεπτόγαιον.

3191 5756 3266 5819 10
