3890 6220
402 282 505 335 (777

393 397 504 438 tum
530 400 776 438 somnum
805 385 1052 455 coiijiciat
1078 395 1131 440 et
1159 397 1329 440 vertat
1357 401 1500 452 cum,
1523 387 1612 456 qui
1641 388 1825 442 laudes
1849 405 1981 444 eoi:-

398 489 636 532 t-mncre
675 478 874 548 nequit.
911 478 1351 547 Quandoquidem
1387 489 1442 535 et
1478 481 1732 550 agricola,
1775 498 1896 535 cum
1931 483 1982 535 in

393 569 562 623 sterili
587 584 718 638 agro
744 569 968 632 laborat,
1003 581 1052 623 et
1075 581 1288 641 pctrosa
1318 587 1470 626 arare
1497 573 1724 641 cogitur,
1753 575 1858 626 cito
1882 573 1979 627 ab-

392 654 533 706 sistit
575 653 644 706 ab
695 669 877 722 opere,
923 655 1019 706 nisi
1072 671 1261 724 magna
1313 656 1586 710 laborandi
1643 657 1891 710 alacritas
1927 667 1982 712 et

394 744 548 797 fatuis
579 745 736 799 timor
759 754 960 813 urgeat.
1001 746 1210 800 Etenim
1241 747 1283 800 si
1321 746 1377 812 ii,
1407 747 1598 816 quibus
1626 763 1812 816 magna
1843 748 1979 802 inest

390 833 606 890 dicendi
636 833 879 899 facultas,
922 846 1066 890 tanta
1099 839 1481 893 exercitatione
1521 854 1657 908 opus
1699 841 1896 893 habent
1923 849 1980 893 ut

392 925 534 978 illam
557 937 877 981 conservent
903 945 916 979 :
945 929 1034 997 qui
1061 930 1191 982 nihil
1217 930 1435 984 omnino
1468 931 1698 1000 collegit,
1740 931 1834 986 sed
1864 933 1978 1000 ipso

393 1019 697 1072 certaminis
728 1028 970 1086 tempore
1001 1020 1247 1074 meditari
1286 1021 1512 1089 cegitur,
1541 1030 1794 1092 quantam
1835 1023 1976 1077 diffi-

393 1110 664 1171 cultatem,
709 1123 963 1179 quantum
1003 1105 1304 1176 tumultum,
1333 1124 1584 1183 quantam
1621 1116 1975 1183 perturbatio-

395 1218 514 1253 nem
568 1202 818 1270 patietur,
865 1211 925 1256 ut
968 1205 1136 1258 multo
1182 1205 1363 1260 labore
1399 1207 1658 1259 tantillum
1704 1206 1974 1275 quidpiam

391 1309 714 1363 congregare
745 1296 947 1363 possit?
988 1297 1042 1350 Si
1072 1298 1192 1366 quis
1232 1313 1359 1352 \ero
1403 1299 1671 1353 inferioris
1705 1300 1975 1369 dignitatis

391 1397 446 1437 et
495 1387 696 1439 ordinis
725 1385 824 1440 hac
857 1388 908 1440 in
962 1399 1110 1456 parte
1155 1391 1291 1458 plus,
1323 1406 1482 1460 quam
1526 1393 1632 1455 ille,
1675 1392 1974 1447 clarescere

391 1477 579 1544 possit,
610 1477 791 1531 divino
820 1480 1050 1548 quodam
1095 1481 1182 1536 hic
1209 1497 1340 1548 opus
1371 1491 1453 1536 est
1491 1483 1690 1547 animo,
1726 1493 1784 1536 ut
1811 1500 1878 1536 ne
1907 1486 1970 1535 li—

390 1581 517 1622 vore
556 1568 814 1636 capiatur,
864 1586 966 1624 neu
1018 1572 1068 1625 in
1123 1587 1408 1627 maerorem
1458 1572 1686 1627 decidat.
1736 1574 1864 1628 Nam
1905 1575 1972 1629 ab

392 1657 728 1713 inferioribus
756 1663 996 1729 superari
1029 1679 1173 1727 eum,
1202 1665 1289 1732 qui
1331 1666 1546 1734 majoris
1584 1668 1652 1720 sit
1677 1667 1968 1734 dignitatis,

391 1750 628 1819 illmlqne
670 1751 876 1805 fortiter
908 1753 1070 1818 ferre,
1109 1771 1214 1808 non
1257 1757 1457 1824 exigui,
1499 1772 1598 1811 nec
1645 1759 1829 1821 nostri,
1877 1760 1970 1813 sed

389 1843 710 1896 adamantini
756 1843 915 1898 fuerit
954 1847 1135 1898 animi.
1171 1850 1244 1899 Ae
1276 1849 1317 1900 si
1359 1847 1571 1916 quidem
1616 1848 1679 1912 is,
1713 1849 1799 1917 qui
1832 1864 1969 1915 prae-

387 1935 549 1995 eellit,
591 1936 788 2005 probus
823 1938 1216 2009 admodmnque
1257 1940 1534 1996 modestus
1564 1941 1743 2004 fuerit,
1770 1943 1968 1995 malum

390 2036 678 2089 utcumque
731 2028 943 2082 tolerari
985 2040 1194 2098 potest;
1241 2032 1321 2084 sin
1369 2033 1562 2095 audax,
1613 2048 1866 2102 arrogans
1917 2042 1970 2086 et

389 2133 535 2170 rana:
560 2119 743 2186 glori:e
767 2119 1012 2187 cupidus,
1043 2137 1187 2176 mors
1219 2122 1294 2176 illi
1325 2122 1561 2192 quotidie
1589 2125 1818 2192 optanda
1847 2133 1928 2177 est
1955 2141 1967 2176 :

388 2212 455 2263 ita
485 2226 675 2280 nempe
704 2212 802 2280 ipsi
834 2213 992 2266 vitam
1025 2229 1259 2268 amaram
1293 2215 1498 2279 reddet,
1528 2216 1651 2268 dum
1685 2216 1856 2283 palam
1891 2216 1971 2268 in-

385 2302 764 2367 sultat’,clam
799 2305 1001 2368 irridet,
1044 2321 1106 2358 ac
1145 2306 1382 2374 quotidie
1429 2305 1697 2376 quidpiam
1747 2323 1809 2359 ex
1855 2306 1969 2374 ejus

381 2394 698 2448 auctoritate
726 2391 948 2460 divellit,
977 2397 1264 2467 omniaque
1300 2398 1413 2466 ipse
1444 2414 1561 2452 esse
1588 2401 1755 2466 cupit.
1790 2397 1965 2452 Maxi-

385 2501 637 2556 nmmque
680 2488 732 2541 in
764 2487 844 2541 his
873 2489 1120 2543 onmibus
1148 2490 1451 2558 praesidium
1485 2492 1641 2544 habet
1671 2492 1965 2544 libertatem

383 2577 434 2630 in
467 2578 712 2644 dicendo,
756 2589 810 2634 et
845 2583 1200 2637 multitudinis
1233 2584 1285 2636 iu
1329 2597 1388 2637 se
1433 2584 1688 2649 studium,
1725 2581 1966 2635 subdito-

381 2686 604 2733 rmnqnc
634 2687 868 2725 omnium
900 2689 1022 2742 erga
1055 2689 1112 2728 se
1127 2689 1383 2728 amorem.
1405 2675 1480 2728 Au
1499 2676 1704 2742 ignoras
1720 2685 1970 2744 quantum

445 2761 464 2790 ⁸
498 2761 572 2809 sic
593 2760 808 2810 nonnulli
832 2769 937 2812 Mss.
965 2769 1012 2811 In
1039 2769 1108 2822 8.,
1132 2763 1367 2814 antecellit
1389 2779 1406 2813 :
1431 2766 1588 2813 minus
1612 2765 1760 2814 bene.

1388 2961 1860 3068 LIBER
1973 2962 2159 3069 SE
2175 2961 2392 3068 XT
2413 2961 2633 3066 US.

832 3269 934 3300 ΠΕΟ
956 3269 1127 3302 INSUNT
1152 3268 1286 3302 ΗΒΠο
1310 3268 1459 3303 SEXTO
1489 3268 1503 3304 Σ

380 3368 413 3410 I.
449 3369 616 3410 Pinnas
639 3358 754 3410 (λιιι-θ
788 3357 1070 3409 sacerdotes
1094 3359 1239 3405 etiam
1265 3371 1352 3420 [ro
1375 3359 1536 3420 populi
1559 3359 1768 3407 delictis.

378 3429 427 3470 tt.
465 3424 633 3484 majore
669 3435 813 3485 quam
848 3426 976 3485 usus
999 3420 1259 3471 monachos
1297 3421 1407 3468 vita:
1443 3420 1696 3482 diligentia
1717 3434 1840 3482 opus
1875 3422 1962 3470 ba-

441 3487 580 3532 bere.

379 3551 446 3592 Itt.
481 3545 706 3594 t-‘aciliore
761 3547 871 3594 vita:
896 3546 1083 3594 ratione
1107 3543 1198 3592 frui
1223 3542 1527 3601 monachum,
1570 3555 1714 3605 quam
1741 3543 1962 3592 Ecclesia:

441 3606 736 3667 przefectum.

379 3666 450 3714 tv.
482 3668 787 3717 sacerdotem
826 3675 1062 3716 terrarmn
1110 3669 1214 3715 orbi
1252 3666 1458 3729 aliisque
1498 3667 1650 3715 rebus
1694 3667 1963 3716 tremendis

442 3731 746 3790 prati-usuum
770 3742 898 3778 esse.

378 3797 428 3836 v.
463 3790 768 3838 Sacerdotem
787 3791 844 3837 ad
863 3791 1020 3838 omnia
1043 3797 1207 3849 artum
1231 3803 1343 3839 esse
1366 3789 1572 3839 debere.

379 3857 448 3897 \‘t.
487 3853 636 3899 \itam
661 3854 967 3900 monasticam
988 3864 1083 3899 non
1117 3858 1302 3901 tantum
1338 3853 1581 3912 patientia:
1620 3858 1960 3911 argumentum

441 3925 572 3968 esse,
595 3920 825 3973 quantum
849 3913 1166 3960 multitudinis
1185 3915 1518 3975 prtet'ecturam
1544 3914 1786 3960 eximiam.

379 3979 466 4021 \'tl.
516 3979 629 4020 ilum
651 3975 733 4035 qui
773 3976 976 4022 seorsim
996 3976 1138 4036 vivat,
1177 3973 1388 4036 eumque
1412 3975 1495 4036 qui
1527 3976 1574 4022 in
1599 3986 1762 4022 rerum
1799 3973 1961 4021 medio

442 4041 683 4090 versetur,
706 4049 799 4083 non
819 4048 967 4096 super
991 4035 1161 4084 iisdem
1185 4035 1462 4085 exercitari.

378 4101 484 4142 \‘lil.
518 4095 716 4144 t-‘aeilius
741 4109 826 4144 eos
847 4094 928 4158 qui
952 4096 1166 4144 solitario
1190 4098 1374 4153 vivunt,
1396 4110 1540 4158 quam
1565 4109 1650 4144 eos
1671 4097 1754 4158 qui
1787 4094 1960 4144 multo-

440 4170 545 4203 rum
569 4170 730 4204 curam
753 4165 950 4218 gerunt,
977 4158 1202 4206 virtutem
1226 4171 1484 4206 exercere.

378 4225 461 4323 lxi.
486 4225 578 4323 i\on
620 4219 999 4267 contenmendas
1057 4231 1169 4268 esse
1208 4219 1337 4282 vulgi
1359 4221 1660 4282 suspiciones
1684 4256 1698 4278 ,
1742 4220 1960 4281 quamvis

456 4291 596 4323 asas.

456 4291 596 4324 31535.

379 4346 432 4386 Χ.
469 4347 564 4386 Non
588 4341 744 4401 magni
769 4353 880 4389 esse
903 4343 1087 4403 negotii
1109 4355 1321 4403 seipsum
1337 4355 1554 4390 servare.

379 4407 451 4447 λι.
487 4406 650 4464 Longe
668 4403 943 4462 graviorem
968 4416 1156 4464 pinnam
1180 4417 1381 4452 manere
1415 4403 1719 4453 sacerdotum
1742 4409 1961 4464 peccata,

441 4474 582 4522 quam
608 4462 877 4510 idiotarum.

381 4527 472 4569 xu.
509 4523 750 4588 Exemplis
774 4526 1001 4588 probatur
1036 4532 1097 4588 et
1116 4524 1334 4574 dolorem
1357 4533 1557 4588 ιιιοιτιρι·
1577 4525 1834 4575 sacerdotii
1868 4538 1958 4573 ex-

437 4587 786 4641 spectationem
804 4587 914 4634 oriri
939 4592 991 4634 et
1011 4587 1250 4635 timorem.

379 4649 488 4691 xm.
523 4646 656 4693 0mm
681 4645 814 4694 bello
837 4646 1169 4696 molestiorem
1189 4661 1301 4697 esse
1326 4649 1646 4697 tentationem
1669 4647 1863 4696 diaboli.

449 4863 498 4912 l.
547 4860 731 4915 Poenas
769 4865 888 4917 dare
927 4865 1206 4922 sacerdotes
1228 4868 1377 4920 etiam
1409 4885 1499 4936 pro
1526 4870 1704 4938 populi
1741 4869 1952 4923 delictis.

375 4981 446 4991 —
477 4951 582 5006 lies
606 4953 814 5021 quidem
848 4956 1002 5023 hujus
1031 4956 1210 5009 mundi
1241 4958 1372 5012 tales
1401 4969 1556 5022 sunt,
1595 4961 1776 5027 quales
1805 4960 1954 5013 :tlldl-

374 5044 440 5097 sti
472 5061 486 5099 :
515 5043 655 5099 illius
683 5055 858 5100 autem
884 5049 1005 5101 vitae
1038 5049 1273 5119 (futurrc)
1303 5064 1387 5102 res
1411 5053 1676 5117 quomodo
1701 5051 1953 5118 feremus,

376 5150 496 5190 eum
527 5133 594 5190 de
619 5134 839 5207 singulis
864 5139 1016 5194 nobis
1042 5141 1340 5195 commissis
1367 5142 1668 5196 hominibus
1695 5143 1952 5197 rationem

376 5226 597 5281 reddere
611 5228 894 5296 cogemur?
920 5229 1034 5284 Non
1061 5231 1201 5285 enim
1224 5231 1276 5285 in
1303 5232 1502 5301 pudore
1524 5234 1663 5287 sistit
1681 5234 1952 5296 damnum,

375 5317 466 5370 sed
514 5328 772 5374 :cternum
818 5332 1154 5390 exspectatur
1201 5322 1537 5391 supplicium.
1592 5321 1723 5377 lllud
1771 5325 1950 5389 enim,

377 5406 583 5463 Obcdile
610 5413 889 5480 prwpositis
905 5415 1096 5477 vestris,
1115 5424 1162 5468 et
1186 5415 1434 5484 subjaccle
1453 5417 1545 5481 eis,
1568 5417 1686 5484 quia
1709 5417 1807 5485 ipsi
1831 5419 1953 5484 rigi-

373 5499 478 5549 laut
506 5515 598 5566 pro
619 5499 880 5555 animabus
905 5505 1078 5557 vestris
1095 5545 1110 5560 .
1143 5514 1197 5558 ut
1224 5507 1468 5560 rationem
1493 5509 1738 5562 reddituri
1763 5509 1948 5579 (Hebr.

376 5591 463 5644 15.
490 5593 605 5661 l7),
647 5593 854 5648 etiamsi
895 5597 1039 5664 prius
1081 5596 1336 5662 dixeram,
1369 5608 1542 5654 tamen
1573 5615 1641 5655 ne
1668 5616 1807 5655 nunc
1831 5609 1951 5670 qui-

373 5681 495 5736 dem
519 5684 742 5741 tacebo:
775 5701 894 5740 nam
925 5696 1084 5742 tantm
1113 5689 1538 5748 comminatiouis
1588 5699 1760 5746 metus
1837 5693 1946 5748 fre-

1605 273 1690 327 DE
1729 273 2176 329 SACEliDOTlO.
2224 274 2348 328 LIB.
2397 276 2479 328 γι.

3558 279 3662 332 6Ἰὲ

2091 390 2297 442 animos
2317 389 2736 444 Christianorum
2756 390 2950 444 invasit
2972 406 3109 445 nunc
3127 391 3437 447 concionem
3459 394 3644 449 deside

2089 482 2248 548 rium,
2280 492 2439 549 atque
2465 497 2558 536 eos
2587 483 2676 551 qui
2705 482 2847 535 illam
2889 495 3142 538 exercent
3168 493 3358 548 artem,
3392 502 3495 540 non
3532 485 3670 557 apud

2086 581 2307 626 exteros
2336 574 2514 639 modo,
2545 574 2638 628 sed
2669 575 2829 628 etiam
2846 575 2984 644 apud
3015 592 3197 628 servos
3229 576 3350 631 ﬁdei
3382 577 3435 631 in
3467 577 3672 633 honore

2087 662 2310 717 haberi?
2329 663 2458 730 Quis
2489 665 2646 734 igitur
2671 675 2875 720 tantum
2901 665 3132 721 dedecus
3154 667 3305 731 ferat,
3333 683 3455 723 cum
3479 685 3672 738 netnpo

2088 756 2203 822 ipso
2233 754 2480 820 loquente
2506 765 2713 809 taceant
2735 772 2920 810 omnes
2949 767 3003 809 et
3030 758 3325 811 nmlestiam
3355 758 3453 812 sibi
3487 759 3668 814 inferri

2085 855 2289 914 putent,
2317 849 2680 916 orationisque
2706 849 2864 902 liuent
2892 849 3044 918 quasi
3067 866 3096 903 a
3132 850 3401 905 laboribus
3433 853 3670 920 requiem

2081 946 2409 1005 exspectent,
2451 938 2620 992 altero
2662 949 2838 994 autem
2871 941 3126 1009 prolixius
3167 952 3373 1008 orante,
3421 943 3671 998 alacriter

2081 1028 2396 1087 auscultem,
2431 1043 2494 1082 ac
2531 1028 2687 1081 finem
2715 1030 2922 1084 dicendi
2957 1030 3182 1097 facturo,
3211 1049 3355 1102 aegre
3382 1032 3572 1097 ferant,
3618 1045 3672 1089 et
3689 1012 3706 1102 ί

2083 1127 2257 1169 tat-ere
2286 1117 2514 1181 volente,
2543 1121 2994 1174 exacerbescant?
3023 1121 3144 1175 lla-e
3175 1123 3294 1176 licet
3333 1140 3472 1178 nunc
3512 1099 3696 1193 pari-ai

2083 1207 2172 1258 tibi
2193 1207 2468 1261 videantur
2492 1224 2554 1264 ac
2573 1209 2934 1278 despicabilia,
2962 1221 3143 1279 utpote
3163 1213 3438 1281 inexperto
3459 1231 3470 1268 :
3495 1224 3668 1268 tamen

2080 1299 2211 1350 satis
2238 1309 2362 1351 sunt
2393 1309 2449 1351 ut
2477 1308 2531 1353 et
2558 1300 2719 1353 animi
2749 1301 2980 1354 stmlimu
3003 1305 3340 1370 exstingnant
3365 1306 3672 1374 mentisque

2081 1389 2187 1442 vim
2215 1384 2492 1454 enervent,
2536 1392 2636 1446 nisi
2664 1394 2782 1460 quis
2823 1393 3067 1448 humanis
3097 1397 3345 1449 omnibus
3375 1411 3434 1450 se
3466 1399 3667 1451 morbis

2078 1482 2339 1546 eximens,
2370 1483 2589 1551 perinde
2637 1493 2793 1552 atque
2837 1485 3165 1553 incorporea:
3207 1496 3495 1555 potestates
3537 1487 3668 1542 atl'c-

2077 1581 2195 1624 ctus
2236 1586 2354 1624 esse
2407 1572 2635 1637 studeat,
2686 1589 2802 1640 qnze
2854 1589 2952 1628 nec
2993 1574 3207 1637 invidia,
3265 1591 3434 1640 neque
3484 1575 3668 1643 glorirc

2077 1676 2281 1723 amore,
2317 1677 2488 1730 neque
2516 1663 2622 1715 alio
2656 1665 2903 1730 quopiam
2957 1663 3112 1716 simili
3155 1665 3341 1718 morbo
3372 1669 3666 1732 rapiuntur.

2077 1753 2131 1804 Si
2161 1755 2280 1822 quis
2307 1754 2464 1822 igitur
2493 1753 2763 1806 hominum
2787 1756 2904 1807 talis
2931 1763 3030 1819 est,
3068 1765 3125 1807 ut
3153 1755 3320 1822 possit
3349 1754 3485 1808 hanc
3511 1763 3668 1824 captu

2076 1843 2368 1905 difficilem.
2404 1845 2868 1913 incrtpuguabilem
2907 1855 2960 1898 et
2988 1845 3297 1898 indomitam
3344 1844 3529 1907 feram,
3575 1861 3668 1912 po-

2080 1935 2312 2001 pularem
2356 1935 2561 1999 scilicet
2602 1951 2808 1998 auram,
2855 1936 3190 1998 conculcare,
3235 1950 3298 1987 ac
3346 1934 3660 2002 multiplicia

2078 2026 2218 2079 illius
2250 2025 2419 2093 capita
2453 2026 2761 2094 pnecidcre,
2807 2027 2912 2078 imo
2943 2043 3009 2080 ne
3038 2029 3182 2080 nasci
3211 2025 3423 2095 quidem
3461 2026 3658 2089 sinere,

2078 2121 2120 2171 is
2149 2119 2303 2173 facile
2335 2121 2528 2187 poterit
2557 2121 2849 2188 permultos
2888 2121 3005 2173 illos
3032 2121 3257 2174 insultus
3285 2120 3571 2191 depellere,
3603 2135 3666 2173 ac

2078 2211 2361 2281 tranquijlo
2391 2211 2618 2280 quodam
2649 2221 2801 2280 portu
2839 2212 2958 2265 frui.
2993 2215 3060 2265 At
3103 2212 3144 2266 si
3177 2212 3242 2264 ab
3271 2212 3357 2265 illa
3391 2211 3526 2268 liber
3556 2227 3662 2267 non

2077 2301 2258 2367 fuerit,
2285 2316 2413 2356 sane
2437 2303 2714 2372 multiplex
2740 2304 2955 2368 bellum,
2990 2304 3319 2373 frequentem
3349 2305 3656 2369 tumultum,

2075 2394 2235 2447 animi
2261 2395 2589 2459 mmstitiam,
2621 2405 3039 2465 ea'tcrarmuquc
3054 2396 3419 2466 :cgritudinum
3449 2397 3658 2452 turbam

2074 2495 2257 2538 contra
2287 2487 2514 2539 animam
2542 2486 2654 2555 ipse
2679 2501 2826 2538 suam
2861 2487 3196 2554 przeparabit.
3231 2487 3494 2555 Quorsum
3533 2497 3661 2542 atti-

2077 2587 2164 2627 net
2208 2576 2443 2646 reliquas
2488 2592 2803 2631 enumerare
2847 2577 3207 2646 difficultates,
3255 2595 3385 2648 quas
3431 2594 3529 2635 nec
3567 2577 3664 2634 do-

2073 2682 2217 2730 cere,
2253 2684 2421 2734 neque
2448 2669 2686 2722 ediscere
2727 2669 3004 2738 quisquam
3047 2669 3233 2738 possit,
3262 2669 3360 2723 nisi
3406 2669 3457 2722 in
3502 2667 3663 2725 rebus

2076 2757 2206 2827 ipsis
2237 2757 2433 2812 fuerit?

2072 3263 2296 3322 quenter
2333 3255 2564 3306 animmn
2603 3253 2837 3306 concutit
2869 3267 3062 3305 meum.
3107 3253 3163 3306 Si
3190 3253 3330 3306 enim
3360 3253 3429 3318 ei,
3461 3254 3548 3322 qui
3577 3255 3656 3310 vel

2076 3347 2350 3398 mininmm
2380 3359 2540 3398 unum
2563 3343 2997 3397 scandalizaverit
3024 3342 3232 3413 (Matth.
3269 3343 3352 3398 l8.
3384 3343 3463 3412 6),
3495 3359 3658 3413 expe-

2071 3436 2149 3488 dit
2178 3445 2233 3488 ut
2264 3436 2401 3489 mola
2427 3435 2656 3489 asinaria
2683 3433 3032 3502 suspendatur
3061 3435 3113 3486 in
3139 3434 3276 3487 collo
3301 3435 3446 3503 ejus,
3480 3445 3533 3489 et
3556 3433 3656 3488 de-

2069 3537 2334 3597 mergatur
2365 3529 2414 3580 in
2443 3542 2609 3590 mare,
2629 3534 2681 3580 et
2705 3541 2890 3579 omnes
2914 3525 2999 3594 qui
3021 3526 3398 3579 conscientiam
3428 3524 3653 3580 fratrum

2069 3627 2292 3664 suorum
2331 3609 2666 3679 percutiunt,
2709 3610 2761 3663 in
2809 3610 3292 3680 ipsuanbristum
3318 3621 3546 3680 peccant
3576 3612 3650 3682 (l.

2070 3705 2189 3756 Cor.
2218 3705 2271 3756 8.
2299 3703 2388 3771 12)
2417 3721 2429 3754 :
2455 3704 2546 3772 qui
2575 3717 2682 3756 non
2708 3706 3080 3766 unummodo,
3102 3705 3342 3758 velduos
3371 3704 3455 3758 vel
3481 3706 3650 3769 tres',

2070 3797 2164 3849 sed
2232 3802 2440 3848 tantam
2482 3792 2889 3849 multitudinem
2951 3796 3214 3864 perdant,
3255 3796 3386 3864 quid
3439 3797 3650 3863 passuri

2069 3895 2218 3948 sunt,
2256 3895 2310 3939 et
2347 3903 2485 3955 quas
2519 3901 2709 3956 pmnas
2739 3885 2960 3940 daturi?
2988 3886 3173 3955 Neque
3202 3889 3345 3940 enim
3378 3887 3647 3955 imperitia

2067 3981 2116 4033 in
2145 3994 2359 4032 causam
2390 3977 2657 4031 afferenda
2681 3986 2783 4043 est,
2814 3991 2985 4046 neque
3030 3975 3097 4030 ad
3143 3977 3489 4046 ignorantiam
3517 3991 3651 4031 con-

2064 4069 2390 4138 fugiendum,
2426 4083 2596 4137 neque
2624 4066 2913 4121 necessitas
2954 4075 3045 4120 aut
3075 4067 3155 4119 vis
3196 4066 3410 4120 obtendi
3441 4075 3646 4136 potest;

2066 4162 2157 4214 sed
2192 4162 2361 4231 potius
2387 4161 2648 4224 subditus,
2671 4159 2714 4214 si
2743 4159 2954 4228 quidem
2984 4159 3184 4219 liceret.
3216 4158 3315 4213 hoc
3341 4159 3394 4212 in
3423 4160 3650 4228 propriis

2067 4253 2296 4321 peccatis
2321 4251 2515 4319 effugio
2540 4249 2616 4304 uti
2645 4258 2845 4320 posset,
2875 4264 3032 4319 quam
3076 4250 3126 4302 in
3169 4249 3393 4303 aliorum
3438 4248 3652 4305 delictis

2063 4345 2347 4398 antistites.
2396 4342 2607 4408 Quare?
2655 4342 2785 4409 Quia
2820 4343 2862 4395 is
2891 4342 2980 4412 qui
3006 4341 3071 4395 ad
3097 4341 3197 4396 hoc
3219 4342 3500 4411 deputatus
3537 4353 3648 4406 est,

2066 4446 2123 4490 ut
2146 4437 2369 4490 aliorum
2399 4435 2746 4504 ignorantiam
2776 4434 3022 4487 cmemlet
3041 4475 3056 4497 ,
3085 4442 3139 4487 et
3177 4433 3497 4487 diabolicum
3531 4434 3648 4488 bel-

2065 4530 2170 4581 lum
2210 4529 2412 4581 in~tans
2459 4527 2797 4596 pra'nttnliel,
2829 4526 3010 4593 nequit
3061 4526 3406 4593 ignorantiam
3448 4525 3642 4579 obten-

2063 4622 2210 4685 dere,
2243 4635 2340 4673 nec
2369 4619 2566 4681 dicere,
2589 4617 2702 4672 Non
2725 4618 2898 4670 audivi
2930 4618 3130 4680 tubam,
3155 4618 3351 4670 bellum
3383 4633 3486 4672 non
3521 4632 3653 4686 pra:-

2062 4712 2190 4766 vidi.
2217 4711 2293 4764 Ad
2327 4711 2424 4764 hoc
2449 4712 2642 4778 quippe
2671 4709 2910 4773 sedebat,
2944 4721 3000 4762 ut
3043 4709 3287 4764 Ezechiel
3313 4712 3407 4775 ait,
3441 4717 3499 4762 ιιι
3535 4709 3653 4762 aliis

2065 4801 2186 4854 tuba
2234 4809 2490 4864 caneret,
2555 4809 2611 4852 et
2679 4799 2879 4852 futuras
2944 4815 3211 4852 arrunmas
3270 4800 3652 4868 prmnuntiaret

2064 4893 2272 4961 (Ezech.
2307 4895 2396 4947 55.
2425 4893 2500 4961 5).
2535 4892 2760 4960 Ideoque
2789 4892 3104 4960 supplicium
3136 4893 3274 4946 nulla
3305 4895 3651 4947 excusatione

2062 4987 2212 5040 vitari
2254 4995 2463 5056 potest,
2505 4987 2710 5040 etiamsi
2740 5001 2872 5038 unus
2903 4995 3104 5039 tantmn
3139 4988 3399 5055 periisset.
3441 4985 3571 5039 Nam
3604 4987 3647 5039 si

2062 5079 2345 5133 accedente
2373 5078 2568 5134 framea
2593 5080 2787 5148 populo
2813 5094 2916 5132 non
2945 5080 3066 5134 tuba
3090 5080 3373 5145 cecinerit,
3411 5080 3517 5144 ait,
3552 5092 3646 5135 nec

2061 5172 2360 5240 speculator
2389 5173 2595 5241 signum
2621 5170 2845 5235 dederit,
2879 5171 3271 5242 adveniensque
3297 5169 3496 5224 framea
3526 5171 3611 5222 ani

2061 5277 2200 5315 mam
2232 5263 2500 5326 invaserit,
2531 5262 2640 5330 ipsa
2663 5261 2874 5331 quidem
2904 5272 3118 5330 propter
3143 5261 3466 5330 iniquitatem
3494 5275 3644 5313 suam

2061 5365 2210 5423 capta
2242 5363 2344 5420 est,
2375 5355 2683 5424 sanguinem
2710 5368 2837 5408 vero
2860 5355 2975 5422 ejus
3003 5354 3070 5408 de
3107 5369 3263 5407 manu
3299 5353 3644 5422 speculatoris

2063 5444 2348 5512 requiram.
2381 5444 2572 5498 Desine
2595 5458 2725 5512 ergo
2745 5457 2842 5497 nos
2863 5443 2914 5496 in
2938 5453 3042 5496 tam
3068 5443 3640 5512 inevitabilejudicittm

2063 5533 2332 5601 impellere
2364 5551 2376 5586 :
2409 5549 2578 5604 neque
2625 5534 2766 5588 enim
2809 5532 2877 5587 de
2918 5532 3160 5586 ducendo
3189 5533 3443 5599 exercitu,
3473 5549 3642 5605 neque

2123 5712 2138 5742 ¹
2174 5709 2314 5760 Savil.
2341 5719 2389 5760 et
2421 5712 2600 5771 aliquot
2632 5717 2757 5771 διες,
2782 5722 2932 5773 neque
2963 5712 3085 5762 duo:
3104 5722 3254 5774 neque
3273 5717 3390 5760 tres.
