3890 6220
291 251 396 304 ιπς

296 371 364 421 de
403 382 565 436 regno
607 382 905 424 sermonem
934 368 1210 432 habemus,
1242 369 1336 424 sed
1363 369 1432 424 de
1467 373 1698 442 negotio,
1730 372 1870 443 quod

278 456 533 525 .angelica
565 457 754 510 virtute
781 473 912 526 opus
941 458 1149 513 haheat.

369 545 423 600 2.
460 545 629 616 Major
648 549 884 618 perfectio
911 549 965 603 in
985 550 1237 621 episcopo,
1267 567 1416 621 quam
1437 553 1487 606 in
1510 554 1768 608 monachis
1795 571 1875 608 re-

301 637 532 704 quiritttr.
575 667 644 677 —-
693 640 896 692 Etenim
942 640 1202 696 solaribus
1251 643 1410 698 radiis
1451 645 1716 713 puriorem
1757 660 1875 701 esse

303 735 510 794 oportet
528 728 814 782 sacerdotis
837 729 1088 798 animam,
1115 733 1394 802 nequando
1415 734 1642 804 Spiritus
1663 746 1876 791 sanctus

306 816 450 871 illum
473 818 738 872 desertum
761 820 1048 889 relinquat;
1068 833 1117 876 ut
1141 826 1304 892 possit
1322 824 1499 880 dicere
1527 844 1540 880 :
1568 825 1688 881 Vivo
1713 837 1878 881 autem

301 907 409 975 jam
437 924 534 960 non
559 925 648 978 ego
669 924 688 962 :
713 911 826 963 vivit
849 927 960 964 vero
985 913 1036 966 in
1064 930 1142 968 me
1163 912 1392 970 Christus
1431 915 1635 990 (Galat.
1661 917 1714 970 2.
1743 917 1814 972 20
1833 922 1874 984 ).

305 995 433 1049 Nam
463 997 508 1050 si
536 997 590 1063 ii,
625 1001 712 1068 qui
758 1016 995 1056 eremum
1037 1003 1292 1072 incolunt,
1334 1015 1388 1060 et
1425 1007 1557 1060 urbe
1597 1016 1650 1061 et
1688 1009 1801 1062 foro
1827 1017 1881 1063 et

308 1089 614 1145 tumultibus
655 1094 856 1159 procul,
898 1107 1110 1164 semper
1152 1105 1303 1164 portu
1341 1105 1394 1151 et
1435 1097 1715 1166 tranquillo
1742 1098 1878 1152 ca-lo

290 1178 560 1246 fruentes,
584 1181 769 1234 nolunt
809 1192 982 1237 tamen
1009 1183 1265 1252 ejusmodi
1293 1186 1410 1240 vita:
1441 1186 1677 1241 instituto
1710 1189 1878 1241 conli-

307 1271 457 1338 dere,
477 1287 656 1326 verum
686 1284 962 1328 sexcenlas
982 1275 1112 1329 alias
1130 1277 1396 1331 custodias
1425 1278 1695 1346 adhibent,
1729 1280 1881 1333 undi-

309 1376 411 1429 que
436 1376 494 1415 se
516 1363 1032 1430 circummunientes,
1059 1376 1111 1420 et
1150 1382 1268 1421 cum
1313 1384 1500 1438 magna
1548 1371 1882 1426 accnratioue

305 1453 486 1506 omnia
515 1462 568 1507 et
597 1453 772 1510 dicere
795 1466 846 1510 et
876 1456 1048 1512 facere
1074 1469 1394 1528 satagentes,
1439 1471 1495 1515 ut
1534 1476 1655 1516 cum
1695 1462 1880 1517 ﬁducia

310 1552 364 1596 et
389 1545 614 1612 puritate
643 1546 868 1611 sincera,
895 1557 1147 1616 quantum
1172 1549 1411 1604 humanae
1435 1552 1571 1605 vires
1593 1553 1879 1621 patiuntur,

290 1633 562 1687 accedere
607 1635 671 1687 ad
723 1637 882 1689 Deum
937 1638 1179 1704 possint:
1208 1648 1402 1707 quanta
1454 1649 1615 1708 putas
1639 1650 1884 1710 oportere

292 1724 638 1777 sacerdotem
671 1725 742 1778 uti
773 1725 821 1780 vi
851 1735 1007 1796 atque
1028 1729 1272 1784 violentia
1295 1769 1310 1795 ,
1353 1740 1410 1784 ut
1454 1735 1618 1800 possit
1654 1733 1882 1787 animam

311 1812 378 1866 ab
403 1815 542 1866 omni
570 1815 966 1880 inquinamento
987 1820 1213 1887 eripere,
1236 1832 1290 1875 et
1310 1822 1632 1888 spiritualem
1657 1823 1885 1893 pulchri-

293 1907 548 1960 :tudinem
601 1907 819 1962 illtesatn
875 1912 1124 1965 servare?
1179 1913 1380 1967 Etenim
1431 1916 1596 1968 multo
1649 1916 1882 1984 majore,

312 2011 467 2060 quam
501 1995 593 2062 illi,
634 2007 756 2068 eget
784 2000 1010 2068 puritate
1040 2023 1052 2054 :
1085 2017 1146 2056 ac
1172 2004 1260 2072 qui
1290 2005 1490 2073 majore
1531 2007 1762 2076 indiget,
1800 2007 1887 2061 ille

296 2085 549 2154 pluribus
588 2088 992 2144 necessitatibus
1027 2091 1294 2160 subjacet,
1335 2110 1454 2162 qnze
1499 2097 1700 2164 possint
1743 2097 1884 2150 illum

291 2175 624 2244 inquinare,
669 2178 767 2231 nisi
810 2179 1022 2233 assidua
1065 2181 1367 2250 vigilantia,
1413 2184 1681 2264 multaque
1725 2185 1884 2240 animi

313 2267 603 2323 attentione
621 2283 764 2334 usus,
781 2270 1104 2326 inaccessum
1126 2273 1227 2327 illis
1246 2274 1479 2329 animum
1501 2275 1687 2330 reddat
1710 2290 1886 2331 suum.

295 2357 444 2414 Nam
475 2369 531 2414 et
557 2361 665 2415 oris
690 2371 956 2426 venustas,
983 2374 1034 2418 et
1063 2375 1298 2419 motuum
1325 2367 1596 2432 mollities,
1627 2377 1680 2421 et
1707 2369 1880 2424 inces-

314 2468 405 2507 sus
442 2453 679 2510 al'fectata
725 2456 878 2521 ratio,
923 2465 978 2510 et
1015 2456 1160 2510 vocis
1187 2456 1499 2521 confractio,
1530 2459 1804 2514 oculorum
1834 2469 1890 2514 et

314 2544 570 2602 malarum
601 2545 900 2615 stigmata‘,
941 2546 1299 2601 cincinnorum
1325 2550 1761 2618 compositiones,
1797 2565 1889 2602 ca-

314 2635 486 2704 pillitii
530 2635 754 2689 tinctum
781 2677 796 2703 ,
843 2639 1062 2691 vestium
1103 2640 1476 2707 sumptuositas
1503 2681 1520 2706 ,
1565 2641 1676 2694 auri
1714 2640 1890 2696 varius

295 2735 534 2778 ornatus
565 2765 580 2791 ,
629 2741 957 2796 gemmarum
1018 2728 1350 2796 pulchritudo
1396 2731 1453 2795 ³,
1502 2741 1889 2800 unguentorum

310 2813 620 2884 fragrantia,
647 2816 852 2886 aliaque
885 2817 1081 2882 omnia,
1113 2833 1233 2888 quae
1267 2819 1525 2874 muliebre
1559 2835 1726 2890 genus
1764 2820 1891 2876 alie-

310 2913 460 2959 ctare
480 2907 633 2972 solet,
656 2909 888 2960 animum
911 2908 1122 2962 turbare
1144 2918 1382 2978 possunt,
1405 2911 1504 2964 nisi
1529 2910 1891 2979 temperantiae

303 2997 626 3052 austeritate
653 3012 712 3052 se
736 2999 1000 3053 munierit.
1031 2999 1132 3054 Sed
1167 3000 1234 3054 ab
1259 3001 1324 3054 iis
1349 3001 1546 3056 turbari
1568 3002 1758 3056 mirum
1784 3017 1888 3057 non

311 3097 426 3152 est;
469 3097 521 3141 at
562 3105 656 3159 per
682 3105 766 3143 res
798 3091 863 3145 iis
889 3091 1180 3145 contrarias
1223 3105 1378 3161 posse
1409 3091 1674 3147 diabolum
1705 3093 1890 3148 huma-

305 3192 410 3230 nas
435 3179 638 3231 animas
662 3178 948 3234 confodere
966 3219 982 3245 ,
1013 3180 1062 3233 id
1089 3195 1216 3234 sane
1245 3189 1461 3250 stupore
1488 3191 1540 3235 et
1565 3181 1890 3238 dubitatione

299 3266 547 3336 plenum.
594 3267 708 3322 Jam
736 3268 873 3322 enim
902 3270 1172 3332 nonnulli,
1201 3271 1288 3340 qui
1323 3269 1436 3324 hzec
1470 3271 1725 3325 venabula
1753 3271 1887 3325 effu-

311 3367 502 3426 gerant
524 3399 538 3422 ,
579 3375 607 3410 a
655 3358 810 3428 longe
833 3359 1057 3414 diversis
1081 3363 1216 3429 capti
1239 3368 1381 3415 sunt.
1415 3359 1620 3415 Etenim
1649 3363 1885 3430 neglecta

317 3448 500 3513 facies,
531 3449 768 3518 squalida
792 3464 964 3516 coma,
996 3450 1136 3504 sordi
1162 3456 1202 3502 :‘a
1235 3451 1416 3516 vestis,
1448 3450 1659 3505 habitus
1684 3452 1886 3505 incom-

318 3537 541 3606 positus,
588 3553 795 3592 morum
845 3539 1229 3609 verborumque
1275 3539 1604 3610 simplicitas,
1653 3541 1890 3597 incessus

316 3641 420 3678 non
443 3625 737 3690 affectatus.
757 3641 856 3682 vox
882 3629 1214 3694 inconcinna,
1243 3631 1409 3684 victus
1436 3641 1736 3699 paupertas,
1761 3647 1891 3685 con-

319 3723 547 3785 temptus
571 3730 634 3770 ac
660 3717 887 3786 prmsidii
916 3718 1155 3787 penuria,
1180 3719 1410 3789 itemque
1434 3720 1662 3774 solitudo
1684 3731 1888 3791 specta-

317 3815 484 3858 torem
537 3807 760 3875 primum
801 3807 864 3862 ad
908 3809 1346 3876 misericordiam,
1376 3809 1565 3865 deinde
1606 3811 1661 3865 in
1707 3821 1885 3867 extre-

316 3911 455 3951 mam
492 3899 774 3968 perniciem
807 3909 1188 3970 pertraxerunt.

384 3989 439 4043 5.
471 3987 774 4044 Faciliorem
799 4007 903 4045 esse
925 3993 1038 4044 vita?
1065 3993 1305 4045 rationem
1326 3993 1710 4059 monachorum,
1735 4010 1886 4062 quant

316 4080 607 4150 puerulum.
632 4109 704 4120 -—
746 4080 997 4150 Multique
1037 4096 1104 4136 ex
1146 4078 1407 4151 prioribus
1450 4083 1615 4152 elapsi
1662 4084 1884 4152 retibus,

318 4186 505 4241 nempe
534 4172 708 4226 aureis
744 4172 1017 4228 ornatibus
1036 4212 1052 4238 ,
1083 4175 1385 4243 unguentis,
1406 4175 1756 4240 veStimcntis,
1785 4192 1888 4229 cae-

317 4265 547 4332 terisque
572 4278 729 4333 supra
751 4264 1074 4330 memoratis,
1096 4265 1148 4318 in
1172 4266 1284 4320 hare
1310 4265 1444 4320 adeo
1464 4266 1530 4321 ab
1555 4267 1655 4321 illis
1679 4268 1885 4321 diversa

315 4353 618 4407 ceciderunt
649 4353 1041 4423 perieruntque.
1087 4354 1218 4408 Cum
1248 4370 1374 4424 ergo
1403 4370 1497 4424 per
1525 4366 1885 4426 paupertatem

315 4452 370 4496 et
404 4443 632 4508 divitias,
668 4459 765 4514 per
801 4454 1046 4498 ornatum
1089 4457 1144 4501 et
1190 4447 1395 4501 habitos
1437 4448 1748 4517 neglectum,
1794 4464 1888 4519 per

315 4537 636 4606 compositos
667 4553 844 4592 mores
883 4548 936 4592 et
979 4539 1376 4609 incompositos,
1409 4549 1568 4610 atque
1595 4555 1700 4595 uno
1725 4541 1886 4596 verbo

317 4643 411 4696 per
437 4631 612 4684 omnia
637 4630 739 4684 alia
766 4646 921 4699 supra
953 4641 1276 4697 enumerata,
1299 4632 1492 4687 bellum
1521 4634 1571 4687 in
1602 4634 1888 4703 spectantis

315 4722 493 4776 animo
533 4723 868 4787 accendatur,
913 4735 964 4777 et
1008 4724 1427 4779 machinamenta
1467 4726 1613 4780 illum
1655 4725 1886 4792 undique

315 4814 724 4878 eircumsistant,
757 4815 1016 4868 undeuam
1046 4816 1304 4884 respirare
1338 4817 1530 4885 poterit
1567 4823 1645 4870 tot
1683 4816 1754 4869 illi
1783 4816 1888 4870 cir-

314 4907 626 4977 cumpositis
649 4907 884 4978 laqueis?
916 4923 1048 4974 quas
1075 4909 1305 4963 inveniat
1344 4910 1590 4974 latebras,
1617 4923 1721 4962 non
1744 4909 1882 4974 dico,

315 5016 382 5054 ne
407 5000 456 5054 vi
482 4999 718 5067 capiatur
747 5000 821 5069 (id
849 4999 1040 5069 quippe
1067 5017 1170 5054 non
1197 5000 1480 5055 admodum
1507 4999 1717 5054 dil'llcile
1742 5000 1883 5068 est),

311 5090 408 5144 sed
434 5101 483 5142 ιιι
514 5090 746 5143 animum
775 5105 925 5144 suum
952 5105 979 5142 a
1007 5089 1164 5145 foedis
1181 5089 1585 5160 cogitationibus
1612 5092 1889 5159 impertur-

315 5189 494 5234 oatum
525 5179 813 5234 custodiat?
853 5181 999 5235 Mitto
1037 5181 1289 5247 honores,
1322 5181 1719 5235 innumerorum
1754 5195 1886 5235 cau-

313 5283 400 5324 sas
445 5270 722 5325 malorum.
773 5271 978 5326 Etenim
1008 5271 1094 5338 qui
1131 5285 1162 5324 a
1205 5271 1511 5326 mulieribus
1553 5269 1882 5334 deferuntur,

381 5449 394 5478 ¹
430 5446 567 5512 Sat-il.
595 5458 646 5498 et
677 5447 856 5512 aliquot
893 5456 1016 5512 Mss,
1060 5455 1105 5498 ct
1140 5445 1385 5512 oculorum
1405 5446 1642 5512 stigmata,
1665 5452 1711 5512 et
1733 5445 1884 5496 mala-

314 5521 424 5578 rum
445 5511 666 5578 picturis;
687 5507 795 5578 alii,
811 5517 856 5558 et
879 5511 1180 5578 maturumnet
1199 5507 1524 5578 cincitutotutn
1544 5508 1820 5570 fucationes.

381 5567 916 5680 gasavilﬁetaliluot
938 5579 1071 5634 Mss;
1095 5569 1192 5631 alii,
1231 5571 1341 5620 auri
1376 5577 1421 5621 ct
1457 5567 1754 5632 gemmarum
1777 5567 1884 5632 pul-

510 5646 539 5682 o

1032 254 1088 310 S.
1128 254 1403 311 JOANNIS
1441 256 1914 317 CHRYSOSTOII
1954 257 2268 315 ARCIIIEP.
2309 257 2842 314 CONSTANTINOP.

3449 264 3552 317 ὅκα

1979 375 2339 443 temperantia:
2405 373 2715 429 assiduitate
2757 375 2772 406 ί
2817 384 3169 438 enervantur;
3229 387 3461 432 attamen
3515 381 3551 432 ii

1977 481 2121 534 saepe
2144 465 2391 534 dejiciunt
2419 480 2563 531 eum,
2586 465 2674 534 qui
2701 474 2885 520 contra
2908 466 3038 521 tales
3064 467 3280 522 insidias
3300 480 3556 538 perpetuo

1979 557 2195 626 vigilare
2222 558 2408 612 nescit.
2437 557 2677 611 [latiores
2698 565 2874 612 autem
2895 572 2924 610 a
2950 558 3072 612 viris
3095 558 3298 612 delatos
3318 559 3415 614 nisi
3438 561 3556 629 quis

1980 664 2168 718 magna
2217 665 2338 703 cum
2391 650 2552 703 animi
2589 651 2884 703 constantia
2925 652 3227 718 exceperit,
3277 667 3307 705 a
3348 651 3557 706 duobus

1979 739 2260 794 contrariis
2289 739 2487 793 morbis
2509 739 2809 808 corripitur,
2846 752 2874 792 a
2909 741 3161 794 servitute
3200 740 3399 795 scilicet
3436 757 3556 810 qua:

1980 845 2044 885 ex
2071 831 2370 885 adulatione
2394 832 2650 896 nascitur,
2673 840 2727 886 et
2751 831 2818 886 ab
2842 832 3158 900 arrogantiae
3185 831 3407 896 insania,
3426 831 3556 884 dum

1980 922 2340 977 adulatoribus
2361 923 2471 976 suis
2494 937 2551 977 se
2575 922 2834 991 subjicere
2853 922 3078 991 cogitur,
3100 931 3155 976 et
3173 938 3237 976 ex
3268 922 3558 977 honoribus

1982 1030 2078 1084 per
2123 1029 2216 1070 eos
2258 1015 2447 1070 delatis
2499 1015 2754 1070 adversus
2806 1018 3072 1070 tenuiores
3120 1015 3349 1079 inﬂatur,
3399 1025 3453 1070 et
3501 1017 3556 1070 in

1982 1109 2227 1163 amentia:
2267 1109 2569 1163 barathrum
2608 1110 2870 1177 dejicitur.
2919 1110 3042 1163 llaec
3087 1109 3296 1179 quidem
3339 1124 3367 1162 a
3405 1111 3558 1164 nobis

1983 1201 2119 1254 dicta
2151 1209 2273 1254 sunt
2303 1217 2317 1254 :
2345 1215 2500 1266 quam
2529 1215 2653 1253 vero
2689 1201 2944 1254 damnosa
2974 1200 3097 1263 sint,
3129 1200 3336 1253 nonnisi
3365 1215 3558 1268 exper-

1986 1301 2068 1345 tus
2096 1291 2259 1360 probe
2293 1292 2500 1347 discere
2532 1303 2722 1360 potest.
2765 1292 2946 1359 Neque
2987 1292 3128 1345 enim
3170 1291 3283 1346 haec
3322 1302 3554 1352 tantum,

1981 1382 2078 1436 sed
2107 1383 2265 1452 longe
2288 1383 2371 1437 his
2399 1383 2544 1451 plura
2568 1393 2621 1438 et
2648 1383 3021 1452 periculosiora
3049 1384 3102 1437 in
3130 1384 3304 1437 medio
3329 1386 3558 1437 venanti

1985 1474 2228 1529 accidere
2273 1489 2492 1529 necesse
2539 1476 2713 1530 fuerit.
2763 1475 2863 1542 Qui
2892 1489 3017 1530 vero
3043 1475 3378 1529 solitudinem
3408 1475 3556 1541 colit,

1988 1565 2176 1621 horum
2206 1568 2440 1620 omnium
2472 1567 2854 1621 innnuuitatem
2881 1568 3223 1637 consequitur
3248 1583 3260 1620 :
3282 1566 3324 1621 si
3351 1567 3562 1636 quando

1985 1656 2212 1713 absurda
2255 1659 2504 1728 cogitatio
2552 1659 2674 1728 quid
2717 1659 2890 1712 simile
2938 1659 3034 1727 ipsi
3079 1659 3560 1728 reprmsentaverit,

1987 1751 2247 1807 imbecilla
2279 1760 2452 1805 tamen
2483 1761 2566 1805 est
2590 1753 2886 1819 phantasia,
2909 1765 3026 1819 qua:
3051 1749 3158 1804 cito
3187 1749 3350 1817 possit
3371 1749 3565 1803 exstin-

1986 1842 2094 1913 gui,
2124 1843 2242 1911 quia
2270 1840 2412 1897 nulla
2439 1842 2766 1896 extrinsecus
2790 1839 3018 1894 flamma:
3046 1840 3262 1894 materia
3287 1856 3352 1893 ex
3378 1839 3565 1893 oculo-

1988 1949 2104 1988 rum
2135 1943 2352 2002 aspectu
2390 1931 2777 2001 suppeditatur.
2811 1933 2886 1984 Ac
2913 1930 3201 1984 monachus
3224 1929 3436 2000 quidem
3463 1931 3566 1985 sibi

1989 2024 2088 2078 soli
2117 2026 2293 2088 timet;
2324 2025 2368 2078 si
2389 2038 2516 2078 vero
2541 2023 2608 2078 de
2634 2023 2752 2076 aliis
2776 2022 3091 2091 quandoque
3121 2035 3307 2075 curare
3325 2030 3562 2090 cogatur,

1989 2125 2134 2170 certe
2165 2115 2465 2185 paucissimi
2488 2115 2559 2168 illi
2589 2123 2745 2179 sunt;
2776 2115 2857 2168 sin
2880 2113 3057 2184 plures
3083 2111 3298 2178 fuerint,
3321 2121 3373 2166 at
3399 2111 3568 2166 multo

1991 2211 2226 2264 minores
2256 2223 2479 2263 numero
2507 2222 2663 2276 quam
2696 2206 2731 2260 ii
2761 2207 2850 2276 qui
2881 2206 2930 2259 in
2968 2204 3224 2259 Ecclesiis
3249 2213 3565 2267 versantur,

1990 2311 2148 2370 atque
2191 2301 2226 2354 ii
2271 2299 2437 2353 multo
2473 2299 2722 2353 leviorem
2756 2298 3002 2366 pra-fectu
3029 2310 3128 2349 suo
3153 2295 3562 2350 sollicitudinem

1990 2391 2260 2454 exhibent,
2309 2405 2413 2443 non
2451 2388 2520 2442 ob
2559 2388 2876 2459 paucitatem
2925 2395 3148 2450 tantum,
3183 2385 3277 2440 sed
3317 2386 3567 2454 quoniam

1991 2497 2178 2537 omnes
2200 2495 2230 2534 a
2253 2481 2591 2535 smcularibus
2618 2479 2776 2533 rebus
2800 2477 2949 2531 vacui
2977 2476 3193 2545 degunt,
3225 2490 3322 2530 nec
3349 2476 3564 2540 liberos,

1992 2589 2090 2629 nec
2112 2587 2354 2638 uxorem,
2385 2586 2554 2641 neque
2588 2570 2743 2623 ullam
2777 2567 3142 2636 hujuscemodi
3171 2581 3350 2621 curam
3390 2579 3573 2620 susce-

1994 2672 2198 2733 perunt.
2246 2662 2302 2716 Id
2338 2678 2494 2731 porro
2519 2661 2638 2715 illos
2663 2658 2948 2713 admodum
2978 2655 3245 2728 praefectis
3275 2655 3572 2724 morigeros

1991 2757 2170 2818 efﬁcit,
2199 2765 2253 2810 et
2272 2755 2410 2824 quod
2439 2753 2703 2808 communi
2727 2750 2995 2806 domicilio
3019 2759 3252 2814 utantur,
3271 2747 3423 2802 facile
3449 2762 3574 2816 pos-

1991 2856 2114 2902 sunt
2151 2861 2333 2901 eorum
2373 2844 2562 2899 delicta
2603 2852 2657 2898 et
2693 2842 2940 2913 cognosci
2981 2849 3036 2896 et
3079 2839 3346 2895 emendari
3380 2857 3391 2891 :
3423 2839 3570 2907 quod

1992 2955 2097 2994 non
2127 2937 2392 2992 modicum
2420 2935 2626 2990 confert
2661 2934 2725 2989 ad
2765 2933 2972 2991 virtutis
3013 2933 3417 2993 incrementum,
3445 2944 3572 2983 cum

1991 3027 2195 3083 scilicet
2221 3026 2471 3094 magister
2495 3035 2803 3094 perpetuam
2828 3031 2978 3093 gerat
3005 3020 3432 3076 sollicitudinem.

2060 3121 2115 3175 4.
2159 3119 2481 3172 Sacerdotem
2528 3117 2634 3170 orbi
2677 3125 2924 3169 terrarum
2975 3130 3080 3168 esse
3131 3113 3473 3183 praepositum.
3499 3139 3576 3152 --

1993 3214 2189 3269 Eorum
2218 3226 2366 3275 vero,
2395 3211 2484 3281 qui
2514 3209 2774 3265 sacerdoti
2796 3209 3041 3273 subsunt,
3070 3207 3296 3260 maxima
3318 3217 3440 3273 pars
3469 3219 3574 3256 sae-

1991 3306 2256 3362 cularibus
2289 3303 2431 3359 curis
2471 3313 2595 3357 sunt
2629 3301 2823 3356 addicti
2863 3299 3002 3370 quod
3034 3299 3155 3353 illos
3183 3295 3249 3351 ad
3275 3295 3573 3366 spiritualia

1991 3414 2150 3470 opera
2182 3395 2476 3468 peragenda
2505 3394 2777 3464 segniores
2807 3391 3000 3446 reddit.
3042 3389 3194 3444 Unde
3217 3395 3271 3442 et
3295 3387 3571 3440 doctorem

1993 3502 2210 3544 necesse
2245 3496 2327 3542 est
2362 3485 2609 3555 singulis,
2643 3493 2697 3538 ut
2723 3484 2792 3536 ita
2823 3482 2994 3536 dicam
3015 3523 3030 3545 ,
3064 3479 3252 3534 diebus
3275 3485 3574 3532 sementem

1987 3580 2192 3648 jacere,
2224 3585 2281 3632 ut
2321 3576 2625 3631 assiduitate
2655 3575 2674 3605 ³
2708 3573 2798 3628 illa
2839 3573 3003 3642 possit
3045 3568 3297 3624 doctrina:
3349 3566 3572 3621 verbum

1990 3671 2058 3725 ab
2081 3667 2408 3723 auditoribus
2434 3665 2671 3720 retineri.
2702 3663 2910 3717 Etenim
2941 3661 3136 3714 divitia:
3161 3661 3400 3728 ingentes
3420 3699 3434 3723 ,
3470 3671 3573 3724 po~

1992 3761 2168 3814 tentiac
2196 3756 2520 3826 magnitudo,
2551 3754 2801 3824 segnities
2826 3768 2890 3806 ex
2913 3751 3185 3819 voluptate
3213 3757 3353 3812 nata,
3378 3749 3572 3801 multa-

1990 3864 2093 3918 que
2131 3849 2232 3902 alia
2267 3847 2466 3917 jactum
2507 3860 2688 3901 semen
2731 3843 2988 3897 suifocant
3021 3859 3034 3894 :
3063 3855 3206 3907 saepe
3234 3854 3362 3893 vero
3389 3839 3574 3907 spina-

1989 3956 2106 3996 rum
2141 3939 2457 4009 frequeutia,
2488 3954 2555 3992 ne
2589 3937 2654 3990 ad
2694 3932 3028 4004 superficiem
3058 3930 3270 4000 quidem
3302 3939 3456 3984 terra:
3484 3945 3574 3984 sc-

1992 4047 2111 4088 men
2140 4031 2331 4087 cadere
2355 4031 2498 4084 sinit.
2542 4028 2675 4082 Hinc
2701 4039 2829 4080 vero
2858 4037 3214 4078 :erumnarum
3238 4021 3566 4090 magnitudo,

1988 4127 2070 4179 vis
2094 4123 2437 4194 paupertatis,
2460 4120 2717 4175 molestiae
2740 4115 2989 4182 assiduze,
3007 4114 3212 4182 aliaque
3240 4111 3568 4180 hujusmodi,

1989 4217 2254 4286 prioribus
2289 4214 2584 4278 contraria,
2629 4226 2658 4264 a
2708 4209 3008 4263 divinorum
3055 4205 3231 4261 studio
3277 4203 3567 4257 abducunt.

1989 4309 2333 4365 Peccatorum
2372 4313 2547 4359 autem
2579 4317 2646 4357 ne
2675 4299 2874 4355 tantilla
2909 4297 3124 4368 quidem
3161 4311 3284 4366 pars
3312 4303 3488 4365 potest
3515 4295 3569 4349 in

1989 4413 2173 4454 eorum
2213 4395 2450 4451 notitiam
2479 4392 2659 4448 venire
2691 4407 2703 4442 :
2737 4387 3004 4459 quomodo
3043 4387 3207 4451 enim,
3230 4395 3348 4438 cum
3393 4384 3569 4437 maxi-

1991 4504 2130 4543 mam
2167 4501 2350 4542 eorum
2400 4493 2602 4554 partem
2641 4496 2706 4535 ne
2743 4479 2810 4534 de
2848 4477 2984 4533 facie
3021 4471 3235 4546 quidem
3274 4473 3446 4528 norit?
3492 4475 3571 4527 Ac

1989 4594 2108 4648 qua:
2145 4577 2210 4630 ad
2248 4575 2497 4645 populum
2537 4572 2748 4642 quidem
2775 4576 3014 4638 spectant
3041 4567 3124 4620 his
3153 4575 3276 4619 sunt
3313 4563 3568 4634 perplexa

1989 4670 2402 4727 difﬁcultatibus.
2433 4669 2582 4736 Quod
2609 4669 2652 4722 si
2683 4668 2800 4737 quis
2826 4681 2889 4720 ea
2941 4679 3060 4735 qua:
3100 4663 3166 4717 ad
3205 4663 3369 4718 Deum
3400 4665 3571 4732 perti-

1991 4773 2138 4828 nent,
2168 4761 2543 4830 exploraverit,
2577 4759 2751 4828 priora
2777 4756 2904 4809 nihil
2937 4769 3151 4825 prorsus
3172 4768 3293 4808 esse
3314 4752 3573 4807 videbun-

1993 4865 2077 4910 tur
2103 4872 2117 4909 :
2149 4856 2219 4909 ita
2246 4853 2499 4922 majorem
2524 4850 2638 4904 haec
2657 4841 3154 4918 diligentioremque
3181 4855 3362 4898 curam
3395 4855 3574 4912 postn-

1990 4948 2121 5002 lant.
2150 4947 2279 5001 Nam
2305 4945 2391 5015 qui
2421 4959 2516 5013 pro
2545 4951 2650 4997 tota
2681 4940 2908 5001 civitate,
2945 4947 2999 4993 et
3024 4936 3149 5008 quid
3173 4936 3294 4990 dico
3323 4935 3571 4989 civitate?

1991 5040 2098 5094 imo
2128 5051 2222 5106 pro
2248 5037 2493 5090 universa
2522 5044 2661 5087 terra
2681 5039 2950 5085 oratorem
2977 5028 3102 5098 agit,
3131 5027 3341 5095 Deoque
3369 5025 3569 5092 suppli-

1988 5145 2116 5184 cans
2137 5136 2196 5182 ut
2234 5127 2469 5181 omnium
2502 5124 2728 5194 peccatis
2766 5123 2834 5176 sit
2864 5119 3142 5190 propitius,
3183 5131 3290 5170 non
3327 5117 3566 5167 vivorum

1993 5230 2223 5286 tantum,
2276 5218 2370 5272 sed
2420 5216 2580 5272 etiam
2625 5230 2809 5270 eorum
2861 5214 2950 5284 qui
2994 5211 3278 5275 obierunt,
3318 5206 3568 5278 qualem,

1989 5325 2191 5383 quaeso,
2221 5316 2430 5379 oportet
2458 5307 2620 5361 esse?

2054 5447 2070 5477 ι
2108 5452 2211 5503 Pro,
2234 5438 2560 5503 temperantia:
2590 5436 2890 5498 assiduitate;
2913 5448 3052 5493 unus,
3078 5431 3404 5495 temperantia
3423 5429 3572 5479 mole-

1988 5505 2249 5633 ³αίιεειιγίιτ
2260 5571 2324 5633 .et
2345 5562 2538 5626 plurimi
2560 5568 2687 5621 ηδε..
2704 5557 2997 5611 assiduitate.
3025 5554 3187 5606 ωσι-ει.
3209 5563 3261 5604 et
3285 5552 3420 5616 pauci
3441 5556 3574 5612 η...

1991 5627 2346 5680 consuetudine.
