3860 6216
219 313 331 371 679

219 430 365 498 ὑπὲρ
393 427 672 498 βασιλείας
701 426 831 496 ήμῖν
856 425 883 477 ὁ
911 425 1086 491 λόγος,
1124 424 1238 478 ἀλλ’
1273 424 1414 494 ὑπὲρ
1445 425 1767 495 πράγματος
1795 423 1895 490 ἀγ-

222 515 452 584 γελικῆς
481 515 680 584 ἀρετῆς
710 512 988 582 δεομένου.

299 603 366 672 β’.
412 601 522 655 Καὶ
560 601 667 671 γὰρ
717 599 826 652 τῶν
875 599 1108 652 ἀκτίνων
1155 597 1336 651 αὐτῶν
1385 596 1775 667 καθαρωτέραν
1821 596 1899 667 τῷ

228 690 365 761 ίερεῖ
395 689 495 760 τὴν
529 688 708 758 ψυχὴν
733 683 873 740 εἶναι
898 688 997 750 δεῖ,
1059 687 1144 740 ἵνα
1201 685 1467 757 μηδέποτε
1503 685 1703 756 ἔρημον
1736 685 1900 737 αὑτὸν

226 777 613 844 καταλιμπάνῃ
646 787 671 814 α
721 774 782 826 τὸ
826 773 1050 842 Πνεῦμα
1101 774 1161 826 τὸ
1205 774 1381 841 ἀγιον,
1428 774 1514 825 ἵνα
1549 771 1772 842 δύνηται
1811 773 1899 824 λέ-

226 884 368 934 γειν,
404 863 497 917 Ζῶ
531 863 598 915 δὲ
642 865 754 916 οὐκ
799 863 886 916 ἐτι
919 861 1054 930 ἐγὼ,
1115 860 1182 929 ζῇ
1235 861 1303 914 δὲ
1350 862 1419 914 ἐν
1453 862 1581 930 ἐμοὶ
1625 862 1896 929 Χριστός.

227 953 292 1008 Εί
320 953 428 1023 γάρ
461 953 509 1004 οἱ
555 953 652 1020 τὴν
687 949 892 1022 ἔρημον
919 949 1218 1013 οἰκοῦντες,
1268 950 1364 1002 καὶ
1412 949 1619 1011 πόλεως
1649 949 1743 1001 καὶ
1770 949 1900 1015 ἀγο-

231 1042 330 1112 ρᾶς
361 1041 456 1092 καί⁹
491 1038 599 1090 τῶν
643 1037 850 1090 ἐκεῖθεν
889 1036 1300 1106 ἀπηλλαγμένοι
1345 1035 1611 1107 θορύϐων,
1660 1035 1753 1088 καὶ
1790 1033 1902 1086 δια-

229 1127 433 1190 παντὸς
488 1125 722 1196 λιμένων
778 1126 873 1178 καὶ
919 1125 1164 1194 γαλήνης
1211 1123 1576 1187 ἀπολαύοντες
1627 1125 1726 1176 οὐκ
1777 1123 1901 1175 ἐθέ-

227 1215 378 1268 λουσι
407 1213 628 1284 θαρρεῖν
661 1214 708 1276 δ,
737 1214 801 1283 τῇ
829 1213 926 1282 τῆς
956 1211 1167 1281 διαίτης
1193 1212 1408 1280 ἐκείνης
1437 1212 1730 1280 ἀσφαλείᾳ,
1763 1210 1900 1264 ἀλλά

229 1303 324 1355 καὶ
362 1302 562 1372 μυρίας
585 1299 776 1371 ἐτέρας
797 1298 1152 1369 προστιθέασι
1177 1297 1445 1366 φυλακάς,
1479 1296 1746 1351 πάντοθεν
1776 1298 1901 1349 ἐαυ-

228 1390 354 1450 τοῦς
398 1386 877 1457 περιφράττοντες,
916 1387 1010 1439 καὶ
1056 1385 1198 1454 μετά
1231 1385 1426 1455 πολλῆς
1461 1385 1564 1454 τῆς
1609 1384 1902 1455 ἀκριϐείας

231 1475 326 1528 καὶ
352 1475 529 1541 λέγειν
552 1475 764 1528 ἀπάντα
791 1475 883 1526 καὶ
911 1473 1170 1544 πράττειν
1195 1472 1608 1537 σπουδάζοντες,
1639 1473 1726 1525 ἵνα
1763 1471 1902 1542 μετά

232 1563 548 1633 παρρησίας
593 1562 686 1614 καὶ
719 1559 1089 1632 καθαρότητος
1123 1559 1474 1630 εἰλικρινοῦς,
1509 1560 1632 1612 ὅσον
1688 1560 1766 1622 είς
1808 1560 1902 1612 ἀν-

231 1651 508 1721 θρωπείαν
547 1644 648 1720 ἧκε
691 1647 940 1718 δύναμιν,
987 1647 1278 1718 προσιέναι
1307 1646 1386 1716 τῷ
1435 1645 1554 1715 Θεῷ
1603 1646 1901 1699 δύνωνταιο

231 1737 406 1806 πόσης
445 1735 548 1788 οἴει
582 1735 691 1787 δεῖν
725 1731 800 1802 τῷ
847 1732 1126 1801 ἱερωμένῳ
1169 1731 1265 1785 καὶ
1297 1732 1582 1802 δυνάμεως
1610 1734 1704 1784 καὶ
1756 1731 1900 1798 βίας,

228 1823 372 1877 ὥστε
392 1822 682 1892 δυνηθῆναι
709 1819 905 1882 παντὸς
928 1819 1238 1889 ἐξαρπάσαι
1263 1818 1543 1889 μολυσμοῦ
1571 1818 1672 1889 τὴν
1694 1819 1900 1888 ψυχὴν,

231 1911 328 1961 καὶ
359 1907 538 1971 ἀσινές
559 1907 649 1960 τὸν
674 1905 1044 1976 πνευματικὸν
1067 1907 1305 1976 τηρῆσαι
1330 1916 1352 1943 ο
1388 1905 1584 1968 κάλλος
1607 1923 1621 1966 ς
1658 1906 1768 1958 Καὶ
1795 1905 1905 1975 γὰρ

233 1996 412 2066 πολλῷ
463 1994 704 2065 μείζονος
736 1993 885 2063 αὐτῷ
905 1993 985 2045 δεῖ
1021 1991 1416 2062 καθαρότητος,
1445 1991 1478 2062 ἢ
1505 1992 1763 2054 ἐκείνοιςο
1809 1992 1905 2044 καὶ

232 2076 277 2150 ᾧ
325 2081 565 2152 μείζονος
591 2081 689 2143 δεῖ,
726 2074 879 2143 οὗτος
906 2079 1148 2132 πλείοσιν
1183 2079 1454 2153 ἀνάγκαις
1491 2077 1720 2130 ἐκείνων
1758 2077 1896 2130 ὑπό-

234 2186 413 2222 κειται
446 2172 565 2230 ταῖς
593 2167 923 2237 δυναμέναις
967 2165 1131 2219 αὐτὸν
1159 2165 1386 2236 ῥυποῦν,
1419 2165 1484 2235 ἢν
1516 2165 1591 2237 μὴ
1625 2168 1689 2236 τῇ
1721 2165 1902 2236 διηνε-

232 2259 321 2310 κεῖ
351 2256 508 2325 νήψει
544 2255 636 2308 καὶ
678 2253 758 2323 τῷ
792 2252 972 2323 τσιλλῷ
1009 2253 1147 2323 τόνῳ
1179 2253 1544 2323 χρησάμενος,
1581 2251 1781 2306 ἀϐατον
1807 2253 1904 2305 αὐ-

231 2347 356 2406 ταῖς
395 2343 690 2414 ἐργάσηται
720 2341 819 2411 τὴν
839 2340 1042 2411 ψυχήν.
1086 2341 1195 2394 Καὶ
1228 2341 1337 2411 γὰρ
1369 2341 1676 2410 προσώπων
1701 2340 1903 2410 εὐμορ-

238 2431 362 2499 φία,
413 2430 508 2482 καὶ
556 2428 872 2498 κινημάτων
911 2427 1221 2498 διάθρυψις,
1271 2428 1364 2481 καὶ
1404 2428 1664 2498 βαδίσεως
1709 2428 1903 2496 ἐπιτή-

231 2516 328 2568 δευ
340 2531 438 2576 τις,
469 2514 560 2566 καὶ
587 2514 770 2584 φωνῆς
797 2513 1100 2576 διάκλασις,
1129 2514 1223 2566 καὶ
1245 2513 1539 2583 ὀφθαλμῶν
1561 2513 1901 2584 ὑπογραφαὶ,

234 2603 332 2654 καὶ
368 2599 609 2670 παρειῶν
653 2600 981 2670 ἐπιγραφαὶ,
1024 2601 1119 2652 καὶ
1161 2600 1488 2670 πλεγμάτων
1527 2601 1554 2638 ά
1602 2600 1901 2666 συνθέσεις,

234 2689 332 2742 καὶ
349 2688 552 2759 τριχῶν
577 2688 766 2757 βαφαὶ,
793 2690 887 2742 καὶ
918 2688 1152 2758 ίματίων
1176 2688 1518 2750 πολυτέλεια,
1548 2688 1642 2740 καὶ
1669 2689 1903 2758 χρυσίων

236 2776 501 2837 ποικιλία,
520 2776 615 2830 καὶ
635 2775 798 2828 λίθων
823 2775 1035 2837 κάλλος,
1064 2774 1155 2827 καὶ
1181 2774 1368 2846 μύρων
1384 2774 1603 2837 εὐωδία,
1623 2777 1716 2827 καὶ
1740 2775 1904 2829 τᾶλλα

235 2863 433 2926 πάντα,
460 2863 496 2916 ἀ
515 2863 578 2916 τδ
609 2865 916 2932 γυναικεῖον
940 2859 1249 2930 ἐπιτηδεύει
1280 2861 1456 2928 γένος,
1486 2861 1644 2914 ἱκανά
1672 2861 1903 2931 θορυϐῆ-

237 2968 328 3003 σαι
378 2951 574 3021 ψυχὴν,
609 2951 675 3021 ἢν
717 2951 792 3021 μὴ
821 2949 986 3020 πολλῇ
1014 2951 1081 3018 τῇ
1112 2949 1211 3018 τῆς
1252 2948 1606 3017 σωφροσύνης
1636 2949 1904 3017 αὐστηρό-

234 3055 359 3109 τητι
400 3037 780 3108 ἀπεσκληκυῖα
803 3037 961 3107 τύχῃ.
1008 3035 1169 3088 Ἀλλά
1207 3034 1268 3087 τὸ
1301 3035 1400 3104 μὲν
1441 3035 1544 3087 ὑπὸ
1567 3034 1774 3087 τούτοιν
1809 3053 1905 3087 τα-

239 3125 550 3194 ράττεσθαι,
577 3123 888 3194 θαυμαστὸν
910 3122 1064 3175 οὐδέν
1082 3137 1094 3150 ·
1127 3122 1188 3174 τὸ
1216 3121 1272 3173 δέ
1305 3121 1398 3172 καὶ
1427 3121 1516 3172 διὰ
1551 3122 1661 3173 τῶν
1695 3121 1906 3184 τούτοις

235 3212 497 3266 ἐναντίων
544 3209 800 3264 δύνασθαι
839 3209 1054 3279 βάλλειν
1097 3208 1188 3260 τὸν
1235 3207 1486 3260 διάϐολον
1521 3208 1614 3260 καὶ
1667 3225 1903 3260 κατατο-

236 3297 414 3362 ξεύειν
438 3298 537 3361 τὰς
579 3297 684 3350 τῶν
720 3295 1021 3366 ἀνθρώπων
1051 3295 1248 3364 ψυχάς,
1282 3294 1438 3347 τοῦτο
1465 3293 1582 3346 ἔστι
1613 3295 1675 3347 τὸ
1705 3295 1906 3363 πολλῆς

234 3385 556 3456 ἐκπλήξεως
588 3385 682 3437 καὶ
710 3383 944 3452 ἀπορίας
986 3383 1205 3452 μεστόν.
1248 3382 1385 3452 Ἤδη
1415 3381 1527 3452 γάρ
1560 3399 1702 3444 τινες
1736 3381 1908 3434 ταῦτα

233 3474 568 3542 ἐκφυγόντες
593 3471 664 3523 τά
696 3469 965 3540 θήρατρα,
998 3471 1111 3531 τοῖς
1137 3468 1272 3522 πολὺ
1307 3469 1512 3522 τούτων
1539 3469 1907 3538 ἀφεστηκόσιν

236 3563 503 3616 ἑάλωσαν.
540 3559 650 3611 Καὶ
678 3556 785 3628 γὰρ
816 3559 910 3610 καὶ
952 3555 1274 3626 ήμελημένη
1309 3555 1452 3624 ὄψις,
1501 3555 1595 3609 καὶ
1637 3555 1909 3625 αὑχμῶσα

237 3649 407 3716 κόμη,
439 3646 532 3698 καὶ
556 3643 784 3714 ρυπῶσα
814 3641 998 3712 στολὴ,
1019 3642 1114 3696 καὶ
1142 3642 1326 3712 σχῆμα
1356 3642 1778 3708 ἀνεπίπλαστον,
1812 3643 1908 3694 καὶ

233 3730 368 3806 ἦθος
397 3731 620 3794 ἁπλοῦν,
646 3731 741 3782 καὶ
775 3728 925 3801 ῥῆμα
951 3729 1170 3798 ἀφελὲς,
1192 3730 1286 3781 καὶ
1314 3728 1522 3797 βάδισις
1557 3730 1908 3800 ἀνεπιτήδευο

234 3838 351 3883 τος,
395 3818 490 3872 καὶ
523 3816 925 3885 ἀσχημάτιστος
951 3815 1126 3886 φωνὴ,
1169 3815 1264 3868 καὶ
1295 3815 1356 3867 τὸ
1391 3815 1553 3884 πενίᾳ
1589 3816 1780 3885 συζῇν,
1815 3815 1909 3867 καί¹

235 3909 299 3961 τὸ
327 3903 800 3976 καταφρονεῖσθαι,
831 3903 926 3955 καὶ
961 3904 1021 3954 τὸ
1049 3901 1509 3972 ἀπροστάτευτον,
1537 3904 1630 3954 καὶ
1655 3904 1688 3974 ή
1733 3903 1908 3971 μόνω-

238 4012 346 4058 σις,
376 3994 590 4065 πρῶτον
627 3993 724 4062 μὲν
745 3995 826 4054 είς
849 3991 994 4043 ἔλεον
1016 3990 1106 4042 τὸν
1131 3989 1364 4060 ὁρῶντα,
1394 3991 1488 4041 ἀπ’
1517 3989 1725 4041 ἐκείνου
1750 3989 1806 4041 δὲ
1830 3992 1909 4052 εἰς

236 4082 330 4134 τὸν
364 4080 585 4150 ἔσχατον
624 4080 831 4148 ῆγαγεν
877 4077 1120 4147 δλεθρον.

311 4177 383 4236 γ’.
409 4170 518 4224 Καὶ
558 4168 744 4220 πολλοὶ
787 4165 856 4219 τά
905 4164 1148 4234 πρότερα
1203 4164 1534 4233 ἐκφυγόντες
1581 4164 1791 4225 δίκτυα,
1841 4163 1910 4216 τά

237 4257 331 4311 διά
380 4256 492 4309 τῶν
532 4255 794 4327 χρυσίων,
841 4253 936 4306 καὶ
981 4251 1089 4304 τῶν
1136 4251 1342 4321 μύρων,
1394 4252 1486 4304 καὶ
1517 4251 1624 4304 τῶν
1659 4252 1909 4322 ἱματίων,

240 4345 338 4397 καὶ
376 4343 484 4396 τῶν
507 4341 708 4396 λοιπῶν
738 4335 814 4394 ὧν
840 4335 994 4393 εἷπον
1026 4340 1378 4407 συγκείμενα,
1413 4341 1620 4402 τούτοις
1650 4342 1758 4401 τοῖς
1787 4356 1910 4391 τοσο

239 4429 401 4483 οῦτον
461 4428 641 4482 αὐτῶν
691 4427 1030 4496 ἀφεστηκόσι
1084 4425 1322 4489 εὐκόλως
1365 4426 1620 4479 ἐνέπεσον
1673 4427 1767 4479 καὶ
1808 4427 1912 4479 ἀπ-

241 4515 464 4570 ώλοντο.
520 4515 691 4568 Ὅταν
730 4511 825 4567 οῦν
864 4515 959 4568 καὶ
992 4513 1080 4566 διά
1111 4513 1323 4577 πενίας,
1381 4514 1474 4566 καὶ
1525 4512 1613 4566 διά
1655 4513 1910 4577 πλούτου,

244 4605 340 4658 καὶ
379 4604 469 4657 διά
515 4601 907 4672 καλλωπισμοῦ
961 4601 1056 4654 καὶ
1097 4601 1185 4654 διὰ
1222 4601 1502 4670 σχήματος
1545 4601 1667 4670 εἰκῆ
1723 4600 1911 4670 κειμέ-

243 4709 359 4753 νου,
412 4691 506 4744 καὶ
553 4690 643 4744 διά
691 4690 912 4760 τρόπων
959 4688 1069 4742 τῶν
1125 4705 1185 4741 τε
1238 4687 1608 4756 ἐπιτηδευτῶν
1661 4687 1758 4741 καὶ
1806 4687 1914 4742 τῶν

244 4777 557 4836 ἀπλάστων.
591 4777 684 4830 καὶ
715 4777 803 4830 διά
841 4776 1058 4828 πάντων
1083 4772 1270 4837 ἁπλῶς
1297 4767 1373 4826 ὧν
1414 4774 1911 4844 ἀπηριθμησάμην,

244 4867 274 4918 ὁ
301 4865 537 4934 πόλεμος
566 4862 992 4935 ἀναῤῥιπίζηται
1020 4865 1086 4933 τῇ
1109 4861 1204 4914 τοῦ
1231 4861 1502 4931 θεωμένου
1524 4861 1694 4930 ψυχῇ,
1725 4862 1820 4913 καὶ
1846 4861 1914 4914 τά

248 4953 620 5023 μηχανήματα
672 4950 824 5021 μετ]
873 4949 1034 5003 αὐτὸν
1099 4948 1476 5018 περιστοιχίζῃ
1543 4947 1910 5017 πανταχόθεν·

1503 310 1588 364 DE
1631 306 2080 364 SACERDOTIU.
2128 307 2252 366 LIB.
2297 310 2380 364 Vl.

3553 310 3696 366 680%:

2001 423 2150 493 σμῶν
2179 425 2276 495 τὴν
2303 427 2496 479 ἑαυτοῦ
2535 426 2768 496 φυλάξαι
2793 427 3002 497 ψυχήν;
3043 427 3152 480 Καὶ
3184 427 3419 498 παρίημι
3441 424 3536 488 τάς
3575 444 3660 478 τι-

2004 514 2130 583 μάς,
2166 516 2265 577 τὰς
2302 512 2410 566 τῶν
2440 515 2648 586 μυρίων
2693 515 2870 577 αἰτίας
2900 516 3104 570 κακῶν.
3138 516 3202 567 Al
3249 516 3344 584 μὲν
3371 516 3478 583 γὰρ
3509 514 3658 584 παρὰ

2002 601 2108 653 τῶν
2133 601 2406 668 γυναικῶν
2429 602 2733 672 γινόμεναι,
2763 603 2840 673 τῷ
2863 603 2963 670 τῆς
2995 601 3345 673 σωφροσύνης
3372 603 3432 653 λυ
3442 603 3659 672 μαίνον-

2004 705 2093 741 ται
2123 690 2279 759 τόνῳ,
2313 691 2405 742 καὶ
2437 691 2835 744 καταϐάλλουσι
2867 703 2890 730 θ
2915 691 2972 744 δέ
2997 691 3279 754 πολλάκις,
3310 691 3439 743 ὅταν
3468 707 3552 753 τις
3587 691 3661 759 μὴ

1999 776 2292 840 διαπαντὸς
2311 779 2610 850 ἀγρυπνεῖν
2637 779 2750 849 εἰδῇ
2781 779 2917 849 πρὸς
2942 781 3038 841 τάς
3064 778 3318 841 τοιαύτας
3342 778 3660 841 ἐπιϐουλάς·

2002 863 2099 926 τάς
2123 863 2180 916 δέ
2208 865 2357 933 παρά
2383 865 2491 918 τῶν
2518 867 2725 935 ἀνδρῶν
2749 863 2796 918 εί
2828 865 2900 936 μῆ
2933 865 3070 936 μετά
3103 865 3304 935 πολλῆς
3330 883 3413 927 τις
3441 866 3662 936 δέξηται

2003 951 2099 1020 τῆς
2131 952 2556 1022 μεγαλοψυχίας,
2587 954 2680 1006 δύο
2706 956 2819 1017 τοῖς
2839 955 3101 1016 ἐναντίοις
3131 954 3412 1007 ἁλίσκεται
3442 954 3660 1016 πάθεσι,
3685 1003 3690 1005 _

2000 1039 2066 1106 τῇ
2087 1054 2146 1089 τε
2181 1039 2279 1106 τῆς
2305 1038 2544 1102 θωπείας
2571 1040 2989 1112 δουλοπρεπείᾳ,
3013 1042 3107 1093 κα¹ι
3132 1043 3196 1110 τῇ
3225 1042 3324 1111 τῆς
3347 1040 3662 1104 ἀλαζονείας
3683 1089 3688 1092 .

2001 1125 2156 1195 ἀνοίᾳ
2179 1123 2222 1190 τ,
2246 1127 2360 1189 τοῖς
2393 1126 2490 1195 μὲν
2514 1125 2910 1197 θεραπεύουσιν
2936 1127 3097 1180 αὐτὸν
3127 1127 3461 1180 ὑποκύπτειν
3495 1129 3664 1195 ἀναγ-

2001 1211 2324 1282 καζόμενος,
2365 1213 2452 1265 διά
2487 1212 2545 1266 δέ
2585 1214 2684 1276 τὰς
2727 1215 2858 1283 παρ’
2888 1214 3111 1267 ἐκείνων
3165 1214 3331 1284 τιμὰς
3373 1215 3514 1267 κατὰ
3553 1213 3664 1265 τῶν

2002 1299 2298 1352 ἐλαττόνων
2327 1299 2740 1368 ἐξογκούμενος,
2772 1301 2866 1354 καί¹
2898 1303 2978 1363 είς
3007 1301 3067 1353 τὸ
3095 1301 3192 1370 τῆς
3216 1301 3472 1363 ἀπονοίας
3496 1300 3667 1352 ὠθού-

2005 1403 2164 1456 μενος
2194 1385 2487 1456 βάραθρον.
2525 1387 2710 1440 Ταῦτα
2744 1388 2956 1458 εἴρηται
2997 1387 3095 1457 μέν
3138 1388 3268 1458 παρ’
3305 1387 3498 1458 ήμῶν·
3535 1387 3668 1456 ὅσην

2001 1473 2057 1526 δὲ
2095 1473 2209 1542 ἔχει
2240 1474 2340 1544 τὴν
2371 1474 2575 1544 βλάϐην
2606 1475 2706 1526 οὐκ
2734 1475 2799 1529 ἀν
2827 1493 2910 1538 τις
2948 1475 3075 1528 ἄνευ
3110 1475 3212 1544 τῆς
3252 1475 3451 1545 πείρας
3505 1474 3665 1542 μάθοι

2003 1559 2202 1622 καλῶς.
2235 1561 2308 1612 Οὐ
2336 1559 2444 1631 γὰρ
2479 1561 2542 1630 δὴ
2586 1560 2759 1613 ταῦτα
2791 1561 2973 1632 μόνον,
3024 1561 3161 1614 ἀλλά
3207 1564 3302 1614 καὶ
3340 1561 3410 1613 τά
3461 1560 3665 1612 τούτων

2004 1645 2184 1716 πολλῷ
2216 1645 2436 1700 πλείονα
2480 1648 2573 1700 καὶ
2608 1648 2997 1720 σφαλερώτερα
3023 1648 3101 1718 τῷ
3144 1650 3202 1700 ἐν
3235 1647 3386 1717 μέσῳ
3433 1664 3666 1718 στρεφο-

2007 1732 2151 1802 μένῳ
2183 1735 2208 1772 Β
2237 1733 2571 1804 συμπίπτειν
2594 1735 2805 1805 ἀνάγκη
2847 1735 3044 1803 γένοιτ’
3075 1735 3158 1787 ἀν.
3208 1735 3265 1786 Ὀ
3299 1735 3357 1787 δὲ
3396 1733 3492 1804 τὴν
3537 1735 3666 1804 ἐρη-

2007 1821 2134 1890 μίαν
2161 1821 2423 1891 στέργων,
2451 1822 2669 1876 πάντων
2699 1823 2796 1892 μὲν
2822 1822 2934 1892 ἔχει
2961 1822 3058 1892 τὴν
3087 1821 3362 1874 ἀτέλειαν·
3388 1823 3436 1873 εί
3456 1820 3512 1871 δέ
3538 1837 3666 1872 ποτε

2004 1907 2154 1978 αὑτῷ
2183 1910 2277 1961 καὶ
2304 1909 2562 1979 λογισμὸς
2590 1909 2791 1973 ἄτοπος
2822 1909 3161 1979 ὑπογράψειέ
3183 1926 3234 1961 τι
3262 1908 3527 1971 τοιοῦτον,
3551 1907 3668 1960 ἀλλ’
3691 1919 3694 1924 ·

2003 1995 2235 2066 ἀσθενὴς
2277 1997 2309 2066 ή
2337 1997 2629 2064 φαντασία,
2664 1999 2758 2050 καὶ
2787 1997 2999 2066 ταχέως
3047 1996 3337 2066 σϐεσθῆναι
3367 1996 3663 2066 δυναμένη.

2002 2081 2090 2135 διά
2107 2083 2167 2136 τὸ
2195 2083 2269 2154 μὴ
2296 2083 2655 2154 προσκεῖσθαι
2682 2083 2880 2148 ἔξωθεν
2904 2083 3001 2154 τὴν
3018 2083 3125 2136 ἀπὸ
3147 2082 3248 2151 τῆς
3271 2084 3505 2153 θεωρίας
3531 2082 3666 2150 ὓλην

2003 2173 2067 2241 τῇ
2102 2170 2280 2239 φλογί.
2318 2172 2426 2223 Καὶ
2454 2175 2480 2224 ό
2516 2172 2614 2242 μὲν
2650 2171 2880 2241 μοναχὸς
2912 2171 3052 2240 ὑπὲρ
3085 2170 3278 2224 ἐαυτοῦ
3311 2171 3474 2241 μόνου
3505 2171 3672 2222 δέδοι-

2004 2275 2134 2311 κεν’
2182 2261 2229 2311 εί
2270 2259 2325 2312 δέ
2361 2259 2456 2312 καὶ
2501 2259 2702 2330 ἐτέρων
2746 2259 3055 2328 φροντίζειν
3103 2257 3499 2328 ἀναγκασθείη,
3550 2259 3670 2311 ἀλλ’

2004 2345 2388 2417 εὐαριθμήτων
2411 2345 2558 2398 λίαν·
2588 2347 2636 2398 εἰ
2672 2344 2729 2398 δέ
2755 2347 2844 2398 καὶ
2876 2345 3120 2408 πλείονες
3149 2341 3281 2407 εἷεν,
3312 2345 3445 2398 ἀλλά
3469 2345 3576 2397 τῶν
3610 2346 3672 2396 ἐν

2003 2437 2125 2496 ταῖς
2161 2434 2505 2502 Ἐκκλησίαις
2529 2432 2780 2497 ἐλάττους
2805 2432 2861 2486 τέ
2893 2434 3021 2494 είσι,
3049 2432 3142 2485 καὶ
3169 2431 3268 2495 τάς
3297 2432 3435 2503 ὑπὲρ
3455 2433 3679 2485 ἐαυτιὶν-

2005 2523 2294 2592 φροντίδας
2311 2521 2490 2592 πολλῷ
2507 2521 2843 2592 κουφοτέρας
2862 2521 3161 2599 παρέχουσι
3182 2520 3259 2590 τῷ
3283 2519 3587 2590 προεστῶτι
3617 2518 3667 2582 ιι,

2003 2614 2063 2666 οὐ
2094 2614 2182 2666 διά
2209 2613 2305 2683 τὴν
2332 2613 2623 2681 ὀλιγότητα
2659 2611 2839 2680 μόνον,
2883 2610 2996 2665 ἀλλ’
3043 2611 3123 2663 ὅτι
3171 2609 3265 2663 καὶ
3309 2610 3510 2671 πάντες
3557 2609 3669 2660 τῶν

2005 2700 2286 2770 κοσμικῶν
2334 2702 2470 2752 εἰσιν
2515 2698 2928 2770 ἀπηλλαγμένοι
2992 2699 3353 2768 πραγμάτων,
3401 2697 3495 2749 καὶ
3545 2695 3669 2749 οὔτε

2007 2787 2222 2850 παῖδας,
2269 2786 2393 2839 οὔτε
2425 2790 2676 2854 γυναῖκα,
2729 2786 2852 2839 οὐτε
2902 2785 3031 2838 ἀλλο
3071 2803 3123 2838 τι
3169 2787 3439 2855 μεριμνᾷν
3486 2784 3672 2854 ἔχουσι

2005 2875 2233 2928 τοιοῦτο.
2277 2875 2444 2926 Τοῦτο
2483 2874 2538 2926 δέ
2582 2875 2780 2936 αὐτοὺς
2824 2873 2943 2928 λίαν
2979 2892 3036 2926 τε
3074 2869 3212 2926 εἶναι
3248 2872 3522 2934 εὐπειθεῖς
3559 2875 3676 2934 τοῖς

2005 2961 2330 3032 ἡγουμένοις
2361 2963 2452 3013 καὶ
2495 2961 2555 3012 τὸ
2582 2960 2766 3030 κοινὴν
2803 2962 2902 3030 τὴν
2945 2962 3159 3030 οἴκησιν
3206 2959 3350 3028 ἔχειν
3386 2960 3668 3030 ἐποίησεν,

2004 3049 2078 3111 ὡς
2111 3048 2368 3102 δύνασθαι
2396 3047 2577 3100 αὐτῶν
2621 3047 2687 3100 τά
2718 3047 3035 3118 πταίσματα
3079 3047 3320 3116 ἀκριϐῶς
3352 3048 3582 3117 συνορᾷν
3612 3063 3671 3098 τε

2008 3137 2100 3187 καὶ
2127 3133 2476 3204 ἐπανορθοῦν,
2520 3134 2653 3204 ὅπερ
2692 3134 2750 3185 οὐ
2782 3134 2974 3202 μικρὸν
3005 3133 3142 3203 πρὸς
3172 3132 3371 3203 ἀρετῆς
3400 3133 3690 3196 ἐπίδοσιν,,

2007 3221 2298 3275 ἐπιστασία
2327 3216 2656 3274 δ.δασκάλων
2692 3221 2706 3259 ί
2737 3219 3016 3290 διηνεκής.

2076 3312 2137 3363 δ’.
2155 3309 2272 3361 Τῶν
2302 3309 2357 3360 δὲ
2381 3309 2486 3360 ὑπὸ
2506 3307 2583 3377 τῷ
2607 3309 2744 3379 ίερεῖ
2769 3308 3116 3378 τεταγμένων
3134 3308 3191 3360 τὸ
3213 3307 3371 3360 πλέον
3393 3306 3694 3376 βιωτικαῖς

2010 3393 2303 3464 πεπέδηται
2339 3394 2606 3462 φροντίσι.
2639 3393 2731 3444 καὶ
2757 3392 2914 3444 τοῦτο
2947 3392 3142 3454 αὐτοὺς
3173 3391 3503 3460 ἀργοτέρους
3535 3390 3672 3459 πρὸς

2007 3477 2104 3547 τὴν
2121 3477 2227 3528 τῶν
2257 3476 2637 3545 πνευματικῶν
2665 3475 2927 3544 ἐργασίαν
2947 3474 3286 3544 καθίστησιν.
3317 3472 3480 3525 Ὅθεν
3506 3473 3674 3538 ἀνάγ-

2009 3575 2079 3627 κη
2111 3558 2188 3626 τῷ
2230 3557 2535 3626 διδασκάλῳ
2579 3557 2822 3625 σπείρειν
2863 3555 2983 3608 καθ’
3032 3555 3302 3623 ἑκάστην,
3348 3554 3424 3618 ὡς
3475 3556 3690 3614 εἰπεῖν,

2009 3633 2238 3710 ἡμέρανξ
2261 3640 2347 3692 ἴνα
2369 3642 2433 3709 τῇ
2461 3639 2590 3706 γοῦν
2619 3637 2900 3706 συνεχείαί
2931 3636 3130 3706 δυνηθῇ
3160 3635 3501 3706 κρατηθῆναι
3525 3637 3675 3704 παρα

2009 3725 2119 3784 τοῖς
2147 3720 2404 3773 ἀκούουσι
2427 3723 2524 3791 τῆς
2550 3720 2896 3779 διδασκαλίας
2917 3720 2944 3770 ό
2971 3717 3150 3785 λόγος.
3185 3717 3292 3768 Καὶ
3315 3717 3425 3786 γὰρ
3444 3716 3674 3778 πλοῦτος

2012 3803 2334 3872 ὑπέρογκος,
2370 3803 2465 3855 καὶ
2497 3803 2814 3863 δυναστείας
2848 3799 3097 3870 μέγεθος,
3141 3801 3236 3852 καὶ
3281 3798 3520 3869 ῥᾳθυμία
3567 3800 3676 3852 ἀπὸ

2008 3889 2217 3958 τρυφῆς
2251 3885 2669 3954 προσγινομένη,
2703 3885 2796 3936 καὶ
2845 3882 3013 3934 πολλὰ
3053 3882 3218 3952 ἔτερα
3263 3881 3401 3950 πρὸς
3439 3881 3673 3944 τούτοις,

2011 3970 2304 4040 συμπνίγει
2328 3969 2396 4021 τά
2423 3967 2869 4036 καταϐαλλόμενα
2899 3965 3188 4035 σπέρματα
3208 3981 3221 3994 ·
3260 3965 3517 4024 πολλάκις
3546 3964 3602 4014 δὲ
3642 3967 3700 4032 ήο,

2009 4053 2117 4106 τῶν
2133 4051 2383 4106 ἀκανθῶν
2409 4051 2678 4121 πυκνότης
2702 4050 2823 4102 οὐδὲ
2845 4049 3008 4120 μέχρι
3025 4049 3122 4117 τῆς
3143 4048 3464 4115 ἐπιφανείας
3481 4047 3676 4116 ἀφίησι

2009 4137 2070 4189 τὸ
2101 4137 2456 4206 σπειρόμενον
2490 4136 2695 4186 πεσεῖν.
2732 4133 2872 4202 Ἤδη
2903 4132 2960 4184 δὲ
2985 4131 3082 4184 καὶ
3114 4131 3345 4199 θλίψεως
3377 4129 3672 4200 ὑπερϐολὴ,

2012 4220 2106 4272 καὶ
2137 4219 2326 4281 πενίας
2365 4218 2598 4285 ἀνάγκη,
2647 4216 2741 4269 καὶ
2773 4216 3029 4284 ἐπήρειαι
3079 4216 3353 4282 συνεχεῖς,
3402 4213 3495 4264 καὶ
3541 4213 3676 4266 ἀλλα

2012 4301 2236 4354 τοιαῦτα
2258 4303 2368 4362 τοῖς
2393 4298 2679 4368 προτέροις
2701 4298 2938 4360 ἐναντία,
2971 4296 3172 4363 ἀπάγει
3199 4296 3295 4366 τῆς
3326 4295 3451 4364 περὶ
3473 4293 3540 4346 τά
3558 4294 3676 4346 θεῖα

2015 4383 2253 4454 σπουδῆς
2273 4401 2286 4413 ο
2315 4381 2500 4452 τῶν,δέ
2529 4381 2953 4452 ἁμαρτημάτων
2993 4381 3116 4432 οὐδέ
3156 4379 3216 4430 τὸ
3249 4378 3542 4431 πολλοστὸν
3575 4380 3688 4430 αὐ--

2013 4468 2126 4528 τοῖς
2181 4464 2344 4535 μέρος
2395 4464 2618 4517 δυνατὸν
2668 4461 2922 4532 γενέσθαι
2982 4461 3324 4527 καταφανέςο
3377 4459 3492 4521 πῶς
3545 4461 3674 4530 γάρ,

2015 4545 2163 4617 [εει]
2199 4540 2274 4599 ὧν
2312 4546 2439 4608 τοὺς
2472 4545 2724 4608 πλείονας
2767 4543 2890 4597 οὐδέ
2918 4546 2982 4597 ἐκ
3017 4542 3333 4614 προσόψεως
3362 4543 3539 4605 ίσασι;
3575 4541 3678 4594 Καὶ

2012 4631 2082 4684 τά
2121 4631 2220 4702 μὲν
2244 4630 2380 4700 πρὸς
2408 4631 2498 4683 τὸν
2533 4629 2660 4683 λαὸν
2688 4629 2840 4699 αὐτῷ
2871 4629 3143 4696 τοσαύτην
3183 4628 3294 4697 ἔχει
3328 4627 3426 4696 τὴν
3458 4627 3678 4696 ἀμηχα-

2013 4714 2131 4768 νίαν
2152 4731 2164 4744 ’
2207 4716 2254 4766 εί
2281 4713 2338 4766 δέ
2374 4730 2457 4775 τις
2482 4713 2550 4766 τὰ
2574 4713 2710 4782 πρὸς
2738 4712 2827 4765 τὸν
2856 4711 2987 4765 Θεὸν
3010 4710 3335 4774 ἐξετάσειεν,
3366 4710 3518 4763 οὐδὲν
3550 4711 3680 4762 ὅντα

2014 4797 2236 4865 εὑρήσει
2259 4795 2460 4848 ταῦτα’
2492 4793 2634 4848 οὑτω
2660 4793 2904 4863 μείζονος
2931 4794 3024 4846 καὶ
3064 4793 3458 4864 ἀκριϐεστέρας
3497 4795 3677 4844 ἐκεῖνα

2012 4878 2180 4930 δεῖται
2202 4878 2302 4945 τῆς
2330 4877 2583 4947 σπουδῆς.
2607 4877 2710 4929 Τὸν
2731 4877 2838 4948 γὰρ
2878 4877 3018 4946 ὑπὲρ
3041 4878 3166 4947 ὅλης
3193 4878 3290 4946 τῆς
3323 4877 3550 4939 πόλεως,
3587 4876 3680 4927 καὶ

2013 4961 2065 5013 τί
2108 4961 2251 5030 λέγω
2295 4960 2536 5025 πόλεως;
2567 4961 2748 5030 πάσης
2782 4960 2883 5030 μὲν
2911 4957 3004 5014 οῦν
3049 4962 3145 5029 τῆς
3183 4960 3504 5029 οἰκουμένης
3545 4975 3678 5027 πρε-

247 5039 412 5092 πόθεν
443 5037 778 5090 ἀναπνεῦσαι
811 5037 1120 5106 δυνήσεται,
1151 5034 1422 5087 τοσούτων
1448 5033 1633 5104 κύκλῳ
1667 5051 1905 5104 περικει-
1943 5033 1992 5076 ":
2016 5045 2297 5110 365500“,
2330 5045 2426 5098 καὶ
2466 5045 2719 5115 δεόμενον
2753 5046 2871 5107 ταῖς
2912 5045 3163 5096 ἁπάντων
3193 5043 3487 5112 ἁμαρτίαις
3521 5041 3680 5092 ἵλεων

249 5127 430 5197 μένων
455 5124 732 5191 παγίδων;
767 5123 928 5176 ποίαν
955 5123 1246 5176 κατάδυσιν
1283 5123 1485 5192 εὑρεῖν,
1515 5121 1575 5173 οὐ
1606 5120 1749 5188 λέγω
1780 5122 1916 5191 πρὸς

243 5214 303 5267 τὸ
341 5214 416 5284 μὴ
445 5211 586 5265 κατά
606 5211 807 5282 κράτος
837 5211 1040 5263 ἁλῶναι
1075 5208 1253 5278 (τοῦτο
1286 5209 1383 5278 μὲν
1411 5209 1520 5278 γὰρ
1546 5209 1604 5260 οὐ
1640 5208 1783 5260 πάνυ
1813 5225 1911 5277 χα-

247 5301 450 5368 λεπὸν),
482 5301 617 5354 ἀλλά
659 5301 755 5354 καὶ
788 5301 924 5370 πρὸς
953 5299 1014 5353 τὸ
1061 5300 1333 5369 ἀτάραχον
1366 5297 1472 5352 τῶν
1510 5301 1718 5369 μιαρῶν
1769 5299 1914 5366 λογια
1979 5311 1988 5317 ·

307 5421 332 5482 f‘
361 5421 457 5467 Alii
495 5419 875 5482 ἐγκαταλιμπάνῃ
885 5455 896 5466 .

305 5479 334 5520 δ
480 5479 568 5527 οὐκ
591 5479 838 5542 ἀνέχονται
857 5479 1062 5544 θαρῤεἶν.

308 5543 333 5602 ς
358 5541 782 5602 Αιιίλσνντηρῆάαι.

309 5601 334 5638 τι
359 5600 507 5650 Savil.
530 5607 583 5649 el
606 5599 792 5662 aliquot
814 5614 929 5648 mss.
964 5603 1046 5648 καὶ
1079 5602 1285 5662 παρειῶν
1325 5599 1657 5662 ἐπιτρίμματα,
1681 5600 1762 5646 καὶ
1801 5600 1913 5662 πλε·

248 5664 456 5724 γμάτων,
482 5662 564 5724 alii
601 5661 920 5723 καίπαρειῶν
949 5661 1194 5724 ἐπιγραφαὶ
1220 5663 1298 5724 καὶ
1340 5662 1482 5724 πλεγί
1507 5661 1660 5724 P_aulo_
1699 5661 1911 5724 pqﬁlalii

252 5721 454 5790 χρυσίων
474 5723 722 5783 εὐπρέπεια
743 5721 987 5771 καίλίθων.
1011 5721 1083 5771 Ιδ.
1101 5721 1181 5772 alii
1206 5723 1362 5784 μύρων
1386 5722 1596 5781 εὐοδμία,
1619 5721 1663 5768 ul
1717 5721 1906 5768 εὐωδία.

2013 5127 2266 5195 γενέσθαι
2301 5128 2391 5180 τὸν
2418 5127 2573 5191 Θεὸν,
2599 5127 2659 5179 οὐ
2693 5125 2802 5180 τῶν
2843 5125 3060 5190 ζώντων
3087 5127 3268 5196 μόνον,
3294 5125 3426 5177 ἀλλά
3455 5121 3676 5176 καὶτῶν

2015 5209 2376 5274 ἀπελθόντων,
2418 5208 2601 5262 ὁποῖόν
2629 5225 2756 5262 τινα
2794 5206 2933 5261 εἶναι
2958 5213 3093 5278 χρή;

2076 5349 2100 5410 '_
2122 5348 2256 5397 Unus
2273 5350 2573 5409 λυμαίνονται
2595 5350 2724 5410 πόνῳ
2747 5351 2827 5396 καὶ
2851 5349 3217 5396 καταϐάλλουσι.

2084 5407 2102 5473 ξ
2128 5410 2216 5457 Alii
2237 5407 2505 5473 ἀλαζονείας
2525 5407 2738 5473 ἀπονοία.

2080 5471 2105 5542 ξς
2128 5473 2273 5542 iai'il.
2300 5481 2351 5519 et
2370 5469 2452 5518 alii
2478 5470 2576 5542 τοῖς
2595 5473 2643 5519 ἐν
2682 5466 2814 5542 μέσῳ
2839 5471 3180 5542 στρεφομέξριςο
3214 5466 3327 5542 μοι
3361 5466 3443 5542 alii
3487 5467 3676 5538 ἔρημα,-

2078 5529 2103 5566 ιλ
2130 5530 2280 5579 Savil.
2327 5540 2381 5580 ei.
2418 5533 2612 5591 quidam
2653 5527 2722 5592 τῷ
2765 5527 3045 5594 προεστῶτι.
3075 5529 3245 5577 Morel.
3269 5538 3321 5576 et
3352 5528 3431 5575 alii
3461 5541 3574 5573 mss.
3602 5527 3674 5587 τῷ

2013 5607 2252 5653 προστάτῃ
2261 5629 2271 5639 .

2081 5654 2094 5688 ί
2130 5653 2222 5700 Alii
2251 5654 2556 5700 διδασκάλου.

2085 5712 2097 5761 i
2128 5714 2273 5762 Savil.
2306 5720 2356 5762 ei
2380 5713 2578 5775 plurimi
2602 5725 2714 5760 mss.
2741 5711 2976 5773 συνεχείᾳ,
3009 5709 3178 5759 Morel.
3205 5716 3260 5760 et
3279 5707 3418 5773 pauci
3440 5705 3684 5772 συνηθείᾳ.
