3860 6216
227 265 322 320 6M
1008 269 1064 324 S.
1107 267 1389 323 JUANNIS
1423 268 1879 324 (ςιιιιῑδοετοιι

2057 268 2272 323 ΕΠΞΕΡ.
2315 268 2861 324 CONSTANTINOP.

312 382 453 451 Ἕςὼ
508 384 605 455 μὲν
631 386 741 457 γὰρ
800 386 894 439 καὶ
951 386 1055 455 τὴν
1109 385 1350 447 Μωσέως
1403 385 1495 436 καὶ
1549 384 1648 456 τὴν
1708 383 1883 436 Ἠλίου

224 472 532 543 παρόησίαν
605 473 817 526 οὐδέπω
888 472 1023 543 πρὸς
1092 472 1189 543 τὴν
1271 473 1537 541 τοσαύτην
1607 472 1887 541 ἱκετηρίαν

222 559 414 628 ἀρκεῖν
461 559 721 630 ἡγοῦμαι.
771 559 875 614 Καὶ
918 561 1025 631 γάρ
1077 561 1263 630 ὥσπερ
1310 559 1402 611 τὸν
1437 559 1650 611 ἅπαντα
1683 558 1885 627 κόσμον

224 648 673 717 πεπιστευμένος,
725 649 819 699 καὶ
859 647 1021 710 αὐτὸς
1058 647 1133 699 ῶν
1180 646 1433 699 ἁπάντων
1484 646 1685 715 πατὴρ,
1742 644 1885 700 οὕτω

223 734 472 802 ¹πρόσεισι
514 734 591 803 τῷ
639 734 778 804 Θεῷ,
827 734 1076 802 δεόμενος
1122 735 1245 795 τοὺς
1300 732 1612 802 ἁπανταχοῦ
1658 746 1683 772 α
1732 733 1882 786 πολέ-

224 837 357 889 μους
405 821 730 891 σϐεσθῆναι,
772 820 1000 888 λυθῆναι
1037 823 1135 882 τὰς
1190 820 1456 889 ταραχὰς,
1494 822 1745 890 εἰρήνην.
1799 822 1885 873 εύ-

220 908 461 977 ετηρίαν.
500 909 717 960 πάντων
758 909 865 960 τῶν
924 907 1137 976 ἑκάστῳ
1178 906 1364 960 κακῶν
1400 907 1761 975 ἐπικειμένων
1791 909 1885 960 καὶ

223 994 327 1061 ἰδίᾳ⁵
382 995 474 1047 καὶ
524 994 759 1065 δημοσίᾳ
814 998 1035 1063 ταχεῖαν
1090 994 1257 1046 αἰτῶν
1311 994 1651 1062 ἀπαλλαγήν.
1707 998 1796 1046 Δεῖ
1828 995 1881 1045 62-.

220 1080 436 1132 πάντων
474 1081 653 1139 αὐτὸν,
685 1081 826 1150 ὑπὲρ
876 1074 950 1132 ὢν
991 1079 1178 1139 δεῖται,
1236 1080 1456 1132 τοσοῦτο
1507 1079 1786 1150 διαφέρειν
1823 1079 1882 1133 ἐν

220 1165 456 1231 ἅπασιν,
517 1168 638 1218 ὅσον
684 1166 775 1219 τὸν
824 1167 1140 1237 προεστῶτα
1197 1166 1306 1219 τῶν
1364 1156 1879 1238 προπατευομένων

220 1253 381 1315 εἰκός.

290 1340 457 1391 Ὅταν
495 1340 552 1391 δὲ
585 1339 675 1391 καὶ
703 1339 761 1390 τὸ
795 1339 1016 1410 Πνεῦμα
1045 1340 1106 1392 τὸ
1135 1340 1288 1408 ἅγιον
1316 1341 1454 1410 καλῇ
1491 1341 1585 1393 καὶ
1622 1340 1722 1411 τὴν
1755 1357 1877 1410 φρι-

218 1426 557 1495 κωδεστάτην
613 1426 830 1496 ἐπιτελῇ
883 1426 1092 1487 θυσίαν.
1144 1428 1237 1479 καὶ
1289 1426 1382 1478 τοῦ
1438 1426 1616 1479 κοινοῦ
1665 1428 1878 1479 πάντων

219 1514 454 1581 συνεχῶς
482 1513 787 1581 ἐφάπτηται
815 1514 1104 1577 Δεσπότου,
1146 1513 1247 1566 ποῦ
1277 1513 1512 1584 τάξομεν
1538 1515 1721 1576 αὐτὸν,
1755 1513 1877 1565 εἰπέ

219 1615 343 1668 μοι;
375 1599 545 1668 πόσην
572 1599 629 1652 δὲ
661 1601 821 1653 αὐτὸν
854 1603 1230 1671 ἀπαιτήσομεν
1260 1601 1629 1671 καθαρότητα,
1663 1601 1756 1654 καὶ
1782 1602 1879 1653 πό-

218 1700 317 1754 σην
355 1685 671 1751 εὐλάϐειαν;
705 1687 985 1756 Ἐννόησον
1018 1688 1123 1758 γὰρ
1151 1687 1342 1750 ὁποίας
1370 1690 1469 1751 τὰς
1498 1688 1670 1743 ταῦτα
1696 1688 1879 1740 διακο-

218 1772 478 1842 ὀυμένας
522 1776 709 1843 χεῖρας
749 1769 888 1826 εἶναι
936 1774 1077 1845 χρὴ,
1127 1775 1317 1828 ὁποίαν
1350 1775 1452 1844 τὴν
1490 1775 1736 1843 γλῶτταν
1782 1778 1877 1846 τὴν

215 1862 397 1913 ἐκεῖνα
444 1861 776 1930 προχέουσαν
818 1860 885 1913 τὰ
921 1862 1172 1931 ῥήματα,
1211 1862 1356 1925 τίνος
1400 1863 1457 1915 δὲ
1503 1864 1565 1915 οὐ
1620 1862 1877 1933 καθαρω-

215 1948 374 2015 τέραν
430 1948 523 2000 καὶ
584 1946 889 2017 ἀγιωτὲραν
948 1947 1044 2017 τὴν
1094 1948 1343 2001 τοσοῦτον
1405 1949 1624 2019 πνεῦμα
1689 1950 1878 2003 ὑποδε-

216 2033 450 2103 ξαμένην
504 2033 699 2102 ψυχήν.
752 2032 883 2085 Τότε
936 2034 1030 2086 καὶ
1078 2035 1299 2103 ἄγγελοι
1366 2038 1743 2106 παρεστήκασι
1801 2037 1877 2107 τῷ

219 2121 371 2190 ἱερεῖ,
404 2120 497 2172 καὶ
526 2119 789 2188 οὐρανίων
822 2119 1102 2189 δυνάμεων
1144 2121 1289 2174 ἆπαν
1318 2122 1504 2191 τάγμα
1533 2120 1631 2193 βοᾷ
1651 2163 1666 2189 ,
1710 2125 1803 2176 καὶ
1849 2127 1878 2177 ὀ

215 2206 345 2275 περὶ
369 2204 393 2243 ιι
429 2205 489 2257 τὸ
531 2204 914 2277 θυσιαστήριον
940 2205 1243 2276 πληροῦται
1271 2209 1435 2272 τόπος
1465 2211 1544 2272 εἰς
1582 2210 1748 2279 τιμὴν
1781 2210 1875 2263 τοῦ

214 2291 489 2360 κειμένου.
535 2291 646 2344 Καὶ
681 2291 837 2345 τοῦτο
873 2291 1054 2344 ἰκανὸν
1095 2293 1192 2362 μὲν
1222 2294 1315 2346 καὶ
1346 2293 1405 2358 ἐξ
1442 2295 1620 2349 αὐτῶν
1655 2296 1878 2367 πεισθῆ-

215 2395 303 2430 ναι
331 2377 436 2431 τῶν
460 2378 885 2448 ἐπιτελουμένων
905 2388 927 2417 ε
951 2378 1093 2433 τότε.
1128 2379 1267 2448 Ἐγὼ
1292 2380 1348 2434 δὲ
1371 2383 1465 2435 καί
1498 2400 1641 2447 τινος
1670 2385 1877 2455 ἥκουσα

213 2459 565 2531 διηγουμένου
597 2462 759 2525 ποτὲ,
796 2462 876 2514 ὅτι
909 2460 1058 2531 αὐτῷ
1079 2479 1162 2527 τις
1192 2464 1525 2536 πρεσϐύτης.
1568 2466 1879 2538 θαυμαστὸς

216 2549 375 2620 ἀνὴρ,
391 2550 484 2603 καὶ
509 2549 876 2619 ἀποκαλύψεις
903 2553 1033 2621 ὁρᾷν
1057 2551 1282 2615 εἰωθὼς,
1305 2552 1488 2621 ἔλεγεν
1513 2554 1686 2623 ὅψεως
1717 2556 1878 2625 ήξιῶ-

218 2636 341 2688 σθαι
372 2638 625 2707 τοιαύτης
658 2638 807 2693 ποτὲ.
844 2639 939 2690 καὶ
969 2639 1112 2691 κατά
1137 2639 1228 2692 τὸν
1258 2641 1448 2710 καιρὸν
1482 2642 1686 2694 ἐκεῖνον
1724 2644 1878 2710 ἄφνω

214 2722 417 2791 πλῆθος
442 2724 685 2790 ἀγγέλων
707 2724 852 2789 ἰδεῖν,
883 2724 957 2788 ὼς
981 2724 1129 2794 αὐτῷ
1156 2725 1379 2777 δυνατὸν
1405 2722 1495 2797 ἦν,
1531 2727 1723 2790 στολάς
1756 2732 1883 2783 ἀναο

215 2811 378 2877 ϐεόλη
388 2810 563 2880 μένων
590 2812 868 2883 λαμπράς,
896 2813 990 2865 καὶ¹
1018 2812 1078 2866 τὸ
1104 2812 1485 2883 θυσιαστήριον
1516 2815 1878 2881 κυκλούντων,

213 2898 313 2951 καὶ
341 2898 491 2952 κάτω
523 2900 804 2964 νευόντων,
837 2900 911 2962 ὡς
946 2900 1012 2972 ἂν
1046 2901 1098 2952 εί
1128 2917 1213 2964 τις
1244 2901 1578 2970 στρατιώτας
1612 2905 1880 2973 παρόντος

217 2984 477 3057 βασιλέως
506 2986 800 3057 ἑστηκότας
824 2988 943 3041 ῖδοι.
973 2988 1083 3041 Καὶ
1112 2986 1288 3055 ἔγωγε
1319 2986 1597 3058 πείθομαι.
1628 2990 1738 3042 Καὶ
1764 2991 1881 3043 ἐτε-

219 3088 309 3141 ρος
339 3073 395 3125 δέ
426 3091 508 3135 τις
538 3074 660 3144 ἐμοὶ
686 3075 1003 3144 διηγήσατο,
1043 3075 1102 3127 οὐ
1133 3076 1265 3145 παρ’
1293 3075 1481 3145 ἐτέρου
1519 3076 1731 3146 μαθὼν,
1765 3078 1879 3131 ἀλλ’

215 3159 375 3219 αὐτὸς
422 3160 545 3212 ἰδεῖν
581 3160 829 3225 ἀξιωθεὶς
867 3162 960 3217 καὶ
997 3161 1249 3223 ἀκοῦσαι,
1292 3162 1373 3214 ὃτι
1420 3165 1542 3225 τους
1590 3164 1880 3233 μέλλοντας

216 3246 423 3303 ἐνθένδε
453 3247 729 3318 ἀπαίρειν,
761 3248 826 3302 ἀν
855 3248 1057 3318 τύχωσι
1087 3249 1194 3300 τῶν
1231 3250 1543 3319 μυστηρίων
1581 3253 1880 3322 μετασχόν-

215 3350 308 3395 τες
333 3335 389 3386 ἐν
418 3336 633 3406 καθαρᾷ
668 3336 964 3407 συνειδήσει
986 3376 1000 3398 ,
1042 3338 1169 3389 ὅταν
1198 3336 1458 3388 ἀποπνεῖν
1494 3338 1760 3405 μέλλωσι,
1791 3341 1880 3393 δο-

220 3420 579 3491 ρυφοροῦντες
618 3423 814 3486 αὐτοὺς
864 3424 932 3475 δι’
991 3426 1167 3475 ἐκεῖνο
1213 3422 1272 3475 τὸ
1322 3421 1523 3490 ληφθὲν
1580 3428 1881 3493 ἀπάγουσιν

221 3504 428 3559 ἐνθένδε
470 3506 709 3575 ἄγγελοι.
742 3509 814 3561 Συ
854 3508 911 3560 δὲ
944 3508 1095 3561 οῦπω
1128 3514 1371 3579 φρίττεις
1403 3513 1483 3575 εἰς
1527 3512 1696 3576 οὕτως
1730 3516 1881 3584 ἱερὰν

219 3593 438 3665 τελετήν
483 3595 738 3667 τοιαύτην
781 3598 1017 3665 εἰσάγων
1059 3600 1269 3672 ψυχὴν,
1301 3605 1396 3657 καὶ
1437 3603 1527 3656 τὸν
1556 3604 1622 3656 τὰ
1663 3605 1882 3674 ῥυπαρά

221 3682 565 3752 ἐνδεδυμένον
595 3685 784 3754 ἱμάτια
806 3689 883 3747 εἰς
908 3687 968 3739 τὸ
996 3688 1102 3739 τῶν
1127 3691 1315 3759 ἱερέων
1336 3694 1620 3764 ἀναφέρων
1644 3694 1879 3763 ἀξίωμα,

221 3770 279 3820 ὃν
307 3771 397 3821 καὶ
421 3769 514 3822 τοῦ
539 3770 725 3825 λοιποῦ
753 3774 859 3825 τῶν
888 3775 1220 3845 δαιτυμόνων
1251 3780 1413 3849 χοροῦ
1443 3780 1673 3849 ἐξέωσεν
1699 3786 1726 3835 ὸ
1754 3782 1883 3853 Χρι-

224 3859 381 3919 στόςς
411 3859 590 3920 Φωτὸς
622 3860 730 3930 γὰρ
760 3861 917 3932 δίκην
938 3862 1034 3934 τὴν
1061 3867 1386 3937 οἰκουμένην
1417 3869 1879 3935 καταυγάζοντος,

221 3944 454 4013 λάμπειν
481 3946 557 3998 δεῖ
583 3946 676 3998 τοῦ
705 3949 894 4018 ἱερέως
918 3951 1015 4020 τήν
1044 3951 1219 4021 ψυχήν
1237 3970 1250 3982 ·
1287 3956 1320 4024 ή
1348 3955 1403 4008 δὲ
1432 3957 1678 4026 ἡμετέρα
1702 3958 1884 4010 τοσοῦ-

220 4048 309 4084 τον
335 4031 445 4102 ἔχει
475 4034 857 4104 περικείμενον
885 4038 1021 4107 αὐτῇ
1053 4039 1241 4102 σκότος
1266 4041 1330 4093 ἐκ
1351 4042 1450 4110 τῆς
1484 4046 1728 4112 πονηρᾶς
1758 4061 1884 4097 συν⁴

220 4119 510 4189 ειδήσεως,
546 4120 621 4184 ὡς
666 4121 754 4173 ἀεὶ
787 4122 1145 4177 καταδύεσθαι
1179 4126 1273 4178 καὶ
1318 4127 1586 4196 μηδέποτε
1624 4130 1883 4183 δύνασθαι

222 4205 360 4272 μετά
402 4204 715 4275 παρρησίας
744 4207 823 4268 εἰς
856 4206 947 4259 τὸν
974 4209 1143 4276 αὐτῆς
1184 4210 1427 4263 ἀτενίσαι
1475 4214 1770 4285 Δεσπότην.
1820 4218 1885 4269 Οί

221 4291 383 4358 ἱερεῖς
406 4292 505 4360 τῆς
529 4291 631 4360 γῆς
660 4291 795 4342 εἰσιν
823 4290 978 4354 ἅλες·
1010 4292 1159 4365 [425]
1190 4296 1289 4363 τὴν
1317 4296 1374 4347 δέ
1403 4298 1676 4368 ἡμετέραν
1698 4302 1883 4355 ἄνοιαν

220 4378 312 4429 καὶ
338 4375 435 4447 τὴν
462 4379 518 4429 ἐν
541 4376 744 4430 ἀπασιν
772 4378 1026 4449 ἀπειρίαν
1051 4380 1135 4443 τίς
1165 4380 1232 4434 ἂν
1252 4381 1464 4449 ἐνέγκοι
1494 4385 1711 4456 ῥᾳδίως,
1743 4389 1881 4457 πλὴν

215 4462 374 4531 ὑμῶν
403 4463 511 4516 τῶν
543 4464 666 4518 καθ’
698 4464 1003 4536 ὑπερϐολὴν
1036 4468 1183 4537 ἡμᾶς
1215 4469 1435 4541 ἀγαπᾷν
1468 4472 1793 4544 εἰθισμένων
1814 4476 1878 4539 d;

219 4553 292 4604 06
323 4552 431 4625 γὰρ
467 4555 625 4624 μόνον
670 4555 910 4625 καθαρὸν
942 4556 1143 4620 οὓτως,
1180 4559 1255 4623 ὠς
1284 4562 1614 4634 τηλικαύτης
1643 4567 1881 4638 ἠξιωμέ-

217 4656 305 4691 νον
336 4641 628 4724 διακονίας,
660 4640 797 4694 ἀλλά
825 4643 916 4695 καὶ
940 4642 1060 4697 λίαν
1087 4647 1303 4700 συνετὸν
1332 4650 1424 4702 καὶ
1453 4650 1662 4705 πολλῶν
1691 4653 1884 4724 ἐμπει-

219 4739 313 4791 ρον
352 4718 488 4775 εἶναι
534 4723 647 4787 δεῖ,
696 4725 789 4777 καὶ
821 4726 997 4779 πάντα
1027 4728 1126 4797 μὲν
1163 4730 1361 4785 εἰδέναι
1393 4733 1463 4787 τά
1496 4718 1735 4805 βιωτικὰ,
1773 4739 1882 4792 τῶν

216 4814 275 4864 ἐν
306 4811 455 4897 μέσῳ
484 4813 864 4883 στρεφομένων
888 4816 985 4885 οὐχ
1006 4812 1187 4889 ἦττον,
1214 4822 1433 4876 πάντων
1452 4824 1510 4877 δὲ
1539 4826 1882 4897 ἀπηλλάχθαι

221 4896 418 4987 μάλλον
442 4896 647 4987 τῶντά
667 4899 766 4971 ὅρη
789 4902 1190 4975 κατειληφότων
1218 4909 1490 4979 μοναχῶν.
1536 4911 1752 4984 Ἐπειδὴ
1775 4896 1882 4987 γὰρ

218 4985 471 5056 ἀνδράσιν
506 4984 667 5038 αὐτὸν
698 4986 904 5056 ὁμιλεῖν
941 4990 1152 5063 ἀνάγκη
1174 5032 1189 5055 ,
1226 4995 1320 5047 καὶ
1367 4998 1632 5061 γυναῖκας
1660 4984 1879 5069 έχουσι,

215 5072 309 5123 καὶ
347 5073 542 5134 παῖδας
569 5073 852 5143 τρέφουσι,
887 5077 981 5128 καὶ
1009 5076 1341 5147 θεράποντας
1374 5084 1752 5151 κεκτημένοις,
1788 5091 1882 5141 καὶ

214 5157 441 5210 πλοῦτον
471 5160 955 5231 περιϐεϐλημένοις
976 5165 1163 5229 πολὺν,
1190 5166 1282 5218 καὶ
1305 5166 1539 5235 δημόσια
1561 5173 1879 5239 πράττουσι,

214 5244 309 5300 καὶ
332 5245 390 5296 ἐν
412 5244 749 5310 δυναστείαις
776 5244 916 5311 οῦσι,
956 5250 1199 5302 ποικίλον
1226 5253 1385 5305 αὐτὸν
1421 5249 1556 5307 εἶναι
1590 5256 1672 5309 δεῖ
1695 5275 1706 5287 ’
1764 5275 1883 5310 ποι-

274 5438 303 5500 _‘
391 5436 427 5500 ἢ
451 5437 702 5500 ἁπανταχῇ
714 5474 725 5483 .

270 5493 812 5567 Ιὲἔιξίιροι-ωξςξξᾶτξαν
834 5502 888 5567 τὸ
917 5504 1044 5567 βῆμα
1068 5508 1145 5567 καὶ
1170 5507 1194 5551 ὁ
1218 5506 1339 5567 περί.

277 5559 297 5584 ε
320 5556 470 5628 Ξεινὶιί
496 5563 549 5628 εξ
571 5561 652 5628 a|i_i
696 5561 792 5628 τῶν
834 5556 1220 5625 ἐπιτελουμένων,
1262 5556 1392 5615 έΙιυε
1426 5568 1521 5613 τῶν
1570 5568 1877 5628 τελουμένων,

215 5616 387 5668 lorel.
409 5619 506 5663 τῶν
529 5618 890 5667 έκτελουυένων.

273 5674 303 5717 δ
326 5676 426 5728 Am
459 5678 708 5732 εἰωθὸτωι.

3559 269 3662 325 682

1998 382 2143 435 κίλον
2171 384 2227 436 δέ
2260 384 2402 453 λέγω
2420 425 2435 445 ,
2464 384 2563 455 οὐχ
2594 383 2847 449 ὕπουλον,
2873 386 2933 438 οὐ
2962 384 3187 448 κόλακα,
3221 385 3319 454 οὐχ
3338 385 3660 455 ὑποκριτὴν,

1994 470 2126 524 ἀλλά
2158 472 2360 542 πολλῆς
2390 474 2487 543 μὲν
2525 466 2835 544 ἐλευθερίας
2863 475 2957 527 καὶ
2987 473 3300 544 παρρησίας
3326 473 3656 542 ἀνάμεστον,

1992 556 2169 610 εἰδότα
2204 557 2262 610 δὲ
2300 559 2394 611 καὶ
2426 560 2777 627 συγκατιέναι
2810 560 3116 630 χρησίμως,
3155 561 3283 613 ὅταν
3314 560 3349 627 ἡ
3375 557 3485 610 τῶν
3517 574 3660 626 πρα-

1991 644 2216 712 γμάτων
2239 645 2492 709 ὑπόθεσις
2519 645 2678 699 τοῦτο
2702 648 2927 717 ἀπαιτῇ,
2962 648 3057 700 καὶ
3082 646 3314 719 χρηστὸν
3348 640 3489 697 εἶναι
3519 643 3660 715 ὁμοῦ

1990 734 2086 785 καὶ
2112 734 2401 804 αὐστηρόν.
2445 736 2520 787 Οὐ
2560 736 2669 805 γάρ
2697 736 2844 786 ἐστιν
2885 735 2967 787 ἐνὶ
2997 734 3184 805 τρόπῳ
3230 731 3463 803 χρῆσθαι
3495 742 3519 769 ε
3546 734 3662 795 τοῖς

1990 821 2312 890 ἀρχομένοις
2334 821 2535 874 ἆπασιν
2554 836 2567 849 ’
2596 820 2778 891 ἐπειδὴ
2808 821 2942 891 μηδέ
2969 820 3164 891 ἰατρῶν
3188 822 3373 873 παισὶν
3398 820 3480 871 ἐνὶ
3505 818 3661 888 νόμῳ

1988 909 2100 969 τοῖς
2143 906 2407 975 κάμνουσι
2456 907 2860 979 προσφέρεσθαι
2908 907 3092 968 καλὸν,
3146 906 3657 977 μηδὲικυϐερνήτῃ

1992 992 2121 1059 μίαν
2150 993 2268 1045 666v
2315 993 2512 1047 εἰδέναι
2560 995 2659 1063 τῆς
2700 995 2835 1063 πρὸς
2864 994 2931 1047 τά
2984 994 3269 1064 πνεύματα
3310 993 3510 1062 μάχης.
3545 992 3658 1043 Καὶ

1988 1075 2096 1146 γὰρ
2152 1077 2245 1129 καὶ
2291 1077 2494 1148 ταύτην
2537 1079 2638 1148 τὴν
2691 1079 2823 1131 ναῦν
2871 1081 3112 1149 συνεχεῖς
3152 1076 3658 1148 »περιστοιχίζονται

1987 1163 2283 1232 χειμῶνες·
2329 1165 2378 1217 οἱ
2416 1166 2471 1218 δὲ
2504 1165 2769 1235 χειμῶνες
2817 1159 2962 1219 οὗτοι
3012 1167 3111 1219 οὐκ
3144 1163 3342 1230 ἔξωθεν
3375 1163 3653 1234 προσϐάλ-

1987 1247 2135 1300 λουσι
2169 1249 2351 1318 μόνον,
2392 1251 2531 1304 ἀλλά
2566 1253 2661 1305 καὶ
2712 1251 2921 1304 ἔνδοθεν
2958 1252 3261 1304 τίκτονται·
3314 1251 3410 1304 καὶ
3446 1248 3654 1318 πολλῆς

1987 1334 2144 1405 χρεία
2172 1335 2268 1389 καὶ
2300 1338 2755 1405 συγκαταϐἀσεως
2784 1339 2877 1391 καὶ
2905 1336 3206 1409 ἀκριϐείας.

2054 1463 2113 1509 ε’.
2136 1456 2319 1510 Πάντα
2338 1457 2395 1509 δέ
2409 1457 2582 1511 ταῦτα
2596 1458 2664 1512 τὰ
2684 1458 2916 1530 διάφορα
2932 1459 3010 1520 εἰς
3026 1457 3083 1511 ἓν
3098 1456 3249 1518 τέλος
3266 1456 3386 1526 ὁρᾷ,
3404 1453 3497 1507 τοῦ
3515 1453 3654 1507 Θεοῦ

1984 1549 2081 1620 τὴν
2111 1551 2288 1617 δόξαν,
2318 1552 2418 1622 τῆς
2457 1553 2782 1624 Ἑκκλησίας
2810 1553 2908 1624 τὴν
2933 1552 3242 1623 οἰκοδομήν.
3271 1551 3461 1619 Μέγας
3482 1553 3510 1603 6
3536 1549 3653 1601 τῶν

1989 1646 2237 1717 μοναχῶν
2270 1647 2438 1716 ἀγὼν,
2469 1651 2561 1702 καί
2600 1649 2765 1712 πολὺς
2796 1651 2825 1702 6
2859 1648 3086 1719 μόχθος’
3115 1648 3230 1702 ἀλλ’
3261 1647 3314 1700 εί
3335 1664 3420 1710 τις
3455 1648 3522 1717 τῇ
3551 1663 3656 1699 κα-

1986 1742 2091 1804 λῶς
2121 1742 2467 1816 διοικουμένῃ
2508 1744 2773 1816 ἱερωσύνῃ
2810 1746 2937 1805 τούς
2971 1743 3178 1797 ἐκεῖθεν
3209 1743 3439 1815 ἱδρῶτας
3474 1758 3658 1811 παρα-

1985 1836 2157 1904 ϐάλοι,
2188 1839 2438 1892 τοσοῦτον
2466 1841 2687 1912 εὑρήσει
2729 1840 2789 1893 τὸ
2835 1839 3115 1912 διάφορον,
3160 1840 3284 1892 ὅσον
3317 1837 3525 1891 ἰδιώτου
3559 1835 3658 1888 καὶ

1988 1932 2247 2000 βασιλέως
2273 1936 2334 1988 τὸ
2369 1936 2552 2005 μέσον.
2596 1935 2745 1991 Ἑκεί
2770 1936 2870 2003 μὲν
2895 1936 3002 2006 γὰρ
3026 1938 3074 1988 εἰ
3104 1936 3197 1987 καὶ
3221 1934 3387 1996 πολὺς
3415 1935 3443 1985 6
3470 1931 3655 1995 πόνος,

1984 2029 2118 2083 ἀλλά
2156 2031 2331 2084 κοινὸν
2361 2032 2459 2101 τῆς
2484 2032 2661 2102 ψυχῆς
2696 2033 2791 2086 καὶ
2818 2031 2914 2085 τοῦ
2948 2030 3198 2102 σώματος
3230 2031 3291 2083 τὸ
3321 2030 3611 2097 ἀγώνισμα
3635 2041 3653 2058 ⁸

1988 2127 2187 2197 μᾶλλον
2214 2127 2270 2181 δὲ
2302 2128 2363 2181 τὺ
2386 2129 2546 2182 πλέον
2573 2132 2638 2200 τῇ
2668 2129 2762 2182 τοῦ
2802 2131 3052 2199 σώματος
3079 2126 3442 2199 κατορθοῦται
3484 2140 3656 2177 κατα-

1986 2225 2186 2294 σκευῇ·
2218 2222 2320 2277 κᾶν
2355 2224 2428 2294 μὴ
2459 2224 2615 2278 τοῦτο
2659 2225 2878 2296 ἰσχυρὸν
2963 2267 2976 2289 ,
3017 2225 3166 2295 μένει
3202 2224 3323 2278 καθ’
3374 2221 3572 2291 ἑαυτὴν
3617 2221 3656 2290 ἡ

1987 2318 2283 2389 προθυμία,
2310 2320 2412 2373 οὐκ
2448 2320 2646 2391 ἔχουσα
2671 2323 2751 2385 εἰς
2788 2321 2948 2392 ἔργον
2976 2320 3232 2387 ἐξελθεῖν.
3271 2320 3383 2372 Καὶ
3413 2318 3523 2388 γὰρ
3556 2320 3656 2369 καὶ

1984 2416 2207 2486 νηστεία
2233 2413 2253 2453 ΐ
2300 2414 2569 2480 σύντονος,
2619 2418 2715 2470 καὶ
2748 2417 3047 2486 χαμευνία,
3088 2417 3182 2469 καὶ
3227 2413 3526 2486 ἀγρυπνία,
3558 2412 3657 2465 καὶ

1985 2510 2229 2574 ἀλουσία,
2254 2511 2347 2563 καὶ
2368 2512 2396 2564 6
2425 2512 2589 2575 πολὺς
2620 2511 2799 2582 ἱδρὼς,
2825 2512 2922 2565 καὶ
2948 2511 3019 2565 τά
3042 2510 3225 2576 λοιπά,
3252 2511 3355 2564 ὅσα
3388 2508 3520 2580 πρὸς
3551 2509 3655 2576 τὴν

1984 2606 2076 2659 τοῦ
2104 2605 2351 2676 σώματος
2382 2606 2754 2679 ἐπιτηδεύουσι
2781 2606 3181 2676 ταλαιπωρίαν,
3215 2606 3393 2658 πάντα
3420 2604 3652 2672 οἴχεται,

1985 2700 2079 2753 τοῦ
2112 2701 2431 2766 κολάζεσθαι
2464 2703 2746 2772 μέλλοντος
2782 2704 2882 2756 οὐκ
2918 2704 3069 2766 δντος
3099 2700 3341 2773 ἰσχυροῦ.
3384 2697 3654 2753 Ἐνταῦθα

1986 2796 2041 2847 δέ
2076 2798 2289 2868 καθαρά
2326 2798 2425 2868 τῆς
2460 2800 2636 2869 ψυχῆς
2667 2801 2699 2870 ἡ
2746 2799 2906 2869 τέχνη
2930 2840 2944 2861 ,
2981 2799 3073 2851 καὶ
3105 2798 3257 2850 οὐδὲν
3287 2799 3387 2866 τῆς
3419 2795 3512 2847 τοῦ
3545 2791 3655 2846 σὼ-

1990 2910 2154 2962 ματος
2181 2893 2393 2960 εὐεξίας
2425 2895 2752 2966 προσδεῖται,
2790 2894 2932 2947 ῶστε
2969 2893 3137 2958 δεῖξαι
3182 2893 3280 2962 τὴν
3319 2890 3493 2959 αὐτῆς
3526 2891 3656 2958 ἀρε·

1986 2989 2104 3059 τήν.
2153 2990 2218 3041 Τί
2266 2990 2374 3061 γὰρ
2408 2993 2536 3060 ἡμῖν
2584 2993 2617 3061 ή
2651 2990 2744 3043 τοῦ
2798 2990 3048 3060 σώματος
3087 2990 3237 3060 ἰσχὺς
3283 2986 3656 3057 συμϐάλλεται

1991 3084 2121 3154 πρὸς
2171 3085 2231 3137 τὸ
2276 3086 2412 3156 μήτε
2461 3086 2710 3149 αὐθάδεις
2768 3082 2942 3152 εἶναι,
3002 3086 3138 3156 μήτε
3180 3084 3464 3154 ὀργίλους,
3518 3082 3657 3151 μήτε

1988 3185 2307 3250 προπετεῖς,
2334 3181 2469 3235 ἀλλά
2494 3183 2785 3251 νηφαλίους
2811 3183 2903 3236 καὶ
2934 3184 3214 3253 σώφρονας
3243 3182 3334 3234 καί
3362 3177 3654 3247 κοσμίους,

1988 3277 2082 3328 καὶ
2109 3276 2276 3329 τᾶλλα
2306 3276 2481 3330 πάντα
2502 3319 2515 3341 ,
2554 3278 2620 3329 δι’
2648 3271 2722 3330 ῶν
2759 3279 2892 3347 ήμίν
2924 3279 2953 3329 6
2988 3276 3257 3347 μακάριος
3307 3274 3522 3336 Παῦλος
3556 3271 3657 3341 τήν

1987 3371 2080 3424 τοῦ
2127 3372 2345 3442 ἀρίστου
2387 3372 2572 3442 ίερέως
2618 3372 3002 3442 ἀνεπλήρωσεν
3054 3372 3329 3436 είκόνα8;
3369 3369 3512 3422 Ἀλλ’
3558 3369 3660 3422 οὐκ

1988 3465 2080 3519 ἐπὶ
2105 3468 2203 3537 τῆς
2226 3466 2320 3519 τοῦ
2351 3468 2671 3536 μονάζοντος
2698 3468 2901 3539 ἀρετῆς
2924 3468 3037 3537 ἔχοι
3069 3484 3151 3530 τις
3172 3466 3237 3519 ἀν
3264 3466 3426 3519 τοῦτο
3455 3466 3655 3518 εἰπεῖν’

1988 3552 2124 3605 ἀλλά
2155 3554 2406 3623 καθάπερ
2426 3557 2537 3617 τοῖς
2572 3554 2669 3623 μὲν
2695 3556 3115 3624 θαυματοποιοῖς
3137 3552 3386 3624 ὀργάνων
3412 3551 3497 3604 δεῖ
3526 3552 3658 3603 πολ-

1989 3636 2095 3689 λῶν
2133 3639 2225 3691 καὶ
2256 3638 2466 3709 τροχῶν
2493 3640 2587 3693 καὶ
2621 3640 2868 3709 σχοινίων
2902 3628 2996 3692 καὶ
3029 3637 3335 3710 μαχαιρῶν,
3360 3640 3388 3691 6
3424 3637 3483 3690 δέ
3506 3636 3659 3703 φιλό-

1991 3751 2152 3803 σοφος
2179 3733 2397 3788 ἃπασαν
2422 3737 2480 3789 ἐν
2501 3738 2567 3805 τῇ
2591 3734 2735 3805 ψυχῇ
2758 3734 3016 3805 κειμένην
3043 3733 3157 3803 ἔχει
3182 3733 3280 3804 τὴν
3302 3733 3522 3804 τέχνην,
3550 3731 3658 3784 τῶν

1990 3830 2186 3895 ἔξωθεν
2220 3830 2372 3884 οὐδὲν
2396 3831 2647 3900 δεομένος
2673 3832 2701 3871 ιι
2725 3846 2737 3858 ·
2769 3830 2913 3883 οὕτω
2942 3830 3006 3901 δὴ
3038 3832 3135 3883 καὶ
3164 3830 3419 3884 ἐνταῦθα.
3466 3831 3528 3882 ’(1
3562 3830 3658 3900 μὲν

1990 3926 2096 3996 γὰρ
2122 3928 2353 3997 μοναχὸς
2385 3929 2479 3981 καὶ
2518 3928 2619 3998 τῆς
2653 3928 2969 3997 σωματικῆς
3012 3927 3307 3991 εὐπαθείας
3337 3927 3656 3999 προσδεῖται

1991 4026 2083 4075 καὶ
2128 4025 2305 4077 τόπων
2344 4024 2494 4095 [426]
2539 4024 2676 4095 πρὸς
2723 4025 2818 4094 τὴν
2863 4023 3135 4095 διαγωγὴν
3185 4024 3533 4093 ἐπιτηδείων,
3573 4025 3657 4077 ἵνα

1992 4119 2131 4188 μήτε
2159 4118 2296 4185 ἄγαν
2339 4118 2711 4189 ἀπῳκισμένοι
2738 4118 2839 4189 τῆς
2878 4119 2987 4171 τῶν
3020 4117 3327 4189 ἀνθρώπων
3371 4112 3508 4173 ὦσιν
3536 4121 3659 4189 ὀμι-

1989 4210 2107 4276 λίας
2127 4252 2140 4274 ,
2165 4213 2260 4265 καὶ⁹
2294 4212 2390 4283 τὴν
2428 4212 2535 4265 ἀπὸ
2563 4212 2662 4281 τῆς
2691 4212 2926 4283 ἐρημίας
2959 4212 3156 4283 ἔχωσιν
3194 4212 3450 4283 ἡσυχίαν,
3493 4212 3575 4267 ἔτι

1989 4307 2083 4361 καὶ
2120 4308 2219 4377 τῆς
2247 4308 2473 4379 ἀρίστης
2515 4309 2589 4379 μὴ
2623 4309 2896 4381 ἀμοιρῶσι
2925 4311 3176 4381 κράσεως
3204 4309 3311 4363 τῶν
3340 4308 3540 4380 ὡρῶνο
3570 4311 3659 4363 οὐ·

1986 4401 2074 4455 δέν
2105 4402 2213 4473 γάρ
2243 4402 2416 4466 οὕτως
2444 4403 2719 4473 ἀφόρητον
2748 4403 2825 4472 τῷ
2856 4404 3323 4475 κατατρυχομένῳ
3351 4405 3655 4474 νηστείαις,

1978 4491 2065 4599 ἒς
2102 4491 2137 4560 ή
2164 4489 2272 4542 τῶν
2301 4490 2481 4562 ἀέρων
2514 4490 2818 4560 ἀνωμαλία.

2060 4589 2132 4646 ς’.
2193 4584 2305 4652 Τῆς
2354 4586 2413 4638 δέ
2465 4585 2576 4638 τῶν
2638 4585 2869 4656 ἱματίων
2925 4587 3268 4657 κατασκευῆς
3309 4586 3408 4640 καὶ
3448 4587 3658 4656 διαίτης

1987 4676 2207 4745 ἐνεκεν,
2253 4680 2354 4731 ὅσα
2407 4679 2710 4751 πράγματα
2766 4680 2911 4751 ἔχειν
2969 4681 3401 4748 ἀναγκάζονται,
3481 4683 3657 4736 πάντα

1989 4773 2309 4846 αὐτουργεῖν
2343 4777 2499 4830 αὐτοὶ
2543 4775 2971 4845 φιλονεικοῦντες
2988 4816 3002 4840 ,
3058 4777 3208 4830 οὐδὲν
3256 4778 3450 4847 δέομαι
3483 4778 3659 4847 λέγειν

1988 4868 2102 4923 νῦν.
2164 4870 2222 4923 '0
2276 4870 2333 4923 δὲ
2397 4872 2577 4940 ἱερεὺς
2619 4870 2832 4931 οὐδενὸς
2891 4871 3097 4924 τούτων
3158 4875 3239 4935 εἰς
3295 4872 3396 4943 τὴν
3462 4872 3656 4927 ἐαυτοῦ

1986 4964 2236 5033 δεήσεται
2287 4965 2496 5036 χρείαν,
2544 4964 2658 5018 ἀλλ’
2706 4966 3035 5037 ἀπερίεργος
3080 4967 3175 5020 καὶ
3209 4968 3388 5032 κοινὸς
3425 4970 3486 5024 ἐν
3519 4970 3658 5023 ἀπα-

1990 5058 2073 5111 σίν
2105 5060 2221 5113 ἐστι
2260 5062 2375 5121 τοῖς
2416 5060 2514 5112 οὐκ
2551 5059 2733 5129 ἔχουσι
2778 5061 3002 5131 βλάϐην,
3038 5062 3137 5133 τὴν
3169 5064 3485 5136 ἐπιστήμην
3517 5067 3656 5120 ἀπα-

1990 5171 2090 5207 σαν
2141 5156 2200 5207 ἐν
2247 5158 2360 5218 τοῖς
2392 5156 2495 5224 τῆς
2528 5154 2703 5225 ψυχῆς
2732 5154 3024 5227 θησαυροῖς
3074 5159 3449 5230 ἀποκειμένην
3498 5160 3653 5228 ἔχων.

1989 5250 2049 5307 Εἰ
2078 5251 2135 5302 δέ
2168 5268 2249 5313 τις
2274 5250 2333 5302 τὸ
2366 5250 2544 5320 μένειν
2570 5252 2655 5318 ἐφ’
2689 5250 2867 5321 ἐαυτῷ
2899 5254 2992 5305 καὶ
3021 5253 3119 5316 τάς
3148 5253 3258 5305 τῶν
3293 5254 3506 5310 πολλῶν
3535 5257 3656 5327 ὀμι-

2046 5451 2068 5478 θ
2090 5440 2185 5489 Alii
2509 5439 2913 5513 Ipidemguidam
2957 5460 3085 5513 ῐξιςιτι.⁸
3108 5447 3174 5494 ἐνὶ
3197 5448 3327 5511 μόνῳ
3346 5449 3509 5513 τρὰπφ
3555 5451 3651 5505 τοῖς

1987 5502 2258 5568 κάμνουσιν,
2283 5502 2471 5568 εὶὶἱ]να
2493 5505 2632 5568 μόνον
2654 5502 2895 5568 φάρμακον
2916 5508 3011 5562 τοῖς
3030 5502 3277 5567 κάμνουσι.

2052 5563 2073 5602 ί
2105 5563 2199 5625 Alii
2223 5562 2435 5625 νηστεῖαι
2458 5562 2555 5612 etc.
2582 5566 2631 5612 in
2655 5562 2851 5625 bldi'ali.

2050 5628 2077 5662 ε
2099 5622 2135 5670 Α
2146 5623 2196 5669 lii
2218 5622 2516 5670 ἀνετύπωσεν
2540 5622 2713 5673 εἰκόνα.

2049 5683 2077 5725 ιι
2095 5681 2199 5733 ,λιιι
2214 5682 2269 5730 οὐ
2293 5682 2525 5745 δεόμενος.
