3890 6220
306 309 403 366 631

377 422 640 491 Equidem
674 436 851 490 neque
895 419 1109 489 Moysis,
1141 436 1318 490 neque
1354 421 1516 475 lli-lia:
1545 423 1798 477 ﬁduciam
1828 423 1896 477 ad

309 511 622 581 huiusmodi
643 509 1096 580 supplicationem
1125 510 1372 566 suliicere
1388 526 1548 582 posse
1567 512 1892 582 putaverim.

307 603 525 656 Etenim
555 618 620 656 ac
649 601 695 655 si
737 601 973 656 mundus
1012 609 1160 656 totus
1184 602 1287 657 sibi
1321 604 1671 658 concrcditus
1707 603 1796 666 sit,
1834 619 1897 658 ac

309 696 351 749 si
384 695 630 749 onmium
659 704 812 764 pater
841 693 956 763 ipse
986 696 1076 759 sit,
1106 695 1197 749 sic
1237 696 1304 750 ad
1351 696 1518 750 Deum
1547 697 1772 759 accedit,
1807 713 1896 750 ro-

307 803 440 856 gans
468 787 651 841 omnia
687 786 874 840 mundi
907 786 1046 840 bella
1072 787 1366 858 exstingui,
1406 790 1670 843 tumultus
1696 789 1894 853 sedari,

311 897 518 948 pacem,
566 881 1006 950 prosperitatem,
1061 882 1306 937 omnium
1353 883 1579 953 singulis
1605 883 1896 936 imminen-

311 973 465 1033 tium,
498 987 603 1039 qua
633 969 910 1039 privatim,
969 985 1072 1039 qua
1117 971 1332 1039 publice
1366 971 1630 1024 malormn
1664 970 1895 1024 celerem

308 1063 706 1132 depulsionem.
749 1062 977 1131 Oportet
1035 1073 1215 1116 autem
1271 1063 1421 1116 ἰΙΙιιιιι
1471 1063 1731 1133 singulos,
1798 1078 1898 1132 pro

308 1157 506 1220 quibus
553 1166 825 1226 precatur,
867 1157 1004 1210 adeo
1050 1156 1100 1209 in
1151 1156 1404 1210 ornnibus
1446 1157 1794 1219 antecellere,
1839 1165 1898 1210 ut

313 1249 601 1318 pnefcctus
634 1249 864 1303 subditis
893 1248 1203 1317 praecellere
1228 1249 1409 1302 debet.

395 1333 649 1387 [avocatio
693 1333 914 1401 Spiritus
957 1334 1114 1386 sancti
1150 1335 1201 1385 in
1240 1333 1486 1386 oblatione
1538 1331 1792 1398 sacriﬁcii.
1823 1360 1889 1368 -——

321 1426 450 1478 Cnm
477 1436 650 1479 autem
681 1426 934 1494 Spiritum
960 1435 1198 1480 sanctum
1231 1425 1569 1485 invocaverit,
1599 1433 1648 1478 et
1673 1423 1892 1476 horrcn-

321 1519 444 1569 dam
469 1515 592 1569 illud
615 1516 928 1571 sacrificium
951 1517 1217 1579 obtulerit,
1232 1526 1284 1568 et
1304 1531 1636 1569 οοιιιιιιιιιιοιιι
1656 1514 1888 1568 omnium

325 1608 604 1661 ltotninum
647 1607 858 1662 assidue
903 1607 1236 1672 tractaverit,
1268 1622 1373 1675 quo
1402 1606 1579 1669 illum,
1612 1621 1810 1672 qumso,
1841 1605 1889 1656 in

323 1701 508 1754 ordine
549 1699 963 1754 constituemus?
1007 1713 1284 1767 quamnam
1337 1698 1402 1750 ab
1456 1697 1543 1749 illo
1587 1697 1888 1765 puritatem,

323 1808 478 1859 quam
503 1793 745 1860 pietatem
767 1789 1072 1859 exigcmus?
1097 1787 1276 1856 Cogita
1299 1788 1480 1857 quales
1505 1796 1745 1854 oporteat
1775 1801 1892 1838 esse

325 1899 510 1936 manus
540 1884 674 1947 illas,
705 1883 910 1951 qualem
939 1897 1053 1936 eam
1087 1881 1338 1950 linguam,
1370 1895 1486 1948 qua:
1515 1879 1599 1931 illa
1631 1878 1786 1930 verba
1811 1878 1892 1930 ef-

324 1975 523 2038 fundat,
543 1989 642 2044 qna
661 1974 886 2043 denique
905 1989 1006 2026 non
1027 1974 1287 2041 puriorem
1310 1972 1733 2038 sanctioremque
1750 1971 1890 2022 illam

322 2066 569 2128 animam,
599 2081 715 2133 qua:
748 2074 944 2117 tantmn
976 2063 1226 2132 Spiritum
1258 2061 1528 2130 suscipiat.
1553 2061 1701 2114 Tunc
1723 2060 1892 2128 angi-li

323 2155 581 2209 sacerdoti
625 2155 834 2220 adsunt,
877 2163 1120 2223 totusque
1159 2154 1446 2206 ciclestium
1473 2151 1735 2206 Virtutum
1765 2153 1894 2204 ordo

323 2248 512 2299 clamat
535 2247 574 2309 ί,
592 2261 652 2298 ac
678 2246 877 2299 vicinus
894 2244 1042 2297 altari
1064 2245 1209 2297 locus
1226 2244 1274 2296 in
1291 2243 1426 2296 illius
1443 2242 1529 2311 qui
1551 2242 1742 2296 ibidem
1756 2239 1896 2309 jacet

326 2336 579 2388 honorem
621 2335 684 2389 iis
722 2335 955 2404 repletus
983 2342 1100 2388 est:
1135 2335 1290 2403 idque
1317 2333 1396 2387 vel
1423 2348 1486 2387 ex
1517 2333 1599 2399 iis,
1631 2348 1748 2402 qua:
1774 2342 1898 2385 tunc

327 2437 664 2495 peraguntur,
696 2427 951 2480 credibile
979 2434 1079 2480 est.
1114 2426 1222 2494 Ego
1244 2439 1372 2479 vero
1392 2425 1618 2493 aliquem
1636 2423 1760 2476 olim
1782 2437 1894 2475 nar-

326 2529 527 2571 rantem
555 2517 749 2580 audivi,
778 2517 1058 2587 quemdam
1089 2531 1290 2579 senem,
1325 2515 1494 2568 virum
1531 2511 1894 2567 admirabilem

324 2623 386 2662 ac
408 2609 811 2662 revelationibus
831 2616 1120 2671 assuetum,
1143 2607 1358 2670 dixisse,
1379 2605 1581 2659 visione
1599 2603 1894 2672 lmjusmodi

324 2716 384 2755 se
421 2699 648 2769 quodam
687 2708 921 2767 tempore
949 2699 1162 2768 dignum
1205 2697 1438 2751 habitum
1465 2696 1625 2750 fuisse
1653 2713 1668 2746 :
1700 2695 1898 2749 scilicet

324 2790 708 2844 multitudinem
735 2789 1040 2859 angelorum
1070 2789 1355 2857 derepente
1388 2787 1613 2852 vidisse,
1643 2796 1894 2856 quantum

324 2883 440 2948 ejus
467 2882 684 2934 facultas
707 2881 922 2947 ferebat,
945 2881 1236 2950 splendidis
1254 2881 1488 2936 vestibus
1509 2880 1829 2943 indutorum,
1845 2889 1892 2933 et

326 2973 490 3026 altare
517 2973 975 3037 circumdantium,
1006 2972 1257 3025 inclinato
1283 2971 1475 3039 capite,
1507 2987 1568 3025 ac
1597 2972 1640 3024 si
1667 2972 1782 3040 quis
1805 2971 1896 3024 mi-

325 3064 443 3118 lites
486 3075 744 3133 pra'sente
782 3063 1102 3134 lmperatore
1144 3073 1346 3119 stantes
1394 3065 1596 3118 videret
1626 3082 1637 3116 :
1662 3064 1799 3132 quod
1845 3073 1898 3116 et

327 3155 437 3223 ipse
465 3156 591 3207 mihi
625 3156 934 3222 persuadeo.
986 3155 1136 3209 Alius
1173 3155 1297 3207 item
1333 3155 1564 3207 narravit
1601 3154 1758 3215 mihi,
1791 3169 1894 3206 non

325 3245 391 3298 ab
413 3246 517 3298 alio
537 3245 774 3309 edoctus,
799 3245 890 3300 sed
921 3260 1038 3300 cum
1071 3247 1184 3314 ipse
1201 3245 1417 3299 vidisset
1442 3255 1493 3299 et
1518 3245 1770 3310 audisset,
1795 3245 1897 3298 sci-

327 3335 446 3388 licet
471 3350 562 3389 eos
590 3337 675 3404 qui
720 3351 784 3390 ex
831 3336 928 3389 hac
955 3337 1056 3389 vita
1085 3337 1355 3405 migraturi
1382 3347 1523 3400 sunt,
1556 3338 1598 3389 si
1635 3337 1898 3406 mysteriis

325 3439 454 3492 pura
499 3427 822 3480 conscientia
864 3427 1307 3496 partieipaveriut,
1339 3428 1566 3481 animam
1605 3427 1894 3493 efflaturus,

325 3514 392 3567 ab
416 3516 616 3583 angelis
640 3517 922 3570 satellitum
949 3532 1096 3571 more
1113 3518 1273 3586 ipsos,
1292 3518 1360 3571 ob
1382 3518 1506 3571 illud
1521 3518 1659 3586 quod
1675 3533 1896 3585 accepe-

325 3614 448 3657 runt
471 3607 784 3672 stipantibus
812 3607 952 3660 illine
977 3607 1182 3660 abduci.
1216 3608 1294 3660 Tu
1314 3623 1439 3661 vero
1456 3608 1686 3662 nondum
1708 3609 1897 3661 exhor-

326 3695 490 3747 reseis
510 3736 524 3758 ,
555 3695 851 3763 lmjusmodi
879 3697 1106 3748 animam
1140 3697 1187 3748 in
1218 3706 1321 3749 tam
1351 3713 1555 3750 sacrtnn
1589 3699 1894 3767 mysterium

328 3788 686 3854 introdueens,
715 3799 765 3842 et
795 3790 1020 3843 sordidis
1049 3791 1284 3843 indutum
1315 3792 1543 3845 vestibus
1573 3792 1621 3843 in
1653 3791 1900 3844 sacerdo-

328 3888 435 3930 tum
462 3878 764 3947 dignitatcm
789 3879 933 3933 illum
961 3895 1294 3948 promovens,
1315 3897 1471 3948 quem
1493 3897 1520 3932 a
1545 3881 1746 3949 reliquo
1773 3896 1897 3931 ron-

331 3969 566 4020 vivarum
613 3968 776 4021 choro
819 3969 1058 4022 Christus
1100 3970 1304 4037 etpulit
1355 3969 1577 4041 (Matth.
1621 3969 1711 4022 22.
1754 3968 1897 4036 i5)?

327 4058 568 4110 Animam
597 4059 791 4128 quippe
817 4060 1120 4113 sacerdotis.
1144 4059 1310 4112 instar
1353 4060 1484 4112 lttcis
1523 4069 1686 4112 totum
1713 4060 1894 4113 orbem

328 4147 637 4201 illustrautis
680 4148 959 4216 splendere
998 4159 1224 4216 oportet.
1276 4149 1463 4202 Nostra
1506 4157 1680 4201 autem
1721 4149 1894 4202 anima

325 4237 394 4290 ob
418 4253 629 4306 pravam
657 4239 1030 4292 conscientiam
1067 4247 1235 4292 tantas
1261 4238 1420 4292 habet
1445 4239 1786 4292 circumfusas
1817 4247 1895 4292 te-

328 4331 543 4393 nebras,
569 4340 620 4382 ut
658 4346 867 4398 semper
894 4346 950 4383 se
980 4331 1154 4392 abdat,
1191 4346 1286 4384 nec
1309 4331 1476 4400 possit
1504 4346 1748 4400 umquam
1776 4346 1892 4384 cum

328 4420 512 4473 fiducia
548 4422 822 4474 Dominum
855 4436 1006 4474 suum
1035 4421 1260 4475 obtucri.
1309 4421 1622 4476 Sacerdotes
1658 4422 1734 4474 sal
1773 4433 1894 4474 sunt

328 4511 505 4563 mundi
537 4529 550 4563 :
582 4522 813 4564 nostram
863 4528 991 4566 vero
1030 4512 1417 4579 insipientiam,
1462 4522 1515 4566 et
1557 4513 1606 4565 in
1652 4513 1896 4566 omnibus

327 4601 662 4666 imperitiam,
695 4602 812 4670 quis
841 4601 991 4655 facile
1020 4601 1214 4664 tulerit,
1253 4603 1352 4654 nisi
1381 4617 1474 4654 vos
1501 4603 1588 4672 qui
1631 4617 1726 4656 nos
1759 4603 1893 4656 ultra

328 4690 538 4743 modmn
560 4706 738 4744 amare
764 4693 1145 4745 consuevistis?
1170 4692 1348 4760 Neque
1368 4693 1506 4746 enim
1533 4709 1718 4762 purmn
1741 4693 1893 4746 dum-

329 4791 468 4833 taxat
496 4797 610 4834 esse
637 4790 866 4849 oportet,
897 4793 1075 4851 utpote
1104 4783 1191 4851 qni
1224 4793 1367 4836 tanto
1397 4783 1689 4837 ministerio
1709 4784 1893 4852 digna-

329 4879 412 4921 ttts
442 4870 526 4932 sit,
561 4870 652 4924 sed
697 4871 854 4923 etiam
894 4871 1202 4938 prudentem
1229 4880 1282 4924 et
1313 4886 1486 4924 rerum
1514 4874 1736 4940 peritqu
1763 4872 1891 4924 nml-

330 4968 497 5010 tarmn
529 4977 542 5010 :
573 4961 732 5012 multa
778 4975 986 5028 quoque
1039 4962 1310 5014 s:reularia
1363 4976 1518 5015 nosse
1559 4961 1744 5025 debet,
1791 4976 1894 5014 non

327 5051 498 5103 minus
528 5065 684 5118 quam
721 5050 754 5103 ii
781 5051 868 5118 qui
904 5052 954 5104 in
985 5051 1160 5105 medio
1201 5067 1374 5104 rerum
1400 5061 1694 5112 versantur,
1727 5055 1899 5105 omni-

328 5138 529 5207 busque
575 5150 748 5194 tamen
791 5152 1005 5194 exutum
1054 5141 1219 5210 magis
1274 5151 1429 5211 quam
1481 5143 1764 5208 monachi,
1808 5145 1896 5212 qui

327 5240 534 5284 montes
564 5242 908 5300 occuparunt.
955 5231 1085 5286 Nam
1129 5248 1248 5286 eum
1290 5247 1504 5288 necesse
1531 5235 1598 5288 sit
1623 5251 1743 5287 cum
1775 5251 1895 5288 cum

328 5321 453 5373 viris
481 5326 703 5382 versari.
731 5325 817 5392 qui
852 5333 905 5378 et
943 5341 1132 5379 uxores
1173 5327 1385 5390 habent,
1414 5337 1468 5380 et
1506 5326 1703 5380 liberos
1727 5327 1892 5391 alunt,

324 5420 381 5463 ct
408 5428 590 5466 servos
621 5415 907 5482 possident,
940 5419 1028 5485 qui
1059 5416 1252 5471 divitiis
1279 5415 1665 5477 circumﬂuunt,
1692 5430 1776 5469 res
1799 5431 1896 5483 pu-

393 5571 411 5603 ι
447 5578 811 5634 Proximisque
833 5572 1090 5622 cmicstium
1111 5571 1333 5634 virtutum
1354 5572 1474 5622 ordo
1487 5570 1689 5634 clmnat,
1702 5583 1759 5618 ac
1777 5568 1893 5620 rici-

331 5645 504 5690 nus...,
527 5630 705 5695 aliquot
731 5630 858 5694 Mss,
877 5639 1088 5697 totusque
1119 5633 1374 5685 ca'lestium
1401 5633 1623 5684 virtutum
1646 5633 1817 5701 chorus
1838 5643 1898 5682 ac

325 5705 586 5743 mum....

1526 319 1611 373 DE
1648 306 2091 369 SACERDOTIO.
2135 305 2259 361 LIB.
2307 306 2389 360 Vl.

3459 315 3565 366 682

1997 421 2158 474 blicas
2197 429 2377 489 agunt,
2401 429 2452 474 et
2482 422 2532 474 in
2563 420 2952 490 magistratibus
2978 433 3273 487 versantur,
3301 427 3565 481 multifor-

1993 528 2133 568 mem
2164 513 2310 566 illum
2335 527 2454 568 esse
2484 529 2576 582 par
2600 524 2682 568 est
2712 534 2725 569 :
2754 515 3120 570 multiformem
3145 516 3284 582 dico,
3308 533 3410 571 non
3432 521 3563 574 sub-

1993 605 2192 664 dolum,
2221 620 2325 658 non
2366 606 2710 668 adulatorem,
2751 622 2852 659 non
2885 607 3242 676 bypocritam;
3277 610 3368 664 sed
3402 611 3562 664 inulta

1996 695 2234 748 libertate
2259 709 2322 750 ac
2349 695 2534 749 fiducia
2561 697 2794 765 plenum,
2823 698 2908 765 qui
2937 712 3054 751 sese
3081 698 3278 753 utiliter
3303 709 3553 768 attempeo

1995 799 2113 838 rare
2160 786 2325 850 sciat,
2375 802 2492 840 cum
2545 786 2594 840 id
2636 789 2972 856 negotiorum
3021 789 3250 842 conditio
3297 791 3556 858 postulat:
3601 808 3631 866 ττι

1995 887 2325 929 mansuetum
2351 877 2474 931 item
2501 888 2550 931 et
2576 889 2862 932 auSIerum.
2891 878 3004 932 Non
3027 880 3164 934 enim
3195 896 3298 935 uno
3319 883 3564 950 utiopor-

1997 976 2072 1020 tet
2119 967 2276 1020 modo
2318 983 2441 1036 erga
2483 970 2723 1024 subditos
2752 985 2956 1035 omnes,
2989 972 3412 1040 quandoquidem
3470 989 3567 1028 nec

1998 1057 2214 1111 medicis
2241 1073 2341 1111 una
2368 1073 2490 1127 erga
2524 1071 2750 1126 :cgrotos
2789 1075 2973 1115 omnes
3015 1062 3127 1131 lege
3150 1063 3165 1094 ί
3198 1064 3270 1117 uti
3300 1065 3566 1127 convenit,

1998 1166 2168 1218 nequc
2197 1151 2534 1218 gubernatori
2559 1167 2713 1204 unam
2743 1161 2946 1206 tantum
2969 1135 3278 1208 cumrventis
3301 1155 3567 1222 pugnandi

1995 1249 2161 1292 artem
2192 1239 2386 1294 callere
2417 1259 2429 1292 :
2460 1242 2655 1294 etenim
2700 1243 2834 1296 hanc
2871 1256 3080 1311 qucque
3125 1260 3310 1296 navem
3342 1243 3567 1296 assidua:

1999 1340 2336 1398 tempestates
2370 1333 2571 1400 jac'ant
2611 1333 2856 1401 undique.
2905 1335 3213 1402 Huiusmodi
3241 1346 3412 1390 autem
3443 1352 3558 1404 pro-

1995 1423 2143 1476 cella:
2185 1439 2288 1478 non
2327 1427 2655 1480 extrinsecus
2694 1436 2894 1480 tantum
2933 1427 3262 1490 adoriuntur,
3291 1428 3381 1481 sed
3409 1429 3567 1482 etiam

1999 1515 2314 1569 intrinsecus
2342 1529 2642 1578 nascuntur,
2681 1517 2949 1588 multaque
2979 1534 3113 1586 opus
3141 1528 3221 1572 est
3248 1528 3357 1572 tmn
3377 1527 3568 1571 attem-

2000 1608 2288 1673 pcratione,
2316 1616 2425 1660 tttm
2452 1607 2738 1675 diligentia.

2069 1696 2121 1748 5.
2155 1695 2478 1749 Sacerdotem
2507 1700 2570 1748 ad
2600 1698 2768 1749 omnia
2797 1709 2968 1766 aptum
2997 1714 3102 1752 esse
3129 1697 3321 1751 debere.
3349 1728 3420 1738 —
3446 1699 3569 1751 Ha'c

1999 1801 2156 1854 porro
2185 1787 2392 1848 omnia,
2421 1789 2625 1840 diversa
2672 1789 2823 1854 licet,
2864 1789 3020 1843 finem
3057 1791 3342 1860 respiciunt
3373 1807 3569 1858 unum,

2002 1893 2189 1946 nctnpe
2238 1879 2327 1932 Dei
2381 1879 2622 1949 gloriam,
2653 1889 2810 1949 atque
2855 1880 3106 1935 Ecclesia:
3144 1880 3568 1935 anliﬁcationcm.

1999 1969 2240 2036 Magnum
2271 1981 2350 2023 est
2379 1969 2754 2023 monachorum
2788 1977 3077 2036 certamen,
3107 1985 3395 2040 eorumque
3424 1971 3574 2025 labor

2001 2058 2197 2111 multus
2216 2075 2230 2110 :
2250 2059 2342 2111 sed
2372 2059 2414 2111 si
2441 2059 2562 2127 quis
2590 2059 2751 2127 probe
2777 2059 3196 2113 administratum
3219 2061 3569 2114 sacerdotium

1999 2164 2118 2202 cmn
2157 2150 2362 2203 illormn
2391 2151 2658 2204 laboribus
2686 2150 2942 2211 conferat.
2971 2159 3170 2205 tantum
3203 2153 3430 2221 reperiet
3464 2153 3575 2207 dis-

2000 2239 2198 2293 crimen
2218 2281 2233 2302 ,
2263 2251 2515 2310 quantum
2544 2251 2624 2294 est
2655 2243 2790 2296 inter
2815 2242 3026 2295 idiotaut
3049 2252 3102 2296 et
3123 2257 3296 2310 regem
3324 2244 3574 2297 interval-

2000 2329 2130 2383 lum.
2183 2329 2295 2385 lllic
2328 2331 2467 2384 enim
2510 2330 2716 2386 etiamsi
2753 2333 2946 2386 multus
2977 2333 3113 2386 adsit
3143 2333 3308 2394 labor,
3335 2343 3388 2386 at
3421 2347 3571 2386 com-

2002 2422 2175 2476 munis
2213 2424 2404 2476 animre
2447 2424 2789 2493 corporisque
2831 2426 3187 2489 concertatio;
3243 2426 3352 2480 imo
3395 2425 3571 2494 potius

2002 2528 2064 2566 ex
2095 2514 2334 2582 corporis
2365 2515 2742 2569 exercitatione
2767 2531 2952 2584 magna
2983 2516 3176 2570 laboris
3208 2533 3328 2585 pars
3359 2518 3571 2586 perfici-

2004 2617 2116 2670 tur;
2166 2620 2228 2659 ac
2269 2605 2313 2659 si
2359 2605 2483 2660 illud
2525 2605 2798 2660 robustum
2829 2623 2932 2661 non
2965 2607 3155 2673 fuerit,
3182 2609 3292 2662 sola
3322 2617 3377 2662 ct
3402 2608 3570 2663 otiosa

2002 2707 2182 2752 manet
2205 2698 2446 2752 alacritas
2473 2699 2656 2761 animi,
2677 2713 2796 2753 cum
2821 2715 2921 2751 non
2953 2699 3117 2767 possit
3145 2700 3196 2752 in
3227 2714 3361 2767 opus
3390 2701 3536 2754 exire
3554 2717 3598 2764 ;.

2000 2789 2257 2858 siquidem
2286 2789 2554 2842 assiduum
2576 2789 2834 2857 jejunium
2858 2790 2899 2856 ’,
2926 2789 3068 2842 humi
3093 2789 3323 2854 cubatio,
3359 2789 3571 2858 vigilim,

2003 2880 2172 2934 balnei
2215 2881 2458 2950 privatio,
2504 2881 2667 2933 sudor
2712 2881 2916 2949 ingens,
2958 2891 3253 2950 ca:teraque
3294 2879 3468 2933 omnia
3505 2881 3571 2934 ad

2000 2987 2192 3038 corpus
2209 2971 2580 3026 macerandum
2599 2971 2804 3037 idonea,
2823 2972 2998 3025 statim
3016 2972 3081 3026 de
3102 2973 3276 3026 medio
3296 2973 3570 3037 tolluntur,

1999 3081 2118 3118 ettnt
2145 3063 2195 3118 id
2223 3064 2362 3133 quod
2387 3064 2746 3134 caStigandum
2767 3072 2880 3118 erat
2900 3063 3089 3119 robore
3108 3074 3284 3118 careat
3307 3083 3318 3117 :
3342 3064 3427 3120 hic
3447 3081 3576 3119 vero

2001 3156 2108 3208 sola
2151 3170 2384 3224 puraque
2432 3171 2518 3208 ars
2560 3155 2721 3207 animi
2770 3153 3080 3222 requiritur,
3129 3170 3297 3224 neque
3333 3157 3574 3223 corporis

2003 3247 2308 3300 habitudine
2335 3253 2415 3299 est
2439 3260 2592 3313 opus,
2619 3255 2673 3298 ut
2692 3245 2851 3298 animi
2878 3246 3043 3298 virtus
3070 3245 3397 3299 exbibeatur.
3431 3245 3572 3312 Quid

2001 3339 2141 3392 enim
2173 3339 2322 3392 nobis
2352 3339 2556 3392 Confert
2585 3337 2823 3406 corporis
2863 3337 3022 3389 robur
3042 3376 3056 3397 ,
3088 3345 3144 3389 ut
3174 3351 3240 3390 ne
3264 3346 3573 3406 arrogantes

2000 3429 2186 3492 sinms,
2224 3443 2396 3497 neque
2439 3427 2694 3490 iracundi,
2729 3441 2898 3495 neque
2939 3426 3270 3495 petulantes;
3313 3427 3406 3480 sed
3444 3428 3572 3495 vigi-

2003 3522 2205 3584 lantes,
2255 3529 2648 3589 temperantes,
2704 3519 2910 3582 ornati,
2961 3519 3273 3588 caéterisque
3323 3519 3568 3573 omnibus

2006 3611 2208 3680 pncditi
2239 3612 2429 3681 quibus
2457 3611 2644 3666 beatus
2674 3609 2868 3664 Paulus
2895 3610 3076 3678 optimi
3107 3609 3398 3671 sacerdotis
3435 3611 3538 3663 ima
3557 3638 3572 3649 ι

1998 3708 2172 3773 ginem
2199 3704 2349 3757 nobis
2370 3703 2604 3771 depinxit
2636 3703 2709 3771 (1.
2734 3701 2866 3754 Tim.
2895 3702 2946 3755 5.
2975 3701 3054 3772 2).
3086 3701 3276 3754 Verum
3296 3701 3344 3753 id
3368 3700 3434 3754 de
3460 3716 3568 3754 mo.

2002 3796 2154 3849 nachi
2186 3796 2376 3848 virtute
2401 3795 2504 3848 dici
2537 3794 2716 3862 nequit
2743 3811 2755 3845 :
2788 3792 2880 3846 sed
2905 3791 3345 3860 quemadmodum
3374 3792 3456 3852 iis,
3481 3791 3569 3860 qui

2002 3902 2086 3940 res
2114 3885 2398 3954 stupendas
2426 3883 2698 3942 exhibent,
2729 3883 3090 3936 instrumentis
3117 3881 3292 3934 multis
3313 3892 3389 3935 eSt
3413 3897 3568 3950 opus,

2000 3981 2232 4048 itemque
2273 3976 2421 4041 rotis,
2458 3975 2702 4029 funiculis
2739 3985 2791 4028 et
2831 3974 3036 4042 gladiis,
3072 3972 3412 4040 philosophus
3444 3987 3571 4025 vero

2002 4080 2161 4123 totam
2204 4071 2254 4122 in
2295 4078 2471 4122 mente
2499 4075 2664 4120 artem
2693 4063 3018 4119 reconditam
3050 4064 3207 4117 habet
3233 4063 3570 4131 externisque

2000 4161 2158 4215 rebus
2184 4175 2288 4212 non
2321 4158 2516 4227 indiget
2547 4175 2560 4209 :
2593 4158 2661 4209 ita
2687 4164 2739 4210 et
2765 4155 2864 4208 hoc
2889 4155 3005 4208 loco
3032 4169 3089 4208 se
3118 4168 3202 4206 res
3232 4151 3408 4206 habet.
3439 4152 3568 4205 Nam

1999 4250 2288 4306 monachus
2313 4250 2521 4319 quidem
2549 4249 2787 4315 corporis
2824 4241 3183 4300 incolumitate
3207 4259 3340 4313 opus
3369 4243 3523 4297 habet
3547 4286 3561 4308 ,

2001 4345 2232 4410 itemque
2272 4341 2400 4394 locis
2437 4339 2501 4392 ad
2529 4341 2687 4392 vitam
2736 4337 2872 4391 hanc
2917 4334 3289 4389 instituendam
3337 4334 3563 4396 idoneis,

1999 4444 2054 4485 ut
2083 4446 2252 4500 neque
2280 4431 2434 4484 nimis
2453 4430 2520 4484 ab
2541 4428 2811 4483 hominum
2832 4426 3098 4480 consortio
3119 4433 3370 4489 remotus,
3393 4434 3568 4476 tamen

1999 4521 2296 4575 solitudinis
2340 4521 2570 4590 quietem
2620 4518 2973 4580 nrmciscatur,
3004 4517 3321 4582 insuperque
3362 4523 3569 4582 tempe-

2001 4615 2128 4666 ratis
2154 4614 2273 4666 anui
2305 4612 2705 4690 tempestatibus
2733 4623 2834 4662 non
2862 4615 3038 4661 careat
3071 4624 3084 4659 :
3118 4605 3244 4658 nihil
3273 4605 3468 4673 quippe
3491 4605 3570 4659 sic

2002 4705 2328 4758 intolerabile
2371 4704 2440 4767 ei,
2484 4702 2570 4770 qui
2615 4700 2831 4769 jejuniis
2877 4706 3193 4761 maceratur,
3231 4711 3388 4766 quam
3429 4695 3569 4750 aeris

2001 4792 2359 4865 intemperies.

2070 4889 2123 4940 6.
2175 4885 2345 4956 Major
2389 4886 2544 4936 virtus
2590 4884 2640 4934 in
2703 4880 2934 4948 episcopo
2966 4917 2982 4942 ,
3032 4892 3182 4946 quant
3227 4875 3281 4928 in
3322 4880 3581 4929 monacho

2000 4976 2284 5044 requiritur.
2326 5004 2398 5014 ——
2437 4974 2550 5028 Non
2591 4972 2777 5039 loquor
2823 4968 2907 5022 hic
2929 4968 2996 5020 de
3033 4967 3258 5020 vestium
3307 4975 3363 5018 et
3399 4965 3502 5018 vict
3520 4980 3584 5016 us

1999 5076 2250 5136 apparatu
2276 5108 2291 5132 ,
2337 5082 2492 5134 quem
2523 5075 2579 5116 ut
2603 5061 2704 5116 sibi
2749 5057 2990 5114 monachi
3018 5057 3349 5126 suppeditent
3375 5097 3388 5120 ,
3417 5071 3570 5124 mag-

2000 5172 2198 5224 nOpere
2245 5156 2519 5218 laborant,
2557 5153 2666 5205 suis
2692 5151 2787 5219 ipsi
2837 5149 3079 5202 manibus
3107 5149 3283 5201 omnia
3328 5145 3590 5200 conferret-

2000 5246 2290 5300 studentcs.
2339 5243 2598 5298 Sacerdos
2645 5250 2822 5295 autem
2867 5239 3062 5297 nullius
3106 5236 3368 5290 eorumin
3415 5247 3592 5287 usnme

2000 5353 2152 5390 suum
2184 5351 2318 5404 Opus
2344 5334 2593 5394 habebit,
2623 5341 2802 5399 utpote
2831 5331 2919 5399 qui
2949 5343 3053 5382 non
3083 5325 3402 5398 peculiarem
3434 5325 3567 5387 sibi,

2000 5428 2092 5484 sed
2121 5442 2455 5481 communem
2500 5424 2659 5478 vitam
2695 5423 2856 5477 ducat
2899 5422 2950 5474 in
2979 5421 3042 5473 iis
3067 5418 3244 5481 rebus,
3277 5431 3394 5485 qua:
3421 5415 3572 5468 dam-

2003 5535 2126 5573 num
2176 5533 2279 5571 non
2327 5517 2597 5570 afferant:
2648 5523 2914 5582 totamque
2963 5508 3234 5563 scientiam
3281 5507 3332 5559 in
3376 5506 3586 5560 anima:-

2065 5635 2079 5662 ¹
2105 5629 2296 5686 Quidam
2319 5635 2446 5685 Mss,
2464 5639 2556 5676 uno
2577 5625 2734 5681 modo,
2759 5623 2855 5686 alii,
2874 5637 2965 5686 tato
2987 5619 3344 5672 ntedicmucuto.

2066 5694 2087 5724 ’
2122 5684 2227 5750 λιιι,
2250 5684 2443 5741 assidua
2458 5688 2663 5750 jejtatia,
2687 5689 2733 5735 itt
2760 5684 2947 5748 plurali.
