3890 6220
345 280 448 335 835
1047 281 1104 336 3.
1133 281 1411 336 JOANNIS
1449 281 1923 336 CHRYSOSTOMI
1963 280 2276 336 ARCHIEP.
2321 281 2856 336 CONSTANTINOP.
3493 281 3596 336 68f

346 387 606 444 thesauris
657 389 979 444 reconditam
1040 390 1250 445 habent.
1305 392 1455 458 Quod
1499 393 1541 444 si
1590 393 1707 459 quis
1750 394 1912 446 vitam

346 479 488 534 illam
532 479 858 543 admiretur,
888 496 990 550 qua
1032 484 1149 551 quis
1195 483 1327 535 intra
1368 485 1600 552 seipsum
1649 499 1870 539 manens
1899 528 1913 548 ,

346 570 617 626 hominum
664 575 988 626 consortium
1038 583 1348 640 aversatur,
1393 590 1493 646 ego
1539 591 1748 645 quoque
1792 577 1918 630 illud

346 663 618 731 sapientia:
644 664 914 732 specimen
943 679 1062 718 esse
1086 663 1291 732 fatear;
1322 681 1424 719 non
1471 675 1643 720 tamen
1673 667 1918 721 idoneum

349 763 716 822 argumentum
741 754 951 807 virtutis
976 755 1154 808 animi.
1197 755 1326 808 Nam
1351 757 1441 823 qui
1464 757 1516 810 in
1545 765 1696 825 portu
1726 756 1792 809 ad
1821 772 1917 824 gu-

346 842 628 896 bernacula
665 842 848 907 sedet,
890 845 1121 898 nundttm
1152 839 1396 899 idoneum
1423 846 1554 900 artis
1579 859 1689 900 sua:
1711 844 1918 912 pericu-

351 933 458 985 lum
497 931 616 986 fecit
648 953 660 986 :
689 949 809 987 enm
849 948 973 986 vero
1012 935 1100 1002 qui
1145 936 1193 987 in
1231 936 1407 988 medio
1433 937 1638 1004 pelago,
1673 937 1922 989 sa:vieute

349 1030 684 1090 tempestate,
713 1039 904 1077 navem
931 1025 1137 1093 eripere
1164 1027 1348 1093 potuit,
1379 1042 1535 1080 nemo
1563 1037 1646 1080 est
1676 1030 1800 1095 quin
1826 1042 1922 1095 gu-

351 1112 684 1169 bernatorem
713 1116 968 1183 optimum
999 1115 1158 1170 dicat.

422 1227 476 1280 7.
520 1225 693 1296 Longe
725 1229 918 1281 diversa
944 1229 1040 1281 vita
1065 1230 1285 1298 episwpi
1311 1245 1341 1282 a
1365 1233 1668 1283 monastica.
1692 1260 1761 1270 —
1790 1229 1923 1284 Pro-

352 1319 474 1373 inde
502 1334 601 1374 nec
627 1320 918 1374 monachus
952 1321 1235 1376 admodum
1275 1322 1588 1385 laudandus,
1613 1323 1749 1391 quod
1779 1323 1917 1392 apud

352 1426 414 1466 se
449 1411 633 1466 vivens
669 1429 840 1482 neque
875 1415 1132 1477 turbe‘ur,
1167 1431 1334 1485 neque
1361 1416 1410 1468 in
1440 1417 1598 1468 multa
1628 1429 1923 1486 magnaque

353 1509 568 1570 peccata
607 1502 844 1567 labatur;
893 1519 1064 1573 neque
1103 1505 1246 1559 enim
1291 1505 1486 1560 adsunt
1526 1523 1643 1574 quae
1691 1508 1923 1560 animum

354 1590 617 1645 lacessant
645 1602 697 1646 et
725 1591 960 1646 incitent.
990 1593 1092 1648 Sed
1115 1595 1158 1648 si
1181 1596 1298 1664 quis
1322 1609 1440 1649 Sese
1463 1596 1511 1649 iu
1541 1597 1720 1651 turbas
1743 1597 1923 1666 conje-

352 1683 510 1750 cerit,
535 1693 590 1737 et
632 1684 918 1738 multorum
962 1684 1100 1741 terre
1140 1696 1354 1755 peccata
1390 1698 1638 1752 coactus,
1679 1688 1928 1744 immoms

351 1771 640 1842 firmusque
686 1775 968 1835 manserit,
1014 1776 1066 1830 in
1113 1785 1425 1847 tempestate
1464 1779 1615 1848 quasi
1649 1779 1928 1849 tranquillo

351 1869 592 1929 tempore
631 1864 867 1918 animum
908 1864 1207 1934 gubernans
1236 1882 1408 1932 suum,
1440 1867 1525 1922 hic
1565 1869 1703 1938 apud
1743 1885 1928 1923 omnes

355 1953 538 2020 plausu
578 1961 634 2008 et
668 1953 1014 2008 admiratione
1053 1955 1276 2024 dignus:
1307 1957 1552 2014 idoneus:
1595 1958 1787 2029 quippe
1814 1957 1925 2013 vir-

357 2041 482 2096 tutis
509 2056 619 2096 sum
647 2047 1066 2111 experimentum
1105 2045 1272 2100 dedit.
1313 2046 1391 2102 Ne
1419 2048 1592 2117 itaque
1620 2047 1851 2112 mireris,
1882 2049 1926 2101 si

356 2130 532 2188 forum
571 2135 963 2203 multorumque
987 2137 1312 2190 consortium
1339 2135 1619 2206 fugientes.
1651 2148 1927 2190 accusato-

355 2237 444 2276 res
472 2223 667 2278 multos
695 2239 800 2280 non
828 2225 1114 2280 habeamus
1145 2243 1157 2278 :
1187 2241 1357 2295 neque
1395 2227 1534 2280 enim
1578 2228 1619 2279 si
1660 2227 1928 2280 dormit-ns

356 2328 461 2366 non
499 2328 794 2382 peeearem,
834 2325 924 2370 aut
960 2331 1065 2370 non
1095 2316 1385 2371 eolluetans
1409 2334 1510 2371 non
1542 2317 1809 2383 caderem,
1841 2329 1931 2372 aut

356 2418 461 2456 non
485 2419 720 2474 [unguens
749 2421 852 2460 non
881 2406 1086 2469 ferirer.
1107 2407 1226 2462 ideo
1255 2409 1436 2462 mirari
1458 2418 1747 2477 oporteret.
1777 2410 1925 2476 Quis,

356 2508 570 2561 quaso,
611 2496 730 2565 quis
771 2497 1160 2567 improbitatem
1206 2513 1377 2552 meam
1418 2500 1655 2554 revelare
1699 2501 1930 2570 poterit?

352 2600 424 2640 an
465 2594 679 2650 tectum,
716 2602 782 2642 an
823 2589 1003 2643 aedes?
1040 2590 1109 2644 At
1142 2604 1209 2644 ne
1235 2604 1417 2644 vocem
1442 2590 1654 2659 quidem
1685 2591 1929 2646 emittere

357 2677 582 2746 possint.
626 2679 706 2733 An
747 2690 917 2735 mater
943 2681 1148 2750 potius,
1186 2683 1268 2735 cui
1304 2696 1392 2736 res
1417 2697 1604 2736 omnes
1628 2697 1762 2736 mea:
1790 2693 1929 2737 nuta:

356 2769 514 2825 sunt?
555 2770 623 2824 At
657 2787 722 2826 ne
749 2786 869 2826 eum
906 2772 992 2826 illa
1031 2772 1243 2843 quidem
1287 2773 1415 2827 mihi
1455 2773 1779 2829 consortium
1824 2784 1927 2840 est,

358 2872 533 2927 neque
559 2859 697 2914 inter
725 2875 823 2915 nos
847 2862 952 2915 ulla
981 2877 1230 2932 umquam
1261 2862 1374 2917 rixa
1397 2863 1615 2918 suborta
1640 2873 1721 2918 est
1748 2882 1761 2918 :
1786 2865 1926 2934 quod

355 2950 560 3005 etiamsi
586 2951 897 3018 accidisset,
928 2953 1067 3007 nulla
1106 2963 1274 3008 mater
1301 2954 1379 3008 sic
1406 2956 1604 3009 amoris
1628 2965 1682 3010 et
1711 2955 1929 3011 affectus

355 3054 476 3110 erga
506 3042 706 3110 prolem
732 3058 926 3112 expers
958 3045 1134 3111 fuerit,
1167 3055 1226 3099 ut
1251 3059 1406 3114 quem
1444 3047 1740 3115 parturivit.
1772 3060 1932 3115 pupa

354 3135 440 3196 rit,
466 3133 728 3198 educavit,
753 3135 890 3190 nulla
920 3135 1221 3206 impellente
1239 3151 1394 3192 causa
1420 3139 1665 3206 nulloque
1685 3147 1926 3207 cogente,

353 3232 566 3278 accuset
611 3233 766 3295 atque
807 3226 1116 3280 criminetur
1157 3227 1295 3296 apud
1331 3242 1537 3282 omnes.
1583 3228 1712 3281 Nam
1744 3228 1785 3280 si
1811 3227 1929 3296 quis

353 3313 584 3381 alioquin
623 3313 760 3368 hanc
797 3315 1026 3368 animam
1061 3325 1295 3370 nostram
1329 3316 1609 3386 diligenter
1650 3318 1929 3385 explorare

353 3400 603 3464 voluerit,
633 3402 769 3455 mala
806 3403 969 3456 multa
1013 3405 1261 3473 reperiet,
1290 3405 1507 3474 ipseque
1547 3420 1650 3460 non
1693 3406 1925 3473 ignoras.

355 3490 446 3558 qui
484 3491 714 3546 maxime
753 3493 990 3546 omnium
1036 3509 1132 3548 nos
1175 3494 1415 3548 laudibus
1460 3498 1597 3563 apud
1655 3497 1929 3551 univerSos

353 3580 545 3636 efferre
583 3583 742 3636 soles.
787 3583 936 3648 Quod
979 3595 1153 3639 autem
1195 3599 1300 3642 non
1340 3587 1612 3640 modestiae
1648 3601 1806 3641 causa
1853 3589 1929 3641 sic

353 3670 560 3740 loquar,
607 3672 886 3728 recordare
931 3675 1137 3743 quaties
1178 3675 1270 3730 tibi
1311 3675 1555 3741 dixerim,
1610 3692 1729 3730 eum
1787 3677 1926 3731 idem

353 3775 532 3815 sermo
555 3775 697 3829 saepe
727 3763 861 3817 inter
889 3779 984 3816 nos
1013 3765 1287 3830 incideret,
1315 3766 1356 3819 si
1380 3768 1524 3836 optio
1541 3767 1664 3820 inihi
1687 3767 1925 3830 daretur,

353 3854 568 3908 ubinam
590 3855 756 3924 magis
775 3857 1140 3923 splendescere
1153 3858 1360 3923 vellem,
1381 3859 1430 3911 in
1457 3858 1775 3914 Ecelesiaane
1793 3875 1928 3928 prte-

354 3944 578 4003 fectura.
604 3959 669 3998 an
695 3944 746 3998 in
779 3947 1066 4000 monastiea
1092 3948 1218 4013 vita,
1250 3962 1338 4002 me
1361 3949 1505 4016 prius
1534 3948 1658 4002 illud
1684 3949 1805 4002 vita:
1833 3964 1928 4018 ge-

355 4048 455 4086 nus
483 4034 626 4088 mille
649 4035 864 4089 calculis
891 4037 1308 4105 antepositurum
1336 4054 1348 4088 :
1377 4052 1550 4107 neque
1583 4038 1724 4091 enim
1769 4037 1926 4091 linem

352 4123 606 4178 faciebam
654 4140 899 4194 umquam
944 4140 1036 4178 eos
1081 4126 1220 4192 apud
1263 4135 1315 4179 te
1351 4126 1691 4195 suspiciendi,
1723 4127 1812 4196 qui
1841 4127 1928 4178 illo

354 4215 649 4270 ministerio
693 4216 856 4284 probe
904 4217 1047 4284 fungi
1095 4225 1329 4284 possent.
1393 4216 1543 4284 Quod
1586 4225 1758 4271 autem
1801 4218 1926 4272 illud

353 4304 491 4374 quod
521 4305 648 4358 tanti
670 4304 922 4358 faciebam
945 4321 1048 4358 non
1070 4306 1426 4360 declinaturus
1446 4304 1685 4371 fuissem,
1703 4307 1746 4360 si
1770 4309 1928 4361 modo

356 4395 459 4448 rite
482 4394 902 4449 administrando
931 4411 1025 4462 par
1053 4396 1292 4461 fuissem,
1319 4411 1476 4452 nemo
1503 4399 1793 4466 negaverit.
1826 4398 1929 4452 Ve-

354 4499 471 4538 rum
492 4484 618 4554 quid
647 4484 866 4540 faciam?
907 4486 1047 4540 Nihil
1073 4487 1216 4541 enim
1242 4488 1416 4542 minus
1439 4497 1619 4557 aptum
1647 4487 1712 4541 ad
1738 4488 1925 4542 Eccle-

353 4575 446 4629 sia:
475 4575 862 4644 prml‘ecturam,
885 4593 1041 4645 quam
1072 4578 1310 4631 socordia
1339 4587 1393 4632 et
1418 4578 1634 4642 incuria,
1661 4595 1817 4647 quam
1839 4580 1924 4632 alii

355 4672 784 4726 exercitationem
825 4673 1107 4741 quamdam
1137 4671 1497 4726 admirabilem
1539 4687 1658 4726 esse
1697 4680 1922 4741 putant:

355 4776 454 4829 ego
478 4777 603 4815 vero
632 4762 774 4814 illam
796 4776 890 4815 ceu
920 4762 1158 4816 velamen
1190 4762 1410 4831 ignavia:
1439 4777 1572 4816 mea:
1601 4761 1790 4823 habeo,
1820 4775 1922 4829 qua

354 4849 653 4903 defectuum
685 4865 923 4905 nieorum
965 4861 1165 4918 partem
1203 4851 1489 4905 maximam
1513 4851 1722 4920 obtego,
1755 4865 1925 4919 neque

354 4954 474 4994 sese
511 4939 735 5008 prodere
774 4939 962 5007 patior.
1004 4939 1134 4994 Nam
1160 4941 1246 5009 qui
1275 4949 1421 4994 tanto
1442 4949 1525 4994 est
1551 4941 1659 4993 otio
1685 4949 1740 4995 et
1767 4949 1925 4994 tanta:

352 5031 514 5098 quieti
550 5039 813 5093 assuetus,
851 5033 1187 5099 quantumvis
1223 5046 1410 5100 magna
1445 5032 1514 5086 sit
1553 5031 1804 5100 praeditus
1839 5031 1921 5085 in-

351 5119 499 5185 dole,
525 5118 726 5188 peritia:
750 5117 961 5174 defectu
984 5120 1160 5175 statim
1183 5119 1520 5189 perturbatur
1538 5129 1592 5174 et
1610 5122 1839 5190 angitur,
1862 5135 1925 5174 ac

354 5224 459 5263 non
487 5209 756 5263 minimam
779 5210 989 5265 virtutis
1007 5209 1120 5279 ejus
1141 5218 1345 5279 partem
1367 5218 1567 5264 resecat
1593 5210 1926 5265 exercitatio-

353 5299 437 5354 nis
479 5298 674 5368 inopia.
719 5299 849 5354 Cum
888 5306 1065 5354 autem
1103 5301 1258 5354 simul
1287 5309 1342 5354 et
1368 5299 1613 5354 tardioris
1643 5300 1837 5370 ingenii
1869 5311 1923 5355 et

351 5389 634 5444 verborum
680 5391 1136 5459 certaminumque
1178 5390 1477 5459 hujusmodi
1517 5405 1706 5459 expers
1742 5391 1916 5455 fuerit,

351 5496 470 5551 quae
493 5496 621 5536 sane
644 5491 822 5536 nostra
848 5481 1081 5535 conditio
1103 5491 1183 5536 est
1204 5523 1220 5546 ,
1252 5496 1284 5534 a
1323 5481 1582 5550 lapidibus
1611 5483 1736 5535 nihil
1765 5482 1920 5537 dill‘e-

351 5580 459 5635 ret,
479 5573 524 5626 si
556 5573 691 5627 hanc
715 5573 966 5641 suscipiat
988 5571 1517 5627 administrationem.
1558 5571 1915 5638 Quamobrem

353 5661 504 5729 pauci
526 5662 808 5717 admodum
835 5670 978 5728 sunt,
1007 5663 1094 5733 qui
1120 5678 1185 5718 ex
1212 5662 1454 5732 palaestra
1479 5663 1567 5718 illa
1592 5662 1642 5717 in
1671 5663 1784 5719 hac
1802 5678 1916 5719 cer-

2027 395 2220 448 tamina
2241 393 2565 447 descendant
2595 411 2606 444 :
2636 410 2701 447 ex
2731 395 2790 446 iis
2812 409 2938 446 vero
2959 408 3094 458 comi
3116 392 3256 446 iures
3277 407 3396 447 sese
3419 401 3600 462 quales

2023 487 2128 540 siut
2158 487 2402 554 produnt,
2431 487 2610 538 animo
2630 485 2938 546 concidunt,
2971 501 3162 554 resque
3195 496 3250 540 et
3288 489 3520 557 ingratas
3545 498 3602 543 et

2022 577 2240 632 acerbas
2262 578 2402 631 ferre
2427 586 2706 646 coguntur.
2755 577 2939 646 Neque
2979 577 3029 630 id
3073 578 3262 632 mirum
3294 580 3603 633 insolcusve

2024 680 2123 724 est.
2153 669 2281 723 Cum
2303 669 2444 724 enim
2472 669 2760 724 certamina
2787 669 3297 739 exercitationesque
3326 687 3429 724 non
3456 672 3602 725 circa

2025 776 2112 814 res
2137 761 2320 815 solitas
2351 769 2629 814 versantur
2651 801 2667 825 ,
2701 768 2810 814 tum
2844 760 2889 814 is
2911 759 3001 829 qui
3027 760 3268 814 decertat
3292 759 3361 814 ab
3386 762 3600 814 inexer-

2024 851 2197 905 citatis
2247 851 2372 904 nihil
2415 851 2610 906 differt.
2673 851 2904 906 Gloriam
2959 851 3011 906 in
3061 851 3246 920 primis
3296 864 3603 907 contemnat

2025 951 2234 1010 oportet
2269 942 2331 1006 is,
2359 943 2446 1011 qtti
2477 943 2527 996 in
2553 941 2652 996 hoc
2677 941 2905 996 stadium
2933 941 3230 1009 descendit,
3255 944 3331 998 ira
3359 945 3603 1014 superior

2025 1036 2113 1099 sit,
2137 1033 2411 1102 prudentia
2437 1034 2624 1104 plenus
2645 1035 2806 1089 multa
2831 1051 2846 1097 ;
2875 1034 2998 1089 huic
3023 1043 3198 1089 autem
3226 1037 3314 1105 qui
3345 1039 3602 1090 monasti-

2026 1140 2142 1178 cam
2184 1125 2521 1194 amplectitur
2554 1125 2739 1189 vitam,
2775 1128 2914 1179 nulla
2954 1128 3350 1182 exercitationis
3390 1129 3605 1183 occasio

2029 1215 2342 1283 propooitur
2370 1233 2381 1267 :
2411 1231 2583 1284 neque
2610 1216 2752 1270 enim
2787 1216 2981 1270 adsunt
3021 1216 3210 1281 multi,
3238 1217 3327 1287 qui
3365 1217 3509 1272 illum
3539 1219 3603 1270 ad

2028 1305 2158 1357 iram
2197 1307 2492 1366 concitent.
2523 1317 2576 1359 ιιι
2614 1307 2704 1360 ira:
2732 1308 2832 1359 vim
2871 1323 3119 1362 coercere
3147 1308 3356 1362 studeat
3393 1326 3406 1362 :
3435 1323 3606 1376 neque

2027 1395 2116 1462 qni
2158 1394 2304 1448 illttm
2333 1397 2606 1460 mirentur,
2647 1397 2850 1464 ipsique
2893 1397 3163 1464 plaudunt,
3195 1407 3252 1451 ut
3295 1398 3603 1466 pepulareni

2028 1500 2209 1539 auram
2258 1487 2524 1554 respicere
2565 1489 2730 1541 discat
2764 1506 2778 1544 :
2817 1489 3107 1555 prudentia:
3140 1498 3340 1552 autem,
3387 1505 3502 1558 qua:
3553 1491 3606 1542 in

2033 1575 2266 1629 Ecclesia
2311 1577 2722 1631 administranda
2766 1580 3051 1646 requiritur
3072 1621 3086 1643 ,
3117 1596 3220 1632 non
3250 1595 3437 1650 magna
3465 1581 3608 1647 apud

2030 1665 2149 1718 illos
2179 1682 2303 1720 cura
2332 1667 2572 1722 habetur.
2629 1670 2757 1722 Cttni
2785 1671 2945 1738 igitur
2968 1671 3032 1724 ad
3059 1671 3350 1725 certamina
3378 1671 3608 1725 descen-

2029 1755 2242 1820 derint,
2292 1773 2514 1825 qnorum
2561 1761 2758 1813 nullum
2803 1771 2958 1815 antea
3011 1762 3296 1828 perieulum
3342 1761 3608 1827 fecerunt,

2031 1845 2254 1912 luerent,
2279 1847 2535 1917 vertigine
2555 1857 2608 1902 et
2631 1849 2836 1902 eousilii
2868 1850 3042 1919 inopia
3069 1851 3310 1904 laborant
3334 1869 3347 1905 :
3371 1867 3434 1905 ac
3464 1868 3605 1918 pra--

2033 1945 2268 2004 terquam
2289 1938 2430 2005 quod
2451 1937 2516 1990 ad
2539 1938 2784 1992 virtutem
2808 1941 3006 1994 nullum
3031 1955 3366 2009 progressum
3386 1941 3607 2002 faciunt,

2030 2027 2190 2081 etiam
2220 2041 2428 2091 eorum,
2459 2043 2579 2098 quae
2611 2030 2757 2098 prius
2787 2030 3069 2098 habebant,
3097 2032 3410 2101 plerumque
3429 2032 3608 2102 jactu-

2031 2134 2144 2172 ram
2173 2117 2385 2173 faciunt.

2101 2211 2156 2266 8.
2193 2209 2417 2266 Facilior
2439 2213 2539 2266 vita
2572 2214 2803 2267 monachi
2848 2230 2999 2284 quant
3027 2215 3319 2269 sacerdotis.
3363 2244 3435 2254 —
3469 2213 3607 2268 Tum

2033 2301 2338 2358 BASILIUS
2366 2320 2379 2356 :
2408 2303 2543 2373 Quid
2569 2305 2770 2374 igitur?
2799 2321 2865 2358 an
2889 2321 3001 2372 eos,
3033 2308 3119 2375 qui
3149 2307 3198 2360 in
3226 2306 3403 2362 medio
3426 2323 3607 2362 rerum

2033 2405 2323 2455 versantur,
2357 2396 2446 2464 qui
2474 2395 2542 2450 de
2571 2397 2913 2451 stecularibns
2938 2399 3159 2467 negotiis
3181 2413 3360 2454 curam
3388 2413 3608 2469 gerunt,

2034 2485 2122 2553 qui
2147 2486 2198 2539 in
2229 2487 2364 2540 rixis
2387 2495 2442 2540 et
2471 2487 2732 2541 conviciis
2761 2496 2969 2541 a-tatein
2997 2489 3383 2555 contriverunt,
3411 2491 3497 2559 qui
3528 2490 3611 2543 in-

2031 2578 2172 2646 genti
2201 2578 2518 2633 dexteritate
2551 2578 2692 2646 pleni
2736 2590 2856 2633 sunt
2876 2621 2891 2644 ,
2922 2581 3009 2649 qui
3041 2579 3247 2635 deliciis
3284 2596 3567 2636 assuevere
3592 2624 3606 2642 .

2036 2668 2282 2722 Ecclesia:
2336 2670 2575 2738 regimini
2627 2670 3012 2738 praeficiemus?
3040 2671 3413 2726 CHIlYSOST.
3459 2672 3610 2726 Bona

2035 2760 2191 2814 verba
2219 2801 2232 2824 ,
2262 2777 2443 2828 quasso
2465 2803 2480 2827 ,
2510 2776 2544 2816 o
2569 2763 2648 2816 vir
2677 2763 2850 2817 beate.
2885 2762 2944 2816 lii
2972 2761 3168 2832 quippe
3198 2779 3264 2817 ne
3290 2765 3339 2816 in
3371 2772 3608 2816 mentem

2031 2851 2242 2919 quidem
2271 2853 2450 2906 venire
2473 2851 2669 2906 debent
2697 2892 2712 2917 ,
2757 2868 2878 2906 cum
2923 2852 2990 2907 de
3030 2852 3362 2907 sacerdotum
3391 2853 3611 2909 delectu

2031 2942 2233 3010 agitur;
2266 2941 2358 2995 sed
2385 2942 2428 2996 si
2454 2942 2572 3011 quis
2592 2943 2642 2996 iii
2669 2943 2903 2997 omnium
2931 2944 3203 2996 consortio
3229 2954 3283 2997 ct
3306 2944 3605 2998 contuber-

2033 3031 2122 3086 nio
2169 3033 2337 3100 possit
2380 3033 2682 3101 puritatem,
2709 3033 3140 3102 tranquillitatem
3173 3072 3190 3098 ,
3218 3033 3557 3087 sanctitatem
3587 3073 3606 3095 ,

2035 3124 2339 3192 patientiam
2366 3134 2418 3178 et
2438 3124 3032 3188 sobriemteni,'neenon
3062 3124 3164 3178 alia
3188 3141 3304 3194 qua:
3329 3125 3615 3180 monachis

2034 3219 2213 3273 insunt
2240 3218 2398 3276 bona.
2431 3219 2742 3272 intemerata
2775 3226 2830 3271 et
2858 3217 3172 3272 inconcussa
3210 3218 3376 3286 magis
3396 3258 3411 3282 ,
3444 3233 3612 3286 quam

2032 3310 2276 3364 monachi
2317 3310 2413 3379 ipsi
2459 3324 2692 3364 scrvare.
2730 3308 3164 3378 Quandoquidem
3193 3309 3237 3362 is
3263 3349 3281 3375 ,
3325 3307 3415 3378 qui
3464 3309 3615 3362 vitiis

2034 3401 2210 3454 multis
2238 3400 2440 3454 laborat
2473 3441 2488 3468 ,
2522 3415 2640 3454 cum
2667 3407 2836 3468 possit
2860 3399 2945 3452 illa
2976 3400 3026 3452 iu
3052 3398 3341 3452 solitudine
3380 3407 3564 3467 tegere
3596 3441 3611 3462 ,

2031 3505 2323 3560 curareque
2352 3505 2420 3545 ne
2450 3491 2501 3544 in
2522 3504 2654 3560 opus
2681 3498 2981 3558 erumpant,
2999 3490 3042 3543 si
3071 3504 3191 3544 cum
3219 3489 3364 3543 nullo
3387 3503 3615 3542 consor-

2035 3583 2163 3636 tium
2193 3582 2415 3647 habeat;
2444 3583 2510 3646 is,
2535 3583 2769 3652 inquam,
2791 3582 2836 3635 si
2867 3581 2920 3635 in
2947 3580 3176 3636 medium
3202 3579 3440 3649 prodeat,
3471 3578 3614 3633 nihil

2031 3673 2170 3726 aliud
2202 3673 2507 3736 lucrabitur,
2535 3673 2636 3728 nisi
2665 3680 2724 3726 ut
2746 3670 3090 3726 deridendum
3115 3685 3174 3724 se
3201 3670 3463 3740 propinet,
3491 3684 3615 3722 ina-

2029 3763 2213 3831 gisque
2243 3762 2656 3831 periclitabitur;
2686 3761 2828 3832 quod
2863 3761 3016 3815 nobis
3045 3759 3431 3830 propemodum
3458 3761 3610 3812 acci-

2031 3854 2218 3919 disset,
2243 3854 2344 3908 nisi
2368 3853 2458 3909 Dei
2488 3852 2814 3922 providentia
2857 3852 3090 3922 ignemva
3114 3852 3288 3921 capite
3314 3859 3498 3905 nostro
3523 3853 3616 3904 ci-

2031 3943 2134 3998 tius
2159 3944 2442 4012 abegisset.
2471 3942 2653 4012 Neque
2678 3942 2820 3996 enim
2845 3942 2934 4010 qui
2964 3942 3042 3996 sic
3065 3941 3288 3996 affectus
3323 3949 3406 3995 est
3432 3940 3612 3996 latere

2033 4043 2204 4103 potest
2231 4075 2246 4098 ,
2280 4033 2450 4102 palam
2471 4033 2787 4087 constitutus
2807 4075 2822 4098 ,
2870 4032 2962 4088 sed
2991 4035 3080 4102 qui
3110 4033 3182 4086 sit
3207 4033 3382 4086 statim
3411 4031 3615 4101 depre-

2033 4124 2300 4178 henditur.
2323 4125 2397 4177 Ac
2413 4123 2855 4192 quemadmodum
2884 4123 3177 4176 metallicas
3196 4122 3445 4175 materias
3467 4122 3615 4191 ignis

2033 4217 2236 4284 probat,
2267 4216 2344 4270 sic
2369 4215 2497 4269 cleri
2526 4215 2764 4282 probatio
2788 4213 3050 4269 humanos
3076 4214 3332 4270 discernit
3368 4216 3606 4268 animos.

2030 4310 2107 4360 Ac
2135 4306 2180 4360 si
2209 4305 2330 4375 quis
2358 4306 2662 4371 iracundus,
2688 4306 2733 4360 si
2763 4306 3004 4374 ignavus,
3027 4306 3070 4359 si
3096 4320 3249 4360 vanze
3282 4305 3467 4374 glori:e
3505 4319 3609 4358 eno

2031 4397 2204 4466 pidus,
2227 4398 2271 4450 si
2299 4411 2574 4466 arrogans,
2601 4397 2712 4451 sive
2734 4398 2839 4450 alio
2863 4398 3110 4467 quopiam
3138 4399 3326 4453 morbo
3347 4398 3415 4451 sit
3440 4396 3605 4450 affec-

2032 4497 2136 4551 tus,
2159 4486 2338 4540 omnia
2367 4487 2588 4554 retegit,
2624 4486 2858 4554 vitisque
2887 4501 2978 4540 sua
3005 4487 3244 4541 revelat:
3278 4500 3374 4540 nec
3397 4487 3610 4540 revelat

2031 4585 2254 4640 tantum,
2285 4576 2378 4630 sed
2397 4577 2638 4646 graviora
2657 4587 2713 4631 et
2731 4576 3022 4631 valentiora
3042 4575 3222 4630 efficit.
3249 4575 3454 4629 Etenim
3476 4589 3610 4630 cor—

2029 4668 2173 4738 poris
2197 4669 2416 4724 vulnera
2449 4708 2465 4734 ,
2491 4668 2669 4722 attrita
2697 4709 2713 4734 ,
2761 4677 2949 4722 curatu
2993 4667 3288 4721 diflieiliora
3329 4667 3566 4722 evadunt
3587 4686 3607 4723 :

2032 4760 2262 4830 itemque
2289 4761 2448 4814 animi
2475 4760 2665 4824 morbi,
2692 4760 2734 4814 si
2763 4760 3018 4828 perfrices
3042 4761 3342 4828 irritesque,
3373 4774 3606 4825 exaspe-

2030 4853 2134 4905 rari
2179 4859 2569 4905 consueverunt
2599 4891 2615 4914 ,
2649 4850 2858 4918 illisque
2881 4860 3158 4918 correptos
3189 4849 3338 4917 plura
3374 4862 3610 4917 peccare

2029 4949 2239 5010 cegunt.
2270 4940 2399 4994 Nam
2425 4940 2489 4992 ad
2514 4939 2698 5009 gioriaz
2741 4939 3043 5006 cupidinem
3088 4938 3315 4991 eti‘erunt
3339 4952 3483 4997 eum,
3507 4939 3604 5003 qni

2029 5033 2128 5087 sibi
2155 5047 2258 5085 non
2282 5031 2523 5092 attendit,
2557 5044 2760 5083 necnon
2787 5029 2850 5081 ad
2882 5030 3232 5097 arrogantiam
3256 5041 3310 5082 et
3343 5027 3602 5096 pecunia-

2028 5137 2142 5175 rum
2161 5121 2521 5189 enpiditatem,
2552 5121 2603 5172 in
2638 5119 2859 5172 delicias
2891 5134 3102 5187 quoque
3142 5117 3453 5186 pertrahunt
3482 5156 3497 5180 ,
3556 5119 3615 5170 in

2027 5215 2317 5284 ignaviam.
2375 5212 2426 5265 in
2478 5212 2784 5280 segnitiem,
2818 5210 3174 5280 paulatimque
3202 5208 3266 5262 ad
3297 5208 3555 5262 ulteriora
3595 5250 3611 5268 ,

2026 5318 2144 5372 qua:
2171 5303 2238 5356 ab
2267 5301 2369 5354 illis
2395 5301 2700 5370 gignuntur,
2735 5300 2892 5354 mala.
2927 5299 3086 5352 Multa
3117 5298 3311 5367 quippe
3338 5298 3388 5350 in
3418 5297 3607 5351 medio

2026 5403 2169 5458 sunt,
2199 5407 2316 5461 qua:
2343 5391 2545 5460 possint
2573 5389 2763 5442 anima:
2788 5388 3106 5457 diligentiam
3129 5386 3358 5448 solvere,
3391 5386 3604 5452 ipsum-

2025 5497 2129 5550 que
2156 5479 2221 5533 ad
2250 5480 2412 5533 Deum
2437 5493 2650 5533 cursum
2681 5479 2870 5532 sistere
2907 5496 2920 5530 :
2949 5486 3106 5545 atque
3133 5477 3184 5528 in
3211 5475 3394 5543 primis
3427 5474 3604 5527 collo-

2023 5573 2143 5642 quia
2167 5586 2286 5626 cum
2305 5571 2632 5627 mulieribus.
2655 5570 2835 5639 Neque
2856 5579 3026 5638 potest
3043 5569 3261 5621 antistes
3284 5608 3299 5631 ,
3317 5566 3402 5634 qui
3431 5566 3604 5618 totius

2025 5664 2200 5734 gregis
2231 5679 2410 5719 curam
2441 5662 2680 5733 suscipit,
2707 5662 2838 5715 viris
2866 5670 3066 5717 tantum
3095 5658 3344 5714 curandis
3371 5672 3597 5728 operam
