3890 6220
79 229 184 284 683

76 345 196 412 λίας
223 347 579 420 ἐκτρέπεσθαι
623 349 927 421 θαυμάζοι,
967 351 1065 422 τῆς
1116 353 1414 423 καρτερίας
1449 354 1748 425 μὲν-τοῦτο

73 435 272 504 δεῖγμα
317 438 413 491 καὶ
434 439 596 503 αὐτὸς
625 435 763 493 εἶναι
814 439 978 509 φαίην
1012 439 1100 503 ἂν,
1146 440 1206 492 οὐ
1241 441 1349 512 μὴν
1393 443 1616 515 ἀπάσης
1645 445 1748 515 τῆς

73 526 120 576 ἀ·
144 525 325 595 δρείας
348 525 448 595 τῆς
475 528 532 578 ἐν
556 531 622 598 τῇ
647 528 790 598 ψυχῇ
835 530 1132 601 τεκμήριον
1167 531 1372 585 ἱκανόν.
1416 531 1474 584 'O
1511 533 1610 602 μὲν
1641 533 1750 606 γὰρ

73 613 206 664 εἵσω
234 612 464 684 λιμένων
497 615 589 667 ἐπὶ⁴
613 616 722 668 τῶν
750 616 952 671 οἰάκων
988 617 1316 687 καθήμενος,
1345 617 1500 672 οὔπω
1535 621 1635 691 τῆς
1657 621 1751 673 τέ-

72 719 209 772 χνης
241 704 440 774 ἀκριϐῆ
472 704 655 759 δίδωσι
690 706 921 775 βάσανον
941 721 954 734 ·
989 706 1081 759 τὸν
1108 708 1163 760 δέ
1203 709 1260 760 ἐν
1297 707 1446 779 μέσῳ
1477 707 1556 778 τῷ
1587 710 1752 762 πελά-

71 805 164 855 γει
203 791 297 844 καί¹
321 790 396 862 τῷ
434 792 664 863 χειμῶνι
692 793 988 863 δυνηθέντα
1015 794 1280 848 διασῶσαι
1313 795 1374 847 16
1402 795 1631 865 σκάφος,
1663 797 1750 848 ού·-
1787 820 1801 836 ~

70 877 184 940 δεὶς
219 879 368 942 ὅστις
409 880 510 932 οὐκ
542 879 610 933 ἂν
647 876 784 935 εἶναι
823 881 955 952 φαίη
1011 881 1348 953 κυϐερνήτην
1392 883 1634 955 ἄριστον.

147 965 211 1030 ς’.
246 966 318 1018 υύ
334 966 512 1020 τοίνυν
532 969 663 1038 ἡμῖν
678 969 800 1021 οὐδὲ
814 969 906 1022 16v
927 969 1155 1040 μοναχὸν
1175 968 1513 1040 θαυμαστέον
1536 983 1559 1010 ιι
1580 970 1646 1024 ἂν
1665 969 1751 1042 εἴη

69 1050 196 1106 λίαν
221 1054 315 1106 καὶ
337 1054 453 1123 μεθ’
480 1055 804 1127 ὑπερϐολῆς,
833 1057 915 1109 ὅτι
935 1056 1111 1127 μένων
1134 1058 1218 1125 ἐφ’
1235 1057 1431 1110 ἐαυτοῦ
1456 1059 1513 1110 ού
1545 1059 1749 1130 ταράτ-

68 1157 247 1203 τεται,
275 1142 394 1194 οὐδέ
413 1142 770 1214 διαμαρτάνει
798 1143 968 1196 πολλὰ
994 1144 1088 1197 καὶ
1116 1144 1326 1215 μεγάλα
1356 1145 1747 1216 ἀμαρτήματα’

67 1227 197 1281 οὐδὲ
225 1228 336 1300 γάρ
355 1229 470 1300 ἔχει
498 1230 566 1284 τά
596 1232 1004 1302 παρακνίζοντα
1032 1232 1126 1285 καὶ
1156 1231 1493 1302 διεγείροντα
1529 1231 1627 1302 τὴν
1652 1232 1748 1302 :qu-

68 1317 198 1385 χήν.
253 1315 390 1368 Ἀλλ’
413 1315 465 1368 εί
488 1334 573 1380 τις
599 1317 861 1389 πλήθεσιν
899 1318 1041 1381 ὅλοις
1071 1319 1262 1371 ἐαυτὸν
1291 1317 1629 1383 ἐνδεδωκὼς,
1659 1320 1754 1372 καὶ

67 1402 176 1465 τὰς
207 1401 318 1456 τῶν
355 1404 566 1457 πολλῶν
598 1405 785 1475 φέρειν
812 1407 1086 1478 ἁμαρτίας
1120 1405 1513 1474 ἀναγκασθεὶς,
1541 1405 1753 1475 ἔμεινεν

67 1491 304 1562 ἀκλινὴς
327 1493 421 1544 καὶ
450 1493 706 1565 στερρὸς,
741 1493 931 1566 ὥσπερ
957 1495 1014 1548 ἐν
1044 1493 1254 1566 γαλήνῃ
1283 1492 1362 1563 τῷ
1395 1493 1628 1564 χειμῶνι
1654 1492 1753 1564 τὴν

67 1578 252 1650 ψυχὴν
283 1579 674 1651 διακυϐερνῶν,
705 1577 860 1645 οὗτος
895 1583 1209 1654 κροτεῖσθαι
1245 1580 1340 1634 καὶ
1373 1579 1753 1651 θαυμάζεσθαι

68 1666 231 1737 παρὰ
269 1667 486 1720 πάντων
534 1668 600 1721 ἀν
633 1670 716 1740 εἴη
751 1669 992 1731 δίκαιος’
1031 1669 1223 1738 ἰκανὴν
1251 1669 1359 1740 γάρ
1406 1669 1504 1737 τῆς
1548 1669 1754 1731 οἰκείας

67 1755 328 1824 ἀνδρείας
368 1755 466 1823 τὴν
493 1755 818 1826 δοκιμασίαν
852 1757 1187 1822 ἐπεδείξατο.
1244 1758 1334 1826 Μὴ
1389 1757 1568 1809 τοίνυν
1621 1755 1754 1825 μηδὲ

67 1842 241 1904 αὐτὸς
270 1841 575 1913 θαυμάσῃς,
611 1846 658 1896 εἰ
684 1844 780 1915 τὴν
803 1845 830 1883 ι)
863 1843 1070 1915 ἀγορὰν
1101 1843 1397 1913 φεύγοντες
1432 1845 1592 1914 ἡμεῖς
1616 1883 1630 1906 ,
1662 1843 1756 1895 καὶ

67 1927 173 1991 τὰς
205 1928 314 1981 τῶν
363 1929 572 1981 πολλῶν
621 1931 904 1994 συνουσίας
926 1973 941 1996 ,
989 1931 1090 1984 οὐκ
1130 1931 1325 2001 ἔχομεν
1363 1933 1489 1992 τοὺς
1523 1945 1758 1998 κατηγο-

67 2015 310 2085 ροῦντας
348 2015 606 2081 πολλούς·
641 2018 762 2071 οὐδὲ
806 2019 917 2090 γάρ
964 2020 1011 2071 εί
1055 2018 1336 2072 καθεύδων
1364 2017 1463 2088 οὐχ
1502 2016 1755 2088 ήμάρτα-

67 2122 185 2164 νον,
221 2105 329 2157 οὐδ’
359 2106 406 2157 εἰ
440 2104 513 2176 μὴ
545 2106 788 2158 παλαίων
817 2107 916 2159 οὐκ
961 2107 1213 2173 ἔπιπτον,
1252 2106 1361 2158 οὐδ’
1396 2107 1446 2158 εἰ
1476 2105 1551 2175 μὴ
1586 2103 1757 2173 μαχό-

67 2208 238 2261 μενος
266 2193 366 2246 οὒκ
399 2193 722 2265 ἐϐαλλόμην,
758 2193 1058 2263 θαυμάζειν
1089 2195 1275 2265 ἐχρῆν.
1310 2194 1408 2256 Τίς
1447 2191 1579 2264 γὰρ,
1610 2193 1755 2255 εἰπὲ,

67 2280 154 2341 τίς
183 2279 470 2349 δυνήσεται
500 2285 778 2335 κατειπεῖν
811 2283 904 2335 καὶ
934 2281 1284 2350 ἀποκαλύψαι
1318 2281 1415 2351 τὴν
1450 2279 1757 2350 μοχθηρίαν

67 2365 172 2434 τὴν
206 2366 380 2436 ἐμήνς
413 2369 440 2420 6
470 2367 666 2438 ὄροφος
695 2362 846 2432 οὗτος
875 2370 968 2422 καὶ
1001 2372 1029 2422 6
1061 2369 1334 2432 οἰκίσκος;
1383 2367 1524 2421 Ἀλλ’
1562 2368 1662 2420 οὐκ
1693 2365 1759 2420 ἀν

67 2451 322 2505 δύναιντο
350 2455 507 2525 ῥῆξαι
538 2461 741 2526 φωνήν.
772 2456 912 2510 Ἀλλ’
939 2459 972 2528 ή
1005 2458 1188 2527 μήτηρ
1212 2459 1245 2528 ἡ
1280 2454 1514 2528 μάλιστα
1541 2455 1760 2508 πάντων

67 2538 248 2591 εἰδυῖα
276 2540 345 2594 τά
373 2542 508 2611 ἐμάς
541 2543 792 2596 Μάλιστα
838 2543 936 2613 μὲν
965 2543 1086 2596 ούδέ
1132 2543 1268 2614 πρὸς
1307 2543 1477 2614 αὐτήν
1515 2542 1633 2594 ἐστί
1666 2541 1761 2612 μοί

67 2643 114 2678 τι
143 2626 348 2692 κοινὸν,
383 2627 499 2681 οὐδὲ
532 2630 611 2693 εἰς
661 2630 992 2698 φιλονεικίαν
1021 2630 1255 2701 ἤλθομεν
1300 2632 1542 2684 πώποτε.
1585 2631 1647 2682 Εἰ
1707 2629 1763 2681 δὲ

67 2714 170 2768 καὶ
193 2714 355 2768 τοῦτο
379 2712 447 2788 ἦν
478 2717 712 2788 συμϐάν,
743 2719 971 2788 οὐδεμία
997 2717 1172 2782 οὕτως
1201 2720 1320 2772 ἐστὶ
1353 2720 1539 2790 μήτηρ
1563 2718 1762 2786 ἄστορ-

67 2819 168 2871 ro;
201 2805 299 2856 καὶ
329 2805 674 2875 μισότεκνος,
705 2806 782 2868 ὡς
821 2805 1032 2870 τοῦτον,
1073 2807 1133 2860 ὂν
1170 2805 1325 2859 ὢδινε
1360 2806 1454 2859 καὶ
1482 2806 1637 2858 ἔτεκε
1670 2805 1764 2858 καὶ

67 2891 275 2961 ἔθρεψε
301 2902 324 2930 ο
354 2893 626 2964 μηδεμιᾶς
648 2893 1074 2964 ἀναγκαζούσης
1103 2895 1450 2966 προφάσεως,
1486 2894 1620 2965 μηδέ
1650 2893 1766 2962 βια-

67 2977 310 3048 ζομένου
356 2981 536 3045 τινὸς,
581 2980 830 3046 κακίζειν
881 2983 978 3036 καὶ
1015 2982 1325 3036 διαϐάλλειν
1369 2983 1522 3052 παρᾶ
1575 2984 1760 3034 πᾶσιν.

67 3069 241 3121 Ἐπεὶ
265 3069 348 3120 ὅτι
375 3085 459 3136 γε,
487 3071 540 3122 εί
563 3087 646 3134 τις
673 3071 771 3140 τὴν
798 3072 1074 3141 ήμετέραν
1110 3069 1245 3139 πρὸς
1271 3069 1556 3140 ἀκρίϐειαν
1591 3069 1763 3122 ἐθέλοι

67 3155 394 3218 Βασανίζειν
423 3156 624 3228 ψυχὴν,
657 3157 827 3210 πολλὰ
857 3158 1025 3227 αὐτῆς
1055 3157 1278 3228 εὑρήσει
1302 3156 1373 3209 τὰ
1412 3157 1605 3228 σαθρὰ,
1644 3158 1764 3210 ούδέ

67 3245 240 3306 ιύτὸς
274 3244 488 3312 ἀγνοεῖς
523 3246 552 3296 6
603 3245 836 3314 μάλιστα
884 3245 1100 3296 πάντων
1131 3245 1280 3314 ἡμᾶς
1309 3246 1421 3307 τοῖς
1460 3246 1763 3314 ἐγκωμίοις

67 3333 330 3404 ἐπαίρειν
357 3331 509 3403 παρά
539 3333 704 3385 πᾶσιν
743 3331 970 3395 εἰωθώς.
1012 3332 1120 3384 Καὶ
1164 3333 1246 3385 ὅτι
1274 3349 1336 3400 γε
1361 3333 1422 3384 οὐ
1458 3334 1764 3404 μετριάζων

67 3420 252 3476 ταῦτα
293 3419 436 3488 λέγω
468 3419 584 3485 νῦν,
608 3420 920 3490 ἀνάμνησον
951 3419 1169 3481 σαυτὸν,
1211 3420 1401 3482 ὁσάκις
1434 3415 1602 3472 εἷπον·
1631 3421 1766 3490 πρὸς

67 3511 148 3570 τὲ,
184 3507 353 3574 λόγου
379 3506 622 3560 τοιούτου
650 3506 946 3577 γενομένου
979 3506 1241 3570 πολλάκις
1269 3510 1402 3577 ἡμῖν
1425 3525 1440 3540 ο
1472 3510 1574 3570 ὅτι,
1607 3511 1766 3573 εἴτις

67 3595 292 3669 ιῖρεσίν
324 3612 410 3664 μοι
436 3594 740 3665 προυτίθει,
765 3594 869 3647 ποῦ
894 3593 1097 3664 μᾶλλον
1119 3593 1412 3666 βουλοίμην
1431 3597 1761 3664 εὐδοκιμεῖν,

67 3705 118 3738 ;ν
150 3685 227 3753 τῇ
261 3683 358 3752 τῆς
394 3681 718 3752 Ἐκκλησίας
742 3683 1076 3754 προστασίᾳ,
1107 3683 1140 3754 ἢ
1169 3684 1310 3736 κατά
1347 3683 1439 3736 τὸν
1461 3685 1569 3738 τῶν
1602 3703 1764 3754 μονα-

67 3774 183 3844 [ὧν
203 3770 340 3839 βίον,
368 3770 591 3841 μυρίαις
605 3770 670 3823 διν
692 3771 893 3841 ψήφοις
908 3771 970 3824 16
994 3772 1259 3844 πρότερον
1269 3773 1544 3843 ,ἐδεξάμην
1567 3774 1762 3842 ἔγωγε.

67 3861 139 3914 )ὖ
171 3857 290 3928 γάρ
330 3857 567 3910 διέλιπόν
601 3874 731 3910 ποτε
765 3857 1086 3928 μακαρίζων
1120 3859 1256 3930 πρὸς
1289 3860 1349 3912 σὲ
1393 3860 1522 3923 τοὺς
1552 3863 1766 3930 ἐκείνης

67 3950 167 4018 τῆς
219 3945 499 4008 διακονίας
529 3946 833 4016 προστῆναι
863 3946 1190 4017 δυνηθέντας
1221 3947 1424 4013 καλῶς.
1461 3949 1584 4002 Ὅτι
1615 3949 1766 4022 [427]

67 4039 110 4089 ιὲ
147 4038 304 4104 ὅπερ
327 4034 682 4106 ἐμακάριζον,
714 4037 813 4087 ούκ
843 4034 910 4088 ἂν
939 4035 1158 4103 ἔφυγον,
1188 4037 1390 4100 ἱκανῶς
1413 4036 1550 4108 ἔχων
1577 4039 1769 4106 μετελ-

67 4128 217 4186 ίεῖν,
247 4123 424 4186 οὐδεὶς
456 4124 690 4193 ἀντερεῖ.
737 4121 899 4175 Ἀλλά
935 4123 990 4176 τί
1025 4123 1216 4189 ﬁdem;
1249 4125 1416 4177 Οὐδὲν
1451 4125 1558 4196 γὰρ
1599 4125 1771 4190 οὕτως

67 4214 357 4283 ἱχρηστον
385 4211 464 4272 εἰς
509 4209 837 4276 Ἐκκλησίας
883 4212 1224 4281 προστασίαν
1251 4210 1328 4274 ώς
1361 4213 1497 4283 αὑτὴ
1532 4215 1563 4284 ή
1600 4215 1769 4284 ἀργία

67 4301 164 4355 ιαὶ
205 4300 242 4368 ὴ
292 4296 656 4367 ἀμελετησία,
701 4297 768 4367 ἢν
806 4297 984 4368 ἕτεροι
1043 4298 1140 4368 μὲν
1187 4299 1418 4370 ἀσκησίν
1466 4317 1586 4353 τινα
1633 4301 1767 4354 θαυ-

67 4384 300 4455 ιαστὴν
346 4380 480 4437 εἶναι
516 4383 858 4454 νομίζουσιν·
909 4384 1020 4452 ἐγὼ
1063 4385 1119 4438 δὲ
1159 4387 1329 4457 αὐτὴν
1373 4389 1615 4457 ὡσπερεὶ
1667 4407 1772 4440 πα-

67 4472 412 4540 ηκπέτασμα
462 4471 562 4540 τῆς
604 4471 810 4534 οἰκείας
859 4471 968 4542 ἔχω
1021 4472 1388 4544 φαυλότητος,
1430 4475 1497 4527 τά
1550 4476 1771 4529 πλείονα

67 4564 184 4616 ῖῶν
234 4559 636 4630 ἐλαττωμάτων
685 4560 797 4612 τῶν
840 4561 1081 4630 ἐμαυτοῦ
1126 4561 1300 4633 ταύτῃ
1347 4564 1768 4630 συγκαλύπτων,

67 4652 170 4706 ιαὶ
203 4649 309 4701 οὔκ
355 4647 460 4700 ἐῶν
503 4647 810 4714 φαίνεσθαι.
861 4647 918 4701 Ὀ
965 4648 1076 4719 γὰρ
1101 4648 1398 4713 ἐνεθισθεὶς
1439 4647 1466 4688 ἀ
1501 4652 1770 4722 τοσαύτης

67 4737 381 4793 ιπολαύειν
408 4736 844 4806 ἀπραγμοσύνης
862 4778 876 4800 ,
900 4737 996 4788 καὶ
1026 4739 1086 4788 ἐν
1110 4739 1312 4808 ἡσυχία
1339 4738 1544 4807 διάγειν
1576 4740 1766 4808 πολλῇ,

86 4827 177 4882 ἂν
216 4823 459 4892 μεγάλης
564 4822 800 4892 φύσεως,
833 4823 938 4876 ὑπὸ
966 4823 1065 4894 τῆς
1094 4825 1432 4894 ἀνασκησίας
1460 4825 1769 4896 θορυϐεῖται

67 4915 164 4970 gat
192 4910 527 4982 ταράττεται
553 4952 567 4972 ,
595 4912 690 4964 καὶ
733 4911 833 4980 τῆς
871 4911 1078 4975 οἰκείας
1111 4912 1396 4983 δυνάμεως
1441 4915 1769 4986 περικόπτει

67 5001 134 5053 ιέ
147 5013 255 5070 ρος
289 4996 350 5049 οὐ
387 4997 583 5068 μικρὸν
605 4997 666 5050 16
691 4997 1065 5068 ἀγύμναστον.
1097 5000 1263 5053 Ὅταν
1284 4999 1341 5051 δὲ
1365 4999 1500 5070 ὁμοῦ
1524 5001 1617 5054 καὶ
1646 5001 1772 5074 βρα-

68 5087 230 5147 είας
342 5084 600 5148 διανοίας,
647 5086 742 5138 καὶ
770 5084 877 5138 τῶν
914 5085 1173 5138 τοιούτων
1207 5085 1383 5154 λόγων
1415 5088 1508 5140 καὶ
1543 5087 1770 5156 ἀγώνων

67 5180 330 5242 ξηειρος,
365 5170 523 5224 τοῦτο
551 5173 614 5243 δὴ
644 5173 705 5225 16
743 5173 1035 5244 ἡμέτερον,
1070 5173 1180 5227 τῶν
1217 5173 1436 5228 λιθίνων
1459 5176 1612 5229 οὐδὲν
1641 5176 1765 5230 διοί⁹

75 5280 176 5317 ει.
213 5257 422 5327 ταύτην
464 5259 759 5329 δεξάμενος
793 5260 894 5330 τὴν
926 5262 1262 5332 οἰκονομίαν.
1312 5263 1415 5315 Διά
1455 5263 1615 5316 τοῦτο
1661 5263 1768 5318 τῶν

69 5355 108 5420 ξ
161 5345 394 5417 ἐκείνης
430 5347 745 5417 ἐρχομένων
780 5349 876 5418 τῆς
905 5347 1245 5420 παλαίστρας
1281 5351 1360 5414 εἰς
1394 5351 1520 5416 τοὺς
1547 5352 1768 5421 ἀγῶνας

119 5521 162 5551 ⁸
193 5518 300 5580 Δίἱὶ
322 5520 608 5580 θαυμαστόν.

111 5580 161 5624 h
190 5579 296 5627 Alii
321 5580 392 5628 ὅτι

117 5641 160 5677 ³
191 5638 302 5705 Aw
323 5641 550 5705 ἐξέθρεψεν

113 5711 170 5746 ο
187 5701 297 5752 Alli
333 5701 545 5760 ἐθισθείς.

1335 224 1444 291 ’ΒΕ
1487 238 1943 297 SACERDOTIO.
1985 241 2116 311 LIB,
2159 241 2246 298 Vl.

3424 235 3525 290 6875

1851 359 2072 422 τούτους
2105 357 2275 426 ὀλίγοι
2319 355 2725 426 διαφαίνονταιο
2775 353 2825 406 οί
2874 353 2932 405 δὲ
2966 351 3178 414 πλείους
3218 350 3527 420 ἐλέγχονται

1851 447 1945 498 καὶ
1973 445 2396 506 καταπίπτουσι,
2423 445 2520 496 καί
2547 443 2848 514 πράγματα
2875 438 3238 509 ὑπομένουσιν
3266 438 3405 508 ἀηδῆ
3434 446 3529 490 και

1850 533 2081 604 χαλεπά.
2108 533 2216 584 Καὶ
2242 531 2392 584 οὐδὲν
2415 529 2664 592 ἀπεικός.
2697 531 2864 582 Ὅταν
2896 526 3004 597 γάρ
3031 526 3104 596 μὴ
3132 526 3261 595 περὶ
3291 524 3397 576 τῶν
3429 525 3528 576 αύ-

1849 622 1958 674 τῶν
1987 623 2040 674 οἰ
2074 639 2132 674 τε
2164 621 2373 690 ἀγῶνες
2411 615 2514 674 ὧσι
2562 621 2656 672 καὶ
2693 618 2762 671 1‘1
2796 618 3097 688 γυμνάσια,
3141 615 3248 667 τῶν
3283 614 3532 682 ἀγυμνά-

1854 727 1994 762 στων
2033 711 2061 761 6
2097 709 2500 779 ἀγωνιζόμενος
2545 708 2695 760 οὐδὲν
2744 707 3040 776 διενήνοχε.
3085 703 3256 773 Δόξης
3296 703 3532 772 μάλιστα

1852 797 1933 849 δεῖ
1980 799 2338 867 καταφρονεῖν
2386 796 2474 848 τὸν
2517 795 2798 857 εἰς’τοῦτο
2848 794 3140 862 ἐρχόμενον
3187 791 3246 842 16
3295 789 3530 854 στάδιον,

1852 883 2019 952 ὀργῆς
2048 882 2318 954 ἀνώτερον
2343 879 2501 946 εἶναι,
2530 881 2793 944 συνέσεως
2815 880 3066 950 ἔμπλεων
3088 879 3310 948 πολλῆς.
3344 877 3533 946 Τούτῳ

1852 972 1905 1024 δὲ
1951 971 2027 1042 τῷ
2070 973 2158 1024 τὸν
2203 973 2408 1042 μονήρη
2445 971 2723 1040 στέργοντι
2761 969 2873 1038 βίον
2905 966 3129 1037 οὐδεμία
3155 977 3178 1004 θ
3225 965 3534 1036 γυμνασίας

1854 1059 2108 1122 ὑπόθεσις
2151 1060 2454 1130 πρόκειται.
2505 1058 2642 1110 Οῦτε
2677 1056 2786 1128 γὰρ
2817 1058 2943 1119 τοὺς
2985 1053 3392 1125 παροξύνοντας
3418 1053 3535 1122 ἔχει

1855 1146 2108 1211 πολλοὺς,
2153 1147 2243 1199 ἴνα
2288 1146 2564 1217 μελετήσῃ
2603 1145 2856 1209 κολάζειν
2900 1141 2993 1195 τοῦ
3041 1141 3214 1212 θυμοῦ
3253 1142 3351 1210 τὴν
3382 1141 3537 1194 δύνα-

1857 1251 1980 1304 μιν·
2009 1232 2134 1286 οὔτε
2164 1235 2292 1298 τοὺς
2330 1233 2734 1304 μακαρίζοντας
2775 1230 2868 1284 καὶ
2896 1227 3226 1302 κροτοῦντας
3249 1268 3263 1291 ,
3297 1227 3386 1281 ῖνα
3412 1244 3540 1279 παι-

1853 1321 2015 1393 δευθῇ
2046 1323 2173 1385 τοὺς
2204 1321 2356 1394 παρά
2397 1321 2504 1374 τῶν
2545 1319 2758 1373 πολλῶν
2788 1317 3067 1372 διαπτύειν
3111 1309 3214 1369 ὧδε
3248 1313 3503 1376 ἐπαίνους
3523 1330 3535 1342 ’

1855 1413 1954 1482 τῆς
1985 1427 2043 1463 τε
2078 1411 2137 1462 ἐν
2175 1413 2296 1474 ταῖς
2335 1408 2684 1479 Ἐκκλησίαις
2721 1405 3130 1476 ἀπαιτουμένης
3173 1402 3444 1464 συνέσεως
3476 1402 3539 1454 ού

1858 1496 2024 1561 πολὺς
2049 1498 2229 1562 αὐτοῖς
2261 1501 2290 1550 6
2322 1497 2497 1565 λόγος.
2527 1497 2696 1550 Ὅταν
2724 1491 2818 1548 οὖν
2853 1492 3083 1546 ἔλθωσιν
3119 1492 3199 1553 είς
3235 1491 3361 1551 τοὺς
3390 1487 3539 1556 ἀγῶ-

1855 1601 1982 1650 νας,
2032 1578 2108 1637 ὧν
2156 1585 2231 1654 μὴ
2284 1585 2692 1654 μεμελετήκασι
2745 1583 2844 1652 τὴν
2902 1583 3117 1650 πεῖραν,
3170 1577 3538 1648 ἀποροῦνται,

1861 1671 2180 1740 ίλιγγιῶσιν,
2231 1673 2308 1734 εἰς
2351 1671 2656 1742 ἀμηχανίαν
2701 1668 3027 1721 ἐκπίπτουσι
3073 1665 3116 1730 τ,
3173 1664 3266 1716 καὶ
3298 1662 3433 1733 πρὸς
3463 1661 3542 1732 τῷ

1862 1759 2026 1827 μηδὲν
2061 1756 2336 1810 ἐπιδοῦναι
2370 1757 2505 1828 πρὸς
2553 1755 2774 1826 ἀρετὴν,
2817 1754 2910 1807 καὶ
2939 1752 3082 1823 άπερ
3117 1749 3331 1820 ἔχοντες
3374 1743 3540 1818 ἦλθον

1859 1845 2047 1898 πολλοὶ
2076 1845 2335 1907 πολλάκις
2361 1844 2671 1898 ἀπώλεσαν.

1923 1933 2122 2002 η’.Κα“ι
2151 1934 2179 1984 6
2205 1931 2578 1985 ΒΑΣΙΛΕΙΟΣ.
2615 1930 2680 1983 Τί
2709 1926 2802 1982 οὖν
2823 1945 2836 1994 ;
2860 1929 2984 1992 τοὺς
3008 1931 3066 1981 ἐν
3100 1931 3176 2001 τῷ
3216 1932 3365 2002 μέσῳ
3393 1947 3545 2002 στρε-

1860 2021 2148 2090 φομένους,
2197 2020 2291 2072 καί⁵
2334 2018 2678 2090 πραγμάτων
2712 2019 3098 2089 φροντίζοντας
3130 2019 3419 2089 βιωτικῶν,
3452 2019 3547 2072 καὶ

1857 2109 2260 2180 τετριμμένους
2284 2107 2420 2178 πρὸς
2449 2107 2629 2177 μάχας
2656 2108 2751 2160 καὶ
2778 2107 3066 2179 λοιδορίας,
3089 2111 3182 2161 καὶ
3215 2109 3414 2179 μυρίας
3438 2107 3546 2160 δει-

1858 2199 2080 2269 νότητος
2105 2197 2376 2268 γέμοντας
2395 2236 2410 2260 ,
2440 2197 2534 2249 καί⁹
2558 2197 2773 2267 τρυφᾷν
2801 2197 3010 2260 εἰδότας
3030 2236 3044 2258 ,
3077 2198 3446 2268 ἐπιστήσομεν
3471 2198 3538 2266 τῇ

1859 2287 1960 2356 τῆς
2003 2285 2336 2355 Ἐκκλησίας
2368 2285 2687 2355 οἰκονομίιμ
2732 2285 2937 2338 ΧΡΥΣ.
2986 2283 3272 2354 Εὐφήμει,
3304 2284 3461 2354 ἔφην.
3501 2277 3546 2336 ὦ

1865 2373 2102 2444 μακάριε
2139 2372 2221 2426 σύ.
2259 2371 2496 2435 Τούτους
2525 2371 2634 2443 γάρ
2660 2373 2685 2411 ε
2715 2372 2824 2424 οὐδ’
2861 2373 2941 2436 εἰς
2970 2373 3097 2426 νοῦν
3126 2371 3416 2442 βάλλεσθαι
3443 2372 3544 2436 δεῖ,

1865 2462 1993 2514 ὅταν
2042 2461 2230 2534 ἱερέων
2270 2460 2518 2528 ἐξέτασις
2668 2460 2784 2513 ἀλλ’
2817 2461 2870 2512 εί
2918 2477 3002 2524 τις
3057 2460 3196 2531 μετά
3238 2460 3331 2512 τοῦ
3381 2463 3547 2512 πᾶσιν

1863 2551 2074 2619 ὁμιλεῖν
2104 2548 2200 2601 καὶ
2235 2547 2776 2620 συναναστρέφεσθαι
2815 2548 3032 2602 δύναιτο
3063 2548 3163 2617 τὴν
3197 2547 3548 2618 καθαρότητα

1863 2637 1958 2690 καὶ
2011 2636 2111 2707 τὴν
2162 2634 2488 2706 ἀταραξίαν,
2527 2637 2626 2707 τήν
2673 2653 2733 2689 τε
2776 2635 3090 2705 ἁγιωσύνην
3134 2635 3228 2689 καὶ
3264 2635 3362 2705 τὴν
3409 2653 3550 2706 καρ-

1861 2724 2049 2794 τερίαν
2077 2723 2170 2776 καὶ
2198 2723 2376 2794 νῆψιν,
2431 2724 2525 2776 καὶ
2564 2722 2634 2776 τά
2669 2722 2806 2776 ἄλλα
2837 2722 2906 2777 τὰ
2939 2726 3051 2784 τοῖς
3089 2724 3342 2793 μοναχοῖς
3383 2738 3572 2792 προσ-ι

1863 2812 1989 2865 όντα
2052 2809 2267 2878 ἀγαθὰ,
2319 2810 2611 2878 φυλάττειν
2668 2810 2902 2881 ἀκέραια
2949 2811 3044 2863 καὶ
3119 2809 3551 2880 ἀπαρασάλευτα

1867 2899 2068 2969 μᾶλλον
2103 2897 2213 2950 τῶν
2255 2897 2659 2968 μεμονωμένων
2715 2898 2944 2950 ἐκείνων
2980 2897 3009 2936 ιι
3032 2915 3044 2927 ·
3092 2897 3168 2960 ὡς
3207 2899 3236 2949 ὅ
3270 2914 3334 2964 γε
3379 2896 3553 2948 πολλά

1869 2991 1968 3062 μὲν
2004 2989 2144 3061 ἔχων
2192 2986 2588 3058 ἐλαττώματα,
2642 2989 2938 3058 δυνάμενος
2975 2987 3032 3040 δέ
3081 2987 3220 3040 αύτά
3267 2990 3333 3057 τῇ
3376 2985 3550 3057 μονώ-

1867 3095 1949 3131 σει
1996 3077 2295 3132 καλύπτειν
2337 3077 2432 3129 καὶ
2469 3078 2642 3128 ποιεῖν
2670 3075 2929 3144 άπρακτα
2973 3074 3050 3144 τῷ
3090 3074 3277 3145 μηδενὶ
3318 3090 3552 3142 καταμι-

1864 3167 2057 3235 γνύναι
2108 3166 2332 3218 ἐαυτόνο
2359 3158 2513 3227 οὗτος
2555 3164 2633 3227 εἰς
2661 3163 2824 3234 μέσον
2871 3162 3064 3227 ἐλθὼν,
3113 3162 3266 3215 οὐδὲν
3301 3161 3487 3231 ἓτερον
3514 3160 3550 3230 ἢ

1864 3250 1926 3302 16
1978 3248 2390 3318 καταγέλαστος
2446 3246 2704 3315 γενέσθαι
2753 3247 3024 3316 κερδανεῖ,
3077 3247 3172 3298 καὶ
3217 3243 3551 3298 κινδυνεύσει

1870 3333 2167 3404 μειζόνως·
2209 3333 2237 3386 ὃ
2278 3331 2478 3403 μικροῦ
2512 3332 2624 3384 δεῖν
2662 3331 2941 3402 ἐπάθομεν
2985 3331 3051 3384 ἂν
3086 3333 3270 3402 ἡμεῖς,
3319 3332 3368 3383 εἰ
3409 3329 3485 3400 μὴ
3517 3331 3551 3399 ἡ

1867 3422 1961 3475 τοῦ
1991 3421 2128 3474 Θεοῦ
2156 3421 2455 3492 κηδεμονία
2481 3420 2544 3473 16
2564 3418 2675 3492 πῦρ
2701 3420 2911 3490 ταχέως
2934 3420 3129 3490 ἀνέσχε
3153 3420 3253 3490 τῆς
3279 3418 3553 3490 ἡμετέρας

1868 3510 2131 3580 κεφαλῆς.
2157 3507 2309 3581 [428]
2333 3509 2407 3561 Οὐ
2427 3508 2535 3579 γάρ
2563 3506 2677 3560 ἐστι
2699 3507 2992 3576 λαθεῖνυτὸν
3017 3507 3162 3561 οὓτω
3183 3507 3550 3576 διακείμενον,

1867 3599 1993 3652 ὅταν
2016 3599 2072 3650 ἐν
2089 3597 2165 3666 τῷ
2200 3595 2425 3666 φανεφῷ
2449 3597 2716 3666 καταστῇ,
2749 3595 2886 3648 ἀλλά
2910 3595 3143 3649 πάντοτε
3179 3596 3463 3665 ἐλέγχεται
3499 3595 3552 3658 ί,

1871 3686 1969 3737 καὶ
2017 3683 2272 3755 καθάπερ
2308 3685 2409 3747 τὰς
2447 3681 2779 3753 μεταλλικὰς
2810 3682 2940 3747 ’ύλας
2983 3681 3268 3753 δοκιμάζει
3315 3681 3376 3734 16
3421 3681 3552 3752 πῦρ,

1871 3772 2021 3825 οῦτω
2055 3773 2147 3825 καὶ
2195 3773 2228 3842 ἡ
2271 3772 2364 3824 τοῦ
2410 3770 2614 3841 κλήρου
2671 3769 2904 3840 βάσανος
2949 3769 3049 3833 τὰς
3102 3770 3205 3822 τῶν
3252 3768 3555 3836 ἀνθρώπων

1869 3859 2132 3930 διακρίνει
2162 3858 2374 3928 ψυχάς,
2409 3858 2511 3912 κάν
2553 3858 2770 3929 ὀργίλος
2808 3876 2890 3921 τις
2929 3853 2998 3930 ᾗ,
3044 3857 3148 3910 κᾶν
3186 3856 3553 3928 μικρόψυχος,

1872 3947 1974 4001 κᾶν
2014 3945 2323 4016 φιλόδοξος,
2362 3945 2468 3998 κᾶν
2518 3944 2755 4010 ἀλαζὼν,
2794 3944 2895 3998 κάν
2941 3946 2970 3997 ὃ
3003 3962 3055 3996 τι
3097 3943 3297 4014 δήποτε
3332 3943 3553 4012 ἕτερον.

1873 4036 2091 4089 ἅπαντα
2134 4032 2470 4086 ἐκκαλύπτει
2506 4030 2554 4094 i,
2589 4032 2686 4086 καί
2723 4033 2925 4101 γυμνοῖ
2963 4031 3176 4101 ταχέως
3213 4030 3278 4082 τά
3317 4027 3555 4081 ἐλαττώσ-

1877 4139 2024 4194 ματα
2052 4140 2064 4153 ·
2103 4122 2162 4175 ού
2211 4123 2411 4191 γυμνοῖ
2453 4119 2510 4173 δὲ
2556 4120 2740 4190 μόνον,
2783 4119 2920 4172 ἁλλά
2952 4119 3046 4172 καὶ
3076 4117 3431 4189 χαλεπώτερα
3460 4117 3555 4170 καὶ

1877 4209 2205 4281 ίσχυρότερα
2257 4208 2394 4262 αὐτά
2433 4207 2751 4278 καθίστησι.
2788 4208 2899 4261 Καὶ
2929 4209 3038 4278 γὰρ
3066 4209 3134 4260 τὰ
3162 4207 3256 4260 τοῦ
3302 4207 3555 4270 σώματος

1873 4299 2168 4371 τραύματα
2212 4295 2656 4370 προστριϐόμενα
2691 4295 2920 4349 δυσίατα
2961 4296 3189 4364 γίνεται.
3227 4296 3321 4347 καὶ
3356 4295 3422 4346 τά
3454 4293 3554 4362 τῆς

1873 4388 2052 4458 ψυχῆς
2075 4386 2223 4457 πάθη
2252 4386 2550 4456 κνιζόμενα
2571 4385 2666 4438 καὶ
2687 4384 3097 4454 παροξυνόμενα
3127 4382 3325 4452 μᾶλλον
3343 4380 3556 4451 ἀγριαί-

1876 4474 2060 4527 νεσθαι
2089 4474 2325 4542 πέφυκε,
2363 4473 2458 4524 καί⁷
2481 4473 2608 4535 τοὺς
2638 4471 2859 4542 ἔχοντας
2887 4469 3025 4522 αύτά
3057 4468 3277 4521 πλείονα
3309 4469 3556 4538 ἁμαρτά-

1875 4576 1987 4614 νειν
2021 4559 2286 4630 βιάζεται.
2324 4560 2437 4611 Καὶ
2460 4563 2570 4628 γὰρ
2605 4559 2685 4621 εἰς
2712 4557 2891 4628 ἔρωτα
2923 4556 3084 4626 δόξης
3118 4555 3333 4626 ἐπαίρει
3365 4555 3457 4608 τὸν
3483 4555 3556 4626 μὴ

1879 4649 2238 4720 προσέχοντα,
2268 4647 2364 4700 καί
2403 4649 2482 4710 εἰς
2508 4647 2850 4711 ἀλαζονείαν,
2876 4647 2972 4699 καὶ
2994 4646 3074 4707 είς
3101 4644 3401 4715 χρημάτων
3434 4645 3556 4695 ἐπι-

1875 4735 2076 4806 θυμίαν
2100 4752 2113 4766 ο
2145 4735 2411 4805 ὑποσύρει
2451 4734 2507 4785 δὲ
2543 4735 2634 4786 καὶ
2663 4736 2741 4796 εἰς
2771 4733 2986 4804 τρυφὴν
3026 4733 3120 4784 καὶ
3145 4735 3224 4794 εἰς
3253 4731 3436 4785 ἄνεσιν
3466 4733 3559 4785 καὶ

1877 4823 2179 4894 ῥαθυμίαν,
2215 4824 2311 4876 καὶ
2355 4823 2497 4877 κατὰ
2541 4822 2736 4893 μικρὸν
2775 4824 2854 4885 εἰς
2881 4822 2952 4874 τὰ
2985 4821 3298 4891 περαιτέρω
3330 4819 3558 4886 τούτων,

1875 4911 1972 4964 καὶ
2002 4913 2066 4964 ἐκ
2095 4908 2302 4963 τούτων
2328 4909 2626 4980 τικτόμενα
2664 4910 2830 4963 κακά.
2861 4908 3039 4962 Πολλά
3077 4909 3184 4979 γάρ
3205 4911 3352 4962 ἐστιν
3386 4911 3444 4962 ἐν
3482 4909 3562 4980 τῷ

1882 4999 2034 5070 μέσῳ
2056 4999 2124 5051 τὰ
2148 4999 2425 5063 δυνάμενα
2445 4998 2622 5068 ψυχῆς
2643 4997 2930 5068 ἀκρίϐειαν
2957 4996 3205 5060 ἐκλῦσαι,
3235 4997 3330 5049 καὶ
3353 4997 3445 5048 τὸν
3471 4999 3561 5050 ἐπῗ

1875 5087 2009 5140 Θεὸν
2043 5086 2299 5155 διακόψαι
2331 5085 2359 5124 Ιί
2394 5085 2596 5156 δρόμον
2618 5101 2631 5113 ·
2665 5085 2760 5137 καὶ⁹
2793 5083 3006 5154 πρῶτον
3037 5083 3296 5137 ἀπάντων
3335 5085 3392 5134 αἰ
3424 5082 3557 5152 πρὸς

1873 5173 1972 5237 τὰς
1997 5175 2268 5242 γυναῖκας
2289 5173 2521 5244 ὁμιλίαι.
2553 5171 2686 5224 Οὐδὲ
2717 5174 2824 5241 γὰρ
2853 5171 2969 5224 ἐστι
3000 5171 3090 5224 τὸν
3117 5169 3437 5241 προεστῶτα
3468 5171 3554 5220 καὶ

1941 5283 1963 5308 θ
1987 5279 2086 5329 Alii
2121 5280 2355 5341 οὐδεμιᾶς.
2369 5278 2509 5341 _lnl'ra
2532 5279 2687 5328 Savil.
2709 5285 2762 5326 el
2784 5279 2974 5340 aliquot.
3015 5291 3131 5326 mss.
3177 5277 3286 5324 οὔτε
3312 5276 3423 5332 τοὺς
3446 5277 3552 5325 llam

1872 5341 2100 5403 μάζοντας
2123 5343 2202 5389 καὶ
2225 5338 2522 5403 κροτοῦντας.

1941 5400 1963 5478 ξ
2108 5400 2457 5478 εἰεάμὴχανίας
2479 5401 2780 5463 ἐμπίπτουσι.

1937 5465 1963 5526 β
1990 5464 2083 5526 Alii
2104 5464 2247 5511 τοῦτο
2269 5464 2376 5526 γάρ.

1933 5522 1963 5561 δ
1989 5523 2130 5586 Ullus
2160 5522 2450 5586 μᾶλλοντῶν
2473 5525 2762 5586 φαινομένων
2782 5523 2991 5572 ἐκείνων.

1939 5594 1952 5623 ι
1996 5583 2094 5634 Alii
2117 5583 2238 5632 ἀλλά
2258 5585 2412 5632 πάντα
2433 5583 2541 5632 τότε
2563 5583 2631 5631 ἐλ.

1940 5659 1954 5695 1
1989 5645 2087 5694 Alli
2111 5647 2236 5693 ἅπαν
2263 5645 2365 5692 ἐκκ.

1936 5707 1964 5745 ⁸
1999 5704 2097 5756 Alii
2115 5707 2197 5754 τὸν
2221 5707 2292 5754 ἐπ’
2310 5706 2487 5761 εὐθείας
2507 5705 2751 5768 διακόψαι.
