3890 6220
122 316 224 371 685

122 430 267 492 dare,
297 429 543 483 mulieres
560 442 688 480 vero
720 426 986 494 negligere
1011 440 1024 475 :
1055 438 1154 492 qua
1180 423 1229 476 in
1255 438 1312 476 re
1335 422 1538 490 majore
1561 437 1696 490 Opus

123 531 206 574 est
244 519 568 587 providentia
592 559 606 582 ,
639 516 780 587 quod
820 515 885 568 ad
919 513 1244 584 peccandum
1272 511 1358 565 hic
1383 527 1543 566 sexus
1574 526 1696 577 pro-

123 612 272 664 clivis
297 611 396 669 sit;
429 608 522 662 sed
563 617 774 675 oportet
811 622 934 660 eum
978 607 1063 673 ιιιιί
1083 605 1444 674 episcopatum
1473 603 1696 655 sortitus

122 703 224 764 sit,
271 715 452 754 carum
483 697 732 752 curanda:
760 696 1146 758 incolumitati,
1174 697 1218 749 si
1252 711 1354 747 non
1385 693 1643 762 majorem
1676 731 1693 758 ,

119 799 264 845 certe
281 806 455 860 parem
473 787 884 844 sollicitudinem
909 787 1231 855 impendere.
1251 785 1479 839 Necesse
1504 785 1699 853 quippe

118 891 202 934 est
231 880 343 934 itlas
368 881 595 934 invisere
627 888 944 947 aegrotantes
965 918 979 940 ,
1012 878 1272 930 consolari
1315 876 1584 943 lugentes,
1617 875 1697 926 in-

119 986 334 1040 crepare
388 971 674 1033 socordes,
731 972 917 1037 juvare
988 969 1304 1022 laborantes.
1387 968 1516 1020 Dum
1584 965 1698 1020 haec

121 1080 246 1117 vero
277 1064 425 1130 fiunt,
447 1064 642 1116 multos
666 1063 952 1130 adrepeudi
982 1061 1154 1114 aditus
1175 1061 1406 1114 inveniet
1435 1059 1697 1128 malignus

122 1156 229 1217 ille,
263 1153 362 1206 nisi
391 1153 510 1223 quis
549 1164 799 1206 accurata
852 1167 910 1205 se
955 1151 1196 1205 custodia
1228 1151 1452 1204 muniat.
1486 1150 1694 1203 Etenim

121 1264 222 1300 nun
253 1246 529 1314 impudica
555 1245 748 1311 solum,
773 1244 866 1298 sed
891 1244 1092 1312 pudiea:
1115 1244 1276 1296 etiam
1310 1241 1544 1295 mulieris
1571 1256 1698 1294 ocn-

121 1340 201 1390 Ius
225 1337 456 1390 animum
485 1335 639 1400 ferit,
665 1335 997 1389 adulationes
1024 1335 1337 1396 emolliunt,
1370 1333 1604 1387 honores
1641 1333 1692 1386 in

120 1430 423 1483 servitutem
473 1428 763 1496 redigunt:
809 1428 1109 1495 caritasque
1145 1426 1386 1489 fervens,
1432 1424 1694 1479 bonorum

120 1518 557 1582 causa-omnium,
589 1533 690 1571 noa
714 1528 858 1572 recte
886 1518 974 1570 illa
995 1517 1264 1572 utentibus
1286 1517 1542 1570 malorum
1565 1531 1693 1568 .om-

121 1611 261 1662 nium
292 1623 448 1662 causa
494 1609 742 1662 eflicitur.
793 1608 1091 1678 Aliquando
1117 1609 1275 1662 etiam
1312 1607 1692 1661 sollicitudines

120 1700 420 1768 frequentes
467 1701 662 1752 mentis
709 1713 933 1754 acumen
983 1699 1280 1764 hebetant,
1315 1698 1692 1767 volucremque

120 1791 331 1859 plumbo
355 1791 656 1860 graviorem
673 1791 920 1846 reddunt.
938 1791 1175 1860 Denique
1202 1792 1297 1852 ira,
1321 1807 1438 1859 quze
1454 1791 1688 1843 animum

119 1882 370 1934 invaserit
398 1923 414 1946 ,
470 1881 597 1934 fumi
631 1881 797 1935 instar
826 1882 1075 1936 interiora
1108 1882 1314 1936 obtinet
1337 1882 1533 1935 oniiiia.
1564 1882 1692 1948 Quis

119 1970 325 2024 tandem
380 1971 578 2041 reliqua
630 1981 903 2026 recenseat
945 1973 1134 2025 damna
1181 1973 1199 2004 ⁸
1233 2013 1248 2035 ,
1301 1971 1646 2026 contumeliis
1675 2013 1691 2034 ,

119 2066 411 2121 molestias.
444 2067 824 2135 qnerinmnias,
857 2075 966 2119 ttltn
996 2065 1294 2133 digniorum
1317 2107 1331 2130 ,
1361 2075 1469 2117 ttun
1503 2066 1690 2134 vulga-

116 2155 272 2218 rium,
304 2166 410 2208 tum
436 2157 806 2224 prudentium,
841 2166 948 2209 tum
980 2156 1438 2223 imprudentium?

181 2247 235 2300 9.
267 2245 387 2300 Non
425 2263 530 2299 esse
555 2247 960 2301 condemnanda:
991 2248 1123 2316 vulgi
1181 2248 1487 2315 suspiciones
1538 2248 1687 2300 etiam

112 2339 289 2407 falsus.
321 2364 390 2377 -ι
418 2339 526 2392 lloc
555 2341 694 2392 enim
727 2339 955 2392 maxime
983 2354 1152 2407 genus
1179 2354 1363 2392 earum
1390 2381 1402 2403 ,
1427 2339 1515 2407 qni
1543 2352 1690 2392 recto

111 2431 270 2482 animi
293 2431 493 2498 judicio
521 2442 724 2492 carent,
754 2431 986 2500 querelis
1016 2431 1250 2483 deditum
1278 2439 1379 2492 est,
1413 2445 1512 2483 nec
1535 2429 1689 2484 facile

111 2527 504 2579 excusationem
547 2525 797 2578 admittit.
842 2525 1070 2579 Probum
1110 2540 1236 2578 vero
1285 2525 1574 2578 antistitem
1623 2540 1690 2577 ne

113 2618 208 2668 hos
232 2617 443 2685 quidem
474 2626 816 2670 contemnere
843 2634 936 2685 par
961 2626 1041 2670 est
1065 2659 1078 2682 ,
1122 2617 1215 2671 sed
1239 2616 1375 2685 apud
1404 2632 1590 2670 omnes
1621 2616 1689 2669 de

110 2709 300 2761 oblatis
329 2709 786 2763 criminationiluts
834 2723 952 2762 sese
1000 2725 1268 2778 purgare,
1322 2710 1479 2778 idque
1521 2710 1687 2763 multa

108 2815 229 2852 eum
255 2800 504 2854 comitate
531 2811 583 2854 et
609 2799 1050 2867 mansuetudine,
1079 2801 1286 2870 iniquas
1308 2802 1484 2869 potius
1509 2801 1686 2854 erimi-

109 2891 349 2944 nationes
374 2890 764 2945 eondonantem
787 2931 801 2953 ,
835 2907 992 2960 quam
1018 2891 1230 2958 indigne
1258 2901 1311 2945 et
1349 2908 1486 2958 a-gre
1511 2891 1687 2944 feren-

108 2994 233 3032 tem.
265 2979 318 3034 Si
349 2981 490 3034 enim
523 2981 707 3034 beatus
730 2980 922 3034 Paulus
950 2996 1014 3033 ne
1041 2980 1092 3033 in
1135 2979 1256 3034 furti
1285 2980 1422 3049 apud
1454 2981 1684 3048 discipu-

109 3071 185 3121 los
223 3068 576 3137 suspicionem
626 3071 832 3123 veniret
865 3070 1068 3136 timuit,
1122 3070 1345 3140 ideoque
1373 3081 1426 3122 et
1469 3071 1602 3123 alios
1634 3070 1684 3123 in

110 3160 448 3226 pecuniarum
471 3160 983 3214 administrationem
1011 3176 1190 3215 secum
1233 3162 1553 3229 assumpdt:
1609 3159 1688 3214 Ne

108 3251 236 3317 quis,
272 3251 460 3319 inquit,
487 3267 577 3303 nos
604 3252 846 3320 vituperet
874 3251 926 3303 in
955 3252 1050 3303 hac
1075 3252 1384 3321 plenitudine
1413 3293 1426 3315 ,
1456 3267 1567 3318 qua:
1594 3252 1688 3303 mi-

107 3345 351 3394 nistratur
377 3359 408 3394 a
435 3341 574 3395 nobis
597 3341 673 3409 (2.
703 3340 820 3396 Cor.
842 3341 894 3396 8.
921 3341 1012 3405 ΞΟ)
1035 3359 1050 3406 ;
1090 3343 1356 3412 quomodo
1377 3359 1480 3396 non
1509 3343 1685 3396 omnia

106 3450 131 3480 a
163 3432 316 3485 nobis
345 3431 546 3501 agenda
571 3443 694 3486 sunt
718 3474 730 3495 ,
761 3443 819 3486 ut
847 3448 1036 3502 pravas
1061 3435 1390 3503 suspiciones
1414 3435 1481 3487 de
1510 3436 1684 3488 Inetiio

105 3527 370 3586 tollamus,
399 3526 497 3580 etsi
531 3525 675 3580 falsae
699 3527 825 3590 illae,
857 3536 907 3581 et
929 3527 973 3580 si
1001 3527 1242 3580 ahstzrdw.
1262 3527 1475 3593 fuerint,
1496 3529 1684 3582 etiam-

104 3617 144 3666 si
169 3618 236 3666 ab
265 3616 655 3670 existimatione
686 3627 862 3672 nostra
893 3619 1048 3688 longe
1076 3619 1183 3673 sint
1210 3621 1438 3674 alicntu?
1467 3623 1504 3674 Α
1537 3622 1684 3674 nullo

101 3707 297 3776 quippe
325 3724 420 3761 nos
449 3719 665 3777 peccato
686 3719 890 3764 tantum
917 3712 1169 3764 ah~umus
1187 3751 1201 3776 ,
1222 3723 1473 3781 quantum
1495 3715 1686 3768 Paulus

99 3816 126 3847 a
178 3797 354 3852 furto:
393 3809 624 3853 attamen
673 3815 792 3854 eum
832 3817 860 3854 a
907 3817 1068 3870 pravo
1114 3802 1413 3872 hujusmodi
1447 3806 1684 3860 facinore

99 3888 235 3941 adeo
263 3901 498 3944 remotus
527 3901 702 3956 esset,
749 3907 816 3944 ne
855 3891 931 3947 sic
958 3893 1168 3962 quidem
1198 3896 1480 3948 multorum
1504 3897 1682 3965 suspi-

97 3981 308 4031 cionem
361 3981 636 4049 neglexit,
689 3985 895 4036 etiamsi
949 3984 1232 4038 admodum
1261 3988 1493 4055 iniquam
1520 3998 1680 4058 atque

103 4071 368 4123 insanam.
400 4072 602 4125 Insania
632 4074 770 4127 enim
797 4074 981 4128 fuisset
1011 4078 1112 4130 tale
1137 4078 1406 4145 quidpiam
1427 4081 1680 4148 suspicari

97 4159 161 4211 de
191 4160 347 4214 beato
379 4161 469 4214 illo
495 4172 548 4216 et
577 4163 886 4218 admirando
912 4167 1085 4233 capite
1115 4169 1135 4198 ³
1167 4184 1180 4220 :
1219 4169 1564 4223 nihilominus
1594 4181 1676 4224 ta-

98 4265 220 4301 men
255 4250 343 4304 ille
390 4253 708 4322 suspicionis
745 4263 850 4307 tam
889 4255 1133 4310 absurda:
1164 4299 1178 4322 ,
1223 4275 1342 4328 qum
1386 4261 1594 4314 nonnisi
1625 4263 1675 4315 in

100 4342 289 4396 furiosi
314 4343 608 4413 cujuspiam
639 4354 872 4401 mentem
897 4349 1078 4402 venire
1109 4359 1342 4418 poterat,
1371 4354 1680 4409 occasiones

95 4434 186 4484 diu
212 4443 338 4488 ante
355 4437 506 4489 tollit:
531 4453 698 4505 neque
725 4455 851 4493 vero
879 4441 1017 4508 vulgi
1046 4446 1370 4512 contempsit
1395 4446 1674 4509 insaniam,

95 4528 473 4606 nequeulixit:
503 4528 595 4584 Cui
627 4548 871 4600 umquam
903 4533 954 4587 in
989 4545 1219 4589 mentem
1246 4537 1423 4590 veniat
1465 4539 1583 4591 talia
1614 4539 1680 4594 de

96 4621 252 4672 uoltis
285 4621 572 4688 suspicari,
602 4624 813 4691 quando
839 4625 1072 4680 universi
1100 4640 1199 4680 nos
1223 4639 1332 4680 tum
1353 4629 1560 4697 asignis
1581 4629 1682 4682 mi-

94 4711 397 4780 rarulisque
431 4753 445 4774 ,
481 4723 589 4765 tum
617 4727 645 4765 a
675 4715 935 4782 probitate
982 4715 1103 4770 vitae
1148 4716 1338 4772 honori
1368 4727 1424 4773 et
1449 4719 1682 4773 admira-

96 4804 233 4855 tioni
267 4802 508 4857 habent?
532 4806 624 4859 sed
651 4818 835 4861 contra
862 4807 952 4862 ille
1005 4818 1061 4864 et
1108 4811 1408 4879 suspicatus
1435 4823 1516 4866 est
1559 4813 1580 4844 ³
1627 4822 1679 4867 et

93 4894 431 4956 exs'iectavit
463 4893 599 4949 hanc
627 4897 740 4950 fore
769 4898 962 4952 malam
989 4900 1368 4969 suspicionem,
1409 4912 1463 4956 et
1491 4903 1681 4958 radici-

94 4990 178 5032 lus
209 4981 357 5035 illam
385 4984 612 5048 avulsit;
645 4990 752 5039 imo
783 4989 955 5056 potius
983 4989 1127 5042 illam
1159 5007 1226 5045 ne
1246 4993 1440 5047 exoriri
1463 4995 1677 5064 quidem

93 5089 286 5136 passus
314 5083 413 5128 est.
437 5075 656 5141 Quare?
687 5078 1018 5135 Providemus
1043 5123 1058 5146 ,
1103 5082 1273 5152 inquit
1305 5125 1319 5147 ,
1351 5083 1482 5138 bona
1514 5128 1528 5151 ,
1578 5104 1677 5140 non

91 5175 294 5217 tantum
332 5183 502 5220 coram
549 5168 766 5224 Domino
799 5213 814 5238 ,
846 5172 935 5226 sed
971 5174 1120 5226 etiam
1178 5191 1346 5228 coram
1395 5177 1678 5232 [tantinibus

93 5253 271 5321 (Nam.
311 5257 396 5310 12.
433 5259 520 5328 17)
574 5260 798 5315 Tantum
827 5263 1061 5328 scilicet,
1109 5266 1216 5319 imo
1259 5267 1428 5337 majus
1466 5279 1679 5338 oportet

138 5454 170 5519 _’
210 5454 552 5526 "lf0__\'"Tlti§..
577 5457 688 5526 (tuis
729 5459 923 5507 tandem
967 5459 1155 5521 reliqua
1188 5471 1436 5526 recenseat
1477 5467 1675 5526 dunmo,

87 5511 277 5621 imitri:
312 5521 440 5575 διες..
465 5511 792 5579 οιιὶειιαηυια,
825 5534 935 5583 qua:
970 5535 1035 5572 ex
1073 5511 1378 5586 il’gi'ﬂlldiﬂév

125 5586 198 5620 ειη(
247 5613 257 5621 .

152 5637 172 5706 ξ
208 5635 443 5706 ~i'esavil.
470 5639 644 5706 etalii;
680 5641 864 5704 alorcl.,
888 5642 1178 5698 admiranda
1197 5647 1372 5698 citima.

153 5698 173 5728 ⁸
211 5696 300 5746 alii
338 5699 585 5756 prteridit.

1285 308 1369 362 DE
1406 301 1855 365 SACERDUTIO.
1899 305 2028 362 LIB.
2069 305 2156 364 Ἣ.

3284 315 3390 371 656

1810 420 2042 474 studium
2073 421 2326 476 adhibere
2351 463 2365 488 ,
2391 431 2448 476 ut
2473 440 2576 476 non
2607 424 2762 477 tnodo
2793 425 2984 478 maiam
3008 425 3278 480 subortam
3310 429 3388 479 fa-

1809 528 1949 566 mam
1990 527 2265 566 arceamus
2291 553 2305 578 ,
2351 513 2444 567 sed
2472 513 2630 566 etiam
2663 524 2719 567 ut
2745 515 2926 583 procul
2958 515 3341 584 prOSpieiamus
3371 557 3386 579 ,

1809 605 1948 658 unde
1974 621 2034 658 ea
2065 605 2190 658 oriri
2213 606 2380 673 possit
2407 623 2420 657 :
2448 615 2503 660 et
2518 607 2825 662 occasiones
2847 608 3217 675 prmscindere,
3246 607 3389 662 unde

1807 712 1868 750 ea
1900 698 2133 751 nascitur
2152 737 2167 760 ,
2211 713 2382 766 neque
2419 711 2732 767 exSpeetare
2760 701 2884 752 dum
2908 700 3306 768 percrebrescat
3332 709 3387 754 et

1809 788 1859 840 in
1885 788 2024 856 vulgi
2055 804 2148 841 ore
2173 797 2432 842 versetur.
2478 788 2625 842 Tunc
2659 793 2800 844 enim
2831 805 2936 844 non
2978 790 3130 844 facile
3157 802 3239 844 est
3264 805 3384 846 eam

1805 879 2016 941 delere,
2068 880 2175 931 imo
2221 879 2508 934 admodum
2535 881 2752 936 difficile
2773 921 2789 947 ,
2820 880 3061 950 forteque
3091 881 3234 935 nulla
3266 891 3382 935 arte

1809 969 1918 1022 ﬁeri
1950 971 2116 1036 possit
2135 987 2148 1032 ;
2180 985 2350 1039 neque
2366 971 2598 1038 periculo
2615 981 2783 1034 vacat,
2803 988 2866 1026 ne
2885 972 3169 1026 multorum
3188 971 3384 1026 damno

1807 1069 1930 1114 tunc
1958 1063 2060 1114 fiat.
2094 1061 2194 1114 Sed
2227 1077 2502 1131 quousque
2535 1062 2748 1116 tandem
2774 1063 3096 1118 immorabor
3124 1064 3174 1116 in
3204 1079 3386 1132 perse-

1804 1152 2028 1220 quendis
2047 1152 2128 1218 iis,
2153 1168 2270 1221 quae
2291 1154 2500 1222 assequi
2521 1154 2737 1209 minime
2759 1155 3001 1223 possim?
3025 1171 3148 1210 nam
3170 1171 3379 1215 (mines.

1803 1258 1920 1310 qua:
1960 1243 2067 1295 illic
2108 1253 2432 1307 occurrunt,
2482 1245 2824 1299 difficultates
2872 1261 3154 1300 recensere
3185 1287 3200 1311 ,
3250 1246 3379 1299 nihil

1801 1333 1940 1387 aliud
1999 1334 2154 1388 fuerit
2185 1376 2199 1400 ,
2249 1351 2406 1402 quam
2459 1336 2677 1405 pelagus
2728 1337 2900 1406 ipsum
2949 1338 3200 1392 dimetiri.
3248 1337 3380 1392 Nam

1802 1425 2009 1476 etiamsi
2051 1424 2168 1493 quis
2197 1424 2262 1477 ab
2303 1426 2445 1478 onmi
2472 1426 2634 1488 animi
2663 1427 2975 1496 a‘gritndine
3018 1442 3178 1496 purus
3203 1436 3378 1491 esset,

1801 1516 1940 1585 quod
1972 1518 2188 1571 minime
2221 1518 2330 1572 fieri
2357 1528 2549 1587 potest,
2569 1528 2627 1572 ut
2655 1520 2879 1574 aliorum
2906 1521 3096 1575 delicta
3126 1522 3376 1589 corrigat,

1803 1609 2077 1662 innumera
2103 1610 2208 1678 pati
2236 1612 2443 1677 cogitur
2470 1611 2626 1664 mala.
2650 1612 2852 1678 Quibus
2876 1612 2918 1665 si
2945 1612 3107 1666 addas
3135 1613 3380 1682 preprias

1800 1699 2139 1767 :rgritudines
2169 1739 2183 1763 ,
2242 1701 2360 1752 vide
2409 1701 2536 1754 mihi
2585 1701 2824 1754 laborum
2862 1701 3380 1770 sollieitudinnmque

1798 1791 2044 1859 abyssum
2074 1790 2338 1857 ingentem
2373 1831 2388 1854 ,
2434 1803 2488 1844 et
2521 1802 2716 1860 quanta
2743 1791 2956 1846 ferenda
2987 1793 3094 1846 sint
3133 1793 3182 1845 in
3216 1807 3376 1860 supc-

1799 1883 1980 1934 randis
2010 1884 2234 1952 propriis
2257 1883 2551 1953 alienisque
2582 1885 2740 1937 vitiis.

1828 2009 1831 2012 -
1875 1975 1956 2028 IO.
1991 1974 2106 2027 Non
2133 1975 2302 2044 magni
2331 1991 2438 2029 esse
2465 1977 2646 2045 negotii
2667 1977 2886 2043 scipsum
2910 1992 3123 2029 servare.
3146 2005 3216 2016 -—
3243 1976 3374 2030 Tum

1798 2065 2122 2120 BtSlLlUS.
2156 2065 2308 2120 Nunc
2331 2081 2481 2130 vero,
2507 2067 2693 2136 inquit,
2726 2067 2926 2120 nullum
2951 2067 3044 2120 tibi
3077 2067 3264 2120 horum
3292 2067 3375 2119 la-

1797 2157 1982 2209 borum
2011 2166 2316 2221 certamen;
2347 2165 2402 2211 et
2435 2159 2580 2212 euris
2601 2173 2790 2223 vacas,
2836 2158 2962 2212 dum
3006 2167 3175 2213 tecum
3214 2157 3368 2212 vivis.

1795 2247 2165 2302 (lllltYSOS'l‘.
2191 2246 2396 2302 Adsunt
2421 2257 2489 2303 et.
2506 2264 2647 2303 nunc
2671 2264 2830 2309 curm,
2858 2250 3090 2318 inquam.
3115 2249 3212 2316 Qui
3231 2249 3374 2304 enim

1797 2339 1906 2392 fieri
1940 2348 2110 2405 potest
2141 2337 2409 2394 hominem
2439 2337 2579 2393 hanc
2609 2354 2964 2392 aerumnosam
2992 2339 3153 2392 vitam
3175 2339 3376 2396 ducen-

1801 2437 1904 2480 tem
1927 2430 2070 2481 cnris
2091 2429 2455 2498 angustiisque
2471 2429 2698 2484 vacare?
2721 2428 2914 2482 Verum
2940 2444 3043 2483 non
3065 2430 3200 2483 idem
3225 2429 3375 2483 labor

1794 2529 1895 2582 est,
1943 2520 2258 2572 immensum
2307 2521 2358 2574 in
2403 2520 2618 2590 pelagus
2656 2520 2910 2585 incidere,
2942 2529 2995 2574 et
3026 2519 3221 2573 flumen
3267 2528 3374 2573 tra~

1788 2609 1954 2676 jicere
1980 2628 1991 2663 :
2023 2626 2118 2679 par
2144 2610 2338 2679 quippe
2366 2621 2448 2664 est
2487 2612 2624 2664 inter
2650 2612 2744 2664 has
2787 2619 2842 2665 et
2884 2611 3000 2665 illas
3028 2625 3183 2665 curas
3212 2611 3374 2665 inter-

1794 2701 2012 2754 vallum.
2060 2701 2317 2770 Equidem
2363 2702 2406 2754 si
2458 2717 2671 2771 possem
2717 2702 2940 2756 aliorum
2987 2704 3187 2756 servire
3227 2718 3374 2756 com-

1793 2791 1990 2854 modis,
2025 2792 2075 2845 id
2105 2793 2292 2844 vellcm
2318 2808 2378 2845 ac
2408 2793 2586 2846 multis
2605 2795 2742 2845 votis
2763 2803 3069 2862 cxoptarem
3097 2811 3109 2847 :
3138 2795 3217 2846 sin
3241 2793 3374 2846 alios

1787 2881 1975 2950 juvare
2015 2897 2120 2936 non
2152 2886 2370 2951 possim,
2399 2895 2451 2936 at
2482 2883 2612 2937 mihi
2648 2894 2794 2938 certe
2821 2885 2949 2938 satis
2979 2900 3096 2939 esse
3137 2885 3334 2954 putabo
3355 2927 3371 2949 ,

1791 2973 1834 3026 si
1862 2988 1945 3025 me
1974 2988 2189 3027 servare
2219 2985 2270 3026 et
2296 2989 2360 3026 ex
2391 2973 2636 3029 ﬂuctibus
2656 2990 2844 3028 eruere
2871 2975 3088 3043 possim.
3119 2975 3370 3040 l’utasne,

1792 3063 1961 3132 inquit
1991 3063 2315 3128 BASILIL’S,
2347 3074 2395 3120 te
2416 3065 2638 3119 salutem
2658 3068 2908 3136 consequi
2936 3081 3109 3135 posse,
3129 3069 3215 3136 qui
3243 3068 3370 3120 alio-

1792 3171 1907 3208 rum
1951 3156 2215 3210 neminem
2259 3157 2361 3210 ulla
2406 3158 2456 3210 in
2505 3174 2563 3212 re
2596 3157 3236 3227 jnveris?CllRYSOST.
3267 3161 3372 3229 Op-

1791 3247 1938 3311 time,
1960 3249 2192 3316 inquam,
2221 3246 2433 3301 dixisti:
2459 3263 2630 3317 neque
2657 3251 2801 3304 enim
2829 3249 2880 3304 id
2900 3249 3119 3306 credere
3143 3252 3370 3314 valeam,

1790 3353 1947 3407 posse
1983 3341 2284 3408 quempiam
2333 3341 2559 3394 salutem
2590 3341 2867 3410 consequi,
2909 3343 2999 3411 qui
3040 3341 3105 3395 ad
3145 3344 3369 3411 proximi

1788 3434 1868 3486 sui
1893 3434 2115 3487 salutem
2146 3434 2276 3488 nihil
2306 3449 2556 3502 muquam
2586 3435 2776 3503 egerit.
2803 3434 2918 3488 Non
2946 3436 3089 3489 enim
3115 3436 3370 3490 miserum

1789 3524 1938 3577 illum
1973 3525 2144 3591 jnvit,
2190 3523 2330 3592 quod
2379 3524 2632 3578 talentum
2684 3540 2790 3578 non
2843 3526 3120 3580 minuisset
3153 3525 3368 3595 (Matth.

1787 3614 1877 3669 25.
1909 3615 2030 3684 24);
2058 3615 2168 3669 imo
2195 3627 2249 3669 et
2277 3614 2506 3684 perdidit
2528 3615 2686 3681 illud,
2718 3615 2859 3684 quod
2894 3631 2996 3670 non
3026 3619 3281 3678 auxisset,
3309 3631 3371 3668 ac

1787 3709 2004 3777 duplum
2047 3718 2390 3776 reportasset.
2439 3706 2818 3761 Verumtamen
2865 3707 2990 3760 mihi
3041 3707 3208 3761 levius
3258 3707 3371 3760 fore

1786 3800 2103 3869 supplicium
2157 3799 2403 3853 existimo
2423 3841 2437 3864 ,
2465 3816 2582 3852 eum
2611 3800 2902 3854 accusabor
2929 3799 3069 3869 quod
3101 3814 3204 3853 non
3235 3799 3370 3852 alio—

1787 3908 1904 3945 rum
1931 3891 2155 3944 salutem
2178 3893 2525 3958 procurarim,
2546 3905 2712 3958 quam
2733 3890 2777 3943 si
2808 3899 2862 3944 et
2884 3890 3014 3942 alios
3031 3899 3080 3942 et
3104 3891 3369 3957 meipsutu

1787 3982 2158 4050 perdidissem,
2183 3982 2347 4033 nmlto
2386 3980 2620 4034 deterior
2650 3981 2871 4035 efTectus
2901 3991 3019 4050 post
3046 3989 3248 4033 tantmn
3279 3995 3370 4032 su-

1784 4081 2024 4139 sceptum
2051 4071 2328 4124 houovem.
2345 4070 2493 4124 Nunc
2514 4072 2654 4124 enim
2685 4081 2885 4124 tantum
2910 4069 3037 4123 mihi
3063 4069 3225 4124 credo
3253 4069 3369 4122 fore

1784 4164 2120 4232 supplicium,
2141 4174 2394 4232 quantum
2419 4172 2754 4232 peccatorum
2771 4161 3084 4232 magnitudo
3103 4163 3364 4230 postulat;

1785 4264 2065 4323 postquam
2091 4263 2266 4308 autem
2295 4254 2666 4323 prtefecturam
2689 4253 2826 4308 hanc
2851 4254 3229 4321 suscepissem,
3259 4268 3366 4306 non

1783 4346 2001 4413 duplum
2035 4345 2195 4400 modo
2243 4345 2549 4414 triplumve,
2592 4343 2685 4399 sed
2718 4344 3024 4414 multiplex,
3056 4344 3198 4413 quod
3242 4345 3364 4413 plu-

1787 4437 1931 4490 ribus
1959 4436 2280 4490 oﬂ'endiculo
2306 4436 2557 4498 fuissem,
2585 4435 2835 4504 quodque
2856 4434 3116 4503 majorem
3140 4435 3365 4504 adeptus

1783 4527 2091 4596 dignitatem
2124 4529 2287 4581 Deum
2313 4543 2401 4581 me
2428 4527 2775 4580 honorantem
2805 4526 3166 4581 offendissem.

1856 4621 1941 4672 11.
1963 4617 2251 4672 Graviorem
2276 4633 2471 4687 poenam
2495 4634 2694 4671 manere
2717 4626 2920 4687 peccata
2945 4618 3279 4670 sacerdotum.
3295 4646 3366 4659 —-

1783 4711 2118 4779 Quapropter
2145 4710 2412 4765 Israclitas
2439 4711 2804 4764 vehementius
2845 4724 3125 4777 accusans,
3151 4725 3216 4764 eo
3243 4709 3365 4764 illos

1785 4801 1985 4868 majore
2008 4799 2196 4868 dignos
2219 4799 2480 4868 supplicio
2500 4799 2744 4864 exhibet,
2775 4799 2917 4869 quod
2941 4809 3060 4869 post
3080 4800 3274 4853 multos
3297 4799 3366 4854 ab

1783 4906 1840 4942 se
1869 4899 2144 4959 susceptos
2174 4890 2405 4946 honores
2432 4900 2765 4960 peccassent,
2795 4891 2956 4944 modo
2990 4890 3175 4944 dicens
3206 4908 3220 4944 :
3262 4889 3359 4944 Ve-

1783 4989 2060 5034 rumtamen
2094 4996 2179 5034 vos
2207 4981 2320 5034 novi
2353 4997 2416 5034 ea:
2453 4981 2680 5034 omnibus
2718 4981 2944 5034 tribubus
2982 4989 3128 5035 teme
3152 4996 3171 5034 :
3211 4997 3364 5050 prap-

1793 5084 1924 5126 terea
1946 5071 2205 5125 vindicabo
2223 5089 2376 5142 super
2390 5089 2473 5127 vos
2487 5073 2767 5142 impietatcs
2785 5079 2800 5104 ⁸
2817 5083 3006 5126 vestras
3020 5073 3195 5144 (Amos
3213 5072 3264 5125 5.
3280 5071 3357 5139 2);

1785 5163 1942 5217 modo
1967 5174 2143 5219 autem
2171 5183 2185 5219 :
2211 5165 2392 5234 Accepi
2415 5181 2476 5218 ea:
2503 5167 2624 5234 ﬁliis
2644 5168 2816 5220 vestris
2841 5166 2891 5218 in
2913 5166 3183 5236 prophetas
3197 5203 3214 5229 ,
3233 5173 3279 5216 et
3301 5179 3362 5217 ea:

1775 5251 2037 5323 juvenibus
2079 5256 2255 5309 reatris
2295 5259 2346 5309 in
2384 5258 2828 5324 sanctiﬁcationem
2866 5256 2978 5326 (Id.
3021 5257 3076 5310 2.
3126 5255 3235 5322 Η).
3293 5254 3356 5308 ΕΙ

1783 5355 1906 5400 ante
1946 5346 2320 5416 prophetarum
2367 5357 2604 5416 tempora
2649 5363 2771 5403 cum
2807 5347 2876 5403 de
2914 5348 3188 5402 sacriﬁciis
3231 5361 3356 5415 age-

1782 5449 1930 5493 retur
1968 5439 2251 5494 ostendere
2293 5441 2511 5505 volens,
2564 5451 2779 5510 peccata
2821 5442 2975 5510 longe
3011 5439 3195 5508 majori
3234 5454 3356 5506 snp-

1781 5529 1940 5600 plicio
1986 5529 2228 5599 expiari,
2271 5546 2390 5585 cum
2432 5547 2462 5586 a
2507 5531 2906 5598 sacerdotibus,
2954 5545 3111 5602 quam
3158 5545 3278 5584 cum
3325 5545 3357 5588 ιι

1844 5712 1858 5742 ι
1897 5706 2000 5770 alii,
2025 5708 2294 5770 ἐιυῑυδιὶεἱαδ.
