3890 6220
487 303 589 358 637

483 411 706 485 privatis
728 416 1102 484 perpetrantur
1122 446 1138 471 ,
1170 402 1409 474 prmcipit
1439 409 1641 454 tantum
1687 413 1782 467 pro
1813 394 2064 451 sacerdo-

487 507 629 559 tibus
658 499 838 557 oll‘erri
872 498 1189 554 sacriﬁcium
1213 536 1227 556 ,
1267 501 1522 561 quantum
1555 505 1648 559 pro
1689 488 1937 542 universo
1969 499 2064 553 po-

485 597 609 666 pulo
635 593 817 667 (Leuit.
863 593 916 646 4.
943 591 995 644 3.
1038 587 1148 657 Η).
1192 584 1343 654 Quod
1387 581 1521 637 nihil
1565 579 1832 648 signiﬁcat
1879 575 2061 642 aliud,

486 701 644 757 quam
691 681 986 738 sacerdotis
1027 679 1240 732 vulnera
1291 673 1491 742 majore
1539 669 1739 724 auxilio
1790 667 2062 738 indigere,

483 789 642 849 atque
673 787 849 836 tanto,
876 781 1074 843 quanto
1111 769 1396 838 coniuncta
1425 764 1584 821 simul
1612 761 1846 817 universi
1883 759 2064 829 pepuli

485 848 706 926 vulnera
752 866 987 935 indigent
1041 881 1054 916 :
1104 874 1264 931 porro
1309 856 1498 924 majori
1549 866 1882 923 nequaquam
1931 848 2068 902 indi-

484 969 690 1032 gerent,
715 958 816 1012 nisi
837 954 1077 1027 graviora
1104 958 1283 1007 essent
1311 968 1322 1002 :
1347 947 1590 1018 graviora
1613 953 1790 999 autem
1815 949 1938 996 sunt
1962 956 2066 992 non

487 1066 676 1108 natura
701 1065 821 1115 sua,
848 1047 942 1102 sed
969 1045 1222 1114 dignitate
1242 1039 1534 1097 sacerdotis
1552 1037 1637 1090 illa
1665 1033 1942 1088 admittere
1969 1047 2065 1084 au~

482 1143 662 1197 dentis
689 1138 800 1210 (Id.
839 1137 929 1191 21.
975 1135 1052 1203 9).
1081 1133 1149 1188 Et
1176 1129 1299 1202 quid
1333 1129 1522 1198 loquor
1569 1125 1638 1180 de
1687 1125 1813 1178 viris
1839 1123 1940 1177 hoc
1967 1123 2068 1174 mi-

485 1232 765 1288 nisterium
797 1222 1278 1297 pertractantibus?
1304 1219 1438 1287 Nam
1469 1228 1524 1272 et
1549 1215 1883 1273 sacerdotum
1912 1213 2058 1277 ﬁliae,

486 1323 678 1394 quibus
718 1318 850 1374 nihil
873 1333 995 1372 cum
1025 1311 1325 1369 sacerdotio
1357 1322 1662 1373 commune,
1713 1313 1929 1376 propter
1980 1319 2073 1373 pa-

490 1426 696 1470 ternam
725 1421 902 1466 tamen
939 1408 1246 1479 dignitatem
1271 1411 1610 1476 peccatorum
1641 1413 1857 1453 suorum
1902 1398 2071 1450 multo

487 1503 816 1559 acerbiorem
842 1513 1052 1570 pinnam
1082 1495 1310 1550 subeunt
1343 1492 1517 1566 (Deut.
1539 1488 1652 1560 22).
1683 1491 1761 1542 Ac
1787 1496 2068 1557 peccatum

487 1596 699 1665 quidem
722 1607 907 1649 earum
935 1603 1167 1660 peccatis
1186 1587 1412 1642 aliarum
1433 1599 1497 1640 ex
1522 1581 1739 1652 privatis
1761 1579 2072 1650 parentibus

489 1695 868 1757 prognatarum
921 1699 1016 1754 par
1068 1689 1122 1736 et
1168 1679 1374 1748 aequale
1426 1686 1509 1731 est
1553 1693 1566 1729 :
1619 1690 1740 1728 nam
1790 1672 2072 1727 foruicatio

487 1779 753 1848 utrimque
779 1785 862 1831 est
887 1793 900 1829 :
932 1774 1027 1829 sed
1051 1771 1368 1842 supplicium
1397 1769 1552 1838 longe
1580 1767 1813 1836 gravius.

558 1869 646 1924 12.
686 1867 948 1937 Exemplis
987 1863 1228 1933 probatur
1265 1860 1542 1915 timendum
1580 1867 1625 1911 et
1670 1855 1942 1910 dolendum
1971 1871 2076 1908 esse

487 1958 754 2014 sacerdoti.
789 1985 867 1998 —
916 1953 1102 2009 Viden‘
1146 1966 1306 2021 quam
1355 1948 1565 2004 almnde
1610 1946 1849 2002 declaret
1893 1945 2072 2009 Deus,

490 2053 645 2120 longe
691 2050 950 2117 majorem
987 2059 1048 2100 se
1087 2058 1299 2114 pernam
1326 2057 1358 2096 a
1388 2041 1626 2110 principe
1646 2080 1661 2104 ,
1695 2053 1856 2108 quam
1882 2053 1910 2090 a
1943 2036 2075 2090 sub-

487 2142 613 2196 ditis
641 2139 966 2209 exposcere?
993 2137 1173 2206 Neque
1201 2135 1342 2188 enim
1371 2133 1462 2202 qui
1505 2133 1556 2185 in
1587 2130 1884 2186 sacerdotis
1911 2128 2070 2182 ﬁliam

493 2233 659 2302 patris
698 2245 859 2285 causa
899 2228 1145 2299 gravius,
1187 2240 1348 2296 quam
1395 2223 1450 2278 in
1493 2223 1627 2278 alias
1675 2221 2072 2284 animadvertit,

491 2338 649 2387 eum,
681 2321 772 2391 qui
815 2321 891 2375 illi
936 2317 1355 2372 additamentum
1409 2329 1582 2384 pmnae
1629 2322 1910 2381 procurat,
1965 2309 2075 2379 pari

491 2430 611 2470 eum
652 2414 773 2467 aliis
802 2425 956 2481 pinna
1004 2409 1222 2480 plectet,
1251 2407 1348 2461 sed
1389 2406 1558 2460 multo
1595 2405 1842 2473 graviore
1875 2421 1887 2455 :
1918 2403 2078 2471 idque

491 2508 609 2578 jure
635 2520 700 2560 ac
727 2504 936 2559 merito.
970 2501 1083 2555 Non
1107 2501 1249 2554 enim
1276 2498 1530 2553 damnum
1571 2497 1623 2550 in
1653 2496 1768 2565 ipso
1802 2493 1920 2548 solo
1943 2508 2075 2547 con-

493 2599 653 2661 sistit,
676 2598 769 2652 sed
792 2596 952 2651 etiam
978 2594 1352 2658 inﬁrmiorum,
1377 2591 1466 2660 qui
1491 2591 1542 2643 iu
1567 2589 1740 2658 ipsum
1765 2586 2078 2654 respiciunt,

494 2691 704 2743 animos
727 2688 928 2758 dejicit.
962 2686 1075 2740 lloc
1108 2685 1280 2754 ipsum
1324 2682 1518 2736 docere
1546 2681 1563 2711 ¹
1590 2695 1711 2733 cum
1754 2677 1918 2731 vellet
1948 2676 2080 2729 Eze-

494 2782 630 2835 ehiel
653 2821 667 2844 ,
699 2781 896 2834 arietes
935 2778 1002 2832 ab
1028 2777 1215 2831 ovibus
1251 2773 1509 2830 discernit
1548 2773 1599 2826 in
1625 2771 1826 2839 judicio
1864 2766 2076 2839 (Ezech.

500 2876 590 2931 54.
629 2873 740 2945 l7).
782 2874 862 2927 An
891 2871 982 2925 tibi
1012 2884 1153 2925 nunc
1191 2867 1436 2922 videmur
1461 2866 1584 2935 jure
1630 2862 1909 2918 timuisse?
1938 2860 2071 2914 Nam

496 2977 693 3036 prxeter
721 2965 829 3029 illa,
859 2978 978 3032 qua:
1007 2961 1146 3015 dicta
1168 2966 1311 3025 sunt,
1339 2971 1661 3028 qttamquam
1687 2953 1910 3007 multum
1941 2965 2082 3005 nunc

496 3059 730 3114 laborem
753 3055 936 3110 subire
956 3060 1187 3122 oportet,
1209 3065 1275 3104 ne
1301 3049 1368 3102 ab
1390 3047 1550 3102 animi
1574 3045 1849 3100 aﬁ‘eclibus
1864 3041 2084 3096 omnino

497 3159 836 3220 prosternar,
870 3155 1104 3200 attamen
1133 3143 1368 3198 laborem
1394 3140 1652 3209 suscipio,
1681 3153 1781 3192 nec
1805 3147 2079 3191 certamen

497 3237 848 3307 subterfugio.
891 3235 1100 3289 Etenim
1128 3249 1156 3284 a
1197 3245 1328 3285 vana
1369 3230 1584 3299 quidem
1623 3228 1792 3298 gloria
1828 3240 1968 3279 nunc
1992 3239 2084 3277 ca-

499 3333 645 3401 pior;
673 3339 908 3384 attamen
952 3340 1096 3394 sche
1133 3322 1422 3392 resipisco,
1453 3329 1509 3376 et
1546 3335 1633 3374 me
1670 3329 1882 3388 captum
1920 3317 2083 3372 fuisse

499 3424 691 3476 video:
731 3418 998 3475 interdum
1038 3430 1167 3470 vero
1207 3415 1258 3468 in
1295 3413 1606 3466 servitutem
1655 3411 1928 3466 redactum
1969 3409 2084 3461 aui-

501 3530 646 3570 mum
671 3515 909 3581 increpo.
941 3507 1201 3564 Absurdze
1226 3505 1504 3577 cupidines
1531 3518 1618 3558 me
1646 3503 1810 3558 etiam
1837 3516 1977 3556 nunc
2005 3501 2084 3555 in-

499 3612 738 3666 cessunt,
782 3601 878 3656 sed
915 3615 1034 3669 qua:
1062 3599 1426 3654 remissiorem
1454 3593 1725 3649 ﬂammam
1765 3594 2081 3656 accendant,

499 3695 642 3766 quod
667 3692 904 3748 externis
926 3689 1095 3744 oculis
1123 3687 1344 3742 materia
1372 3686 1514 3740 nulla
1537 3685 1642 3755 igni
1667 3693 1788 3754 apta
1810 3693 2080 3753 suppetat.

501 3788 542 3840 A
576 3783 982 3839 maledictorum
1009 3779 1206 3849 probro
1234 3787 1289 3832 et
1315 3777 1496 3830 auditu
1527 3790 1750 3846 prorsus
1777 3789 1930 3838 vaco,
1962 3789 2085 3828 cum

502 3879 654 3943 nulli,
688 3876 776 3946 qui
806 3891 890 3929 me
915 3873 1271 3943 alloquantur,
1297 3869 1514 3924 adsint:
1545 3884 1716 3938 neque
1743 3868 1884 3922 enim
1917 3867 1971 3921 hi
1995 3882 2088 3936 pa-

503 3969 668 4023 rietes
713 3967 956 4022 emittere
992 3978 1176 4018 vocem
1205 3970 1421 4032 queant.
1450 3959 1556 4016 Sed
1596 3974 1696 4014 nec
1724 3959 1792 4014 ab
1840 3959 1916 4012 ira
1947 3967 2085 4012 tem-

502 4073 693 4130 perare
734 4071 975 4128 possum,
1005 4054 1217 4108 etiamsi
1261 4052 1439 4106 nullus
1465 4049 1605 4105 adsit
1640 4050 1728 4118 qui
1757 4057 2039 4118 exasperet
2069 4063 2085 4102 :

503 4148 804 4217 iniquorum
857 4145 1052 4213 quippe
1098 4143 1333 4196 virorum
1391 4141 1732 4209 ipsorumque
1783 4137 2080 4193 facinorum

504 4236 764 4294 memoria
788 4235 1025 4288 animum
1072 4231 1204 4286 mihi
1232 4231 1588 4285 intumescere
1627 4227 1785 4294 facit;
1822 4243 2010 4282 verum
2036 4226 2088 4282 id

505 4343 610 4384 non
641 4341 813 4397 usque
852 4327 906 4380 in
948 4326 1108 4378 ﬁnem
1137 4340 1150 4376 :
1183 4323 1362 4377 statim
1407 4323 1550 4376 enim
1593 4321 1766 4390 ipsum
1811 4320 2087 4374 ardentem

505 4418 919 4490 compescimus,
943 4424 998 4471 et
1016 4415 1082 4468 ad
1099 4413 1479 4484 quiescendum
1505 4411 1838 4474 deducimus,
1867 4411 1918 4463 in
1937 4409 2091 4464 nobis

509 4514 640 4584 ipsis
683 4511 960 4572 dicentes,
1028 4507 1314 4562 admodum
1368 4506 1626 4559 insulsum
1666 4506 1687 4536 ⁸
1732 4513 2092 4573 extrema-que

509 4603 738 4658 miseriae
758 4615 902 4665 esse,
934 4598 1060 4653 dum
1087 4605 1269 4653 nostra
1295 4595 1590 4650 omittimus
1620 4595 1780 4661 mala,
1810 4594 1877 4648 de
1901 4593 2092 4648 alienis

509 4705 617 4748 tam
633 4693 874 4748 curiosos
895 4705 1034 4746 esse.
1059 4689 1254 4743 Verum
1282 4687 1326 4742 si
1357 4687 1422 4741 ad
1446 4687 1653 4741 turbam
1682 4701 1769 4740 me
1795 4683 2089 4747 conferam,

509 4784 911 4852 iunumerisqne
932 4781 1244 4836 tumultibus
1260 4793 1509 4848 occuper,
1525 4779 1633 4848 jam
1657 4795 1763 4831 non
1790 4774 2094 4845 huiusmodi

508 4876 874 4931 admonitione
914 4873 1106 4942 perfrui
1140 4883 1346 4942 potero,
1389 4886 1561 4940 neque
1585 4870 1936 4940 cogitationes
1976 4870 2094 4922 illas

511 4983 600 5023 me
628 4967 794 5036 probe
825 4965 1165 5019 iristitucntes
1189 4963 1430 5032 reperire
1461 4981 1485 5014 ε·
1520 4960 1614 5015 sed
1644 4958 2090 5029 quemadmodum

511 5061 580 5124 ii,
625 5059 714 5128 qui
741 5073 838 5128 per
863 5055 1150 5126 prmeipitia
1179 5055 1262 5108 vel
1291 5053 1502 5107 ﬂuentis
1526 5052 1790 5121 aliquibus
1809 5091 1824 5117 ,
1852 5051 1936 5104 vel
1987 5051 2092 5104 alio

510 5153 740 5222 quodam
769 5152 928 5206 modo
944 5150 1228 5209 ducuntur,
1255 5147 1551 5216 proximam
1569 5145 1780 5216 quidem
1804 5145 2091 5214 perniciem

511 5242 808 5313 prmvidcre
837 5250 1080 5309 possunt,
1112 5238 1364 5292 auxilium
1395 5252 1523 5292 vero
1551 5236 1754 5290 nullum
1795 5235 1898 5290 sibi
1927 5251 2090 5290 exco-

507 5338 678 5405 gitare
706 5334 918 5387 valent:
951 5333 1028 5386 sic
1064 5341 1120 5386 et
1159 5345 1277 5399 ego,
1319 5329 1362 5384 si
1408 5329 1458 5383 in
1487 5336 1688 5383 tantum
1721 5327 2090 5398 :egritudinutn

571 5495 586 5524 ί
628 5487 770 5538 savii.
796 5495 848 5536 et
873 5486 971 5544 alii,
995 5485 1259 5536 ostmdcre.

567 5556 587 5584 ι
632 5551 733 5608 Alii,
757 5549 969 5598 nmium.

567 5615 589 5647 ι
629 5615 700 5659 sic
721 5605 959 5679 itorcl._et
980 5608 1058 5658 alii
1080 5621 1094 5670 ;
1119 5608 1208 5657 sed
1230 5616 1367 5656 sarit.
1409 5614 1462 5657 et
1501 5605 1682 5669 aliquot
1705 5615 1791 5656 uss
1814 5640 1828 5666 ,
1852 5607 1950 5657 alta
1969 5617 2089 5670 qua-

507 5679 619 5723 n'ttm
649 5677 942 5722 necessitate.

1231 289 1286 346 S.
1327 286 1539 344 JOANN
1547 287 1604 340 IS
1642 279 2078 339 CHRYSUSTOE

2184 275 2470 333 tllCllIEl’.
2513 279 3046 337 CONSTANTINOP.

3658 283 3756 339 688

2175 394 2453 448 tumultum
2484 395 2737 460 incidam,
2766 396 3080 466 supplicium
3127 396 3339 465 quidem
3365 398 3604 466 quotidie
3633 403 3758 455 mibi

2171 485 2350 554 augeri
2388 501 2611 541 cernere
2644 495 2864 556 potero:
2898 488 2950 540 in
2987 487 3188 556 meipso
3226 500 3406 543 autem
3437 492 3678 559 ec-gitare
3706 504 3759 545 ut

2173 593 2313 632 nunc
2341 579 2536 648 cogito,
2566 593 2629 634 ac
2657 579 2896 635 furentes
2923 581 3085 635 animi
3117 583 3344 650 impetus
3376 582 3626 647 frzeuare,
3656 599 3755 637 non

2175 671 2246 725 ita
2277 670 2430 726 facile
2458 672 2559 726 erit
2594 672 2742 737 mihi,
2772 683 2829 726 ut
2857 673 3002 742 prius
3031 683 3165 728 erat.
3205 674 3332 728 Mihi
3359 691 3555 744 quippe
3588 678 3756 729 anima

2173 774 2253 816 est
2276 763 2502 828 inﬁrma,
2534 763 2740 832 pusilla,
2769 774 3033 832 captuque
3075 765 3260 828 facilis,
3306 781 3410 819 non
3465 767 3548 820 his
3593 769 3759 820 solum

2173 851 2476 918 all‘ectibus,
2510 852 2604 908 sed
2648 863 2700 907 et
2745 854 2982 908 omnium
3032 854 3396 919 acerbissimo,
3439 871 3638 925 nempe
3687 857 3763 909 in-

2176 945 2334 998 vidia:
2362 962 2375 998 :
2405 961 2578 1016 neque
2625 946 2711 1000 illa
2753 947 3122 1010 contumelias,
3157 964 3327 1016 neque
3379 948 3618 1002 honores
3649 966 3761 1002 mo-

2174 1035 2359 1091 derate
2380 1036 2520 1091 ferre
2547 1038 2724 1102 norit;
2749 1037 2843 1091 sed
2869 1046 2924 1091 et
2949 1039 3052 1091 illis
3071 1038 3353 1092 admodum
3385 1040 3688 1103 extollitur,
3711 1055 3763 1094 et

2176 1127 2260 1181 his
2288 1126 2441 1182 valde
2482 1127 2818 1196 deprimitur.
2847 1127 3300 1196 Quemadmodum
3346 1145 3475 1200 ergo
3511 1129 3641 1185 fera:
3668 1133 3761 1183 im-

2177 1234 2384 1286 manes,
2411 1218 2538 1274 dum
2567 1233 2791 1288 corpore
2818 1219 2952 1274 bene
2978 1221 3156 1275 valent
3179 1236 3245 1277 ac
3267 1223 3525 1290 gestiunt,
3550 1237 3612 1276 se
3633 1223 3754 1275 ado-

2176 1310 2376 1363 rientes
2419 1308 2572 1364 facile
2616 1309 2868 1374 vincunt,
2911 1310 2954 1364 si
3003 1311 3232 1365 maxime
3262 1312 3298 1366 ii
3346 1312 3545 1365 inﬁrmi
3584 1314 3760 1367 sintet

2177 1403 2405 1471 imperiti
2429 1420 2444 1468 ;
2472 1403 2516 1457 si
2538 1404 2656 1473 quis
2685 1419 2813 1458 vero
2843 1404 2959 1458 illas
2984 1403 3122 1459 fame
3154 1405 3453 1471 macerarit,
3487 1405 3616 1460 hinc
3644 1422 3765 1460 ere-

2177 1498 2256 1548 nit
2280 1504 2336 1548 ut
2357 1495 2565 1549 illarum
2608 1494 2756 1550 furor
2793 1498 3061 1566 sepiatur.
3092 1497 3390 1566 viriumque
3421 1513 3615 1565 magna
3650 1515 3771 1567 pars

2177 1585 2550 1654 exstinguatur
2583 1601 2597 1637 :
2621 1586 2698 1640 sic
2717 1594 2774 1640 et
2788 1586 2953 1640 animi
2979 1586 3296 1656 affectusqui
3318 1587 3622 1643 imbecillos
3647 1589 3767 1642 red-
3835 1613 3837 1628 ‹

2177 1675 2272 1736 dit.
2307 1676 2524 1730 eosdem
2559 1686 2719 1732 rectae
2759 1679 2949 1732 rationi
2978 1680 3224 1748 subjicit;
3251 1681 3294 1734 si
3325 1681 3443 1749 quis
3472 1691 3667 1735 contra
3692 1681 3768 1734 di-

2181 1767 2407 1835 ligenter
2444 1767 2672 1832 aluerit,
2726 1770 3025 1839 graviorem
3067 1770 3164 1823 sibi
3218 1771 3470 1825 adversus
3521 1786 3622 1825 eos
3673 1787 3767 1840 pn-

2177 1874 2334 1927 gnam
2364 1867 2535 1926 parat,
2565 1869 2621 1914 et
2647 1860 2717 1913 ita
2759 1860 3024 1915 terribiles
3056 1870 3072 1900 ι
3093 1861 3284 1926 reddit,
3332 1872 3390 1916 ut
3410 1863 3462 1916 in
3511 1865 3770 1916 servitute

2177 1965 2240 2004 ac
2263 1963 2405 2005 metu
2430 1960 2592 2005 totam
2617 1954 2776 2006 vitam
2801 1953 2979 2009 ducat.
3007 1955 3260 2022 Quantam
3284 1956 3440 2024 igitur
3470 1957 3768 2011 belluaruru

2182 2040 2368 2094 harum
2417 2043 2704 2098 alimenta?
2753 2045 2914 2099 Vanze
2957 2047 3140 2116 glorize
3185 2047 3400 2116 quidem
3447 2047 3687 2104 honores
3722 2061 3770 2103 ct

2181 2132 2388 2196 laudes,
2438 2135 2756 2204 arrogantiae
2802 2150 2928 2190 vero
2957 2137 3192 2206 potentia
3238 2148 3292 2192 et
3333 2137 3611 2207 dignitatis
3657 2157 3768 2192 ma-

2179 2226 2399 2296 gnitudo
2419 2268 2434 2290 ,
2466 2227 2648 2282 livoris
2675 2228 2898 2283 aliorum
2927 2230 3238 2296 celebritas,
3265 2231 3506 2284 avaritia:
3539 2231 3768 2302 largien-

2183 2319 2314 2373 tium
2363 2318 2694 2385 liberalitas,
2724 2319 2946 2374 luxuria:
2987 2320 3223 2386 delicia),
3252 2331 3305 2375 ct
3349 2322 3607 2390 frequens
3650 2338 3765 2375 mtt-
3835 2353 3837 2356 ‹

2185 2413 2380 2467 lierum
2422 2411 2752 2466 consuetudo
2778 2430 2790 2466 :
2822 2420 2878 2467 et
2901 2412 2978 2466 sic
3003 2412 3145 2466 aliud
3172 2413 3240 2466 ab
3269 2411 3373 2466 alio
3412 2411 3646 2467 fovetur.
3684 2413 3767 2466 lla:

2182 2518 2344 2573 porro
2363 2518 2550 2558 omnes
2577 2503 2765 2557 bellum
2793 2518 2880 2556 me
2901 2504 2952 2556 in
2971 2519 3148 2557 rerum
3173 2503 3406 2558 medium
3429 2505 3770 2559 accedentem

2184 2594 2466 2660 invadent,
2498 2595 2732 2649 animam
2770 2611 2941 2648 meattt
2985 2595 3348 2660 dilaniabnnt,
3391 2605 3656 2650 terrorem
3698 2599 3768 2650 in-

2189 2689 2427 2755 cuticnt,
2455 2698 2510 2743 et
2549 2687 2762 2757 gravius
2801 2687 2932 2741 mihi
2959 2686 3214 2742 adversus
3241 2687 3326 2740 illa
3368 2687 3574 2741 bellum
3622 2703 3764 2756 para-
3829 2649 3838 2796 ἲ

2183 2779 2347 2839 bunt:
2381 2778 2470 2833 hic
2491 2794 2615 2832 vero
2633 2777 2838 2832 sedenti
2873 2777 3024 2842 mihi,
3049 2792 3236 2846 magna
3255 2792 3384 2831 sane
3405 2778 3645 2832 adhibita
3663 2780 3768 2832 rioo

2184 2869 2381 2932 lentia,
2413 2869 2496 2922 vix
2547 2868 2924 2937 subjicieutur;
2950 2867 3298 2935 subjicientur
3337 2877 3516 2922 tamen
3548 2883 3645 2937 per
3685 2868 3766 2922 Dei

2182 2961 2438 3030 gratiam,
2472 2960 2541 3013 ita
2589 2969 2645 3012 ut
2674 2969 2868 3028 prteter
2911 2960 3156 3013 latratum
3203 2958 3332 3014 nihil
3376 2959 3496 3028 plus
3525 2958 3766 3014 habeant.

2185 3053 2308 3106 Ideo
2340 3051 2479 3106 hanc
2523 3050 2897 3106 domunculam
2951 3052 3155 3114 incolo,
3188 3050 3386 3105 nemini
3433 3050 3642 3105 aditum
3672 3051 3764 3110 do.
3835 3037 3837 3066 ⁴

2185 3160 2307 3198 cum
2351 3144 2567 3199 nemine
2595 3143 2922 3198 consortium
2962 3142 3393 3211 colloquiumque
3436 3142 3673 3202 misceo.
3707 3144 3765 3195 si-

2183 3235 2445 3304 milesque
2464 3233 2597 3288 alias
2618 3233 3018 3288 criminationes
3043 3233 3351 3286 innumeras
3369 3231 3600 3286 audiens
3620 3231 3766 3284 facile

2186 3326 2314 3388 fero,
2363 3339 2496 3394 quas
2542 3324 2769 3378 libenter
2809 3322 3022 3393 quidem
3067 3323 3463 3391 abstergerem;
3499 3339 3624 3376 cum
3651 3337 3770 3375 vero
3834 3311 3835 3320 “

2187 3432 2290 3470 non
2322 3416 2543 3486 possim,
2588 3415 2866 3470 excrucior
2892 3414 3175 3483 doleoque.
3220 3413 3404 3483 Neque
3452 3414 3599 3468 enim
3649 3415 3765 3467 mihi

2187 3509 2340 3562 facile
2368 3516 2451 3562 est
2498 3507 2661 3562 simul
2689 3506 2963 3561 hominum
2993 3505 3378 3560 consuetudine
3417 3507 3516 3570 uti,
3540 3516 3699 3575 atque
3723 3507 3767 3557 in

2188 3600 2439 3670 prmsenti
2459 3600 2749 3654 securitate
2774 3613 2991 3653 manere
3018 3616 3032 3652 :
3058 3598 3403 3667 quamobrem
3433 3609 3486 3652 te
3513 3612 3646 3667 rogo
3676 3598 3766 3650 mei

2187 3692 2364 3761 potius
2416 3698 2559 3743 tanta
2593 3689 2871 3758 intercepti
2897 3687 3209 3743 difﬁcultate
3257 3688 3588 3744 miserearis.
3620 3703 3765 3757 quam

2191 3798 2278 3837 me
2305 3781 2649 3836 calumnieris
2680 3797 2694 3833 :
2723 3788 2778 3834 at
2810 3778 3046 3834 nondum
3099 3778 3153 3833 id
3181 3779 3274 3832 tibi
3323 3779 3651 3846 persuadere
3682 3797 3762 3846 pn-

2191 3874 2286 3926 tui.
2319 3873 2550 3942 Tempus
2579 3873 2755 3940 itaque
2782 3881 2884 3936 est,
2917 3881 2974 3925 ut
3000 3871 3141 3940 quod
3167 3886 3332 3924 unum
3361 3871 3490 3924 mihi
3521 3882 3762 3941 supereSt

2189 3978 2475 4028 arcanum,
2503 3961 2554 4015 id
2600 3963 2652 4016 in
2684 3970 2735 4016 te
2774 3962 2986 4015 tandem
3027 3959 3331 4024 effundam;
3359 3959 3507 4028 quod
3555 3963 3766 4014 fortasse

2193 4054 2376 4108 multis
2409 4052 2720 4108 incredibile
2749 4051 2990 4107 videatur
3014 4069 3028 4106 :
3056 4068 3228 4120 neque
3255 4061 3436 4106 tamen
3462 4051 3515 4105 in
3542 4051 3763 4106 medium

2192 4146 2428 4214 proferre
2453 4145 2692 4215 pudebit.
2723 4144 2946 4198 Etiamsi
2974 4143 3117 4198 enim
3145 4142 3286 4212 quod
3317 4143 3562 4197 dicturus
3584 4159 3697 4196 sum
3721 4149 3769 4195 et

2193 4237 2348 4293 mala:
2373 4235 2714 4291 conscientia:
2743 4244 2798 4290 et
2830 4235 3230 4289 innumerorum
3271 4233 3596 4288 delictorum
3626 4248 3771 4301 argu-

2170 4333 2432 4384 ‘mentum
2479 4328 2583 4394 sit,
2634 4342 2757 4382 eum
2795 4327 2846 4380 is
2891 4326 2980 4396 qui
3010 4340 3109 4380 nos
3147 4324 3479 4392 iudicaturus
3516 4334 3606 4378 est
3644 4325 3769 4378 Deus

2193 4421 2370 4474 omnia
2393 4425 2644 4473 accurate
2672 4417 2901 4483 noverit,
2929 4415 3054 4486 quid
3078 4417 3212 4468 ultra
3238 4415 3392 4469 nobis
3406 4430 3472 4468 ex
3501 4414 3770 4469 hominum

2196 4509 2493 4579 ignorantia
2533 4507 2762 4562 conferri
2795 4508 3019 4576 poterit?
3049 4505 3184 4572 Quid
3231 4514 3312 4559 est
3339 4507 3498 4574 igitur
3532 4507 3667 4560 illud
3698 4523 3773 4558 ar-

2195 4600 2427 4654 canum?
2452 4600 2534 4655 Ab
2561 4615 2629 4654 eo
2669 4598 2786 4670 ipso
2812 4599 2916 4662 die,
2950 4613 3056 4667 quo
3093 4598 3220 4652 mihi
3251 4596 3388 4651 hanc
3413 4599 3773 4666 suspicionem

2197 4691 2448 4760 injecisti,
2471 4705 2614 4758 szrpe
2636 4689 2727 4742 fuit
2760 4689 3055 4758 periculum
3088 4698 3144 4742 ut
3165 4688 3266 4743 hoe
3293 4703 3489 4756 corpus
3517 4689 3656 4742 mihi
3688 4705 3772 4756 pe-

2197 4784 2339 4836 nitus
2379 4782 2794 4845 dissolveretur;
2829 4790 3004 4835 tantus
3045 4781 3203 4834 timor
3247 4789 3528 4850 tantusque
3581 4797 3774 4835 maeror

2195 4873 2432 4926 animum
2492 4889 2668 4927 tncum
2722 4873 3021 4941 occupavit.
3071 4871 3276 4926 Mecum
3329 4872 3473 4926 enim
3521 4884 3771 4941 reputans

2195 4962 2393 5018 Christi
2419 4978 2630 5031 sponsm
2653 4964 2896 5032 gloriam,
2923 4963 3281 5028 sanctitatem,
3303 4961 3642 5030 spiritualem
3666 4965 3768 5032 pul-

2198 5053 2552 5108 chritudinem
2574 5095 2590 5122 ,
2624 5055 2981 5124 prudentiam,
3010 5063 3256 5108 ornatum
3278 5093 3294 5118 ,
3339 5069 3568 5124 meaque
3607 5056 3769 5110 consi-

2197 5143 2393 5198 derans
2425 5145 2579 5204 mala.
2609 5159 2712 5198 non
2739 5145 3010 5199 ccssabam
3040 5144 3182 5198 illam
3210 5142 3428 5211 deflere,
3460 5159 3661 5212 meque
3687 5146 3766 5197 mi-

2197 5250 2376 5288 serunt
2424 5234 2627 5301 dicere,
2668 5250 2730 5289 ac
2771 5233 3079 5304 frequenter
3125 5249 3378 5304 gemens,
3423 5232 3764 5304 bmrensqne,

2199 5327 2322 5380 talia
2365 5341 2574 5382 mecum
2623 5327 2915 5395 loquebar:
2965 5327 3094 5394 Quis
3137 5326 3344 5381 consilii
3389 5325 3547 5394 hujus
3599 5335 3766 5378 auctor

2199 5417 2338 5470 fuit?
2403 5415 2530 5486 quid
2590 5425 2791 5469 tantum
2854 5416 3093 5486 peccavit
3159 5416 3398 5470 Ecclesia
3458 5414 3604 5469 Dei?
3661 5429 3763 5483 qua

2199 5517 2344 5564 tanta
2397 5522 2485 5564 res
2534 5507 2815 5563 Dominum
2864 5508 2982 5580 ejus
3015 5509 3385 5573 exacerbavit.
3438 5516 3497 5563 ut
3534 5508 3762 5563 omnium
3824 5531 3833 5580 ί

2261 5668 2280 5700 ι
2318 5665 2422 5725 Alii,
2439 5661 2768 5716 terribiliora.

3825 5211 3834 5458 1

3823 5689 3832 5842 ‘.
