3860 6216
23 400 125 470 νπὲρ
170 397 286 450 τῶν
324 398 524 469 ἱερέων
570 394 935 467 προσάγεσθαι
975 394 1074 458 τὴν
1111 393 1326 458 θυσίαν,
1361 395 1494 464 ὅσην
1527 393 1668 464 ὑπὲρ

23 487 184 548 ιαντδς
217 486 319 538 τοῦ
357 485 510 538 λαοῦ.
543 484 712 536 Τοῦτο
737 484 792 537 δὲ
816 484 970 536 οὐδὲν
998 483 1183 553 ἕτερον
1217 481 1501 552 δηλοῦντός
1524 483 1672 532 ἐστιν

22 603 24 644 γ
50 577 126 626 δτι
156 573 420 642 μείζονος
454 571 702 642 βοηθείας
729 572 898 625 δεῖται
921 570 987 622 τά
1015 571 1108 622 τοῦ
1147 569 1334 640 ἱερέως
1360 571 1672 640 τραύματα,

28 664 80 715 αἱ
109 662 411 732 τοσαύτης,
440 662 572 730 ὅσης
603 659 737 729 ὁμοῦ
768 659 838 712 τὰ
871 659 1072 721 παντὸς
1110 658 1202 710 τοῦ
1233 657 1393 710 λαοῦ’
1431 658 1673 727 μείζονος

21 752 166 802 ὲοὺκ
205 750 278 802 ἂν
310 750 503 812 ἐδεῖτο,
533 751 582 801 εί
615 748 690 818 μὴ
719 747 1074 817 χαλεπώτερα
1101 742 1195 816 ἦν·
1227 743 1583 817 χαλεπώτερα
1616 743 1672 796 δὲ

22 838 218 898 ’ίνεται,
249 839 314 888 οὑ
339 839 406 906 τῇ
434 836 614 904 φύσει,
639 835 773 888 ἀλλά
793 837 860 904 τῇ
885 833 1009 904 ἀξία
1033 847 1056 872 ι
1087 832 1179 885 τοῦ
1206 831 1512 902 τολμῶντος
1532 832 1673 886 αὐτὰ

22 927 178 994 ερέως
216 925 558 995 βαρούμενα.
600 924 708 975 Καὶ
748 923 800 976 τί
831 923 972 989 λέγω
1001 923 1127 984 τοὺς
1171 920 1371 990 ἄνδρας
1407 921 1531 982 τοὺς
1572 921 1671 990 τὴν

22 1013 340 1082 ῗειτουργίαν
386 1011 702 1082 μετιόντας;
737 1011 801 1062 Αἰ
838 1009 945 1080 γάρ
985 1007 1283 1077 θυγατέρες
1313 1006 1420 1058 τῶν
1458 1007 1670 1078 ἱερέων,

21 1096 78 1163 ιῖς
104 1102 284 1162 οὐδεὶς
319 1101 457 1171 πρὸς
485 1100 582 1168 τὴν
624 1097 920 1168 ἱερωσύνην
959 1096 1135 1164 λόγος,
1177 1097 1326 1165 ὅμως
1357 1094 1445 1147 διὰ
1479 1095 1541 1147 τὸ
1568 1111 1672 1146 πα-

27 1190 172 1259 ρικδν
205 1190 429 1257 ἀξίωμα
453 1186 558 1238 τῶν
589 1186 766 1238 αὑτῶν
797 1184 1210 1255 ἁμαρτημάτων
1253 1183 1385 1234 πολὺ
1417 1183 1670 1252 πικροτέ-

22 1296 90 1330 ιαν
125 1278 394 1345 ὑπέχουσι
437 1277 535 1344 τὴν
574 1275 876 1344 τιμωρίαν·
915 1273 1007 1324 καὶ
1049 1273 1108 1323 τὸ
1148 1272 1245 1341 μὲν
1291 1270 1667 1340 πλημμέλημα

21 1383 100 1414 τον
146 1366 346 1424 αὑταῖς
386 1363 480 1415 καὶ
508 1364 626 1424 ταῖς
666 1359 772 1413 τῶν
819 1359 1040 1411 ἰδιωτῶν
1077 1357 1400 1428 θυγατράσι,
1443 1357 1667 1426 πορνεία

22 1454 95 1522 ’ἀρ
127 1454 446 1522 ἀμφότερα,
484 1451 544 1504 τὸ
575 1450 629 1502 δὲ
662 1449 937 1518 ἐπιτίμιον
966 1446 1146 1516 πολλῴ
1171 1447 1376 1498 τούτων
1416 1443 1667 1515 χαλεπὼ-

22 1558 44 1591 ε
55 1558 164 1608 ρον.

60 1719 143 1785 ιβ’.
187 1719 362 1788 Ὁρᾷς
392 1717 508 1788 μεθ’
538 1718 668 1788 ὅσης
695 1734 776 1770 σοι
799 1717 1069 1770 δείκνυσιν
1101 1715 1403 1787 ὑπερϐολῆς
1429 1718 1456 1769 6
1485 1716 1615 1779 Θεὸς
1639 1717 1664 1755 δ

20 1822 65 1856 τι
102 1805 288 1876 πολλῷ
336 1798 555 1858 πλείονα
589 1803 697 1858 τῶν
728 1805 1046 1875 ἀρχομένων
1072 1805 1289 1856 ἀπαιτεί
1315 1804 1405 1855 τὸν
1431 1804 1666 1874 ἄρχοντα

23 1894 254 1961 ιμωρίαν
277 1893 388 1958 ςοὺ
411 1892 521 1962 γὰρ
544 1891 717 1962 δήπου
744 1892 881 1962 ότὴν
899 1891 1106 1944 ἐκείνου
1133 1890 1410 1962 θυγατέρα
1433 1891 1501 1943 δι’
1532 1894 1667 1944 ἐκεῖ·

19 1995 70 2031 ον
88 1981 358 2049 μειζόνως
372 1980 480 2031 τῶν
497 1979 669 2034 ἄλλων
681 1979 943 2042 κολάζων,
963 1979 1050 2032 τὸν
1067 1981 1158 2031 καί⁵
1176 1980 1358 2049 ἐκείνη
1375 1979 1474 2049 τῆς
1493 1996 1664 2050 προσ-

20 2067 155 2136 ήκης
189 2067 302 2118 τῶν
354 2066 598 2136 βασάνων
639 2066 808 2118 αἴτιον
851 2067 972 2135 ίσην
999 2069 1111 2128 τοῖς
1142 2065 1353 2128 πολλοῖς
1378 2077 1398 2103 ε
1437 2067 1665 2137 εἰσπρά-

20 2171 135 2207 εται
164 2157 350 2226 δίκην,
380 2157 514 2209 ἀλλά
540 2156 720 2227 πολλῷ
747 2158 969 2226 μείζονα
991 2173 1004 2186 ⁸
1026 2157 1118 2208 καὶ
1145 2157 1288 2226 μάλα
1317 2174 1378 2225 γε
1417 2160 1662 2221 εἰκότως.

20 2246 65 2293 I5
87 2247 190 2313 γάρ
208 2245 291 2306 εἰς
316 2244 478 2296 αὑτὸν
493 2244 835 2315 περιίσταται
858 2244 1015 2313 μόνον
1039 2245 1070 2314 η
1095 2242 1288 2314 ζημία,
1311 2244 1444 2296 ἀλλά
1465 2244 1664 2308 καὶτὰς

24 2331 96 2383 ὧν
125 2333 540 2404 ἀσθενεστέρων
575 2333 668 2386 καὶ
697 2334 778 2394 εἰς
810 2331 970 2384 αὑτὸν
1005 2331 1306 2401 βλεπόντων
1339 2333 1664 2386 καταϐάλλει

20 2420 179 2487 ρυχάς.
236 2419 413 2472 Τοῦτο
471 2422 562 2472 καὶ
615 2422 644 2472 6
695 2419 953 2489 Ἰεζεκιηλ
1005 2419 1210 2485 διδάξαι
1242 2420 1266 2458 ιι
1318 2420 1661 2490 βουλόμενος,

23 2508 248 2576 ιίστησιν
280 2509 380 2560 ἀπ’
408 2507 648 2578 ἀλλήλων
677 2508 774 2576 τὴν
805 2507 910 2558 τῶν
945 2507 1115 2578 κριῶν
1140 2511 1232 2559 καὶ
1270 2509 1366 2577 τὴν
1392 2497 1498 2560 τῶν
1533 2525 1663 2578 προ-

20 2597 157 2646 am
200 2597 408 2666 κρίσιν.
452 2592 597 2666 τΑρά
642 2612 721 2647 σοι
765 2593 1027 2663 δοκοῦμεν
1076 2592 1232 2661 λόγον
1273 2595 1462 2664 ἔχοντα
1491 2613 1660 2664 πεφοο

19 2683 177 2748 ,ἧσθαι
202 2684 402 2752 φόϐον;
441 2684 581 2754 Πρός
613 2683 718 2752 γάρ
747 2686 859 2745 τοῖς
885 2681 1196 2752 εἰρημένοις
1221 2684 1316 2735 νῦν
1351 2684 1450 2752 μὲν
1483 2686 1531 2736 εί
1567 2687 1661 2737 καὶ

19 2771 172 2822 zona?»
219 2789 313 2839 μοι
353 2772 433 2823 δεῖ
467 2772 625 2823 πόνου
663 2772 799 2840 πρὸς
849 2771 908 2822 τὸ
947 2771 1022 2840 μὴ
1065 2771 1126 2840 δὴ
1183 2773 1656 2843 καταγωνισθῆναι

20 2857 157 2908 ηέλεοι
181 2859 289 2910 ὑπῦ
323 2859 432 2910 τῶν
461 2860 556 2929 τῆς
588 2859 764 2927 ψυχῖς
806 2859 1014 2921 παθῶν,
1063 2858 1177 2910 ἀλλ’
1210 2861 1358 2928 ὅμως
1393 2861 1659 2929 ἀνέχομαι

20 2947 73 2995 ἐν
115 2947 295 3010 πόον,
352 2947 445 2998 καὶ
485 2948 546 2998 οὑ
601 2947 786 3014 φεύγω
837 2946 927 2998 τὸν
973 2945 1179 3013 ἀγῶνα.
1244 2949 1348 2999 Καὶ
1401 2949 1508 3017 γάρ
1557 2950 1661 3001 ὑπὸ

17 3033 286 3097 wing-19.;
342 3032 635 3101 ἀλίσκομαι
695 3033 793 3102 μὲν
845 3034 937 3084 καὶ
969 3031 1118 3104 [451]
1151 3033 1264 3093 νῦν,
1313 3035 1572 3104 ἀναφέρω
1605 3035 1660 3087 δὲ

17 3120 260 3180 πολλάκς,
305 3121 402 3171 καὶ
438 3121 518 3171 ὅτι
544 3120 714 3173 ἑάλων
757 3120 994 3191 συνορῶ’
1031 3122 1145 3174 ἐστι
1185 3122 1241 3174 δὲ
1279 3123 1365 3174 ὅτε
1403 3125 1494 3174 καὶ
1540 3125 1661 3175 ἐπι-

17 3206 121 3271 τιμῶ
177 3209 242 3276 τῇ
298 3206 630 3276 δουλωθείσῃ
677 3207 846 3278 ψυχῇ.
901 3208 1218 3278 Ἐπιθυμίαι
1273 3227 1362 3279 μοι
1419 3211 1658 3280 προσπί-

17 3309 174 3346 mus:
207 3297 310 3366 μὲν
345 3299 534 3350 ἄτοποι
571 3299 664 3351 καὶ
715 3297 832 3361 νῦν,
867 3299 980 3351 ἀλλ’
1015 3300 1319 3370 ἀργοτέραν
1361 3303 1658 3356 ἀνάπτουσι

17 3383 79 3449 τὴν
124 3386 323 3451 φλόγα,
383 3383 491 3437 τῶν
543 3384 840 3454 ὀφθαλμῶν
884 3387 990 3439 τῶν
1051 3387 1250 3452 ἔξωθεν
1295 3390 1393 3442 οὑκ
1429 3392 1658 3460 ἐχόντων

18 3472 340 3524 πιλαεέσθαι
380 3473 480 3540 τῆς
527 3471 619 3525 τοῦ
671 3473 843 3540 πυρὸς
891 3473 1054 3543 ὑληςο
1099 3474 1192 3526 τοῦ
1236 3476 1292 3528 δὲ
1341 3479 1525 3542 κακῶς
1569 3481 1658 3532 τὸν

17 3557 126 3610 iam
157 3561 364 3624 λέγειν,
401 3561 493 3613 καὶ
517 3560 804 3630 λεγόμενον
847 3563 1084 3625 ἀκούειν,
1127 3564 1484 3634 ἀπήλλαγμαι
1521 3585 1658 3620 παν-

17 3647 165 3710 ελώς,
199 3649 311 3699 τῶν
345 3647 741 3718 διαλεγομένων
780 3649 839 3701 οὑ
873 3651 1154 3720 παρόντων
1175 3669 1187 3684 ο
1232 3654 1293 3705 οὑ
1341 3655 1450 3722 γάρ
1479 3654 1542 3726 δὴ
1573 3652 1660 3710 οὗ·

17 3747 64 3782 ποι
91 3737 134 3784 οἱ
161 3738 336 3804 τοῖχοι
380 3734 609 3787 δύναιντ’
643 3735 708 3787 ἂν
737 3738 952 3804 ἀφεῖναι
979 3741 1185 3810 φωνήν.
1233 3741 1371 3793 Ἀλλ’
1416 3745 1534 3814 οὑχὶ
1565 3746 1658 3798 καὶ

17 3819 77 3888 τὴν
123 3823 300 3892 ὀργὴν
357 3822 558 3891 ὁμοίως
607 3822 828 3875 δυνατὸν
873 3824 1170 3894 διαφυγεῖν,
1219 3829 1396 3882 καίτοι
1447 3847 1509 3898 γε
1551 3833 1658 3884 τῶν

17 3912 392 3978 παροξυνόντων
418 3910 518 3963 οὑκ
549 3910 737 3966 όντων.
768 3914 972 3985 Μνήμη
1005 3916 1113 3985 γὰρ
1141 3917 1403 3981 πολλάκις
1445 3920 1658 3992 ἀνδρῶν

17 3999 191 4051 ιτόπων
248 3999 653 4070 προσπεσοῦσα,
694 4000 787 4052 καὶ
827 4001 936 4053 τῶν
973 4003 1064 4056 ὑπ’
1111 4005 1291 4057 αὑτῶν
1326 4007 1656 4077 γενομένων,

17 4082 195 4148 ξοιδεῖν
221 4102 317 4154 μοι
348 4085 447 4155 τὴν
475 4087 703 4156 καρδίαν
739 4091 901 4150 ποιεῖ,
926 4090 1064 4160 πλὴν
1095 4091 1207 4144 ἀλλ’
1239 4094 1339 4146 οὑκ
1361 4097 1440 4158 είς
1467 4096 1620 4160 τέλος
1638 4114 1652 4127 ·

17 4173 179 4238 ταχέως
219 4171 336 4241 γὰρ
369 4172 539 4242 αὑτὴν
579 4173 1016 4243 φλεγμαίνουσαν
1067 4181 1525 4253 καταστέλλομεν,
1563 4187 1656 4238 καὶ

17 4258 239 4327 πείθομεν
267 4259 558 4329 ἡσυχάζειν
588 4263 833 4325 εἰπόντες
867 4265 947 4316 ὅτι
979 4263 1097 4316 λίαν
1124 4266 1454 4337 ἀσύμφωνον
1495 4283 1519 4310 ο
1561 4275 1656 4326 καὶ

17 4342 80 4411 τῆς
104 4347 340 4416 ἐσχάτης
368 4347 712 4418 ἀθλιότητος,
752 4350 820 4402 τά
853 4353 1028 4404 οἰκεῖα
1078 4355 1314 4422 ἀφέντας
1361 4359 1526 4424 κακὰ,
1586 4362 1655 4415 τὰ

17 4430 87 4481 πῶν
120 4435 351 4504 πλησίον
399 4435 874 4506 περιεργάζεσθαι.
919 4440 1056 4492 Ἀλλ’
1090 4443 1188 4494 οὐκ
1234 4447 1314 4504 είς
1351 4445 1412 4497 τὸ
1452 4447 1653 4517 πλῆθος

18 4517 162 4574 λθὼν.
211 4523 311 4574 καί
357 4525 477 4586 ταῖς
515 4524 736 4594 μυρίαις
785 4526 1117 4597 ἀποληφθεὶς
1160 4535 1447 4601 ταραχαῖς,
1498 4535 1656 4608 δυνή-

17 4620 142 4675 εομαι
171 4609 379 4679 ταύτης
405 4611 694 4665 ἀπολαύειν
720 4613 819 4683 τῆς
851 4615 1153 4680 νουθεσίας,
1177 4619 1297 4671 οὑδὲ
1321 4621 1446 4686 τοὺς
1484 4623 1652 4678 ταῦτα

17 4696 462 4764 ταιδαγωγοῦντας
491 4699 783 4770 λογισμοὺς
812 4703 992 4772 εὑρεῖν
1010 4721 1022 4733 ·
1049 4705 1161 4756 ἀλλ’
1203 4693 1392 4779 ὥσπερ
1425 4712 1473 4761 οἱ
1510 4713 1652 4765 κατά

17 4783 242 4849 ιρημνῶν
267 4784 372 4836 ὑπό
407 4801 552 4847 τινος
599 4787 864 4857 ῥεύματος
888 4789 920 4860 ἢ
947 4791 1040 4842 καὶ
1074 4792 1274 4861 ἑτέρως
1299 4793 1600 4865 ὠθούμενοι
1633 4799 1650 4836 ί

17 4867 82 4934 θὴν
109 4871 203 4937 μὲν
241 4870 539 4935 ἀπώλειαν,
565 4875 644 4936 είς
670 4875 734 4944 ἣν
757 4875 1070 4940 τελευτῶσι,
1111 4882 1349 4950 προορᾷν
1375 4881 1650 4948 δύνανται,

17 4953 236 5023 Ιοήθειαν
263 4958 321 5010 δέ
356 4975 479 5011 τινα
515 4961 748 5013 ἐπινοεῖν
783 4963 881 5014 οὑκ
931 4962 1144 5033 ἔχουσιν
1170 4983 1183 4996 ο
1217 4966 1360 5020 οὕτω
1408 4973 1503 5024 καὶ
1556 4975 1654 5025 αύ-

17 5041 77 5104 πδς
108 5047 182 5108 είς
212 5047 305 5098 τὸν
335 5047 504 5100 πολὺν
518 5049 626 5101 τῶν
656 5050 842 5103 παθῶν
867 5053 1095 5123 θόρυϐον
1117 5056 1394 5126 ἐμπεσὼν,
1425 5060 1523 5130 τὴν
1554 5061 1653 5132 μὲν

17 5130 200 5185 ιόλασιν
228 5135 353 5187 καθ’
388 5137 627 5207 ἑκάστην
646 5138 950 5207 αὐξομένην
986 5159 1075 5210 μοι
1107 5143 1205 5215 τὴν
1245 5146 1461 5218 ἡμέραν
1488 5130 1652 5222 δυνή-

53 5321 257 5385 {Amm
283 5325 388 5372 ἀλλ’
414 5326 507 5372 ὑπὸ
529 5332 612 5385 τῆς
637 5329 783 5384 ἀξίας.

53 5382 76 5450 ξ
99 5382 421 5450 δείκνυσι
439 5393 523 5450 τῆς
548 5382 816 5450 περιουσίας
837 5393 862 5438 6
889 5393 1023 5448 θεός.

52 5447 69 5474 ⁸
94 5446 184 5494 Alii
203 5449 314 5504 ίσην
335 5449 434 5501 τοῖς
460 5446 635 5504 ἄλλοις.

51 5506 71 5542 ἀ
95 5509 236 5555 Sam.
265 5515 319 5556 et
343 5512 425 5557 alii
467 5511 626 5563 δείξαι.

53 5580 72 5640 ξ
95 5570 650 5640 ἶᾂιίίἰᾷισύμφορον.Δ1111⁵1³3
671 5573 754 5640 α]Ῐί
793 5575 974 5640 μυρίαις
999 5575 1309 5640 ἀπολειφθείς.

51 5621 71 5706 ξ
96 5631 246 5706 ξανὶΙΙΞ..
263 5621 315 5706 (ξί
336 5621 524 5706 όιίιιιιοί
551 5635 715 5706 [ηεξ.ᾳῆ
739 5621 815 5683 καὶ
840 5621 1519 5706 ἑτέραςάνάγκῆςῶθούμενοι.
1544 5645 1648 5696 Μο-

18 5685 76 5732 vl.
101 5698 147 5737 ει
172 5693 248 5740 am
276 5694 305 5749 ἢ
330 5685 607 5756 καῖ’έτέρως
627 5685 709 5742 una;

1269 275 1359 334 DE
1398 274 1853 334 SACERDOTIO.
1900 277 2024 332 LIB.
2067 279 2158 335 Vl.

1695 1093 1722 1105 ν

3343 287 3452 346 688

1785 410 1946 464 σομαι
1976 397 2226 467 συνορᾷν,
2271 399 2328 450 ἐν
2366 396 2592 468 ἐμαυτῷ
2645 398 2702 452 δὲ
2755 399 3008 468 γενέσθαι
3055 401 3304 475 καθάπερ
3353 405 3453 459 καὶ

1780 481 1896 548 νῦν,
1929 483 2024 536 καὶ
2049 484 2371 555 ἐπιτιμῆσαι
2413 485 2678 538 πάντοθεν
2725 490 2838 550 τοῖς
2892 490 3164 560 νοσήμασι
3214 490 3452 546 λυττῶσι

1777 569 2008 634 τούτοις,
2052 572 2152 624 οὑκ
2211 571 2289 624 ἐτι
2337 573 2540 644 ὁμοίως
2585 575 2816 647 εὑπορον
2849 579 2990 648 ἐμοὶ,
3048 579 3300 650 καθάπερ
3354 583 3452 636 καὶ

1778 657 2060 726 πρότερον.
2108 659 2258 730 Ἐμοὶ
2287 660 2394 731 γὰρ
2426 660 2569 733 ψυχή
2602 664 2684 726 τίς
2725 665 2872 718 ἐστιν
2902 666 3132 738 ἀσθενὴς
3153 669 3246 720 καὶ
3277 671 3451 740 μικρά

1778 747 1870 798 καὶ
1902 746 2223 816 εὐχείρωτος
2247 750 2306 801 οὑ
2337 751 2545 814 τούτοις
2576 752 2735 823 μόνον
2764 757 2876 817 τοῖς
2907 756 3153 822 πάθεσιν,
3187 756 3322 809 ἀλλά
3353 760 3452 811 καὶ

1775 833 1854 902 τῷ
1890 836 2105 888 πάντων
2154 838 2463 909 πικροτέρῳ
2518 839 2716 910 φθόνῳ,
2768 843 2861 894 καὶ
2908 841 3032 895 οὑτε
3091 843 3278 916 ὕϐρεις
3323 845 3448 898 οὔτε

1773 921 1941 991 τιμὰς
1974 923 2211 994 μετρίως
2237 924 2524 980 ἐπίσταται
2559 928 2766 998 φέρειν,
2799 929 2932 982 ἀλλά
2985 930 3100 1000 μεθ’
3141 933 3448 1004 ὑπερϐολῆς

1775 1010 1978 1062 ἐκεῖναί
2013 1027 2071 1062 τε
2102 1011 2419 1082 ἐπαίρουσιν
2475 1015 2663 1086 αὑτὴν,
2708 1016 2803 1068 καὶ¹
2857 1017 3203 1070 ταπεινοῦσιν
3260 1013 3442 1074 αὗται.

1778 1096 1990 1167 Ὥσπερ
2046 1093 2138 1151 οὖν
2181 1097 2344 1170 θηρία
2390 1100 2620 1170 χαλεπά,
2677 1103 2802 1154 ὅταν
2855 1104 2953 1172 μὲν
3004 1103 3293 1177 εὑσωματῇ
3349 1109 3444 1160 καὶ

1777 1186 2000 1255 σφριγᾷ.
2030 1185 2136 1239 τῶν
2164 1187 2300 1257 πρὸς
2322 1189 2458 1242 αὑτά
2487 1190 2806 1259 μαχομένων
2837 1195 3044 1260 κρατεῖ,
3077 1193 3169 1244 καὶ
3212 1193 3445 1262 μάλιστα

1773 1271 1902 1323 ὅταν
1954 1271 2200 1336 ἀσθενεῖς
2250 1269 2351 1327 ῶσι
2405 1278 2497 1328 καὶ
2549 1278 2785 1347 ἄπειροι,
2816 1280 2863 1329 εἰ
2894 1277 2949 1329 δέ
2975 1295 3059 1340 τις
3110 1280 3249 1333 αὑτά
3299 1281 3444 1353 λιμῷ

1775 1359 2113 1429 κατατήξειε,
2161 1362 2250 1414 τόν
2288 1379 2347 1415 τε
2395 1362 2563 1434 θυμὸν
2613 1366 2796 1427 αὑτοῖς
2860 1366 3128 1435 ἐκοίμισε,
3201 1369 3295 1422 καὶ
3343 1370 3445 1440 τῆς

1772 1446 2051 1518 δυνάμεως
2078 1449 2138 1502 τὸ
2163 1450 2326 1503 πλέον
2359 1451 2600 1515 ἔσϐεσεν,
2630 1453 2704 1516 ὡς
2729 1455 2818 1506 καὶ
2845 1455 2936 1507 τὸν
2965 1456 3037 1525 μὴ
3061 1455 3178 1509 λίαν
3200 1463 3448 1526 γενναῖον

1771 1537 2128 1602 ἀναδέξασθαι
2167 1540 2257 1592 τὸν
2291 1541 2429 1610 πρὸς
2452 1541 2628 1595 ταῦτα
2649 1544 2833 1610 ἀγῶνα
2863 1545 2956 1597 καὶ
2989 1546 3221 1616 πόλεμον
3243 1564 3255 1576 ·
3299 1547 3446 1601 οὕτω

1772 1625 1866 1677 καὶ
1895 1626 1961 1679 τά
1985 1626 2129 1698 πάθη
2155 1627 2255 1698 τῆς
2288 1629 2487 1698 ψυχῆς,
2520 1632 2547 1682 ό
2583 1630 2690 1706 μὲν.
2711 1629 2910 1701 ἀσθενῆ
2942 1633 3131 1696 ποιῶν,
3156 1635 3442 1706 ὑποχείρια

1769 1715 1881 1776 τοῖς
1917 1715 2096 1784 ὀρθοῖς
2121 1717 2146 1756 ε
2192 1717 2330 1770 αὑτά
2367 1717 2546 1789 τίθησι
2573 1703 2849 1789 λογισμοῖς
2868 1735 2880 1748 ·
2920 1723 2948 1773 6
2979 1720 3034 1772 δὲ
3061 1703 3292 1792 τρέφων
3318 1703 3444 1776 ἐπι-

1774 1799 1953 1870 μελῶς
2015 1802 2400 1874 χαλεπωτέραν
2445 1803 2592 1874 αὑτῷ
2640 1805 2736 1875 τὴν
2782 1801 2917 1876 πρὸς
2958 1806 3096 1861 αὑτά
3153 1809 3442 1880 καθίστησι

1773 1887 1974 1959 μάχην,
2015 1892 2108 1943 καὶ
2140 1891 2311 1955 οὑτως
2350 1892 2499 1962 αὑτῷ
2542 1891 2749 1963 φοϐερά
2775 1893 2802 1932 h
2844 1893 3235 1966 ἀπεργάζεται,
3277 1899 3352 1962 ὡς
3385 1901 3444 1953 ἐν

1769 1975 1980 2047 δουλείᾳ
2003 1977 2097 2030 καὶ
2131 1978 2301 2048 δειλία
2337 1978 2427 2031 τὸν
2455 1982 2630 2032 πάντα
2669 1980 2860 2050 χρόνον
2888 1980 3056 2052 βιοῦν.
3091 1984 3186 2046 Τίς
3211 1979 3303 2037 οὖν
3329 1985 3440 2039 τῶν

1771 2061 1974 2133 θηρίων
2023 2064 2224 2118 τούτων
2275 2068 2307 2137 ή
2359 2067 2572 2137 τροφή;
2632 2067 2952 2132 Κενοδοξίας
2999 2071 3097 2140 μὲν
3142 2073 3300 2141 τιμαὶ
3346 2073 3444 2125 καὶ

1770 2151 2002 2212 ἔπαινοι,
2043 2153 2298 2216 ἀπονοίας
2325 2154 2382 2206 δὲ
2412 2154 2629 2221 ἐξουσία
2676 2156 2771 2208 καὶ
2819 2156 3139 2220 δυναστείας
3177 2158 3430 2228 μέγεθος,

1771 2237 2067 2307 βασκανίας
2117 2239 2172 2292 δὲ
2205 2242 2260 2292 αί
2305 2241 2414 2294 τῶν
2459 2241 2687 2312 πλησίον
2728 2243 3131 2315 εὐδοκιμήσεις,
3169 2247 3439 2318 φιλαργυ-

1768 2327 1890 2397 ρίας
1930 2328 1985 2379 αἱ
2031 2328 2140 2380 τῶν
2183 2331 2529 2400 παρεχόντων
2581 2331 2902 2402 φιλοτιμίαι,
2935 2333 3230 2397 ἀκολασίας
3258 2336 3439 2406 τρυφὴ

1767 2416 1860 2467 καὶ
1913 2416 1969 2467 αί
2017 2420 2258 2486 συνεχεῖς
2303 2417 2410 2470 τῶν
2456 2419 2730 2486 γυναικῶν
2773 2419 3066 2485 ἐντεύξεις,
3122 2422 3218 2474 καὶ
3250 2423 3438 2491 ἓτερον

1766 2503 1973 2571 ἐτέρου.
2003 2504 2188 2558 Πάντα
2217 2504 2274 2557 δὲ
2305 2505 2475 2558 ταῦτα
2509 2509 2588 2569 εἰς
2622 2508 2720 2578 μέν
2764 2508 2826 2561 τὸ
2867 2509 3031 2579 μέσον
3067 2509 3273 2563 ἐλθόντι
3307 2525 3440 2578 σφο-

1765 2589 1906 2658 δρῶς
1947 2589 2283 2662 ἐπιθήσεται,
2335 2593 2428 2644 καὶ
2492 2594 2760 2666 σπαράξει
2809 2613 2898 2665 μοι
2953 2596 3050 2667 τὴν
3099 2596 3301 2668 ψυχὴν,
3342 2598 3439 2650 καὶ

1767 2677 1972 2748 φοϐερά
2001 2677 2172 2738 ἔσται.
2213 2681 2307 2734 καὶ
2345 2675 2725 2753 χάλεπὼτερόν
2777 2700 2866 2752 μοι
2919 2685 3013 2737 τὸν
3065 2686 3205 2756 πρὸς
3258 2683 3438 2740 ταῦτα

1768 2766 1982 2835 ποιήσει
2028 2765 2281 2837 πόλεμον.
2330 2769 2594 2823 Ἐνταῦθα
2623 2770 2678 2822 δὲ
2721 2769 3016 2841 καθημένῳ
3056 2773 3194 2842 μετά
3237 2772 3439 2842 πολλῆς

1769 2852 1867 2920 μὲν
1902 2855 1992 2906 καὶ
2020 2853 2193 2918 οὕτως
2222 2857 2626 2927 ὑποταγήσεται
2663 2857 2802 2928 βίας,
2840 2860 3245 2931 ὑποταγήσεται
3268 2861 3313 2914 δ’
3343 2860 3438 2915 οῦν

1763 2940 1910 3008 ὅμως
1939 2943 2002 3011 τῇ
2032 2941 2124 2994 τοῦ
2170 2942 2304 2995 Θεοῦ
2333 2944 2536 3014 χάριτι,
2573 2947 2668 2998 καὶ
2696 2948 2794 3015 τῆς
2826 2946 3033 3015 ὑλακῆς
3072 2948 3256 3012 αὐτοῖς
3283 2950 3437 3003 οὐδὲν

1765 3027 1916 3080 ἔσται
1946 3029 2124 3081 πλέον.
2175 3029 2272 3082 Διά
2327 3031 2500 3083 ταῦτα
2531 3033 2623 3085 τὸν
2655 3033 2896 3087 οίκίσκον
2946 3034 3198 3098 φυλάττω
3246 3035 3436 3090 τοῦτον

1765 3115 1858 3165 καὶ
1901 3115 2156 3185 ἀπρόῖτος
2199 3118 2290 3170 καὶ
2341 3116 2701 3188 ἀκοινώνητός
2748 3121 2861 3189 εἰμι
2894 3119 3042 3191 [452]
3075 3123 3168 3173 καὶ
3208 3123 3436 3175 ἀσυνου-

1768 3201 2002 3264 σίαστος,
2055 3202 2147 3254 καὶ
2194 3204 2390 3274 μυρίας
2425 3205 2618 3275 ἐτέρας
2651 3206 2903 3269 τοιαύτας
2939 3207 3173 3277 μέμψεις
3213 3208 3433 3262 ἀκούειν

1763 3288 2046 3358 ἀνέχομαιο
2101 3288 2272 3361 ἡδέως
2320 3291 2418 3362 μέν
2455 3291 2519 3345 ἂν
2561 3293 2732 3356 αὑτὰς
2764 3295 3224 3365 ἀποτριψάμενος,
3267 3296 3346 3368 τῷ
3376 3297 3434 3350 δὲ

1767 3379 1840 3446 μὴ
1871 3376 2126 3431 δύνασθαι
2163 3379 2488 3450 δακνόμενος
2528 3381 2620 3433 καὶ
2651 3381 2848 3450 ἀλγῶν.
2898 3383 3032 3435 Οὐδέ
3061 3383 3169 3454 γὰρ
3198 3383 3432 3456 εὔπορόν

1767 3481 1878 3532 μοι,
1906 3465 2218 3536 ὁμιλητικόν
2241 3483 2294 3518 τε
2317 3467 2452 3537 ὁμοῦ
2483 3467 2758 3533 γενέσθαι,
2786 3470 2881 3523 καὶ
2907 3470 2999 3522 ἐπὶ
3029 3471 3130 3540 τῆς
3152 3471 3436 3542 παρούσης

1763 3553 2062 3620 ἀσφαλείας
2108 3555 2310 3623 μένειν.
2359 3556 2437 3607 Δι’
2481 3556 2508 3609 ὃ
2558 3558 2653 3610 καὶ
2698 3557 2858 3609 αὑτόν
2894 3574 2951 3609 σε
2985 3558 3307 3628 παρακαλῶ,
3342 3560 3434 3615 τὸν

1763 3639 1868 3690 ὑπὸ
1903 3639 2169 3710 τοσαύτης
2200 3641 2517 3713 δυσχερείας
2563 3643 2962 3715 ἐπειλημμένον
3017 3645 3184 3697 ἐλεεῖν
3235 3646 3435 3716 μᾶλλον

1765 3725 1795 3794 ἢ
1823 3726 2130 3778 διαϐάλλειν
2148 3745 2161 3757 ·
2199 3727 2312 3779 ἀλλ’
2335 3729 2546 3782 οὐδέπω
2577 3747 2634 3782 σε
2659 3731 2934 3800 πείθομεν.
2969 3731 3178 3784 υὺκοῦν
3199 3732 3316 3802 ῶρα
3344 3749 3434 3804 μοι

1764 3813 1968 3876 λοιπὸν,
2009 3813 2038 3866 ὃ
2077 3815 2237 3884 μόνον
2288 3813 2434 3884 εἰχον
2495 3817 2827 3887 ἀπόρρητον,
2874 3819 3010 3888 πρὸς
3059 3819 3118 3870 σὲ
3157 3821 3252 3872 καὶ
3274 3819 3435 3872 τοῦτο

1764 3901 2032 3958 ἐκϐαλεῖν.
2070 3905 2180 3958 Καὶ
2214 3905 2343 3967 ῐσως
2385 3906 2484 3975 μὲν
2518 3905 2745 3958 ἄπιστον
2797 3902 2936 3958 εἶναι
2991 3907 3131 3970 δόξει
3188 3907 3431 3971 πολλοῖς·

1764 3989 1874 4057 ἐγὼ
1895 3991 1950 4042 δὲ
1989 3991 2120 4043 αὑτὸ
2147 3991 2268 4044 οὐδὲ
2290 3992 2461 4055 οὑτως
2491 3995 2570 4055 είς
2602 3993 2764 4062 μέσον
2795 3995 3039 4060 ἐνεγκεῖν
3078 3997 3435 4066 αἰσχυνθήσο-

1768 4095 1884 4148 μαι.
1939 4079 2001 4130 Εἰ
2045 4077 2153 4148 γάρ
2209 4079 2302 4130 καὶ
2360 4081 2600 4150 πονηρᾶς
2665 4081 3020 4151 συνειδήσεως
3072 4082 3165 4134 καὶ
3221 4084 3431 4153 μυρίων

1765 4167 2176 4235 ἁμαρτημάτων
2226 4167 2444 4238 ἐλεγχος
2476 4168 2536 4221 τὸ
2565 4168 2852 4238 λεγόμενον
2888 4165 2944 4242 ᾗ,
2992 4169 3086 4222 τοῦ
3149 4170 3432 4240 μέλλοντος

1762 4255 1909 4324 ἡμᾶς
1952 4254 2156 4325 κρίνειν
2194 4255 2328 4308 Θεοῦ
2373 4257 2549 4309 πάντα
2599 4257 2798 4320 εἰδότος
2853 4257 3114 4322 ἀκριϐῶς,
3167 4257 3221 4310 τί
3269 4259 3434 4312 πλέον

1764 4343 1893 4410 ἡμῖν
1914 4343 1976 4393 ἐκ
2007 4342 2103 4412 τῆς
2132 4341 2236 4395 τῶν
2269 4342 2570 4414 ἀνθρώπων
2600 4344 2819 4412 ἀγνοίας
2859 4345 3178 4413 ἐγγενέσθαι
3209 4345 3433 4418 δυνήσε-

1761 4444 1879 4496 ται;
1921 4428 1985 4481 Τί
2013 4425 2106 4483 οὖν
2135 4432 2250 4483 ἐστι
2275 4431 2336 4484 τὸ
2367 4432 2704 4504 ἀπόρρητον;
2756 4433 2886 4485 Ἀπὸ
2911 4433 3010 4502 τῆς
3045 4435 3259 4504 ἡμέρας
3285 4437 3432 4490 ἐκεῖ·

1761 4533 1877 4586 νης,
1911 4511 2028 4590 ἐνῇ
2063 4521 2262 4588 ταύτην
2289 4519 2547 4590 ἐνέθηκάς
2589 4536 2677 4588 μοι
2716 4519 2814 4590 τὴν
2861 4520 3115 4589 ὑποψίαν,
3165 4523 3429 4588 πολλάκις

1763 4605 2104 4658 ἐκινδύνευσέ
2136 4623 2224 4676 μοι
2259 4607 2635 4676 παραλυθῆναι
2661 4608 2720 4660 τὸ
2753 4608 2910 4677 σῶμα
2931 4610 3112 4661 τέλεον
3136 4627 3147 4639 ·
3175 4610 3431 4676 τοσοῦτος

1765 4692 1863 4761 μὲν
1881 4692 2062 4760 φόϐος,
2097 4691 2332 4761 τοσαύτη
2363 4692 2417 4744 δέ
2453 4693 2659 4758 ἀθυμία
2705 4697 2934 4765 κατέσχε
2967 4713 3067 4765 μου
3094 4697 3194 4767 τὴν
3224 4696 3425 4768 ψυχήν.

1761 4781 1873 4849 Τῆς
1906 4781 2013 4850 γὰρ
2041 4780 2275 4849 Χριστοῦ
2297 4779 2515 4851 νύμφης
2540 4781 2636 4851 τὴν
2665 4781 2820 4848 δόξαν
2864 4784 3081 4847 ἐννοῶν,
3125 4784 3222 4855 τὴν
3257 4787 3428 4854 ἀγιω-

1767 4867 1948 4938 ιύνην,
1979 4867 2040 4920 τὸ
2067 4869 2259 4931 κάλλος
2287 4869 2346 4921 τὸ
2377 4869 2767 4938 πνευματικὸν,
2799 4871 2896 4942 την
2929 4871 3166 4936 σύνεσιν,
3203 4875 3301 4946 τὴν
3338 4875 3428 4927 εὑο

1761 4955 2012 5024 κοσμίαν,
2047 4956 2144 5007 καὶ
2181 4955 2248 5008 τά
2282 4955 2520 5026 ἐμαυτοῦ
2553 4957 2898 5029 λογιζόμενος
2929 4960 3095 5024 κακά,
3134 4961 3194 5014 οὑ
3221 4962 3427 5033 διελίμ-

1761 5059 1927 5095 πανον
1953 5044 2166 5112 ἐκείνην
2193 5061 2252 5095 τε
2292 5044 2524 5108 πενθῶν,
2565 5047 2656 5099 καὶ
2699 5047 2934 5118 ἐμαυτὸν
2983 5050 3302 5115 ταλανίζων,
3332 5051 3427 5104 καὶ

1763 5132 1961 5183 στένων
2002 5131 2237 5200 συνεχῶς
2293 5133 2386 5185 καὶ
2435 5134 2710 5206 διαπορῶν
2760 5137 2896 5208 πρὸς
2949 5140 3186 5208 ἐμαυτὸν
3241 5141 3426 5208 ἔλεγον

1757 5218 1956 5271 ταῦτα·
1991 5219 2085 5281 Τίς
2114 5216 2220 5290 ἆρα
2251 5220 2422 5274 ταῦτα
2451 5225 2868 5288 συνεϐούλευσε;
2901 5227 2954 5278 τί
2975 5228 3226 5282 τοσοῦτον
3251 5231 3424 5300 ἥμαρ-

1757 5323 1847 5358 τεν
1872 5308 1904 5376 ή
1928 5305 2022 5358 τοῦ
2065 5306 2197 5359 Θεοῦ
2233 5306 2560 5381 Ἑκκλησία;
2595 5314 2646 5366 τί
2674 5314 2990 5384 τηλικοῦτον
3025 5316 3304 5386 παρώξυνε
3334 5317 3422 5369 τὸν

1757 5393 1924 5463 αὑτῆς
1951 5394 2247 5466 Δεσπότην,
2277 5395 2352 5460 ὡς
2373 5397 2450 5469 τῷ
2472 5401 2686 5454 πάντων
2715 5404 3026 5474 ἀτιμοτάτῳ
3054 5404 3422 5475 παραδοθῆναι

1819 5589 1843 5658 β
1867 5587 2000 5658 ῌελης
2021 5593 2376 5658 ροιιρςιὶοηθιο
2401 5607 2424 5641 ιι
2441 5594 2588 5643 Savil.
2607 5598 2812 5644 muluali
2831 5610 3014 5645 sumus.
3032 5595 3310 5658 Legebalur
3326 5595 3420 5649 ὑπὸ

1752 5649 1849 5704 τοῖς
1871 5649 2037 5709 ὀρθοῖς.
2072 5651 2198 5698 Ιίξικτ.

1813 5719 1842 5749 ι
1865 5709 1964 5762 Alii
1987 5713 2303 5776 φοϐερώτερα.
