3890 6220
194 275 304 329 689

190 386 696 454 ignominiosissimo
743 388 870 442 mihi
929 389 1254 457 traderetur,
1311 401 1364 447 et
1413 403 1609 447 tantam
1667 411 1760 464 pa-

187 485 392 531 teretur
441 477 752 532 infamiam?
810 479 933 534 ΙΙωο
985 481 1290 550 frequenter
1335 501 1539 539 mecum
1593 489 1764 542 revul-

185 583 360 632 vens,
431 583 552 622 cum
623 569 949 640 indignitatis
1027 580 1185 627 tantae
1255 590 1324 628 ne
1387 579 1756 644 Cogilalimtottt

180 660 400 726 quidem
448 659 592 715 ferre
646 676 892 729 possem,
941 664 1090 732 quasi
1139 665 1394 720 attonitus
1443 676 1497 721 et
1541 678 1759 736 stupete

180 750 461 815 perculsus
486 790 501 813 ,
534 765 630 806 nec
659 751 840 806 videre
868 768 964 806 nec
993 753 1175 808 audire
1202 756 1466 825 quidpiam
1499 767 1753 827 poteram.

177 839 317 893 Cum
361 856 446 894 me
495 842 594 895 hoc
621 842 778 894 animi
827 843 1110 912 deliquium
1156 845 1424 899 desereret
1456 847 1755 916 (interdum

177 933 376 999 quippe
401 931 726 1000 desistebat),
747 933 1099 986 succedebant
1128 935 1370 1004 laerymte
1393 945 1446 988 et
1473 939 1752 991 Iltt'BSlllla:

181 1036 294 1077 tum
340 1035 456 1092 post
488 1026 835 1095 lacrymarum
864 1026 1159 1080 satietatem
1206 1027 1392 1080 iterum
1443 1029 1755 1084 adventabat

178 1118 374 1179 timor,
418 1128 646 1170 mentem
700 1117 950 1180 turbans,
997 1117 1216 1169 tumultu
1265 1120 1474 1185 replens
1517 1137 1578 1172 ac
1621 1137 1751 1173 con-

173 1209 402 1259 cutiens.
436 1204 488 1258 in
518 1217 650 1258 a35tu
694 1213 837 1258 tanto
869 1208 1186 1273 prarteritum
1235 1207 1462 1275 transegi
1509 1218 1748 1275 tempus;

175 1307 230 1348 tu
284 1314 406 1350 vero
449 1297 764 1366 ignorabas,
809 1305 863 1350 et
908 1297 958 1348 in
1008 1297 1382 1363 tranquillitate
1427 1314 1509 1351 me
1552 1301 1751 1354 versari

171 1389 519 1440 arbitrabare.
546 1388 609 1439 At
637 1401 774 1439 nunc
801 1386 890 1439 tibi
916 1386 1105 1438 anima:
1132 1402 1262 1439 mea:
1293 1388 1573 1454 procellam
1605 1404 1750 1443 rcvea

172 1477 286 1528 lare
333 1477 544 1529 tentabo
574 1492 588 1527 :
623 1474 742 1528 hinc
787 1473 1007 1527 fortasse
1053 1475 1216 1536 mihi,
1268 1475 1454 1542 positis
1495 1477 1744 1530 crimina-

171 1567 404 1621 tionibus
427 1607 443 1632 ,
473 1568 677 1620 veniam
706 1566 984 1620 concedes.
1026 1566 1123 1633 Qui
1156 1567 1292 1619 illam
1325 1569 1412 1619 tibi
1438 1607 1455 1632 ,
1483 1570 1569 1637 qui
1598 1570 1746 1622 dete-

165 1675 297 1727 gere
323 1659 563 1727 possim?
589 1659 644 1714 Si
673 1659 882 1728 quidem
909 1659 1050 1712 clare
1081 1658 1257 1711 videre
1284 1661 1445 1713 velles
1469 1700 1484 1723 ,
1517 1676 1617 1714 non
1644 1662 1745 1716 alio

166 1752 330 1805 modo
356 1766 586 1821 possem,
604 1767 760 1821 quam
785 1765 876 1805 cor
891 1749 1183 1819 detegendo
1202 1765 1376 1804 meum
1399 1769 1412 1806 :
1432 1766 1550 1804 cum
1569 1761 1742 1806 autem

165 1845 219 1897 id
251 1845 364 1898 fieri
407 1853 669 1914 nequeat,
712 1859 805 1912 per
833 1843 1110 1896 obscuram
1153 1843 1432 1912 quamdam
1465 1843 1740 1910 imaginem

167 1953 268 2002 pro
310 1935 554 1989 facultate
581 1950 694 1988 mea
729 1935 991 1988 intestitite
1019 1950 1149 1987 mete
1180 1934 1385 1987 interim
1415 1934 1612 1987 fumum
1646 1934 1737 1990 tibi

160 2025 448 2094 depingere
473 2025 732 2088 conabor;
760 2033 811 2076 ttt
827 2040 952 2077 vero
970 2039 1032 2076 ex
1059 2024 1168 2091 ipsa
1187 2024 1410 2093 imagine
1437 2026 1738 2078 mcestitiam

159 2116 335 2168 solum
384 2115 601 2182 colligas
650 2122 876 2183 oportet.
927 2113 1294 2182 Supponamus
1345 2129 1463 2166 esse
1515 2113 1737 2181 puellam

158 2206 369 2258 cuidam
397 2205 734 2272 desponsam,
753 2205 890 2273 regis
918 2204 1005 2272 qui
1037 2203 1280 2256 universo
1308 2202 1419 2255 orbi
1437 2203 1738 2256 dominetur

161 2297 322 2348 filiam
350 2336 364 2358 ,
397 2295 730 2348 inenarrabili
779 2293 1162 2363 pulchritudine
1184 2333 1200 2359 ,
1235 2293 1302 2345 ita
1349 2301 1404 2344 ut
1453 2293 1734 2345 humanam

159 2387 499 2441 transcendat
543 2397 818 2450 naturam,
848 2393 902 2439 et
945 2384 1044 2438 hac
1085 2385 1138 2437 in
1181 2398 1239 2437 re
1281 2391 1443 2436 totum
1476 2384 1735 2438 muliebre

153 2494 326 2547 genus
355 2492 545 2545 magno
573 2477 853 2529 admodum
883 2475 1186 2529 discrimine
1223 2485 1436 2543 Superet
1467 2487 1481 2527 :
1515 2474 1579 2528 ad
1620 2475 1734 2530 hare

151 2568 321 2620 animi
347 2568 538 2620 virtute
569 2576 708 2620 tanta
735 2608 748 2631 ,
779 2574 835 2618 ιιι
861 2568 1094 2618 virorum
1124 2579 1292 2634 genus
1319 2579 1499 2618 eorum
1531 2565 1616 2634 qui
1648 2566 1730 2619 vel

150 2670 281 2714 ante
325 2659 567 2723 fuerunt,
617 2659 698 2712 vel
747 2667 864 2726 post
905 2657 1061 2710 futuri
1105 2665 1264 2722 sunt,
1313 2657 1468 2724 longo
1511 2665 1629 2724 post
1672 2672 1732 2712 se

151 2751 435 2803 intervallo
491 2749 787 2816 relinquat;
849 2762 1158 2816 morumque
1216 2746 1490 2800 honestate
1545 2763 1730 2802 omnes

150 2840 502 2909 pttilosOpbia:
552 2838 800 2891 terminos
849 2837 1104 2898 excedat,
1152 2834 1408 2906 facieque
1455 2845 1730 2892 venusmte

148 2946 466 2998 corporeum
511 2945 721 2982 omnem
764 2927 1010 2982 decorem
1057 2927 1304 2980 obscuret
1349 2943 1362 2977 :
1408 2941 1729 2996 procumque

148 3023 270 3090 ejus
299 3038 402 3074 non
433 3021 500 3074 ob
529 3036 589 3075 ea
623 3028 840 3081 tantmn,
874 3034 988 3086 qua:
1017 3017 1266 3080 diximus,
1299 3017 1515 3084 virginis
1547 3033 1728 3072 amore

147 3115 342 3168 ardere
366 3154 380 3176 ,
409 3113 502 3168 sed
546 3124 798 3182 pranerea
841 3111 946 3164 alio
974 3110 1152 3162 ﬂthClO
1190 3123 1294 3177 quo
1320 3123 1441 3176 erga
1471 3108 1611 3160 illam
1645 3109 1727 3160 fn-

147 3223 275 3262 rore
300 3206 434 3260 affici
461 3247 475 3269 ,
508 3205 575 3258 ita
605 3214 660 3258 ut
687 3203 1047 3258 insanissimes
1071 3241 1086 3266 ,
1118 3201 1203 3269 qui
1235 3215 1481 3269 umquam
1512 3197 1722 3264 fuerint,

147 3305 416 3349 amatores
444 3295 596 3363 longe
625 3297 768 3347 i'etro
797 3292 1059 3359 relinquat
1084 3307 1096 3342 :
1123 3289 1245 3342 hinc
1271 3303 1527 3357 ponamus
1555 3289 1723 3352 illttm,

144 3387 233 3441 sic
257 3400 436 3439 amore
466 3384 795 3454 flagrantem,
823 3380 1065 3436 alicunde
1089 3380 1373 3446 audivisse,
1409 3379 1639 3433 futurum
1672 3391 1724 3434 ut

148 3479 382 3548 puellam
412 3477 550 3530 illam
581 3476 648 3529 ab
674 3491 733 3530 se
758 3474 1052 3528 adamatam
1077 3514 1092 3537 ,
1119 3472 1386 3526 vilissimae
1410 3473 1724 3527 conditionis

145 3574 236 3626 vir
257 3613 273 3637 ,
302 3570 544 3641 ignobilis
566 3610 581 3634 ,
625 3584 848 3638 corpore
877 3567 1092 3620 mutilus
1114 3606 1129 3627 ,
1157 3566 1498 3633 omniumque
1526 3577 1723 3618 morta-

145 3669 282 3721 lium
323 3663 673 3718 neauissimus
704 3663 754 3714 in
787 3675 1004 3714 uxorem
1045 3659 1220 3711 ducat.
1251 3659 1332 3711 An
1361 3657 1450 3711 tibi
1480 3659 1720 3727 exiguam

143 3755 350 3811 doloris
403 3754 568 3808 nostri
622 3751 899 3820 imaginem
945 3748 1482 3817 repraasentavimus?
1524 3749 1723 3802 satisne

140 3850 250 3901 erit
276 3847 554 3915 imaginem
597 3843 865 3911 hucusque
890 3839 1213 3894 deduxisse?
1241 3839 1367 3891 Mea:
1392 3839 1718 3892 declaranda!

141 3939 416 3994 mmstitia:
440 3937 568 3990 satis
589 3951 710 3990 esse
736 3945 879 4003 puto,
905 3934 1052 4000 cujus
1070 3933 1222 3991 unius
1248 3945 1402 3984 causa
1421 3930 1718 3997 exemplum

142 4032 252 4084 hoc
298 4027 651 4082 adhibuimus.
696 4024 764 4079 Ut
804 4034 978 4076 autem
1022 4033 1192 4075 metus
1234 4019 1570 4088 stupor-isque
1617 4020 1722 4073 mei

141 4117 562 4188 magnitudinem
611 4116 702 4169 tibi
753 4112 919 4167 oculis
974 4111 1284 4180 subjiciam,
1337 4109 1403 4162 ad
1447 4108 1584 4160 aliud
1635 4124 1719 4161 me

119 4203 364 4266 dconfero
405 4206 728 4273 exemplum.
773 4204 1037 4258 Ponamus
1082 4200 1369 4254 exercitum
1418 4197 1716 4266 peditibus,

137 4301 410 4370 equitibus
465 4297 791 4365 nauticisque
851 4294 976 4347 viris
1033 4293 1342 4344 instructum
1392 4304 1406 4342 :
1459 4304 1522 4344 ac
1574 4305 1720 4344 mare

139 4390 360 4462 quidem
378 4389 580 4456 operiat
596 4387 887 4440 triremium
905 4398 1173 4444 numerus;
1190 4396 1500 4448 rursumque
1517 4395 1722 4449 eampo-

136 4496 263 4536 runt
295 4479 557 4548 planities,
578 4476 938 4543 montimnque
964 4472 1187 4526 vertices
1201 4483 1461 4539 occupent
1487 4470 1718 4537 peditum

138 4570 485 4640 equitumque
503 4565 796 4635 phalanges
829 4581 842 4616 :
875 4577 948 4616 {BS
973 4575 1238 4614 armorum
1267 4561 1394 4612 solis
1436 4559 1718 4626 Splendore

139 4663 381 4716 reluceat
401 4701 416 4723 ,
455 4670 613 4728 atque
643 4657 762 4709 hinc
789 4655 996 4708 emissis
1020 4653 1178 4706 radiis
1205 4651 1473 4718 galearum
1500 4650 1715 4721 clypeo-

138 4765 368 4819 rumque
397 4749 691 4803 coruscatio
721 4747 954 4799 vibretur
985 4761 997 4795 :
1031 4743 1296 4796 innatat-um
1329 4741 1521 4810 fragor,
1551 4756 1717 4808 equo-

139 4855 371 4909 rumque
414 4839 648 4892 hinnitus
690 4835 755 4888 ad
801 4836 968 4904 ipsum
1015 4833 1198 4886 cadum
1245 4831 1440 4884 feratur
1483 4846 1498 4881 :
1548 4845 1718 4897 neque

139 4948 314 4995 mare,
333 4948 502 5001 neque
519 4939 656 4984 terra
674 4939 942 4998 appareat,
961 4925 1052 4980 sed
1071 4939 1143 4978 ars
1165 4935 1218 4977 et
1241 4925 1431 4978 ferrum
1451 4923 1679 4993 undique
1698 4937 1712 4976 :

138 5009 736 5094 ipsisquebellatoribus
749 5017 951 5071 adversi
969 5017 1081 5070 acie
1095 5019 1341 5068 instructa
1360 5024 1499 5068 stent
1515 5013 1710 5077 hostes,

134 5115 245 5172 feri
296 5113 506 5183 quidam
562 5121 839 5178 trucesque
891 5107 1008 5161 viri.
1066 5107 1228 5160 lnstet
1277 5107 1384 5171 jam
1440 5101 1716 5156 conflictus

135 5219 353 5275 tempus
377 5222 388 5256 :
415 5204 539 5257 hinc
563 5211 770 5271 raptum
797 5200 1055 5270 quispiam
1084 5197 1493 5261 adolescentem,
1518 5196 1568 5248 in
1591 5209 1716 5264 agro

134 5297 462 5359 educatum,
493 5293 582 5364 qui
626 5299 816 5361 prmter
845 5289 1167 5360 pastoritiam
1215 5287 1378 5358 lyram
1425 5295 1478 5340 et
1525 5285 1714 5354 pedum

137 5385 274 5439 nihil
307 5397 519 5452 prorsus
547 5383 678 5436 sciat
709 5397 724 5436 :
755 5382 1030 5450 ipsumque
1049 5387 1321 5431 armatura
1347 5392 1485 5431 aerea
1513 5375 1714 5442 induat,

65 5469 208 5528 *ac
273 5489 365 5542 per
429 5483 596 5526 totum
659 5470 948 5525 exercitum
1013 5466 1370 5521 circumducat
1401 5507 1416 5530 ,
1473 5465 1718 5520 ostendat

137 5563 440 5633 manipulos
493 5561 982 5630 nianipulorumque
1033 5558 1318 5620 ductores,
1375 5559 1711 5626 sagittarios,

135 5654 460 5718 funditores,
493 5653 736 5707 ordimnn
780 5651 1079 5721 pra-feries,
1112 5649 1296 5714 duces,
1326 5647 1714 5719 cataphractos,

61 4179 116 4208 Χ

1402 279 1487 336 DE
1523 281 1967 339 SACEBDOTIO.
2008 284 2134 340 LIB.
2181 286 2264 340 Ἠ.

3344 307 3446 363 690

1874 397 2097 465 equites,
2137 398 2474 468 jaculatores,
2515 404 2782 497 triremes,
2812 409 3101 466 triremium
3141 417 3438 486 pPinthUlS,
3489 433 3524 508 ς

1870 489 2096 542 munitos
2113 492 2305 544 ibidem
2325 495 2539 562 milites,
2556 489 2914 555 machinarum
2931 505 3192 561 navalium
3209 510 3436 578 copiam:
3497 489 3522 546 ἶ

1867 579 2110 635 ostendat
2135 583 2259 637 item
2285 584 2513 641 hostium
2537 590 2704 644 aciem
2730 593 3048 661 universam,
3069 597 3438 657 formidolosits

1864 683 2130 738 aspectus,
2165 689 2427 731 armorum
2470 692 2778 750 apparatum
2808 685 3093 755 diversum,
3127 691 3436 748 immensam

1865 762 2290 828 nmltitudinem,
2353 769 2554 836 valles,
2619 773 2724 827 alta
2792 777 3118 847 prmcipitia,
3178 787 3434 840 montium

1863 852 2109 907 scabrosa
2159 872 2173 905 :
2221 858 2463 911 ostendat
2506 861 2628 914 item
2673 864 2811 930 apud
2857 865 3185 925 adversarios
3230 875 3436 942 equites

1861 944 2171 1012 quibusdam
2218 951 2493 1017 prtestigiis
2523 953 2762 1008 volantes
2789 996 2803 1016 ,
2845 967 2898 1010 et
2925 961 3290 1029 cataphractos
3339 981 3435 1034 per

1858 1049 2034 1088 aerem
2051 1037 2271 1097 delatos.
2287 1041 2560 1110 omnisque
2579 1046 2944 1102 incantatiouis
2958 1052 3058 1104 vim
3071 1055 3427 1125 Speciemque:

1859 1139 2128 1179 recenseat
2149 1128 2243 1195 ipsi
2261 1130 2516 1184 bellorum
2535 1133 2878 1198 calamitates,
2899 1140 3170 1194 missilium
3197 1145 3388 1200 nubem
3409 1187 3426 1212 ,

1859 1215 2079 1268 telorum
2113 1217 2356 1281 imbrem,
2377 1219 2500 1274 hinc
2527 1239 2764 1290 magnam
2787 1228 3061 1296 caliginem
3088 1240 3141 1285 et
3159 1236 3424 1300 tenebras,

1855 1303 2281 1360 obscurissimam
2314 1318 2542 1377 noctem,
2575 1328 2730 1380 quam
2762 1319 3068 1385 sagittarum
3100 1322 3178 1374 vis
3207 1323 3423 1390 efficiat,

1854 1395 1922 1446 ita
1969 1405 2022 1448 ιιι
2066 1397 2151 1450 illa
2198 1407 2338 1453 tanta
2380 1399 2670 1470 frequentia
2717 1408 2920 1461 solarcs
2959 1411 3131 1464 radios
3173 1423 3373 1468 avertat
3407 1433 3422 1469 :

1853 1485 2122 1553 pulverem
2152 1504 2255 1542 non
2302 1490 2515 1553 minus,
2560 1509 2715 1561 quam
2766 1498 3049 1566 tenebras,
3096 1502 3279 1557 oculos
3323 1507 3420 1558 ob-

1851 1588 2190 1644 scurantem,
2245 1582 2514 1650 sanguinis
2567 1586 2744 1650 rivos,
2802 1589 3098 1642 cadentium
3153 1595 3418 1661 gemitus,

1850 1670 2099 1722 stantium
2156 1671 2456 1738 clamores,
2516 1686 2894 1742 prostratorum
2959 1695 3216 1746 acervos,
3277 1698 3420 1741 rotas

1848 1762 2100 1828 sanguine
2145 1762 2329 1816 tinctas
2355 1803 2368 1824 ,
2409 1780 2572 1832 equos
2615 1782 2733 1820 cum
2782 1772 3077 1824 sessoribus
3123 1776 3412 1844 prmcipites

1846 1859 1993 1903 actos
2021 1867 2048 1903 a
2079 1854 2413 1908 multitudine
2453 1856 2764 1912 cadtverum
2789 1899 2806 1925 ,
2853 1871 3043 1915 terram
3073 1866 3272 1919 mixtim
3303 1869 3416 1922 lnee

1845 1941 2021 1993 omnia
2063 1953 2324 1997 tenentem
2350 1986 2364 2008 ,
2394 1948 2698 2014 sanguinem
2722 1988 2740 2014 ,
2769 1965 2922 2002 arcus
2945 1993 2958 2012 ,
2989 1955 3087 2005 tela
3116 1995 3127 2012 ,
3157 1972 3412 2024 equorum

1847 2032 2084 2100 ungulas,
2109 2033 2482 2104 hominumque
2498 2038 2667 2106 capita
2686 2041 2842 2093 simul
2861 2040 3087 2108 jacentia
3107 2056 3158 2099 et
3177 2045 3409 2112 brachia,

1842 2123 2033 2174 colhnn
2061 2165 2074 2187 ,
2105 2124 2280 2177 tibiam
2306 2165 2320 2190 ,
2352 2134 2533 2192 pectus
2576 2127 2861 2182 dissectum
2888 2171 2901 2192 ,
2929 2131 3187 2188 cerebella
3226 2136 3413 2204 gladiis

1843 2212 2092 2267 haerentia
2119 2254 2134 2279 ,
2168 2215 2255 2269 teli
2300 2216 2574 2285 cuspidem
2617 2218 2882 2274 effractam
2909 2263 2925 2283 .
2957 2224 3271 2295 oculumque
3313 2245 3411 2282 ceu

1841 2302 2168 2357 infibulatutn
2221 2305 2500 2361 habentem
2550 2323 2564 2360 :
2614 2321 2825 2364 enarret
2871 2313 2995 2368 item
3049 2317 3242 2370 nautici
3289 2319 3410 2375 belli

1839 2395 1996 2461 mala,
2018 2394 2260 2451 triremes
2285 2398 2415 2453 alias
2445 2400 2632 2455 mediis
2659 2403 2708 2454 in
2739 2401 2980 2459 fluctibus
3005 2408 3406 2478 conflagrantes,

1837 2485 1968 2539 alias
2009 2500 2130 2540 cum
2175 2488 2426 2543 militibus
2474 2490 2601 2559 ipsis
2642 2491 2948 2560 demersas,
3002 2497 3251 2554 fluctuum
3297 2501 3410 2555 fra-

1835 2589 2054 2644 gorem,
2106 2587 2381 2633 nautarum
2438 2581 2758 2648 tumultum,
2806 2586 3028 2641 militum
3079 2590 3404 2658 clamorem,

1836 2666 1974 2718 unda
2020 2669 2374 2738 sanguineque
2403 2671 2619 2726 mixtam
2663 2688 2902 2741 spumam
2929 2718 2944 2739 ,
2976 2678 3322 2751 eamdemque
3354 2685 3404 2738 iu

1837 2754 2056 2807 navibus
2099 2758 2252 2810 sintut
2303 2759 2546 2813 onmihus
2596 2761 3015 2832 irrumpentem,
3063 2768 3115 2822 in
3161 2771 3406 2828 tabulatis

1834 2845 2085 2898 eadat'era
2113 2891 2126 2911 ,
2176 2849 2276 2901 alia
2323 2849 2445 2902 item
2491 2851 2771 2917 demersa,
2819 2855 2920 2908 alia
2969 2863 3399 2930 supernatantia,

1833 2935 1930 2987 alia
1959 2945 2090 2988 :estu
2137 2939 2296 2990 maris
2321 2939 2386 2992 ad
2430 2939 2575 2993 littus
2616 2943 2830 3010 appulsa
2855 2983 2871 3008 ,
2901 2946 3001 2998 alia
3049 2949 3096 3000 in
3128 2949 3252 3016 ipsis
3297 2951 3400 3006 flu-

1832 3028 2004 3081 ctibus
2033 3029 2239 3095 obruta,
2259 3045 2376 3099 qua:
2402 3031 2621 3086 navibus
2637 3033 2736 3086 iter
2759 3034 3403 3111 claudant:omnibusque

1832 3119 1953 3171 belli
1979 3121 2245 3188 tragtediis
2273 3130 2516 3176 accurate
2545 3123 2809 3186 exhibitis,
2833 3125 2990 3179 addat
3009 3137 3062 3182 et
3088 3132 3404 3198 captivitatis

1830 3211 2195 3278 calamizates,
2243 3222 2298 3266 et
2346 3214 2488 3267 oiuni
2541 3225 2709 3268 morte
2755 3216 3020 3271 duriorem
3067 3223 3398 3278 servitutem.

1830 3302 1923 3354 llis
1949 3317 2106 3371 porro
2145 3301 2295 3356 dictis
2318 3343 2333 3367 ,
2361 3303 2546 3372 jubeat
2579 3320 2770 3374 equum
2799 3307 2974 3360 Statim
3002 3311 3357 3366 conscendere
3376 3355 3393 3376 ,

1831 3395 2169 3462 universique
2211 3395 2349 3450 illius
2379 3397 2642 3451 exercitus
2683 3397 2871 3452 ducem
2914 3414 3092 3468 agere.
3124 3404 3203 3455 An
3248 3412 3393 3472 putat

1828 3484 2279 3540 adolescentulum
2315 3486 2458 3540 illum
2477 3488 2558 3541 vel
2578 3489 2742 3541 solam
2763 3487 2952 3543 horum
2990 3494 3343 3547 narrationem
3374 3502 3391 3532 ί

1830 3575 1965 3628 ferre
1997 3590 2150 3643 posse
2175 3616 2190 3640 ,
2235 3591 2296 3628 ac
2341 3591 2442 3630 non
2488 3578 2662 3644 potius
2692 3578 2773 3631 vel
2803 3594 2831 3632 a
2863 3581 3032 3647 primo
3063 3583 3136 3634 rei
3179 3592 3396 3652 aspectu

1828 3667 2007 3717 animo
2027 3666 2354 3719 defectorum
2377 3667 2528 3720 esse?

1903 3757 1984 3809 l5.
2024 3754 2172 3808 Omni
2216 3773 2381 3826 pugna
2412 3758 2816 3811 vehementiorem
2859 3776 2963 3813 esse
2999 3761 3182 3813 diaboli
3210 3762 3262 3814 in
3308 3779 3398 3817 nos

1828 3846 2088 3898 assultum.
2107 3874 2178 3886 -—
2195 3847 2268 3900 Ac
2285 3862 2352 3899 ne
2377 3856 2528 3914 putes
2552 3863 2636 3900 me
2649 3863 2764 3904 rem
2790 3850 3029 3903 oratione
3051 3851 3394 3917 amplificare,

1826 3949 1959 3988 neve
2000 3936 2120 4003 quia
2164 3934 2266 3989 hoc
2287 3950 2510 4004 corpore
2537 3951 2633 3990 ceu
2658 3936 2885 4005 quodam
2927 3954 3138 3994 carcere
3167 3941 3352 3996 inclusi
3377 3983 3394 4005 ,

1827 4027 2166 4080 invisibilium
2198 4027 2324 4080 nihil
2357 4042 2571 4095 prorsus
2612 4043 2831 4083 cernere
2861 4045 3138 4098 possumus
3163 4073 3177 4095 ,
3208 4047 3395 4100 magna

1826 4131 1943 4170 esse
1961 4117 2120 4170 ducas
2143 4133 2225 4179 ea,
2245 4134 2360 4185 qua:
2377 4134 2406 4171 a
2426 4133 2507 4172 me
2522 4119 2659 4172 dicta
2681 4130 2820 4173 sunt.
2842 4121 3002 4175 Multo
3029 4123 3126 4177 hac
3143 4125 3393 4192 majorem

1825 4217 1880 4261 et
1906 4208 2290 4262 horribiliorem
2321 4226 2542 4280 pugnam
2571 4209 2798 4276 videres,
2831 4213 2874 4265 si
2903 4213 3394 4282 ealiginosissimam

1825 4300 2018 4354 diaboli
2063 4301 2266 4366 aciem,
2316 4301 2675 4371 furiosumque
2720 4305 3022 4360 conflictum
3068 4307 3236 4362 oculis
3282 4309 3397 4362 istis

1824 4407 2044 4446 cernere
2088 4408 2287 4460 posses.
2317 4392 2432 4447 Non
2475 4396 2615 4448 enim
2661 4396 2766 4449 illic
2797 4396 2990 4450 ferrum
3029 4407 3119 4451 aut
3145 4414 3258 4466 res,
3289 4417 3392 4454 non

1824 4485 1985 4553 equi,
2017 4499 2203 4538 currus
2246 4493 2300 4538 et
2340 4495 2470 4539 rotre
2495 4528 2510 4551 ,
2545 4502 2650 4540 non
2691 4487 2824 4556 ignis
2867 4497 2922 4542 et
2959 4489 3058 4543 tela
3084 4529 3102 4556 ,
3133 4504 3236 4543 non
3283 4491 3396 4546 inec

1827 4577 2078 4640 visibilia;
2102 4577 2192 4629 sed
2211 4577 2309 4629 alia
2331 4579 2494 4630 multo
2522 4577 2602 4631 his
2621 4579 2929 4632 terribiliora
2951 4581 3393 4636 machinamenta.

1825 4667 2154 4720 Adversariis
2183 4669 2297 4719 istis
2330 4667 2458 4721 nihil
2485 4683 2617 4736 Opus
2644 4679 2723 4722 est
2755 4670 2966 4723 thorace
2990 4711 3004 4733 ,
3035 4687 3136 4722 non
3163 4671 3350 4741 clypeo
3377 4715 3392 4733 ,

1823 4772 1926 4809 non
1955 4757 2171 4811 ensibus
2195 4766 2248 4810 et
2275 4757 2436 4811 hastis
2463 4773 2476 4822 ;
2508 4759 2600 4811 sed
2626 4760 2710 4812 vel
2735 4760 2878 4814 solus
2901 4760 3238 4814 exsecranda:
3263 4761 3392 4815 aciei

1824 4858 2068 4915 aspectus
2119 4847 2346 4900 animam
2377 4847 2668 4902 dissolvere
2719 4852 2924 4916 possit,
2959 4850 3056 4902 nisi
3108 4849 3393 4904 admodum

1822 4951 2078 5004 generosa
2108 4937 2262 4991 fuerit
2288 4981 2301 5000 ,
2332 4948 2384 4990 et
2412 4954 2519 5006 prae
2547 4938 2738 4991 virtute
2767 4941 2976 5007 propria
3006 4941 3166 4992 multa
3193 4941 3394 4995 fruatur

1823 5042 1851 5080 a
1886 5029 1991 5080 Deo
2035 5028 2382 5096 providentia.
2413 5031 2488 5083 Ac
2532 5029 2576 5083 si
2622 5029 2733 5083 fieri
2782 5040 3042 5097 possetut
3085 5030 3188 5086 hoc
3233 5041 3392 5086 exuto

1823 5134 2082 5188 corpore,
2111 5119 2194 5174 vel
2238 5135 2356 5173 cum
2403 5121 2516 5190 ipso
2557 5135 2818 5191 corpore,
2847 5120 3130 5190 cdnspicne
3173 5139 3235 5178 ac
3279 5127 3392 5178 sine

1826 5209 2012 5263 timore
2055 5216 2218 5262 totam
2249 5208 2362 5278 ejus
2405 5211 2571 5264 aciem
2619 5219 2673 5264 et
2718 5210 2912 5264 bellum
2941 5221 3123 5267 contra
3168 5230 3263 5267 nos
3308 5215 3392 5267 in-

1822 5308 2078 5352 structum
2126 5300 2253 5369 ipsis
2281 5301 2447 5354 oculis
2487 5317 2734 5355 cerneres
2766 5319 2780 5354 :
2812 5302 3018 5357 videres
3061 5305 3238 5372 utique
3284 5319 3390 5358 non

1823 5389 2089 5457 sanguinis
2139 5399 2401 5444 torrentes
2423 5432 2439 5457 ,
2472 5407 2576 5464 non
2628 5392 2883 5446 cadavera
2909 5431 2927 5458 ,
2957 5392 3048 5446 sed
3097 5393 3390 5447 animarum

1823 5481 2001 5535 ruinas
2041 5489 2214 5536 tantas
2235 5521 2249 5546 ,
2278 5481 2518 5552 adeoque
2557 5483 2736 5552 gravia
2763 5483 2981 5536 vulnera
3005 5523 3020 5547 ,
3053 5491 3110 5536 ut
3154 5490 3260 5536 tota
3303 5483 3392 5540 illa

1885 5656 1903 5686 ⁸
1937 5655 2009 5703 sic
2029 5651 2191 5703 Morel.
2213 5666 2226 5715 ;
2250 5653 2338 5702 sed
2355 5653 2492 5702 Savil.
2521 5659 2571 5703 et
2590 5651 2769 5713 aliquot
2802 5649 3309 5709 uss.,ordinatm
3349 5678 3352 5679 ν
