3890 6220
476 257 568 313 691
1189 256 1244 312 5.
1285 251 1562 310 JOANNIS
1598 250 2068 308 CllliYSOSTOMl
2105 249 2420 309 ARCHIEP.
2463 249 2995 306 CONSTANTINOP.
3623 254 3714 307 ϐω

478 371 601 423 belli
651 369 974 439 descriptio,
1024 384 1180 438 quam
1231 368 1388 422 modo
1434 367 1707 435 expressi,
1762 379 2043 434 puerorum

475 462 860 514 oblectamenta
910 467 966 514 et
1012 459 1119 513 ludi
1171 474 1290 514 esse
1319 459 1594 511 videantur
1647 457 1856 525 potius,
1887 471 2044 525 quam

477 551 671 604 bellum
703 567 716 603 :
753 561 854 602 tam
901 551 1044 603 multi
1091 551 1292 603 scilicet
1335 551 1367 602 ii
1413 558 1534 602 sunt
1562 548 1649 617 qui
1689 548 1920 617 quotidie
1965 549 2044 602 fe-

477 645 704 696 riuntur.
728 641 959 696 Vulnera
984 651 1157 695 autem
1185 657 1286 694 non
1311 642 1549 694 eamdem
1579 641 1810 693 inferunt
1836 654 2043 703 necem,

481 733 568 786 sed
596 743 848 801 quantum
876 741 957 785 est
998 732 1137 786 inter
1164 732 1394 784 animam
1424 740 1479 784 et
1505 745 1697 798 corpus
1722 730 2004 782 discrimen
2028 769 2043 792 ,

479 832 619 877 tanta
663 833 746 876 est
787 823 924 876 inter
967 823 1102 876 hanc
1144 831 1198 876 et
1239 823 1381 876 illam
1412 820 1722 875 differentia.
1752 817 1882 874 Nam
1927 835 2044 873 cum

473 916 648 968 anima
681 915 881 983 plagam
911 915 1100 983 accipit
1140 923 1194 968 et
1229 915 1407 981 cadit,
1448 929 1553 968 non
1583 913 1698 968 sine
1726 928 1883 966 sensu
1906 912 2050 982 jacet

475 1015 535 1062 ιιι
576 1020 806 1074 corpus;
835 1005 929 1060 sed
967 1006 1076 1074 jam
1119 1006 1240 1060 inde
1281 1023 1345 1060 ex
1373 1007 1508 1059 mala
1551 1006 1871 1061 conscientia
1913 1021 2044 1060 con-

478 1095 696 1148 tabescit
720 1135 735 1154 .
769 1105 886 1163 post
911 1097 1108 1149 obitum
1140 1111 1267 1149 vero
1291 1139 1304 1162 ,
1329 1096 1512 1166 jndicii
1542 1104 1778 1164 tempore
1801 1135 1816 1160 ,
1845 1107 2048 1150 :eteruo

480 1186 701 1239 traditur
727 1187 1002 1255 supplicio.
1033 1187 1184 1255 Quod
1209 1188 1253 1242 si
1296 1189 1414 1257 quis
1443 1187 1508 1242 de
1547 1187 1850 1240 vulneribus
1879 1204 1906 1239 a
1937 1187 2051 1240 dia-

479 1273 600 1326 bolo
645 1274 853 1329 inﬂictis
895 1277 1024 1329 nihil
1070 1276 1285 1342 doleat,
1334 1276 1502 1344 majus
1545 1276 1641 1345 ipsi
1686 1275 1934 1330 damnum
1981 1293 2045 1330 ex

481 1364 762 1419 indolentia
791 1366 875 1419 illa
905 1366 1155 1435 infligitur
1187 1385 1199 1420 :
1231 1382 1385 1436 quem
1411 1367 1550 1420 enim
1597 1367 1739 1434 prior
1765 1367 1914 1435 plaga
1945 1381 2048 1420 non

480 1456 688 1509 mordet
711 1497 724 1520 ,
772 1457 814 1508 is
839 1457 1124 1510 secundam
1154 1466 1207 1511 et
1233 1456 1454 1511 subinde
1480 1455 1633 1509 aliam
1665 1455 1815 1509 facile
1841 1457 2049 1524 recipit.

477 1544 747 1614 Siquidem
791 1546 1021 1600 nefarius
1061 1547 1148 1600 ille
1178 1562 1345 1615 usque
1387 1546 1452 1600 ad
1482 1556 1781 1600 extremum
1829 1545 2047 1598 halitum

480 1651 763 1704 tuuuquam
807 1638 962 1690 linem
993 1635 1212 1690 feriendi
1254 1635 1418 1702 facit,
1447 1636 1492 1690 si
1536 1636 1776 1704 supiuam
1822 1635 2052 1688 inveniat

477 1729 704 1780 animam
730 1767 744 1785 .
780 1729 1085 1796 prioresque
1136 1727 1311 1798 plagas
1359 1735 1782 1782 contemnentem
1808 1743 1823 1788 ;
1854 1729 2049 1782 etenim

476 1821 519 1871 si
562 1818 837 1872 conflictus
883 1819 1096 1872 modum
1144 1819 1443 1888 expendere
1487 1819 1615 1874 velis
1641 1860 1654 1884 ,
1706 1819 1846 1874 hunc
1889 1819 2048 1873 vehe-

478 1911 828 1974 mentiorem,
883 1909 1312 1979 callidioremque
1369 1910 1623 1978 reperias.
1676 1910 1858 1977 Neque
1908 1910 2050 1964 enim

477 2001 752 2067 quisquam
781 2009 882 2062 est,
906 2002 993 2068 qui
1025 2000 1223 2054 fraudis
1249 2010 1302 2053 et
1327 2000 1431 2053 doli
1460 2007 1629 2053 tantas
1655 2002 1861 2068 Species
1890 2009 2048 2064 norit,

477 2099 702 2158 quantas
749 2091 836 2144 ille
879 2093 1135 2145 scelesws
1167 2109 1181 2145 :
1213 2106 1384 2161 neque
1435 2092 1735 2146 inimicitias
1779 2093 1896 2160 quis
1943 2101 2049 2145 tam

479 2182 836 2250 implacabiles
862 2197 1111 2237 exercere
1139 2183 1302 2250 possit
1325 2191 1510 2236 contra
1537 2183 1635 2236 sibi
1664 2182 2050 2237 infensissimos

481 2270 679 2333 hostes,
699 2282 922 2339 quantas
941 2273 1198 2342 malignus
1224 2272 1311 2327 ille
1336 2273 1542 2327 daunon
1559 2283 1741 2327 contra
1767 2273 2050 2326 lmmanam

480 2373 743 2416 naturam.
774 2363 1017 2416 Animum
1062 2374 1235 2417 autem
1262 2364 1306 2418 si
1347 2364 1464 2432 quis
1500 2365 1878 2418 examinaverit
1903 2405 1917 2429 ,
1949 2371 2054 2431 quo

482 2468 707 2521 pugnam
735 2453 1016 2507 committit
1038 2494 1052 2517 ,
1084 2458 1228 2508 certe
1265 2454 1541 2508 ridiculum
1567 2454 1771 2522 putabit
1813 2454 2053 2508 homines

483 2545 579 2610 ipsi
627 2542 724 2597 hac
766 2559 817 2596 In
873 2554 1018 2612 parte
1061 2543 1314 2600 conferri.
1349 2544 1441 2599 Sin
1484 2545 1910 2598 iracundissimas
1941 2553 2050 2596 tru-

479 2634 968 2704 culentissimasque
1010 2634 1151 2689 feras
1180 2637 1436 2704 quispiam
1468 2636 1702 2705 deligens
1729 2678 1743 2701 ,
1777 2651 1868 2688 eas
1916 2636 2054 2688 illius

480 2727 699 2779 insania:
751 2741 1058 2797 comparare
1113 2729 1375 2794 voluerit,
1431 2728 1880 2781 mansuetissimus
1934 2727 2052 2780 illas

481 2815 992 2884 lmmanissimasqne
1019 2833 1137 2872 cum
1166 2819 1253 2872 illo
1278 2826 1611 2886 comparatas
1637 2833 1754 2870 esse
1783 2817 2012 2870 inveniet
2037 2833 2049 2867 :

484 2917 682 2959 tantum
736 2907 826 2960 ille
880 2906 1108 2960 furorem
1163 2908 1364 2976 spirat,
1420 2921 1538 2960 cum
1591 2908 1793 2960 animas
1847 2915 2054 2959 uoti-as

479 2996 736 3050 adoritur.
765 2997 956 3066 Pugna:
1001 3012 1157 3065 porro
1189 2997 1458 3050 hominum
1487 2997 1648 3050 breve
1695 3004 1900 3064 tempus
1930 3006 2048 3060 est;

481 3088 587 3139 imo
615 3087 664 3140 in
694 3087 790 3142 hac
819 3087 1071 3141 brevitate
1099 3088 1351 3156 temporis
1381 3087 1560 3140 multa:
1586 3087 1776 3140 dantur
1803 3087 2047 3139 induciae.

479 3178 591 3232 Nox
618 3179 811 3248 quippe
837 3178 1216 3246 superveniens
1241 3219 1255 3241 ,
1282 3186 1335 3232 et
1359 3177 1631 3232 occidendi
1657 3177 1807 3231 labor
1827 3219 1843 3243 ,
1871 3185 1926 3231 et
1949 3177 2050 3230 cibi

479 3269 718 3339 capiendi
773 3278 978 3337 tempus
1003 3311 1017 3334 ,
1049 3271 1255 3338 aliaque
1308 3271 1473 3323 multa
1498 3311 1512 3332 ,
1545 3269 1694 3322 militi
1745 3268 2050 3338 quiescendi

481 3369 792 3431 potestatem
824 3361 1057 3426 faciunt,
1088 3362 1159 3414 ita
1185 3371 1242 3415 ut
1266 3371 1584 3414 armaturam
1611 3375 1824 3414 omnem
1852 3369 2009 3412 exuit
2031 3398 2047 3423 ,

483 3466 768 3519 parumque
808 3452 1068 3519 respiret,
1098 3465 1258 3519 seque
1288 3450 1405 3504 cibo
1449 3461 1679 3519 potaque
1707 3451 1946 3513 reﬁciat,
1990 3464 2053 3503 ac

481 3542 662 3594 multis
690 3541 806 3594 aliis
849 3541 1008 3595 rebus
1051 3541 1296 3608 pristinas
1326 3541 1464 3595 vires
1491 3549 1786 3610 recuperet.
1831 3539 1886 3594 In
1916 3541 2052 3595 bello

481 3643 656 3686 autem
701 3642 882 3685 contra
913 3633 1195 3700 malignqu
1243 3633 1387 3685 illum
1430 3648 1713 3702 numquam
1760 3634 1880 3687 licet
1906 3649 2051 3686 arma

482 3737 679 3790 ponere
703 3763 716 3785 ,
761 3737 858 3776 nec
887 3737 1128 3776 somnum
1174 3736 1366 3790 capere
1406 3738 1526 3776 eum
1556 3724 1642 3790 qui
1673 3723 1800 3776 velit
1842 3737 2053 3790 semper

482 3813 839 3866 invulneratus
881 3827 1016 3866 esse.
1046 3813 1125 3866 Ex
1165 3812 1370 3868 duobus
1395 3814 1533 3866 enim
1563 3829 1721 3866 unum
1754 3814 2052 3868 necesSario

478 3905 638 3974 eligat
662 3913 870 3974 oportet
893 3947 908 3971 ,
938 3913 995 3958 ut
1018 3915 1110 3959 aut
1135 3906 1287 3960 cadat
1312 3915 1368 3960 et
1395 3915 1576 3974 pereat
1600 3907 1761 3962 armis
1788 3907 2010 3961 nudatus
2035 3949 2048 3971 ,

477 4006 568 4050 aut
612 4005 844 4050 armatus
891 4005 997 4051 stet
1037 3997 1316 4066 vigiletqne
1360 4011 1590 4066 semper.
1637 3997 1767 4051 Nam
1817 3998 1905 4052 ille
1948 4007 2054 4052 stat

481 4098 734 4157 perpetuo
761 4104 879 4142 cum
905 4089 1020 4143 acie
1047 4105 1161 4152 sua,
1181 4099 1415 4144 nostram
1438 4090 1713 4159 segnitiem
1740 4090 2049 4155 observans,

480 4177 756 4246 niajnsqne
797 4177 1028 4230 studium
1054 4177 1117 4231 ad
1149 4187 1382 4231 nostram
1427 4179 1713 4248 perniciem
1755 4179 2049 4245 adhibens,

479 4283 636 4335 quam
665 4283 761 4322 nos
783 4269 848 4321 ad
876 4269 1098 4322 salutem
1139 4277 1393 4322 nostram.
1425 4271 1501 4324 Ac
1528 4271 1664 4338 quod
1697 4285 1724 4322 a
1755 4271 1908 4322 nobis
1945 4284 2050 4323 non

479 4359 719 4413 videatur
741 4402 756 4424 ,
785 4360 1027 4428 quodth
1052 4361 1336 4429 derepente
1362 4361 1615 4429 irrumpat
1644 4361 1798 4431 (qua:
1823 4359 2051 4415 maxime

2151 372 2203 420 tu
2231 380 2392 419 causa
2419 376 2542 419 sunt
2567 363 3027 420 innumerabilium
3054 365 3361 437 malorum),
3391 365 3443 419 id
3471 375 3614 421 certe
3638 367 3714 432 iis,

2151 458 2239 526 qui
2271 472 2376 510 non
2403 469 2614 525 semper
2641 455 2894 524 vigilant,
2925 456 3090 524 magis
3133 455 3350 511 dubium
3379 457 3537 524 hujus
3570 473 3717 528 quam

2153 549 2294 601 illius
2341 547 2461 602 belli
2513 556 2760 603 eventum
2809 546 2952 601 facit.
3008 546 3106 601 llic
3157 547 3313 617 igitur
3367 564 3464 602 nos
3517 549 3720 603 volebas

2152 639 2348 692 milites
2373 636 2565 692 Christi
2592 636 2831 692 ducere?
2861 638 2927 691 At
2953 637 3054 692 hoc
3078 636 3262 692 fuisset
3303 638 3516 693 diabolo
3541 641 3720 694 ducem

2151 744 2270 781 esse
2292 746 2303 780 ;
2325 742 2444 781 nam
2462 743 2582 783 cum
2610 729 2671 793 is,
2693 730 2780 798 qui
2800 728 2959 782 debet
2979 729 3111 783 alios
3136 729 3202 782 ad
3227 729 3423 784 bellum
3444 731 3720 798 instruere,

2153 819 2387 888 ipsisque
2432 833 2694 887 Imperare
2717 859 2732 884 ,
2764 818 3001 873 omnium
3031 820 3455 889 imperitissimus
3483 825 3724 875 inﬁrmis-

2152 910 2422 979 simusque
2449 919 2530 964 est
2553 951 2568 976 ,
2598 910 2857 979 imperitia
2901 925 2995 964 sua
3023 910 3358 965 concreditos
3391 911 3493 964 sibi
3536 912 3725 966 milites

2154 998 2383 1067 prudens
2403 1039 2418 1064 ,
2452 999 2661 1054 diabolo
2699 1001 2867 1069 magis
2890 1041 2903 1064 ,
2947 1015 3104 1070 quam
3133 1000 3344 1055 Christo
3368 1005 3561 1056 ducem
3601 1003 3722 1072 agit.

2152 1089 2231 1142 Tu
2285 1105 2409 1144 vero
2461 1089 2585 1159 quid
2643 1090 2980 1159 ingemiscis.
3029 1090 3157 1160 quid
3210 1091 3564 1162 lacrymaris?
3615 1093 3724 1146 Non

2152 1180 2294 1234 enim
2321 1197 2438 1250 qua:
2465 1181 2530 1235 ad
2561 1197 2646 1234 me
2677 1184 2940 1249 pertinent
2967 1197 3106 1236 nunc
3135 1183 3381 1253 lacrymis
3405 1183 3560 1252 digna
3585 1197 3725 1250 sunt,

2153 1272 2248 1325 sed
2291 1272 2481 1340 gaudio
2506 1281 2560 1326 et
2603 1273 2799 1327 lmtitia.
2834 1272 3162 1329 BASILIUS.
3193 1276 3261 1328 At
3287 1289 3392 1328 non
3421 1275 3545 1328 item
3574 1293 3687 1328 mea
3712 1317 3726 1337 ,

2154 1362 2341 1431 inquit,
2359 1361 2453 1416 sed
2481 1363 2650 1430 potius
2667 1365 2930 1418 Sexcentis
2959 1373 3082 1418 sunt
3109 1364 3265 1433 digna
3294 1364 3613 1432 planctibus.
3638 1365 3730 1417 Vix

2153 1454 2293 1507 enim
2347 1454 2600 1508 hactenus
2653 1454 3077 1508 animadvertere
3131 1454 3314 1522 potui,
3372 1455 3425 1508 in
3479 1466 3728 1521 quantum

2155 1548 2414 1599 malorum
2443 1561 2528 1600 me
2571 1546 2882 1613 conjeceris.
2923 1545 3192 1614 Siquidem
3222 1546 3341 1600 ideo
3382 1555 3432 1599 te
3457 1549 3729 1612 adierant,

2156 1644 2212 1688 ιιι
2237 1636 2360 1704 quid
2389 1636 2820 1690 criminatoribus
2851 1638 2953 1690 tuis
2980 1637 3108 1690 mihi
3137 1636 3566 1706 respondendum
3595 1650 3733 1692 esset

2154 1727 2449 1781 ediscet-em
2484 1744 2497 1779 :
2531 1736 2585 1780 tu
2631 1742 2760 1781 vero
2805 1743 2890 1782 me
2933 1728 3157 1782 dimittis
3199 1743 3380 1783 curam
3430 1729 3592 1782 aliam
3640 1747 3731 1798 pro

2155 1819 2254 1870 alia
2285 1817 2544 1886 injiciens.
2573 1817 2687 1871 Non
2730 1817 2873 1873 enim
2895 1818 3006 1887 jam
3036 1818 3163 1872 mihi
3206 1834 3349 1873 cura:
3375 1830 3456 1874 eSt
3479 1820 3607 1888 quid
3635 1821 3734 1874 illis

2157 1923 2252 1977 pro
2280 1916 2329 1962 te
2359 1909 2706 1978 respondeam
2733 1949 2748 1973 ,
2777 1909 2870 1963 sed
2914 1924 3070 1978 quam
3114 1910 3180 1964 ad
3208 1911 3372 1965 Deum
3405 1912 3603 1977 parabo
3644 1927 3734 1979 pro

2157 2017 2241 2053 me
2272 2015 2472 2068 proque
2501 1999 2650 2053 malis
2678 2001 2810 2054 meis
2833 2000 3215 2054 defensionem.
3237 2001 3500 2054 Ca-terum
3530 2012 3582 2056 te
3612 2018 3736 2070 rogo

2155 2100 2210 2145 ct
2237 2091 2460 2144 obsecro
2485 2133 2499 2155 ,
2531 2093 2574 2144 si
2616 2108 2716 2160 qua
2749 2091 2842 2144 tibi
2888 2100 2971 2145 est
3001 2107 3176 2145 rerum
3226 2107 3462 2146 mearqu
3492 2107 3620 2145 cura
3644 2134 3658 2156 ,
3691 2093 3735 2145 si

2155 2199 2257 2252 qua
2304 2185 2353 2235 in
2384 2183 2595 2236 Christo
2639 2183 2930 2236 consolatio
2965 2183 3240 2253 (Philipp.
3285 2184 3340 2236 2.
3391 2186 3417 2239 l
3446 2185 3463 2253 )
3493 2227 3508 2250 ,
3541 2186 3588 2238 si
3632 2201 3732 2254 qua

2157 2275 2358 2326 viscera
2405 2283 2456 2327 et
2510 2274 3000 2327 connniserationes
3045 2273 3063 2342 (
3089 2274 3284 2328 etenim
3330 2274 3469 2327 nosti
3514 2289 3601 2328 me
3653 2284 3733 2328 tua

2159 2363 2490 2431 potissimum
2510 2377 2667 2432 Opera
2697 2363 2748 2416 iu
2767 2363 2867 2416 hoc
2894 2364 3178 2431 periculum
3197 2365 3494 2430 conjectum
3515 2363 3697 2434 fuisse)
3719 2383 3730 2416 :

2158 2471 2370 2508 manum
2417 2456 2543 2508 mihi
2589 2455 2826 2524 porrigas
2850 2495 2865 2520 ,
2898 2455 2986 2509 illa
3028 2455 3215 2509 dicens
3243 2455 3552 2524 faciensque
3575 2498 3590 2521 ,
3622 2468 3735 2525 qua:

2158 2563 2254 2600 nos
2294 2545 2580 2601 emendare
2623 2545 2826 2616 possint
2858 2565 2870 2598 :
2905 2559 2971 2613 pe
3013 2545 3246 2599 animmu
3279 2545 3497 2599 inducas
3523 2587 3538 2609 ,
3583 2555 3643 2598 ut
3677 2545 3740 2597 ad

2156 2638 2520 2692 brevissimum
2541 2653 2636 2692 nos
2653 2647 2857 2707 tempus
2871 2636 3115 2702 deseras;
3132 2639 3223 2691 sed
3245 2653 3382 2692 nunc
3401 2639 3573 2706 magis
3590 2655 3739 2705 quam

2157 2729 2301 2797 prius
2323 2743 2605 2782 commune
2631 2729 2701 2783 sit
2728 2728 2880 2782 nobis
2905 2728 3332 2782 contubernium.
3357 2727 3738 2783 CllltYSOST.

2156 2820 2269 2890 Ego
2313 2830 2486 2874 autem
2515 2819 2579 2873 ad
2617 2819 2732 2875 haec
2757 2820 2915 2876 verba
2958 2820 3240 2876 subridens
3273 2839 3286 2874 :
3319 2822 3383 2875 Et
3412 2839 3516 2890 qua
3565 2824 3617 2874 itt
3647 2840 3702 2876 re
3725 2863 3737 2884 .

2157 2911 2391 2980 inquam,
2413 2911 2505 2964 tibi
2532 2910 2648 2964 usui
2676 2926 2794 2964 esse
2810 2910 3010 2980 possim
3038 2912 3088 2965 in
3117 2921 3256 2966 tanta
3286 2912 3371 2964 illa
3405 2916 3738 2980 negatinrum

2158 3001 2337 3054 mole?
2364 3000 2645 3060 Caeterum,
2677 3003 2797 3070 quia
2830 3001 2880 3055 id
2912 3001 3003 3055 tibi
3031 3002 3083 3055 in
3113 3013 3234 3056 voto
3257 3012 3357 3066 est,
3391 3004 3536 3056 bono
3566 3005 3740 3057 animo

2155 3102 2306 3152 esto,
2357 3106 2390 3146 o
2436 3089 2688 3145 dilectum
2733 3091 2862 3145 mihi
2907 3101 3064 3161 caput
3105 3109 3120 3146 :
3167 3108 3271 3162 quo
3313 3094 3458 3147 enim
3502 3104 3741 3164 tempore

2154 3197 2183 3233 a
2214 3183 2354 3236 curis
2399 3181 2700 3250 hujusmodi
2744 3181 2835 3235 tibi
2883 3185 3147 3252 respirare
3187 3184 3400 3245 licebit,
3435 3184 3608 3237 adero
3651 3187 3737 3239 tibi

2156 3279 2311 3339 teque
2339 3271 2654 3324 consolabor
2677 3313 2691 3337 ,
2738 3281 2989 3340 quantutn
3019 3273 3072 3325 in
3117 3288 3201 3326 me
3244 3280 3346 3326 crit
3389 3276 3538 3326 nulla
3570 3277 3664 3328 tibi
3694 3278 3740 3329 in

2155 3378 2213 3416 re
2256 3362 2554 3418 defuturus.
2584 3363 2662 3416 Ad
2690 3363 2802 3416 haec
2847 3363 2936 3416 ille
2961 3364 3124 3432 magis
3171 3363 3512 3433 illacrymaus
3558 3367 3741 3434 surgit.

2156 3451 2269 3521 Ego
2324 3467 2452 3506 vero
2508 3453 2678 3506 virum
2732 3453 3079 3520 complexus,
3137 3464 3398 3522 caputque
3455 3453 3742 3508 deoscula-

2155 3553 2239 3599 tus
2263 3586 2277 3609 ,
2308 3545 2479 3613 ipsum
2507 3544 2701 3600 deduxi
2747 3544 2983 3599 hortatus
3007 3587 3021 3612 ,
3056 3555 3113 3598 ιιι
3154 3545 3292 3614 quod
3319 3546 3598 3599 acciderat
3637 3547 3742 3600 for-

2155 3640 2278 3691 titer
2320 3637 2522 3704 ferret,
2569 3637 2652 3690 his
2697 3637 2921 3691 verbis:
2955 3637 3226 3691 Fiduciam
3277 3639 3326 3690 in
3375 3637 3603 3692 Christo
3653 3640 3742 3693 ha-

2155 3729 2255 3784 beo
2287 3770 2302 3792 ,
2359 3730 2447 3798 qui
2493 3738 2545 3783 te
2591 3729 2805 3783 vocavit
2847 3729 3062 3798 suisque
3112 3727 3348 3797 prrefecit
3388 3729 3592 3783 ovibus
3625 3772 3640 3792 ,
3696 3741 3744 3783 te

2156 3828 2354 3872 tantam
2399 3835 2468 3874 ex
2523 3819 2624 3873 hoc
2672 3818 2970 3872 ministerio
3011 3819 3388 3887 acquisiturnm
3435 3819 3741 3884 fiduciam,

2157 3920 2212 3964 ut
2253 3925 2350 3964 nos
2391 3911 2478 3965 illa
2519 3911 2608 3966 die
2655 3911 3014 3981 periclitantes
3057 3911 3109 3965 in
3154 3923 3350 3965 :ctema
3395 3911 3743 3965 tabernacula

2155 4001 2378 4070 recipias
2420 4002 2460 4055 ¹.

2219 4245 2236 4276 ¹
2271 4251 2320 4292 ιιι
2343 4242 2438 4292 line
2460 4242 2639 4305 addunt
2655 4241 2850 4305 quidam
2869 4241 3063 4305 codices
3088 4240 3228 4305 hanc
3245 4237 3328 4305 vel
3369 4239 3590 4305 similem
3609 4238 3750 4305 elati-

2157 4305 2328 4364 solam,
2350 4303 2507 4368 gratia
2529 4311 2574 4368 et
2598 4300 2928 4368 ritisei'icordia
2950 4302 3098 4368 nostri
3123 4300 3310 4368 benigni
3336 4301 3443 4359 Dei,
3461 4300 3547 4350 cui
3569 4301 3754 4363 gloria,

2157 4377 2272 4426 etc.,
2297 4364 2440 4429 quam
2459 4367 2507 4414 in
2530 4364 2625 4414 line
2651 4365 2948 4414 homiliarum
2972 4365 3145 4426 passim
3167 4365 3402 4412 videmus.

486 4599 3748 4634 gmw

1759 4618 2089 4631 —————.

1125 4755 1202 4816 IN
1246 4754 1655 4818 HOMILIAM
1699 4755 1862 4819 CUM
1902 4756 2362 4819 PRESBYTER
2409 4757 2590 4820 FUIT
2631 4756 3108 4822 OBDINATUS.

545 4937 697 4994 Hanc
753 4940 982 5009 primam
1041 4939 1230 4992 habuit
1289 4939 1570 4993 homiliam
1627 4939 2056 5011 Chrysostomus

476 5037 763 5098 postquam
817 5043 847 5080 a
884 5027 1142 5082 Flaviano
1178 5028 1480 5082 Antiochiae
1520 5029 1778 5098 episcopo
1827 5031 1880 5084 in
1923 5049 2046 5101 pre-

476 5123 754 5192 sbyterum
787 5120 1032 5175 adiectus
1059 5128 1113 5175 et
1141 5120 1429 5174 ordinatus
1481 5121 1604 5184 fuit,
1657 5121 1876 5177 ineunte
1901 5125 2053 5178 vide-

471 5213 597 5268 licet
633 5227 778 5266 anno
810 5211 956 5276 586;
1007 5220 1247 5282 tuncque
1295 5212 1530 5281 primum
1574 5213 1889 5268 conciouari
1941 5229 2055 5270 caa-

471 5305 593 5375 pit,
645 5319 770 5358 cum
832 5303 1110 5364 antehac,
1167 5311 1226 5356 ιιι
1274 5302 1390 5370 ipse
1453 5303 1565 5367 ait,
1620 5303 1724 5359 hoc
1789 5307 2054 5374 palaestrae

471 5409 645 5464 genus
703 5410 980 5462 nunquam
1033 5394 1321 5464 attigisset.
1389 5392 1621 5458 Quando
1690 5407 1871 5451 autem
1950 5397 2056 5451 hoc

475 5487 712 5552 primum
774 5495 888 5541 tttm
967 5487 1334 5554 eloquentia,
1415 5497 1526 5540 tum
1601 5488 1880 5543 modestiae
1944 5505 2056 5544 suae

473 5577 745 5648 specimen
769 5575 937 5643 dedit,
968 5576 1441 5643 adolescentulus,
1474 5577 1848 5648 μειρακίσκος,
1891 5589 2009 5634 erat
2036 5597 2048 5609 ·

2159 4940 2263 4996 hoc
2299 4956 2492 5011 nempe
2534 4956 2593 4997 se
2624 4941 2849 4996 nomine
2881 4956 2993 4997 non
3041 4943 3210 4999 semel
3260 4945 3494 5015 appellat
3546 4949 3608 5003 in
3662 4951 3770 5005 hac

2159 5032 2418 5086 hemilia:
2455 5048 2798 5103 quanquam,
2837 5033 2882 5089 si
2910 5033 3079 5091 ducto
3128 5036 3337 5092 calculo
3386 5053 3576 5094 annos
3633 5045 3768 5096 vitze

2159 5125 2307 5180 illius
2340 5141 2714 5190 numeremus,
2762 5137 2924 5183 natus
2954 5144 3102 5184 anno
3126 5144 3252 5184 cum
3278 5129 3604 5187 tardissime
3631 5135 3766 5196 317,

2159 5228 2218 5271 ut
2258 5218 2310 5271 in
2347 5217 2469 5272 Vita
2515 5219 2633 5287 ejus
2679 5220 2928 5289 pluribus
2969 5232 3471 5290 commoustratur,
3521 5229 3763 5281 ordina-

2158 5317 2355 5378 tusque
2421 5311 2707 5382 presbyter
2765 5313 2988 5368 ineunte
3049 5313 3199 5380 586,
3257 5316 3763 5387 quadragesimum

2157 5403 2376 5455 circiter
2408 5404 2587 5459 aetatis
2615 5415 2797 5474 ageret
2841 5421 3044 5459 annum
3075 5424 3089 5460 :
3127 5421 3298 5477 usque
3329 5407 3467 5463 adeo
3489 5410 3766 5480 explora-

2159 5503 2270 5546 tum
2307 5509 2428 5548 esse
2472 5493 2655 5560 debet,
2717 5513 2782 5551 ex
2831 5497 3145 5566 hujusmodi
3195 5499 3394 5565 verbis,
3463 5503 3762 5570 puerulus,

2150 5585 2600 5654 adolescentulus,
2625 5598 2680 5645 ct
2717 5590 2958 5646 vicissim
3003 5608 3182 5658 senex,
3213 5605 3468 5649 extrema:
3489 5607 3760 5651 senectu-
