3860 6216
111 1577 118 1584 ι

155 186 259 240 GCI

162 297 267 368 τὴν
314 297 523 350 ἐκείνου
570 295 878 368 παράταξιν
929 295 1025 348 καὶ
1073 295 1164 348 τὸν
1219 295 1356 368 πρὸς
1412 297 1562 367 ἡμᾶς
1620 298 1855 368 πόλεμον

162 384 604 455 ὀφθαλμοφανῶς
640 384 767 437 ίδεῖν
792 424 807 448 ,
841 379 982 448 εἶδες
1023 382 1088 436 ἂν
1120 385 1180 436 ού
1223 385 1559 456 χειμάρρους
1587 386 1852 456 αἱμάτων.

163 471 290 523 οὐδὲ
319 470 545 540 σώματα
575 470 767 542 νεκρὰ,
804 469 940 524 ἀλλά
973 469 1158 542 ψυχῶν
1190 470 1459 540 πτώματα
1482 472 1736 534 τοσαῦτα,
1763 475 1858 527 καὶ⁵

163 557 462 630 τραύματα
498 557 641 612 οὕτω
670 558 884 630 χαλεπά
907 598 920 622 ,
956 560 1032 622 ὡς
1061 558 1280 612 ἅπασαν
1329 560 1544 632 ἐκείνην
1579 559 1672 614 τοῦ
1700 560 1858 614 πολέ-

165 663 274 716 μου
304 647 403 718 τήν
436 646 762 718 ὑπογραφὴν
785 688 798 712 ,
828 648 896 717 ἢν
946 647 1070 718 ἀρτι
1100 647 1315 719 διῆλθον
1345 648 1483 718 πρὸς
1533 649 1614 714 σὲ,
1650 649 1856 702 παίδων

161 734 333 788 τινῶν
361 747 386 774 α
419 734 712 807 ἀθύρματα
745 730 885 788 εἶναι
924 735 1164 806 νομίσαι,
1196 737 1290 789 καῖ⁸
1334 737 1556 790 παιδιάν
1591 738 1788 808 μᾶλλον
1821 739 1855 810 ἢ

165 826 440 895 πόλεμονο
485 824 734 878 τοσοῦτοι
785 827 832 877 οἱ
879 825 1002 878 καθ’
1050 826 1287 896 ἑκάστην
1339 826 1703 896 πληττόμενοι
1758 827 1856 898 τὴν

163 913 406 983 ἡμέραν.
437 911 517 964 Τά
568 913 624 964 δὲ
655 911 950 982 τραύματα
977 913 1076 964 οὐκ
1115 912 1234 981 ἴσην
1280 912 1574 983 ἐργάζεται
1624 915 1722 984 τὴν
1769 914 1856 965 νέ-

167 1018 399 1071 κρωσιν,
432 1000 546 1052 ἀλλ’
579 1000 701 1054 ὅσον
732 1000 911 1070 ψυχῆς
941 1001 1037 1053 καὶ
1072 999 1324 1066 σώματος
1350 1001 1412 1054 τὸ
1441 1000 1630 1072 μέσον,
1663 1000 1855 1054 τοσοῦ-

164 1104 260 1139 τον
298 1088 514 1156 ἐκείνης
548 1089 642 1140 καὶ
693 1087 897 1154 ταύτης
930 1087 991 1140 τὸ
1022 1087 1297 1156 διάφορον.
1328 1089 1498 1142 Ὅταν
1554 1089 1661 1160 γὰρ
1713 1089 1856 1162 λάϐῃ

166 1179 271 1246 τὴν
305 1177 521 1248 πληγὴν
557 1178 589 1247 ή
622 1177 770 1248 ψυχὴ
823 1177 918 1229 καὶ
961 1176 1102 1247 πέσῃ
1127 1215 1141 1238 ,
1190 1178 1250 1229 οὐ
1288 1178 1465 1230 κεῖται
1513 1177 1765 1248 καθάπερ
1795 1177 1857 1231 τὸ

170 1266 333 1335 σῶμα
368 1265 820 1334 ἀνεπαισθήτως,
874 1263 1010 1317 ἀλλά
1056 1263 1401 1332 βασανίζεται
1458 1265 1554 1334 μὲν
1605 1265 1855 1319 ἐντεῦθεν

167 1353 275 1422 ἤδη
305 1355 372 1423 τῇ
417 1353 630 1423 πονηρᾷ
677 1351 980 1421 συνειδήσει
1012 1351 1294 1422 τηκομένη
1318 1368 1331 1381 °
1371 1351 1509 1422 μετά
1553 1351 1610 1404 δὲ
1642 1353 1741 1422 τὴν
1770 1354 1856 1406 ἐν·
1899 1354 1902 1357 ’

167 1440 322 1494 θέεὴε
355 1440 702 1511 ἀπαλλαγήν,
741 1440 884 1493 κατὰ
910 1439 1002 1492 τὸν
1030 1439 1132 1508 τῆς
1164 1439 1401 1510 κρίσεως
1434 1438 1628 1508 καιρὸν
1656 1438 1856 1491 ἀθανά-

165 1546 246 1596 τῳ
280 1528 628 1598 παραδίδοται
651 1527 913 1599 τιμωρίᾳ.
946 1529 1009 1580 Εἰ
1037 1527 1094 1579 δέ
1123 1544 1207 1589 τις
1233 1526 1553 1596 ἀναλγήτως
1585 1525 1696 1595 ἔχοι
1720 1526 1856 1595 πρὸς

166 1616 269 1678 τὰς
298 1614 390 1669 τοῦ
427 1617 674 1670 διαϐόλου
707 1617 958 1686 πληγὰς,
995 1615 1177 1685 μεῖζον
1213 1613 1320 1667 ὑπὸ
1358 1615 1459 1683 τῆς
1497 1612 1856 1682 ἀναισθησίας

164 1705 368 1774 ἐκείνῳ
401 1705 610 1772 γίνεται
639 1705 700 1756 τὸ
732 1704 936 1756 δεινόν·
977 1703 1006 1753 ὁ
1035 1701 1144 1771 γὰρ
1179 1701 1272 1755 ἐπὶ
1299 1703 1364 1771 τῇ
1403 1701 1646 1772 προτέρα
1673 1699 1854 1770 πληγῇ

171 1793 248 1864 μὴ
275 1793 524 1862 δηχθεὶς,
557 1792 795 1854 εὐκόλως
838 1791 1052 1860 δέχεται
1092 1789 1120 1828 δ
1153 1790 1248 1842 καὶ¹
1277 1789 1564 1860 δευτέραν,
1596 1789 1690 1840 καὶ
1739 1790 1855 1858 μετ’

166 1883 388 1952 ἐκείνην
438 1881 654 1952 ἑτέραν.
689 1881 764 1933 Ού
815 1880 924 1950 γὰρ
969 1878 1320 1949 διαλιμπάνει
1362 1878 1524 1949 μέχρι
1573 1875 1723 1949 [455]
1766 1879 1858 1929 καὶ

165 1969 269 2037 τῆς
297 1969 532 2038 ἐσχάτης
560 1969 836 2038 ἀναπνοῆς
877 1967 1051 2021 παίων
1079 1969 1106 2020 ὁ
1139 1966 1336 2037 μιαρὸς
1361 2005 1376 2029 ,
1415 1966 1544 2018 ὅταν
1575 1963 1712 2034 εὕρῃ
1757 1965 1858 2032 ψυ-

166 2057 272 2125 χὴν
309 2057 530 2119 ὑπτίαν,
560 2057 654 2110 καὶ
679 2056 790 2108 τῶν
817 2056 1098 2126 προτέρων
1128 2053 1579 2124 καταφρονοῦσαν
1608 2052 1852 2124 πληγῶν.

170 2145 234 2196 EE
271 2144 328 2196 δέ
365 2145 459 2196 καὶ
499 2145 598 2214 τῆς
643 2144 920 2215 συμϐολῆς
965 2144 1058 2196 τὸν
1087 2143 1288 2212 τρόπον
1319 2140 1594 2207 ἐξετάζειν
1632 2141 1854 2204 ἐθέλοις,

171 2232 308 2284 πολὺ
344 2232 549 2303 ταύτην
582 2244 602 2271 ο
639 2233 1006 2304 σφοδροτέραν
1046 2232 1142 2285 καὶ
1177 2230 1577 2300 ποικιλωτέραν
1606 2229 1738 2292 ῐδοις
1769 2229 1854 2284 ἄν.

169 2319 311 2372 Οὔτε
361 2320 470 2391 γὰρ
517 2321 725 2388 κλοπῆς
776 2319 868 2372 καὶ
900 2319 1050 2372 δόλου
1077 2317 1346 2382 τοσαύτας
1380 2334 1465 2380 τις
1498 2312 1638 2369 οἶδεν
1682 2316 1856 2380 ἰδέας,

167 2409 302 2470 ὅσας
331 2411 540 2472 ἐκεῖνος
577 2411 606 2462 ὁ
635 2409 830 2478 μιαρός
854 2425 867 2438 °
894 2406 1068 2480 ταύτῃ
1106 2407 1236 2475 γοῦν
1280 2405 1381 2476 τὴν
1408 2404 1628 2457 πλείονα
1661 2405 1860 2473 κέκτη-

165 2513 260 2548 ται
293 2496 525 2565 δύναμιν
551 2514 564 2528 ·
609 2497 735 2550 οὔτε
782 2495 983 2568 ἔχθραν
1015 2513 1102 2558 τις
1135 2494 1310 2557 οὕτως
1344 2494 1653 2564 ἀκήρυκτον
1701 2491 1860 2545 δύνα-

166 2601 260 2637 ται
283 2583 311 2622 ἀ
343 2584 490 2652 ἔχειν
524 2587 660 2657 πρὸς
687 2587 814 2649 τοὺς
851 2586 989 2653 ἄγαν
1017 2582 1465 2654 πολεμιωτάτους
1499 2580 1646 2650 αὐτῷ
1673 2621 1687 2640 ,
1724 2581 1858 2650 ὅσην

168 2673 312 2742 πρὸς
344 2673 443 2744 τὴν
470 2674 820 2745 ἀνθρωπείαν
850 2673 1012 2741 φύσιν
1052 2674 1081 2725 ὁ
1114 2671 1352 2742 πονηρὸς
1379 2670 1588 2739 δαίμων
1626 2669 1854 2732 ἐκεῖνος.

167 2762 284 2814 Καὶ
312 2761 412 2832 τὴν
444 2761 756 2832 προθυμίαν
783 2761 841 2814 δέ
875 2761 1028 2821 εἴτις
1061 2758 1330 2822 ἐξετάζοι,
1377 2756 1495 2828 μεθ’
1521 2751 1589 2828 ἦς
1625 2755 1859 2826 μάχεται

166 2851 418 2914 ἐκεῖνος,
474 2849 783 2921 ἀνθρώποις
836 2849 934 2919 μὲν
968 2846 1199 2901 ἐνταῦθα
1231 2846 1325 2898 καὶ
1376 2845 1584 2913 γελοῖον
1631 2843 1859 2914 περιϐα-

167 2938 286 2992 λεῖν
310 2955 324 2968 ·
350 2941 398 2992 εί
423 2939 481 2992 δέ
509 2956 592 3002 τις
633 2939 702 2991 τὰ
742 2935 1086 3008 ὸργιλώτατα
1110 2935 1205 2987 καὶ⁷
1238 2934 1588 3002 ἀπηνέστατα
1617 2930 1726 2983 τῶν
1761 2929 1858 2997 θη-

172 3028 310 3098 ρίων
353 3026 714 3096 ἐκλεξάμενος
763 3023 1091 3077 ἀντιτιθέναι
1140 3022 1282 3075 θέλοι
1316 3023 1383 3091 τῇ
1441 3019 1632 3072 τούτου
1671 3019 1854 3088 μανία,

169 3115 460 3186 πραότατα
489 3115 615 3167 ὂντα
649 3115 743 3167 καὶ
765 3111 1098 3184 ἡμερώτατα
1126 3111 1352 3181 εὑρήσει
1385 3111 1450 3179 τῇ
1479 3107 1764 3179 παραϐολῇ
1793 3118 1815 3145 θ
1842 3121 1855 3135 ’

167 3203 432 3256 τοσοῦτον
463 3197 619 3265 οὗτος
645 3204 768 3254 πνεῖ
798 3201 990 3270 θυμὸν,
1023 3201 1145 3261 ταῖς
1174 3197 1473 3268 ἡμετέραις
1503 3194 1858 3266 προσϐάλλων

167 3291 394 3360 ψυχαῖς.
431 3292 540 3343 Καὶ
561 3291 590 3343 ό
617 3290 716 3360 τῆς
749 3289 928 3359 μάχης
947 3287 1005 3340 δὲ
1023 3286 1212 3357 χρόνος
1238 3283 1472 3338 ἐνταῦθα
1509 3283 1605 3354 μὲν
1629 3282 1856 3352 βραχὺς,

171 3381 271 3433 καὶ
300 3381 357 3430 ἐν
391 3378 468 3448 τῷ
493 3377 684 3447 βραχεῖ
712 3377 769 3429 δὲ
806 3375 954 3446 αὐτῷ
985 3373 1175 3427 πολλαὶ
1203 3374 1259 3425 αἱ
1292 3371 1594 3441 ἀνακωχαί.
1617 3371 1728 3422 Καὶ
1749 3370 1859 3439 γὰρ

168 3468 272 3520 καὶ
323 3465 420 3530 νὺξ
469 3464 770 3518 ἐπελθοῦσα
796 3507 808 3528 ,
842 3465 934 3517 καὶ
965 3465 994 3516 ό
1037 3462 1131 3515 τοῦ
1181 3459 1408 3530 σφάζειν
1455 3460 1732 3529 κάματος,
1765 3459 1860 3511 καὶ

167 3553 381 3624 τροφῆς
406 3552 596 3622 καιρὸς
616 3593 630 3616 ,
663 3552 757 3605 καὶ.
786 3550 957 3603 πολλὰ
988 3549 1152 3619 ἕτερα
1187 3545 1543 3602 διαναπαύειν
1571 3545 1663 3598 τὸν
1700 3561 1861 3615 στρα-

167 3641 376 3710 τιώτην
404 3641 669 3709 πέφυκεν,
702 3640 778 3702 ὡς
805 3641 900 3691 καὶ
941 3636 1206 3690 ἀποδῦναι
1240 3636 1338 3705 τὴν
1370 3631 1736 3702 παντευχίαν,
1765 3631 1861 3683 καὶ

168 3729 519 3782 ἀναπνεῦσαι
553 3727 573 3767 ί
607 3727 838 3798 μικρὸν,
874 3726 967 3778 καὶ
995 3726 1128 3794 σίτῳ
1183 3723 1278 3775 καὶ
1325 3721 1475 3790 ποτῷ
1523 3715 1857 3788 καταψῦξαι,

169 3819 276 3871 καὶ
320 3817 527 3888 ἐτέροις
577 3815 788 3878 πολλοῖς
819 3812 917 3882 τὴν
947 3811 1219 3882 προτέραν
1247 3805 1659 3878 ἀνακτήσασθαι
1702 3805 1862 3858 δύνα-

173 3923 296 3977 μιν.
340 3906 467 3958 Ἐπὶ
490 3904 545 3956 δὲ
577 3901 671 3955 τοῦ
701 3900 940 3973 πονηροῦ
986 3900 1088 3952 οὐκ
1114 3898 1228 3950 ἐστι
1254 3896 1322 3949 τὰ
1349 3896 1488 3948 ὅπλα
1528 3893 1861 3946 καταθέσθαι

170 3993 333 4054 ποτὲ,
364 3994 465 4045 οὐκ
497 3991 642 4045 ἐστιν
675 3990 841 4043 ῦπνον
875 3987 1110 4060 ἄρασθαι
1153 3987 1242 4038 τὸν
1272 3984 1595 4054 βουλόμενον
1620 3982 1862 4053 ἄτρωτον

174 4083 366 4152 μένειν
399 4080 709 4143 διαπαντός.
741 4077 984 4146 Ἀνάγκη
1005 4075 1115 4146 γὰρ
1151 4074 1297 4126 δυοῖν
1336 4071 1584 4140 θάτερον,
1619 4070 1861 4140 ἤπεσεῖν

241 4243 268 4271 ³
294 4241 448 4290 Savil.
487 4246 539 4290 et
578 4240 769 4301 aliquot
802 4251 929 4301 mss,
943 4237 1139 4301 miowv
1151 4234 1274 4301 τινά,
1299 4231 1476 4282 Morel.
1500 4235 1552 4280 et
1576 4230 1658 4280 alii
1679 4229 1862 4277 παίδων

171 4305 340 4353 τινῶν.
370 4301 560 4351 Ibidem
586 4298 713 4349 unus
737 4302 819 4348 καὶ
843 4299 1039 4360 παίγνια
1063 4298 1258 4360 μᾶλλον.

237 4366 270 4405 δ
295 4365 446 4426 Savil.
473 4370 527 4412 et
543 4364 627 4412 alii
650 4364 854 4426 δέχεται,
876 4361 1047 4410 Morel.
1073 4360 1266 4413 δέξεται.

242 4429 269 4458 ⁸
301 4429 338 4476 Α
349 4425 399 4474 Ii-i
420 4426 609 4482 ταύτης.

239 4488 270 4528 ἀ
303 4486 404 4537 Alii
429 4488 698 4544 δυνήσεται.

245 4549 401 4626 zeli},
418 4547 1010 4626 €3.*2‘e.'£er“§:,,.___,-__
1067 4607 1115 4626 -.
1140 4612 1250 4626 ..η

245 4610 271 4656 ί
302 4609 405 4661 Alii
431 4615 486 4658 et
505 4600 656 4658 SaVil'.
682 4603 1034 4664 διαναπνεῦσαι,
1066 4607 1119 4653 et
1140 4612 1252 4650 mox
1275 4600 1522 4663 ἀναψῦξαι.

1467 179 1557 234 DE
1595 181 2051 239 SACERDOTIO.
2093 183 2220 240 LIB.
2268 183 2351 238 VI.

3529 195 3639 253 692

1960 300 2052 353 καὶ
2083 298 2377 353 ἀπολέσθαι
2419 297 2806 370 γυμνωθέντα’,
2842 303 2874 373 ἢ
2905 303 2991 358 διά
3024 308 3224 374 παντὸς
3250 309 3638 382 καθωπλισμέ-

1958 406 2047 442 νον
2078 388 2289 442 ἐστῶτα
2321 388 2350 430 ⁸
2387 389 2480 442 καὶ
2534 390 2874 462 ἐγρηγορότα
2924 389 3085 450 εἶναι.
3125 397 3236 450 Καὶ
3267 399 3377 470 γὰρ
3429 401 3638 463 ἐκεῖνος

1957 476 2248 540 διαπαντὸς
2301 476 2499 548 ἕστηκε
2547 477 2688 547 μετά
2740 479 2838 550 τῆς
2890 481 3054 534 αὐτοῦ
3115 486 3507 556 παρατάξεως,
3537 487 3637 551 τὰς

1957 564 2234 635 ἡμετέρας
2284 564 2552 636 ῥᾳθυμίας
2602 566 2936 638 παρατηρῶν
2963 608 2978 632 ,
3017 569 3240 627 πλείονά
3277 591 3337 627 τε
3367 575 3636 646 εἰσφέρων

1961 657 2196 726 σπουδὴν
2226 658 2300 719 εἰς
2343 657 2440 728 τὴν
2469 657 2746 728 ἡμετέραν
2793 659 3070 714 ἀπώλειαν
3092 703 3106 726 ,
3136 661 3168 732 ἢ
3216 665 3296 728 είς
3329 663 3427 735 τὴν
3459 682 3638 736 σωτη-

1963 744 2081 814 ρίαν
2110 745 2271 814 ἡμεῖς
2319 744 2416 813 τὴν
2465 743 2696 798 ἐαυτῶν.
2727 747 2837 799 Καὶ
2867 747 2928 799 τὸ
2974 749 3048 820 μὴ
3092 751 3324 819 ὁρᾶσθαι
3365 752 3422 805 δέ
3471 753 3634 806 αὐτὸν

1960 831 2049 900 ὑφ’
2073 831 2252 902 ήμῶν,
2280 832 2374 884 καὶ
2409 831 2470 884 τὸ
2511 831 2772 903 ἐξαπίνης
2798 835 3136 890 ἐπιτίθεσθαι
3171 838 3228 909 (ἃ
3260 839 3495 909 μάλιστα
3525 840 3635 896 τῶν

1962 920 2170 991 μυρίων
2196 921 2341 973 ἐστὶν
2369 919 2519 973 αἴτια
2551 921 2756 992 κακῶν)
2788 925 2900 986 τοῖς
2925 925 3022 976 οὐκ
3053 927 3384 998 ἐγρηγορόσι
3408 928 3634 981 διαπαν-

1956 1008 2047 1070 τὸς
2075 1008 2208 1060 πολὺ
2239 1007 2428 1060 τοῦτον
2462 1007 2812 1079 ἀπορώτερον
2836 1009 3043 1065 ἐκείνου
3085 1013 3326 1066 δείκνυσι
3355 1014 3446 1068 τὸν
3473 1015 3634 1069 πόλε-

1962 1112 2079 1166 μον.
2105 1095 2373 1149 Ἐνταῦθα
2420 1092 2512 1150 οὖν
2554 1098 2704 1167 ἡμᾶς
2738 1096 2928 1167 ἤθελες
2975 1105 3299 1171 στρατηγεῖν
3326 1105 3439 1166 τοῖς
3466 1120 3634 1174 στρα-

1956 1183 2178 1248 τιὼταις
2207 1183 2302 1237 τοῦ
2324 1183 2596 1255 Χριστοῦ;
2636 1182 2798 1236 Ἀλλὰ
2831 1184 2908 1254 τῷ
2935 1185 3168 1257 διαϐόλῳ
3197 1188 3354 1242 τοῦτο
3375 1186 3442 1261 ἦν
3472 1207 3635 1261 στραο

1956 1276 2161 1344 τηγεῖν.
2212 1274 2379 1326 Ὅταν
2429 1272 2535 1345 γὰρ
2589 1274 2618 1324 ό
2655 1273 2960 1327 διατάττειν
3012 1277 3106 1328 καὶ
3140 1277 3455 1348 διακοσμεῖν
3506 1279 3636 1341 τοὺς

1955 1362 2178 1426 λοιποὺς
2201 1361 2454 1431 ὀφείλων,
2488 1361 2707 1415 πάντων
2735 1363 3094 1434 ἀπειρότατος
3123 1366 3216 1418 καὶ
3242 1366 3636 1429 ἀσθενέστατος

1954 1447 2021 1524 ᾗ,
2057 1451 2290 1522 προδοὺς
2331 1449 2435 1502 ὑπὸ
2482 1448 2582 1518 τῆς
2628 1450 2885 1517 ἀπειρίας
2935 1451 3058 1509 τοὺς
3105 1453 3526 1518 πιστευθέντας,
3558 1452 3636 1524 τῷ

1957 1538 2188 1609 διαϐόλῳ
2243 1537 2440 1608 μᾶλλον
2492 1537 2897 1609 ἐστρατήγησεν
2941 1538 3080 1609 ήτῷ
3124 1539 3364 1609 Χριστῷ.
3393 1540 3554 1592 Ἀλλὰ
3583 1541 3635 1593 τί

1961 1626 2166 1690 στένεις
2190 1669 2203 1690 ,
2238 1625 2292 1678 τί
2324 1623 2581 1694 δακρύεις
2605 1640 2618 1688 ;
2646 1624 2708 1676 οὐ
2733 1623 2842 1695 γὰρ
2875 1623 3089 1694 θρήνων
3130 1627 3254 1689 ἄξια
3295 1626 3362 1679 τά
3385 1629 3504 1679 κατ’
3534 1625 3637 1697 ἐμὲ

1957 1712 2074 1777 νῦν,
2100 1713 2214 1767 ἀλλ’
2241 1711 2582 1782 εὐφροσύνης
2600 1711 2694 1764 καὶ
2725 1712 2918 1782 χαρᾶς.
2951 1711 3325 1764 ΒΑΣΙΛΕΙΟΣ.
3350 1713 3490 1765 ’Λλλ“
3514 1714 3636 1783 οὐχὶ

1959 1802 2051 1854 καὶ
2088 1801 2157 1853 τά
2184 1801 2314 1870 ἐμὰ,
2347 1799 2531 1869 φησὶν,
2574 1797 2710 1852 ἀλλὰ
2740 1798 2947 1868 μυρίων
2979 1797 3103 1863 ἀξια
3136 1799 3308 1853 ταῦτα
3338 1801 3584 1856 κοπετῶν
3617 1818 3631 1832 ·

1959 1887 2053 1940 νῦν
2080 1888 2189 1957 γὰρ
2222 1887 2374 1956 μόλις
2401 1885 2674 1956 ήδυνήθην
2705 1884 2934 1938 συνιδεῖν
2963 1880 3020 1938 οἷ
3046 1884 3152 1938 τῶν
3183 1885 3368 1939 κακῶν
3401 1904 3468 1956 με
3498 1888 3637 1958 ἠγα-

1959 1991 2074 2041 γες.
2106 1973 2249 2042 Ἐγὼ
2276 1973 2373 2044 μέν
2420 1973 2528 2043 γὰρ
2563 1973 2810 2043 εἰσῆλθον
2841 1972 2976 2043 πρὸς
3034 1972 3093 2024 σὲ
3118 2013 3133 2037 ,
3183 1973 3211 2025 ὅ
3251 1989 3304 2026 τι
3338 1973 3468 2026 ποτέ
3495 1973 3638 2046 ὑπὲρ

1963 2064 2057 2116 σοῦ
2109 2063 2245 2134 πρὸς
2295 2063 2422 2125 τοὺς
2480 2061 2845 2129 ἐγκαλοῦντας
2897 2061 3348 2132 ἀπολογήσομαι,
3384 2061 3638 2133 δεόμενος

1964 2151 2188 2221 μαθεῖν’
2226 2151 2290 2203 σὺ
2335 2150 2393 2202 δέ
2432 2167 2500 2220 με
2533 2151 2838 2220 ἐκπέμπεις
2873 2150 3065 2220 ἐτέραν
3095 2150 3210 2203 ἀνθ’
3243 2151 3436 2221 ἐτέρας
3481 2169 3640 2223 φρον-

1959 2239 2080 2292 τίδα
2118 2237 2314 2302 ἐνθείς.
2347 2238 2423 2290 Ού
2453 2237 2563 2308 γὰρ
2609 2237 2690 2289 ἔτι
2725 2254 2814 2307 μοι
2861 2237 3043 2308 μέλλει
3067 2277 3082 2302 ,
3109 2237 3164 2291 τί
3211 2238 3348 2309 πρὸς
3392 2239 3640 2304 ἐκείνους

1962 2328 2102 2398 ὑπὲρ
2132 2327 2248 2390 σοῦ,
2285 2325 2420 2379 ἀλλὰ
2455 2324 2507 2376 τί
2538 2325 2675 2396 πρὸς
2694 2325 2785 2378 τὸν
2805 2324 2938 2378 Θεὸν
2973 2325 3111 2394 ὑπὲρ
3137 2326 3376 2396 ἐμαυτοῦ
3405 2329 3502 2380 καὶ
3528 2327 3638 2380 τῶν

1961 2416 2110 2485 ἐμῶν
2142 2414 2552 2485 ἀπολογήσομαι
2584 2413 2790 2466 κακῶν.
2821 2413 2968 2483 Πλὴν
2999 2413 3136 2466 ἀλλά
3176 2413 3270 2468 σοῦ
3320 2414 3515 2484 δέομαι
3544 2416 3642 2468 καὶ

1960 2504 2224 2558 ἀντιϐολῶ
2246 2547 2260 2569 ,
2297 2505 2426 2557 εἴτι
2468 2521 2550 2557 σοι
2581 2503 2732 2573 μέλει
2761 2503 2868 2556 τῶν
2903 2504 3075 2574 ἐμῶν,
3111 2504 3166 2557 εί
3185 2521 3270 2568 τις
3293 2505 3640 2576 παράκλησις

1960 2593 2018 2644 ἐν
2043 2592 2262 2662 Χριστῷ
2278 2633 2292 2649 ,
2323 2591 2443 2645 εῖτι
2469 2590 2814 2662 παραμύθιον
2844 2592 3066 2662 ἀγάπης
3091 2631 3104 2654 ,
3129 2593 3183 2644 ετ
3205 2609 3327 2645 τινα
3354 2592 3640 2662 σπλάγχνα

1961 2679 2056 2730 καὶ
2082 2677 2353 2749 οἰκτιρμοί
2387 2677 2503 2748 (καὶ
2538 2679 2647 2748 γὰρ
2701 2674 2878 2740 οἶδας,
2909 2678 2990 2730 ὅτι
3035 2695 3100 2748 με
3157 2679 3390 2749 μάλιστα
3419 2679 3639 2732 πάντων

1961 2765 2122 2828 αὐτὸς
2169 2767 2249 2828 εἰς
2293 2764 2483 2818 τοῦτον
2530 2765 2622 2817 τὸν
2655 2763 2898 2818 κίνδυνον
2941 2766 3206 2836 ἤγαγες),
3238 2769 3395 2837 χεῖρα
3426 2767 3636 2836 ὄρεξον,

1962 2854 2054 2906 καὶ
2075 2853 2248 2921 λέγων
2289 2853 2382 2906 καὶ
2412 2852 2667 2923 πράττων
2702 2851 2853 2924 [456]
2894 2852 2963 2906 τὰ
2990 2853 3264 2922 δυνάμενα
3291 2855 3439 2924 ἡμᾶς
3476 2855 3635 2923 ἀγορα-

1962 2940 2117 2993 θοῦν·
2152 2941 2287 3010 μηδέ
2314 2941 2523 3010 ἀνάσχῃ
2554 2939 2689 3010 πρὸς
2719 2938 2850 3007 γοῦν
2875 2941 2937 2991 τὸ
2964 2939 3303 3012 βραχύτατον
3320 2943 3354 3012 ή
3365 2942 3470 3009 μᾶς
3502 2940 3641 2993 ἀπο·-

1960 3028 2138 3080 λιπεῖν
2158 3070 2172 3093 ,
2227 3027 2362 3081 ἀλλά
2391 3027 2486 3080 νῦν
2545 3027 2743 3096 μᾶλλον
2773 3026 2805 3097 ἢ
2839 3025 3103 3098 πρότερον
3153 3026 3337 3089 κοινάς
3365 3026 3635 3080 ποιεῖσθαι

1960 3115 2058 3178 τὰς
2085 3114 2388 3185 διατριϐάς.
2432 3113 2767 3169 ΧΡΥΣΟΣΤ.
2802 3113 2945 3182 Ἐγὼ
2977 3114 3034 3167 δὲ
3079 3115 3397 3184 μειδιάσας,
3441 3114 3548 3166 Καὶ
3583 3114 3638 3166 τί

1964 3203 2356 3275 συμϐαλέσθαι,
2382 3204 2539 3273 ἔφην,
2576 3202 2629 3255 τί
2657 3203 2715 3256 δέ
2750 3221 2809 3256 σε
2837 3202 3027 3272 ὀνῆσαι
3050 3203 3352 3274 δυνήσομαι
3376 3201 3514 3270 πρὸς
3543 3219 3637 3255 το-

1964 3294 2150 3348 σοῦτον
2180 3293 2519 3364 πραγμάτων
2554 3291 2753 3360 ὅγκον;
2799 3292 2946 3361 Πλὴν
2985 3291 3099 3344 ἀλλ’
3130 3290 3315 3360 ἐπειδή
3361 3307 3442 3342 σοι
3478 3289 3640 3344 τοῦτο

1962 3382 2079 3451 ἡδὺ,
2113 3381 2326 3452 θάρρει,
2354 3374 2398 3432 ὧ
2428 3379 2556 3448 φίλη
2587 3378 2796 3450 κεφαλή
2822 3396 2836 3410 ο
2872 3378 2962 3432 τὸν
2985 3379 3090 3451 γὰρ
3112 3378 3303 3449 καιρὸν
3337 3377 3456 3431 καθ’
3479 3378 3538 3430 ὃν
3571 3376 3638 3431 ἂν

1963 3471 2057 3542 ἐξῇ
2082 3488 2164 3524 σοι
2186 3469 2295 3522 τῶν
2322 3469 2530 3522 ἐκεῖθεν
2555 3467 2849 3536 φροντίδων
2871 3467 3153 3531 ἀναπνεῖν,
3185 3466 3279 3520 καὶ
3301 3465 3634 3536 παρέσομαι,

1963 3558 2057 3612 καὶ
2110 3555 2476 3629 παρακαλέσω
2500 3595 2515 3619 ,
2559 3556 2655 3607 καί⁵
2702 3552 2811 3606 τῶν
2846 3554 2927 3616 είς
2974 3553 3202 3623 δύναμιν
3233 3552 3332 3623 τὴν
3366 3551 3503 3623 ἐμὴν
3548 3552 3638 3604 ἐλ-

1961 3645 2131 3715 λείψω
2158 3643 2184 3680 1³
2216 3646 2387 3697 οὐδέν.
2411 3642 2536 3695 Ἐπὶ
2557 3641 2768 3705 τούτοις
2799 3641 2963 3694 πλέον
2983 3642 3189 3704 ἐκεῖνος
3229 3640 3509 3711 δακρύσας
3538 3642 3637 3693 ἀν-

1967 3737 2178 3787 ίσταται
2197 3749 2213 3766 ο
2243 3732 2353 3800 ἐγὼ
2380 3731 2438 3784 δὲ
2467 3730 2614 3801 αύτῷ
2640 3728 2977 3800 περιχυθεὶς,
3009 3729 3103 3782 καὶ
3134 3729 3510 3798 καταφιλήσας
3539 3728 3638 3800 τήν

1963 3819 2204 3891 κεφαλὴν
2228 3859 2243 3885 ,
2277 3817 2638 3889 προύπεμπον
2658 3857 2673 3880 ,
2702 3815 3034 3890 παρακαλῶν
3070 3816 3334 3884 γενναίως
3365 3816 3550 3887 φέρειν
3577 3817 3639 3868 τδ

1966 3906 2331 3978 συμϐεϐηκός.
2365 3903 2614 3957 Πιστεύω
2641 3903 2778 3974 γάρ,
2804 3903 2963 3973 ἔφην,
2993 3902 3069 3974 τῷ
3098 3902 3386 3955 καλέσαντί
3419 3920 3477 3955 σε
3505 3903 3642 3972 Χρι-

1969 3996 2078 4067 στῷ
2097 4037 2110 4058 ,
2138 3996 2232 4048 καὶ
2257 3997 2369 4057 τοῖς
2403 3992 2554 4054 ίδίοις
2584 3991 2938 4060 ἐπιστήσαντι
2959 3990 3262 4060 προϐάτοις
3280 4030 3293 4054 ,
3320 3991 3400 4042 ὅτι
3435 3989 3638 4042 τοσαύ-

1963 4099 2062 4150 την
2086 4083 2149 4134 ἐκ
2175 4081 2273 4151 τῆς
2302 4079 2577 4142 διακονίας
2603 4076 2809 4146 ταύτης
2839 4076 3016 4146 κτήσῃ
3043 4076 3141 4145 τὴν
3175 4075 3487 4146 παρρησίαν
3506 4116 3520 4139 ,
3562 4075 3640 4139 ὡς

1963 4169 2058 4224 καὶ
2101 4169 2249 4240 ἡμᾶς
2288 4167 2430 4221 κατά
2473 4167 2572 4237 τὴν
2604 4164 2818 4236 ἡμέραν
2864 4163 3080 4233 ἐκείνην
3119 4161 3524 4226 κινδυνεύοντας
3558 4164 3639 4226 είς

1963 4257 2062 4328 τὴν
2093 4255 2310 4310 αἰώνιόν
2344 4273 2438 4309 σου
2467 4252 2720 4319 δέξασθαι
2749 4251 2974 4322 σκηνήν.

2031 4345 2056 4384 ε
2081 4343 2180 4393 Alii
2199 4343 2410 4402 ἑστάναι,
2435 4342 2617 4389 omisso
2632 4353 2746 4403 mox
2772 4337 2993 4403 eivat,_el.
3011 4337 3082 4386 sic
3104 4333 3256 4403 Sgyil.
3293 4396 3305 4403 _
3514 4395 3526 4403 .
3597 4393 3610 4403 .

2030 4405 2059 4444 ιλ
2085 4404 2187 4455 Alii
2209 4395 2430 4468 έλλείψεί.
2452 4403 2507 4452 In
2523 4404 2626 4468 ﬁne
2644 4402 2830 4468 addunt
2849 4395 3048 4468 quidam
3071 4397 3271 4468 codices
3293 4396 3418 4468 lianc
3448 4395 3548 4468 νει
3569 4395 3638 4467 si:

1964 4452 2449 4523 milem—olausul'am,
2474 4465 2628 4526 χάριτι
2660 4463 2740 4510 καὶ
2776 4452 3142 4526 οἱκξιρμοῖςτοῦ
3158 4458 3494 4526 Δφιλοινθρώποιζ
3512 4452 3640 4526 Θεοῦ

1966 4481 2134 4518 muem
2164 4481 2449 4523 elausmam,
2506 4481 2628 4526 αριτι
2660 4481 2740 4510 και
2776 4481 3034 4523 οικτιρμοις
3057 4481 3142 4506 του
3204 4481 3493 4520 ιΑοινυρωτιυυ
3512 4481 3640 4505 οων

1966 4531 2124 4591 ἡμῶν,
2151 4529 2193 4591 ᾧ
2213 4529 2382 4591 πρέπει
2405 4481 2536 4585 δὸέξι,
2559 4531 2656 4573 etc.
2678 4535 2825 4586 quam
2850 4523 2902 4569 in
2920 4527 3015 4570 line
3040 4481 3348 4569 homiliarum
3369 4516 3546 4580 passim
3568 4518 3640 4566 vi-

1966 4595 2157 4640 demus.

2969 4762 3323 4774 _.___.———.-

1745 4778 2056 4788 _——_-»

1715 4905 2115 4970 MONITUM.

284 5082 376 5139 tis.
409 5079 615 5134 nullam
657 5091 822 5148 posse
846 5072 1215 5140 chronologiae
1253 5072 1520 5127 rationem
1565 5069 1711 5124 duci.
1741 5065 1864 5122 Jam

283 5187 419 5228 sane
437 5171 780 5227 ostendimus
803 5171 909 5224 hoc
935 5164 1285 5236 computandi
1342 5177 1512 5234 genus
1576 5173 1863 5233 aggressos

289 5266 437 5318 viros
463 5265 656 5319 doctos
717 5263 1030 5332 frequenter
1095 5259 1281 5328 lapsos
1335 5270 1477 5311 esse.
1525 5252 1649 5307 Uno
1700 5250 1864 5307 verbo

287 5356 632 5422 concludam,
655 5365 944 5425 postquam
967 5351 1208 5407 vidimus
1228 5356 1458 5403 matrem
1483 5343 1863 5416 Chrysostomi

182 5509 184 5512 ,
291 5449 381 5502 vix
408 5447 886 5518 quadragesimum
917 5445 1208 5514 septimum
1239 5441 1415 5496 aetatis
1450 5453 1652 5494 annum
1678 5451 1863 5493 emen-

177 5546 186 5577 ί
286 5554 409 5596 sam
438 5555 499 5595 se
529 5549 686 5594 aetate
711 5545 1055 5608 provectam,
1080 5535 1478 5606 γεγηρακυῖαν,
1515 5539 1569 5586 et
1618 5529 1866 5600 sepulcro

289 5637 598 5706 proximam
635 5634 838 5698 dicere,
869 5640 925 5687 ct
949 5632 1127 5702 ipsum
1158 5629 1611 5700 Chrysoslomum
1639 5622 1871 5694 quadra-

605 5749 882 5810 ΡΑτιιοι..
924 5747 1041 5808 Gn.
1077 5744 1356 5807 XLVIII.

1971 5065 2252 5138 genarium
2278 5080 2338 5122 se
2373 5062 2730 5136 μειρακίσκον
2749 5100 2764 5127 ,
2794 5059 3073 5130 puerulum
3114 5057 3200 5112 vel
3241 5041 3536 5111 adolescen-

1971 5160 2182 5224 tulum,
2232 5158 2542 5229 appellare,
2599 5157 2667 5211 ab
2720 5153 3033 5225 huiusmodi
3089 5150 3346 5222 temporis
3397 5147 3538 5201 notis

1969 5265 2198 5319 prorsus
2223 5250 2600 5304 abstineamus
2626 5254 2858 5316 oportet.

2041 5342 2234 5397 Incerti
2255 5341 2539 5411 cujusdam
2577 5335 3075 5407 interpretationem
3106 5339 3190 5386 sat
3227 5335 3538 5384 accuratam

1968 5443 2024 5490 et
2051 5435 2374 5504 elegantem,
2406 5433 2614 5504 aliquot
2665 5437 2847 5486 tamen
2908 5431 2962 5482 in
3009 5425 3144 5481 locis
3197 5419 3539 5477 emendatam

1968 5528 2318 5585 retinuimus.

3153 5719 3226 5782 11
