3860 6216
277 158 379 216 693

1013 154 1078 209 S.
1126 151 1411 210 JOANNIS
1446 149 1934 208 CHRYSOSTOMI
1973 147 2292 205 ARCHIEP.
2334 148 2910 208 CONSTANTINOP..

3595 151 3700 208 6m

1110 710 1933 801 ΧΡΥΣΟΣΤΟΜΟΥ
2005 709 2399 799 ΟΜΙΛΙΑ
2470 710 2925 801 ΠΡΩΤΗ³ν

393 983 531 1035 Ὅτε
562 979 963 1049 πρεσϐύτερος
999 978 1439 1048 προεχειρίσθη,
1479 979 1566 1044 εις
1602 976 1840 1041 ἑαυτὸν,
1876 974 1976 1031 καὶ
2006 976 2093 1042 εις
2131 975 2239 1029 τὸν
2277 974 2637 1042 ἐπίσκοπον,
2673 974 2772 1028 καί
2806 972 2989 1039 arma
3022 972 3253 1038 πλῆθος
3289 972 3394 1025 πῖ·
3426 970 3597 1029 λαοῦ.

349 1635 415 1682 α’.
456 1626 606 1700 *Αρα
635 1625 808 1695 ἀληθῆ
837 1625 902 1676 τὰ
934 1622 1215 1694 συμϐάντα
1249 1624 1375 1694 περὶ
1400 1625 1575 1694 ήμᾶςς
1602 1623 1697 1675 καὶ
1721 1621 1943 1691 γέγονεν

279 1717 443 1778 ὅντως
472 1707 571 1767 τά⁶
597 1710 935 1781 γεγενημένα
958 1750 973 1773 ,
1002 1710 1095 1763 καὶ
1123 1711 1221 1763 οὐκ
1246 1710 1635 1782 ἐξηπατήμεθα
1659 1728 1673 1776 ;
1705 1709 1826 1762 οὐδὲ
1847 1708 1943 1775 νὺξ

278 1799 346 1852 τὰ
392 1797 634 1868 παρόντα
673 1795 767 1849 καὶ
820 1794 951 1865 ὀναρ
974 1834 987 1856 ,
1025 1793 1136 1846 ἀλλ’
1166 1796 1347 1865 ήμέλρα
1396 1793 1564 1857 ὅντως
1600 1793 1629 1833 δ
1663 1793 1779 1846 ἐστὶ
1801 1834 1817 1859 ,
1845 1793 1943 1847 καὶ

279 1884 688 1956 ἐγρηγοροῦμεν
731 1883 1004 1945 ἀπαντεςς
1043 1884 1150 1935 Καὶ
1173 1882 1256 1945 τίς
1286 1882 1352 1935 ἂν
1378 1880 1550 1934 ταῦτα
1581 1881 1942 1944 πιστεύσειεν,

278 1975 357 2026 ὅτι
386 1972 598 2044 ἡμέρας
623 1968 789 2039 οὐσης
812 2008 826 2031 ,
863 1969 1139 2038 νηφόντων
1179 1968 1480 2038 ἀνθρώπιον
1516 1969 1611 2021 καὶ
1645 1967 1944 2038 ἐγρηγορό-

278 2078 407 2127 των,
442 2058 793 2129 μειρακίσκος
833 2055 1052 2125 εὐτελής
1096 2056 1189 2108 καὶ
1218 2054 1625 2126 ἀπερῤιμμένος
1651 2054 1786 2125 πρὸς
1812 2053 1944 2123 ὕψος

281 2147 454 2217 ἀρχῆς
498 2143 767 2214 ἀνηνέχθη
820 2141 1073 2194 τοσοῦτον
1103 2158 1117 2204 ;
1149 2140 1239 2194 Ἐν
1272 2140 1428 2192 νυκτὶ
1484 2142 1585 2209 μὲν
1635 2139 1746 2209 γὰρ
1788 2139 1944 2192 οὐδὲν

279 2232 507 2294 ἀπεικὸς
545 2231 616 2283 τά
666 2229 889 2283 τοιαῦτα
915 2228 1252 2292 συμϐαίνειν.
1291 2228 1428 2297 Ἤδη
1454 2226 1586 2295 γοῦν
1620 2224 1775 2298 [45η
1801 2243 1946 2290 τινες

279 2315 341 2368 τὸ
367 2314 526 2384 σῶμα
557 2311 828 2382 ἀνάπηροι
853 2351 869 2376 ,
904 2311 1000 2365 καὶ
1026 2310 1160 2382 μηδὲ
1186 2305 1284 2381 τῆς
1316 2310 1616 2378 ἀναγκαίας
1646 2309 1943 2379 εὐποροῦν-

280 2420 372 2466 τες
406 2402 612 2472 τροφῆς
636 2439 652 2465 ,
683 2399 1112 2469 καθευδήσαντες
1156 2393 1293 2450 εἶδον
1332 2398 1555 2460 ἑαυτοὺς
1591 2397 1811 2468 ἀρτίους
1851 2411 1945 2465 γε·

281 2490 613 2559 γενημένους
638 2488 730 2541 καὶ
765 2487 962 2550 καλοὺς
996 2487 1090 2539 καὶ
1124 2486 1401 2556 τραπέζης
1429 2484 1802 2548 ἀπολαύοντας
1849 2483 1945 2555 βα-

286 2574 500 2645 σιλικῆς
516 2592 528 2604 ·
553 2574 667 2628 ἀλλ’
691 2569 759 2645 ἦν
782 2574 947 2636 ὕπνος
969 2574 1062 2625 καὶ
1085 2571 1309 2641 ὀνείρων
1329 2573 1510 2643 ἀπάτη
1531 2571 1601 2624 τὰ
1624 2572 1940 2642 φαινόμενα.

282 2661 395 2714 Καὶ
422 2659 531 2731 γὰρ
553 2659 777 2731 τοιαύτη
804 2660 913 2712 τῶν
938 2658 1227 2728 ὀνειράτων
1249 2660 1282 2728 ή
1314 2658 1471 2726 φύσις
1495 2675 1508 2688 ·
1534 2657 1837 2729 πανοῦργός
1861 2658 1946 2720 τίς

285 2749 401 2799 ἐστι
454 2746 547 2799 καὶ
602 2745 916 2816 θαυμαστὴ,
963 2745 1059 2798 καὶ
1108 2745 1220 2806 τοῖς
1254 2743 1572 2815 παραδόξοις
1625 2743 1944 2814 ἐντρυφῶσα

285 2833 482 2904 χαίρει.
527 2831 667 2884 Ἀλλ’
698 2832 797 2885 οὐκ
826 2835 883 2884 ἐν
932 2832 1112 2902 ἡμέρᾳ
1139 2830 1310 2883 ταῦτα
1334 2872 1348 2896 ,
1374 2831 1493 2884 οὐδὲ
1521 2832 1607 2882 ἐπ’
1639 2830 1809 2899 αὐτῆς
1835 2827 1943 2881 τῶν

285 2919 628 2991 πραγμάτων
652 2919 749 2989 τῆς
778 2918 1033 2986 ἀληθείας
1058 2917 1216 2971 τοῦτο
1242 2919 1383 2987 τάχα
1415 2918 1706 2988 συμϐαῖνον
1742 2917 1840 2969 ίδοι
1865 2933 1950 2978 τις

284 3008 369 3061 ἀν.
405 3005 565 3060 Ἀλλά
598 3007 775 3061 πάντα
813 3004 908 3059 νῦν
945 3005 1141 3076 συνέϐη
1187 3008 1281 3059 καὶ
1308 3006 1497 3074 γέγονε
1523 3006 1617 3058 καὶ
1640 3004 1790 3067 τέλος
1815 3004 1947 3074 ἔχει,

286 3093 467 3158 καθὼς
502 3093 779 3165 θεωρεῖτε,
812 3092 984 3147 ταῦτα
1005 3093 1068 3163 δὴ
1100 3093 1170 3145 τὰ
1196 3091 1303 3145 τῶν
1323 3093 1545 3163 ὀνείρων
1579 3091 1907 3160 ἀπιστότερα
1932 3105 1945 3118 ·

284 3181 378 3232 καὶ
410 3181 561 3244 πόλις
598 3190 622 3219 ο
657 3179 800 3234 οὕτω
829 3179 1038 3250 μεγάλη
1072 3179 1162 3232 καὶ
1205 3179 1626 3250 πολυάνθρωπος
1646 3218 1660 3240 ,
1694 3177 1864 3247 δῆμός
1890 3192 1949 3229 τε

286 3265 596 3335 θαυμαστὸς
650 3265 744 3318 καὶ
792 3264 965 3334 μέγας
1014 3265 1155 3335 πρὸς
1199 3266 1300 3339 τὴν
1352 3264 1626 3334 ἡμετέραν
1676 3262 1949 3314 εὐτέλειαν

284 3355 511 3421 κέχηνεν
534 3390 548 3412 ,
597 3352 672 3414 ὡς
722 3351 862 3420 μέγα
906 3368 958 3403 τι
1004 3353 1099 3403 καὶ
1133 3353 1377 3418 γενναῖον
1408 3350 1771 3419 ἀκουσόμενος
1817 3347 1947 3418 παρ’

283 3438 464 3508 ἡμῶν.
500 3437 690 3491 Καίτοι
722 3439 814 3489 καὶ
848 3438 897 3489 εί
926 3436 1067 3490 κατὰ
1104 3438 1229 3500 τοὺς
1261 3438 1518 3496 ἀεννάους
1550 3435 1741 3508 ἔρρεον
1786 3453 1951 3490 ποτα-

290 3525 424 3593 μοὺς
442 3565 457 3588 ,
487 3524 583 3578 καὶ
615 3526 788 3595 πηγαὶ
816 3524 842 3563 ά
878 3525 1053 3593 λόγων
1083 3524 1430 3579 ἐναπέκειντό
1464 3541 1565 3594 μου
1594 3524 1671 3595 τῷ
1699 3524 1947 3594 στόματι,

284 3611 553 3665 τοσούτων
580 3611 775 3681 ἀθρόον
805 3611 1215 3682 συνδραμόντων
1249 3611 1383 3680 πρὸς
1404 3612 1500 3680 τὴν
1529 3610 1788 3681 ἀκρόασιν
1813 3649 1828 3673 ,
1855 3626 1950 3664 τα-

285 3696 426 3767 χέως
451 3698 717 3768 ἀνεστάλη
750 3716 839 3767 μοι
862 3698 942 3768 τῷ
965 3698 1113 3767 φόϐῳ
1140 3698 1201 3750 τὸ
1228 3697 1461 3768 ῥεῖθρον,
1495 3699 1590 3751 καὶ
1613 3698 1949 3767 ἀνεχαίτισεν

284 3783 353 3838 ἂν
380 3785 461 3846 είς
487 3785 728 3837 τούπίσω
752 3784 821 3837 τά
852 3786 1068 3855 νάματα
1095 3801 1108 3815 ·
1147 3786 1275 3839 ὅταν
1307 3785 1361 3838 δὲ
1394 3785 1468 3855 μὴ
1498 3783 1781 3854 ποταμῶν,
1816 3784 1950 3854 μηδὲ

288 3871 481 3941 πηγῶν
512 3871 670 3942 μόνον
693 3912 707 3932 .
741 3870 875 3924 ἀλλά
910 3872 1043 3943 μηδέ
1072 3871 1305 3941 ψεκάδος
1334 3884 1357 3911 θ
1390 3871 1639 3935 εὐτελοῦς
1678 3869 1952 3935 διασῴζω-

290 3974 391 4025 μεν
416 3957 631 4028 μέτρον,
653 3958 768 4021 πῶς
791 3959 852 4012 οὐ
874 3958 989 4023 δέος
1017 3959 1090 4030 μὴ
1112 3962 1203 4013 καὶ
1228 3960 1358 4012 αὐτὸ
1375 3960 1436 4011 τὸ
1461 3960 1655 4030 μικρὸν
1679 3958 1778 4028 τῆς
1803 3959 1951 4028 ἐπιρ-

290 4046 419 4116 ροῆς
450 4046 675 4118 ἐπιλίπῃ
707 4046 785 4116 τῷ
812 4046 960 4117 φόϐῳ
986 4047 1049 4117 ξη
1060 4047 1277 4118 ρανθὲν,
1308 4049 1400 4100 καὶ
1428 4048 1650 4118 γένηται
1679 4046 1892 4107 ταύτὸν,
1918 4046 1948 4099 ὃ

288 4133 384 4193 καὶ
406 4133 617 4186 ἐπὶτῶν
640 4134 906 4204 σωμάτων
929 4134 1245 4204 συμϐαίνειν
1258 4137 1419 4187 εἴωθε
1436 4151 1449 4199 ;
1465 4135 1530 4187 Τί
1551 4135 1605 4187 δὲ
1625 4135 1833 4202 γίνεται
1857 4133 1950 4185 ἐπὶ

288 4219 397 4271 τῶν
423 4220 721 4289 σωμάτων;
748 4219 923 4273 Πολλά
956 4221 1213 4284 πολλάκις
1242 4220 1561 4291 κατέχοντες
1583 4223 1650 4291 τῇ
1674 4222 1836 4290 χειρὶ,
1859 4221 1951 4274 καὶ

289 4307 402 4368 τοῖς
425 4304 707 4368 δακτύλοις
727 4306 883 4376 ήμῶν
912 4308 1246 4375 σφίγγοντες,
1277 4307 1600 4379 πτοηθέντες
1633 4308 1845 4361 ἅπαντα
1866 4309 1954 4372 ἐξ-

292 4393 546 4463 εχέαμεν,
574 4394 954 4463 χαυνωθέντων
979 4395 1131 4466 ήμῶν
1160 4395 1269 4449 τῶν
1295 4396 1518 4467 νεύρων,
1547 4396 1642 4450 καὶ
1680 4395 1771 4448 τοῦ
1802 4393 1953 4448 τόνου

270 4480 389 4555 ,τῆς
413 4480 613 4549 σαρκὸς
643 4480 1019 4549 χαλασθέντος.
1053 4481 1222 4535 Τοῦτο
1247 4482 1312 4553 δή
1335 4482 1450 4546 δέος
1481 4483 1556 4553 μὴ
1596 4482 1690 4535 καὶ
1718 4482 1954 4553 τήμερον

293 4567 516 4637 γένηται
550 4569 642 4620 ἐπὶ
670 4568 766 4637 τῆς
799 4567 973 4638 ψυχῆς
1002 4570 1099 4638 τῆς
1136 4570 1429 4641 ἡμετέρας,
1460 4570 1554 4622 καὶ
1579 4568 1615 4622 ἀ
1655 4568 1792 4639 μετά
1824 4569 1956 4623 πολ-

294 4653 387 4705 λοῦ
434 4653 596 4706 πόνου
650 4655 1021 4724 συνηγάγομεν
1072 4656 1199 4725 ὑμῖν
1245 4658 1528 4728 νοήματα,
1565 4655 1634 4709 τὰ
1679 4657 1849 4728 μικρά
1892 4656 1957 4727 δὴ

294 4738 469 4793 ταῦτα
504 4741 598 4794 καὶ
641 4741 852 4811 εὐτελῆ,
891 4742 996 4794 ὑπὸ
1038 4741 1139 4812 τῆς
1170 4744 1405 4811 ἀγωνίας
1448 4742 1724 4809 ἐλαθέντα,
1754 4741 1958 4813 φροῦδα

296 4828 619 4897 οίχήσηται,
665 4828 759 4880 καὶ
801 4827 899 4897 τὴν
955 4828 1191 4883 διάνοιαν
1237 4830 1390 4901 ήμῶν
1423 4829 1441 4869 ί
1474 4831 1691 4901 ἐρήμην
1736 4828 1959 4883 καταλι-

300 4913 468 4966 πόντα
489 4914 725 4983 ἀποπτῇ.
760 4914 848 4966 Διὸ
875 4914 1062 4985 δέομαι
1093 4917 1306 4970 πάντων
1337 4918 1534 4987 ὁμοίως
1565 4917 1739 4986 ὑμῶν,
1771 4916 1962 4987 ἀρχόν-

361 5050 378 5071 ⁸
399 5051 582 5100 (Iollam
606 5058 685 5099 est
705 5065 812 5099 cum
832 5054 997 5101 codice
1018 5054 1152 5103 Colb.
1179 5053 1311 5104 1030.

363 5112 391 5150 ι)
415 5111 599 5168 Ὄντως
625 5113 770 5161 deest
793 5116 842 5160 in
876 5115 1041 5162 codice
1062 5114 1197 5163 (lolb.

360 5174 384 5202 ‘
402 5172 722 5247 ,εἷοὼλκαθὼς
741 5176 871 5235 φατέ.
893 5174 1055 5224 Ταῦτα
1071 5177 1147 5233 δὴ,
1165 5174 1314 5223 ταῦτα
1337 5178 1430 5225 τῶν
1447 5175 1696 5239 ὀνειράτων
1713 5179 1965 5226 ἀπιστότε-

300 5236 782 5362 Ῠαάοέὀῖῗὶολάέννάως
804 5297 989 5362 ῥέοντας
1006 5297 1263 5358 ποταμοὺς,
1288 5297 1452 5358 πηγαί.
1475 5296 1608 5345 Edit.
1643 5299 1863 5355 ἀεννάους
1883 5300 1959 5362 ἐῤ-

300 5358 405 5419 ῥεον
423 5358 765 5419 ποταμούς-καὶ
782 5357 946 5419 πηγαί.

367 5425 391 5483 ς
416 5415 551 5483 (10511.
573 5417 695 5483 ἀλλά
716 5415 940 5483 ψεκάδος.
965 5417 1141 5483 Mog-el.
1174 5422 1229 5466 el.
1259 5417 1420 5483 ’ξιινῆζ
1437 5418 1558 5483 ἀλλά
1594 5420 1714 5480 μηδὲ
1734 5420 1958 5483 ψεκάδος.

304 5475 873 5547 Ῑιὶίξίιηίῖριιῠ..
900 5479 990 5547 καὶ
1001 5479 1189 5547 γένηται
1209 5477 1379 5547 ταῦτα,
1395 5479 1426 5525 ἃ
1445 5479 1545 5547 καί.

371 5535 394 5575 ε
419 5533 552 5594 Coll).
575 5533 845 5596 ἐλασθέντᾶ,
879 5533 1056 5596 φροῦδα
1088 5533 1285 5599 οἴχεται,
1305 5533 1384 5589 καὶ
1406 5542 1491 5598 τὴν
1512 5539 1719 5589 διάνοιαν
1738 5541 1867 5600 ἡμῖν.

2041 1635 2150 1673 των
2194 1619 2285 1673 καὶ
2319 1617 2666 1689 ἀρχομένων,
2713 1618 2843 1686 ὅσην
2883 1618 3011 1687 ἡμῖν
3056 1617 3294 1686 ἀγωνίαν
3335 1614 3611 1672 ἐνεϐάλετε
3639 1620 3712 1690 τῇ

2042 1705 2312 1775 συνδρομῇ
2362 1708 2428 1775 τῇ
2469 1704 2609 1756 κατὰ
2648 1704 2747 1775 τὴν
2784 1704 3065 1775 ἀκρόασιν,
3113 1703 3361 1758 τοσοῦτον
3410 1705 3715 1774 ἐμπνεῦσαι

2041 1791 2275 1864 θάρσους
2303 1793 2432 1862 ήμῖν
2459 1790 2546 1843 διά
2576 1789 2677 1859 τῆς
2699 1789 2933 1857 σπουδῆς
2963 1789 3064 1860 τῆς
3104 1790 3244 1844 κατά
3272 1789 3370 1855 τάς
3402 1791 3584 1862 εὐχὰς,
3616 1793 3718 1845 καὶ

2038 1879 2296 1950 δεηθῆναι
2334 1877 2428 1931 τοῦ
2451 1877 2679 1938 διδόντος
2712 1878 2859 1948 ῥῆμα
2889 1880 3002 1940 τοῖς
3026 1879 3527 1949 εὐαγγελιζομένοις
3552 1881 3720 1933 δυνά-

2043 1983 2136 2036 μει
2167 1964 2357 2035 πολλῇ,
2390 1963 2573 2017 δοῦναι
2603 1966 2697 2017 καὶ
2727 1965 2857 2034 ἡμῖν
2885 1964 3041 2033 λόγον
3068 1967 3125 2018 ἐν
3162 1966 3358 2032 ἀνοίξει
3389 1967 3483 2020 τοῦ
3516 1969 3720 2038 στόμα-

2038 2069 2132 2115 τος
2162 2053 2337 2122 ἡμῶν.
2377 2052 2599 2114 Πάντως
2626 2052 2753 2122 ύμῖν
2782 2052 2941 2115 πόνος
2962 2051 3137 2115 οὐδεὶς
3164 2055 3436 2117 τοσούτοις
3472 2050 3592 2108 οὖσι
3614 2054 3715 2106 καὶ

2038 2138 2396 2209 τηλικούτοις,
2430 2137 2548 2199 ἐνὸς
2595 2137 2951 2207 μειρακίσκου
2990 2137 3166 2210 ψυχὴν
3210 2139 3293 2209 τῷ
3334 2140 3483 2210 φόϐῳ
3528 2140 3717 2194 διαλυ-

2041 2224 2227 2278 θεῖσαν
2266 2224 2584 2292 ἐπισφίγξαι
2632 2223 2827 2276 πάλιν⁸
2865 2222 3062 2277 δίκαιοι
3108 2225 3167 2278 δὲ
3212 2225 3278 2278 ἂν
3320 2226 3465 2296 εἴητε
3512 2225 3720 2294 ταύτην

2039 2315 2173 2383 ἡμῖν
2199 2313 2501 2383 παρασχεῖν
2542 2309 2639 2380 τὴν
2677 2309 2910 2381 αἴτησιν,
2946 2312 3067 2363 ἐπεὶ
3102 2312 3197 2365 καὶ
3241 2313 3306 2364 δι’
3336 2314 3479 2383 ὑμᾶς
3500 2313 3592 2366 τὸν
3621 2315 3720 2367 κύ-

2040 2399 2137 2452 ϐον
2168 2397 2538 2470 ἀνερρίψαμεν
2588 2395 2795 2460 τοῦτον,
2849 2397 2915 2449 δι’
2958 2399 3101 2468 ὑμᾶς
3148 2398 3240 2451 καὶ
3288 2399 3387 2469 τὴν
3439 2400 3717 2469 ὑμετέραν

2044 2487 2290 2557 ἀγάπην,
2313 2480 2381 2556 ἦς
2410 2484 2560 2537 οὐδὲν
2591 2475 2907 2555 βιαιότερον,
2933 2484 3052 2537 οὐδέ
3074 2485 3555 2557 τυραννικώτερον,
3580 2487 3717 2539 ὅπου

2042 2591 2107 2643 γε
2147 2574 2243 2627 καὶ
2283 2573 2431 2642 ήμᾶς
2482 2572 2541 2624 οὐ
2590 2570 2734 2640 μάλα
2783 2571 3061 2641 ἐμπείρως
3102 2571 3320 2641 ἔχοντας
3364 2573 3459 2625 τοῦ
3503 2572 3715 2641 λέγειν,

2042 2661 2220 2729 λέγειν
2263 2661 2538 2716 ἀνέπεισε.
2582 2659 2674 2711 καὶ
2720 2659 2856 2728 πρὸς
2896 2659 2958 2710 τὸ
2990 2660 3088 2727 τῆς
3120 2658 3463 2723 διδασκαλίας
3507 2661 3719 2715 στάδιον

2042 2746 2409 2803 ἀποδύσασθαι
2468 2745 2882 2816 παρεσκεύασε,
2943 2746 3120 2798 καίτοι
3171 2745 3393 2817 μηδέπω
3456 2749 3719 2818 πρότερον

2044 2835 2249 2889 τούτων
2307 2834 2623 2904 ἁψαμένους
2672 2832 2779 2886 τῶν
2833 2832 3243 2903 παλαισμάτων.
3278 2834 3393 2887 ἀλλ’
3443 2835 3531 2888 ἀεὶ
3581 2836 3720 2905 μετά

2047 2923 2155 2976 τῶν
2180 2922 2460 2992 ἀκροατῶν
2498 2922 2877 2991 ταττομένους,
2921 2922 3015 2974 καὶ
3052 2921 3153 2991 τῆς
3195 2922 3547 2993 ἀπράγμονος
3578 2924 3719 2976 ἀπο-

2048 3011 2309 3072 λαύοντας
2327 3010 2576 3079 ἡσυχίας.
2613 3008 2772 3061 Ἀλλά
2799 3007 2884 3072 τίς
2910 3008 3053 3061 οὕτω
3089 3008 3320 3079 σκληρὸς
3352 3012 3444 3062 καὶ
3470 3010 3722 3078 δυσάγω-

2048 3115 2167 3166 γος,
2192 3097 2268 3159 ὡς
2291 3095 2381 3149 τὸν
2405 3098 2669 3167 ὑμέτερον
2704 3095 2959 3162 σύλλογον
2984 3099 3108 3167 σιγῇ
3139 3096 3447 3166 παρελθεῖν,
3473 3098 3567 3151 καὶ
3593 3097 3722 3168 θερ-

2053 3185 2184 3255 μοὺς
2233 3181 2406 3253 εὑρὼν
2458 3184 2773 3253 ἀκροάσεως
2821 3182 3077 3253 ἐραστὰς,
3114 3183 3186 3253 μὴ
3228 3186 3563 3253 προσειπεῖν,
3619 3182 3721 3237 κᾶν

2048 3273 2303 3326 ἁπάντων
2323 3269 2419 3324 ἀνθ
2430 3268 2622 3340 ρώπων
2648 3270 2983 3341 ἀφωνότερος
3004 3268 3156 3341 [43R]
3243 3288 3257 3335 ;
3277 3270 3609 3342 Ἐϐουλόμην
3628 3269 3723 3324 οὖν

2051 3357 2264 3429 πρῶτον
2297 3357 2354 3409 ἐν
2382 3355 2677 3426 Ἐκκλησία
2707 3356 2911 3425 μέλλων
2939 3356 3154 3424 ἀφιέναι
3185 3356 3362 3424 λόγον,
3397 3357 3505 3411 τῶν
3535 3373 3723 3427 προοι-

2053 3446 2192 3515 μίων
2220 3441 2565 3514 ἀπάρξασθαι
2611 3442 2690 3513 τῷ
2733 3442 2831 3513 τὴν
2870 3442 3121 3509 γλῶσσαν
3157 3444 3288 3513 ἡμῖν
3320 3442 3523 3514 ταύτην
3555 3443 3722 3496 δεδω-

2050 3531 2166 3584 κότι
2193 3530 2311 3599 Θεῷ
2330 3547 2343 3560 ο
2372 3530 2467 3582 καὶ
2496 3529 2603 3598 γὰρ
2631 3528 2804 3591 οὕτως
2833 3527 2958 3580 ἔδει.
2994 3529 3070 3580 υύ
3094 3530 3201 3600 γάρ
3231 3529 3296 3599 δὴ
3330 3530 3487 3597 μόνον
3515 3529 3721 3592 ἅλωνος

2049 3618 2142 3670 καὶ
2165 3615 2347 3687 ληνοῦ,
2375 3615 2509 3669 ἀλλά
2536 3617 2628 3668 καὶ
2650 3615 2823 3682 λόγων
2848 3613 3188 3684 ἀπάρχεσθαι
3211 3615 3291 3668 δεῖ
3321 3616 3399 3686 τῷ
3429 3615 3594 3686 λόγῳ,
3629 3619 3723 3668 καὶ

2048 3702 2218 3771 λόγων
2244 3702 2423 3772 πολλῷ
2448 3702 2663 3772 μᾶλλον,
2691 3702 2724 3772 ἢ
2758 3701 3103 3771 δραγμάτων.
3140 3703 3248 3755 Καὶ
3270 3702 3379 3774 γὰρ
3404 3703 3497 3756 καὶ
3528 3706 3661 3774 ἡμῖν
3693 3706 3719 3744 ⁸

2048 3790 2374 3862 οἰκειότερος
2403 3785 2559 3852 οὗτος
2608 3790 2641 3841 ὀ
2666 3788 2898 3858 καρπὸς,
2942 3788 3033 3841 καὶ
3081 3789 3228 3859 αὐτῷ
3267 3790 3725 3864 προσφιλέστερος

2047 3877 2125 3947 τῷ
2155 3875 2448 3946 τιμωμένῳ
2472 3873 2609 3945 Θεῷ.
2644 3875 2849 3948 Βότρυν
2880 3877 2978 3945 μὲν
3015 3876 3123 3948 γάρ
3159 3875 3253 3929 καὶ
3282 3875 3521 3946 άσταχυν
3557 3877 3725 3946 λαγόα

2050 3979 2137 4025 νες
2163 3962 2453 4033 ἐκφέρουσι
2484 3961 2608 4031 γῆς,
2637 3963 2728 4014 καὶ
2765 3960 3052 4031 τρέφουσιν
3084 3960 3305 4031 ὄμϐρων
3331 3962 3603 4033 ἐπιρροαὶ,
3630 3965 3726 4016 καὶ

2050 4047 2300 4118 γηπόνων
2357 4046 2716 4117 θεραπεύουσι
2757 4050 2971 4118 χεῖρεςο
3025 4046 3193 4118 ὕμνον
3242 4047 3301 4099 δὲ
3349 4049 3491 4117 ἱερὸν
3548 4050 3726 4101 τίκτει

2055 4137 2151 4207 μὲν
2179 4135 2431 4188 εὐλάϐεια
2460 4135 2659 4204 ψυχῆς,
2688 4137 2877 4206 τρέφει
2900 4134 2955 4187 δὲ
2985 4124 3223 4198 συνειδὸς
3263 4135 3485 4203 ἀγαθὸν,
3514 4136 3729 4206 δέχεται

2052 4224 2110 4276 δὲ
2148 4224 2229 4283 είς
2273 4223 2343 4275 τά
2378 4225 2599 4292 ταμιεῖα
2635 4220 2744 4274 τῶν
2788 4221 3031 4292 οὐρανῶν
3065 4223 3094 4274 ὀ
3140 4221 3294 4283 Θεός.
3321 4223 3472 4293 Ὂσῳ
3522 4223 3580 4275 δὲ
3626 4225 3731 4291 γῆς

2053 4307 2289 4378 ἀμείνων
2326 4307 2493 4376 ψυχὴ,
2539 4305 2777 4375 τοσούτῳ
2821 4307 2915 4359 καὶ
2968 4304 3104 4377 αὕτη
3158 4305 3381 4375 βελτίων
3429 4307 3646 4377 ἐκείνης
3693 4311 3731 4378 ή

2055 4394 2215 4465 φορά.
2245 4394 2345 4445 Διά
2366 4410 2446 4446 τοι
2479 4393 2636 4445 τοῦτο
2676 4394 2771 4445 καὶ
2808 4391 2915 4445 τῶν
2953 4392 3246 4463 προφητῶν
3278 4411 3382 4457 τις,
3426 4395 3567 4464 ἀνὴρ
3599 4394 3735 4447 θαυ-

2058 4477 2261 4548 μαστὸς
2288 4477 2382 4530 καὶ
2401 4477 2591 4546 μέγας,
2624 4476 2782 4547 Ὠσηὲ
2805 4476 2975 4547 ὄνομα
2997 4476 3162 4546 αὐτῷ,
3184 4479 3298 4540 τοῖς
3316 4477 3397 4547 τῷ
3421 4477 3541 4547 Θεῷ
3560 4493 3735 4549 προσ-

2056 4565 2377 4636 κεκρουκόσι
2436 4564 2531 4617 καὶ
2586 4564 2867 4634 μέλλουσιν
2932 4564 3087 4617 ἵλεων
3141 4566 3503 4635 καταστήσειν
3567 4566 3738 4618 αὐτὸν

2057 4654 2311 4724 παραινεῖ
2339 4650 2524 4723 φέρειν
2559 4651 2677 4720 μεθ’
2709 4649 2918 4703 ἑαυτῶν
2953 4651 3003 4713 ιι,
3029 4652 3148 4721 οὐχὶ
3187 4651 3323 4721 βοῶν
3360 4652 3578 4720 ἀγέλας,
3610 4654 3734 4707 οὐδὲ

2059 4738 2402 4810 σεμιδάλεως
2438 4737 2613 4809 μέτρα
2658 4737 2793 4791 τόσα
2843 4738 2938 4791 καὶ
2981 4739 3132 4802 τόσα,
3189 4740 3310 4799 οὐδὲ
3352 4741 3589 4811 τρυγόνα
3637 4745 3735 4794 καί

2061 4825 2400 4898 περιστερὰν,
2432 4826 2551 4878 οὐδὲ
2583 4825 2710 4879 ἀλλο
2738 4842 2791 4878 τι
2826 4825 2932 4878 τῶν
2960 4825 3214 4878 τοιούτων
3250 4826 3402 4879 οὐδέν
3424 4842 3439 4857 ’
3471 4826 3608 4880 ἀλλά
3637 4830 3690 4881 τί

2061 4915 2270 4981 Φέρετε
2304 4912 2433 4982 μεθ’
2474 4911 2706 4966 ἑαυτῶν
2736 4914 2980 4981 λόγους,
3032 4913 3186 4983 φησί.
3237 4913 3349 4965 Καὶ
3404 4913 3531 4966 ποία
3573 4914 3718 4968 θυσίε

2060 5000 2250 5069 λόγος;
2284 4999 2411 5061 ἴσως
2454 4998 2596 5050 εἴποι
2632 5015 2714 5061 τις
2757 4997 2844 5053 ἄν.
2890 4998 3133 5069 Μεγίστη
3174 4999 3274 5068 μὲν
3311 4995 3424 5061 οὖν,
3455 5000 3732 5070 ἀγαπητὲ,

2063 5089 2156 5138 καὶ
2190 5084 2511 5155 σεμνοτάτη,
2541 5084 2633 5137 καλ¹
2662 5084 2770 5136 τῶν
2800 5084 2972 5138 ἄλλων
2996 5083 3220 5137 ἀπασῶν
3246 5084 3487 5154 βελτίων.
3517 5086 3627 5138 Καὶ
3653 5087 3735 5150 τίς

2064 5171 2235 5225 ταῦτά
2284 5187 2480 5241 φησιν;
2526 5169 2696 5231 Αὐτὸς
2738 5170 2768 5222 ὀ
2806 5168 2978 5224 ταῦτα
3028 5171 3262 5241 μάλιστα
3316 5172 3532 5226 πάντων
3580 5173 3737 5237 εἰδὼς

2065 5258 2325 5329 ἀκριϐῶς,
2372 5260 2401 5310 ὀ
2450 5259 2692 5324 γενναῖος
2736 5256 2831 5309 καὶ
2883 5256 3055 5327 μέγας
3102 5257 3284 5313 Δαυῖδ.
3335 5257 3426 5328 Τῷ
3470 5258 3580 5328 γὰρ
3618 5259 3737 5329 Θεῷ

2069 5360 2198 5398 ποτε
2230 5344 2622 5416 εὐχαριστήρια
2650 5343 2791 5395 θύων
2824 5345 2915 5397 ἐπὶ
2954 5345 3079 5415 νίκῃ
3128 5344 3362 5415 πολέμου
3398 5347 3740 5422 γεγενημένη

2134 5485 2159 5546 β
2183 5482 2316 5533 Cnlb.
2343 5483 2640 5546 δραγμάτων,
2668 5483 2769 5546 ὅσῳ
2787 5484 2867 5531 καὶ
2884 5483 3013 5546 ἡμῖν.

2137 5544 2163 5582 ιι
2181 5546 2314 5595 Coll).
2339 5544 2552 5606 παραινεῖ
2573 5544 2932 5608 λέγων-Φέρετέ
2967 5546 3064 5606 μεθ’
3088 5548 3280 5597 ἑαυτῶν.
