3890 6220
343 261 460 313 ’695

1205 266 1456 336 SERMO,
1492 271 1634 328 CUM
1669 273 2077 332 PRESBYTER
2115 279 2278 335 FUlT
2315 281 2707 340 ORDINATUS

3482 291 3590 350 69/:

378 476 3573 526 «————-—_—_____.._______________________,____.___

1115 736 1954 834 CHRYSOSTOMI
2064 749 2587 842 HOMILIA
2682 741 2836 879 1‘,

795 1009 929 1066 Cum
959 1013 1226 1082 presbyter
1247 1016 1352 1084 fuit
1380 1017 1677 1082 ordinatus,
1713 1019 1775 1072 de
1807 1037 1882 1087 se,
1915 1037 1976 1075 ac
2001 1023 2065 1076 de
2093 1026 2349 1096 episcopo,
2386 1028 2546 1098 deque
2568 1032 2748 1102 populi
2777 1034 3134 1094 multitudine.

390 1498 444 1550 1.
477 1497 609 1551 Num
641 1513 773 1553 ‘vera
814 1507 934 1554 sunt
967 1515 1086 1570 qua:
1137 1502 1290 1557 nobis
1314 1501 1800 1556 acciderunt?num
1825 1519 1908 1554 ro-

322 1589 432 1657 ipsa
475 1599 622 1658 gesta
667 1601 825 1653 sunt,
853 1608 952 1648 nec
983 1594 1100 1648 falsi
1130 1609 1330 1659 sumus,
1383 1610 1555 1663 neque
1601 1609 1718 1663 qua:
1763 1607 1902 1647 nunc

323 1681 454 1734 tium
488 1691 612 1735 sunt
675 1699 777 1736 nox
817 1693 869 1736 et
913 1685 1256 1739 somnia‘lan
1313 1701 1437 1740 vere
1466 1687 1486 1716 '
1532 1684 1646 1738 dies
1674 1692 1755 1739 est
1782 1726 1797 1750 ,
1848 1692 1902 1737 et

319 1773 599 1842 vigilamus
625 1776 850 1830 omnes?
887 1777 950 1830 Et
990 1777 1107 1847 quis
1136 1777 1319 1831 credat
1359 1776 1498 1845 quod
1528 1778 1577 1830 in
1605 1776 1691 1831 die
1714 1817 1728 1840 ,
1778 1791 1897 1830 cum

318 1862 480 1916 sobrii
508 1873 627 1917 sunt
673 1881 735 1919 ac
762 1865 980 1935 vigilant
1012 1868 1253 1920 homines
1281 1909 1295 1931 ,
1343 1866 1654 1921 adolescens
1704 1867 1899 1920 infima:

320 1953 482 2007 sortis
508 1965 560 2008 et
596 1956 830 2024 abjeclus
856 1957 920 2011 ad
955 1965 1156 2012 tantum
1177 1959 1447 2028 dignitatis
1479 1959 1742 2029 fastigium
1775 1959 1898 2012 sub-

317 2058 500 2102 vectus
542 2049 650 2103 sit?
689 2051 819 2104 Nam
866 2061 1020 2106 nocte
1064 2052 1186 2106 talia
1233 2053 1472 2108 accidere
1520 2053 1653 2108 nihil
1697 2053 1766 2107 sit
1812 2054 1895 2106 in-

316 2139 588 2195 credibile.
622 2143 754 2196 'l‘um
802 2145 942 2200 enim
975 2145 1186 2214 quidam
1216 2154 1268 2199 et
1315 2161 1541 2215 corpore
1597 2147 1801 2210 mutili,
1843 2156 1897 2200 et

313 2229 447 2283 adeo
472 2241 743 2298 tenues,ut
759 2249 824 2287 ne
852 2237 1184 2289 necessarius
1209 2235 1423 2304 quidem
1443 2237 1890 2305 suppelalvictus,

314 2325 364 2378 in
382 2327 583 2381 somnis
598 2329 696 2382 sibi
720 2330 968 2384 videntur
983 2331 1201 2400 integris
1223 2332 1556 2396 membris,et
1580 2332 1818 2398 formosi,
1841 2341 1894 2386 ct

312 2419 472 2486 regali
503 2419 602 2474 frui
631 2437 812 2476 mensa
846 2441 858 2475 :
885 2423 977 2478 sed
1006 2439 1123 2493 qua:
1153 2424 1465 2478 videbantur
1493 2438 1711 2477 somnus
1741 2433 1892 2479 erant

309 2520 361 2561 et
403 2511 784 2565 insomniorum
816 2513 1039 2568 ludibria
1084 2531 1098 2566 :
1134 2513 1397 2583 siquidem
1429 2513 1541 2568 haec
1580 2525 1663 2568 est
1704 2523 1889 2567 natura

307 2601 634 2656 somniorum
664 2644 679 2668 ,
710 2603 858 2658 vafra
907 2605 1148 2674 qumdam
1201 2621 1261 2658 ac
1299 2615 1509 2660 versuta
1541 2621 1628 2660 res
1672 2615 1753 2660 est
1780 2648 1794 2671 ,
1827 2621 1889 2661 ac

304 2690 666 2761 prodigiorum
697 2695 885 2749 artifex
911 2737 925 2761 ,
958 2696 1154 2766 gaudet
1196 2697 1346 2750 novis
1398 2706 1450 2749 et
1494 2697 1886 2752 incredibilibus

303 2781 599 2836 simulacris
627 2784 869 2838 illudere.
902 2787 970 2839 At
997 2801 1123 2840 vero
1150 2803 1247 2840 nec
1277 2788 1504 2841 interdiu
1533 2829 1547 2853 ,
1575 2801 1675 2841 nec
1701 2802 1884 2841 revera

303 2873 421 2941 quis
451 2890 696 2943 umquam
718 2877 892 2931 videat
919 2879 1020 2932 hoc
1037 2879 1296 2933 accidere.
1325 2880 1517 2934 Verum
1541 2881 1715 2934 omnia
1745 2895 1884 2934 nunc

301 2963 666 3031 contigerunt,
725 2968 858 3021 facta
913 2978 1065 3032 sunt,
1095 2969 1327 3038 perfecta
1356 2980 1510 3034 sunt,
1538 2971 1882 3041 quemadmo-

307 3052 432 3105 dum
455 3055 684 3117 videtis;
717 3056 830 3110 hzre
856 3099 869 3120 ,
906 3059 1118 3127 inquam
1151 3101 1167 3125 ,
1201 3061 1529 3114 somniorum
1556 3062 1681 3115 visis
1707 3061 1880 3115 incre-

299 3143 540 3198 dibiliora
574 3163 586 3198 :
617 3155 669 3200 et
695 3148 878 3202 civitas
913 3157 1068 3203 tanta:
1096 3151 1489 3219 magnitudinis.
1513 3160 1618 3205 tam
1646 3152 1882 3220 frequen-

299 3243 425 3296 tata,
443 3238 667 3306 populus
688 3248 740 3294 et
763 3241 958 3295 multus
979 3251 1031 3296 ct
1057 3242 1398 3298 admirandus
1415 3243 1479 3297 ad
1508 3258 1678 3297 meam
1711 3245 1880 3297 inhiat

297 3327 635 3396 exiguitatem
671 3372 684 3394 ,
718 3339 983 3400 tamquam
1013 3347 1043 3386 a
1083 3333 1237 3388 nobis
1261 3349 1507 3404 maguum
1537 3334 1784 3404 quiddam
1815 3351 1877 3388 ac

297 3419 610 3488 prmclarum
657 3422 949 3476 auditurus.
994 3424 1149 3492 Atqui
1203 3424 1411 3478 etiamsi
1465 3425 1593 3478 mihi
1642 3426 1873 3478 amnium

297 3526 446 3564 more
494 3516 804 3581 perennium
847 3514 1133 3583 proﬂueret
1177 3518 1346 3570 oratio
1371 3558 1384 3580 ,
1417 3518 1566 3586 sique
1589 3517 1871 3572 verborum

296 3599 472 3654 fontes
518 3610 696 3656 essent
747 3603 799 3656 in
847 3618 940 3658 ore
975 3619 1111 3668 meo,
1147 3607 1388 3673 protinus
1413 3621 1479 3660 ex
1507 3615 1666 3660 tantm
1693 3607 1870 3660 multi-

294 3689 492 3743 tudinis
514 3691 579 3744 ad
606 3693 923 3747 audiendum
955 3709 1218 3750 concursu
1246 3706 1392 3751 metu
1440 3698 1718 3753 sisteretur
1745 3715 1871 3767 pro-

293 3780 510 3835 ﬂuvium
531 3823 545 3843 ,
587 3791 642 3837 et
669 3792 811 3838 retro
839 3784 1033 3840 ﬂuenta
1083 3787 1368 3840 resilircnt.
1395 3788 1544 3843 Nunc
1574 3804 1699 3844 vero
1751 3806 1870 3844 cum

293 3881 494 3922 tantum
541 3872 774 3926 absimus
804 3889 830 3926 a
880 3875 1155 3929 ﬂuminum
1201 3891 1263 3931 ac
1312 3878 1533 3931 fontium
1564 3880 1714 3949 copia
1747 3922 1762 3944 ,
1815 3889 1872 3934 ut

293 3976 393 4014 nec
417 3963 618 4030 exigam
641 3964 885 4033 pluviola:
927 3967 1350 4023 mediocritatem
1377 3970 1712 4026 obtineamus
1733 4014 1746 4037 ,
1780 3974 1867 4042 qui

292 4050 406 4103 ﬁeri
446 4053 644 4118 possit,
679 4062 734 4107 ut
757 4071 840 4108 me
884 4071 989 4110 non
1018 4057 1225 4113 deficiat
1262 4067 1364 4113 tam
1410 4061 1630 4130 exiguus
1658 4061 1827 4117 ﬂuxus
1852 4104 1866 4128 ,

290 4148 436 4194 metu
481 4142 778 4206 arefactus,
809 4145 1052 4216 idemque
1099 4150 1344 4211 eveniat,
1393 4150 1532 4218 quod
1588 4152 1640 4205 in
1677 4168 1866 4222 corpo-

290 4229 441 4283 ribus
488 4231 625 4285 solet
682 4235 1136 4304 aceidere?Quid
1181 4240 1372 4293 accidit
1417 4241 1468 4294 in
1507 4244 1868 4312 corporibus?

288 4318 449 4372 Multa
490 4320 792 4391 frequenter
825 4342 941 4394 qua:
989 4344 1146 4381 manu
1195 4337 1467 4396 tenemus,
1525 4349 1643 4402 quae
1691 4333 1867 4404 digitis

287 4412 630 4480 stringimus,
667 4430 775 4483 prae
823 4425 964 4472 metu
988 4419 1144 4473 nobis
1173 4421 1423 4476 excidunt
1450 4426 1625 4476 omnia
1651 4467 1664 4490 ,
1696 4425 1868 4478 disso-

292 4501 416 4555 lutis
467 4505 640 4559 nervis
688 4507 921 4575 nostris,
972 4511 1321 4580 corporisque
1386 4515 1568 4584 vigore
1615 4517 1862 4571 remisso.

291 4590 473 4646 Itidem
501 4594 628 4648 mihi
659 4596 896 4664 profecto
924 4615 1062 4653 nunc
1110 4611 1280 4656 metus
1329 4612 1445 4668 est,
1481 4620 1547 4660 ne
1573 4606 1710 4661 idem
1738 4622 1864 4663 eve-

289 4683 400 4737 niat
439 4684 489 4737 in
515 4688 692 4740 animo
736 4700 920 4745 nostro
947 4734 962 4758 ,
993 4693 1238 4747 videlicet
1281 4711 1348 4749 ne
1390 4713 1506 4766 quze
1553 4699 1718 4752 multo
1745 4715 1860 4754 cum

288 4773 470 4830 labore
495 4780 936 4848 excogitavimus,
974 4799 1291 4854 quamquam
1333 4795 1388 4841 et
1424 4791 1536 4843 haec
1583 4804 1710 4844 sane
1739 4806 1864 4859 per-

288 4879 445 4932 quam
487 4869 639 4923 exilia
693 4873 947 4942 parvique
1019 4877 1317 4940 momenti,
1347 4893 1457 4947 pra:
1520 4895 1716 4949 pavore
1767 4897 1859 4936 ve-

287 4957 435 5012 niant
507 4960 560 5014 in
620 4962 973 5034 oblivionem,
1019 4974 1075 5021 et
1141 4979 1459 5025 evanescant
1528 4971 1861 5042 abeantque,

285 5050 519 5104 animum
546 5062 783 5109 nostrum
826 5057 1091 5112 desertum
1134 5059 1505 5130 relinquentia.
1535 5064 1866 5136 Quapropter

289 5141 487 5206 pariter
529 5157 746 5210 omnes,
794 5155 900 5200 tum
958 5163 1056 5203 vos
1107 5151 1195 5219 qui
1252 5166 1373 5206 cum
1416 5153 1637 5222 imperio
1684 5157 1811 5208 estis
1843 5197 1858 5220 ,

288 5241 399 5285 tum
449 5249 543 5289 vos
592 5238 681 5305 qui
733 5240 929 5307 paretis
971 5241 1233 5311 imperio,
1276 5244 1498 5298 obsecro
1542 5263 1554 5299 :
1606 5254 1660 5299 ut
1699 5263 1860 5315 quau-

289 5331 393 5374 tam
454 5325 606 5379 nobis
689 5329 1006 5384 anxietatem
1083 5331 1338 5399 injecistis
1401 5342 1577 5388 vestro
1647 5335 1714 5389 ad
1770 5351 1862 5390 au-

286 5412 536 5468 diendum
589 5431 849 5474 concursu
877 5461 891 5485 ,
940 5422 1264 5477 tantumdem
1319 5424 1471 5482 nobis
1511 5425 1743 5482 audaciae
1777 5427 1861 5481 in—

249 5579 261 5603 ι
350 5571 365 5600 ί
403 5571 572 5621 mllata
598 5583 673 5625 est
693 5591 801 5626 cum
823 5581 992 5630 axiiee
1009 5582 1136 5629 Colb.
1167 5583 1300 5632 1050.

351 5632 370 5660 ³
409 5640 499 5681 \‘ox
520 5671 534 5694 ,
555 5650 676 5698 vere,
701 5641 845 5690 deest
869 5645 914 5690 in
937 5645 1107 5691 t‘odice
1129 5643 1256 5691 Coll).

2012 1503 2178 1572 spiret
2205 1523 2416 1576 procum
2445 1522 2740 1572 vestrarum
2772 1519 3038 1590 diligentia
3070 1567 3085 1593 ,
3119 1528 3162 1582 si
3192 1533 3387 1600 rogetis
3418 1535 3583 1604 illum,

2009 1597 2097 1662 qui
2129 1596 2218 1650 dat
2261 1615 2560 1658 sermonem
2593 1611 3076 1679 evangelizanlibus
3101 1596 3294 1675 virtute
3317 1625 3500 1691 multa,
3535 1596 3590 1684 ut

2012 1685 2166 1740 nobis
2195 1703 2403 1760 quoque
2429 1693 2518 1747 det
2545 1710 2843 1754 sermonem
2869 1703 2920 1756 in
2957 1708 3232 1773 apertione
3271 1711 3380 1766 oris
3422 1719 3589 1773 nostri

2011 1775 2183 1844 (Psal.
2216 1780 2302 1834 67.
2347 1783 2414 1835 12
2445 1800 2458 1845 ;
2492 1784 2680 1854 Ephes.
2712 1789 2764 1843 6.
2808 1792 2920 1862 19).
2952 1795 3138 1852 Nullus
3169 1802 3387 1858 omnino
3436 1807 3588 1863 vobis

2009 1873 2169 1923 totae
2208 1872 2364 1925 tantis
2393 1874 2518 1928 viris
2559 1877 2706 1932 labor
2726 1882 2828 1935 erit
2870 1884 3023 1939 unius
3052 1888 3408 1950 adolescentis
3463 1899 3582 1952 ani-

2007 1973 2151 2012 mum
2203 1961 2391 2018 timore
2437 1965 2751 2023 dissolutum
2779 1971 2954 2027 denuo
2983 1977 3303 2036 confirmare
3337 2001 3350 2036 :
3379 1988 3502 2054 quin
3533 2000 3588 2042 et

2006 2063 2100 2116 par
2129 2049 2288 2106 fuerit
2315 2094 2329 2117 ,
2358 2063 2414 2108 ut
2443 2058 2585 2126 quod
2619 2075 2757 2115 nunc
2787 2065 3045 2133 petimus,
3075 2075 3337 2138 praeStetis
3375 2049 3586 2148 :‘quan-

2002 2142 2285 2212 doquidcm
2319 2154 2515 2201 tantam
2547 2151 2715 2205 aleam
2754 2155 3048 2212 suliivimus
3089 2171 3306 2232 propter
3351 2142 3452 2223 vos
3497 2187 3586 2225 ve-

2002 2243 2270 2306 stramque
2313 2239 2609 2305 caritatem,
2651 2258 2752 2312 qua
2793 2247 2922 2300 nihil
2962 2249 3242 2308 violentius
3289 2266 3381 2311 aut
3419 2259 3586 2330 impe-

1999 2325 2219 2389 riosius,
2248 2336 2308 2380 ut
2353 2344 2472 2398 qure
2523 2347 2620 2387 nos
2663 2349 2767 2389 non
2802 2337 3086 2394 admodum
3129 2343 3336 2401 dicendi
3382 2325 3585 2420 peri-tos

1999 2417 2064 2468 ad
2113 2416 2394 2473 dicendum
2426 2425 2718 2490 pertraxit,
2762 2426 3042 2498 effecitque
3095 2441 3152 2487 ut
3210 2436 3274 2490 ad
3325 2416 3584 2500 doctrinae

1997 2506 2222 2561 stadium
2262 2510 2567 2577 exiremus,
2627 2513 2750 2569 licet
2776 2519 3002 2574 antehac
3035 2521 3136 2576 hoc
3184 2527 3443 2594 palmstra:
3491 2549 3584 2603 ge-

1995 2615 2096 2654 nus
2141 2617 2424 2670 numquam
2465 2606 2824 2674 attigerimus,
2865 2611 2959 2666 sed
3001 2628 3214 2684 semper
3258 2617 3312 2673 in
3371 2624 3581 2678 audito-

1993 2706 2110 2743 rum
2142 2693 2330 2748 ordine
2386 2695 2568 2764 quieto
2615 2699 2826 2754 silentio
2869 2702 2970 2758 frui
3021 2707 3311 2764 soleamus.
3374 2713 3573 2770 Verum

1993 2780 2112 2847 quis
2162 2783 2229 2835 sit
2273 2784 2405 2837 adeo
2437 2785 2600 2839 durus
2657 2797 2710 2842 et
2739 2791 3122 2863 intractabilis,
3165 2809 3224 2852 ut
3268 2801 3427 2858 istum
3477 2821 3567 2861 ve-

1992 2879 2158 2924 strum
2182 2884 2501 2930 conventum
2530 2878 2742 2933 silentio
2772 2894 3070 2952 pr:ctereat,
3087 2896 3141 2942 et
3166 2892 3364 2947 amicos
3387 2906 3575 2954 nactus

1989 2961 2234 3016 audiendi
2280 2965 2454 3019 studio
2492 2968 2778 3037 ﬂagrantes
2820 2989 2925 3028 non
2977 2977 3307 3047 alloquatur,
3358 2986 3563 3043 etiamsi

1989 3055 2224 3108 omnium
2279 3056 2550 3113 hominum
2596 3073 2738 3117 esset
2791 3065 3040 3134 loquendi
3092 3071 3569 3141 imperitissimus?

1988 3143 2277 3212 Cupiobam
2331 3149 2573 3217 equidem
2627 3154 2850 3221 primum
2898 3158 2948 3209 in
3003 3160 3236 3216 Ecclesia
3286 3165 3563 3236 dicturus,

1988 3239 2367 3304 prooemiorum
2414 3243 2672 3310 primitias
2699 3245 2770 3299 illi
2800 3247 2976 3303 dieare
2997 3292 3011 3316 ,
3041 3253 3126 3321 qui
3154 3255 3383 3326 linguam
3408 3264 3561 3319 nobis

1986 3329 2123 3385 hanc
2151 3331 2296 3385 dedit
2318 3374 2331 3393 ,
2364 3334 2610 3389 nimirum
2645 3338 2776 3397 Deo.
2813 3340 2984 3408 Atque
3015 3344 3082 3396 ita
3113 3358 3241 3401 sane
3272 3348 3384 3404 fieri
3411 3367 3574 3422 opor-

1983 3423 2082 3476 tuit
2113 3441 2126 3475 :
2154 3440 2323 3493 neque
2352 3428 2497 3480 enim
2529 3443 2668 3483 area:
2714 3439 2915 3486 tantum
2943 3450 3004 3489 ac
3035 3439 3343 3507 torcularis,
3375 3460 3562 3501 verum

1980 3515 2139 3568 etiam
2166 3516 2448 3571 verborum
2489 3521 2748 3588 primitias
2773 3533 2982 3592 oportet
3011 3528 3176 3583 verbo
3206 3533 3509 3599 persolvere
3539 3581 3552 3603 ,

1979 3607 2253 3677 multoque
2282 3611 2450 3679 magis
2480 3613 2760 3667 verborum
2788 3630 2943 3684 quam
2976 3619 3384 3689 manipulorum.
3423 3627 3560 3694 Quin

1979 3698 2137 3752 etiam
2163 3708 2221 3752 ut
2254 3700 2446 3755 ad'nos
2497 3702 2582 3756 hic
2611 3702 2815 3758 fructus
2859 3708 3024 3776 magis
3049 3711 3316 3779 pertinet,
3348 3717 3416 3770 ita
3463 3719 3559 3787 ipsi

1979 3789 2090 3842 Deo
2113 3789 2203 3858 qui
2233 3790 2523 3845 honoratur
2541 3795 2807 3862 acceptior
2827 3805 2926 3850 est.
2956 3797 3173 3853 Botrum
3201 3803 3341 3856 enim
3370 3814 3424 3859 et
3449 3808 3559 3875 Spi-

1977 3894 2092 3933 Cam
2142 3894 2239 3934 suo
2269 3890 2406 3935 terra
2444 3884 2638 3936 emitlit
2679 3887 2914 3953 gremio,
2956 3888 3049 3941 alit
3101 3890 3400 3959 pluviarum
3432 3897 3557 3952 irri-

1977 3971 2118 4040 gatio
2140 4012 2156 4037 ,
2182 3972 2308 4026 colit
2336 3973 2687 4042 agricolarum
2721 3990 2943 4030 manus:
2971 3985 3024 4030 at
3059 3993 3268 4034 sacrum
3296 3983 3550 4053 hymnum

1975 4062 2113 4130 parit
2157 4063 2317 4115 animi
2370 4064 2538 4130 pietas
2564 4105 2577 4128 ,
2610 4064 2704 4117 alit
2743 4065 2879 4120 bona
2919 4069 3275 4136 conscientia,
3324 4073 3463 4128 Deus
3504 4077 3555 4131 in

1975 4151 2202 4205 molestia
2255 4152 2442 4221 recipit
2485 4153 2674 4208 horrea
2723 4171 2735 4206 :
2781 4168 2941 4222 porro
2979 4167 3177 4225 quanto
3220 4165 3557 4229 prmstantior

1976 4251 2052 4296 est
2093 4243 2299 4296 animus
2337 4251 2472 4296 terra
2501 4285 2515 4307 ,
2553 4251 2699 4298 tanto
2732 4244 2820 4300 hic
2864 4246 2952 4298 illo
2991 4247 3180 4302 melior
3207 4260 3289 4305 est
3324 4266 3553 4320 proven-

1975 4343 2079 4388 tus.
2111 4333 2445 4402 Quapropter
2471 4327 2524 4388 et
2546 4335 2920 4403 prophetarum
2933 4337 3191 4407 quispiam
3229 4341 3308 4393 vir
3329 4358 3551 4414 magnus

1973 4436 2026 4481 et
2066 4427 2422 4490 admirandus,
2456 4442 2648 4483 nomen
2678 4427 2752 4481 illi
2781 4428 2938 4495 Osee,
2965 4444 3058 4483 eos
3082 4433 3168 4499 qui
3200 4432 3362 4488 Deum
3385 4437 3553 4492 oﬂen-

1973 4519 2196 4585 derant,
2240 4521 2602 4588 parabantque
2652 4521 2797 4574 illum
2824 4520 2921 4575 sibi
2966 4523 3248 4592 propitium
3278 4527 3502 4583 reddere
3535 4572 3550 4594 .

1971 4612 2283 4666 adhortatur
2313 4613 2352 4675 ί,
2385 4620 2442 4664 ιιι
2471 4611 2642 4665 ferant
2685 4626 2864 4666 secum
2919 4629 3024 4667 non
3064 4625 3301 4670 armenta
3346 4617 3504 4673 boum
3531 4661 3546 4687 ,

1973 4720 2142 4774 neque
2169 4705 2355 4758 similm
2389 4719 2661 4759 mensuras
2689 4711 2765 4757 tot
2794 4712 2884 4757 aut
2915 4713 2991 4758 tot
3014 4747 3028 4770 ,
3059 4722 3232 4776 neque
3259 4716 3542 4778 turturem,

1972 4810 2142 4864 neque
2182 4794 2478 4848 columbam
2512 4834 2527 4857 ,
2557 4809 2728 4860 neque
2769 4794 2911 4847 aliud
2942 4796 3221 4865 quidquam
3255 4800 3548 4856 istiusmodi

1971 4900 2149 4938 rerum
2184 4901 2197 4936 :
2227 4883 2320 4937 sed
2345 4883 2467 4952 quid
2495 4883 2517 4934 ?
2547 4883 2700 4936 Ferte
2718 4883 2967 4936 vobiscum
2995 4885 3138 4939 verba
3173 4885 3326 4958 (Osee
3355 4889 3440 4943 Η.
3470 4892 3546 4963 5).

1975 4975 2161 5045 inquit.
2219 4975 2286 5028 Et
2330 4973 2486 5042 quale
2520 4973 2838 5029 sacrificium
2867 5016 2880 5039 ,
2929 4975 3122 5030 dixerit
3162 4978 3381 5048 aliquis,
3427 4993 3551 5036 sunt

1969 5065 2132 5118 verba
2157 5064 2179 5115 ?
2210 5065 2493 5118 Maximum
2523 5063 2732 5132 quidem
2755 5105 2770 5130 ,
2813 5079 2845 5117 ο
2867 5065 3138 5121 carissime
3163 5107 3178 5131 ,
3209 5083 3271 5122 ac
3312 5069 3546 5138 splendi-

1969 5157 2244 5210 dissimum
2274 5197 2288 5220 ,
2325 5155 2635 5224 exterisque
2664 5155 2908 5209 omnibus
2947 5159 3300 5225 prazstantius.
3342 5160 3407 5213 Et
3431 5161 3549 5230 quis

1971 5247 2069 5300 ista
2113 5245 2286 5299 dicit?
2316 5244 2397 5298 bis
2438 5244 2684 5298 nimirum
2729 5245 2816 5312 qui
2851 5244 2962 5299 huic
3009 5248 3182 5300 omnia
3207 5249 3352 5301 novit
3378 5251 3547 5304 maxi-

1971 5353 2054 5391 me
2083 5347 2238 5405 atque
2277 5335 2610 5390 exactissime
2634 5377 2648 5400 ,
2694 5335 2934 5390 videlicet
2966 5339 3330 5405 magnanimus
3371 5339 3456 5394 ille
3484 5355 3547 5397 ac

1971 5444 2192 5501 magnus
2217 5429 2399 5483 David.
2440 5428 2488 5483 ls
2515 5427 2655 5483 enim
2677 5442 2796 5483 cum
2822 5428 3104 5498 aliquando
3126 5429 3236 5484 Deo
3252 5432 3546 5500 gratiarum

2032 5650 2049 5680 ³
2086 5647 2231 5706 00m,
2270 5646 2551 5697 adhortatur
2574 5647 2736 5697 dicens
2765 5659 2782 5696 :
2809 5652 2944 5697 Ferte
2968 5645 3218 5698 robistum.
