3890 6220
274 266 379 322 (395
999 256 1054 312 S.
1095 248 1373 310 JOANNIS
1408 243 1881 302 CllRYSOSTOMl
1919 243 2240 300 ARCHIEP.
2280 242 2816 300 CONSTANTlNOf'.
3452 244 3562 301 696

281 390 520 444 actiones
559 379 860 439 immolaret
882 389 978 446 pro
1007 372 1224 427 victoria
1249 382 1406 438 quam
1447 380 1511 420 ex
1541 365 1693 419 h'oste
1719 359 1859 416 tule-

278 489 402 545 rat,
434 478 504 532 ita
533 474 700 530 ferme
727 469 994 540 loquitur:
1025 461 1269 518 Laudabo
1296 473 1477 513 nomen
1505 453 1604 508 Dei
1630 452 1728 507 mei
1748 467 1863 506 cum

280 544 474 627 cantico
502 584 521 624 :
546 562 878 637 magniﬁcabo
903 577 1015 615 eunt
1054 558 1107 610 in
1139 554 1288 609 laude
1313 550 1429 624 (Ps.
1460 549 1551 605 68.
1597 544 1863 637 51).ιίοι

280 664 438 733 hujus
465 635 708 716 sacrificii
730 652 1086 726 praestantiam
1119 646 1274 702 nobis
1308 642 1586 711 aperiens,
1610 635 1858 707 subjecit,

279 758 345 812 Et
379 752 592 827 placebit
624 749 728 803 Deo
756 760 914 815 supra
941 740 1150 796 vitulum
1188 734 1440 791 novellum
1466 773 1479 794 ,
1507 744 1698 785 cornua
1741 741 1862 797 pro-

280 820 545 903 ducentem
573 850 621 897 et
659 837 876 908 ungulas
902 832 1007 906 (Ib.
1053 846 1102 885 υ.
1131 826 1246 895 52).
1286 823 1577 894 Cupieham
1618 820 1777 889 igitur
1808 824 1864 871 et

278 941 392 1008 ipse
435 934 594 989 hodie
623 930 718 984 has
741 935 975 982 mactare
1003 922 1242 976 victimas
1260 960 1273 982 ,
1321 925 1375 971 ct
1403 915 1568 969 altare
1588 908 1863 980 spirituale

277 999 426 1084 hisce
451 1030 729 1082 cruentare
771 1016 962 1072 hostiis
983 1055 995 1078 ,
1025 1013 1118 1068 sed
1153 1009 1279 1080 quid
1334 1004 1564 1062 faciam?
1595 1002 1688 1056 Vir
1740 999 1860 1068 qui-

277 1123 400 1177 dam
428 1118 645 1188 sapiens
660 1112 872 1166 obturat
892 1106 1021 1162 mihi
1040 1120 1122 1170 os,
1142 1103 1478 1167 deterrelqne
1496 1096 1682 1150 dicens
1704 1110 1717 1145 :
1741 1090 1862 1145 Non

277 1221 349 1267 cst
384 1183 607 1279 speciosa
630 1205 741 1258 laus
769 1202 821 1254 in
849 1214 936 1254 ore
960 1193 1233 1267 peccatoris
1255 1190 1442 1261 (Eccli.
1470 1189 1557 1279 15.
1566 1185 1645 1257 9).
1663 1183 1862 1250 Quem-

279 1276 567 1357 admodum
610 1293 753 1349 euim
806 1291 859 1345 in
906 1285 1120 1344 coronis
1147 1298 1254 1338 non
1294 1290 1376 1335 sat
1412 1286 1493 1335 est
1535 1276 1694 1331 flores
1745 1287 1863 1329 esse

279 1405 443 1465 purus
462 1432 476 1453 ,
519 1388 621 1442 nisi
648 1399 776 1456 pura
806 1382 877 1437 sit
909 1388 964 1436 et
994 1389 1185 1432 manus
1224 1388 1320 1429 eas
1362 1378 1684 1426 contexens:
1708 1366 1785 1421 sic
1810 1372 1865 1420 et

281 1457 332 1538 in
354 1479 524 1537 sacris
567 1476 780 1547 hymnis
803 1477 1015 1543 oportet
1044 1483 1147 1521 non
1180 1463 1338 1519 verba
1363 1470 1564 1516 tantum
1595 1472 1716 1513 esse
1741 1457 1825 1526 pia
1843 1495 1861 1522 ,

286 1570 637 1630 verumetimn
660 1566 895 1620 animum
918 1561 1146 1633 hymnos
1166 1551 1637 1610 eoucinentem.At
1662 1548 1708 1603 is
1733 1547 1862 1602 mihi

282 1667 521 1736 impurus
564 1669 648 1716 est
670 1700 687 1725 ,
713 1657 920 1712 fiduciae
946 1668 1145 1709 vacuus
1177 1691 1191 1715 ,
1230 1657 1412 1718 utpote
1438 1645 1725 1701 multorum
1752 1640 1866 1713 ple-

280 1774 381 1814 nus
425 1756 707 1813 scelerum.
740 1751 906 1806 Porro
948 1747 1026 1802 sic
1064 1743 1269 1799 allectis
1299 1756 1405 1795 non
1436 1739 1552 1793 hare
1575 1736 1734 1791 modo
1780 1736 1864 1790 lex

280 1852 493 1906 obturat
523 1861 583 1901 os
605 1886 621 1910 ,
650 1839 999 1898 verumetiam
1023 1837 1123 1892 alia
1164 1832 1408 1903 quaedam
1447 1830 1535 1884 illa
1564 1826 1825 1885 vetustior
1846 1865 1861 1889 ,

281 1955 335 1998 et
363 1949 487 1995 ante
523 1938 666 1993 illam
715 1935 1045 2002 lata,quam
1090 1938 1144 1982 et
1199 1927 1371 1998 ipsam
1419 1921 1617 1991 adjecit
1659 1919 1742 1985 is,
1775 1916 1867 1987 qui

282 2034 441 2091 modo
473 2031 626 2088 nobis
665 2028 733 2084 de
780 2023 1060 2082 sacrificiis
1087 2021 1339 2091 loquutus
1385 2023 1471 2072 est
1504 2012 1690 2069 David.
1732 2008 1867 2066 Cum

282 2129 423 2183 enim
471 2125 576 2179 ait:
601 2120 832 2176 Laudale
856 2117 1127 2172 Dominum
1148 2113 1211 2167 de
1236 2112 1372 2166 uelis
1395 2150 1410 2176 ,
1441 2107 1645 2163 laudate
1670 2121 1786 2160 eum
1812 2104 1868 2157 in

282 2219 490 2274 excelsis
516 2214 688 2285 (Psal.
721 2211 844 2267 “8.
876 2208 928 2281 i)
955 2227 969 2263 :
997 2215 1054 2264 et
1097 2206 1257 2277 paulo
1279 2211 1400 2273 post
1426 2214 1611 2256 rursus
1632 2198 1819 2253 dicens
1851 2213 1863 2250 :

286 2309 514 2364 Laudate
543 2305 815 2359 Dominum
858 2302 922 2355 de
973 2307 1107 2354 terra
1134 2312 1154 2351 :
1195 2311 1317 2350 cum
1357 2299 1638 2361 utramque
1682 2290 1869 2344 invitat

284 2408 613 2462 creaturam,
646 2403 700 2450 et
729 2408 845 2463 quae
874 2404 1084 2445 sursum
1113 2395 1218 2453 cst,
1245 2394 1300 2441 et
1322 2399 1441 2455 qua:
1470 2380 1700 2447 inferne,
1744 2395 1868 2435 scn-

284 2491 493 2547 sibilem
514 2497 674 2557 atque
698 2480 1085 2553 intelligibilem
1103 2519 1118 2546 ,
1149 2476 1492 2546 conspicuam
1519 2482 1575 2529 et
1602 2470 1872 2540 inconspi-

287 2597 461 2645 cuam,
506 2594 624 2652 quae
651 2591 812 2646 supra
852 2572 1014 2628 caelos
1039 2575 1206 2625 estet
1246 2581 1366 2638 qua:
1394 2564 1495 2620 sub
1521 2564 1656 2619 caelo
1679 2602 1695 2627 ,
1726 2570 1781 2615 et
1805 2576 1871 2616 ex

288 2683 509 2742 utraque
551 2670 774 2724 chorum
817 2662 1094 2735 constituit
1147 2674 1349 2725 unum;
1389 2664 1549 2726 atque
1598 2655 1670 2710 ita
1718 2652 1873 2723 jubet

288 2763 500 2834 hymnis
546 2759 818 2817 celebrare
867 2769 1050 2826 regem
1098 2752 1503 2814 universorum,
1535 2758 1871 2816 nequaquam

288 2853 533 2910 invitavit
564 2857 938 2922 peeeatorem,
985 2842 1082 2900 sed
1126 2850 1183 2898 et
1217 2841 1306 2895 hie
1334 2839 1413 2894 illi
1444 2839 1583 2893 fores
1624 2836 1870 2892 occlusit.

356 2946 413 3000 ‘2.
444 2943 692 2997 Pcrcator
736 2939 805 2993 ad
831 2935 1148 2993 laudandum
1186 2932 1351 2988 Deum
1376 2947 1478 2984 non
1521 2936 1773 2983 evocatur.
1803 2955 1875 2966 —

288 3037 575 3101 Cat-terum,
610 3043 669 3088 ut
708 3031 858 3087 vobis
887 3029 1026 3101 quod
1064 3027 1190 3083 dico
1218 3028 1309 3079 liat
1353 3022 1673 3086 evidentius,
1698 3020 1875 3090 ipsum

290 3130 551 3200 psalmum
608 3125 677 3182 ab
724 3124 874 3179 initio
900 3120 1051 3174 vobis
1095 3117 1465 3189 praelegemus.
1499 3112 1731 3168 Laudate
1768 3109 1879 3164 Do-

290 3224 481 3276 minum
527 3219 590 3273 de
639 3217 806 3282 uelis,
852 3213 1058 3269 laudate
1121 3225 1235 3265 eum
1288 3209 1344 3262 in
1383 3205 1628 3270 excelsis;
1672 3203 1880 3259 laudate

293 3328 407 3366 eum
455 3324 627 3364 omnes
665 3306 832 3377 angeli
867 3304 1016 3375 ejus;
1044 3300 1248 3355 laudate
1282 3314 1396 3352 eum
1438 3312 1609 3351 omnes
1658 3293 1880 3349 Virtutes

292 3406 422 3477 ejus.
468 3400 626 3456 Vides
673 3396 892 3468 angelos
921 3391 1241 3449 laudantes?
1289 3389 1440 3445 vides
1491 3385 1879 3455 archangelos?

291 3475 444 3551 vides
478 3489 765 3548 Cherubim
789 3495 846 3542 et
870 3483 1148 3553 Seraphim
1169 3523 1185 3548 ,
1211 3495 1447 3536 summas
1474 3478 1591 3533 illas
1617 3475 1881 3532 virtutes?

293 3587 424 3643 Cum
454 3584 597 3641 enim
626 3583 719 3645 ait,
753 3580 937 3634 Omnes
975 3576 1191 3631 Virtutes
1220 3575 1348 3647 ejus,
1381 3571 1686 3627 universum
1713 3584 1881 3639 popu-

295 3678 403 3732 lum
430 3677 698 3731 czelestem
746 3669 1138 3740 complectitur.
1168 3665 1426 3722 Numcuhi
1457 3664 1606 3719 vides
1638 3671 1883 3731 peccato-

294 3767 454 3827 rem?
504 3767 570 3822 Et
597 3763 866 3837 quomodo
893 3804 909 3830 ,
940 3761 1133 3817 dixerit
1187 3759 1417 3828 aliquis,
1444 3758 1494 3811 in
1520 3756 1655 3812 ea'lo
1702 3754 1885 3809 videre

298 3875 513 3931 possum
533 3860 564 3912 ?.
581 3859 718 3928 Ergo
746 3871 844 3925 age
871 3855 923 3910 in
955 3861 1150 3908 terram
1179 3849 1570 3906 descendumus
1595 3887 1609 3912 ,
1636 3846 1705 3903 ad
1747 3848 1884 3902 alte-

297 3968 411 4009 ram
436 3949 586 4007 chori
615 3956 821 4019 partem
856 3955 1192 4001 transeuntes
1212 3984 1226 4007 ,
1255 3957 1356 3997 nec
1398 3940 1485 3995 hic
1512 3953 1699 3994 rursus
1728 3937 1883 3993 vide-

297 4043 380 4098 bis
421 4049 776 4114 peccatorem.
821 4034 1051 4091 Laudato
1081 4033 1355 4088 Dominum
1383 4032 1446 4085 de
1473 4040 1608 4085 terra
1644 4029 1887 4083 dracones

299 4143 347 4187 et
394 4148 566 4187 ouiuss
598 4129 767 4200 abyssi
789 4168 806 4193 ,
837 4127 1005 4182 bestii:
1055 4135 1103 4179 et
1142 4125 1309 4178 omnia
1338 4139 1556 4192 pecora,
1583 4121 1784 4189 reptilia
1840 4129 1888 4175 et

301 4225 526 4280 volucres
556 4229 787 4290 permane
812 4216 933 4288 (Ps.
964 4216 1087 4271 N8.
1141 4216 1254 4286 10).
1289 4214 1437 4270 Haud
1495 4214 1687 4268 frustra
1716 4227 1888 4281 neque

304 4325 505 4371 temere
529 4354 545 4378 ,
577 4314 701 4366 dum
736 4312 849 4364 haee
877 4310 1067 4379 loquor
1089 4348 1103 4373 ,
1137 4306 1397 4361 intersilui
1428 4323 1441 4359 :
1465 4305 1585 4375 quia
1614 4313 1669 4359 et
1698 4303 1889 4358 mentis

304 4406 552 4477 cogitatio
591 4412 734 4458 metu
773 4399 999 4457 confusa
1027 4408 1141 4465 est,
1171 4399 1240 4454 ad
1263 4411 1474 4452 amaras
1516 4411 1684 4467 usque
1714 4394 1889 4465 laery-

306 4512 421 4553 mas
445 4507 769 4567 gravemque
795 4491 1050 4561 ejnlatum
1076 4488 1190 4545 fere
1230 4487 1506 4559 perducta.
1534 4486 1671 4554 Quid
1723 4485 1892 4551 enim,

303 4589 531 4645 obsecro
555 4628 571 4653 ,
621 4585 791 4657 possit
818 4597 938 4639 esse
964 4580 1372 4637 miserabilius?
1400 4578 1637 4649 Scorpii,
1670 4592 1892 4648 serpen-

305 4691 384 4736 tes
422 4694 487 4734 ac
508 4677 770 4734 dracones
798 4676 1087 4730 invitantur
1115 4673 1186 4729 ad
1212 4672 1532 4728 laudandum
1560 4687 1681 4728 eum
1712 4687 1744 4727 a
1786 4686 1894 4740 quo

304 4769 506 4826 conditi
550 4779 675 4824 sunt
702 4787 716 4823 :
742 4768 889 4824 solus
936 4774 1188 4839 peccator
1233 4765 1302 4821 ab
1335 4766 1435 4821 hac
1495 4780 1647 4821 sacra
1696 4765 1892 4821 chorea

307 4868 588 4919 submotus
627 4869 745 4926 est,
790 4861 949 4928 idque
990 4859 1110 4928 jure
1138 4858 1360 4927 optimo.

383 4954 656 5008 Peccatum
681 4951 816 5005 uiola
847 4950 1266 5005 bestia.—-Mala
1305 4959 1357 5004 et
1397 4948 1558 5005 eﬂ‘era
1598 4948 1767 5003 bestia
1815 4960 1899 5001 est

317 5056 621 5116 peccatum,
653 5060 757 5098 non
787 5042 1001 5112 quidem
1042 5041 1099 5095 in
1121 5055 1377 5095 conserva
1425 5054 1651 5110 corpora
1699 5039 1898 5094 mahnn

319 5137 614 5209 proferens,
664 5135 760 5193 sed
801 5135 855 5190 in
896 5136 1065 5207 ipsam
1103 5134 1313 5190 Domini
1357 5135 1577 5205 gloriam
1622 5131 1900 5190 eﬂundens

320 5230 572 5287 malitiam
593 5247 606 5282 :
627 5227 846 5300 Propter
864 5244 971 5294 vos,
1002 5226 1204 5298 inquit,
1252 5242 1432 5280 nomen
1475 5242 1642 5279 meum
1668 5224 1903 5295 blasphe-

323 5328 501 5374 matur
532 5317 588 5371 in
610 5317 849 5387 gentibus
879 5314 1037 5386 (lsai.
1074 5315 1168 5370 52.
1199 5314 1268 5382 5;
1302 5314 1454 5369 Rom.
1484 5315 1539 5369 2.
1567 5314 1680 5383 24).
1715 5315 1904 5385 quue

323 5415 670 5480 peccatorcm
702 5415 983 5478 tamquam
1011 5422 1043 5462 e
1071 5422 1235 5463 sacra
1258 5408 1439 5477 patria
1467 5407 1648 5478 abegit
1665 5422 1733 5463 ex
1769 5408 1904 5463 orbe

326 5518 593 5568 terrarum
624 5501 914 5573 propheta,
950 5509 1008 5556 et
1036 5499 1298 5557 exsulare
1335 5499 1514 5572 coegit
1551 5517 1567 5554 ε
1618 5508 1782 5570 atque
1815 5499 1896 5554 uti

328 5595 560 5648 mtisieus
587 5594 818 5663 optimus
853 5606 887 5647 e
921 5590 1125 5648 cithara
1176 5588 1314 5644 bene
1354 5588 1620 5643 modulata
1649 5587 1903 5644 chordam

327 5681 597 5739 dissonam
636 5691 886 5749 resecat,
922 5697 992 5738 ne
1030 5680 1352 5752 reliquarum
1395 5695 1583 5737 vocum
1627 5666 1903 5737 harmonia

1970 357 2223 424 vitietur;
2263 366 2318 414 et
2347 359 2547 428 peritus
2569 359 2700 413 artis
2727 356 2966 412 medicus
2995 356 3290 412 membrum
3322 359 3567 428 putrefa-

1967 458 2112 505 ctum
2136 459 2410 521 amputat,
2457 464 2525 505 ne
2562 450 2679 506 hare
2709 450 2820 505 lues
2849 449 2916 505 ad
2939 458 3131 505 caetera
3162 452 3399 505 membra
3429 466 3567 506 sana
3605 447 3616 464 '

1969 543 2535 599 transiliatzeumrlem
2582 542 2647 597 ad
2694 543 2909 597 modum
2941 541 3197 612 propheta
3229 541 3384 599 fecit.
3432 542 3565 597 dum

1965 636 2128 691 veluti
2158 635 2414 690 chordam
2440 634 2708 689 dissonam
2736 649 2799 688 ac
2827 632 2989 688 veluti
3019 633 3320 688 membrum
3354 648 3563 703 aegrum

1966 729 2035 784 ab
2076 728 2322 785 universo
2369 737 2627 783 creatura:
2662 740 2889 796 corpore
2936 733 3270 795 peccatorem
3323 737 3558 781 resecat.

1966 821 2103 890 Quid
2143 821 2299 892 igitur
2324 820 2477 876 nobis
2506 818 2803 874 faciendum
2831 817 2951 872 est?
2990 816 3339 887 Posteaquam
3369 816 3559 885 rejecti
3608 800 3611 807 ’

1967 927 2150 967 sumus
2169 955 2185 978 ,
2218 919 2563 981 posteaquam
2593 910 2783 966 resecti
2814 922 3032 976 sumus,
3062 909 3280 963 omnino
3303 908 3562 964 sileamus

1966 1012 2180 1074 oportet
2208 1022 2221 1057 :
2248 1003 2336 1060 die
2365 1004 2546 1075 igitur,
2576 1002 2831 1069 obsecro,
2864 1017 2991 1057 num
3021 1000 3354 1056 tacebimus?
3381 1014 3562 1071 neque

1966 1095 2226 1165 quispiam
2255 1094 2409 1150 nobis
2435 1093 2706 1164 permittet
2729 1091 2941 1164 hymnis
2967 1090 3244 1147 celebrare
3269 1090 3561 1147 Dominum

1966 1187 2246 1241 nostrum?
2268 1200 2466 1256 ergone
2482 1185 2674 1239 frustra
2694 1192 2902 1238 vestras
2919 1196 3104 1253 preces
3124 1181 3561 1252 imploravimus;

1966 1276 2162 1331 frustra
2206 1277 2273 1332 ad
2327 1285 2502 1331 vestra
2554 1274 2890 1346 confugimus
2940 1272 3269 1344 patrocinia?
3307 1271 3462 1326 Absit
3498 1282 3564 1325 ut

1968 1368 2400 1438 frustrazreperi
2427 1367 2607 1432 enim,
2637 1365 2813 1437 reperi
2856 1373 2910 1419 et
2956 1364 3183 1419 alterum
3226 1361 3563 1434 gloriﬁcandi

1969 1458 2213 1523 modum,
2244 1460 2436 1513 vestris
2461 1457 2515 1512 in
2540 1456 2642 1511 hac
2668 1455 3003 1511 hzesitatione
3032 1453 3297 1525 precibus,
3326 1467 3426 1508 ceu
3453 1452 3565 1506 ful-

1966 1549 2185 1619 guribus
2215 1548 2268 1602 in
2293 1548 2519 1618 caligine
2546 1544 3256 1617 apparentibusmonservos
3280 1542 3509 1598 laudabo
3538 1543 3562 1573 ‘

1968 1640 2071 1695 Fas
2116 1640 2258 1694 enim
2309 1647 2392 1694 est
2442 1647 2498 1694 et
2544 1651 2834 1693 conservos
2877 1643 3092 1690 nostros
3136 1632 3384 1700 laudare,
3432 1632 3563 1703 qui-

1969 1730 2068 1785 bus
2097 1730 2326 1785 laudatis
2358 1729 2497 1784 haud
2524 1728 2741 1784 dubium
2769 1736 2879 1792 est,
2911 1725 3038 1796 quin
3070 1740 3131 1779 ea
3152 1723 3323 1795 gloria
3349 1723 3415 1777 ad
3448 1723 3564 1777 Do-

1968 1822 2171 1876 minum
2200 1830 2434 1876 transeat
2459 1818 2700 1876 omnino.
2731 1817 2879 1886 Quod
2924 1825 3102 1871 autem
3129 1814 3254 1870 hinc
3279 1813 3551 1884 glorifice-

1969 1921 2076 1979 tur,
2109 1913 2265 1967 docet
2292 1912 2403 1982 ipse
2431 1911 2671 1965 Christus
2711 1909 2895 1964 dicens
2928 1925 2940 1960 :
2975 1906 3162 1960 Luceat
3189 1907 3209 1938 ²
3267 1910 3356 1959 tua:
3390 1916 3565 1959 vestra

1969 2019 2141 2057 coram
2186 2002 2500 2066 hominibus,
2544 2012 2598 2055 ut
2646 2000 2845 2053 videant
2896 2014 3049 2069 opera
3088 2009 3249 2051 castra
3291 1996 3459 2061 bona,
3509 2007 3565 2049 es

1968 2094 2249 2166 gloriﬁcent
2277 2091 2484 2146 Patrem
2511 2101 2727 2145 uestrum
2754 2090 2840 2160 qui
2877 2089 2930 2142 in
2977 2088 3113 2142 cazlis
3142 2098 3212 2141 est
3248 2086 3268 2159 (
3291 2087 3472 2139 Matth.
3501 2087 3558 2139 ὅ.

1972 2185 2085 2256 lli).
2110 2186 2187 2240 En
2209 2185 2344 2239 alter
2373 2182 2698 2255 glorilieandi
2724 2181 2912 2236 medus
2932 2223 2948 2247 ,
2979 2195 3084 2250 quo
3109 2189 3161 2235 et
3188 2181 3451 2249 peccaturi
3480 2182 3568 2232 fas

1971 2289 2055 2334 est
2095 2279 2169 2333 uti
2192 2320 2207 2342 ,
2249 2286 2308 2333 ut
2334 2278 2503 2346 legem
2538 2287 2711 2331 tamen
2746 2290 2850 2329 non
2880 2273 3060 2328 violet.

2040 2370 2096 2424 5.
2142 2367 2448 2422 Flavianum
2494 2365 2802 2437 Episwpum
2846 2361 3320 2429 laudat.—Qnem
3367 2361 3565 2430 igitur,

1972 2473 2173 2530 quem,
2231 2458 2445 2529 inquam
2473 2498 2489 2522 ,
2548 2470 2926 2512 conservorum
2973 2452 3334 2508 laudabimus?
3390 2451 3570 2514 Quem

1971 2549 2133 2603 alium
2155 2590 2173 2615 ,
2224 2562 2382 2618 quam
2429 2547 2574 2601 illum
2615 2560 2952 2601 communem
2984 2543 3141 2614 hujus
3165 2541 3347 2612 patrias
3373 2541 3570 2596 docto»-

1973 2654 2087 2695 rem
2106 2679 2122 2706 ,
2153 2646 2209 2694 et
2235 2653 2333 2710 per
2356 2637 2580 2708 patriam
2604 2634 2843 2691 universi
2871 2633 3016 2689 orbis
3042 2631 3341 2688 terrarum?
3364 2630 3568 2698 Quem-

1973 2730 2261 2788 admodum
2299 2730 2442 2787 enim
2487 2743 2583 2785 vos
2612 2728 2703 2783 ille
2745 2726 2927 2782 docuit
2965 2735 3023 2780 ut
3049 2739 3217 2795 usque
3242 2723 3306 2776 ad
3334 2731 3573 2776 mortem

1976 2839 2073 2894 pro
2109 2823 2333 2880 veritate
2366 2820 2580 2876 staretis
2603 2838 2617 2874 :
2643 2820 2712 2873 ita
2737 2826 2793 2874 et
2820 2832 2917 2873 vos
2942 2817 3077 2872 alios
3100 2815 3344 2870 homines
3372 2812 3569 2868 docui-

1975 2918 2104 2983 stis,
2132 2931 2164 2971 a
2189 2915 2296 2970 vita
2331 2912 2490 2970 citius
2527 2926 2686 2983 quam
2728 2926 2759 2965 a
2802 2911 3000 2981 pietate
3042 2906 3394 2964 recedendum
3418 2920 3567 2960 esse.

1977 3005 2152 3062 Vultis
2194 3005 2356 3076 igitur
2385 3002 2461 3058 illi
2493 3002 2714 3073 posthac
2747 2999 2959 3056 laudum
2987 3014 3212 3053 coronas
3239 2996 3575 3068 plectamnsl

1979 3096 2236 3153 Volebam
2260 3094 2506 3166 equidem
2536 3102 2591 3148 et
2628 3094 2742 3162 ipse
2761 3134 2776 3156 ,
2809 3091 2904 3146 sed
2933 3090 3090 3145 video
3121 3100 3265 3145 recte
3305 3088 3575 3142 factorum

1980 3190 2203 3261 pelagus
2244 3189 2520 3243 immensae
2550 3184 2953 3255 profunditatis,
2985 3197 3279 3252 vereorque
3299 3197 3366 3235 ne
3389 3194 3581 3235 sermo

1981 3288 2164 3336 noster
2182 3279 2249 3335 ad
2273 3277 2493 3333 fundum
2522 3277 2877 3346 delatus,pr:e
2898 3274 3259 3329 imbecillitate
3279 3287 3381 3325 non
3399 3270 3578 3343 possit

1982 3371 2035 3426 in
2082 3371 2245 3427 altum
2292 3382 2591 3425 recurrere.
2642 3365 2865 3437 Oportet
2902 3365 3046 3420 enim
3093 3372 3299 3419 vetusta
3348 3376 3572 3417 narrare

1984 3464 2255 3527 facinora,
2298 3461 2784 3533 peregrinationes,
2825 3458 3054 3528 vigilias,
3105 3470 3294 3520 curas,
3333 3452 3578 3524 judicia,

1984 3571 2208 3628 pugnas,
2239 3565 2439 3625 trapzea
2464 3554 2699 3620 tropaeis,
2730 3550 2978 3606 victorias
2999 3547 3234 3603 victoriis
3252 3547 3577 3610 ennmlatas,

1984 3663 2073 3702 res
2099 3656 2278 3718 gestas
2306 3661 2415 3700 non
2449 3653 2685 3698 nostram
2716 3641 2876 3697 modo
2895 3682 2910 3705 ,
2942 3639 3037 3696 sed
3062 3650 3113 3695 et
3140 3654 3353 3695 omnem
3385 3638 3582 3693 huma-

1988 3755 2110 3794 nam
2156 3739 2390 3809 linguam
2432 3744 2762 3804 superantes,
2809 3748 3033 3803 quaeque
3075 3746 3257 3786 vocem
3301 3731 3584 3799 requirunt

1987 3830 2282 3899 apostolico
2308 3828 2499 3899 spiritu
2525 3826 2843 3881 concitatam
2863 3864 2880 3890 ,
2929 3823 3019 3893 qui
3049 3830 3224 3893 potest
3248 3821 3425 3876 omnia
3465 3829 3579 3875 tuin

1986 3921 2183 3992 eloqui,
2205 3928 2316 3975 tum
2337 3918 2566 3975 docere:
2588 3916 2682 3971 sed
2707 3917 2841 3970 hanc
2856 3924 3060 3985 partem
3082 3920 3585 3982 prietercurrentcs,

1991 4015 2058 4070 ad
2089 4014 2311 4069 alteram
2356 4026 2475 4082 qua:
2527 4009 2704 4064 minus
2748 4007 2908 4063 habet
2955 4005 3175 4077 periculi
3225 4003 3581 4066 accedemus.

1992 4120 2149 4176 quam
2182 4104 2265 4159 vel
2291 4104 2481 4175 exigua
2506 4100 2703 4169 scapha
2731 4100 2857 4154 licet
2883 4098 3186 4167 enavigare.

2062 4193 2343 4249 Flavianus
2367 4192 2418 4246 in
2449 4192 2598 4245 domo
2619 4199 2912 4261 sumptuosa
2928 4189 3189 4243 educatus.
3209 4217 3277 4227 -—
3298 4189 3407 4259 Age
3423 4187 3586 4257 igitur

1991 4288 2058 4343 de
2103 4286 2451 4356 temperantia
2490 4285 2672 4339 dicere
2703 4283 3056 4346 tentabimus,
3101 4281 3373 4351 quomodo
3411 4281 3591 4335 ventri

1996 4380 2296 4451 imperarit,
2323 4378 2594 4450 quomodo
2621 4375 2841 4432 delicias
2865 4374 3283 4443 contempserit,
3314 4372 3589 4444 quomodo

1994 4484 2235 4525 mensam
2266 4477 2631 4538 sumptuosam
2657 4465 2942 4531 deriserit,
2971 4464 3129 4535 idque
3171 4479 3295 4519 cum
3336 4464 3390 4518 in
3423 4463 3590 4518 domo

1994 4570 2309 4634 sumptuosa
2326 4569 2468 4616 esset
2494 4559 2768 4615 educatus.
2791 4558 2923 4612 Nam
2960 4558 3157 4612 mirum
3181 4571 3289 4610 non
3315 4564 3429 4620 est,
3460 4570 3593 4610 eum

1996 4657 2083 4726 qui
2106 4656 2161 4709 in
2179 4663 2486 4724 paupertate
2506 4651 2657 4714 vixit,
2676 4649 2742 4704 ad
2762 4649 2900 4704 hanc
2915 4648 3208 4718 squalidam
3238 4661 3594 4717 aSperamque

1997 4747 2180 4800 venire
2200 4744 2385 4809 vitam,
2407 4740 2835 4812 quandoquidem
2860 4739 2905 4793 is
2926 4738 3087 4794 habet
3107 4738 3275 4808 ipsam
3305 4747 3594 4808 pauperta-

2001 4844 2106 4890 tem
2128 4832 2575 4904 peregrinationis
2600 4845 2670 4887 ac
2688 4830 2786 4884 via:
2800 4830 3072 4892 comitem,
3095 4842 3217 4898 qua:
3237 4827 3310 4883 illi
3327 4826 3595 4882 sarcinam

2002 4926 2054 4979 in
2083 4924 2201 4980 dies
2226 4922 2398 4979 reddit
2434 4921 2715 4977 leviorem.
2752 4920 2821 4975 At
2844 4919 2932 4988 qni
2961 4917 3060 4973 fuit
3082 4917 3386 4972 divitiarum
3417 4916 3597 4971 domi-

2002 5032 2103 5072 nus
2124 5057 2141 5081 ,
2180 5014 2322 5070 haud
2362 5013 2516 5069 facile
2544 5026 2667 5068 sese
2692 5012 2759 5066 ab
2785 5011 2995 5066 illarum
3020 5009 3251 5079 explicet
3275 5008 3599 5078 complexu:

2004 5115 2208 5162 tantum
2238 5105 2589 5176 cupiditatum
2609 5116 2831 5158 examen
2853 5100 3085 5155 animam
3108 5101 3252 5154 illam
3274 5099 3603 5155 circumval-

2007 5200 2163 5254 lavit:
2185 5207 2290 5252 tam
2316 5195 2492 5267 gravis
2516 5202 2571 5250 et
2595 5193 2885 5263 caliginosa
2903 5190 3188 5247 affectuum
3211 5190 3381 5247 nubes
3403 5191 3607 5245 mentis

2006 5289 2151 5346 illius
2176 5290 2360 5345 oculos
2384 5285 2622 5352 obducit,
2652 5292 2713 5340 ut
2740 5299 2845 5338 non
2871 5283 3011 5337 sinat
3028 5282 3099 5338 ad
3127 5282 3319 5338 cadum
3345 5281 3607 5336 intuitum

2073 5505 2090 5541 ε
2127 5503 2281 5554 verba
2300 5503 2426 5563 haec,
2449 5512 2695 5563 conservos
2717 5497 2941 5559 laudabo,
2962 5499 3165 5563 desunt_
3179 5500 3229 5549 in
3262 5496 3404 5554 Colb,
3418 5511 3525 5563 _noc
3547 5499 3616 5545 ab

2010 5572 2282 5627 tnterprete
2304 5557 2432 5627 lecta
2454 5562 2695 5627 sunt,_sed
2718 5557 2960 5627 habentur
2973 5562 3025 5627 in
3047 5559 3187 5611 savii.
3213 5569 3266 5611 et
3285 5557 3451 5609 Morel.

2075 5629 2094 5658 ²
2126 5620 2199 5677 s'ic
2220 5626 2359 5677 savil.
2386 5633 2438 5676 et
2465 5620 2651 5687 uorat,
2673 5623 2765 5687 sed
2784 5622 2915 5673 colo.
2935 5632 2988 5674 et
3008 5625 3272 5687 interpres,
3294 5620 3616 5683 oriunduse-

2013 5689 2130 5739 dum
2153 5687 2300 5753 igitur
2321 5693 2369 5741 et
2391 5688 2492 5752 ipse
2515 5684 2673 5749 dicit,
2694 5684 2868 5737 luceat.
