3890 6220
245 348 350 404 6')?
1027 343 1086 401 S.
1126 343 1413 399 JOANNIS
1449 341 1953 399 CHliYSOSTOMl’
1984 345 2296 402 ARCHIEP.
2339 343 2885 401 COASTANTINOP.
3587 346 3693 401 688

244 460 415 529 δᾷεις,
453 462 553 515 οὐκ
589 460 782 531 ἀφίησι
832 458 966 530 πρὸς
1015 458 1106 511 τὸν
1143 457 1365 527 οὐρανὸν
1405 456 1551 520 ίδείν,
1590 457 1725 511 ἀλλά
1764 458 1914 512 κάτω

240 548 419 602 νεύειν
449 550 713 620 βιάζεται,
757 550 851 602 καὶ
890 549 1025 619 πρὸς
1067 547 1166 617 τὴν
1191 548 1295 616 γῆν
1341 547 1647 616 κεχηνέναι.
1681 549 1790 601 Καὶ
1818 550 1915 601 οὐκ
1944 606 1949 611 ,

243 637 410 701 ἐστιν,
450 638 550 691 οὐκ
596 637 742 690 ἐστιν
774 636 927 690 οὐδὲν
966 636 1150 704 ἕτερον
1192 634 1335 687 οὕτω
1375 633 1613 703 κώλυμα·
1645 635 1781 704 πρὸς
1818 636 1916 705 τὴν

245 724 554 792 ἀποδημίαν
600 724 707 777 τῶν
749 724 991 787 οὐρανῶν
1040 721 1117 784 ὡς
1160 720 1387 783 πλοῦτος
1428 721 1523 774 καὶ
1560 720 1629 773 τά
1670 722 1777 775 ἀπὸ
1819 721 1915 775 :00

247 810 472 863 πλούτου
513 812 675 865 κακά.
713 812 825 863 Οὐκ
870 810 1000 880 ἐμὸς
1024 802 1178 872 οὗτος
1208 811 1237 862 0
1266 808 1442 877 λόγος,
1477 808 1592 861 ἀλλ’
1622 809 1787 863 αὐτοῦ
1821 810 1914 862 :00

243 895 480 967 Χριστοῦ
509 898 684 967 ψῆφός
723 899 867 950 ἐστιν
895 895 1291 966 ἐξενηνεγμένη
1338 895 1582 958 εἰπόντος
1600 912 1612 925 ·
1641 895 1918 963 Εὑχολώι

216 984 416 1050 ,τερον
443 998 466 1023 ο
495 985 627 1037 ἐστι
661 984 939 1053 κάμηλον
966 984 1065 1037 διὰ
1096 982 1479 1051 τρυπήματος
1503 982 1759 1050 ῥαφίδος
1791 984 1916 1035 020'-

241 1070 457 1129 ελθεῖν.
483 1072 522 1138 ἢ
553 1072 851 1125 πλούσιον
868 1072 955 1136 είς
982 1069 1098 1137 τὴν
1123 1069 1452 1133 βασιλείαν
1476 1068 1596 1122 τῶν
1618 1067 1909 1136 οὐρανῶν.

255 1157 391 1209 Ἀλλ’
429 1157 538 1211 ἰδοὺ
570 1157 633 1210 :0
676 1156 930 1210 δύσκολον
959 1155 1137 1219 τοῦτο,
1171 1154 1369 1226 μᾶλλον
1414 1155 1471 1208 δέ
1508 1155 1784 1218 ἀδύνατον,
1822 1155 1915 1223 γέ-

239 1260 364 1311 γονε
388 1243 607 1297 δυνατόν
637 1258 650 1272 ⁸
674 1243 768 1297 καὶ
793 1243 821 1296 ὃ
844 1243 1007 1297 πάλαι
1041 1243 1245 1314 Πέτρος
1266 1242 1460 1312 ἠπόρει
1493 1242 1630 1313 πρὸς
1654 1241 1743 1294 τὸν
1769 1242 1913 1295 διδά-

243 1328 471 1393 σκαλον,
519 1329 614 1382 καὶ
648 1328 841 1399 μαθεῖν
879 1328 1080 1401 ἐζήτει,
1120 1330 1277 1382 τοῦτο
1324 1328 1410 1382 διά
1453 1327 1554 1397 τῆς
1596 1327 1790 1397 πείρας
1826 1328 1915 1380 a0.-

239 1416 340 1485 τῆς
395 1415 640 1486 ἔγνωμεν
695 1414 951 1479 ἅπαντες,
1011 1415 1211 1486 μᾶλλον
1251 1415 1307 1468 δέ
1352 1415 1447 1468 καὶ
1484 1413 1674 1466 τούτου
1728 1413 1909 1467 πλέον.

241 1504 315 1556 Οὐ
356 1504 465 1575 γὰρ
513 1503 577 1573 δὴ
628 1503 786 1574 μόνον
824 1497 977 1566 00:0;
1021 1505 1100 1566 είς
1141 1502 1230 1557 τὸν
1273 1501 1502 1572 οὐρανὸν
1545 1501 1730 1571 ἀνέϐη,
1779 1500 1913 1554 ἀλλά

241 1591 335 1642 καὶ
392 1590 561 1660 δῆμον
607 1590 816 1658 εἰσάγει
863 1589 1137 1653 τοσοῦτον,
1196 1589 1333 1657 μετά
1384 1588 1478 1642 τοῦ
1526 1587 1756 1641 πλούτου
1822 1589 1914 1641 καὶ

239 1677 400 1747 ἕτερα
448 1677 638 1730 τούτου
688 1678 785 1747 οὐχ
836 1678 1036 1748 ἥττονα
1092 1676 1388 1746 κωλύματα
1442 1675 1581 1746 ἔχων
1604 1714 1619 1739 ,
1683 1674 1911 1742 νεότητα

237 1764 336 1817 καὶ
362 1763 625 1834 ὀρφανίαν
655 1763 851 1835 ἄωρον,
897 1762 934 1817 ἃ
977 1764 1159 1819 πᾶσάν
1186 1763 1324 1816 είσιν
1372 1761 1673 1832 ἀνθρώπων
1716 1760 1913 1830 μᾶλλον

241 1850 399 1904 ίκανά
453 1849 749 1921 γοητεῦσαι
798 1850 1012 1920 ψυχήν·
1061 1849 1313 1912 τοιαύτας
1374 1849 1592 1917 ἔχουσιν
1654 1847 1908 1916 ἐπῳδὰς,

237 1936 464 1990 τοιαῦτα
487 1938 959 2002 κατασκευάζουσι
982 1938 1270 2008 φάρμακα.
1314 1936 1456 1989 Ἀλλ’
1487 1937 1635 2005 ὅμως
1660 1936 1753 1987 καὶ
1786 1935 1910 1986 τού-

239 2040 348 2076 των
377 2016 531 2085 οὐτος
558 2023 830 2095 ἐκράτησε
852 2024 903 2089 ι),
940 2027 1035 2078 καὶ
1065 2024 1173 2077 τῶν
1202 2023 1448 2093 οὐρανῶν
1478 2022 1794 2084 ἐπελάϐετο,
1818 2020 1913 2074 καὶ

239 2112 379 2183 1:00;
405 2112 505 2183 τὴν
555 2112 674 2166 ἐκεῖ
714 2112 1034 2181 φιλοσοφίαν
1073 2112 1370 2182 μετέθηκεν
1402 2112 1595 2163 ἐαυτὸν
1615 2151 1629 2176 ,
1660 2112 1756 2164 καὶ
1788 2110 1913 2163 οὐτε

239 2199 339 2269 τὴν
368 2199 731 2270 λαμπρότητα
763 2198 859 2252 τοῦ
903 2199 1169 2267 παρόντος
1209 2198 1457 2267 ἐνενόησε
1503 2196 1637 2265 βίου,
1675 2195 1797 2249 00::
1833 2198 1913 2259 είς

238 2284 338 2356 τὴν
357 2285 466 2338 τῶν
496 2286 779 2357 προγόνων
810 2286 1166 2356 περιφάνειαν
1206 2281 1312 2338 εἶδε
1332 2301 1345 2313 ·
1387 2284 1587 2354 μᾶλλον
1614 2284 1669 2336 δέ
1706 2284 1786 2345 είς
1817 2283 1912 2353 τὴν

240 2373 348 2426 τῶν
382 2374 663 2445 προγόνων
695 2368 809 2425 εἶδε
836 2372 1215 2443 περιφάνειαν,
1254 2374 1316 2424 οὐ
1352 2371 1460 2425 τῶν
1494 2373 1636 2425 κατά
1679 2372 1913 2440 φυσικὴν

240 2466 297 2520 δὲ
319 2466 564 2534 ἀνάγκην
598 2464 998 2534 συνδεδεμένων
1027 2462 1196 2534 αὐτῷ,
1229 2462 1364 2516 ἀλλά
1405 2460 1513 2515 τῶν
1550 2460 1688 2514 κατά
1722 2459 1914 2530 προαί-

244 2571 394 2624 ρεσιν
420 2552 701 2616 εὐσεϐείας
730 2552 891 2622 αὐτῷ
919 2552 1327 2622 προσηκόντων.
1362 2549 1514 2622 [4M]
1554 2550 1643 2603 Διὸ
1674 2550 1768 2601 καλ⁵
1800 2566 1910 2601 τοι-

240 2641 396 2705 οὗτος
419 2640 655 2708 ἐγένετο.
686 2635 839 2693 Εἶδεν
863 2642 944 2702 είς
973 2640 1064 2692 τὸν
1102 2641 1444 2709 πατριάρχην
1479 2637 1746 2708 Ἀϐραάμ,
1774 2632 1913 2688 εἶδεν

242 2731 323 2791 είς
349 2729 440 2781 τὸν
480 2728 653 2798 μέγαν
692 2728 957 2797 Μωύσῆν,
997 2726 1057 2790 ὃς
1092 2728 1149 2779 ἐν
1182 2726 1329 2797 οἰκίᾳ
1374 2726 1603 2796 τραφεὶς
1638 2722 1912 2793 βασιλικῇ,

243 2816 338 2869 καὶ
366 2814 647 2885 τραπέζης
681 2812 964 2883 μετασχὼν
988 2812 1377 2884 Συϐαριτικῆς,
1404 2816 1499 2864 καὶ
1523 2809 1722 2881 μεταξῦ
1750 2808 1912 2879 θορύ-

241 2902 352 2955 ϐων
375 2901 709 2969 ἀποληφθεὶς
738 2901 1123 2968 Αἰγυπτιακῶν
1149 2899 1295 2968 (ίστε
1319 2900 1373 2952 δέ
1398 2888 1488 2952 οἷα
1511 2897 1576 2950 τά
1599 2896 1913 2968 βαρϐάρων,

240 2992 366 3044 ὅσου
420 2990 592 3058 τύφου
643 2989 737 3041 καὶ
780 2988 1083 3057 φαντασίας
1131 2987 1364 3056 γέμει),
1400 2986 1577 3037 πάντα
1639 2984 1929 3053 ἀτιμάσας·

240 3081 444 3141 ἐκεῖνα,
463 3077 598 3147 πρὸς
620 3076 711 3129 τὸν
736 3076 904 3146 πηλὸν
930 3077 1024 3128 καὶ
1047 3075 1147 3146 τὴν
1170 3074 1446 3128 πλινθείαν
1471 3072 1909 3143 ἀπηυτομόλησε,

240 3168 348 3222 τῶν
378 3167 580 3220 δούλων
611 3166 704 3218 καὶ
726 3162 1089 3234 αἰχμαλώτων
1119 3159 1258 3215 εἶναι
1301 3162 1669 3232 ἐπιθυμήσας,
1698 3162 1726 3213 0
1761 3160 1914 3230 βασις-

240 3256 365 3318 λεύς
388 3255 481 3308 καὶ⁸
509 3253 604 3307 :00
651 3253 913 3323 βασιλέως
945 3251 1079 3314 υίός.
1111 3250 1401 3320 Τοιγάρτοι
1439 3248 1528 3302 διὰ
1571 3248 1727 3300 τοῦτο
1776 3249 1912 3316 μετά

242 3340 625 3411 λαμπροτέρου
665 3339 825 3392 πάλιν
852 3338 1077 3407 ἐπανῄει
1107 3337 1202 3389 :00
1250 3338 1548 3406 σχήματος,
1579 3336 1611 3404 ἢ
1649 3336 1911 3404 πρότερον

245 3427 384 3496 ἔχων
426 3426 688 3479 ἀπέϐαλε.
718 3424 874 3477 Μετὰ
899 3423 1008 3493 γάρ
1051 3424 1149 3493 τὴν
1186 3424 1364 3493 φυγὴν
1392 3423 1483 3475 καὶ
1522 3423 1619 3490 τὴν
1654 3421 1804 3491 παρά
1833 3420 1913 3489 τῷ

243 3515 476 3584 κηδεστῇ
511 3512 753 3582 θητείαν,
795 3513 888 3565 καὶ
925 3512 1022 3582 τὴν
1053 3512 1147 3564 ἐπὶ
1177 3511 1275 3581 τῆς
1318 3511 1605 3580 ἀλλοτρίας
1633 3509 1910 3561 ταλαιπω-

246 3602 389 3670 ρίαν,
422 3600 651 3669 ἐπανῄει
685 3597 779 3651 τοῦ
812 3597 1075 3668 βασιλέως
1103 3597 1428 3666 ἡγούμενος,
1474 3596 1673 3666 μᾶλλον
1709 3594 1767 3648 δέ
1814 3596 1909 3647 τοῦ

246 3687 512 3757 βασιλέως
542 3685 980 3757 γενόμενοςθεός
1000 3702 1013 3715 ο
1056 3686 1292 3739 Τέθεικά
1324 3685 1432 3754 γάρ
1462 3701 1555 3748 σε,
1587 3685 1740 3754 φησὶ,
1772 3685 1911 3738 θεὸν

246 3773 473 3844 Φαραώ.
507 3774 616 3826 Καὶ
642 3772 1018 3843 λαμπρότερος
1044 3768 1111 3842 ἦν
1137 3772 1230 3825 :00
1267 3771 1551 3842 βασιλέως,
1584 3772 1644 3823 οὐ
1676 3771 1909 3839 διάδημα

244 3863 404 3933 ἔχων,
426 3860 549 3914 οὐδὲ
577 3859 871 3931 ἁλουργίδα
899 3860 1299 3930 περικείμενος,
1317 3858 1438 3912 οὐδὲ
1460 3858 1650 3925 ζεῦγος
1673 3856 1911 3910 ἐλαύνων

242 3948 497 4022 χρυσοῦν,
526 3949 664 4003 ἀλλά
692 3949 871 4003 πάντα
904 3950 1111 4001 ἐκεῖνον
1134 3949 1384 4017 πατήσας
1409 3947 1500 4000 τὸν
1525 3945 1713 4014 τῦφον.
1739 3943 1912 3997 Πᾶσα

241 4039 383 4108 γάρ,
436 4037 638 4108 φησὶν,
694 4036 735 4103 ἡ
788 4034 938 4100 δόξα
975 4032 1083 4101 τῆς
1119 4034 1405 4103 θυγατρὸς
1456 4031 1565 4086 τοῦ
1605 4030 1912 4095 ⁴βασιλέως

242 4125 489 4178 ἔσωθεν.
551 4120 809 4191 Ἐπανῄει
851 4121 1029 4174 τοίνυν
1084 4120 1361 4190 σκῆπτρον
1405 4118 1580 4189 ἔχων,
1632 4118 1707 4170 δι”
1746 4116 1774 4168 δ
1810 4116 1912 4168 οὐκ

242 4209 551 4279 ἀνθρώποις
593 4207 813 4260 ἐκέλευε
851 4206 1029 4275 μόνον,
1062 4205 1176 4258 ἀλλ’
1212 4205 1426 4276 οὐρανῷ
1458 4205 1550 4258 καὶ
1583 4207 1653 4274 γῇ
1687 4205 1779 4257 καὶ
1811 4203 1909 4255 θα-

240 4293 431 4364 λάττῃ,
457 4292 552 4345 καὶ
602 4291 782 4361 ἀέρων
819 4291 915 4343 καὶ
948 4289 1155 4341 ὑδάτων
1200 4287 1383 4357 φύσει,
1430 4289 1521 4341 καὶ
1566 4287 1784 4357 λίμναις
1817 4288 1909 4339 καὶ

242 4381 446 4448 πηγαῖς
476 4379 570 4431 καὶ
600 4380 884 4447 ποταμοῖς.
915 4376 1101 4431 Πάντα
1122 4375 1252 4444 γάρ,
1277 4376 1376 4429 ὅσα
1410 4374 1661 4427 ἐϐούλετο
1685 4377 1713 4427 0
1741 4376 1907 4428 Μωῦ-

244 4467 365 4535 σῆς,
394 4465 569 4518 ταῦτα
608 4464 817 4532 ἐγίνετο
852 4466 922 4517 τά
965 4466 1235 4532 στοιχεῖαο
1285 4463 1379 4515 καὶ
1404 4464 1461 4515 ἐν
1498 4464 1618 4524 ταῖς
1663 4461 1818 4531 χερσὶ
1852 4461 1907 4514 δέ

240 4552 404 4607 αὐτοῦ
442 4551 940 4624 μετεσχηματίξετο
975 4550 1136 4603 πάλιν
1176 4552 1209 4622 ἠ
1261 4550 1431 4613 κτίσις
1456 4588 1470 4611 ,
1520 4552 1612 4603 καὶ
1658 4549 1906 4621 καθάπερ

242 4637 550 4707 θεράπαινά
575 4657 661 4702 τις
692 4638 1012 4708 εὐγνώμων,
1042 4637 1303 4691 δεσπότου
1337 4637 1489 4706 φίλον
1522 4636 1704 4689 ἰδοῦσα
1731 4653 1907 4706 παρα-

241 4725 551 4795 γενόμενον,
587 4726 765 4779 πάντα
792 4724 1040 4777 ἐπείθετο
1075 4725 1168 4777 καὶ
1202 4724 1444 4794 ὑπήκουε
1478 4722 1729 4794 καθάπερ
1759 4721 1908 4791 αὐτῷ

240 4811 319 4881 τῷ
361 4811 624 4885 Δεσπότῃ.
674 4811 817 4882 Πρὸς
849 4810 1036 4863 τοῦτον
1084 4812 1177 4863 καὶ
1225 4806 1374 4872 00:0;
1420 4807 1541 4860 ίδὼν
1577 4818 1623 4870 ο,
1670 4807 1905 4870 τοιοῦτος

240 4897 468 4965 ἐγίνετο,
499 4898 591 4949 καὶ
622 4897 794 4949 ταῦτα
819 4897 935 4960 νέος
956 4896 1053 4960 ὣν,
1084 4898 1131 4948 εἰ
1163 4897 1361 4966 δήποτε
1388 4895 1481 4946 καὶ
1508 4894 1722 4961 ἐγένετο
1750 4893 1869 4956 νέος
1888 4911 1902 4924 ⁸

240 4986 299 5037 οὐ
336 4984 445 5055 γάρ
478 4984 652 5052 ἔγωγε
706 4983 997 5055 πείθομαι*
1043 4983 1216 5046 οὕτως
1265 4983 1325 5046 ἐξ
1376 4981 1555 5034 αὐτῶν
1605 4980 1753 5051 αὐτῷ
1796 4978 1935 5033 τῶν

242 5072 570 5143 σπαργάνων
598 5072 778 5125 πολιὸν
812 5072 1066 5143 φρόνημα
1087 5066 1174 5141 ἦν.
1209 5070 1368 5122 Ἀλλά
1397 5070 1489 5121 καὶ
1515 5068 1656 5121 κατά
1689 5069 1780 5122 τὸν
1804 5068 1905 5138 τῆς

240 5159 453 5229 ἡλικίας
480 5159 634 5226 λόγον
657 5159 774 5222 νέος
797 5158 893 5223 ῶν,
923 5158 1103 5227 πάσης
1126 5157 1441 5226 φιλοσοφίας
1465 5155 1777 5218 ἐπελάϐετο,
1812 5156 1905 5208 καὶ¹

240 5244 581 5316 καταμαθὼν
593 5245 689 5316 τὴν
712 5244 871 5314 φύσιν
893 5244 991 5314 τὴν
1022 5244 1294 5314 ἡμετέραν
1323 5243 1402 5295 ὅτι
1432 5241 1683 5311 καθάπερ
1706 5241 1904 5310 χωρίον

237 5333 387 5386 ἐστὶν
406 5332 726 5404 ὐλομανοῦν,
742 5331 809 5383 τά
828 5333 926 5399 μὲν
942 5332 1219 5400 νοσήματα
1233 5330 1331 5400 τῆς
1347 5329 1524 5399 ψυχῆς
1549 5327 1627 5398 τῷ
1640 5330 1784 5399 λόγῳ
1806 5329 1903 5399 τῆς

238 5419 538 5487 εὐσεϐείας,
558 5419 810 5490 καθάπερ
826 5418 1064 5489 δρεπάνῃ
1088 5418 1214 5483 τινὶ,
1231 5416 1424 5488 ῥᾳδίως
1444 5416 1724 5482 ἐξέκοπτε,
1741 5416 1903 5469 καθα.

299 5652 326 5715 ξ
351 5652 484 5715 Coll).
499 5654 600 5715 ἀλλ’
627 5655 674 5708 ἐξ
694 5654 849 5715 αὐτῶν
870 5655 905 5715 ἡ
924 5654 1075 5714 ψῆφος
1090 5653 1424 5715 καταϐέϐηκεν·
1441 5651 1781 5715 Εὐκοπώτερον
1791 5650 1896 5711 γάρ.

298 5709 329 5775 ι)
349 5713 479 5775 Coll).
516 5714 635 5775 ἀλλά
656 5714 834 5760 τούτων
857 5709 1172 5775 οὗτος

299 5773 327 5807 θ
351 5773 481 5824 Colb.
510 5774 735 5839 δεσπότῃ,
776 5774 889 5838 πρὸς
912 5775 962 5823 ὃν
987 5773 1122 5829 00:0;
1144 5776 1273 5835 ἰδών,
1298 5783 1345 5823 e‘
1369 5773 1437 5825 sic
1463 5775 1587 5837 legit
1627 5773 1891 5836 interpres.
1961 5812 1981 5843 --

1252 5854 1287 5879 ..ιι

2020 458 2117 530 ράς
2138 458 2390 529 παρέχων
2406 459 2483 529 τῷ
2498 458 2727 529 γεωργῷ
2750 458 2849 522 :0;
2866 458 3102 531 ἀρούρας
3124 460 3257 531 1:00;
3281 462 3380 532 τὴν
3404 461 3512 517 τῶν
3532 481 3694 532 σπερ-

2021 546 2206 615 μάτων
2237 546 2562 617 καταϐολὴν,
2589 545 2682 598 καὶ
2708 546 2994 617 δεχόμενος
3022 547 3254 613 ἅπαντα,
3274 549 3410 619 πρὸς
3437 550 3500 602 :0
3527 550 3695 619 $060;

2019 634 2414 704 παρέπεμπεν·
2447 634 2587 686 ὥστε
2630 633 2875 687 κάτωθεν
2914 633 3211 703 ῥιζωθέντα
3248 637 3386 706 μήτε
3428 637 3569 706 1:00;
3596 638 3696 706 τήν

2016 720 2114 789 τῆς
2145 722 2360 783 ἀκτῖνος
2384 721 2623 774 ἐνδοῦναι
2647 720 2972 791 προσϐολὴν,
3004 724 3138 791 μήτε
3167 723 3271 775 ὐπὸ
3299 723 3408 776 τῶν
3435 724 3696 777 ἀκανθῶν

2016 807 2382 876 ἀποπνιγῆναι
2435 807 2615 861 πάλιν.
2666 807 2825 860 Ἀλλά
2855 807 2953 878 τὴν
2991 810 3088 878 μὲν
3129 809 3305 879 ψυχὴν
3358 810 3699 880 ἐθεράπευεν

2015 894 2193 947 οὕτω⁸
2231 894 2305 947 τά
2331 896 2388 948 δὲ
2434 896 2533 965 τῆς
2577 895 2775 966 σαρκὸς
2809 898 3153 966 σκιρτήματα
3195 900 3305 961 τοῖς
3351 899 3450 966 τῆς
3481 900 3697 969 ἐγκρα-

2015 982 2165 1045 τείας
2188 982 2497 1053 φαρμάκοις
2520 981 2893 1045 κατέστελλεν,
2913 982 3101 1053 ῶσπερ
3128 983 3278 1053 ῖππῳ
3301 986 3405 1037 τινὶ
3426 986 3693 1055 δυσηνίῳ,

2015 1070 2092 1140 τῷ
2126 1069 2341 1141 σώματι
2385 1070 2476 1122 τὸν
2523 1070 2633 1122 ἀπὸ
2678 1070 2777 1140 τῆς
2823 1070 3073 1139 νηστείας
3123 1070 3334 1141 χαλινὸν
3379 1072 3694 1141 ἐμϐάλλων,

2016 1159 2109 1211 κα)⁵
2148 1159 2310 1230 μέχρι
2355 1157 2613 1210 τοσούτου
2660 1159 2851 1211 τείνων
2880 1156 3087 1222 ὀπίσω,
3122 1158 3198 1221 ὠς
3244 1159 3382 1212 αὐτά
3411 1158 3520 1210 τῶν
3564 1160 3696 1211 ἐπι-

2016 1244 2225 1315 θυμιῶν
2246 1246 2474 1316 αἱμάξαι
2499 1247 2568 1300 τά
2599 1247 2840 1316 στόματα
2872 1245 3009 1315 μετά
3031 1246 3129 1317 τῆς
3160 1246 3541 1316 προσηκούσης
3575 1264 3691 1314 φειο

2013 1333 2159 1397 000;.
2198 1334 2337 1388 Οὐτε
2364 1335 2472 1406 700
2501 1335 2778 1389 κατέτεινε
2815 1334 2876 1387 :0
2907 1334 3087 1403 σῶμα,
3133 1333 3273 1386 ὥστε
3310 1334 3385 1404 μή
3423 1334 3699 1402 συμποδι-

2016 1418 2211 1473 σθέντα
2254 1423 2347 1473 τὸν
2390 1421 2554 1474 ἵππον
2600 1420 2871 1491 ἄχρηστον
2913 1419 3062 1490 αὐτῷ
3103 1418 3354 1487 γενέσθαι
3403 1420 3541 1489 πρὸς
3590 1419 3699 1488 τὴν

2013 1505 2317 1572 διακονίαν,
2352 1507 2475 1560 οὐτε
2510 1509 2586 1571 είς
2631 1509 2730 1579 τὴν
2770 1508 2909 1575 ἄγαν
2952 1506 3162 1574 εὐεξίαν
3210 1508 3469 1576 ἐμπεσεῖν
3508 1508 3697 1576 ἠφίει,

2018 1599 2225 1664 μήποτε
2263 1595 2688 1667 πολυσαρκήσας
2741 1595 2931 1660 πάλιν,
2978 1594 3349 1666 κατεξαναστῇ
3400 1594 3495 1649 :00
3543 1597 3697 1666 ἠνιον

2016 1678 2235 1749 χοῦντος
2271 1681 2432 1733 αὐτὸν
2472 1680 2752 1751 λογισμοῦ,
2778 1680 2892 1733 ἀλλ’
2917 1679 3052 1751 ὁμοῦ
3089 1681 3184 1733 καὶ
3220 1682 3317 1750 τῆς
3350 1682 3562 1749 ὐγιείας
3590 1681 3696 1733 αὐ-

2013 1767 2106 1819 :00
2138 1769 2233 1821 καὶ
2259 1770 2358 1838 τῆς
2388 1768 2637 1832 εὐταξίας
2669 1769 3004 1839 ἐπεμελεῖτο.
3033 1769 3141 1821 Καὶ
3184 1769 3303 1838 οὐχὶ
3335 1769 3452 1831 νέος
3481 1769 3584 1838 μὲν
3614 1768 3699 1821 ῶν

2013 1855 2253 1919 τοιοῦτος
2289 1851 2379 1926 ἠν,
2413 1856 2601 1926 ἐπειδὴ
2636 1855 2694 1909 δέ
2744 1855 2993 1926 παρῆλθε
3035 1855 3133 1927 τὴν
3184 1856 3398 1926 ἠλικίαν
3443 1856 3691 1924 ἐκείνην.

2013 1941 2108 1993 καὶ
2145 1941 2240 2011 τὴν
2270 1944 2520 2011 πρόνοιαν
2550 1941 2753 2013 ταύτην
2796 1943 3002 2003 ἔλυσεν,
3035 1942 3172 1996 ἀλλά
3206 1942 3299 1995 καὶ
3339 1942 3454 2008 νῦν,
3480 1944 3573 1995 ὅτε
3613 1944 3699 2005 ώς

2012 2029 2071 2079 ἐν
2104 2027 2261 2097 εὐδίῳ
2291 2028 2468 2098 λιμένι
2519 2028 2598 2098 τῷ
2643 2030 2791 2099 γήρᾳ
2838 2029 3100 2099 κάθηται,
3144 2029 3244 2099 τῆς
3287 2030 3458 2099 αὐτῆς
3500 2028 3695 2099 ἔχεται

2014 2114 2330 2183 ἐπιμελείας
2355 2115 2505 2186 [442]
2539 2116 2720 2168 πάλιν.
2760 2117 2822 2168 'H
2870 2117 2967 2186 μὲν
3004 2116 3112 2187 γὰρ
3156 2117 3366 2187 νεότης,
3409 2118 3691 2186 ἀγαπητέ,

2015 2199 2241 2267 πελάγει
2288 2202 2573 2272 προσέοικε
2620 2195 2974 2274 μαινομένῳ,
3027 2205 3288 2274 κυμάτων
3321 2206 3529 2275 ἀγρίων
3590 2209 3696 2259 καὶ

2016 2288 2339 2355 πνευμάτων
2386 2289 2608 2358 γέμοντι
2659 2291 2942 2360 πονηρῶν·
2998 2293 3032 2362 ἡ
3081 2292 3138 2344 δέ
3171 2291 3330 2344 πολιὰ
3374 2292 3567 2362 ῶσπερ
3609 2295 3691 2357 είς

2014 2371 2209 2442 λιμένα
2236 2374 2548 2445 ἀκύμαντον
2579 2376 2677 2439 τὰς
2704 2377 2813 2428 τῶν
2840 2378 3221 2447 γεγηρακότων
3239 2379 3454 2450 όρμίζει
3481 2379 3691 2449 ψυχὰς,

2014 2462 2329 2530 παρέχουσα
2378 2465 2444 2532 τῇ
2486 2464 2639 2534 παρά
2685 2465 2784 2534 τῆς
2832 2464 3048 2535 ἡλικίας
3080 2466 3348 2536 ἐντρυφᾷν
3389 2466 3688 2538 ἀσφαλείᾳ.

2014 2547 2232 2617 Ταύτης
2260 2551 2351 2601 καὶ
2388 2544 2543 2612 οὐτος
2576 2550 2865 2603 ἀπολαύων
2903 2551 3020 2614 νῦν,
3053 2552 3147 2604 καὶ
3174 2554 3230 2603 ἐν
3260 2553 3337 2623 τῷ
3364 2553 3566 2621 λιμένι,
3611 2556 3692 2613 ὡς

2015 2633 2184 2703 ἔφθην
2229 2634 2435 2698 εἰπὼν,
2494 2636 2834 2707 καθήμενος,
2885 2637 2994 2691 τῶν
3027 2641 3085 2690 ἐν
3123 2639 3272 2709 μέσῳ
3316 2639 3542 2707 πελάγει
3592 2657 3691 2692 σα⁹

2012 2720 2275 2774 λευόντων
2297 2723 2394 2793 οὐχ
2417 2720 2581 2793 ἧττόν
2612 2728 2759 2777 ἐστιν
2780 2725 3067 2794 ἐναγώνιος
3088 2743 3101 2755 ·
3138 2728 3228 2779 καὶ
3251 2726 3435 2779 τοῦτον
3465 2728 3695 2793 ἐδέξατο

2013 2808 2163 2879 παρά
2199 2809 2293 2863 τοῦ
2322 2811 2535 2864 Παύλου
2568 2813 2659 2864 τὸν
2690 2813 2874 2881 φόϐον,
2913 2814 2972 2876 ὃς
3003 2814 3180 2867 καίτοι
3219 2815 3298 2876 είς
3341 2816 3429 2866 τὸν
3454 2816 3690 2883 οὐρανὸν

2014 2896 2241 2961 ἀναϐὰς,
2274 2901 2369 2951 καὶ
2396 2898 2487 2951 τὸν
2520 2899 2635 2969 μετ’
2663 2902 2870 2952 ἐκεῖνον
2894 2899 3224 2970 διαδραμὼν,
3251 2903 3345 2954 καὶ
3370 2901 3468 2955 τοῦ
3496 2903 3689 2972 τρίτου

2015 2985 2176 3037 πάλιν
2207 2986 2503 3056 ἁψάμενος,
2530 2987 2682 3056 ἔλεγε
2708 3006 2721 3017 ·
2752 2988 3049 3057 Φοϐοῦμαι
3065 2989 3302 3057 μήπως,
3330 2989 3543 3055 ἄλλοις
3576 3009 3686 3059 κη-

2004 3071 2222 3138 ρύξας,
2257 3074 2442 3139 αὐτὸς
2471 3074 2754 3143 ἀδόκιμος
2784 3075 3057 3145 γένωμαι.
3092 3075 3192 3129 Διά
3221 3075 3378 3128 τοῦτο
3402 3078 3496 3129 καὶ
3526 3074 3689 3141 00:0;

2012 3161 2069 3210 ἐν
2105 3160 2345 3231 διηνεκεῖ
2378 3162 2712 3231 κατέστησεν
2750 3164 2943 3215 ἐαυτὸν
2973 3164 3154 3232 φόϐῳ,
3196 3164 3282 3216 ἴνα
3323 3163 3593 3232 διηνεκῶς
3629 3168 3688 3219 ἐν

2012 3246 2088 3316 τῷ
2120 3246 2343 3319 θαρρεῖν
2384 3245 2439 3322 ᾖ,
2472 3256 2568 3303 καὶ
2603 3250 2837 3319 κάθηται
2866 3251 2956 3302 ἐπὶ
2990 3251 3097 3303 τῶν
3124 3252 3342 3311 οἰάκων,
3374 3253 3475 3304 οὐκ
3517 3254 3687 3307 ἀστέ-

2016 3351 2122 3403 ρων
2146 3334 2172 3373 d
2200 3336 2454 3399 ἐπιτολάς
2486 3337 2839 3407 παρατηρῶν,
2866 3337 2983 3391 οὐδὲ
3006 3338 3243 3406 ὑφάλους
3272 3338 3363 3391 καὶ
3392 3339 3685 3404 σπιλάδας,

2012 3420 2147 3473 ἀλλά
2173 3420 2443 3490 δαιμόνων
2472 3423 2889 3488 ἐπαναστάσεις,
2921 3426 3016 3478 καὶ
3044 3424 3287 3477 διαϐόλου
3318 3428 3686 3497 κακουργίας,

2013 3508 2105 3558 καὶ
2127 3506 2403 3578 λογισμῶν
2439 3510 2638 3580 μάχας,
2669 3511 2760 3563 καὶ
2789 3510 2972 3581 κύκλῳ
3008 3510 3100 3564 τοῦ
3134 3512 3497 3581 στρατοπέδου
3526 3531 3689 3584 περι-

2015 3595 2127 3657 ιὼν,
2152 3595 2394 3659 ἃπαντας
2426 3598 2483 3649 ἐν
2508 3599 2777 3669 ἀσφαλείᾳ
2808 3599 3147 3670 καθίστησιν.
3186 3601 3260 3652 Οὐ
3290 3601 3395 3670 γάρ
3429 3601 3584 3662 ὅπως
3611 3602 3687 3671 μὴ

2014 3681 2333 3752 βαπτισθείη
2364 3684 2424 3736 τὸ
2450 3687 2653 3752 σκάφος
2676 3689 2868 3739 σκοπεῖ
2899 3687 3075 3755 μόνον,
3098 3687 3213 3740 ἀλλ’
3241 3688 3388 3750 ὅπως
3411 3688 3552 3755 μηδέ
3576 3689 3686 3741 τῶν

2012 3768 2353 3835 ἐμπλεόντων
2394 3787 2477 3831 τις
2504 3772 2785 3843 πειραθείη
2828 3772 3056 3843 θορύϐου
3086 3773 3258 3835 τινὸς,
3287 3774 3505 3826 ἅπαντα
3538 3791 3686 3844 πρα-

2011 3854 2359 3922 γματεύεται.
2391 3857 2489 3910 Διά
2512 3858 2698 3911 τοῦτον
2722 3861 2815 3913 καὶ
2852 3861 2952 3931 τὴν
2980 3860 3172 3913 τούτου
3201 3861 3393 3929 σοφίαν
3426 3863 3592 3931 ἡμεῖς
3625 3862 3686 3926 ἐξ

2009 3941 2197 4009 οὐρίας
2238 3942 2472 4012 πλέομεν
2512 3944 2782 4011 ἅπαντες,
2823 3947 3000 4019 πλήρη
3039 3948 3107 4002 τά
3160 3948 3303 4001 ίστία
3346 3950 3685 4011 πετάσαντες

2010 4026 2108 4096 τῆς
2133 4028 2281 4098 νηός.

2080 4208 2139 4260 δ’.
2175 4211 2365 4263 Καίτοι
2396 4228 2458 4278 γε
2480 4213 2567 4263 ὅτε
2590 4213 2681 4264 τὸν
2707 4213 2967 4284 πρότερον
2998 4216 3210 4285 πατέρα
3228 4215 3603 4289 ἀπεϐάλομεν,
3623 4220 3682 4285 0;

2000 4299 2104 4348 ’καὶ
2137 4297 2323 4349 τοῦτον
2364 4300 2493 4368 ἡμῖν
2526 4300 2835 4369 ἐγέννησεν,
2867 4304 2924 4353 ἐν
2966 4303 3169 4372 ἀπορία
3199 4304 3270 4356 τὰ
3304 4305 3558 4376 ἡμέτερα
3589 4303 3677 4379 ἦν.

2011 4384 2101 4436 Διὸ
2136 4386 2228 4437 καὶ
2272 4385 2516 4449 ἐλεεινῶς
2556 4388 2916 4459 ἐθρηνοῦμεν,
2938 4390 3012 4453 ὡς
3036 4392 3098 4443 οὐ
3145 4392 3554 4462 προσδοκῶντες
3591 4396 3682 4449 τὸν

2012 4473 2199 4543 θρόνον
2226 4474 2413 4529 τοῦτον
2437 4475 2623 4547 ἓτερον
2650 4476 2818 4547 ἄνδρα
2851 4477 3088 4531 τοιοῦτον
3108 4478 3352 4543 δέξεσθαι
3373 4492 3416 4533 ο.
3457 4482 3681 4554 Ἐπί-δὴ

2009 4563 2065 4615 δὲ
2097 4557 2253 4627 οὗτος
2286 4565 2457 4635 ἐφάνη
2487 4568 2578 4618 καὶ
2618 4567 2895 4637 παρῆλθεν
2926 4570 3005 4631 εἰς
3039 4568 3223 4638 μέσον,
3250 4571 3432 4623 πᾶσαν
3459 4571 3680 4641 ἐκείνην

2008 4650 2106 4721 τὴν
2135 4651 2374 4720 ἀθυμίαν
2403 4652 2694 4723 παρελθεῖν
2740 4656 3015 4725 ἐποίησεν,
3056 4655 3247 4727 ὥσπερ
3272 4657 3455 4725 νέφος,
3485 4660 3583 4711 καὶ
3613 4662 3682 4714 τὰ

2011 4736 2307 4808 σκυθρωπά
2351 4738 2662 4809 ἀπέκρυψεν
2693 4740 2925 4806 ἅπαντα,
2959 4744 3022 4795 οὐ
3062 4742 3206 4796 κατὰ
3240 4744 3435 4813 μικρὸν
3469 4745 3682 4809 ἐξαλεί-

2010 4842 2124 4891 φων
2172 4827 2307 4894 ἠμῖν
2335 4826 2398 4877 :0
2444 4826 2669 4891 πένθος,
2713 4828 2827 4880 ἀλλ’
2854 4828 3026 4894 οὕτως
3071 4830 3288 4901 ἀθρόον,
3336 4831 3412 4895 ὡς
3456 4832 3525 4886 ἂν
3558 4836 3610 4886 εἰ
3651 4836 3681 4888 0

2013 4912 2282 5009 μακάριος
2310 4914 2706 5009 αὐτὸςᾈέκεῖνος
2740 4916 2848 4968 ἀπὸ
2873 4917 2971 4986 τῆς
3005 4916 3271 4987 λάρνακος
3298 4919 3562 4982 ἀναστάς,
3585 4921 3682 4974 ἐπὶ
3706 4904 3721 5009 ἱ

2007 5001 2098 5052 τὸν
2140 4999 2326 5070 θρόνον
2371 5002 2540 5072 ἀνέϐη
2594 5002 2754 5056 πάλιν
2801 5004 3008 5057 τοῦτον.
3057 5004 3214 5060 Ἀλλά
3256 5005 3364 5077 γάρ
3407 5007 3678 5077 ἐλάθομεν

2008 5087 2272 5159 ἐπιθυμίᾳ
2320 5089 2601 5160 πατρικῶν
2646 5092 3082 5163 κατορθωμάτων
3130 5094 3270 5164 πέρα
3319 5092 3411 5147 :00
3473 5094 3679 5166 μέτρου

2008 5175 2131 5237 :00;
2160 5176 2349 5243 λόγους
2383 5174 2689 5244 ἐξάγοντες,
2724 5180 2783 5231 οὐ
2813 5180 2905 5231 τοῦ
2945 5179 3143 5250 μέτρου
3182 5179 3289 5233 τῶν
3322 5180 3499 5252 τούτῳ
3542 5200 3680 5237 κατ-
3712 5170 3715 5177 ’

2007 5263 2369 5334 ωρθωμένων,
2402 5265 2603 5318 τούτων
2634 5265 2742 5337 γάρ
2785 5267 2997 5320 οὐδέπω
3043 5267 3353 5337 ἠρξάμεθα,
3390 5268 3532 5322 ἀλλὰ
3580 5270 3678 5325 :00

2007 5352 2371 5421 προσήκοντος
2400 5352 2554 5423 ἡμῶν
2582 5356 2646 5425 τῇ
2691 5354 2903 5425 νεότητι
2933 5355 2975 5407 τ.
3010 5356 3144 5425 ⁴ιιέρε
3183 5352 3311 5421 οὖν,
3354 5354 3549 5429 ὥσπερ
3600 5361 3682 5423 εἰς

2069 5587 2093 5659 τί
2119 5588 2199 5659 §_ic
2217 5590 2362 5659 quil.
2379 5597 2433 5659 (1t
2457 5593 2593 5659 (19:0.
2620 5600 2777 5642 recte.
2803 5595 2974 5659 »μοι-οε.
3001 5607 3119 5659 vero
3141 5597 3221 5659 καὶ
3248 5597 3483 5659 ἀστέρων.

2008 5652 2092 5766 5’5”
2120 5650 2360 5760 Megrel.et
2385 5654 2531 5703 Savil.
2557 5656 2607 5703 in
2634 5669 2784 5717 marg.
2821 5657 3045 5711 δέξεσθαι.
3062 5655 3275 5707 Savil.in
3298 5650 3442 5709 leitu
3466 5664 3519 5710 el
3536 5659 3679 5713 Coll).

2033 5728 2051 5761 ε
2080 5728 2142 5760 ασ
2203 5730 2236 5761 ί.

2005 5726 2051 5762 οε
2080 5726 2236 5761 ασυαι.

2058 5726 2088 5814 gf
2120 5777 2174 5826 1n
2198 5778 2302 5826 hxc
2329 5775 2490 5837 \crba,
2512 5782 2566 5839 τῇ
2589 5778 2789 5838 νεότητι,
2814 5777 2994 5828 desinit
3016 5777 3165 5827 Savil.

2061 5855 2079 5889 ‘t

3826 4342 3836 4765 ἔ

3822 4800 3832 4905 ῐ

3822 4944 3830 5345 f
