3890 6220
236 312 335 368 697

236 428 470 496 erigere,
517 422 609 476 sed
655 427 806 490 cogat
847 417 1094 470 deorsum
1135 412 1406 466 inclinare
1433 416 1628 477 eaput,
1659 414 1711 460 et
1740 402 1804 456 ad

240 529 434 572 terram
464 513 686 567 inhiare.
715 509 823 564 Nec
854 516 932 561 est
961 507 1058 560 alia
1091 521 1193 561 res.
1242 518 1360 571 qua:
1392 497 1607 566 perinde
1636 496 1810 549 obstet

236 621 342 677 quo
367 605 540 658 minus
581 601 980 672 proliciscamur
1019 596 1069 648 in
1113 594 1300 648 ctelnm
1325 633 1340 658 ,
1387 605 1450 643 ac
1488 586 1713 648 diviti:e,
1757 593 1810 638 ct

239 676 362 754 hinc
389 694 652 751 venientia
683 690 841 745 mala.
865 688 970 743 Nec
999 699 1148 740 treus
1176 692 1258 737 est
1289 683 1372 735 hic
1396 694 1591 744 sermo,
1625 676 1717 731 sed
1743 676 1809 730 ab

237 805 354 861 ipso
374 788 587 844 Christo
611 783 821 839 devenit
843 778 1098 835 sententia
1130 795 1142 829 :
1175 774 1400 827 Facilius
1423 774 1437 802 ³
1461 781 1560 831 est,
1605 768 1806 838 inquit,

239 858 484 934 eamelum
515 893 602 946 per
630 878 854 946 foramen
892 884 1012 922 acus
1054 864 1284 936 ingredi,
1332 878 1481 933 quam
1522 860 1719 914 divitem
1757 858 1811 910 in

243 987 448 1042 regnum
491 968 729 1022 cwlorum
768 961 980 1033 (Matth.
1024 958 1112 1013 19.
1158 955 1274 1026 24).
1318 952 1422 1009 Sed
1466 966 1624 1015 ecce,
1670 948 1811 1019 quod

243 1071 358 1117 erat
382 1059 616 1123 diftictle,
643 1055 726 1110 vel
756 1049 1082 1120 impossibile
1110 1047 1284 1118 potius
1309 1087 1324 1111 ,
1356 1043 1550 1096 factum
1580 1049 1661 1096 est
1691 1052 1812 1108 pos-

244 1153 399 1207 sibile
425 1170 438 1205 :
462 1159 515 1204 et
538 1149 604 1203 de
628 1161 734 1216 quo
759 1146 948 1200 Petrus
983 1143 1108 1196 olim
1139 1139 1410 1196 dubitabat
1437 1134 1573 1205 apud
1602 1134 1811 1187 Praece-

246 1253 476 1315 ptorem,
499 1239 773 1306 voluitque
798 1251 863 1289 ex
891 1248 956 1288 eo
976 1233 1198 1297 discere,
1215 1230 1321 1298 jam
1353 1228 1464 1296 ipsa
1491 1222 1814 1294 experientia

247 1313 488 1388 novimus
516 1341 700 1382 omnes
721 1369 735 1392 ,
781 1327 886 1382 imo
927 1324 1085 1378 etiam
1127 1320 1373 1389 amplius.
1401 1317 1517 1371 Non
1543 1315 1684 1370 enim
1705 1313 1814 1382 jam

245 1425 394 1478 dives
433 1423 546 1491 ipse
587 1414 952 1472 tantummodo
981 1411 1222 1466 ascendit
1267 1411 1318 1463 itt
1346 1408 1568 1470 etelnm,
1607 1419 1817 1460 verum-

249 1517 410 1569 etiam
459 1511 706 1582 populum
748 1506 1064 1569 introducit,
1117 1517 1236 1556 cum
1279 1509 1474 1570 praeter
1512 1497 1726 1551 divitias
1764 1505 1816 1549 et

251 1607 351 1660 alia
381 1603 464 1658 his
493 1617 594 1655 non
623 1601 828 1666 minora
872 1595 1065 1649 habeat
1104 1590 1477 1661 impedimenta
1497 1629 1510 1649 ,
1546 1586 1686 1656 quod
1727 1586 1816 1655 ju-

251 1696 400 1751 venis
443 1701 557 1757 est,
606 1688 745 1759 quod
795 1695 916 1740 ante
967 1696 1175 1752 tempus
1215 1680 1519 1750 orphanus,
1568 1691 1684 1745 qua:
1730 1690 1818 1729 res

250 1785 489 1858 quemvis
516 1780 745 1836 hominis
765 1779 995 1833 animum
1022 1777 1224 1845 possint
1248 1773 1299 1827 in
1329 1770 1565 1825 fraudem
1589 1769 1814 1822 illicere:

250 1875 512 1948 ejusmodi
562 1873 757 1927 habent
808 1870 1226 1930 incantamenta,
1273 1863 1530 1933 ejusmodi
1583 1861 1822 1930 praebent

252 1981 475 2024 venena.
504 1964 699 2019 Verum
731 1963 841 2016 ιιι-ο
867 1961 966 2014 iste
986 1959 1197 2022 devicit,
1227 1967 1280 2011 et
1308 1957 1496 2010 cadum
1521 1952 1820 2023 apprehen-

253 2059 353 2123 dit,
390 2069 616 2124 seseque
644 2053 862 2106 contnlit
892 2049 957 2104 ad
988 2049 1252 2103 etulestem
1294 2044 1683 2114 philosophiam
1703 2083 1718 2108 ,
1761 2056 1823 2095 ac

255 2163 426 2217 neque
450 2144 784 2214 Splendorcm
811 2139 1084 2210 pncsentis
1106 2136 1460 2192 consideravit
1487 2136 1625 2197 vitat,
1653 2147 1823 2201 neque

256 2238 320 2292 ad
364 2236 752 2305 progenitcrum
800 2230 1091 2284 claritatem
1127 2227 1395 2295 respexit:
1422 2225 1527 2278 itno
1559 2223 1729 2292 potius
1759 2222 1824 2276 ad

257 2325 514 2396 majorum
555 2323 846 2377 claritatem
890 2318 1142 2388 respexit,
1196 2333 1301 2371 non
1343 2315 1556 2385 quidem
1602 2315 1821 2367 istorum

258 2433 391 2488 quos
436 2417 535 2486 ipsi
591 2424 777 2468 natura
828 2411 1127 2466 necessario
1181 2409 1536 2473 devinxerat,
1589 2406 1682 2460 sed
1735 2409 1823 2474 qtti

257 2491 401 2580 juxta
432 2506 638 2576 pictatis
667 2503 992 2574 propositum
1021 2499 1286 2569 conjuncti
1312 2507 1466 2563 sunt,
1509 2512 1679 2566 eoque
1709 2495 1826 2549 talis

259 2600 426 2652 factus
445 2606 527 2651 est
547 2595 730 2666 quales
755 2593 829 2646 illi
857 2591 1070 2646 fuerint.
1104 2589 1353 2658 Respexit
1380 2587 1444 2641 ad
1473 2585 1825 2656 patriarcham

261 2688 557 2750 Abraham,
598 2683 831 2751 respexit
869 2681 935 2735 ad
979 2694 1226 2749 magnum
1275 2678 1420 2731 illum
1473 2675 1706 2738 Mosem,
1737 2674 1825 2744 qui

257 2793 378 2831 eum
407 2785 546 2829 esset
566 2775 616 2828 in
644 2773 789 2842 regio
814 2771 1066 2826 educatus
1089 2769 1298 2838 palatio,
1321 2783 1503 2822 mensa
1530 2766 1827 2838 Sybaritica

259 2868 359 2921 frui
399 2872 708 2927 consuetus,
749 2871 804 2916 et
848 2862 984 2914 inter
1019 2859 1297 2929 Egyptios
1324 2857 1542 2912 relictus
1578 2857 1829 2924 strepitus

259 2972 321 3009 ac
343 2955 595 3010 tumultus
622 2952 814 3022 (nostis
833 2961 1006 3004 autem
1033 2949 1327 3018 cujusmodi
1357 2949 1461 3001 sint
1485 2947 1827 3001 barbarorum

261 3049 471 3102 illorum
499 3061 694 3108 mores,
717 3059 871 3113 quam
900 3042 1066 3096 fastus
1095 3053 1148 3095 et
1170 3041 1484 3109 arrogantia:
1509 3039 1649 3107 pleni
1676 3039 1828 3104 sint),

259 3137 576 3205 contemptis
598 3135 698 3189 illis
723 3133 986 3196 omnibus,
1011 3132 1077 3185 ad
1108 3131 1272 3186 lutum
1301 3140 1356 3184 et
1380 3129 1614 3184 laborem
1645 3129 1829 3198 ﬁgulo-

263 3245 380 3283 rtnn
421 3227 563 3281 ultro
601 3240 660 3280 se
692 3223 956 3286 contulit,
985 3231 1038 3276 et
1067 3221 1118 3276 in
1147 3235 1420 3276 servorum
1460 3233 1682 3273 numero
1714 3233 1833 3272 esse

261 3318 594 3386 concupivit,
634 3316 856 3385 qui‘rcx
903 3321 1016 3367 erat
1044 3321 1096 3366 et
1125 3311 1262 3380 regis
1301 3311 1458 3364 filius.
1499 3310 1655 3378 Atqui
1697 3308 1833 3362 hanc

261 3411 332 3462 ob
370 3423 580 3463 causam
611 3415 730 3476 post
754 3420 1002 3460 reversus
1026 3412 1109 3458 est
1151 3404 1352 3472 majore
1381 3417 1500 3457 cum
1540 3401 1790 3469 dignitate
1815 3441 1829 3466 ,

264 3515 421 3570 quam
454 3507 604 3552 antea
633 3497 848 3566 gerebat
887 3507 1043 3564 atque
1071 3493 1355 3562 abjecerat.
1402 3491 1672 3561 Siquidem
1717 3501 1835 3559 post

262 3591 504 3647 exsilium
525 3631 539 3653 ,
575 3599 690 3658 post
724 3587 1028 3642 servitutem
1055 3585 1195 3655 apud
1219 3599 1482 3650 socerum,
1504 3593 1621 3653 post
1637 3599 1832 3636 terum-

263 3699 359 3739 nas
385 3697 605 3752 peregre
631 3681 878 3734 toleratas
898 3720 911 3741 ,
952 3679 1107 3733 rediit
1129 3720 1144 3745 ,
1184 3678 1321 3746 regis
1352 3677 1516 3746 ipsius
1544 3675 1792 3746 princeps
1817 3717 1830 3737 ,

265 3777 372 3833 imo
389 3775 563 3829 verius
590 3773 697 3841 regi
725 3773 832 3841 jam
860 3772 1026 3826 factus
1050 3771 1180 3825 deus
1203 3788 1216 3823 :
1237 3770 1380 3832 Feci,
1410 3772 1596 3839 inquit,
1623 3777 1668 3822 te
1687 3770 1833 3821 deum

266 3865 526 3918 Pharaoni
557 3862 748 3931 (Exod.
775 3863 828 3916 7.
858 3862 913 3931 1)
937 3877 950 3914 :
972 3861 1191 3929 ipsoque
1213 3875 1336 3928 rege
1354 3859 1682 3928 splendidior
1699 3871 1830 3920 erat,

265 3970 370 4010 non
395 3964 607 4021 gestans
626 3951 867 4006 diadema
888 3991 902 4010 .
935 3965 1103 4019 neque
1125 3966 1350 4019 purpura
1381 3950 1632 4013 amictus,
1665 3963 1836 4018 neque

266 4062 424 4100 curru
448 4055 629 4098 vectus
651 4059 832 4106 aureo,
853 4042 943 4095 sed
965 4043 1209 4094 universo
1232 4041 1320 4094 illo
1345 4041 1477 4093 fastu
1503 4042 1832 4094 conculcato.

269 4135 447 4192 Omnis
465 4135 596 4188 enim
621 4134 743 4200 lilia:
762 4133 890 4201 regis
915 4131 1076 4201 gloria
1096 4131 1157 4183 ab
1180 4131 1314 4184 intus
1347 4129 1460 4199 (Ps.
1486 4132 1574 4184 44.
1598 4129 1706 4198 14).
1735 4130 1836 4182 Re-

267 4238 452 4278 versus
475 4233 558 4278 est
586 4223 743 4294 igitur
769 4229 1036 4289 sceptrum
1064 4227 1276 4289 gestans
1295 4260 1310 4284 ,
1341 4219 1483 4288 quod
1515 4220 1834 4288 imperaret,

269 4332 374 4372 non
403 4314 706 4370 hominibus
726 4321 951 4378 tantum,
977 4313 1070 4367 sed
1096 4323 1147 4367 et
1179 4313 1328 4372 czelo.
1365 4321 1541 4378 terrm,
1574 4313 1833 4381 marique,

269 4407 408 4460 aeris
431 4415 485 4460 et
511 4419 765 4474 aquarum
793 4411 991 4457 natura:
1009 4444 1024 4468 ,
1055 4403 1252 4469 stagnis
1269 4443 1281 4464 .
1314 4402 1546 4456 fontibus
1572 4418 1634 4456 ac
1659 4403 1835 4456 ﬂumi-

271 4496 426 4550 nibus
450 4513 462 4546 :
487 4496 538 4548 in
565 4509 908 4564 qumcumque
932 4494 1072 4548 enim
1101 4493 1265 4546 voluit
1288 4493 1478 4558 Moses,
1504 4493 1554 4546 in
1578 4507 1639 4546 ea
1665 4501 1838 4546 verte-

270 4585 460 4638 bantur
486 4585 767 4647 eletnenta,
807 4593 861 4638 e'.
898 4585 950 4636 itt
999 4582 1240 4636 manibus
1273 4581 1413 4635 illius
1449 4581 1625 4636 denuo
1668 4591 1838 4636 trans-

270 4677 600 4730 formabatttr
645 4683 1066 4742 creatura:qn::e
1121 4687 1222 4725 non
1265 4673 1398 4726 alter
1445 4687 1601 4741 quam
1647 4673 1837 4727 ancilla

271 4765 532 4835 quaepiam
563 4764 819 4827 ofliciosa,
845 4762 1146 4831 conspicata
1179 4762 1290 4816 heri
1318 4763 1396 4816 sui
1425 4764 1651 4817 anticum
1674 4762 1837 4816 adve-

271 4861 432 4924 nisse,
480 4873 574 4927 per
616 4857 789 4912 omnia
836 4855 1086 4924 parebat.
1136 4855 1381 4924 dictoque
1425 4855 1727 4909 audientem
1781 4869 1840 4909 se

272 4949 572 5019 praebebat,
601 4945 818 5016 perinde
845 4955 1004 5014 atque
1033 4944 1130 5013 tpsi
1159 4944 1392 4998 domino.
1432 4943 1510 4997 Ad
1540 4958 1696 5012 quem
1721 4943 1834 5006 hic.

270 5054 428 5110 quem
476 5053 616 5092 nunc
657 5035 973 5091 laudandum
1011 5035 1326 5103 suscipimus
1349 5076 1363 5098 ,
1409 5035 1731 5104 respiciens,
1765 5035 1839 5089 illi

269 5129 457 5185 similis
501 5126 718 5183 effectus
766 5135 873 5191 est,
929 5141 1048 5179 cum
1103 5134 1243 5178 esset
1285 5125 1515 5194 juvenis,
1563 5125 1608 5179 si
1665 5133 1840 5178 tamen

271 5235 518 5290 tnnquam
565 5218 662 5272 fuit
701 5218 1058 5284 juvenismon
1105 5217 1244 5269 enim
1287 5230 1412 5270 sane
1437 5215 1631 5279 credo,
1675 5231 1843 5284 usque

270 5311 404 5367 adeo
433 5311 504 5366 illi
536 5311 602 5364 ab
633 5309 759 5378 ipsis
786 5308 1061 5362 cunabulis
1097 5323 1247 5362 mens
1271 5315 1386 5362 erat
1409 5321 1537 5361 caua
1560 5305 1684 5361 :sed
1712 5321 1832 5360 cum

271 5403 416 5474 juxta
437 5399 864 5471 supputationem
879 5400 1050 5454 aetatis
1067 5409 1208 5454 esset
1227 5398 1460 5468 juvenis,
1478 5413 1687 5452 omnem
1705 5399 1842 5453 arri-

272 5624 350 5733 w:
392 5629 473 5671 us.
501 5619 629 5670 Colb.
655 5617 820 5678 habet,
844 5616 929 5667 sed
949 5615 1003 5665 αι
1021 5615 1124 5666 illis
1147 5613 1386 5664 descendit
1412 5613 1634 5665 sententia
1663 5625 1681 5663 :
1709 5612 1845 5663 Faci-

344 5697 443 5732 3....

1110 299 1358 366 SEIKMO,
1398 296 1540 354 CUM
1572 289 1974 350 PRESBYTER
2016 290 2173 348 FUIT
2212 295 2607 352 ORDINATUS

3381 298 3484 353 698

1919 406 2030 474 puit
2064 407 2449 478 philosophiam
2477 418 2564 464 :ct
2601 418 2940 480 posteaquam
2973 422 3294 482 cognoverat
3324 425 3482 467 natu~

1916 512 2028 550 ram
2068 498 2296 552 hominis
2323 514 2442 554 esse
2480 501 2638 555 veluti
2667 500 2886 556 fundum
2915 503 3196 571 quemdam
3225 511 3278 557 et
3299 517 3484 572 agrum

1915 587 2227 657 sylvestrem
2249 629 2263 653 ,
2297 591 2455 644 animi
2489 592 2702 646 morbos
2729 593 2970 647 oratione
3000 593 3208 662 pietatis
3231 607 3327 649 ceu
3351 593 3486 647 falce

1917 678 2158 747 quapiam
2203 678 2354 733 facile
2400 683 2658 746 resecuit,
2702 683 2946 752 agricola:
2997 692 3212 753 purgata
3259 684 3487 738 reddens

1917 785 2043 824 arva
2099 772 2163 825 ad
2214 773 2514 842 jaciendum
2570 783 2859 830 sementem
2897 791 3000 830 :ea
3053 786 3263 846 recepta
3319 785 3488 831 totum

1918 877 2102 918 semen
2129 864 2196 917 ad
2215 866 2484 933 profunda
2512 867 2755 932 demisit,
2803 876 2857 921 ιιι
2884 867 3134 924 deorsum
3163 869 3484 934 radicatam,

1920 969 2021 1008 nec
2059 955 2124 1009 ad
2160 957 2409 1011 solarium
2450 959 2714 1012 radiorum
2754 961 3008 1030 impetum
3049 962 3293 1028 cederet,
3337 977 3490 1018 neca

1919 1046 2082 1114 spinis
2122 1048 2260 1101 male
2302 1047 2666 1104 sulfocaretur.
2713 1051 2960 1104 Animum
3003 1051 3215 1122 quidem
3257 1051 3492 1108 adhunc

1919 1137 2121 1190 curavit
2157 1138 2370 1191 modum
2394 1156 2407 1192 :
2433 1139 2609 1192 carnis
2643 1153 2770 1194 vero
2811 1140 3078 1195 lasciviam
3129 1143 3494 1212 temperantia:

1920 1227 2170 1281 remediis
2209 1229 2546 1297 compressit,
2577 1237 2844 1299 tamquam
2871 1245 3009 1300 equo
3033 1230 3258 1300 cuipiam
3286 1231 3492 1295 rebelli,

1924 1317 2133 1384 corpori
2156 1317 2342 1387 jejunii
2370 1317 2592 1372 frzenum
2622 1319 2882 1388 injiciens,
2912 1329 2964 1374 et
2987 1321 3120 1375 adeo
3141 1322 3194 1375 in
3223 1321 3496 1376 diversum

1919 1407 2146 1461 tendens
2166 1450 2178 1471 ,
2223 1417 2280 1462 ut
2310 1409 2421 1479 ipsa
2447 1410 2996 1479 concupiscentiarum
3025 1425 3118 1465 ora
3148 1427 3269 1465 cum
3307 1411 3494 1467 mode-

1920 1498 2125 1552 ratione
2165 1508 2489 1569 congruente
2528 1509 2848 1556 cruentaret.
2898 1501 3028 1556 Nam
3083 1518 3254 1572 neque
3301 1517 3496 1572 corpus

1923 1586 2275 1650 excruciabat,
2325 1601 2390 1641 ne
2431 1589 2712 1645 immodice
2752 1590 3059 1660 stringendo
3086 1605 3278 1660 equum
3306 1592 3404 1645 sibi
3432 1592 3499 1646 ad

1925 1678 2275 1732 ministerium
2331 1678 2576 1734 redderet
2628 1681 2901 1748 inutilem,
2973 1695 3145 1750 neque
3199 1682 3500 1751 patiebatur

1924 1780 2082 1836 supra
2127 1767 2340 1822 modum
2371 1769 2589 1823 obesum
2623 1768 2734 1823 fieri
2757 1811 2771 1834 ,
2810 1785 2875 1824 ne
2902 1771 3261 1838 corpulentior
3299 1771 3498 1836 factus,

1927 1872 2114 1911 rursus
2137 1859 2366 1929 erigeret
2393 1874 2512 1914 sese
2535 1858 2788 1914 adversus
2815 1861 3074 1915 rationem
3121 1861 3354 1915 habenas
3384 1876 3502 1916 mo-

1927 1952 2198 2007 derantem
2224 1952 2350 2006 :sed
2372 1953 2526 2006 simul
2553 1963 2604 2007 et
2627 1954 2868 2007 sanitatis
2895 1954 3034 2006 illius
3054 1964 3106 2007 et
3127 1954 3503 2016 moderationis

1927 2059 2109 2098 curam
2160 2043 2357 2097 habuit.
2403 2043 2581 2114 Neque
2627 2059 2916 2105 vero-cum
2967 2045 3085 2098 talis
3128 2047 3181 2098 in
3224 2044 3501 2114 juventute

1930 2132 2111 2186 fuisset
2134 2175 2148 2199 ,
2189 2144 2530 2202 posteaquam
2561 2142 2795 2188 teneram
2839 2141 3049 2188 aetatem
3079 2135 3338 2199 excessit,
3369 2133 3505 2188 hanc

1928 2239 2137 2291 quoque
2175 2240 2351 2277 curam
2397 2224 2588 2292 abjecit
2616 2242 2630 2278 :
2656 2239 2838 2278 verum
2870 2227 3027 2278 etiam
3059 2240 3197 2278 nunc
3221 2226 3309 2294 qui
3336 2226 3388 2280 in
3415 2240 3507 2281 se-

1931 2321 2160 2376 nectute,
2193 2314 2338 2366 velut
2363 2314 2413 2366 in
2443 2328 2655 2368 amoeno
2679 2323 2832 2383 portu
2859 2313 3028 2379 sedet,
3057 2329 3240 2369 rursus
3263 2313 3505 2371 eamdem

1931 2418 2110 2458 curam
2156 2404 2420 2458 observat.
2471 2405 2601 2459 Nam
2645 2407 2927 2474 juventus,
2973 2420 3006 2458 ο
3051 2405 3273 2471 dilecte,
3320 2407 3507 2477 pelago

1932 2495 2121 2548 furenti
2170 2496 2356 2550 similis
2397 2505 2511 2564 est,
2561 2497 2849 2552 immitibus
2891 2497 3044 2552 undis
3071 2513 3132 2553 ae
3157 2499 3326 2554 ventis
3355 2500 3508 2555 malis

1931 2586 2126 2640 referto
2148 2604 2159 2638 :
2181 2588 2400 2643 canities
2447 2603 2575 2644 vero
2601 2589 2747 2644 velut
2786 2589 2839 2644 in
2870 2589 3150 2658 tranquillo
3181 2597 3334 2659 portu
3361 2589 3509 2645 fovet

1932 2689 2116 2730 eorum
2143 2678 2371 2744 animos,
2404 2679 2493 2749 qui
2524 2689 2942 2744 consenuerunt,
2972 2689 3227 2749 praestans
3253 2689 3312 2735 ut
3338 2683 3510 2737 aetatis

1937 2767 2202 2824 benelicio
2232 2777 2377 2836 parta
2409 2769 2760 2836 periculorum
2791 2769 3120 2824 immunitate
3148 2768 3377 2838 jucunde
3401 2769 3510 2824 fru-

1937 2871 2113 2916 antur.
2146 2860 2255 2915 llac
2279 2861 2660 2930 tranquillitate
2683 2875 2803 2914 cum
2837 2861 2920 2914 hic
2950 2875 3090 2914 nunc
3120 2869 3232 2915 tuto
3256 2861 3506 2930 potiatur,

1933 2961 2090 3030 atque
2130 2950 2180 3003 in
2211 2959 2365 3019 portu
2386 2991 2400 3014 ,
2428 2959 2485 3004 ut
2513 2950 2616 3004 dixi
2642 2991 2657 3016 ,
2685 2950 2877 3004 sedens
2898 2992 2911 3012 ,
2944 2950 3110 3004 nihilo
3138 2952 3309 3005 minus
3334 2960 3509 3007 tamen

1935 3052 2018 3098 est
2047 3043 2303 3097 sollicitus
2327 3061 2339 3096 :
2364 3052 2416 3096 at
2453 3043 2592 3096 hunc
2622 3043 2866 3112 timorem
2893 3044 3096 3110 accepit
3119 3057 3148 3095 a
3176 3043 3338 3098 Paulo
3361 3083 3376 3109 ,
3421 3046 3512 3114 qui

1936 3150 2060 3190 cum
2086 3135 2413 3189 ascendisset
2440 3135 2490 3187 in
2514 3135 2723 3198 eiciunt,
2748 3145 2903 3204 atque
2928 3134 3049 3190 inde
3070 3151 3321 3190 reversus
3343 3144 3513 3190 terras

1935 3239 2118 3280 rursus
2157 3225 2447 3294 attigisset,
2495 3223 2694 3286 aiebat,
2751 3223 2933 3278 Vereor
2971 3241 3034 3278 ne
3071 3229 3200 3294 forte
3243 3242 3358 3278 eum
3399 3227 3514 3279 aliis

1936 3317 2331 3388 prwdicaverim,
2345 3317 2451 3387 ipse
2464 3316 2700 3386 reprobus
2717 3316 2900 3386 eﬂiciar
2913 3317 2961 3388 (l
2975 3357 2988 3373 .
3005 3317 3121 3372 Cor.
3138 3317 3190 3372 9.
3205 3319 3296 3387 27)
3318 3332 3515 3387 :coque

1939 3410 2023 3462 bic
2051 3423 2169 3464 sese
2214 3410 2265 3461 in
2308 3420 2562 3477 perpetuo
2593 3409 2781 3462 timore
2825 3407 3133 3471 constituit,
3177 3415 3234 3460 ut
3273 3416 3414 3462 esset
3460 3408 3512 3461 in

1938 3508 2189 3568 perpetua
2217 3498 2428 3564 fiducia,
2460 3498 2826 3568 assideretque
2854 3498 3023 3559 clavo,
3057 3513 3160 3552 non
3191 3498 3276 3553 ille
3299 3498 3514 3567 quidem

1938 3591 2220 3645 stellarum
2242 3600 2458 3644 exortus
2488 3589 2776 3643 observans
2801 3630 2814 3653 ,
2847 3604 3019 3658 neque
3049 3604 3209 3658 rupes
3236 3589 3334 3644 sub
3366 3591 3516 3658 aquis

1940 3682 2195 3743 latentes,
2245 3696 2418 3749 neque
2461 3680 2738 3748 scopulos,
2787 3679 2879 3734 sed
2923 3679 3224 3734 daemonum
3254 3681 3513 3745 insultus,

1938 3788 2000 3826 ac
2020 3772 2211 3827 diaboli
2233 3773 2509 3837 versutias,
2529 3773 3008 3840 eogitationumqne
3026 3787 3249 3842 pugnas,
3267 3773 3517 3841 omnique

1940 3873 2093 3934 parte
2119 3863 2348 3917 lustrans
2374 3863 2691 3925 exercitum,
2731 3871 2949 3914 cunctos
2992 3862 3046 3914 in
3085 3869 3198 3915 tuto
3222 3861 3512 3915 constituit.

1938 3954 2117 4022 Neqne
2143 3953 2283 4007 enim
2316 3950 2441 4006 illud
2469 3951 2628 4004 modo
2664 3958 2894 4019 spectat,
2927 3964 2994 4004 ne
3019 3950 3214 4018 scapha
3243 3948 3517 4018 demerga-

1945 4055 2060 4107 tur;
2094 4044 2186 4098 sed
2231 4058 2299 4098 ne
2325 4043 2444 4112 quis
2469 4057 2649 4096 eorum
2673 4082 2687 4104 ,
2731 4055 2864 4110 quos
2903 4055 3082 4095 secum
3127 4040 3285 4095 habet
3314 4042 3364 4095 itt
3397 4043 3514 4096 navi

1942 4147 2208 4200 vectores,
2234 4150 2264 4188 a
2295 4133 2516 4188 tumultu
2545 4132 2771 4203 quodam
2801 4147 2897 4186 ceu
2924 4147 2952 4184 a
2983 4133 3166 4201 piratis
3195 4132 3514 4203 abripiatur,

1941 4227 2072 4281 nihil
2116 4241 2220 4280 non
2250 4234 2400 4280 curat
2441 4225 2725 4294 agitatque.
2770 4223 2872 4277 Per
2914 4223 3088 4284 hunc,
3129 4237 3328 4293 perque
3360 4223 3517 4291 hujus

1941 4317 2255 4388 sapientiam
2303 4329 2400 4370 nos
2448 4329 2634 4369 omnes
2685 4311 2916 4367 secundo
2966 4311 3273 4382 navigamus
3317 4322 3514 4377 vento,

1941 4410 2095 4480 plena
2126 4408 2274 4461 navis
2301 4407 2412 4462 vela
2441 4405 2751 4476 pandentes.

2011 4503 2064 4555 4.
2105 4500 2184 4554 De
2222 4499 2424 4553 Meletio
2464 4499 2773 4552 Antioclteno
2821 4496 3059 4567 loquitur.
3097 4525 3169 4536 —
3205 4497 3345 4551 Sane
3393 4510 3514 4550 cum

1942 4594 2171 4662 priorem
2192 4593 2335 4645 illum
2359 4600 2558 4660 patrem
2590 4589 2950 4644 amisissemus
2968 4629 2983 4654 ,
3007 4590 3092 4656 qui
3121 4601 3180 4644 et
3203 4587 3340 4641 hunc
3361 4587 3515 4642 nobis

1940 4685 2154 4755 genuit,
2179 4685 2228 4736 in
2256 4683 2496 4752 angustia
2529 4697 2613 4736 res
2655 4689 2851 4734 nostra:
2880 4688 3061 4734 erant:
3094 4694 3265 4749 quare
3293 4679 3516 4733 misera-

1943 4773 2120 4828 biliter
2151 4771 2590 4835 lamentabamur,
2621 4780 2675 4823 ttt
2704 4770 2793 4838 qui
2821 4785 2924 4822 non
2955 4769 3299 4838 sperabamus
3327 4767 3438 4822 fore
3459 4776 3519 4822 ut

1943 4862 2029 4917 hic
2052 4862 2271 4916 thronus
2299 4861 2458 4914 alium
2486 4861 2658 4914 virttm
2692 4861 2848 4914 talem
2877 4861 3163 4929 acciperet.
3187 4857 3382 4915 Verum
3429 4857 3520 4914 ubi

1944 4955 2029 5010 hic
2052 4954 2283 5019 advenit,
2316 4962 2369 5008 et
2395 4953 2446 5006 in
2476 4953 2618 5007 clara
2643 4953 2759 5007 luce
2777 4952 2917 5007 visus
2941 4961 3021 5007 est
3041 4995 3055 5019 ,
3081 4951 3239 5009 efﬁcit
3272 4961 3329 5005 ut
3349 4953 3528 5008 omnis

1946 5047 2033 5101 illa
2064 5046 2303 5116 angustia
2332 5044 2494 5098 veluti
2519 5044 2688 5097 nubes
2718 5044 3061 5112 pratterierit,
3087 5053 3140 5099 et
3169 5060 3354 5100 omnes
3393 5059 3510 5099 mo-

1945 5138 2114 5193 lestize
2139 5137 2466 5190 evanuerint.
2512 5135 2693 5205 Neque
2723 5137 2917 5190 sensim
2947 5137 3097 5190 nobis
3124 5137 3319 5191 luctum
3368 5136 3518 5190 illum

1945 5229 2174 5291 excutit,
2203 5226 2294 5280 sed
2343 5226 2478 5280 adeo
2521 5236 2770 5294 repente,
2795 5227 2944 5295 quasi
2980 5227 3118 5281 idem
3165 5227 3252 5281 ille
3277 5227 3462 5281 beatus
3490 5242 3521 5280 e

1947 5318 2152 5373 tumulo
2166 5317 2432 5374 redivivus
2455 5319 2506 5369 in
2537 5315 2678 5371 hunc
2708 5315 2954 5370 thronum
2977 5317 3152 5371 denuo
3176 5315 3501 5370 ascendisset

1948 5408 2143 5464 Verum
2171 5407 2532 5476 imprudentes
2553 5422 2734 5461 amore
2761 5405 3038 5474 studioque
3067 5405 3319 5474 praeclare
3340 5413 3520 5474 gesto.

1950 5517 2067 5556 rum
2095 5501 2260 5570 patris
2287 5499 2490 5563 nostri,
2521 5513 2820 5554 sermonem
2848 5499 2983 5554 ultra
3014 5497 3228 5553 modum
3268 5498 3518 5567 produxi-

1950 5609 2103 5656 mus,
2129 5606 2233 5644 non
2279 5590 2398 5645 dico
2443 5591 2577 5643 ultra
2617 5589 2831 5644 modum
2881 5603 3064 5643 eorum
3104 5603 3223 5658 qua:
3268 5587 3354 5643 hic
3401 5605 3528 5646 cum

1955 5685 2104 5740 laude
2130 5683 2328 5755 gessit;
2352 5697 2472 5736 nam
2512 5680 2578 5736 de
2604 5680 2685 5735 his
2711 5696 2776 5736 ne
2802 5680 2941 5749 loqui
2976 5679 3184 5749 quidem
3229 5681 3521 5750 etepimus;
