3890 6220
350 247 453 303 099
1058 245 1114 300 S.
1154 242 1430 300 JOANNIS
1466 240 1938 298 CHRYSOSTOMI
1979 240 2299 297 ARCHIEP.
2341 241 2880 300 CONSTANTI‘NOP.
3505 237 3613 294 700

346 363 438 420 sed
496 363 631 418 ultra
689 359 1104 416 mediocritatem
1151 367 1344 412 nostra:
1393 353 1752 425 juventntis',
1795 356 1925 420 Age-

346 458 471 510 dum
495 455 651 524 igitur
669 466 856 506 rursus
879 449 1024 503 velut
1064 449 1114 502 in
1141 458 1352 518 portum
1389 444 1685 500 orationem
1714 442 1928 497 silentio

346 547 411 600 ad
435 546 666 616 quietem
686 555 1026 598 revocemus:
1059 549 1308 593 caeterum
1327 551 1390 591 ea
1410 535 1654 591 desinere
1671 548 1773 588 non
1795 532 1928 598 vult,

346 638 440 691 sed
460 652 599 706 mgre
620 634 740 700 fert,
757 632 1160 701 indignaturque
1177 628 1397 697 cupiens
1413 635 1526 680 toto
1545 634 1694 696 prato
1707 623 1928 694 expleri.

351 728 544 782 Verum
560 726 611 780 id
636 723 961 794 impossibile
977 731 1058 776 est
1073 763 1088 789 ,
1115 736 1148 774 ο
1168 720 1341 791 pueri.
1364 719 1677 774 Desinamus
1694 717 1851 786 igitur
1869 730 1930 768 ea

353 819 628 889 persequi,
650 832 768 888 quae
801 831 902 870 non
935 827 1216 885 possumus
1236 811 1477 882 assequi;
1497 807 1934 865 sufﬁciantnobis

347 910 413 964 ad
440 909 684 964 solatium
735 922 798 961 ea
843 923 962 976 qua:
1006 905 1146 960 dicta
1195 912 1338 959 sunt.
1391 899 1830 969 Quandoquidem
1878 899 1930 951 in

349 1001 594 1072 pretiosis
621 1000 902 1069 unguentis
922 1012 1025 1050 non
1048 1003 1250 1050 tantum
1285 994 1330 1049 si
1366 993 1486 1062 quis
1512 990 1747 1047 effundat
1784 990 1935 1059 lccy-

350 1093 499 1147 thum
520 1132 535 1156 ,
555 1106 738 1144 verum
759 1089 916 1144 etiam
944 1088 988 1142 si
1009 1087 1128 1156 quis
1157 1085 1242 1138 vel
1273 1081 1709 1152 summisdigitis
1751 1095 1936 1149 super-

349 1184 523 1238 ficiem
550 1183 806 1251 attingat,
830 1189 884 1233 et
909 1194 1086 1232 acrem
1116 1192 1253 1231 novo
1279 1175 1457 1232 colore
1492 1174 1681 1240 tinxit,
1700 1183 1754 1226 et
1777 1179 1936 1241 quot-

350 1282 482 1344 quot
505 1273 696 1328 adsunt
719 1313 732 1336 ,
765 1271 1022 1324 suavitate
1062 1265 1362 1337 fragrantiae
1392 1263 1638 1334 replevit.
1681 1259 1834 1328 Quod
1885 1269 1938 1313 et

351 1368 406 1421 in
437 1364 720 1436 praesentia
749 1360 998 1432 contigit,
1029 1374 1135 1414 non
1158 1358 1358 1413 viribus
1378 1356 1696 1426 eloquentia:
1719 1363 1936 1418 nostrm,

354 1455 450 1512 sed
496 1463 713 1526 propter
738 1453 845 1507 vim
895 1451 962 1506 ab
1011 1450 1114 1506 hoc
1155 1450 1293 1504 bene
1334 1456 1628 1518 gestorum.
1675 1445 1941 1498 Abeamus

353 1549 529 1618 igitur,
577 1546 830 1599 abeamus
873 1542 940 1596 ad
986 1555 1170 1611 preces
1209 1539 1568 1602 divertentcs,
1596 1535 1942 1604 deprecemur

353 1639 522 1694 Deum
544 1678 559 1703 ,
590 1645 645 1689 ut
665 1633 962 1690 communis
990 1641 1157 1685 mater
1188 1639 1368 1683 nostra
1391 1625 1689 1682 illabefacta
1735 1633 1790 1680 et
1839 1624 1943 1677 im-

355 1741 498 1787 mota
516 1737 746 1794 maneat,
772 1734 828 1781 ut
855 1725 994 1779 hunc
1029 1731 1255 1792 patrem,
1281 1720 1576 1784 doctorem,
1599 1725 1864 1787 pastorem
1891 1723 1944 1769 et

354 1823 799 1895 gubernatorem,
834 1816 900 1871 ad
956 1816 1167 1885 longam
1209 1811 1466 1882 producat
1513 1810 1697 1864 vitam.
1727 1806 1785 1862 Si
1835 1820 1939 1874 qua

353 1915 507 1970 vobis
534 1913 694 1968 etiam
737 1908 904 1963 nostri
949 1907 1088 1961 ratio
1127 1915 1241 1968 eSt;
1275 1917 1450 1973 neque
1497 1901 1640 1955 enim
1681 1899 1791 1969 jam
1846 1911 1945 1952 nos

358 2007 502 2076 ipsos
549 2004 602 2058 in
655 1999 995 2056 sacerdotum
1045 2011 1266 2051 numero
1335 2008 1534 2063 ponere
1603 1989 1940 2056 audebimus,

424 2159 440 2188 '
478 2163 528 2204 tn
551 2155 642 2204 hoc
666 2155 885 2209 verbum,
912 2147 1189 2212 juventutis,
1215 2147 1395 2196 desinit
1433 2143 1571 2193 εει-ῆι.
1617 2142 1810 2204 Reliqua
1832 2139 1950 2191 deti-

360 2221 509 2269 ciunt.

2034 355 2248 424 quando
2279 371 2378 411 nec
2407 356 2488 412 fac
2515 366 2598 412 est
2623 357 2891 412 abortivos
2923 367 3105 428 partus
3133 369 3251 411 cum
3277 356 3529 428 legitimis
3555 373 3617 409 ac

2036 445 2286 514 perfectis
2312 462 2596 501 numerare
2621 463 2634 510 ;
2664 445 2806 516 quod
2831 447 2873 500 si
2905 462 3008 517 qua
3027 489 3044 515 ,
3075 447 3288 516 inquam
3311 488 3326 512 ,
3363 457 3446 501 est
3471 449 3615 516 apud

2035 551 2130 590 vos
2158 545 2212 590 et
2253 539 2419 590 nostri
2451 538 2586 592 ratio
2607 547 2872 606 tamquam
2923 537 3061 594 fetus
3105 538 3378 608 cujusdam
3426 538 3620 594 abortu

2036 628 2189 697 ejecti
2211 670 2227 696 ,
2255 637 2405 684 orate
2449 639 2505 683 ut
2552 646 2583 684 e
2602 630 2848 699 supernis
2876 630 3029 685 nobis
3066 631 3264 686 multus
3288 631 3511 688 accedat
3536 632 3622 684 vi-

2036 736 2151 790 gor.
2206 721 2350 790 Opus
2399 721 2611 792 quidem
2643 732 2757 776 erat
2809 723 2961 777 nobis
2999 731 3054 778 et
3084 724 3228 792 prius
3273 723 3458 788 tutela,
3489 723 3622 777 dum

2038 810 2137 866 soli
2164 811 2323 865 vitam
2353 811 2666 880 degeremus
2689 827 2720 866 a
2739 813 2959 882 negotiis
2983 813 3202 868 liberam
3225 822 3310 868 :at
3339 823 3624 882 postquam

2040 904 2093 958 in
2133 903 2366 958 medium
2393 903 2634 973 producti
2682 917 2895 968 sumus;
2927 904 3113 958 omitto
3161 904 3458 973 quomodo,
3507 904 3625 957 sive

2040 996 2273 1052 humano
2336 995 2541 1064 studio,
2593 995 2705 1050 sive
2773 995 2953 1051 favore
3007 996 3238 1050 divino:
3291 996 3427 1050 nihil
3475 997 3623 1050 enim

2043 1088 2318 1143 vobiscum
2371 1087 2469 1142 hac
2509 1088 2577 1142 de
2627 1103 2685 1142 re
2705 1087 3019 1142 contendam
3040 1129 3061 1156 ,_
3089 1103 3156 1142 ne
3197 1087 3279 1141 cui
3317 1087 3502 1140 videar
3527 1101 3627 1155 per

2041 1179 2516 1234 dissimulationem
2568 1187 2623 1232 et
2653 1179 2874 1232 ironiam
2921 1179 3095 1247 loqui;
3123 1188 3352 1232 attamen
3408 1178 3626 1247 quando

2044 1270 2282 1340 producti
2333 1285 2547 1335 sumus,
2603 1285 2665 1323 ac
2698 1270 2879 1339 jugum
2936 1269 3040 1324 hoc
3082 1269 3311 1323 validum
3355 1283 3629 1338 graveque

2043 1362 2376 1430 suscepimus
2395 1402 2407 1425 ,
2446 1347 2627 1415 multis
2655 1360 2808 1415 nobis
2834 1375 2968 1429 opus
2990 1370 3071 1415 est
3099 1359 3340 1414 manibus
3359 1398 3377 1425 ,
3403 1358 3630 1418 infinitis

2047 1453 2292 1522 precibus
2317 1494 2331 1518 ,
2361 1468 2465 1522 quo
2487 1453 2754 1520 possimus
2791 1451 3090 1519 depositum
3144 1452 3347 1506 salvum
3396 1449 3631 1514 reddere

2045 1543 2262 1599 domino
2301 1543 2388 1612 qui
2440 1542 2718 1613 deposuit,
2751 1542 2802 1596 in
2833 1542 2920 1596 die
2950 1543 3072 1607 illo,
3102 1557 3221 1597 cum
3251 1543 3284 1596 ii
3325 1542 3520 1611 quibus
3546 1551 3631 1594 ta-

2047 1639 2189 1694 lenta
2229 1637 2430 1693 credita
2476 1645 2634 1701 sunt,
2671 1636 2993 1698 citabuntur.
3039 1646 3094 1691 et
3131 1635 3333 1704 judicio
3372 1636 3635 1690 sistentur

2048 1731 2308 1785 rationem
2352 1727 2628 1782 reddituri.
2655 1727 2816 1780 Orate
2861 1726 3035 1795 igitur,
3082 1741 3148 1780 ne
3177 1725 3334 1783 nobis.
3381 1726 3633 1790 eveniat,

2049 1821 2188 1892 quod
2215 1821 2391 1876 evenit
2413 1819 2514 1874 illis
2540 1819 2766 1887 alligatis
2787 1817 2902 1872 etin
2924 1817 3171 1872 tenebras
3189 1819 3485 1872 exteriores
3502 1832 3638 1875 con,-

2046 1914 2236 1983 jectis:
2266 1911 2363 1966 sed
2406 1912 2574 1966 simus
2623 1911 2676 1964 in
2724 1925 2909 1964 eorum
2957 1923 3214 1972 numero,
3243 1908 3332 1979 qui
3383 1917 3639 1977 poternn:

2051 2005 2489 2074 qualemcumque
2518 2000 2726 2068 assequi
2759 2000 3000 2063 veniam,
3032 2000 3199 2068 gratia
3229 2009 3282 2055 et
3307 1999 3641 2068 benignitate

2055 2095 2264 2152 Domini
2312 2094 2475 2147 nostri
2506 2092 2632 2150 .lesn
2667 2091 2896 2158 Christi,
2923 2091 3006 2145 cui
3035 2090 3204 2160 gloria
3224 2131 3238 2155 ,
3272 2091 3557 2158 imperium
3586 2100 3640 2144 ct

2055 2186 2293 2241 adoratio
2315 2185 2367 2239 in
2400 2183 2590 2241 saecula
2613 2182 2951 2237 szcculorum.
2981 2183 3171 2236 Amen.

390 2451 3622 2520 Μ

1252 2753 1327 2812 IN
1364 2747 1758 2812 HOMILIAS
1799 2745 1904 2806 DE
1941 2740 2756 2816 INCOMPREHENSIRILI

443 3079 585 3134 Inter
615 3074 820 3146 primas
847 3066 1228 3141 Clu-ysostomi
1262 3064 1583 3122 conciones,
1613 3071 1710 3111 cas
1759 3053 1952 3109 videli-

373 3194 456 3242 cet
477 3200 616 3254 quas
641 3195 786 3236 anno
809 3177 913 3233 586
935 3175 1001 3231 ad
1030 3175 1289 3245 pepulum
1312 3169 1716 3224 Antiochenum
1739 3161 1952 3228 habuit,

378 3293 538 3345 hasce
606 3288 679 3341 De
732 3279 1245 3352 incomprehensibili
1303 3277 1735 3346 consignamus:
1795 3269 1955 3340 cujus

379 3393 642 3462 temporis
672 3400 833 3444 notas
877 3389 996 3458 ipse
1030 3383 1376 3454 suppeditat;
1407 3395 1598 3436 verum
1647 3378 1954 3444 intricatas,

380 3509 435 3554 et
460 3507 520 3551 ut
547 3495 943 3564 Clirysostomo
976 3492 1028 3544 in
1059 3502 1213 3544 more
1239 3496 1342 3552 est,
1399 3499 1510 3539 .ton
1541 3484 1617 3540 ita
1669 3482 1959 3552 diligenter

383 3603 613 3676 positas.
657 3599 841 3652 Prima
884 3599 1066 3666 itaque
1111 3604 1239 3649 nota
1285 3593 1487 3663 petitur
1523 3605 1591 3646 ex
1635 3589 1859 3644 homilia
1907 3603 1961 3642 tv

385 3711 460 3764 De
491 3703 1020 3776 incomprehensibili.
1052 3702 1143 3755 ubi
1175 3702 1256 3754 sic
1282 3699 1518 3769 legitur:
1557 3697 1692 3751 Ante
1739 3695 1832 3749 hos
1871 3695 1962 3749 de-

385 3831 501 3871 cem
531 3830 698 3867 annos
767 3811 985 3882 quidam
1049 3806 1380 3877 tyrannidem
1435 3805 1740 3874 affectantes
1775 3803 1962 3869 depre-

390 3920 531 3972 Imzsi
558 3916 797 3986 captique
842 3920 986 3974 sunt,
1026 3911 1163 3982 quod
1221 3928 1308 3964 vos
1347 3926 1449 3964 non
1510 3909 1786 3980 ignoratis.
1829 3906 1964 3963 Tum

388 4018 583 4091 aliquis
612 4018 668 4072 iu
696 4018 1012 4090 magistratu
1033 4017 1374 4074 constitutus.
1406 4016 1646 4073 criminis
1675 4032 1793 4070 reus
1823 4031 1965 4070 come

383 4137 585 4194 pertus,
610 4141 729 4179 cum
757 4124 828 4178 ad
868 4131 1089 4176 mortem
1121 4121 1244 4189 fune
1274 4121 1341 4174 ad
1367 4138 1424 4174 os
1466 4120 1693 4190 alligato
1746 4119 1966 4174 dueere-

384 4239 492 4295 tur,
527 4238 638 4282 tota
666 4226 791 4282 urbs
817 4227 885 4280 ad
917 4224 1316 4294 hippodromum
1356 4225 1614 4287 accurrit,
1663 4224 1966 4294 eductisque

388 4353 415 4390 e
471 4349 678 4388 carcere
740 4334 998 4401 captivis,
1058 4330 1216 4386 simul
1302 4340 1446 4384 totus
1534 4331 1758 4399 populus
1819 4345 1963 4383 reum

386 4441 742 4510 imperatoria:
774 4438 986 4503 ultioni,
1025 4437 1123 4491 etsi
1178 4435 1326 4489 nulla
1376 4435 1592 4505 dignum
1643 4435 1809 4499 venia,
1845 4435 1967 4487 sub-.-

385 4546 555 4598 duxit.
594 4543 781 4596 Palam
837 4555 970 4597 sane
1003 4539 1220 4594 videtur
1257 4554 1377 4593 esse
1429 4538 1521 4593 hic
1569 4537 1636 4592 de
1693 4535 1968 4592 Theodori

385 4651 794 4722 conspiratione
820 4648 930 4719 agi,
987 4647 1080 4718 qui
1117 4662 1262 4700 anno
1310 4659 1433 4700 cum
1493 4643 1806 4698 tardissime
1859 4642 1966 4703 574

385 4758 562 4827 capite
591 4757 784 4824 plenus
815 4763 935 4810 est:
973 4752 1155 4808 missis
1211 4751 1359 4804 enim
1409 4749 1531 4805 aliis
1588 4763 1710 4818 quae
1763 4763 1830 4802 ex
1865 4748 1968 4802 hac

390 4859 774 4931 Cltrysostomi
809 4858 1129 4914 narratione
1151 4856 1407 4911 oriuntur
1435 4852 1866 4916 difﬁcultatibus,
1907 4851 1964 4905 in

385 4968 505 5036 ejus
543 4964 662 5018 Vita
688 4965 1066 5032 explanandis,
1097 4964 1148 5017 id
1175 4971 1320 5017 certe
1342 4961 1564 5032 planum
1593 4960 1824 5020 videtur.
1857 4973 1968 5013 non

391 5086 559 5143 posse
603 5069 876 5124 Theodori
933 5083 1121 5123 necem
1163 5067 1305 5123 ultra
1360 5081 1567 5121 annum
1602 5065 1706 5120 574
1743 5063 1966 5120 differri.

389 5177 508 5246 Quo
541 5176 722 5248 posito
751 5175 984 5240 calculo,
1021 5188 1133 5228 non
1176 5182 1299 5228 ante
1340 5172 1433 5226 hos
1473 5172 1670 5235 decem,
1720 5171 1804 5225 vel
1850 5178 1970 5223 ante

390 5284 480 5338 ‘ws
513 5283 791 5337 duodecim
823 5295 998 5336 annos
1051 5279 1298 5334 dicturus
1344 5285 1464 5332 erat
1519 5277 1968 5348 Cbrysostomus,

393 5396 452 5444 ut
483 5388 803 5460 supputatio
849 5393 1321 5441 constaretznam
1366 5382 1423 5437 in
1467 5382 1842 5452 presbyterum
1873 5380 1972 5436 ad-

390 5493 568 5549 lectus
593 5508 740 5547 anno
762 5489 891 5555 586,
927 5490 1137 5548 aliauot
1177 5487 1381 5563 elapsis
1433 5496 1621 5565 postea
1662 5486 1966 5559 mensibus,

387 5599 502 5656 haec
531 5599 977 5661 concionabatur.

2129 3051 2368 3106 Alteram
2430 3059 2614 3106 notam
2649 3060 2966 3107 mutuamur
2999 3066 3063 3110 ex
3110 3052 3338 3108 homilia
3397 3054 3652 3125 quadam

2064 3169 2249 3214 contra
2274 3157 2496 3216 Judwos
2547 3174 2693 3215 anno
2735 3157 2839 3214 587
2880 3157 3103 3223 habita,
3157 3158 3251 3214 ubi
3317 3159 3449 3214 talia
3501 3159 3655 3214 fatur

2063 3258 2526 3331 Chrysostomus:
2565 3260 2717 3327 Quod
2748 3277 2866 3316 vero
2909 3261 3026 3332 jam
3057 3261 3298 3316 dicturus
3329 3277 3446 3315 sum
3486 3263 3659 3316 etiam

2064 3367 2352 3425 admodum
2378 3367 2656 3436 juvenibus
2685 3378 2763 3422 est
2791 3366 2991 3422 clarum
3021 3384 3085 3421 ac
3128 3369 3484 3437 perspicuum.
3524 3367 3655 3421 Non

2065 3473 2204 3526 enim
2233 3480 2434 3542 gestum
2470 3482 2548 3524 est
2578 3471 2673 3526 sub
2721 3471 2958 3528 Adriano
3011 3479 3104 3523 aut
3145 3469 3518 3528 Constantino.
3563 3473 3656 3523 sed

2067 3576 2160 3631 sub
2192 3578 2506 3645 imperatore
2541 3577 2633 3647 qui
2669 3575 2772 3646 fuit
2799 3583 2952 3631 aetate
2995 3583 3178 3628 nostra
3210 3584 3332 3629 ante
3369 3591 3539 3628 annos
3576 3575 3658 3627 ei-

2070 3683 2225 3752 ginti.
2252 3682 2464 3735 Etenim
2490 3697 2606 3734 cum
2637 3679 2912 3748 Julianus,
2945 3681 3036 3752 qui
3086 3680 3424 3748 imperatores
3469 3696 3654 3734 omna

2069 3788 2336 3857 superarit
2370 3787 2660 3859 impietate,
2698 3798 2902 3842 vocaret
2953 3786 3075 3840 illos
3111 3787 3179 3840 ad
3230 3785 3656 3854 sacriﬁcandum

2069 3892 2247 3958 idolis,
2289 3901 2418 3960 etc.,
2442 3893 2534 3948 ubi
2565 3908 2749 3962 parem
2782 3891 3183 3964 ἀναχρονισμόν
3219 3889 3652 3945 animadvertas.

2069 3996 2319 4052 Julianus
2358 3997 2502 4052 enim
2543 4012 2689 4052 anno
2738 3995 2845 4052 565
2877 3996 3184 4052 exstinctus
3229 4004 3332 4063 est,
3381 4011 3411 4050 a
3459 4010 3576 4065 quo
3607 3994 3658 4050 si

2074 4100 2396 4169 supputatio
2420 4099 2734 4163 duceretur,
2787 4114 2933 4154 anno
2967 4099 3074 4153 585
3121 4100 3236 4154 haec
3291 4098 3657 4154 coneionatns

2072 4217 2220 4264 esset
2245 4207 2692 4279 Chrysostomus.
2725 4207 2890 4279 Atqui
2923 4216 3052 4263 tunc
3082 4207 3347 4263 diaconus
3388 4206 3481 4261 ille
3512 4215 3658 4270 erat,

2073 4330 2251 4386 neque
2290 4315 2458 4371 ullam
2499 4315 2564 4370 ad
2596 4317 2856 4385 populum
2894 4315 3217 4371 concionem
3263 4313 3457 4368 habuit
3499 4325 3658 4370 ante-

2075 4435 2239 4490 quam
2277 4419 2556 4491 presbyter
2591 4420 2959 4484 ordinaretur,
2992 4428 3052 4474 ut
3094 4420 3212 4490 ipse
3243 4418 3297 4472 in
3343 4419 3521 4490 prima
3554 4435 3658 4476 sua

2077 4522 2302 4577 homilia
2360 4524 2681 4588 testificatur
2737 4540 2904 4594 supra
2930 4543 2947 4590 ελ
2993 4523 3279 4580 ordinatus
3326 4532 3510 4578 autem
3573 4533 3659 4579 est

2072 4647 2218 4687 anno
2251 4631 2376 4697 586,
2413 4642 2471 4686 ut
2504 4647 2648 4702 saepe
2704 4631 2945 4689 diximus
2975 4639 3028 4685 et
3062 4629 3312 4700 pluribus
3361 4643 3658 4685 common-

2073 4737 2339 4793 strabitur
2365 4737 2419 4790 in
2444 4736 2565 4790 Vita
2591 4737 2714 4808 ejus
2735 4737 2804 4791 ad
2824 4736 3029 4790 calcem
3049 4734 3289 4806 Operum
3311 4734 3657 4790 adornanda.

2073 4843 2129 4901 In
2177 4861 2380 4901 annum
2434 4846 2620 4915 itaque
2653 4843 2759 4903 586
2819 4843 2920 4897 has
2972 4842 3226 4899 liomilias
3275 4841 3656 4898 conferimus:

2073 4969 2249 5024 nequc
2289 4961 2548 5022 putamus
2592 4959 2768 5006 tamen
2801 4949 2966 5003 hasce
2997 4956 3182 5004 contra
3214 4946 3493 5001 Anomwos
3541 4919 3686 5027 dis-'j‘

2070 5057 2406 5129 ceptationes
2459 5056 2648 5112 eodem
2683 5054 2966 5110 absolutas
2989 5068 3134 5108 anno
3156 5067 3298 5117 esse,
3329 5049 3459 5113 sed,
3497 5058 3556 5104 ut
3586 5049 3683 5138 del

2072 5166 2316 5223 homiliis
2356 5173 2542 5219 contra
2579 5163 2800 5218 Iudaeos
2833 5160 2975 5216 infra
3009 5161 3256 5226 dicetur,
3288 5173 3426 5230 quas
3473 5147 3689 5232 carpe-1

2071 5281 2157 5328 rat
2189 5286 2335 5327 anno
2363 5270 2492 5335 586,
2526 5285 2672 5325 anno
2701 5267 2950 5339 sequenti
2980 5266 3205 5321 ineunte
3236 5262 3492 5320 absolvit.
3531 5260 3654 5316 Hu-

2070 5377 2161 5449 jus
2193 5393 2322 5433 vero
2354 5376 2724 5447 chronologize
2756 5373 2900 5429 ratio
2941 5370 3219 5429 constabit
3263 5385 3330 5426 ex
3379 5368 3482 5435 iis,
3530 5383 3662 5437 qua:

2071 5485 2126 5540 in
2161 5484 2365 5542 Monito
2403 5484 2468 5540 ad
2502 5481 2770 5551 Homilias
2817 5490 3004 5549 contra
3043 5479 3258 5534 Judwos
3295 5475 3434 5532 infra
3473 5474 3664 5532 dicens

2073 5600 2179 5650 tur.

3831 5543 3836 5800 ἰ
