3890 6220
3424 298 3526 354 700

1878 443 1994 493 γος,
2035 427 2222 498 ὥσπερ
2265 425 2662 499 ἀμϐλωθριδίου
2689 422 2830 487 τινὸς
2853 461 2868 485 ,
2905 420 3132 493 δεήθητε
3173 415 3371 486 πολλὴν
3406 416 3538 486 ἡμῖν

1877 513 2082 568 ἀνωθεν
2127 513 2376 582 γενέσθαι
2417 514 2516 584 τὴν
2559 512 2748 582 ῥοπήν.
2797 509 2941 563 Ἔδει
2987 509 3083 580 μὲν
3121 506 3230 576 γὰρ
3259 506 3390 574 ἡμῖν
3443 501 3539 555 καὶ

1879 602 2143 672 πρότερον
2165 600 2482 670 ἀσφαλείας,
2505 600 2592 652 ὅτε
2617 598 2737 652 καθ’
2757 599 2982 660 ἑαυτοὺς
3012 593 3220 665 ἐζῶμεν
3241 591 3331 645 τὸν
3360 588 3541 660 ἀπρά-

1879 707 2056 761 γμονα
2097 689 2206 760 βίον
2228 705 2240 718 ·
2275 688 2464 758 ἐπειδὴ
2498 688 2554 740 δὲ
2599 689 2674 750 είς
2727 685 2888 756 μέσον
2919 682 3195 754 ῆχθημενυ
3227 679 3287 731 τὸ
3325 678 3382 730 δὲ
3421 675 3538 739 πῶς

1880 776 2138 848 παρίημι,
2159 777 2266 828 εἴτε
2289 775 2604 846 ἀνθρωπίνῃ
2630 773 2854 843 σπουδῇ,
2879 771 2988 824 εἴτε
3015 771 3194 841 χάριτι
3217 766 3363 836 θείᾳ·
3389 763 3539 817 οὐδὲν

1881 865 1990 936 γὰρ
2021 867 2152 934 ἡμῖν
2184 863 2492 932 φιλονεικῶ,
2514 863 2602 915 ἵνα
2633 863 2705 933 μή
2733 879 2816 924 τις
2845 861 2938 914 καὶ
2965 855 3346 930 εἰρωνεύεσθαι
3376 852 3538 920 φαίη·

1884 953 2023 1022 πλὴν
2066 951 2180 1004 ἀλλ’
2221 951 2408 1020 ἐπειδὴ
2437 951 2718 1020 ἦχθημεν,
2750 948 2842 1001 καὶ
2890 948 2980 1000 τὸν
3023 945 3185 1012 ζυγὸν
3218 942 3406 995 τοῦτον
3445 940 3548 991 ὐπ-

1885 1039 2080 1110 έδυμεν
2106 1038 2196 1092 τὸν
2225 1039 2441 1109 ἰσχυρὸν
2469 1038 2559 1089 καὶ
2594 1037 2780 1106 βαρὺν,
2813 1033 3022 1088 πολλῶν
3048 1034 3178 1102 ἡμῖν
3211 1030 3289 1083 δεῖ
3327 1025 3544 1097 χειρῶν,

1889 1129 2098 1200 μυρίων
2144 1127 2341 1198 εὐχῶν,
2387 1125 2528 1178 ώστε
2579 1124 2869 1194 δυνηθῆναι
2917 1122 3016 1192 τὴν
3078 1115 3548 1188 παρακαταθήκην

1885 1217 2178 1271 ἀποδοῦναι
2209 1215 2352 1268 σώαν
2381 1213 2458 1284 τῷ
2487 1210 2996 1284 παρακαταθεμένῳ
3022 1207 3262 1275 Δεσπὸτη
3290 1202 3428 1256 κατά
3452 1201 3548 1270 τὴν

1887 1306 2100 1378 ἡμέραν
2143 1305 2377 1374 ἐκείνην,
2407 1305 2534 1356 ὃταν
2563 1304 2612 1353 οί
2657 1301 2723 1353 τὰ
2763 1299 3000 1352 τάλαντα
3037 1293 3414 1353 πιστευθέντες
3454 1305 3552 1342 κα-

1887 1396 2085 1449 λῶνται
2114 1395 2207 1448 καὶ
2238 1393 2581 1460 είσάγωνται,
2620 1389 2710 1442 καὶ
2741 1387 2838 1449 τὰς
2868 1385 3094 1445 εὐθύνας
3128 1381 3388 1450 ὑπέχωσι.
3417 1377 3552 1446 Δεή-

1890 1483 2020 1554 θητε
2053 1480 2228 1534 τοίνυν
2250 1479 2322 1550 μὴ
2348 1479 2455 1530 τῶν
2484 1476 2780 1545 δεδεμένων
2805 1474 2949 1542 ἡμᾶς
2973 1467 3249 1539 γενέσθαι,
3283 1464 3415 1534 μγ,δέ
3443 1461 3552 1513 τῶν

1891 1573 1971 1634 είς
1999 1570 2058 1623 τὸ
2092 1568 2280 1630 σκότος
2306 1563 2738 1633 ἐκϐαλλομένων,
2765 1559 2899 1613 ἀλλὰ
2937 1559 3044 1610 τῶν
3075 1554 3387 1634 δυναμένων
3425 1564 3554 1634 συγ-

1896 1652 2120 1723 γνώμης
2151 1650 2282 1718 γοῦν
2332 1630 2556 1718 μετρίας
2597 1646 2800 1714 τυχεῖν,
2834 1641 3012 1712 χάριτι
3049 1638 3143 1691 καὶ
3176 1630 3555 1706 φιλανθρωπίᾳ

1896 1716 1988 1796 τοῦ
2014 1716 2240 1811 ’Κυρίου
2285 1716 2445 1808 ἡμῶν
2487 1733 2660 1806 Ἰησοῦ
2711 1729 2968 1804 Χριστοῦ,
3015 1721 3058 1794 ᾧ
3089 1729 3123 1797 ἡ
3172 1724 3299 1789 δόξα
3345 1720 3440 1811 καὶ
3492 1716 3555 1769 τὸ

1895 1829 2092 1899 κράτος
2120 1828 2214 1881 καὶ
2241 1829 2273 1898 ἡ
2299 1823 2668 1897 προσκύνησις
2689 1821 2768 1882 εἰς
2793 1818 2918 1881 τοὺς
2952 1814 3151 1876 αἰῶνας
3182 1811 3290 1864 τῶν
3322 1807 3550 1862 αἰώνων.

94 312 214 376 699
1053 314 1306 382 SERMO,
1346 314 1488 372 CUM
1527 310 1932 368 PRESBYTER
1976 309 2133 365 FUIT
2173 309 2589 367 ORDINATUS.

94 429 330 498 λιμένα,
359 430 520 485 πάλιν
548 433 613 502 τῇ
645 433 770 501 σιγῇ
804 431 932 494 τοὺς
959 430 1150 499 λόγους
1183 429 1603 498 ἀναπαύσωμεν.
1634 426 1773 480 Ἀλλ’

93 518 209 571 οὐκ
252 518 526 572 ἐθέλουσιν
555 519 902 587 ἀφίστασθαι,
937 518 1073 574 ἀλλά
1099 516 1503 589 δυσχεραίνουσι
1529 517 1622 569 καὶ
1643 515 1776 582 ἀγα-

95 605 409 670 νακτοῦσι,
457 607 671 669 πάντως
717 607 1091 677 ἐμπλησθῆναι
1138 605 1230 657 τοῦ
1283 604 1546 674 λειμῶνος
1588 601 1777 655 ἐπιθυ-

99 692 368 761 μοῦντες.
411 693 569 746 Ἀλλά
598 694 756 746 τοῦτο
787 695 1086 764 ἀμήχανον,
1122 686 1165 744 ὦ
1196 693 1402 754 παῖδες.
1435 687 1780 760 Παυσώμεθα

96 776 204 833 οὖν
273 781 556 844 διώκοντες
609 781 873 852 ἀκίχητα·
922 783 1084 853 ἀρκεῖ
1120 783 1200 844 εἰς
1252 779 1604 852 παραμυθίαν
1651 779 1780 848 ἡμῖν

98 869 211 922 καὶ
256 868 326 922 τά
353 868 647 939 εἰρημένα·
680 870 801 922 ἐπεὶ
844 869 937 921 καὶ
979 868 1073 922 ἐπὶ
1112 867 1220 921 τῶν
1265 867 1449 939 μύρων
1477 866 1586 919 τῶν
1616 866 1780 918 πολυ-

97 956 308 1019 τελῶν,
347 957 445 1009 οὐκ
493 956 587 1009 ἐάν
617 956 708 1009 τὸν
752 956 952 1026 λέϐητα
999 956 1097 1029 χέῃ
1138 973 1220 1020 τις
1273 956 1450 1025 μόνον,
1497 954 1630 1007 ἀλλά
1678 953 1782 1006 κᾶν

100 1043 298 1115 ἄκρας
329 1045 426 1114 τῆς
470 1045 790 1113 ἐπιφανείας
838 1044 1042 1114 ἅψηται
1088 1045 1201 1106 τοῖς
1251 1042 1566 1106 δακτύλοις,
1603 1041 1692 1094 τόν
1724 1058 1781 1094 τε

99 1131 260 1200 ἀέρα
301 1132 609 1201 ἀνέχρωσε,
635 1132 731 1185 καὶ
787 1132 910 1194 τοὺς
963 1130 1237 1198 παρόντας
1282 1130 1380 1200 τῆς
1423 1129 1652 1189 εὐωδίας
1699 1130 1784 1182 ἐνο

104 1215 359 1287 έπλησεν
406 1217 683 1280 ἔίπανταςο
716 1218 744 1270 ὃ
790 1217 852 1288 δὴ
911 1218 1003 1270 καὶ
1035 1215 1129 1269 νῦν
1159 1217 1416 1284 γέγονεν,
1465 1216 1525 1269 οὐ
1569 1215 1656 1268 διὰ
1688 1215 1785 1286 τὴν

103 1303 352 1373 δύναμιν
374 1303 480 1357 τῶν
512 1305 796 1376 ἡμετέρων
828 1304 1021 1371 λόγων,
1056 1304 1192 1358 ἀλλά
1220 1303 1306 1356 διὰ
1328 1302 1424 1373 τὴν
1457 1302 1654 1373 ἀρετὴν
1679 1303 1786 1354 τῶν

104 1389 312 1443 τούτου
345 1391 799 1462 κατορθωμάτων.
832 1392 1106 1462 Ἀπίωμεν
1139 1388 1253 1456 οὖν,
1293 1390 1542 1459 ἀπίωμεν
1583 1391 1661 1452 είς
1699 1390 1787 1441 εὐ-

107 1481 220 1550 χάς
261 1479 700 1542 καταλύσαντες“
737 1479 1018 1550 δεηθῶμεν
1067 1478 1206 1530 ὥστε
1258 1478 1360 1547 τὴν
1407 1477 1588 1548 κοινὴν
1632 1477 1787 1548 ἡμῶν

111 1569 342 1637 μητέρα
367 1567 659 1620 ἀσάλευτον
691 1567 872 1638 μένειν
902 1567 996 1619 καὶ
1030 1567 1306 1636 ἀκίνητον,
1339 1566 1546 1619 καὶτὸν
1579 1567 1788 1636 πατέρα

111 1657 338 1720 Ιτοῦτον,
376 1656 468 1709 τὸν
495 1655 831 1718 διδάσκαλον,
873 1654 962 1707 τὸν
1009 1653 1264 1722 ποιμένα,
1306 1653 1397 1705 τὸν
1427 1653 1787 1724 κυϐερνήτην,

110 1743 262 1812 πρὸς
291 1744 632 1814 μακροτέραν
651 1741 991 1812 ἐξενεχθῆναι
1015 1740 1254 1807 ζωήνΕῑ
1275 1759 1356 1804 τις
1374 1741 1498 1811 ὑμῖν
1523 1741 1617 1793 καὶ
1633 1740 1788 1810 ἡμῶν

110 1830 315 1898 λόγος·
353 1831 415 1883 οὐ
440 1832 547 1901 γὰρ
581 1830 642 1901 δὴ
672 1830 808 1900 μετά
845 1828 953 1881 τῶν
989 1828 1174 1898 ἱερέων
1205 1829 1426 1892 ἑαυτοὺς
1471 1828 1790 1895 καταλέγειν

111 1918 487 1988 τολμήσομεν,
513 1917 661 1990 [445]
683 1917 866 1986 ἐπειδὴ
889 1915 1022 1986 μηδέ
1044 1914 1201 1983 θέμις
1220 1915 1288 1968 τά
1306 1915 1630 1986 ὲκτρώματα
1654 1917 1790 1985 μετὰ
1908 1918 2098 1989 ’Λμήν.

111 2005 235 2056 τῶν
276 2006 605 2076 ἀρτιοτόκων
637 2005 890 2077 ἀριθμεῖν
910 2019 922 2034 ’
951 2003 1000 2055 εἰ
1035 2001 1091 2054 δέ
1131 2019 1215 2065 τις
1245 2003 1372 2074 ὑμῖν
1398 2002 1492 2056 καὶ
1534 2001 1669 2074 ἐμοῦ
1698 2002 1788 2055 λό-

237 2406 3438 2458 W

1656 2695 2052 2758 MONII‘UM.

297 3026 452 3099 [ιιι]
499 3026 740 3083 Primam
769 3042 899 3082 vero
928 3027 1152 3083 absente
1175 3023 1434 3078 Flaviano
1457 3019 1712 3090 episc0po
1741 3018 1808 3072 ad

240 3133 503 3202 pupulum
539 3133 748 3187 habuit.
783 3130 922 3186 Hinc
957 3131 1186 3186 solerter
1213 3129 1304 3183 ille
1338 3124 1594 3180 laudandi
1625 3131 1810 3193 pasto-

238 3235 316 3290 t'is
357 3250 544 3290 ansam
605 3234 834 3304 arripit;
887 3243 1074 3303 postea
1117 3231 1440 3303 jampridem
1486 3227 1811 3282 destinatam

241 3351 434 3394 contra
465 3341 763 3396 Anommos
807 3353 1043 3410 pugnam
1085 3339 1223 3393 init:
1254 3350 1417 3407 quam
1457 3349 1516 3389 se
1547 3333 1672 3387 ideo
1702 3342 1813 3385 tar-

241 3445 370 3499 dius
422 3444 732 3512 suscepisse
784 3450 1201 3505 commemorat,
1241 3439 1385 3509 quod
1433 3437 1636 3491 multos
1665 3436 1814 3488 Aun-

249 3563 518 3602 nioeorum
545 3548 752 3602 videret
777 3546 1140 3602 concionibus
1185 3545 1376 3599 adesse
1424 3544 1559 3605 suis,
1593 3557 1656 3596 ac
1693 3557 1818 3595 cum

245 3655 525 3719 voluptate
552 3667 712 3707 aures
743 3652 846 3706 sibi
878 3651 1116 3721 praebere
1143 3669 1156 3704 :
1185 3649 1539 3720 quamobrem
1585 3661 1652 3700 ne
1681 3661 1819 3715 pra:—

242 3758 367 3810 dam
413 3758 665 3827 abigeret,
692 3757 767 3812 ait
797 3755 905 3822 ille,
937 3763 1122 3826 utpote
1152 3755 1394 3824 ipsorum
1445 3752 1657 3806 animos
1691 3750 1824 3803 irre-

245 3864 396 3929 tiret,
433 3862 672 3932 linguam
701 3863 770 3916 ab
816 3859 1133 3931 huiusmodi
1176 3857 1567 3914 certaminibus
1604 3868 1824 3909 coerce-

242 3967 359 4022 bat.
409 3964 634 4020 Demum
678 3965 1022 4020 hortantibus
1061 3963 1170 4018 illis
1214 3963 1345 4031 ipsis
1379 3969 1438 4014 ut
1501 3961 1556 4013 in
1598 3973 1820 4012 arenam

249 4071 630 4135 descenderet,
673 4070 1065 4125 Anommurum
1097 4084 1310 4124 errores
1362 4068 1622 4136 impetere
1663 4079 1825 4119 orsus

243 4185 351 4239 est,
375 4175 554 4230 amico
577 4185 757 4229 tamen
785 4175 990 4241 animo,
1022 4189 1132 4230 non
1159 4182 1217 4229 ut
1249 4171 1589 4230 adversarios
1611 4169 1817 4236 feriret,

247 4280 342 4336 sed
374 4289 434 4335 ut
457 4279 704 4349 jacentes
728 4279 978 4350 erigeret.

323 4383 628 4438 Secundam
651 4394 835 4436 contra
866 4384 1145 4437 Anomaeoo
1189 4380 1470 4436 homiliam
1504 4378 1826 4449 interposito

247 4491 547 4545 multorum
605 4489 818 4544 dierum
882 4489 1060 4558 spatio
1110 4486 1525 4558 pronuntiavit:
1586 4486 1825 4556 plurima

247 4597 398 4650 enim
427 4595 877 4666 Chrysestomum
919 4611 948 4649 a
999 4594 1267 4649 destinato
1308 4609 1472 4650 cursu
1519 4593 1830 4662 interpella-

254 4709 422 4756 runt:
460 4709 647 4754 contra
685 4699 901 4755 Judteos
947 4715 1143 4770 nempe
1193 4699 1399 4764 habita,
1433 4713 1606 4769 eaque
1637 4699 1830 4753 admo—

254 4807 384 4861 dum
428 4805 735 4861 necessaria
776 4805 1141 4860 concertatio:
1179 4803 1403 4859 Patrum
1461 4804 1828 4873 quorumdam

256 4911 642 4982 spiritualium,
694 4912 774 4966 sic
804 4911 920 4977 ille,
947 4913 1250 4967 adventus:
1289 4910 1390 4965 hos
1413 4924 1578 4979 porro
1611 4908 1828 4964 vicinos

249 5017 523 5087 quosdam
557 5016 846 5086 episcopos
871 5015 1041 5072 fuisse
1063 5016 1195 5071 dicit
1228 5015 1299 5082 is,
1336 5013 1432 5083 qui
1461 5012 1682 5067 titulum
1729 5013 1830 5067 ho-

258 5121 426 5176 milize
467 5120 851 5186 concinnavit;
892 5137 1079 5176 verum
1121 5120 1226 5175 hac
1267 5119 1334 5174 de
1363 5133 1422 5174 re
1471 5117 1724 5188 pluribus
1777 5118 1830 5172 in

269 5219 394 5277 Vita
431 5222 810 5293 Chrysostomi
839 5242 850 5276 :
876 5223 1096 5278 demum
1132 5222 1238 5278 illis
1264 5221 1330 5276 ad
1358 5220 1476 5276 loca
1509 5235 1609 5276 sua
1648 5235 1832 5274 rever-

255 5328 356 5389 sis,
387 5335 637 5381 sanctum
665 5343 966 5394 praeconem
1006 5341 1268 5397 excepere
1303 5325 1583 5380 memoriae
1625 5333 1830 5394 marty-

251 5447 378 5487 rum
439 5430 786 5503 frequentes,
845 5433 1044 5502 quibus
1098 5431 1386 5490 celebratis
1450 5430 1822 5487 intermissam

254 5537 722 5594 concertationem
752 5538 983 5608 repetiit.

1988 3013 2044 3068 In
2079 3013 2236 3068 tertia
2261 3012 2403 3067 idem
2429 3017 2808 3081 argumentum
2853 3011 2916 3062 de
2942 3005 3488 3078 incomprehensibili-

1917 3131 2019 3174 tate
2050 3118 2146 3172 Dei
2193 3126 2380 3174 contra
2429 3116 2723 3172 Anommos
2748 3112 3130 3184 prosequitur:
3168 3099 3272 3166 sub
3322 3108 3486 3162 tinem

1917 3241 2051 3281 vero
2114 3224 2169 3278 in
2221 3222 2498 3278 auditores
2543 3220 2894 3275 vehementer
2947 3215 3259 3281 invehitur,
3306 3212 3488 3284 quod,

1919 3330 2189 3388 concione
2212 3329 2299 3383 cui
2332 3326 2584 3382 alacriter
2614 3339 2834 3395 «peram
2865 3322 3069 3377 dabant
3120 3319 3322 3385 soluta,
3368 3331 3492 3372 sese

1922 3435 2108 3491 statim
2147 3432 2535 3493 subducerent,
2565 3437 2619 3483 et
2643 3428 2815 3483 sacris
2841 3423 3118 3497 mysteriis
3162 3437 3285 3494 qua:
3317 3419 3495 3478 conti-

1923 3558 2034 3598 nuo
2064 3539 2482 3596 celebrabantur
2508 3551 2618 3590 non
2643 3534 2992 3589 interessent.

1988 3645 2045 3698 In
2079 3651 2293 3714 quarta,
2324 3649 2448 3711 post
2471 3638 2660 3693 solitas
2693 3643 2879 3692 contra
2904 3633 3186 3690 hereticos
3225 3629 3496 3687 velitatio-

1923 3767 2042 3816 nes,
2090 3748 2256 3804 ccetui
2308 3745 2612 3815 gratulatur
2657 3743 2803 3813 quod
2847 3740 3071 3796 monitis
3117 3738 3232 3795 suis
3287 3750 3498 3792 morem

1925 3849 2157 3920 gesserit
2191 3860 2527 3916 pravamque
2553 3851 2679 3898 ante
2713 3858 2867 3898 sacra
2919 3841 3176 3911 mysteria
3206 3836 3499 3895 recedendi

1927 3953 2380 4012 consuetudinem
2430 3947 2725 4019 abjecerit:
2765 3946 2910 4001 dolet
2956 3954 3138 3999 tamen
3175 3943 3321 4013 quod
3358 3957 3503 3996 mar-

1928 4061 2212 4131 supiorum
2265 4063 2507 4111 sectores
2545 4051 2768 4122 quidam
2809 4049 3128 4104 concionem
3171 4045 3504 4101 interturba-

1928 4175 2073 4232 rent,
2105 4170 2401 4232 monetque
2427 4175 2495 4215 ne
2526 4174 2719 4214 aurum
2748 4165 3100 4228 argentumve
3124 4154 3180 4209 in
3205 4150 3504 4220 marsupiis

1929 4272 2196 4336 deferant,
2227 4269 2273 4324 si
2308 4267 2474 4323 velint
2501 4267 2660 4322 talem
2689 4274 2896 4336 pestem
2926 4261 3165 4332 abigere.

1999 4376 2060 4431 In
2097 4375 2287 4446 quinta
2331 4373 2584 4438 demum,
2624 4370 2692 4425 iis
2740 4368 2974 4423 breviter
3017 4363 3332 4420 retractatis
3381 4376 3504 4431 quae

1930 4483 2084 4555 prius
2116 4482 2349 4544 dixerat,
2404 4490 2547 4531 nova
2599 4473 2755 4528 aﬂ'ert
2789 4480 2978 4526 contra
3011 4470 3299 4523 Anomaaos
3346 4481 3509 4535 argu-

1931 4595 2136 4643 menta.
2171 4583 2228 4637 ln
2259 4583 2346 4637 his
2370 4594 2536 4652 porro
2576 4575 2935 4634 concionibus
2975 4573 3153 4629 elucet
3185 4571 3506 4640 Chrysosto-

1931 4691 2004 4745 mi
2028 4705 2134 4744 non
2165 4687 2340 4742 solum
2379 4682 2712 4753 eloquentia,
2748 4680 2842 4735 sed
2885 4679 3053 4734 etiam
3095 4675 3366 4747 ἐνέργεια,
3405 4689 3502 4727 seu

1930 4795 2016 4850 vis
2052 4799 2544 4863 argumentorum:
2583 4802 2684 4841 nec
2730 4787 2913 4839 minus
2962 4780 3324 4852 suspiciendae
3377 4787 3504 4833 sunt

1936 4899 2320 4970 responsiones
2349 4894 2416 4949 ad
2450 4893 2660 4962 objecta
2693 4890 3108 4954 haereticorum;
3143 4886 3216 4940 ita
3269 4894 3328 4940 ut
3365 4881 3509 4936 haud

1935 5021 1966 5058 a
1996 5018 2127 5058 vero
2155 5002 2371 5056 aberret
2405 4998 2451 5053 si
2480 4997 2603 5067 quis
2647 4997 2747 5051 has
2776 4994 3028 5048 humilias
3056 4993 3198 5046 inter
3246 4997 3512 5059 praestan-

1937 5107 2150 5164 tissima
2182 5102 2355 5159 sancti
2390 5100 2633 5157 doctoris
2664 5114 2829 5170 opera
2860 5093 3276 5173 computaverit.

2003 5208 2510 5280 lnterpretationem
2561 5219 2726 5274 porro
2774 5201 3047 5257 Theodori
3093 5199 3280 5262 Gazze,
3322 5205 3508 5265 utpote

1935 5312 2403 5387 παραφραστικῶς
2449 5310 2802 5373 adornatam,
2866 5306 3048 5360 verbis
3110 5313 3164 5358 et
3216 5301 3513 5371 aliquando

1935 5419 2222 5476 sententiis
2250 5417 2670 5483 redundantem,
2702 5401 3018 5485 rejecimus,
3047 5423 3355 5480 novamque
3388 5406 3508 5464 edi-

1934 5527 2139 5585 dimus.
