3838 6220
226 209 324 266 701

1001 204 1059 261 S.
1100 200 1388 259 JOANNIS
1423 199 1913 259 CHRYSOSTOMI
1951 196 2272 255 ARCIIIEP.
2313 195 2860 256 CONSTANTINOP.

406 416 3466 447 *Μη-

464 692 807 827 ΤΟΥ
881 685 1494 843 ΑΥΤΟΥ,
1572 691 1969 838 ΠΕΡΙ
2039 633 3413 844 ΑΚΑΤΑΛΗΠΤΟῨ,

550 1016 1075 1105 ΑΠΟΝΤΟΣ
1129 1016 1356 1105 ΤΟΥ
1412 1016 2113 1113 ΕΠΙΣΚΟΠΟΥ,
2183 1016 2473 1103 ΠΡΟΣ
2547 1010 3200 1107 ΑΝΟΜΟΙΟΥΣ
3236 1009 3302 1104 ⁸.

814 1541 1004 1611 Λόγος
1042 1535 1291 1607 πρῶτος.

294 1702 360 1756 α’.
401 1698 755 1764 Τίτοῦτοςό
780 1696 981 1767 ποιμὴν
1008 1695 1068 1748 οὐ
1104 1695 1356 1766 πάρεστι,
1398 1664 1492 1747 καὶ
1530 1696 1597 1748 τὰ
1641 1692 1886 1766 πρόϐατα

227 1794 363 1865 μετὰ
390 1791 584 1861 πολλῆς
614 1801 640 1831 α
666 1786 917 1853 εὐταξίας
942 1785 1160 1855 ἕστηκε.
1189 1784 1297 1836 Καὶ
1324 1781 1481 1835 τοῦτο
1514 1781 1608 1835 τοῦ
1632 1781 1905 1852 ποιμένος.

222 1884 285 1937 τὸ
315 1880 659 1952 κατόρθωμα,
690 1877 751 1930 τὸ
780 1877 853 1947 μή
887 1874 1044 1945 μόνον
1076 1872 1360 1942 παρόντος,
1387 1871 1522 1924 ἀλλά
1545 1871 1637 1923 καὶ
1660 1871 1889 1934 ἀπόντος

226 1974 403 2025 πᾶσαν
434 1965 801 2023 ἐνδείκνυσθαι
836 1962 1067 2032 σπουδὴν
1097 1960 1167 2014 τὰ
1193 1960 1440 2030 ποίμνια.
1493 1959 1617 2012 Ἐπὶ
1653 1960 1750 2030 μὲν
1781 1959 1888 2029 γὰρ

224 2059 334 2112 τῶν
367 2056 594 2124 ἀλόγων,
625 2054 754 2107 ὅταν
798 2051 825 2102 ό
869 2048 1004 2119 πρὸς
1034 2047 1132 2118 τὴν
1168 2046 1337 2117 νομὴν
1367 2045 1575 2113 ἐξάγων
1609 2045 1681 2114 μὴ
1714 2047 1885 2114 παρῇ,

232 2147 412 2217 μένειν
448 2143 578 2195 εἵσω
618 2139 725 2193 τῶν
756 2137 937 2207 σηκῶν
985 2136 1199 2203 ἀνάγκη
1248 2129 1625 2204 τά’πρό6ατα,
1657 2131 1689 2201 ἢ
1722 2134 1889 2202 χωρὶς

225 2232 320 2285 τοῦ
349 2229 725 2299 ποιμαίνοντος
752 2225 852 2293 τῆς
883 2223 1120 2293 μάνδρας
1144 2219 1499 2292 προκύψαντα
1528 2217 1725 2288 πολλὴν
1759 2219 1888 2269 ὐπο-

232 2320 410 2391 μένειν
443 2318 540 2386 τὴν
583 2314 820 2381 πλάνην·
866 2310 1100 2363 ἐνταῦθα
1147 2308 1213 2361 δέ.
1247 2308 1399 2361 οὐδὲν
1438 2307 1711 2370 τοιοῦτον,
1755 2304 1892 2359 ἀλλά

227 2408 324 2461 καὶ
368 2404 442 2476 μὴ
480 2402 742 2474 παρόντος
784 2399 878 2452 τοῦ
910 2397 1287 2468 ποιμαίνοντος
1329 2395 1466 2468 πρὸς
1498 2394 1596 2455 τὰς
1638 2392 1889 2461 συνήθεις

226 2492 397 2564 νομάς
444 2490 581 2562 μετά
618 2487 816 2556 πολλῆς
853 2487 1202 2557 ἀπηντήκατε
1237 2486 1335 2554 τῆς
1368 2482 1638 2545 εὐταξίας.
1675 2480 1889 2534 Μᾶλλον

226 2581 283 2634 δέ
311 2579 404 2633 καὶ
428 2579 456 2629 ὁ
485 2575 685 2646 ποιμὴν
718 2574 1000 2644 πάρεστιν,
1028 2574 1076 2624 εί
1111 2572 1204 2624 καὶ
1237 2571 1309 2642 μὴ
1340 2573 1404 2641 τῇ
1441 2569 1626 2640 σαρκὶ,
1656 2568 1790 2622 ἀλλά
1822 2571 1887 2639 τῇ

226 2666 488 2726 διαθέσει,
520 2666 570 2716 εί
594 2662 685 2717 καὶ
716 2662 789 2732 μὴ
822 2664 889 2732 τῇ
924 2659 1194 2730 παρουσίᾳ
1220 2658 1313 2710 τοῦ
1346 2656 1631 2728 σώματος,
1660 2656 1793 2709 ἀλλά
1822 2660 1891 2728 τῇ

227 2752 450 2823 εὐταξίᾳ
474 2750 567 2803 τοῦ
595 2748 867 2820 ποιμνίου.
902 2738 1004 2799 ’Διά
1038 2745 1197 2799 τοῦτο
1225 2745 1425 2815 μᾶλλον
1458 2744 1617 2797 αὐτὸν
1652 2742 1891 2814 ἐκπλήτ-

226 2858 389 2909 τομαι
427 2838 521 2892 καὶ
544 2835 851 2907 μακαρίζω,
878 2835 959 2888 ὅτι
983 2833 1251 2902 τοσαύτην
1282 2832 1410 2901 ὑμῖν
1436 2831 1463 2870 ι)
1501 2830 1734 2901 σπουδὴν
1765 2833 1890 2883 ἐνα-

228 2925 488 2981 ποθέσθαι
516 2925 755 2995 ἴσχυσεν.
788 2921 898 2976 Καὶ⁵
927 2920 1035 2991 γὰρ
1060 2921 1154 2974 καὶ
1180 2919 1481 2990 στρατηγὸν
1506 2920 1626 2972 τότε
1659 2919 1893 2990 μάλιστα

230 3012 577 3084 θαυμάζομεν
600 3051 614 3074 ,
646 3011 770 3063 ὅταν
802 3009 894 3062 καὶ
937 3008 1011 3079 μὴ
1054 3006 1318 3078 παρόντος
1364 3004 1528 3059 αὐτοῦ
1560 3005 1630 3058 τά
1669 3005 1896 3075 στρατό-

229 3101 367 3154 πεδα
411 3100 665 3169 εὐτακτῇ.
710 3095 881 3150 Τοῦτο
924 3097 1019 3149 καὶ
1062 3096 1090 3147 ὁ
1134 3093 1345 3157 Παῦλος
1373 3092 1601 3146 ἐπὶτῶν
1638 3092 1895 3164 μαθητῶν

230 3190 409 3258 ἐζήτει
445 3186 617 3255 λέγων
636 3201 647 3213 ·
686 3185 885 3245 Ὥστε,
917 3182 1171 3250 ἀδελφοί
1197 3198 1316 3249 μου
1341 3192 1389 3247 ο,
1423 3180 1615 3244 καθὼς
1640 3179 1896 3232 πάντοτε

231 3275 650 3341 ὑπηκούσατε,
691 3274 776 3339 μὴ
807 3271 885 3336 ὡς
922 3271 994 3322 ἐν
1035 3267 1111 3337 τῇ
1163 3268 1465 3336 παρουσίᾳ
1509 3282 1628 3334 μου
1681 3267 1893 3335 μόνον,

232 3362 393 3416 ἀλλὰ
444 3358 652 3423 πολλῷ
700 3356 941 3426 μᾶλλον
989 3356 1057 3409 ἐν
1098 3353 1175 3422 τῇ
1219 3355 1489 3418 ἀπουσίᾳ
1516 3370 1655 3421 μου.
1705 3353 1800 3409 Διά
1845 3353 1896 3406 τί

234 3448 450 3513 Πολλῷ
464 3446 704 3517 μᾶλλον
722 3445 792 3497 ἐν
813 3444 886 3510 τῇ
903 3443 1167 3508 ἀπουσίᾳ
1191 3458 1309 3509 μου
1329 3458 1348 3505 ;
1366 3440 1488 3493 Ὅτι
1511 3439 1774 3511 παρόντος
1799 3440 1897 3511 μὲν

233 3535 328 3589 τοῦ
362 3533 768 3604 ποιμαίνοντος,
798 3529 949 3602 [4451
997 3529 1097 3583 κᾶν
1143 3527 1343 3599 ἐπέλθῃ
1385 3526 1546 3590 λύκος
1574 3530 1639 3598 τῇ
1671 3529 1894 3599 ποίμνῃ,

238 3624 431 3694 ῥᾳδίως
458 3619 817 3674 ἀπελαύνεται
853 3616 961 3670 τῶν
996 3612 1282 3687 προϐάτων
1304 3630 1317 3644 ·
1353 3614 1427 3684 μὴ
1459 3615 1726 3685 παρόντος
1754 3614 1810 3667 δέ
1839 3616 1897 3667 ἐν

240 3710 443 3780 μείζονι
463 3707 533 3761 τά
559 3706 787 3776 ποίμνια
817 3703 1025 3773 ἀγωνία
1053 3701 1380 3756 καθεστάναι
1406 3702 1640 3772 ἀνάγκη,
1675 3702 1900 3771 μηδενὸς

235 3798 386 3860 ὄντος
417 3795 511 3849 τοῦ
538 3792 677 3847 αὐτά
705 3791 1049 3861 τειχίζοντος.
1081 3788 1190 3842 Καὶ
1223 3788 1359 3859 πρὸς
1384 3786 1591 3850 τούτοις
1623 3788 1679 3840 δὲ
1708 3787 1899 3859 παρὼν

240 3885 337 3955 μὲν
370 3881 649 3954 μερίζεται
682 3881 796 3951 μετ’
827 3875 1003 3932 αὐτῶν
1032 3876 1156 3939 τοὺς
1184 3875 1275 3928 ἐπὶ
1305 3877 1371 3945 τῇ
1413 3876 1612 3945 σπουδῇ
1651 3875 1895 3945 μισθοὺς,

240 3972 315 4042 μὴ
344 3970 533 4042 παρὼν
556 3969 613 4022 δέ
635 3985 700 4037 γυ
711 3966 840 4038 μνδν
882 3964 1105 4034 ἀφίησιν
1136 3962 1316 4015 αὐτῶν
1342 3962 1628 4031 φαίνεσθαι
1677 3962 1739 4014 τὸ
1771 3980 1902 4016 κατ-

235 4059 479 4129 όρθωμα.
511 4055 693 4108 Ταῦτα
722 4054 815 4106 καὶ
837 4056 863 4105 ό
882 4049 1198 4112 διδάσκαλος
1227 4048 1396 4101 εἰπὼν
1423 4051 1550 4118 ὑμῖν
1570 4049 1897 4117 διαλέγεται,

235 4146 332 4198 καὶ
359 4145 602 4212 ὅπουπερ
632 4141 696 4194 ἂν
719 4135 775 4211 ᾖ,
810 4139 905 4191 νῦν
932 4138 1075 4207 ὑμᾶς
1094 4135 1121 4175 ά
1158 4135 1251 4187 καὶ
1281 4136 1373 4186 τὸν
1402 4135 1663 4206 ὑμέτερον
1698 4135 1901 4203 φαντά-

237 4233 389 4295 ζεται
420 4228 703 4295 σύλλογον,
735 4226 828 4278 καλ⁵
851 4225 948 4293 οὐχ
980 4222 1155 4285 οὕτως
1183 4223 1308 4284 τοὺς
1338 4224 1451 4274 ἐκεῖ
1478 4222 1898 4292 συγγινομένους

236 4317 386 4387 αὐτῷ
428 4315 523 4369 καὶ
561 4313 868 4383 παρόντας,
900 4310 972 4373 ὼς
1018 4310 1163 4379 ὑμᾶς
1193 4310 1319 4372 τοὺς
1365 4309 1604 4373 ἀπόντας
1633 4310 1742 4380 όρῷ
1781 4310 1895 4363 νῦν.

308 4400 440 4457 Οἶδα
459 4399 624 4454 αὐτοῦ
639 4399 737 4470 τὴν
753 4399 969 4467 ἀγάπην
990 4396 1088 4467 τὴν
1108 4394 1353 4461 ζέουσαν,
1376 4395 1473 4467 τὴν
1500 4413 1642 4448 πεπυ
1652 4398 1899 4465 ρωμένην

238 4492 331 4545 καὶ
368 4490 575 4561 θερμὴν
608 4488 700 4541 καὶ
731 4485 1050 4546 ἀκάθεκτον,
1085 4471 1150 4555 ἣν
1183 4484 1321 4537 κατὰ
1350 4483 1544 4537 πολλοῦ
1573 4483 1668 4537 τοῦ
1705 4484 1897 4554 βάθους

236 4584 335 4651 τῆς
361 4579 597 4640 διανοίας
631 4574 1004 4647 ἐρριζωμένην
1040 4573 1170 4643 ἔχει.
1202 4572 1294 4625 καὶ
1329 4572 1467 4642 μετά
1500 4572 1702 4641 πολλῆς
1741 4571 1902 4644 θερα-

239 4665 396 4719 πεύει
430 4665 528 4736 τῆς
561 4663 815 4732 σπουδῆς.
844 4661 955 4715 Καὶ
986 4660 1094 4731 γὰρ
1132 4655 1241 4711 οἶδε
1280 4658 1465 4728 σαφῶς
1494 4661 1576 4712 ὅτι
1605 4659 1899 4726 κεφάλαιον

201 4830 207 4899 ξ
300 4861 332 4896 δι
354 4856 555 4908 Collataa
574 4858 687 4903 sunt
709 4854 787 4902 1m
811 4854 1024 4902 hominm
1050 4866 1159 4901 cum
1184 4850 1430 4901 codicibus
1452 4851 1576 4911 Reg.
1608 4850 1899 4911 1819,1935,

201 4925 206 5014 ἐ
402 4917 542 4977 1965,
579 4914 717 4976 1961»,
742 4914 880 4975 19Ἰ3,
909 4915 1045 4974 1975,
1069 4914 1210 4974 2900;
1236 4914 1373 4963 Colb.
1399 4912 1507 4973 247,
1530 4912 1672 4973 3033;
1697 4914 1898 4963 Coislin.

239 4984 493 5090 Ξἓέζὲιινίι.
517 5043 571 5087 et
592 5041 802 5105 gngtqor
829 5050 942 5105 niss.
967 5037 1048 5084 καὶ
1068 5036 1135 5105 τᾲ.
1168 5035 1550 5105 θρ-ἐμματᾳμετᾶ
1565 5034 1744 5105 ςπάσηςι
1771 5034 1896 5105 Illita

238 5104 571 5168 Πόρῳ-πᾶσαν
594 5095 934 5168 ἐπιδείκνυσθαι
958 5098 1184 5168 σπουδήν.
1199 5095 1341 5168 ill-liij
1359 5095 1442 5145 alii
1463 5097 1605 5167 χωρὶς
1616 5095 1710 5168 ’τοῦ
1731 5098 1900 5168 ποιμέ-

236 5180 315 5220 νος
342 5162 426 5213 alii
452 5162 596 5225 χωρὶς
612 5159 698 5208 τοῦ
720 5160 1061 5221 ποιμαίνοντος,
1082 5161 1122 5205 si
1188 5171 1252 5206 ue
1278 5159 1425 5206 iidem
1450 5160 1631 5206 variant
1651 5159 1699 5204 in
1727 5160 1900 5206 eadem

238 5201 358 5274 mé‘e
389 5223 577 5273 duabus
597 5220 904 5274 interpositis
929 5219 1088 5268 lineis.
1109 5170 1232 5268 lii?“
1251 5220 1372 5274 haec,
1399 5220 1438 5266 εί
1460 5218 1540 5265 καί
1566 5219 1629 5274 μὴ
1654 5222 1710 5274 τῇ
1738 5220 1898 5274 σαρκὶ,

238 5233 358 5274 mée
389 5233 577 5273 duabus
597 5233 904 5282 interposms
930 5233 1088 5268 lineis.
1109 5233 1232 5268 Inlra
1252 5233 1372 5277 nec,
1399 5233 1438 5266 ει
1460 5233 1540 5265 και
1566 5233 1629 5278 μη
1654 5235 1710 5279 τῃ
1738 5233 1898 5281 σαρκί,

236 5287 357 5354 me:
370 5291 435 5354 ri
453 5284 675 5338 διαθέσει,
697 5283 879 5354 ἀεευιη
902 5284 952 5330 in
986 5280 1177 5354 θρίω-ειη
1201 5281 1291 5330 sed
1314 5280 1556 5329 habentur
1577 5278 1625 5325 in
1650 5279 1800 5327 Savil.
1848 5286 1902 5328 et

238 5345 286 5393 iu
301 5345 978 5415 ,ιηᾳξίιιιαξηευ-υεςτίριοωω
1000 5350 1155 5405 parte.

300 5407 327 5447 Ι)
348 5408 446 5468 Alii
463 5405 592 5468 ἡμῖν,
611 5406 701 5468 alii
714 5405 838 5465 ὑμῖν.

302 5472 325 5499 ο
345 5467 445 5517 Alii
467 5465 701 5527 ἀγαπητοί
721 5480 827 5527 μου.

306 5528 332 5566 d
361 5529 487 5577 ιεᾱίιὶ
504 5521 646 5588 ἡμᾶς,
674 5521 732 5588 εἰ
746 5530 917 5587 postea
938 5523 1180 5587 ἡμέτερον.
1207 5522 1342 5575 Enn.
1368 5521 1522 5574 Paulo
1547 5526 1656 5586 post
1690 5526 1901 5584 quatuor

237 5605 357 5641 mss.
378 5589 460 5637 καὶ
481 5587 826 5650 συμπαρόντας,
858 5589 922 5641 ὡς
937 5587 1069 5645 ὑμᾶς.

1910 1322 1983 1339 -ιε

1998 1536 2136 1607 αὐτη
2164 1534 2381 1588 πάντων
2406 1532 2526 1587 ἐστὶ
2552 1533 2660 1586 τῶν
2689 1532 2946 1601 ἀγαθῶν,
2972 1531 3227 1605 καὶρίζα
3255 1534 3349 1587 καὶ
3379 1534 3534 1606 πηγὴ
3571 1536 3701 1590 καὶ
3724 1568 3735 1576 -

1997 1625 2198 1694 μήτηρ,
2241 1622 2336 1675 καὶ
2368 1621 2573 1691 ταύτης
2611 1622 2711 1673 οὐκ
2740 1619 2905 1689 οὐσης
2946 1620 3054 1673 τῶν
3084 1619 3257 1674 ἄλλων
3300 1623 3433 1692 ἡμῖν
3467 1622 3693 1691 ὄφελος

1994 1711 2150 1765 οὐδέν
2178 1727 2190 1739 ·
2220 1709 2358 1780 αῦτη
2385 1709 2494 1779 γάρ
2517 1710 2631 1761 ἐστι
2654 1707 2761 1760 τῶν
2788 1707 3042 1778 μαθητῶν
3066 1706 3158 1761 τοῦ
3185 1709 3389 1778 Κυρίου
3414 1712 3448 1780 ή
3472 1709 3688 1775 εἰκὼν,

1992 1797 2022 1847 ό
2063 1793 2347 1865 χαρακτὴρ
2386 1792 2495 1846 τῶν
2546 1791 2639 1845 τοῦ
2671 1791 2805 1845 Θεοῦ
2845 1790 3048 1844 δούλων
3071 1833 3086 1857 ,
3112 1792 3174 1844 τὸ
3218 1791 3507 1863 γνώρισμα
3552 1793 3693 1847 τῶν.

1994 1881 2304 1936 ἀποστόλων
2327 1899 2336 1910 ·
2372 1881 2469 1934 Ἐν
2498 1881 2685 1945 τούτῳ
2704 1878 2811 1950 γὰρ
2832 1877 3167 1947 γνώσονται
3195 1879 3437 1947 πάντες,
3474 1882 3691 1949 φησὶν,
3717 1932 3724 1938 ,

1995 1969 2081 2022 ὅτι
2102 1969 2366 2037 μαθηταί
2377 1986 2494 2036 μου
2517 1965 2677 2021 ἐστέ.
2697 1966 2784 2019 Ἐν
2804 1966 2928 2028 τίνι,
2948 1967 3068 2019 είπέ
3088 1984 3101 2031 ;
3122 1963 3230 2037 ἆρα
3256 1967 3313 2019 ἐν
3337 1966 3416 2037 τῷ
3434 1970 3686 2039 νεκροὺς

1996 2058 2245 2129 ἐγείρειν,
2278 2056 2310 2128 ἢ
2345 2055 2577 2125 λεπροὺς
2608 2053 2913 2122 καθαίρειν,
2949 2052 2981 2122 ἢ
3009 2052 3269 2122 δαίμονας
3300 2053 3633 2107 ἀπελαύνειν
3659 2072 3681 2120 ;

1995 2145 2148 2214 Οὐχὶ,
2174 2144 2355 2214 φησίν,
2386 2142 2519 2195 ἀλλά
2544 2140 2719 2194 πάντα
2747 2142 2927 2193 ἐκεῖνα
2958 2139 3353 2211 παραδραμὼν,
3394 2140 3498 2194 Ἐν
3526 2143 3683 2195 τού-

1994 2248 2074 2297 τῳ
2106 2231 2437 2302 γνώσονται
2463 2229 2707 2295 πάντες,
2741 2229 2927 2298 φησιν,
2950 2228 3041 2281 ὅτι
3061 2228 3321 2297 μαθηταί
3347 2245 3469 2297 μου
3494 2228 3674 2293 ἐστὲ,

1950 2335 1957 2341 ·
1996 2319 2105 2373 ἐὰν
2140 2316 2409 2389 ἀγαπᾶτε
2436 2316 2769 2383 ἀλλήλους.

2076 2407 2289 2459 Ἐκεῖνα
2313 2406 2410 2476 μὲν
2427 2404 2535 2475 γάρ
2568 2406 2664 2473 τῆς
2688 2401 2893 2457 ἀνωθεν
2911 2402 3131 2473 χάριτός
3155 2402 3271 2456 ἐστι
3298 2402 3446 2473 δῶρα
3472 2404 3671 2473 μόνης,

1995 2493 2152 2546 τοῦτο
2182 2492 2239 2545 δέ
2283 2492 2376 2546 καὶ
2409 2491 2510 2561 τῆς
2545 2491 2889 2561 ἀνθρωπίνης
2930 2489 3166 2559 σπουδῆς
3201 2490 3316 2543 ἐστι
3356 2490 3419 2543 τὸ
3458 2491 3673 2562 κατόρ-

1998 2580 2176 2651 θωμα.
2227 2580 2331 2633 Τὸν
2373 2579 2430 2632 δὲ
2468 2582 2713 2647 γενναῖον
2751 2579 2847 2647 οὐχ
2884 2576 3026 2630 οὕτω
3063 2577 3130 2631 τά
3171 2576 3375 2632 ἄνωθεν
3412 2578 3673 2647 διδόμενα

1997 2668 2145 2739 δῶρα
2168 2666 2596 2739 χαρακτηρίζειν
2621 2664 2829 2726 εἴωθεν,
2859 2665 2933 2728 ὼς
2962 2664 3071 2718 τῶν
3112 2665 3326 2717 οἰκείων
3373 2666 3550 2718 πόνων
3594 2667 3672 2717 τὰ

1998 2755 2415 2825 κατορθώματα.
2447 2755 2646 2824 Διόπερ
2677 2753 2775 2806 οὐκ
2817 2752 2923 2805 ἀπὸ
2963 2751 3072 2805 τῶν
3107 2752 3368 2822 σημείων,
3409 2752 3524 2805 ἀλλ’
3555 2754 3673 2805 ἀπὸ

1996 2842 2095 2912 τῆς
2140 2842 2358 2909 ἀγάπης
2395 2838 2754 2909 γνωρίζεσθαι
2805 2838 2938 2908 φησὶ
2975 2837 3102 2900 τοὺς
3136 2837 3297 2890 αὐτοῦ
3343 2838 3592 2909 μαθητὰς
3637 2839 3673 2890 ὁ

1993 2929 2245 2999 Χριστός.
2284 2928 2502 2997 Ταύτης
2533 2927 2641 2997 γάρ
2667 2925 2947 2997 παρούσης
2971 2923 3123 2977 οὐδὲν
3150 2924 3313 2995 μέρος
3349 2925 3697 2994 φιλοσοφίας

1994 3013 2228 3065 ἐλλείπει
2259 3011 2337 3082 τῷ
2369 3011 2714 3082 κεκτημένῳ,
2749 3009 2863 3067 ἀλλ’
2902 3009 3190 3081 ὀλόκληρον
3232 3008 3344 3079 ἔχει
3389 3009 3487 3063 καὶ
3528 3027 3673 3064 παν-

1994 3100 2120 3169 τελῆ
2150 3101 2243 3153 καὶ
2276 3098 2689 3170 ἀπηρτισμένην
2711 3098 2810 3168 τὴν
2835 3097 3057 3168 ἀρετὴν,
3087 3097 3275 3169 ῶσπερ
3299 3095 3391 3151 οὖν
3418 3099 3672 3168 ἀπούσης

1994 3187 2199 3258 ἔρημός
2241 3188 2387 3239 ἐστιν
2431 3186 2687 3239 ἀπάντων
2734 3184 2842 3238 τῶν
2889 3183 3129 3252 ἀγαθῶν.
3183 3181 3279 3238 Διά
3305 3185 3464 3239 τοῦτο
3497 3188 3592 3240 καὶ
3638 3190 3674 3241 ό

1996 3274 2204 3337 Παῦλος
2243 3273 2410 3343 αὐτὴν
2453 3273 2668 3343 ἐπαίρει
2708 3272 2803 3326 καὶ
2838 3272 2963 3340 ὐῴοἰ
2993 3283 3017 3312 ο
3045 3272 3122 3342 τῷ
3160 3272 3332 3344 λόγῳ·
3370 3274 3569 3344 μᾶλλον
3606 3275 3670 3327 δὲ

1995 3362 2094 3415 ὅσα
2121 3360 2185 3413 ἂν
2218 3358 2380 3431 εἴπῃ,
2415 3358 2625 3412 οὐδέπω
2653 3360 2753 3429 τῆς
2793 3359 2949 3423 ἀξίας
2977 3359 3147 3429 αὐτῆς
3177 3361 3497 3429 ἐφικνεῖται.

2069 3446 2132 3517 β’.
2173 3447 2236 3499 Τί
2274 3448 2382 3518 γάρ
2418 3445 2484 3500 ἂν
2518 3446 2725 3514 γένοιτο
2761 3447 2930 3517 αὐτῆς
2972 3445 3106 3511 ἴσον,
3140 3449 3173 3517 ἢ
3205 3449 3332 3511 τούς
3375 3451 3668 3521 προφήτας

2000 3535 2233 3604 συνέχει,
2261 3533 2464 3587 καὶτὸν
2489 3533 2649 3604 νόμον
2669 3532 2906 3598 ἅπαντα,
2930 3534 3020 3586 καὶ
3039 3529 3107 3604 ἧς
3128 3535 3253 3588 ἄνευ
3282 3535 3342 3588 οὐ
3371 3536 3573 3601 πίστις,
3600 3540 3665 3591 οὐ

1996 3619 2217 3687 γνῶσις,
2246 3620 2305 3673 οὐ
2350 3619 2660 3690 μυστηρίων
2688 3620 2913 3690 είδησις,
2940 3621 3040 3674 οὐκ
3074 3621 3205 3674 αὐτὸ
3248 3622 3309 3675 τὸ
3343 3624 3665 3695 μαρτύριον,

1997 3701 2096 3753 οὐκ
2119 3699 2244 3751 ἄλλο
2268 3699 2418 3752 οὐδὲν
2446 3699 2534 3751 τὸν
2558 3700 2890 3770 κεκτημένον
2917 3700 3177 3753 διασῶσαι
3206 3701 3526 3771 δυνήσεται;
3550 3705 3658 3757 Καὶ

1997 3786 2107 3858 γὰρ
2133 3787 2242 3840 ἐὰν
2268 3783 2509 3852 παραδῶ
2541 3785 2607 3837 τὸ
2633 3786 2807 3855 σῶμά
2829 3805 2948 3856 μου
2965 3826 2978 3850 ,
3011 3788 3196 3858 φησὶν,
3224 3790 3325 3844 ἵνα
3350 3790 3665 3856 καυθήσω-

1993 3892 2121 3943 μαι,
2155 3872 2396 3942 ἀγάπην
2431 3872 2497 3925 δὲ
2534 3872 2618 3944 μὴ
2650 3873 2789 3941 ἔχω,
2823 3874 3004 3929 οὐδὲν
3032 3875 3407 3949 ὠφελοῦμαι·
3444 3880 3539 3931 καὶ
3568 3878 3664 3932 ἀλ-

1998 3960 2164 4032 λαχοῦ
2192 3961 2373 4025 πάλιν,
2402 3961 2482 4013 ὅτι
2524 3962 2738 4014 πάντων
2775 3962 2977 4032 μείζων
3002 3964 3150 4027 ἐστὶ,
3186 3965 3282 4018 καὶ
3309 3966 3523 4037 κορυφὴ
3552 3968 3662 4020 τῶν

2000 4047 2240 4117 ἀγαθῶν,
2270 4046 2593 4118 παραδηλῶν
2634 4047 2814 4116 ἔλεγεν
2835 4065 2848 4077 ·
2882 4049 3020 4103 Εἴτε
3049 4049 3120 4102 δὲ
3142 4052 3495 4119 προφητεῖαι
3523 4070 3663 4107 κατ-

1999 4135 2459 4205 αργηθήσονται,
2486 4135 2606 4188 εἴτε
2628 4133 2900 4205 γλῶσσαι
2919 4137 3277 4200 παύσονται,
3299 4138 3420 4193 εἴτε
3439 4139 3665 4207 γνῶσις

1998 4220 2510 4291 καταργηθήσεται
2529 4237 2542 4249 ’
2571 4221 2738 4290 μένει
2766 4222 2834 4276 δὲ
2856 4224 3079 4288 πίστις,
3103 4222 3296 4289 ἐλπίς,
3337 4224 3563 4294 ἀγάπη,
3592 4229 3666 4280 τὰ

1999 4311 2131 4376 τρία
2163 4306 2349 4360 ταῦτα
2368 4322 2383 4337 ⁸
2408 4306 2620 4375 μείζων
2638 4307 2706 4361 δὲ
2726 4308 2967 4363 πάντων
2986 4310 3159 4364 ἐστίν
3186 4313 3224 4379 ἡ
3246 4311 3466 4381 ἀγάπη.
3504 4313 3665 4367 Ἀλλά

1999 4395 2106 4467 γάρ
2132 4396 2191 4447 οὐ
2215 4394 2274 4447 τὸ
2298 4393 2458 4463 τυχὸν
2483 4396 2613 4464 ήμῖν
2634 4396 2855 4467 ζήτημα
2875 4398 2903 4450 ό
2924 4397 3173 4468 περὶτῆς
3199 4398 3419 4468 ἀγάπης
3441 4401 3665 4472 ἐπεισή-

2000 4500 2137 4551 γαγε
2170 4481 2347 4549 λόγος.
2380 4482 2453 4534 Τὸ
2487 4482 2584 4552 μὲν
2618 4482 2724 4553 γὰρ
2760 4483 3096 4554 προφητείαν
3128 4485 3541 4556 καταργηθῆναι
3570 4489 3664 4542 καὶ

2002 4569 2311 4623 παύσασθαι
2345 4567 2613 4637 γλώσσας,
2652 4571 2885 4639 χαλεπὸν
2914 4570 3062 4623 οὐδέν
3082 4586 3094 4600 ·
3128 4572 3206 4634 είς
3233 4572 3419 4643 καιρὸν
3457 4574 3568 4645 γὰρ
3596 4577 3665 4629 τὰ

2000 4656 2313 4727 χαρίσματα
2342 4655 2514 4708 ταῦτα
2544 4655 2640 4726 τὴν
2670 4655 2879 4709 ἑαυτῶν
2913 4657 3102 4727 χρείαν
3134 4659 3480 4729 παρασχόντα
3509 4664 3660 4732 ἡμῖν,

2001 4745 2096 4798 καὶ
2134 4744 2462 4814 παυσάμενα
2489 4744 2843 4813 παραιῖλάψαι
2872 4744 2962 4796 τὸν
2987 4743 3141 4812 λόγον
3170 4745 3321 4798 οὐδὲν
3353 4746 3659 4817 δυνήσεται·

2005 4831 2113 4885 ίδού
2141 4830 2270 4900 γοῦν
2302 4831 2396 4884 νῦν
2433 4831 2737 4903 προφητεία
2766 4834 2867 4885 οὐκ
2901 4832 3069 4896 ἔστιν,
3104 4832 3223 4885 οὐδέ
3266 4832 3525 4900 γλωσσῶν
3566 4838 3663 4905 χά-

2006 4934 2195 4989 ρισμα,
2224 4918 2320 4971 καί⁷
2338 4917 2475 4986 ότῆς
2504 4919 2786 4982 εὐσεϐείας
2799 4920 2951 4973 οὐδὲν
2977 4919 3294 4991 ἐνεποδίσθη
3312 4920 3499 4989 λόγος’
3529 4923 3590 4974 τὸ
3604 4924 3660 4976 δέ

2002 5005 2097 5058 καὶ⁴
2128 5004 2328 5072 γνῶσιν
2346 5005 2678 5068 παύσασθαι,
2702 5005 2860 5058 τοῦτο
2888 5005 3004 5059 ἔστι
3028 5006 3088 5058 τὸ
3114 5007 3461 5077 ζητούμενον.
3486 5008 3663 5065 Εἰπὼν

2001 5092 2110 5161 γάρ
2147 5091 2328 5163 [Μω-
2373 5092 2508 5145 Εἷτε
2550 5092 2900 5160 προφητεῖαι
2942 5092 3663 5160 καταργηθήσονται,,εῖτε

2002 5180 2272 5251 γλῶσσαι
2299 5182 2655 5240 παύσονται,
2689 5181 2965 5251 ἐπήγαγεν
2989 5197 3003 5212 ο
3032 5181 3171 5235 Εἴτε
3205 5181 3426 5250 γνῶσις
3461 5199 3665 5251 καταρ-

2003 5268 2349 5338 γηθήσεται.
2380 5269 2443 5320 Εἰ
2464 5268 2535 5349 .δέ
2584 5266 2766 5337 μέλλει
2799 5270 2832 5337 ή
2864 5267 3066 5336 γνῶσις
3099 5268 3369 5322 παύεσθαι
3388 5308 3403 5334 ,
3433 5269 3534 5322 οὐκ
3572 5272 3662 5325 ἐπὶ

1990 5355 2062 5409 ’τὸ
2089 5355 2316 5424 βέλτιον,
2340 5354 2457 5408 ἀλλ’
2498 5355 2592 5408 ἐπὶ
2626 5354 2688 5408 τὸ
2725 5356 2906 5427 χεῖρον
2932 5357 3064 5426 ήμῖν
3116 5355 3385 5425 προκόψει
3418 5357 3487 5411 τά
3519 5356 3659 5428 πρά-

2074 5522 2210 5590 ῗξίο
2236 5524 2388 5590 Sgnil.
2414 5528 2468 5590 gi
2490 5524 2631 5590 που]ιί
2655 5539 2768 5590 [ηδε.
2810 5528 2958 5579 Savil.
2982 5526 3166 5590 ἀνυψοῖ.
3195 5526 3369 5577 Morel.
3403 5530 3455 5578 et
3473 5527 3673 5590 quidam

2008 5585 2248 5645 διὶἰαύτήν
2268 5586 2444 5635 ἐπαινεῖ
2465 5586 2543 5639 καί
2564 5587 2694 5649 ὐψοῖ.
