3890 6220
145 339 263 398 ’701

669 526 1595 563 Μ

166 549 668 575 ,ηρ-...ηρα-

1089 321 1178 375 DE
1213 295 1910 373 INCOMPREIIENS'IBILI‘
1941 299 2050 354 DEI
2085 295 2389 352 NATUR‘A.
2432 293 2471 347 l';

1604 497 3254 545 ___________________..__._

3297 273 3419 330 ῚΟΞι

407 885 1113 1018 EJUSDEM
1223 878 1420 1002 DE
1535 846 3210 1010 INCOMPREHENSIBILI,

537 1357 1005 1453 CONTRA
1095 1275 1746 1444 ANOMCEOS,
1836 1329 2362 1426 ABSENTE
2462 1311 3082 1412 EPISCOPO.

744 2011 957 2049 HOMILIA
1000 2007 1179 2046 PRIMA.

257 2130 305 2183 i.
326 2126 458 2196 Quid
482 2138 561 2180 est
583 2126 721 2180 hoc?
745 2135 923 2195 pastor
951 2124 1119 2185 abest,
1142 2131 1194 2175 et
1225 2129 1396 2173 tamen
1414 2130 1541 2170 oves
1563 2121 1762 2168 rectum

181 2219 426 2272 ordinem
445 2219 682 2288 apprime
708 2226 940 2271 servant.
966 2215 1106 2269 Sane
1129 2213 1179 2266 id
1206 2227 1416 2281 quoque
1435 2209 1555 2261 boni
1584 2215 1764 2276 pasto-

182 2310 258 2362 ris
311 2309 659 2371 ol‘ticiumest,
699 2319 756 2362 ut
807 2323 909 2362 non
945 2315 1147 2360 tantum
1188 2305 1302 2372 ipso
1359 2309 1642 2370 prasente,
1671 2297 1764 2350 sed

182 2401 342 2451 etiam
363 2400 598 2464 absente,
621 2413 832 2452 omnem
857 2396 996 2450 ovile
1013 2394 1335 2462 diligentiam
1352 2387 1769 2444 exhibeatJrra-

185 2491 464 2545 tionabiles
493 2491 688 2560 quippe
716 2505 861 2553 oves,
888 2488 1089 2550 cumis,
1113 2486 1199 2555 qui
1224 2484 1287 2537 ad
1315 2497 1504 2552 pascua
1535 2480 1764 2534 eductu-

183 2597 277 2636 rus
318 2592 419 2647 cst,
448 2583 619 2645 abest,
655 2581 790 2634 intra
835 2588 984 2647 septa
1039 2592 1256 2631 manere
1301 2587 1518 2628 necesse
1545 2570 1766 2633 est;vel

185 2674 227 2725 si
259 2673 459 2741 absque
485 2682 698 2740 pastore
721 2687 749 2724 e
773 2671 917 2723 cauta
939 2669 1250 2738 prodierint,
1270 2666 1422 2733 longe
1443 2663 1693 2716 aberrant
1715 2672 1766 2714 et

185 2773 441 2832 vagantur
473 2782 485 2816 :
521 2762 605 2816 hic
633 2772 805 2816 autem
833 2761 962 2815 nihil
991 2757 1310 2829 liujusmodi,
1342 2756 1434 2810 sed
1461 2756 1620 2810 etiam
1646 2755 1767 2806 abs-

183 2868 307 2907 (nzc
345 2866 553 2923 pastore
573 2897 586 2918 ,
621 2855 722 2907 ritu
753 2863 805 2906 et
832 2853 1017 2907 ordine
1046 2852 1211 2904 multo
1241 2849 1393 2903 solita
1434 2861 1630 2916 pascua
1669 2845 1766 2898 ad-

185 2946 340 2998 iistis.
371 2945 478 2998 lmo
509 2946 681 3013 potius
713 2956 889 3012 pastor
918 2943 1087 3004 adest,
1117 2941 1217 2996 etsi
1243 2956 1345 2993 non
1371 2953 1552 3004 carne,
1580 2939 1764 2992 saltem

185 3035 376 3088 all‘ectu
402 3037 417 3066 ¹
443 3052 456 3100 ;
488 3035 586 3089 etsi
615 3051 717 3088 non
770 3034 1048 3103 pricsentia
1083 3047 1336 3099 corporea
1361 3073 1375 3095 ,
1405 3029 1487 3084 vel
1517 3029 1630 3097 ipso
1657 3027 1764 3080 sal~

187 3135 292 3179 tem
336 3137 439 3179 tam
493 3132 818 3196 congruente
869 3125 1042 3193 gregis
1086 3121 1291 3176 ordine.
1342 3121 1567 3188 Ideoque
1603 3119 1768 3188 magis

189 3215 335 3267 illum
365 3215 599 3268 admiror
629 3215 944 3284 beatumque
976 3211 1224 3281 pra-dico,
1273 3210 1414 3281 quod
1445 3217 1652 3264 tantum
1677 3224 1769 3261 vo-

187 3304 574 3359 bis’studium
635 3304 817 3358 indere
860 3302 1110 3372 potuerit.
1160 3300 1292 3355 Nam
1348 3301 1614 3354 exercitus
1666 3300 1766 3352 du-

187 3411 303 3448 cem
329 3406 436 3449 tum
465 3396 693 3450 maxime
718 3395 1055 3464 suspicimus,
1082 3409 1202 3448 cum
1247 3395 1403 3448 etiam
1436 3393 1526 3445 illo
1551 3392 1768 3445 absente

187 3487 355 3555 (cpia:
383 3502 538 3542 suum
579 3497 792 3541 servant
821 3485 1082 3539 ordinem.
1106 3484 1218 3538 lloe
1241 3483 1501 3538 ctPaulus
1529 3484 1577 3535 in
1607 3483 1767 3535 disci-

188 3580 328 3648 pulis
346 3580 634 3647 quzrrebat,
656 3595 773 3634 cum
796 3578 991 3631 diceret
1017 3577 1070 3631 :l
1082 3588 1245 3646 taque,
1268 3579 1448 3648 fratres
1473 3578 1568 3628 mei
1583 3575 1622 3638 ³,
1640 3576 1768 3628 sicut

187 3687 382 3739 semper
413 3672 662 3734 obedistis,
698 3688 797 3724 non
819 3681 872 3723 ut
902 3673 953 3724 in
975 3671 1240 3740 prwscntia
1286 3670 1380 3722 mei
1412 3679 1606 3721 tantum
1633 3685 1651 3733 ;
1679 3669 1768 3721 sed

187 3762 526 3832 multomagis
556 3763 606 3814 in
637 3760 861 3814 absentia
910 3777 1038 3812 inca.
1092 3760 1270 3827 Quare
1321 3759 1486 3812 Multo
1528 3760 1688 3829 magis
1715 3760 1770 3811 in

187 3853 411 3908 absentia
438 3869 548 3906 mea
582 3853 599 3924 (
629 3852 930 3923 Pliilipp.2.
962 3851 1028 3905 1?.
1053 3849 1072 3922 )
1095 3852 1118 3904 ?
1138 3852 1270 3919 Quia
1299 3859 1560 3920 prtesente
1581 3858 1763 3920 pasto-

188 3958 265 4006 re,
290 3942 448 3997 etiam
478 3943 521 3995 si
549 3942 703 4012 lupus
728 3957 944 4012 gregem
969 3940 1204 4004 invadat,
1233 3941 1386 3994 facile
1428 3940 1610 4008 procul
1656 3939 1768 3992 ovi-

189 4035 288 4089 bus
314 4035 602 4104 repellitur,
657 4035 875 4089 absente
916 4050 1045 4088 vero
1091 4034 1261 4103 majus
1321 4042 1591 4088 certamen
1638 4034 1769 4088 inire

189 4141 401 4196 gregem
424 4141 644 4181 necesse
669 4136 770 4192 est,
799 4127 1008 4180 nemine
1033 4135 1304 4201 servante.
1324 4124 1403 4178 Ad
1446 4124 1558 4179 luce
1589 4133 1764 4178 autem

190 4227 371 4288 pastor
395 4234 513 4272 cum
535 4234 695 4289 grege
730 4219 1054 4284 mercedem,
1115 4219 1158 4271 si
1204 4233 1439 4287 praesens
1481 4216 1572 4283 sit,
1601 4220 1768 4286 parti-

191 4321 306 4376 tur;
329 4311 408 4364 sin
439 4312 594 4376 absit,
631 4319 798 4365 totum
830 4311 977 4380 gregi
1023 4310 1144 4364 boni
1173 4309 1350 4378 Operis
1401 4309 1648 4363 meritum
1681 4325 1767 4363 re—

190 4405 430 4474 linquere
455 4403 680 4456 videtur.
710 4403 802 4456 llis
833 4419 929 4456 nos
969 4402 1252 4470 alloquitur
1277 4410 1332 4455 et
1356 4400 1542 4454 doctor
1564 4408 1765 4466 noster,

190 4505 242 4550 et
267 4496 580 4564 ubicumque
609 4495 818 4550 tandem
847 4498 935 4561 sit,
965 4495 1183 4563 uosjam
1198 4506 1544 4563 nostrumque
1572 4501 1765 4548 castum

191 4596 370 4640 mente
401 4586 642 4649 revolvit,
666 4594 890 4643 nectam
929 4600 1022 4639 eos
1063 4584 1375 4654 quibuscum
1392 4583 1504 4654 jam
1535 4600 1769 4654 praesens

191 4688 433 4734 versatur
453 4695 608 4749 quam
634 4694 730 4732 nos
755 4679 999 4732 absentes
1027 4678 1260 4748 respicit.

262 4769 401 4822 Laus
426 4768 679 4822 th-iani.
704 4799 772 4808 —
799 4768 935 4822 Novi
968 4768 1260 4822 ferventem
1298 4767 1441 4822 illius
1471 4769 1765 4832 caritatem,

191 4864 400 4932 igneam
430 4861 593 4925 illam,
637 4861 911 4914 ardentem
958 4869 1119 4930 atque
1150 4859 1766 4930 insuperabilem,quam

193 4954 378 5006 intimo
406 4951 569 5005 animi
611 4952 718 5005 alte
744 4951 983 5005 deﬁxam.
1007 4951 1184 5016 habet,
1239 4965 1539 5020 magnoque
1592 4952 1766 5004 studio

190 5044 336 5096 colit.
369 5043 540 5096 Probe
569 5043 762 5112 quippe
789 5043 933 5096 novit
959 5043 1128 5112 ipsam
1155 5057 1274 5096 esse
1294 5052 1452 5112 caput
1499 5043 1768 5097 bonorum.

190 5136 449 5200 omnium,
481 5135 735 5200 radicem,
763 5135 958 5188 fontem
999 5142 1053 5188 ct
1091 5143 1336 5199 matrem,
1379 5148 1480 5202 qua
1502 5133 1769 5189 destitutis

191 5236 506 5284 cancrorum
532 5225 670 5278 nulla
707 5225 860 5278 nobis
890 5225 1108 5278 utilitas.
1157 5223 1281 5277 llazc
1307 5224 1448 5278 enim
1477 5223 1768 5293 discipulo-

193 5335 308 5374 rum
353 5317 560 5371 Domini
605 5317 778 5386 imago
805 5327 908 5383 est,
939 5332 1218 5371 servorum
1246 5316 1338 5369 Dei
1365 5315 1658 5382 character,
1683 5318 1768 5371 in-

191 5409 383 5463 dicium
401 5407 762 5478 apostolorum
787 5425 799 5460 :
827 5407 893 5460 In
923 5407 1034 5472 hoc,
1064 5407 1254 5477 inquit,
1286 5416 1580 5478 cognoscent
1599 5424 1769 5463 omnes

255 5545 274 5613 ξ
301 5549 435 5613 page,
458 5541 548 5613 etsi
565 5555 680 5613 Inoa
719 5555 882 5613 carne,
908 5541 1077 5613 saltem
1098 5544 1286 5606 aﬂ'ectu,
1309 5543 1487 5613 desunt
1511 5543 1558 5592 in
1585 5543 1768 5602 Morel.,

191 5605 275 5676 sed
301 5603 542 5676 habentur
565 5605 611 5652 in
635 5602 769 5676 sai-il.
793 5611 850 5676 let
869 5605 915 5653 iu
931 5602 1588 5668 maxima"titanuscripwrum
1615 5614 1767 5669 larte.

252 5669 272 5696 ²
308 5665 409 5722 Alii,
436 5664 583 5720 nobis,
609 5665 704 5722 alii,
731 5664 872 5715 vobis.

256 5729 280 5760 ⁸
312 5726 417 5784 Alii.
442 5727 604 5781 dilecti
628 5729 738 5776 mei.

1871 1974 2006 2044 quod
2029 1971 2263 2042 discipuli
2290 1987 2383 2023 mei
2407 1976 2520 2022 estis
2548 1964 2566 2036 (
2611 1964 2767 2017 Joan.
2817 1962 2900 2016 15.
2943 1960 3011 2014 55
3041 1961 3056 2026 )
3087 1975 3098 2010 :
3133 1957 3182 2009 in
3214 1969 3337 2024 quo,
3369 1951 3452 2008 dic

1872 2064 2000 2117 mihi
2027 2065 2049 2117 ?
2089 2077 2214 2116 num
2245 2057 2386 2130 quod
2427 2064 2664 2110 mortuos
2719 2049 3005 2112 suscitetis,
3036 2048 3272 2115 leprosos
3299 2059 3453 2096 mun-

1872 2154 2027 2216 detis,
2061 2161 2151 2206 aut
2193 2150 2464 2205 dwmones
2509 2144 2786 2214 expellatis
2819 2139 3102 2199 ?.\linimc,
3136 2135 3324 2204 inquit,
3358 2131 3452 2186 sed

1873 2245 1954 2299 his
1979 2244 2224 2300 omnibus
2268 2237 2659 2310 praztermissis,
2691 2234 2756 2286 In
2783 2233 2896 2297 hoc,
2925 2231 3114 2299 inquit,
3157 2233 3454 2296 cognoscent

1872 2352 2040 2390 omnes
2061 2333 2194 2404 quod
2217 2330 2462 2400 discipuli
2483 2329 2580 2380 mei
2606 2326 2745 2390 estis,
2787 2325 2830 2377 si
2855 2338 2939 2376 vos
2966 2321 3174 2373 invicem
3205 2317 3446 2387 diligatis.

1943 2425 2021 2478 Ad
2038 2424 2296 2478 caritatem
2312 2423 2532 2474 humana
2548 2416 2809 2486 diligentia
2826 2408 3288 2479 rcquiritur.—-—llla
3305 2409 3450 2476 quip-

1873 2533 1936 2586 pe
1959 2517 2114 2568 unius
2141 2527 2387 2582 superine
2406 2509 2590 2579 grati-ce
2630 2507 2768 2560 dona
2816 2511 2962 2568 sunt,
3003 2502 3103 2555 hoc
3150 2509 3326 2553 autem
3357 2497 3453 2550 hu-

1874 2623 2043 2661 mana:
2096 2607 2254 2660 etiam
2301 2600 2591 2670 diligentia:
2620 2606 2702 2652 est
2729 2609 2882 2664 opus.
2915 2592 3246 2648 Generosum
3276 2596 3453 2642 autem

1874 2716 1978 2752 non
2003 2708 2106 2751 tam
2127 2696 2327 2750 c:clitus
2348 2692 2468 2746 data
2499 2703 2717 2744 munera
2764 2698 3046 2740 secernere
3071 2682 3263 2746 solent,
3293 2695 3454 2749 quam

1873 2789 2100 2860 propriis
2124 2784 2392 2840 laboribus
2431 2782 2572 2836 edita
2604 2793 2764 2849 opera
2811 2794 2824 2830 :
2862 2789 3027 2845 quare
3055 2789 3158 2828 non
3181 2789 3211 2827 a
3260 2771 3448 2841 signis,

1873 2879 1966 2933 sed
1995 2894 2023 2931 a
2051 2876 2333 2930 dilectione
2382 2870 2671 2940 discipulos
2709 2882 2836 2922 suos
2870 2863 3162 2920 internosci
3207 2862 3453 2917 Christus

1871 2971 1963 3022 ait.
1997 2969 2105 3021 llac
2129 2967 2270 3020 enim
2299 2971 2576 3032 praesente,
2602 2959 2749 3014 nulla
2776 2957 3127 3029 pliilOSOphia:
3159 2971 3280 3024 pars
3313 2970 3438 3024 pos-

1873 3059 2063 3113 sidenti
2084 3056 2299 3121 deﬁcit;
2328 3053 2419 3110 sed
2448 3054 2752 3107 universam
2803 3051 2892 3104 ille
2916 3047 3314 3118 perfectamque
3341 3047 3451 3098 vir-

1877 3159 2039 3206 tutem
2068 3149 2289 3213 obtinet,
2310 3142 2754 3215 qucn'iadmodum
2781 3141 3002 3195 absente
3049 3152 3246 3190 vacuus
3301 3135 3455 3188 bonis

1875 3241 2118 3294 omnibus
2138 3245 2238 3293 est.
2271 3239 2604 3304 Quapropter
2629 3231 2824 3287 Paulus
2853 3229 3020 3298 ipsam
3039 3227 3216 3281 laudat
3245 3226 3452 3279 verbis-

1874 3349 1976 3402 que
2005 3330 2211 3384 extollit
2237 3343 2252 3392 ;
2291 3327 2396 3380 imo
2427 3322 2762 3394 quantumvis
2787 3319 3002 3385 dixerit,
3035 3333 3143 3371 non
3172 3317 3238 3370 ad
3281 3315 3446 3384 digni-

1876 3432 2035 3478 tatem
2064 3423 2176 3490 cjus
2194 3415 2418 3487 attingit.

1943 3513 1996 3566 9..
2027 3512 2162 3578 Quid
2191 3511 2332 3565 enim
2358 3509 2481 3562 huic
2521 3521 2616 3575 par
2639 3519 2759 3559 esse
2800 3503 2986 3572 possit,
3019 3516 3134 3570 qua:
3165 3500 3452 3569 prophetas

1877 3617 2146 3674 totamque
2172 3605 2341 3672 legem
2370 3603 2626 3663 continet,
2653 3609 2707 3652 et
2733 3597 2848 3651 sine
2870 3611 2973 3665 qua
3004 3609 3110 3648 neu
3156 3593 3308 3657 lides,
3343 3609 3448 3645 non

1863 3697 2113 3762 scientia,
2137 3711 2246 3749 non
2270 3692 2646 3764 mysteriorum
2700 3687 2951 3758 cognitio,
2983 3700 3089 3739 non
3112 3685 3284 3754 ipsum
3314 3698 3453 3736 mar-

1878 3789 2088 3859 tyrium,
2114 3802 2220 3840 non
2249 3783 2396 3838 aliud
2449 3781 2718 3852 quidpiam
2745 3779 2825 3832 bis
2868 3778 3091 3848 potitum
3121 3790 3336 3830 servare
3357 3789 3452 3827 va-

1877 3881 1982 3934 leat
2007 3880 2030 3932 ?
2058 3879 2195 3932 Nam
2221 3878 2264 3931 si
2308 3875 2582 3940 tradidero,
2629 3873 2818 3941 inquit,
2867 3887 3048 3940 corpus
3076 3885 3240 3922 meum
3291 3869 3360 3921 ita
3399 3877 3453 3920 ut

1876 3971 2102 4035 ardeam,
2124 3968 2383 4022 caritatem
2407 3973 2572 4018 autem
2599 3979 2697 4016 non
2722 3961 2962 4026 habuero,
2982 3961 3110 4013 nihil
3135 3961 3258 4012 milii
3286 3959 3415 4029 prod
3429 3988 3453 3997 -

1877 4062 1992 4131 est(
2025 4061 2076 4114 1.
2107 4059 2225 4114 Cor.
2247 4059 2334 4112 15.
2371 4057 2405 4110 5
2434 4055 2476 4126 ).
2501 4053 2570 4108 Et
2603 4052 2727 4106 alibi
2771 4065 2981 4105 rursum
3029 4065 3146 4104 eam
3201 4048 3450 4101 omnibus

1877 4151 2151 4221 majorem,
2179 4155 2236 4202 et.
2259 4147 2520 4200 bonorum
2585 4157 2704 4196 esse
2751 4148 2910 4209 caput
2949 4138 3181 4193 ostendit
3231 4138 3452 4191 dicens:

1877 4245 1996 4298 Sive
2038 4239 2314 4312 praphetia:
2359 4235 2750 4295 evacuabuntar,
2794 4233 2894 4285 sive
2943 4233 3130 4300 lingua:
3166 4229 3448 4294 cessabunt,

1875 4337 1977 4390 sive
2029 4333 2238 4388 scientia
2281 4331 2560 4384 destruetur
2590 4327 2608 4397 (
2637 4325 2772 4377 Ibid.
2807 4340 2852 4376 v.
2877 4323 2977 4393 8).
3026 4321 3236 4375 Manent
3289 4331 3454 4373 autem

1876 4429 2018 4496 ﬁdes,
2051 4442 2162 4495 spes
2183 4432 2228 4477 et
2274 4422 2477 4484 caritas,
2529 4419 2625 4472 tria
2663 4418 2808 4481 lucc;
2835 4416 2998 4483 major
3035 4423 3198 4466 autem
3230 4412 3458 4465 omnibus

1876 4532 1948 4574 est
1973 4519 2157 4572 caritas
2185 4517 2201 4585 (
2229 4515 2312 4568 Ib.
2340 4532 2388 4569 υ.
2415 4512 2543 4582 15).
2575 4511 2679 4566 Sed
2704 4526 2809 4563 non
2829 4507 3090 4562 modicam
3121 4505 3274 4558 nobis
3297 4519 3449 4573 qozc-

1877 4611 2100 4665 stionem
2125 4608 2239 4662 huic
2255 4607 2324 4661 de
2363 4605 2585 4660 caritate
2632 4601 2770 4656 dicta
2821 4599 3107 4653 inducunt:
3139 4610 3257 4648 nam
3307 4593 3448 4663 quod

1877 4700 2168 4771 pr0plietia:
2192 4707 2521 4753 evaeuentur
2565 4703 2620 4748 et
2667 4694 2859 4761 lingua:
2897 4696 3128 4752 cessent,
3165 4687 3294 4740 nihil
3319 4684 3442 4739 inde

1875 4793 2062 4847 durum
2085 4809 2098 4852 ;
2127 4805 2248 4843 cum
2265 4788 2406 4842 enim
2430 4787 2543 4840 [nec
2564 4798 2804 4848 munera,
2828 4791 3107 4851 postquam
3134 4795 3286 4833 suum
3321 4793 3456 4846 pra:-

1878 4884 2108 4938 stiterint
2124 4895 2295 4943 usum,
2317 4887 2495 4947 postea
2513 4875 2815 4940 cessabunt,
2837 4873 2966 4927 nihil
2985 4873 3145 4927 verbo
3167 4885 3460 4925 nocumeu-

1880 4978 1914 5029 ti
1943 4975 2133 5028 alierre
2155 4979 2420 5040 poterunt,
2454 4966 2716 5037 siquidem
2765 4965 2875 5034 jam
2905 4962 3181 5034 prOpbetia
3211 4977 3317 5016 non
3349 4970 3448 5022 est,

1879 5084 1981 5121 non
2001 5067 2296 5134 linguarum
2325 5077 2536 5127 munus,
2566 5068 2620 5115 et
2645 5067 2822 5113 tamen
2849 5057 3060 5127 pietatis
3100 5055 3321 5109 verbum
3350 5067 3456 5106 non

1878 5160 2180 5230 impeditur.

1951 5250 2214 5316 Quomodo
2239 5248 2546 5318 intelligatur
2599 5244 2750 5310 illud,
2781 5243 2999 5298 scientia
3036 5242 3358 5296 destruetur.
3379 5267 3449 5279 —-

1877 5345 2028 5414 Quod
2046 5353 2220 5397 autem
2244 5343 2464 5397 scientia
2489 5341 2812 5401 destruatur,
2834 5337 2902 5392 de
2954 5336 3044 5389 illo
3078 5334 3302 5404 quaestio
3325 5348 3442 5386 mo-

1877 5451 2052 5494 vetur.
2081 5440 2211 5493 Cum
2242 5437 2382 5492 enim
2410 5435 2651 5498 dixisset,
2681 5432 2800 5487 Sive
2828 5429 3104 5500 prophetiae
3129 5424 3449 5479 evacuabun-

1879 5545 1980 5599 tur,
2004 5536 2106 5588 sive
2133 5533 2320 5604 lingua:
2339 5531 2621 5597 cessabunt,
2644 5528 2843 5592 intulit,
2865 5527 2984 5582 Sive
3006 5523 3214 5579 scientia
3232 5520 3455 5574 destrue-

1879 5638 1979 5680 tur.
2004 5625 2058 5680 Si
2085 5635 2260 5680 autem
2293 5624 2523 5678 futurum
2574 5631 2655 5676 est
2683 5628 2740 5674 ut
2790 5617 3010 5673 scientia
3041 5619 3235 5675 cesset,
3257 5625 3364 5666 non
3397 5609 3452 5664 in

1880 5716 2084 5785 melius,
2113 5716 2205 5772 sed
2256 5715 2308 5771 in
2359 5714 2508 5786 pejus
2558 5729 2643 5769 res
2690 5720 2888 5768 nostra:
2936 5707 3171 5766 cedent:
3204 5705 3318 5760 sine
3363 5701 3451 5756 ilh
