3890 6220
416 236 523 293 705

415 345 615 415 quippe
644 343 694 399 id
724 359 938 423 quoque
960 345 1101 416 quod
1147 345 1388 402 homines
1416 347 1604 412 simus,
1647 345 1952 401 amittemus
1982 360 1995 398 :

416 434 583 491 Deum
612 437 754 493 enim
780 479 794 503 ,
825 439 1013 509 inquit,
1047 439 1183 505 time,
1211 449 1271 492 et-
1304 440 1545 494 mandata
1592 441 1705 508 ejus
1755 439 1960 493 observa
1984 454 2003 491 :

420 528 515 581 hoc
545 539 616 582 est
641 529 774 582 enim
824 530 988 583 omnis
1038 529 1187 583 Itonia
1214 528 1233 601 (
1256 529 1539 585 Eecle.12.
1572 531 1639 585 15
1731 529 1788 586 Si
1827 531 2003 599 itaque

418 617 581 673 homo
609 634 729 675 esse
756 615 895 675 idem
925 621 995 675 sit
1029 621 1169 691 quod
1201 622 1364 675 Deum
1394 622 1602 687 limere,
1634 623 1791 676 timor
1823 630 2000 677 autem

421 714 515 768 Dei
546 729 613 769 ex
651 714 872 769 scientia
919 714 1160 783 prodeat,
1211 715 1540 786 scientiaque
1586 715 2006 783 destruatur,_ut

421 807 498 859 ait
549 804 738 860 beatus
783 805 980 860 Paulus
1012 825 1025 861 :
1057 816 1187 867 tunc
1224 806 1460 863 funditus
1509 808 1828 878 peribimus,
1881 821 2004 861 cum

432 898 655 953 scicntia
686 901 949 967 nouerit,
968 899 1254 972 omniaque
1272 910 1454 960 nostra
1478 901 1733 970 deﬂuent,
1751 917 1814 957 ac
1836 901 2007 957 brutis

424 990 592 1045 nihilo
610 990 847 1047 melioris
873 993 1093 1060 erimus,
1122 993 1228 1048 imo
1253 994 1422 1050 multo
1449 992 1645 1064 pejoris
1661 993 2003 1048 conditionis.

424 1083 539 1138 llae
562 1085 704 1138 enim
733 1101 791 1139 re
821 1100 923 1139 una
951 1086 1053 1140 illis
1090 1094 1403 1156 praestamus
1425 1127 1441 1153 ,
1475 1096 1533 1142 ut
1560 1087 1611 1141 in
1658 1086 1776 1140 aliis
1821 1084 2002 1139 omni-

422 1173 523 1229 bus
537 1176 811 1244 corporeis
838 1175 906 1230 ab
937 1175 1001 1230 iis
1022 1176 1178 1246 longe
1220 1190 1557 1245 superentur.
1578 1175 1718 1247 Quid
1749 1174 2009 1245 igiturest

426 1264 495 1319 de
512 1281 618 1335 quo
645 1265 877 1336 loquitur
900 1265 1116 1330 Paulus,
1145 1281 1267 1322 cum
1296 1267 1389 1331 ait,
1422 1266 1651 1323 Seienn'a
1675 1268 1957 1322 destruetur
1985 1267 2010 1320 ?

424 1356 540 1411 Non
566 1357 635 1413 de
663 1358 970 1425 universali,
1004 1358 1098 1413 sed
1120 1358 1187 1414 de
1230 1358 1534 1428 particulari
1564 1358 1791 1429 quadam
1829 1359 2008 1414 scien-

427 1448 497 1502 tia
525 1449 775 1519 loquitur,
805 1450 1219 1504 destructionem
1243 1464 1441 1505 vocans
1459 1464 1800 1520 progressum
1818 1450 1870 1504 in
1893 1465 2010 1505 me-

427 1538 529 1594 lius
560 1557 573 1591 :
611 1539 682 1593 ita
705 1548 765 1594 ut
802 1541 1133 1610 particularis
1163 1541 1254 1596 illa
1288 1540 1583 1608 destructa,
1625 1556 1733 1596 non
1780 1540 2008 1611 amplius

427 1631 498 1683 sit
536 1629 892 1699 particularis,
926 1629 1022 1685 sed
1073 1630 1325 1701 perfecta.
1368 1630 1826 1699 Quemadmodum
1868 1631 2010 1686 enim

427 1721 643 1791 puerilis
668 1730 797 1777 artas
849 1722 1160 1790 destruitur,
1206 1739 1310 1779 non
1338 1724 1516 1779 deleta
1566 1725 1888 1791 substantia,
1912 1723 2008 1778 sed

425 1821 580 1869 aucta
607 1823 806 1868 statura
832 1815 962 1869 etin
991 1815 1161 1869 virum
1191 1816 1486 1885 perfectum
1534 1814 1793 1871 evadente
1817 1832 1831 1866 :
1861 1815 1939 1870 sic
1958 1824 2013 1870 et

426 1906 481 1961 in
512 1906 732 1962 scientia
760 1908 955 1963 evenit.
984 1907 1171 1974 Parva,
1196 1908 1386 1977 inquit,
1415 1907 1530 1963 haec
1547 1924 1659 1962 non
1690 1907 1823 1962 ultra
1850 1922 2011 1977 parva

433 1998 555 2063 erit,
587 1997 801 2068 quando
827 1997 1080 2068 deinceps
1118 2013 1308 2069 magna
1372 1998 1675 2055 efﬁcietur:
1704 1998 1783 2053 sic
1812 1997 2009 2052 intelli.

426 2087 658 2159 gendum
674 2087 823 2151 illud,
852 2087 1133 2143 destruetur
1154 2105 1174 2144 :
1201 2088 1342 2159 quod
1373 2089 1567 2144 clarius
1590 2090 1643 2143 in
1666 2088 2014 2158 sequentibus

427 2180 728 2250 explicavit.
761 2179 832 2236 Ut
846 2180 1010 2247 enim,
1040 2195 1160 2235 cum
1194 2180 1345 2235 audis
1374 2181 1674 2246 destruetur,
1706 2194 1813 2234 non
1835 2179 2011 2234 omni-

428 2271 640 2327 modam
671 2271 1087 2327 destructionem
1139 2288 1259 2328 esse
1310 2282 1559 2343 putares,
1589 2272 1686 2328 sed
1712 2271 2014 2327 incremen-

430 2371 540 2416 tum
568 2361 854 2432 quoddam,
900 2371 956 2417 et
993 2377 1334 2432 progressum
1374 2363 1427 2417 iu
1471 2363 1685 2429 melius,
1729 2370 2012 2433 postquam

428 2453 654 2518 dixerat,
696 2454 1000 2522 destruetur,
1027 2454 1229 2510 addidit
1261 2474 1274 2509 :
1304 2454 1389 2509 Ex
1425 2464 1568 2526 parte
1596 2455 1728 2510 enim
1752 2453 2015 2525 cognosci-

429 2562 561 2612 mus,
585 2555 633 2601 et
657 2562 721 2601 ea:
740 2556 884 2617 parte
908 2547 1266 2619 prapltetantus
1283 2564 1303 2603 :
1329 2563 1442 2601 cum
1467 2557 1634 2602 autent
1680 2547 1862 2603 venerit
1881 2546 2017 2617 quod

429 2639 703 2709 perfectum
729 2647 819 2704 est,
838 2647 957 2691 tunc
980 2637 1298 2693 evacuabitur
1314 2637 1449 2709 quod
1474 2654 1537 2693 ea:
1561 2647 1705 2708 parte
1724 2647 1839 2705 est;
1865 2639 1933 2693 ita
1956 2647 2017 2693 ut

432 2746 537 2783 non
569 2730 705 2785 ultra
753 2744 820 2786 ex
854 2742 1005 2799 parte
1025 2731 1112 2795 sit,
1135 2729 1229 2786 sed
1250 2728 1568 2800 perfectum.
1588 2730 1771 2800 Itaque
1809 2729 2017 2799 imper-

431 2822 592 2876 fectio
614 2821 731 2891 ejus
750 2822 1060 2886 destruitur,
1110 2830 1166 2876 ut
1217 2835 1327 2876 non
1350 2821 1486 2876 ultra
1511 2822 1581 2877 sit
1609 2820 2005 2891 imperfectum.

429 2914 525 2971 sed
551 2915 864 2985 perfectum.
903 2916 1205 2971 Destructio
1247 2915 1406 2986 igitur
1428 2923 1510 2971 est
1537 2915 2013 2986 complementum,

429 3014 483 3059 et
513 3007 566 3060 in
602 3006 772 3076 majus
799 3016 1162 3078 augmentum.

502 3099 554 3153 5-
587 3099 761 3167 Atque
787 3097 1149 3155 animadverte
1169 3098 1298 3155 mihi
1316 3097 1465 3153 Pauli
1491 3096 1829 3168 prudentiam
1856 3115 1870 3152 :
1900 3113 2010 3152 non

427 3188 570 3242 enim
599 3188 751 3253 dixit,
806 3190 1017 3244 Partem
1065 3189 1469 3260 cognoscimus;
1498 3188 1616 3257 sed,
1648 3188 1733 3244 Ea:
1755 3197 1900 3260 parte
1914 3204 2003 3243 co—

427 3280 717 3350 gnoscimus
749 3282 768 3352 (
798 3280 852 3335 1.
884 3277 1004 3335 Cor.
1037 3281 1124 3336 15.
1151 3279 1185 3337 9
1205 3280 1247 3351 ).
1273 3279 1562 3336 ostendens
1581 3293 1681 3334 nos
1712 3280 1876 3349 partis
1903 3293 2018 3349 par-

432 3380 538 3425 tem
571 3379 775 3426 tenere.
807 3370 1060 3426 Fortasse
1100 3370 1288 3426 audire
1335 3372 1551 3441 optatis,
1601 3382 1854 3442 quantam
1887 3372 2016 3426 reti-

431 3475 653 3515 neamus
671 3470 895 3529 partem,
925 3470 1286 3531 quantamque
1312 3462 1695 3532 relinquamus,
1725 3472 1780 3517 et
1802 3477 1870 3517 an
1896 3478 2015 3517 ma-

428 3553 600 3624 jorem
633 3554 964 3610 minoremve
985 3564 1190 3624 partem
1218 3562 1514 3611 teneamus.
1532 3554 1604 3611 Ut
1631 3557 1810 3625 itaque
1837 3555 2015 3613 discas

432 3653 486 3700 te
523 3645 783 3700 minorem
817 3655 1000 3701 tenere
1027 3653 1254 3716 partem,
1278 3653 1333 3701 et
1358 3660 1468 3701 non
1492 3655 1697 3700 tantum
1726 3646 2011 3716 minorem,

429 3734 548 3800 sed,
580 3745 640 3790 ut
664 3735 735 3790 ita
754 3735 949 3804 dicam,
965 3736 1334 3805 centesimam,
1351 3743 1445 3791 aut
1457 3736 1636 3792 decies
1651 3737 1931 3792 millesima
1956 3758 2009 3807 ιι,

431 3827 556 3883 audi
610 3844 729 3899 quae
775 3840 1115 3900 sequuntur:
1157 3829 1240 3884 vel
1295 3831 1472 3901 potius
1528 3839 1816 3901 antequam
1860 3832 2016 3887 vobis

431 3921 975 3990 apostolicamvocem
1004 3920 1263 3992 legamus,
1291 3921 1600 3991 exemplum
1627 3921 1876 3987 referam,
1904 3938 2014 3992 quo

431 4011 583 4067 vobis
612 4012 931 4077 declaretur,
980 4021 1038 4066 ut
1077 4013 1324 4082 exemplo
1370 4011 1489 4069 ﬁeri
1533 4020 1729 4083 potest,
1758 4024 2014 4083 quantum

431 4103 673 4157 relictum
697 4103 788 4171 sit,
810 4112 865 4158 et
903 4111 1160 4174 quantum
1213 4103 1284 4158 sit
1325 4103 1469 4174 quod
1510 4119 1653 4175 nunc
1696 4105 2011 4160 retinemus.

438 4196 704 4260 Quantum
731 4196 890 4266 igitur
929 4196 1218 4251 discrimen
1246 4204 1332 4250 est
1363 4197 1503 4252 inter
1540 4211 1680 4263 eam,
1712 4212 1832 4266 quae
1859 4184 2014 4252 nobis

439 4283 494 4336 in
536 4283 714 4338 futuro
757 4285 1006 4353 dabitur,
1029 4286 1338 4354 scientiam,
1367 4294 1421 4342 et
1448 4289 1800 4357 praesentem?
1829 4290 2012 4356 Quan-

441 4386 552 4430 tum
604 4378 743 4432 inter
787 4378 957 4433 virum
1004 4379 1293 4448 perfectum
1342 4386 1399 4434 et
1438 4378 1723 4435 lactentem
1798 4398 1813 4436 :
1860 4396 2015 4452 atque

436 4469 580 4523 enim
613 4478 832 4539 praestat
860 4470 1108 4541 praesenti
1150 4470 1325 4526 futura
1352 4471 1592 4527 scientia.
1629 4472 1783 4541 Quod
1829 4484 2012 4529 autem

431 4560 486 4616 id
541 4577 725 4618 verum
773 4563 865 4629 sit,
892 4577 1061 4634 eaque
1109 4564 1179 4618 sit
1217 4564 1362 4618 illius
1407 4565 1787 4634 praecellentia,
1819 4565 2014 4622 Paulus

430 4652 628 4708 iterum
653 4652 919 4709 declaret:
941 4669 1062 4708 cum
1090 4653 1232 4708 enim
1254 4653 1477 4709 dixisset
1500 4694 1516 4719 ,
1540 4653 1627 4708 Ea:
1652 4664 1797 4725 parte
1821 4670 2013 4724 cogno-

432 4743 640 4810 scimus,
671 4752 726 4799 et
763 4744 922 4800 vellet
947 4743 1231 4800 ostendere
1267 4760 1332 4800 ex
1359 4755 1554 4816 quanta
1606 4759 1776 4816 parte,
1808 4762 2014 4817 nosque

432 4833 801 4889 brevissimam
824 4850 966 4890 nunc
995 4843 1199 4901 tenere,
1230 4835 1405 4890 intulit
1436 4854 1450 4890 :
1481 4835 1607 4892 Cum
1638 4852 1796 4891 essent
1823 4854 2012 4906 parvu-

432 4925 532 4988 lus,
556 4924 794 4994 loquebar
819 4934 873 4977 ut
897 4926 1158 4996 parvulus,
1204 4926 1462 4996 sapicbum
1489 4937 1542 4980 ut
1582 4927 1844 4997 paruulus,
1876 4929 2015 5000 cogi-

432 5013 605 5069 tabam
630 5025 685 5067 ut
711 5016 952 5085 parvulus
980 5030 999 5070 :
1023 5032 1136 5069 cum
1161 5028 1329 5072 autem
1351 5021 1515 5087 factus
1534 5033 1647 5071 sunt
1678 5019 1771 5083 vir,
1797 5034 2015 5073 evacua-

432 5108 477 5161 υἱ
505 5122 622 5177 qua:
638 5117 780 5161 erant
801 5109 1044 5179 parvuli(
1078 5108 1161 5163 1b.
1193 5127 1241 5164 υ.
1272 5111 1330 5165 ll
1363 5108 1383 5180 )
1415 5128 1430 5166 :
1476 5126 1597 5166 cum
1628 5121 1768 5167 statu
1799 5112 2014 5183 parvuli

430 5213 752 5271 praesentem
787 5205 1085 5267 scientiam,
1105 5220 1225 5260 cum
1251 5205 1473 5276 perfecti
1494 5206 1592 5262 viri
1620 5216 1762 5263 statu
1783 5208 2015 5265 futuram

430 5310 765 5365 comparans.
791 5296 973 5367 Neque
1019 5296 1173 5361 dixit,
1204 5295 1337 5352 Cum
1389 5312 1564 5353 essem
1618 5314 1785 5369 puer:
1818 5317 1939 5355 nam
1964 5310 2020 5357 et

432 5384 714 5442 duodecim
744 5400 1008 5442 annorum
1038 5388 1054 5419 ⁸
1098 5403 1229 5458 puer
1280 5387 1512 5454 dicitur;
1539 5389 1633 5444 sed
1655 5429 1671 5454 ,
1704 5388 1829 5445 Cum
1860 5408 2018 5446 essent

435 5478 697 5547 parvulus,
727 5477 778 5533 id
808 5489 909 5543 εει,
943 5478 1147 5534 lactens
1175 5489 1231 5536 et
1281 5478 1475 5535 infans.
1517 5479 1669 5550 Quod
1697 5483 1837 5538 enim
1867 5484 2017 5541 Scri-

504 5718 513 5732 ι
554 5708 674 5752 1res
694 5709 820 5761 Mss,
850 5704 1016 5755 decem
1035 5716 1284 5756 amwrum.

1134 233 1190 290 S.
1232 230 1509 289 JOANNIS
1543 229 2020 288 CHRYSOSTOM!
2058 229 2378 288 A-BClllEP.
2421 230 2975 299 CONSTANTINOPLA

3598 233 3695 290 τοι

2114 354 2264 414 ptura
2294 347 2450 401 talem
2470 356 2624 402 vocet
2648 346 2926 416 infantem,
2953 346 3077 406 audi
3096 347 3371 403 Psalmum
3384 348 3694 405 dicentem:

2107 434 2326 489 Domine
2363 434 2615 499 Dominus
2642 449 2833 503 noster,
2880 453 3035 508 quant
3058 437 3357 493 adnurabile
3399 450 3476 493 est
3511 456 3709 495 nomen

2107 536 2248 579 tuum
2278 526 2330 579 in
2358 528 2591 580 universa
2620 527 2797 581 terra!
2824 525 3079 592 Quoniam
3122 528 3312 583 elevata
3341 540 3413 582 est
3444 530 3693 599 nmgniﬁ-

2105 618 2268 670 centia
2298 626 2386 669 tua
2407 634 2561 687 super
2580 618 2729 672 caelos
2752 633 2771 672 :
2791 635 2854 672 ea:
2904 635 2993 672 ore
3024 618 3296 687 infantium
3332 630 3379 673 et
3405 619 3702 674 faetentium

2107 707 2360 777 perfecisti
2403 707 2607 766 laudent
2632 709 2651 780 (
2675 707 2822 765 Psat.
2862 708 2916 764 8.
2953 707 3005 762 2.
3033 708 3121 778 '5).
3167 708 3325 765 Vides
3354 709 3469 778 jam
3501 725 3719 780 parva-7

2106 799 2216 859 lum
2248 814 2341 869 pro
2362 799 2593 857 lactente
2618 800 2815 871 ubique
2832 800 3028 856 vocari.
3060 799 3219 858 Tum.
3245 801 3442 871 spiritu
3487 802 3719 871 prospi-.

2106 891 2260 945 ciens
2289 890 2590 946 futurorum
2636 891 2913 946 hominum
2957 891 3373 961 impudetuiam,
3396 908 3582 962 neque
3606 892 3708 947 hoc

2110 995 2217 1034 uno
2250 990 2534 1036 contentus
2573 981 2847 1052 exemplo,
2876 981 3169 1042 secundum
3197 982 3355 1037 etiam
3382 996 3448 1037 ac
3482 983 3706 1037 tertium

2108 1074 2176 1128 ad
2225 1074 2686 1139 confirmationem
2730 1074 2954 1133 addidit.
3027 1059 3490 1153 Quemadmodum
3558 1076 3717 1130 enim

2108 1166 2318 1239 Moyses
2341 1181 2462 1221 cum
2487 1166 2554 1223 ad
2601 1166 2819 1223 Judazos
2869 1168 3188 1233 mitteretur,
3223 1166 3381 1221 trium
3421 1168 3735 1238 signoan
3830 1166 3844 1240 λ

2110 1261 2361 1317 indicium
2394 1261 2726 1333 accipicbat(
2753 1261 2920 1319 Exod.
2949 1263 2987 1319 ’ὃ
3015 1264 3058 1334 ),
3093 1264 3219 1320 utsi
3242 1263 3413 1333 primo
3440 1280 3552 1319 non
3583 1280 3731 1321 cre-,

2104 1354 2316 1421 tierent,
2336 1354 2556 1409 secundi
2575 1370 2759 1410 vocem
2788 1356 3066 1418 audirent;
3094 1356 3176 1410 sin
3203 1358 3363 1411 etiam
3390 1359 3493 1412 hoc
3518 1374 3713 1426 asper-

2112 1453 2386 1509 narentur,
2416 1445 2573 1499 tertio
2599 1445 2865 1514 pudefacti
2895 1446 3209 1515 prophetam
3257 1448 3570 1517 reciperent
3597 1465 3613 1500 :
3638 1448 3711 1501 ita

2112 1545 2167 1593 et
2207 1536 2295 1592 hic
2339 1536 2433 1590 tria
2493 1536 2640 1606 ponit
2674 1521 2927 1606 exempla
2959 1537 3016 1603 ¹;
3064 1538 3292 1607 pritnum
3330 1555 3397 1593 ex
3449 1540 3714 1608 parvulo,

2111 1627 2238 1689 dum
2262 1627 2355 1691 ait,
2380 1624 2509 1683 Cum
2546 1644 2703 1683 essent
2731 1627 2974 1698 parvulus
2992 1667 3009 1693 ,
3038 1628 3294 1699 sapiebam
3324 1640 3380 1683 nt
3417 1632 3676 1698 paruulus
3695 1647 3715 1685 :

2112 1721 2404 1775 secundum
2422 1734 2490 1774 ex
2512 1720 2750 1790 speculo,
2766 1720 3067 1777 tertiumex
3085 1721 3388 1792 aenigmate.
3414 1720 3716 1793 Postquam

2113 1810 2320 1867 dixerat
2339 1813 2479 1867 enim
2498 1852 2516 1880 ,
2543 1811 2670 1866 Cum
2698 1828 2857 1867 essent
2885 1813 3156 1882 parvulus,
3182 1813 3378 1879 intulit,
3420 1813 3671 1868 Videmus
3696 1816 3717 1846 ¹

2112 1914 2280 1959 autem
2306 1921 2441 1959 nunc
2462 1921 2553 1976 per
2571 1907 2835 1976 speculum
2868 1906 2921 1960 in
2965 1906 3251 1978 wnt'gmate.
3282 1906 3360 1961 En
3387 1908 3595 1978 quippe
3624 1922 3716 1963 se-

2113 1994 2346 2049 cundum
2388 1995 2691 2065 exemplum
2735 1995 3060 2051 infirmitatis
3097 1998 3379 2066 praesentis
3413 2015 3429 2053 :
3459 1998 3719 2067 quodque

2114 2087 2427 2159 imperfecta
2455 2089 2526 2143 sit
2549 2088 2806 2153 scicntia,
2836 2089 2993 2145 tertio
3020 2090 3277 2159 probatur
3300 2089 3385 2146 liis
3413 2092 3618 2154 verbis,
3652 2090 3719 2146 In

2113 2181 2401 2251 tenigmate.
2431 2178 2672 2250 Namque
2704 2180 2957 2249 parvulus
2985 2180 3151 2235 multa
3182 2181 3397 2251 quidem
3420 2182 3591 2246 videt,
3616 2200 3713 2235 ειυ-

2116 2269 2194 2324 dit
2223 2278 2278 2325 et
2324 2270 2555 2338 loquitur
2584 2287 2598 2323 :
2629 2269 2761 2325 nihil
2807 2279 2985 2326 tamen
3026 2270 3255 2327 dilucide
3297 2271 3378 2325 vel
3413 2272 3605 2335 videt,
3635 2277 3724 2328 vel

2115 2361 2282 2428 audit,
2307 2362 2392 2417 vel
2415 2362 2650 2433 loquitur
2674 2377 2691 2417 :
2714 2371 2769 2418 et
2789 2363 2928 2433 sapit
2949 2362 3183 2434 quidem,
3208 2363 3299 2418 sed
3322 2363 3455 2417 nihil
3484 2366 3714 2434 integre.

2117 2455 2192 2510 lta
2221 2464 2278 2511 et
2318 2470 2417 2526 ego
2446 2456 2558 2511 scio
2599 2455 2815 2526 quidem
2858 2456 3079 2524 multa,
3102 2456 3195 2512 sed
3222 2473 3409 2512 eorum
3443 2474 3557 2512 non
3591 2459 3714 2512 novi

2116 2547 2357 2603 modum.
2403 2548 2571 2604 Deum
2600 2550 2747 2606 enim
2788 2548 2983 2619 ubique
3009 2562 3131 2605 esse
3170 2550 3291 2604 novi
3316 2589 3332 2615 ,
3364 2559 3544 2604 totum
3590 2551 3735 2609 item.

2116 2639 2313 2710 ubique
2334 2653 2455 2696 esse
2480 2641 2634 2706 novi;
2661 2639 2930 2711 quomodo
2955 2648 3153 2703 autem,
3177 2641 3355 2695 nescio
3380 2658 3394 2693 :
3424 2640 3548 2695 sine
3575 2641 3721 2710 prin-

2116 2733 2288 2804 cipio,
2330 2747 2436 2787 non
2481 2733 2753 2804 genitum,
2799 2733 3182 2802 sempiternum
3229 2732 3389 2799 novi;
3438 2733 3727 2803 quomodo

2115 2833 2313 2891 autem,
2363 2825 2567 2880 nescio.
2615 2823 2800 2895 Neque
2846 2824 3075 2879 humana
3121 2823 3258 2879 ratio
3301 2838 3499 2892 capere
3550 2826 3721 2891 valet,

2115 2915 2386 2988 quomodo
2414 2916 2584 2986 possit
2610 2929 2734 2972 esse
2778 2916 3076 2972 substantia
3100 2957 3116 2983 ,
3164 2931 3282 2985 qua:
3310 2930 3413 2971 nec
3446 2932 3477 2970 a
3512 2920 3720 2988 sei'sa,

2117 3022 2218 3064 nec
2260 3008 2329 3063 ab
2372 3008 2476 3062 alio
2510 3008 2761 3080 quopiam
2802 3023 2922 3064 esse
2950 3008 3233 3078 acceperit.
3261 3008 3385 3063 Scin
3414 3010 3597 3078 ipsqu
3625 3026 3724 3078 ge—

2115 3101 2298 3156 nuisse
2322 3099 2549 3167 Filium;
2576 3099 2845 3171 quomodo
2880 3107 3081 3166 autem,
3113 3099 3297 3170 ignoro
3330 3118 3343 3152 :
3377 3101 3504 3154 novi
3535 3100 3719 3170 Spiri-

2115 3201 2230 3249 tum
2250 3207 2317 3247 ex
2344 3192 2461 3262 ipso
2486 3206 2641 3257 esse;
2673 3190 2942 3262 quomodo
2961 3200 3140 3246 autem
3162 3205 3229 3245 ex
3255 3190 3368 3260 ipso
3388 3190 3478 3254 sit,
3504 3193 3721 3246 nescio.

2115 3284 2278 3341 Cibos
2335 3284 2637 3351 comedo';
2678 3300 2784 3356 quo
2844 3292 3000 3355 pacto
3058 3294 3234 3338 autem
3293 3283 3605 3338 dividantur
3660 3285 3717 3339 in

2116 3376 2380 3447 pituitam,
2404 3376 2738 3446 sanguinem,
2759 3375 3037 3431 humorem
3059 3383 3112 3431 et
3138 3374 3304 3440 bilim,
3325 3375 3536 3445 ignoro.
3564 3375 3716 3441 llaec,

2116 3481 2235 3537 quae
2258 3466 2496 3537 quotidie
2514 3466 2862 3522 comedentes
2882 3465 3144 3528 videmus,
3169 3465 3475 3536 ignoramus
3502 3474 3717 3533 tamen,

2114 3567 2171 3613 et
2196 3557 2292 3613 Dei
2318 3558 2669 3613 substantiam
2696 3558 2908 3612 curiose
2941 3557 3282 3612 scrutamur?

2185 3658 2240 3706 4.
2268 3650 2454 3705 Contra
2476 3651 2740 3704 Anomaeos
2763 3650 3003 3720 loquitur.
3029 3678 3103 3688 —
3128 3647 3229 3704 Ubi
3254 3657 3378 3703 sunt
3406 3648 3595 3719 igitur,
3620 3649 3717 3720 qui

2116 3756 2176 3798 se
2200 3749 2361 3796 totam
2391 3741 2667 3796 scientiam
2687 3740 2960 3811 accepisse
2994 3739 3198 3807 dicunt,
3226 3741 3422 3809 quique
3443 3751 3627 3794 tamen
3660 3742 3715 3796 in

2117 3832 2423 3889 barathrum
2449 3832 2763 3904 ignorantiae
2780 3830 2981 3900 delapsi
3004 3829 3165 3885 sunt?
3191 3830 3321 3884 Nam
3338 3830 3427 3899 qui
3454 3846 3603 3885 nunc
3624 3831 3714 3885 di-

2114 3931 2244 3979 cunt
2260 3939 2318 3981 se
2338 3931 2505 3978 totum
2525 3922 2813 3992 accepisse,
2840 3922 2891 3976 in
2919 3920 3095 3976 futuro
3121 3936 3180 3975 se
3200 3919 3508 3976 omnimodo
3529 3921 3714 3976 scien-

2117 4018 2187 4072 tia
2230 4030 2428 4072 vacuus
2464 4015 2814 4070 constituunt.
2861 4012 2975 4085 Ego
3013 4013 3207 4082 quippe
3231 4012 3321 4082 qui
3354 4012 3477 4068 dico
3512 4029 3606 4067 me
3643 4031 3712 4068 ex

2118 4116 2267 4178 parte
2295 4120 2620 4177 cognoscere
2642 4146 2658 4171 ,
2689 4104 2789 4159 etsi
2817 4103 2990 4159 dicam
3019 4102 3157 4157 hanc
3182 4102 3459 4157 scientiam
3489 4102 3716 4157 destru-

2115 4208 2260 4255 ctum
2295 4197 2363 4253 iri
2387 4239 2401 4262 ,
2447 4197 2500 4252 in
2539 4196 2731 4251 melius
2757 4209 2822 4250 ac
2846 4193 3132 4266 perfectius
3161 4193 3493 4264 progredior,
3520 4202 3716 4263 utpote

2114 4306 2259 4357 cum,
2284 4289 2550 4345 destructa
2569 4286 2869 4357 particulari
2886 4285 3124 4348 scientia,
3144 4285 3429 4355 perfectior
3453 4285 3713 4339 accedat:

2115 4381 2203 4436 ille
2226 4396 2357 4436 vero
2381 4379 2471 4450 qui
2495 4377 2623 4432 dicit
2648 4392 2707 4432 se
2733 4385 2920 4441 totam,
2949 4375 3384 4430 omnimodamet
3410 4373 3715 4444 perfectam

2116 4474 2314 4530 habere
2354 4470 2630 4528 scientiam
2656 4513 2671 4537 ,
2711 4479 2762 4523 et
2804 4479 2983 4539 postea
3016 4467 3204 4522 fatetur
3228 4469 3393 4536 ipsam
3441 4467 3493 4519 in
3527 4466 3717 4523 futuro

2116 4565 2443 4621 destructum
2482 4562 2582 4629 iri,
2609 4577 2668 4618 se
2694 4560 2918 4618 scientia
2943 4574 3169 4615 vacuum
3199 4557 3432 4612 futurum
3458 4572 3587 4613 esse
3614 4558 3717 4614 de-

2116 4660 2285 4715 clarat
2302 4700 2317 4725 ,
2346 4673 2467 4713 cum
2491 4658 2605 4712 haec
2631 4655 2950 4712 destruenda
2969 4697 2984 4723 ,
3011 4655 3261 4725 nbllaque
3284 4653 3386 4708 alia
3415 4653 3718 4724 perfectior

2116 4751 2413 4807 inducenda
2438 4749 2548 4804 sit:
2577 4748 2836 4818 siquidem
2860 4746 2976 4803 haec
2998 4746 3290 4802 secundum
3320 4746 3443 4800 illos
3470 4746 3717 4815 perfecta

2118 4844 2340 4900 scientia
2373 4852 2475 4897 est.
2515 4841 2788 4896 Videtisne
2823 4854 2930 4909 quo
2959 4847 3147 4909 pacto,
3176 4837 3302 4892 dum
3340 4852 3399 4891 se
3421 4846 3596 4891 totum
3631 4837 3718 4892 hic

2118 4935 2316 4990 habere
2340 4932 2686 4999 contendunt,
2709 4945 2881 5000 neque
2901 4929 2988 4985 hic
3010 4928 3303 4993 obtineant,
3333 4937 3495 4998 atque
3520 4928 3637 4984 illic
3660 4947 3720 4982 se

2119 5035 2231 5084 toto
2255 5024 2587 5082 destituant?
2616 5022 2843 5078 Tantum
2885 5021 3090 5077 scilicet
3126 5020 3319 5076 malum
3358 5029 3443 5074 est
3472 5019 3620 5075 intra
3654 5021 3715 5074 li-

2183 5205 2202 5236 ι
2238 5201 2324 5252 Alii
2364 5209 2508 5265 post,
2530 5200 2784 5266 exempta,
2818 5198 2998 5266 addunt
3017 5232 3033 5256 ,
3056 5193 3350 5266 conﬁrmans
3388 5195 3522 5266 quod
3568 5197 3717 5266 enotuit

2118 5258 2391 5339 ostendere".
2412 5270 2464 5313 In
2482 5258 2644 5314 Morel.
2664 5258 2796 5324 haec,
2814 5259 3102 5325 conﬁrmans
3125 5258 3253 5323 quod
3278 5258 3420 5308 coluit
3434 5260 3709 5318 ostendere,

2117 5327 2474 5381 desiderantur.

2184 5393 2205 5423 ³
2238 5399 2339 5454 Duo
2366 5397 2473 5440 Mss.
2498 5387 2720 5454 habent:
2754 5385 2977 5437 Videmus
3007 5394 3312 5454 vero
3332 5395 3422 5454 per
3459 5382 3715 5454 speculata

2120 5460 2167 5506 οι
2205 5451 2499 5525 avitam-Ian
2520 5450 2665 5525 (tabe
2685 5444 3241 5525 "‘.','"?!‘I"E£JE£"3£‘_"{'£

2122 5505 3713 5637 ⁰’¹ῗτίῖω”⁹“ωξξ²ἑ⁸ἕοῗὲῗαεὲἇῖ¹ιΐη⁴ἕὲῗὲἒῗ³ξανξ“εέ³ιῖ⁸ὧῗῗ¹ἔε.

2122 5652 2231 5692 sunt
2258 5641 2308 5689 in
2332 5638 2517 5696 Morel.,
2540 5636 2631 5687 sed
2653 5634 2896 5688 habentur
2916 5638 2965 5689 iu
2986 5634 3123 5688 savil.
3161 5644 3213 5688 et
3237 5634 3285 5683 in
3306 5634 3522 5683 maxum
3544 5646 3711 5683 manu-

2125 5715 2404 5762 ωτιιωιοιιω
2422 5709 2576 5767 parte.
