3890 6220
35 219 192 275 703

35 352 292 403 (ματα
315 355 330 368 ·
360 337 490 391 ἄνευ
516 335 624 406 γάρ
655 333 860 404 ταύτης
883 334 978 386 καὶ
1001 333 1062 387 16
1090 330 1228 386 εἶναι
1269 333 1364 386 ἀνθ
1376 351 1543 403 ρωποι
1587 349 1782 386 παντε-

35 423 196 488 ILch
246 424 590 494 ἀπολοῦμεν·
626 425 736 476 Τόν
773 423 880 493 γὰρ
911 421 1079 484 Θεὸν,
1123 421 1276 490 φησὶ.
1304 420 1511 489 φοϐοῦ,
1542 421 1638 472 καὶ
1675 426 1782 486 τὰς

35 509 361 578 ἐντολὰς
391 511 578 565 αὑτοῦ
611 512 923 578 φύλασσε,
960 507 1049 560 ὅτι
1077 507 1251 561 τοῦτο
1290 505 1410 572 πᾶς
1450 507 1776 574 ἄνθρωπος.

35 597 121 650 ΕΞ
182 600 387 652 τοίνυν
412 598 568 652 τοῦτὸ
597 600 742 651 ἐστιν
769 597 1074 668 ἄνθρωπος,
1097 597 1159 648 16
1187 594 1468 665 φοϐεῖσθαι
1503 595 1594 648 τὸν
1623 595 1774 657 Θεὸν,

35 684 120 736 τὸ
182 687 260 739 δὲ
293 685 577 755 φοϐεῖσθαι
629 685 719 738 τὸν
765 683 899 737 Θεὸν
940 684 1050 737 ἀπὸ
1083 682 1337 752 γνώσεως
1370 683 1602 750 γίνεται,
1655 685 1687 752 ή
1722 684 1778 735 δὲ

35 775 309 842 γνῶσις
335 775 518 845 μέλλει
545 792 681 828 κατα
691 773 960 846 ργεῖσθαι,
985 773 1167 836 καθὼς
1194 775 1221 826 ό
1244 772 1456 834 ῐιαῦλός
1480 791 1634 843 φησι,
1657 775 1778 825 τότε

35 865 387 927 παντελῶς
417 863 787 933 ἀπολούμεθα,
819 861 1074 930 γνώσεως
1099 862 1198 914 οὑκ
1231 860 1417 932 οῦσης,
1451 863 1545 914 καὶ
1565 860 1633 913 τὰ
1656 860 1776 913 καθ’

35 952 74 1018 ἡ
93 954 248 1020 μᾶς
273 953 330 1005 δὲ
362 953 539 1006 πάντα
563 952 865 1023 οἰχήσεται,
894 950 986 1003 καὶ
1008 950 1116 1002 τῶν
1141 950 1349 1016 ἀλόγων
1375 949 1528 1002 οὐδὲν
1556 949 1777 1018 ἄμεινον

35 1038 488 1111 Βιακεισόμεθα
507 1082 522 1105 ,
545 1040 681 1093 ἀλλὰ
705 1037 884 1107 πολλῷ
903 1040 1103 1108 χεῖρον.
1141 1039 1229 1089 Ἐν
1256 1037 1430 1108 τούτῳ
1451 1037 1559 1107 γὰρ
1589 1037 1777 1090 πλεον-

35 1129 371 1198 εκτοῦμεν
403 1127 582 1182 αὑτῶν
605 1167 618 1190 ,
645 1131 723 1190 ὡς
753 1129 866 1189 τοῖς
903 1143 966 1194 γε
997 1125 1177 1187 ἀλλοις
1219 1125 1389 1178 ἅπασι
1431 1127 1543 1188 τοῖς
1590 1141 1776 1193 σωμα-

35 1219 272 1280 τικοῖς
298 1204 364 1268 ἐκ
388 1214 584 1268 πολλοῦ
613 1213 706 1266 τοῦ
737 1214 1018 1285 περιόντος
1042 1213 1224 1276 αὑτοῖς
1257 1210 1558 1282 νικώμεθα.
1587 1211 1653 1263 Τί
1682 1207 1774 1265 οῦν

35 1301 244 1355 ἔστιν
282 1304 310 1356 ὃ
340 1321 502 1374 φησιν
531 1305 560 1357 6
591 1302 821 1366 Παῦλος,
853 1302 947 1355 καὶ
982 1303 1109 1372 περὶ
1138 1300 1301 1364 τίνος,
1327 1301 1408 1352 ὅτι
1449 1302 1517 1354 Ἠ
1552 1300 1775 1367 γνῶσις

35 1389 652 1459 καταργηθήσεταις
685 1389 758 1441 Οὑ
792 1388 919 1458 περὶ
958 1389 1056 1457 τῆς
1096 1387 1420 1450 παντελοῦς.
1468 1386 1602 1440 ἁλλά
1645 1387 1775 1457 περὶ⁹

35 1477 193 1545 τῆς
228 1477 468 1548 μερικῆς
495 1476 653 1529 τοῦτό
686 1493 839 1546 φησι,
872 1476 1212 1546 κατάργησιν
1241 1473 1339 1544 τὴν
1368 1474 1460 1526 ἐπὶ
1484 1475 1546 1526 16
1568 1473 1774 1542 βέλτιον

35 1564 325 1631 πρόοδον
350 1563 545 1631 λέγων,
583 1563 658 1626 ώς
689 1562 786 1633 τὴν
820 1563 1051 1633 μερικὴν
1085 1562 1538 1632 καταργουμένην
1575 1564 1772 1632 μηκέτι

36 1648 233 1702 εἶναι
273 1650 504 1722 μερικὴν
535 1663 584 1714 α,
622 1651 760 1703 ἀλλά
800 1650 1034 1704 τελείαν.
1069 1650 1337 1720 Καθάπερ
1375 1651 1486 1720 γάρ
1513 1653 1546 1720 ή
1587 1649 1772 1719 ἡλικία

35 1738 181 1790 τοῦ
226 1738 442 1791 παιδίου
474 1741 848 1809 καταργεῖται,
879 1740 979 1792 οὑκ
1008 1737 1410 1807 ἀφανιζομένης
1437 1737 1538 1807 τῆς
1561 1736 1768 1799 οὐσίας,

36 1825 204 1877 ἀλλ’
253 1825 629 1897 αὐξανομένης
673 1827 773 1897 τῆς
801 1826 1049 1896 ἡλικίας,
1099 1825 1193 1878 καὶ⁵
1240 1828 1319 1888 είς
1367 1824 1535 1895 ἄνδρα
1567 1824 1772 1876 τέλειον

37 1911 479 1984 ἑκϐαινούσης·
527 1913 670 1966 οὕτω
714 1914 809 1967 καὶ
847 1914 940 1967 ἐπὶ
986 1916 1086 1984 τῆς
1123 1911 1379 1982 γνώσεως
1421 1912 1651 1978 γίνεται.
1707 1912 1773 1964 Ἠ

43 2004 291 2070 μικρὰ,
325 2003 504 2072 φησὶν,
548 2000 686 2072 αῦτη
715 2002 897 2054 οὐκέτι
936 2000 1002 2054 ἂν
1037 2001 1120 2070 εἴη
1153 2002 1347 2072 μικρά,
1383 1998 1471 2052 διά
1507 1998 1617 2052 τῶν
1645 1995 1771 2069 ἐξῆς

37 2089 363 2160 γενομένη
422 2089 631 2159 μεγάλη
657 2106 668 2117 ·
719 2089 876 2141 τοῦτο
927 2089 1042 2142 ἔστι
1086 2089 1182 2154 16,
1224 2087 1629 2157 καταργεῖται·
1677 2087 1770 2138 καὶ

43 2175 252 2228 τοῦτο
275 2175 363 2228 διά
391 2175 498 2228 τῶν
526 2173 653 2246 ἑξῆς
676 2176 1007 2245 σαφέστερον
1035 2177 1166 2244 ἡμῖν
1197 2176 1486 2246 ἐδήλωσεν.
1517 2176 1635 2226 ’Ίνα
1661 2173 1770 2243 γὰρ

41 2262 335 2325 ἀκούσας
378 2262 460 2315 ὅτι
492 2265 880 2332 καταργεῖται,
924 2265 1000 2334 μὴ
1052 2263 1347 2316 κατάλυσιν
1400 2261 1642 2331 παντελῆ
1683 2277 1772 2312 νο-

56 2351 264 2422 μίσῃς
287 2346 448 2413 εἶναι,
483 2350 597 2403 ἀλλ’
629 2348 856 2420 αύξησίν
881 2367 1003 2403 τινα
1025 2351 1121 2404 καὶ
1151 2350 1286 2420 πρὸς
1313 2350 1376 2402 τὸ
1411 2349 1618 2419 βέλτιον
1647 2347 1770 2400 ἐπί-

52 2438 259 2501 δοσιν,
294 2437 464 2491 εἰπὼν
491 2438 890 2506 καταργεῖται,
920 2439 1198 2508 ἐπήγαγεν
1219 2454 1233 2468 ·
1280 2438 1382 2491 Ἐκ
1405 2436 1628 2505 μέρους
1657 2434 1770 2504 γὰρ

53 2525 488 2596 γινώσκομεν,
516 2526 614 2579 καὶ
645 2528 714 2580 ἐκ
743 2523 965 2594 μέρους
993 2524 1481 2594 προφητεύομεν·
1523 2524 1672 2576 ὅταν
1703 2525 1771 2577 δὲ

54 2614 242 2682 ἔλθῃ
274 2615 338 2667 τὸ
362 2614 614 2681 τέλειον,
642 2615 776 2668 τότε
803 2618 867 2668 τὸ
891 2615 960 2668 ὲκ
981 2618 1207 2684 μέρους
1231 2613 1764 2683 καταργηθήσεται·

57 2703 165 2764 ὡς
209 2702 406 2772 μηκέτι
450 2698 590 2756 εἶναι
621 2703 752 2756 αὐτὸ
787 2704 853 2755 ἐκ
889 2703 1090 2773 μέρους
1114 2741 1129 2765 ,
1164 2701 1299 2755 ἀλλά
1329 2701 1551 2754 τέλειον.
1605 2702 1769 2755 Ὥστε

59 2789 145 2840 τὸ
187 2789 376 2851 ἀτελὲς
406 2789 570 2842 αὑτοῦ
601 2791 994 2860 καταργεῖται,
1035 2789 1112 2852 ὡς
1156 2788 1352 2860 μηκέτι
1384 2783 1525 2842 εἶναι
1558 2789 1766 2856 ἀτελὲς,

61 2876 227 2929 ἀλλά
256 2877 482 2932 τέλειον.
519 2878 581 2930 Ἦ
601 2878 777 2930 τοίνυν
802 2877 1138 2948 κατάργησις
1161 2876 1298 2948 αὕτη
1328 2876 1606 2949 πλήρωσίς
1631 2879 1764 2942 ἐστι,

65 2965 183 3015 καὶ
215 2964 352 3034 πρὸς
381 2965 442 3017 16
476 2966 662 3036 μεῖζον
693 2965 952 3029 ἐπίδοσις.

160 3148 233 3209 γ’.
275 3143 385 3195 Καὶ
417 3143 608 3196 σκόπει
647 3161 734 3214 μοι
771 3143 868 3215 τὴν
893 3143 987 3198 τοῦ
1018 3144 1230 3198 Παύλου
1259 3146 1506 3198 σύνεσιν·
1553 3146 1614 3198 οὑ
1658 3144 1768 3216 γάρ

70 3226 237 3290 εἷπε,
264 3228 438 3301 Μέρος
465 3231 826 3301 γινώσκομεν,
850 3232 989 3298 ἀλλ’,
1021 3233 1122 3286 Ἐκ
1138 3231 1359 3302 μέρους
1375 3231 1766 3302 γινώσκομεν,

70 3317 265 3388 δηλῶν
293 3319 374 3371 ὃτι
395 3320 489 3373 τοῦ
517 3321 715 3392 μέρους
735 3322 898 3392 μέρος
924 3323 1244 3394 κατέχομεν.
1279 3324 1427 3393 Τάχα
1449 3323 1766 3393 ἐπιθυμεῖτε

72 3404 343 3468 ἀκοῦσαι,
371 3407 464 3460 καὶ
503 3407 669 3460 πόσον
707 3408 872 3479 μέρος
901 3411 1222 3480 κατέχομεν,
1251 3411 1344 3463 καὶ
1374 3413 1538 3464 πόσον
1574 3410 1768 3464 ὑπολέ-

73 3492 329 3554 λειπται,
363 3498 458 3547 καὶ
491 3497 716 3567 πότερον
748 3497 810 3549 τὸ
842 3498 1004 3550 πλέον
1031 3497 1063 3568 ἢ
1096 3499 1154 3550 16
1181 3498 1400 3551 ἔλαττον
1434 3499 1763 3569 κατέχομεν.

76 3580 298 3634 Οὑκοῦν
348 3581 435 3634 ἵνα
491 3583 668 3656 μάθῃς
714 3584 796 3636 ὅτι
845 3584 906 3636 16
944 3584 1164 3637 ἔλαττον
1209 3585 1489 3655 κατέχεις,
1538 3589 1631 3640 καὶ
1669 3586 1765 3655 οὑχ

75 3669 276 3733 ἁπλῶς
313 3671 374 3724 16
404 3671 642 3735 ἔλαττον,
675 3673 789 3726 ἀλλ’
823 3674 899 3737 ὼς
928 3674 993 3727 ἂν
1029 3675 1172 3727 εἴποι
1200 3692 1282 3738 τις
1323 3675 1381 3728 16
1415 3675 1762 3745 ἑκατοστὸνῆ

77 3758 149 3810 16
187 3759 500 3828 μυριοστὸν,
532 3759 763 3814 ἄκουσον
797 3760 904 3814 τῶν
934 3761 1090 3832 ἑξῆς·
1128 3761 1327 3832 μᾶλλον
1355 3762 1412 3814 δὲ
1449 3763 1576 3834 πρὶν
1607 3763 1638 3832 ἢ
1666 3763 1765 3834 τὴν

78 3846 450 3919 ἀποστολικὴν
483 3848 610 3918 ὑμῖν
646 3849 952 3918 ἀναγνῶναι
979 3849 1180 3920 φωνὴν,
1206 3849 1509 3918 ὑπόδειγμα
1542 3850 1651 3920 ἐρῶ
1677 3850 1766 3902 δυ-

79 3935 320 4004 νάμενον
351 3935 478 4003 ὑμῖν
507 3937 883 4006 παραστῆσαι,
908 3935 984 3999 ὡς
1008 3935 1066 4002 ἐξ
1093 3935 1492 4005 ὑποδείγματος
1514 3932 1762 3997 δυνατὸν,

86 4022 257 4073 πόσον
283 4023 311 4061 b
343 4022 748 4083 ὑπολέλειπται,
775 4025 869 4077 καὶ
896 4023 1061 4076 πόσον
1091 4024 1238 4076 ἐστὶν
1263 4023 1291 4074 ὃ
1321 4022 1622 4091 κατέχομεν
1645 4019 1760 4074 νῦν.

84 4109 260 4161 Πόσον
285 4109 463 4162 τοίνυν
494 4111 611 4162 ἐστὶ
638 4110 700 4163 16
733 4111 896 4182 μέσον
924 4112 1024 4182 τῆς
1057 4110 1358 4182 μελλούσης
1387 4112 1517 4180 ἡμῖν
1543 4108 1766 4180 δοθήσε-

91 4196 218 4250 σθαι
244 4197 519 4265 γνώσεως,
546 4198 762 4268 καὶτῆς
796 4199 1078 4270 παρούσης
1103 4199 1230 4265 νῦν;
1268 4201 1432 4252 Ὅσον
1459 4197 1653 4270 ἀνδρὸς
1678 4215 1766 4249 τε-

88 4285 232 4337 λείου
262 4286 396 4356 πρὸς
423 4286 585 4338 παῖδα
617 4287 917 4357 θηλάζοντα
946 4287 1008 4340 τὸ
1037 4287 1230 4358 μέσον·
1261 4274 1498 4358 τοσαύτη
1528 4286 1636 4358 γὰρ
1663 4285 1764 4356 τῆς

93 4375 392 4444 μελλούσης
425 4375 679 4444 γνώσεως
707 4379 844 4447 πρὸς
873 4379 972 4448 τὴν
996 4378 1327 4450 παροῦσανή
1361 4378 1625 4450 ὑπεροχή.
1655 4377 1766 4430 Καὶ

88 4465 170 4515 ὅτι
214 4462 370 4515 τοῦτό
421 4465 568 4516 ἐστιν
617 4463 852 4535 ἀληθὲς,
902 4466 995 4518 καί
1032 4464 1283 4519 τοσοῦτον
1329 4465 1510 4536 ἐκείνη
1561 4463 1766 4536 ταύτης

91 4550 294 4622 μείζων
317 4551 485 4615 ἐστὶν,
512 4551 673 4615 αὑτὸς
698 4551 903 4620 λεγέτω
928 4553 1090 4607 πάλιν
1113 4556 1141 4607 6
1167 4552 1396 4617 Παῦλος.
1427 4553 1610 4606 Εἰπὼν
1633 4552 1763 4624 γάρ,

101 4640 196 4691 Ἐκ
237 4638 460 4707 μέρους
500 4638 912 4710 γινώσκομεν,
949 4642 1044 4695 καὶ
1084 4641 1404 4713 βουλόμενος
1443 4641 1656 4707 δεῖξαιο
1702 4641 1768 4694 ἐκ

88 4727 257 4779 πόσου
293 4726 526 4797 μέρους,
572 4728 666 4780 καὶ
705 4729 788 4781 ὅτι
826 4729 887 4781 τὸ
933 4728 1271 4800 βραχύτατον
1310 4729 1404 4781 νῦν
1439 4729 1762 4799 κατέχομεν,

87 4816 396 4883 ἐπήγαγεν·
431 4815 569 4868 Ὅτε
607 4815 769 4884 ἤμην
811 4816 1061 4883 νήπιος,
1090 4818 1170 4882 ὡς
1208 4817 1421 4884 νήπιος
1458 4816 1726 4870 ἐλάλουν
1749 4856 1763 4880 ,

89 4903 171 4967 ὡς
190 4901 402 4968 νήπιος
426 4901 579 4974 [447]
594 4905 912 4972 ἐφρόνουν,
935 4905 1014 4970 ὡς
1042 4905 1260 4973 νήπιος
1278 4904 1650 4974 ἐλογιζόμην·
1670 4903 1767 4957 ὅτε

37 5017 40 5024 ~
88 4989 157 5041 δὲ
180 4991 394 5058 γέγονα
418 4990 596 5060 ἀνὴρ,
627 4993 974 5062 κατήργηκα
1002 4995 1076 5047 τὰ
1104 4993 1210 5047 τοῦ
1273 4993 1495 5060 νηπίου
1516 5008 1528 5020 ·
1569 4991 1765 5062 νηπίου

36 5091 40 5100 ³
94 5077 188 5145 μὲν
227 5078 338 5141 ἕξει
371 5079 472 5149 τὴν
516 5079 800 5150 παροῦσαν
831 5081 1032 5150 γνῶσιν
1052 5123 1068 5149 ,
1103 5081 1296 5152 ἀνδρὸς
1326 5081 1383 5133 δέ
1428 5081 1636 5133 τελείου
1666 5078 1766 5149 τὴν

88 5164 283 5232 γνῶσιν
311 5165 414 5236 τὴν
442 5164 740 5236 μέλλουσαν
761 5168 1148 5240 παραϐάλλων.
1174 5169 1285 5223 Καὶ
1311 5169 1411 5222 οὑκ
1435 5163 1608 5231 εἶπεν,
1633 5167 1766 5220 Ὅτε

149 5411 173 5435 ⁸
197 5413 336 5490 μορε
354 5416 510 5465 codex
529 5419 732 5501 πρόοδον
753 5421 932 5479 καλῶν,
957 5424 1024 5477 ὡς
1044 5427 1128 5478 τῆς
1149 5427 1343 5484 μερικῆς
1360 5422 1762 5485 καταργουμένης,

36 5523 42 5552 ι
90 5481 253 5538 μηκέτι
277 5481 393 5544 εῖναι
429 5481 640 5540 μερικήν.
1153 5481 1161 5483 ἡ
1213 5481 1221 5484 ’
1489 5481 1498 5485 ⁷
1526 5481 1532 5482 ί
1604 5481 1612 5484 -
1751 5481 1758 5485 γ

36 5583 42 5596 ,
93 5535 699 5616 ᾼιεὲειιξιίζπαραστῆςαε,
721 5544 786 5597 ὡς
803 5543 857 5616 ’ἐξ
872 5543 1216 5605 ὑποδείγματος
1239 5544 1454 5606 δυνατὸν,
1477 5543 1594 5594 αὑτὸ
1618 5543 1761 5596 τοῦτο

36 5647 40 5660 _
89 5598 145 5646 16
163 5598 455 5659 ζητούμενον,
479 5601 560 5648 καὶ
592 5598 738 5656 δεῖξαι
755 5603 926 5650 πόσον.

36 5711 40 5714 _
155 5658 179 5689 ⁸
203 5658 416 5719 Quatuor
437 5673 554 5712 mss.
578 5667 632 5715 et
649 5661 799 5715 Savu.
821 5664 1018 5719 διδάξαι.

1152 216 1239 270 DE
1281 215 1970 272 INCOMPREHENSIBILI
2010 213 2118 268 DEI
2161 213 2464 269 NATUR.\.
2506 213 2546 266 I.

3447 205 3548 263 70.5

1887 333 2033 402 ήμην
2068 334 2222 388 τεαῖς·
2260 331 2385 390 παῖς
2417 328 2522 397 γὰρ
2549 326 2641 379 καὶ
2665 325 2691 376 6
2721 323 3054 395 δωδεκαέτης
3083 322 3113 361 6
3142 321 3354 391 λέγεται
3410 323 3549 389 ἀλλ’,

1887 419 2022 470 Ὅτε
2038 415 2443 485 {mm-ripam.
2461 413 2550 464 τὸν
2569 411 2786 481 ὑπομάζ
2793 429 2868 463 ιον
2884 411 2979 463 καὶ
2996 411 3075 462 έτι
3091 411 3553 480 γαλακτοτροφού-

1886 522 2042 576 μενον
2070 505 2161 556 καὶ
2185 500 2484 574 θηλάζοντα
2512 502 2644 570 ἡμῖν
2675 498 2972 568 ἐμφαίνων.
3010 495 3132 550 Ὅτι
3164 499 3272 566 γὰρ
3295 501 3327 567 ή
3362 500 3551 570 Γραφὴ

1879 591 2067 644 τοῦτόν
2095 605 2226 659 φησι
2254 589 2470 658 νήπιον,
2500 585 2730 640 ἄκουσον
2757 585 2852 638 τοῦ
2882 585 3100 655 ψαλμοῦ
3125 585 3372 653 λέγοντος
3389 604 3401 617 ·
3431 589 3546 639 Κύ-

1873 695 1987 745 ριε,
2019 680 2052 730 ό
2079 676 2296 743 Κύριος
2321 673 2508 742 ἡμῶν,
2539 673 2619 738 ὡς
2647 673 2996 742 θαυμαστὸν
3023 672 3089 725 τὸ
3121 673 3308 742 ὄνομὰ
3337 691 3452 728 σου
3483 675 3553 726 ἐν

1879 765 2046 833 πάσῃ
2073 763 2146 831 τῇ
2169 761 2265 832 γῇ·
2293 762 2382 814 ὅτι
2408 761 2636 829 ἐπήρθη
2666 760 2703 826 ἡ
2725 759 3205 829 μεγαλοπρέπειά
3234 777 3350 816 σου
3373 765 3553 823 ὑπερ-

1879 846 2001 900 άνω
2027 845 2147 899 τῶν
2167 843 2456 911 οὐρανῶν·
2478 844 2548 896 ἐκ
2572 845 2867 911 στόματος
2892 845 3125 912 νηπίων
3144 844 3240 898 καὶ
3265 848 3551 912 θηλαζ’όν-·

1879 952 1997 988 των
2024 934 2360 1001 κατηρτίσω
2390 932 2497 985 τὸν
2528 928 2722 986 αἶνον.
2769 933 2930 1002 Ὁρᾷς
2962 933 3043 984 ὅτι
3073 932 3164 986 τὸν
3194 934 3386 1004 νήπιον
3415 952 3582 1002 naval

1877 1022 2044 1091 ταχοῦ
2077 1022 2166 1074 16v
2193 1019 2492 1089 θηλάζοντα
2523 1019 2708 1081 καλεῖς
2734 1015 2865 1072 Εἶτα
2888 1017 2965 1089 τῷ
2996 1021 3267 1090 πνεύματι
3301 1021 3551 1091 προορῶν

1877 1109 1984 1162 τῶν
2021 1108 2322 1179 μελλόντων
2353 1105 2561 1177 ἀνδρῶν
2604 1106 2703 1176 τὴν
2735 1107 3138 1176 ἀναισχυντίαν,
3179 1109 3300 1178 οὑχὶ
3341 1108 3419 1178 τῷ
3468 1110 3549 1162 ένὶ

1879 1197 2281 1268 παραδείγματι
2313 1195 2486 1264 τούτῳ
2522 1195 2681 1264 μόνον
2711 1194 2979 1265 ἠρκέσθη,
3018 1197 3154 1248 ἀλλά
3191 1197 3285 1249 καὶ
3309 1196 3549 1267 δευτέρῳ

1876 1285 1972 1336 καὶ
2010 1284 2178 1354 τρίτῳ
2210 1281 2368 1336 τοῦτο
2415 1281 2629 1350 βέϐαιον
2679 1284 2810 1353 ἡμῖν
2854 1283 3093 1351 ἐποίησε.
3141 1283 3406 1354 Καθάπερ
3441 1285 3550 1354 γὰρ

1876 1373 1904 1422 ὁ
1945 1371 2183 1439 Μωῦσῆς
2231 1369 2367 1440 προς
2412 1370 2700 1432 Ἰουδαίους
2729 1369 3193 1440 ἀποστελλόμενος
3235 1370 3402 1440 τριῶν
3448 1387 3550 1438 σητ

1881 1459 2047 1528 μείων
2100 1457 2401 1528 ἐλάμϐανεν
2449 1457 2758 1522 ἀπόδειξιν,
2797 1459 2902 1520 ἵνα,
2953 1457 3050 1511 ἐὰν
3088 1459 3432 1529 ἀπιστήσωσι
3469 1458 3550 1528 τῷ

1877 1545 2146 1614 προτέρῳ,
2176 1545 2275 1614 τῆς
2302 1542 2396 1596 τοῦ
2422 1544 2675 1614 δευτέρου
2707 1545 2891 1613 φωνῆς
2922 1545 3219 1608 ἀκούσωσι,
3259 1546 3324 1599 ἂν
3361 1546 3418 1600 δέ
3454 1548 3548 1598 καὶ

1874 1632 2077 1702 ταύτης
2117 1633 2572 1703 καταφρονήσωσι
2599 1672 2616 1694 ,
2655 1631 2720 1684 16
2746 1632 2926 1703 τρίτον
2961 1632 3343 1702 αἰσχυνθέντες
3376 1651 3547 1686 κατα-

1872 1719 2127 1783 δέξωνται
2161 1719 2254 1773 τὸν
2287 1720 2606 1791 προφήτην·
2647 1718 2790 1772 οὑτω
2827 1721 2921 1773 καὶ
2965 1714 3119 1780 οὗτος
3160 1721 3288 1790 τρία
3334 1720 3547 1790 τίθησιν

1874 1807 2272 1877 ὑποδείγματα·
2313 1806 2372 1859 ἓν
2413 1807 2510 1876 μὲν
2543 1817 2565 1844 θ
2611 1806 2672 1858 16
2718 1805 2812 1859 τοῦ
2861 1807 3098 1872 παιδίου,
3149 1807 3344 1875 λέγων,
3405 1809 3545 1862 ’Ότε

1873 1894 2034 1963 ἤμην
2061 1895 2297 1961 νήπιος,
2333 1895 2413 1961 ὡς
2453 1894 2670 1960 νήπιος
2693 1893 3026 1962 ἐφρόνουν·
3056 1894 3309 1965 δεύτερον
3353 1895 3413 1948 16
3447 1894 3545 1949 τοῦ

1873 1983 2171 2053 ἐσόπτρου·
2202 1983 2295 2036 καὶ
2330 1982 2512 2053 τρίτον
2549 1983 2608 2034 16
2649 1980 2743 2033 τοῦ
2790 1981 3131 2051 αἰνίγματος.
3183 1982 3367 2036 Εἰπὼν
3411 1985 3543 2055 γὰρ,

1875 2069 2003 2122 Ὅτε
2040 2069 2202 2139 ἢμην
2237 2069 2472 2137 νήπιος,
2514 2071 2786 2140 ἐπήγαγε·
2819 2068 3131 2138 Βλέπομεν
3154 2070 3271 2122 νῦν
3302 2070 3376 2124 δι’
3403 2072 3543 2124 ἐσό-

1871 2172 2058 2224 πτρου
2078 2157 2148 2209 ἐν
2170 2158 2486 2228 αἰνίγματι.
2532 2157 2662 2212 Ἰδοὺ
2692 2157 2799 2228 γάρ
2830 2156 3081 2228 δεύτερον
3112 2157 3415 2229 ὑπόδειγμα
3443 2161 3544 2229 τῆς

1872 2243 2153 2314 παρούσης
2176 2243 2492 2309 ἀσθενείας,
2530 2247 2624 2298 καὶ
2660 2244 2754 2298 τοῦ
2785 2244 2950 2315 ἀτελῆ
2983 2244 3082 2316 τήν
3120 2245 3320 2314 γνῶσιν
3362 2243 3504 2300 εἶναι
3529 2263 3543 2276 ·

1869 2331 2048 2401 τρίτον
2074 2331 2236 2386 πάλιν
2262 2333 2322 2385 16
2363 2332 2466 2386 Ἐν
2489 2333 2809 2401 αἰνίγματι.
2843 2333 2954 2385 Καὶ
2979 2334 3088 2403 γάρ
3113 2333 3173 2386 16
3203 2334 3412 2388 παιδίον
3442 2337 3544 2405 ὁρᾷ

1873 2417 1971 2486 μὲν
1998 2417 2168 2470 πολλά
2203 2419 2297 2471 καὶ
2334 2419 2518 2472 ἀκούει
2549 2419 2643 2471 καὶ
2674 2419 3010 2487 φθέγγεται,
3050 2421 3248 2490 τρανὸν
3288 2421 3346 2473 δὲ
3390 2421 3546 2473 οὐδὲν

1869 2502 1993 2556 οὔτε
2029 2506 2162 2574 ὁρᾷ,
2204 2503 2326 2558 οὔτε
2365 2504 2584 2570 ἀκούει,
2638 2505 2762 2557 οὑτε
2816 2504 3150 2574 φθέγγεται·
3207 2507 3302 2558 καὶ
3355 2511 3544 2578 φρονεῖ

1874 2590 1991 2660 μὲν,
2009 2591 2159 2645 οὐδὲν
2175 2591 2230 2644 δὲ
2247 2591 2402 2663 διηρθ
2413 2591 2672 2662 ρωμένον.
2693 2589 2848 2644 Οὕτω
2864 2592 2960 2644 καὶ
2979 2591 3090 2663 ἐγὼ
3105 2589 3220 2646 οἶδα
3234 2594 3334 2664 μὲν
3352 2594 3542 2658 πολλὰ,

1869 2677 1968 2730 οὑκ
1993 2677 2292 2748 ἐπίσταμαι
2321 2680 2378 2732 δέ
2403 2678 2584 2731 αὐτῶν
2611 2679 2703 2731 τὸν
2731 2679 2951 2749 τρόπον.
2986 2678 3106 2732 Ὀτι
3143 2679 3241 2749 μὲν
3266 2680 3374 2750 γάρ
3406 2697 3542 2734 παν-

1868 2764 2033 2834 ταχοῦ
2072 2764 2217 2817 ἕστιν
2255 2768 2284 2818 6
2326 2766 2459 2829 Θεὸς
2500 2761 2638 2829 οἶδα,
2678 2767 2772 2818 καὶ
2812 2767 2894 2818 ὅτι
2926 2765 3062 2827 ὅλως
3106 2765 3222 2819 ἔστι
3266 2765 3542 2837 πανταχοῦ

1867 2847 1982 2904 οἶδα
2003 2868 2018 2881 °
2046 2853 2106 2905 16
2127 2853 2184 2905 δὲ
2214 2852 2330 2915 πῶς
2363 2853 2463 2906 οὑκ
2488 2848 2630 2906 οἶδα·
2667 2853 2749 2905 ὅτι
2781 2852 3018 2924 άναρχός
3043 2853 3158 2906 ἐστι
3182 2853 3278 2906 καὶ
3308 2853 3542 2924 ἀγέννηο

1867 2956 1957 3002 τος
1979 2940 2074 2992 καὶ
2098 2940 2287 3004 ἀΐδιος,
2319 2936 2436 2993 οἶδα
2456 2959 2469 2971 ·
2492 2941 2553 2993 16
2574 2941 2631 2993 δὲ
2658 2941 2775 3003 πῶς
2798 2942 2900 2993 ούκ
2921 2937 3036 2994 οἴδα
3056 2959 3067 2970 ·
3099 2941 3160 2994 ού
3191 2941 3300 3014 γὰρ
3325 2941 3542 3012 δέχεται

1867 3024 2123 3096 λογισμὸς
2154 3027 2347 3079 ειδέναι
2379 3027 2494 3089 πῶς
2535 3022 2644 3079 οἷόν
2677 3043 2735 3078 τε
2784 3027 2972 3080 οὐσίαν
3007 3024 3178 3089 εἶναι,
3225 3028 3362 3098 μήτε
3411 3031 3542 3097 παρ’

1868 3112 2063 3184 ἐαυτῆς
2088 3115 2224 3184 μήτε
2249 3113 2377 3182 παρ’
2400 3113 2586 3184 ἐτέρου
2610 3112 2672 3166 τὸ
2688 3109 2825 3166 εἶναι
2852 3112 3103 3183 ἔχουσαν.
3130 3109 3262 3165 Οἶδα
3287 3113 3369 3166 ὅτι
3395 3113 3548 3180 ἐγέν-

1867 3216 2028 3271 νησεν
2054 3200 2200 3266 Υίὸν,
2223 3201 2282 3252 16
2309 3200 2364 3252 δέ
2390 3200 2504 3263 πῶς
2530 3200 2738 3268 ἀγνοῶ·
2766 3195 2884 3253 οῖδα
2911 3201 2993 3253 ὃτι
3023 3199 3085 3252 16
3110 3199 3334 3270 Πνεῦμα
3357 3201 3416 3266 ἐξ
3447 3202 3546 3256 αὑ-

1866 3287 1983 3350 τοῦ,
1999 3288 2059 3340 τὸ
2079 3288 2135 3340 δὲ
2159 3287 2517 3352 πῶςὲξαὺτοῦ
2541 3289 2641 3342 οὑκ
2663 3288 2980 3359 ἐπίσταμαι·
3002 3288 3267 3359 βρώματα
3299 3288 3464 3342 ἐσθίω
3490 3289 3508 3326 τ
3524 3329 3540 3353 ,

1866 3375 1926 3428 16
1954 3375 2010 3428 δὲ
2044 3377 2159 3438 πῶς
2190 3376 2498 3447 μερίζονται
2533 3376 2611 3439 είς
2644 3375 2883 3445 φλέγμα,
2917 3378 2996 3440 εἰς
3037 3371 3208 3447 αἷμα,
3238 3379 3316 3440 είς
3346 3377 3546 3448 χυμὸν,

1868 3464 1945 3526 είς
1977 3462 2158 3534 χολὴν,
2185 3463 2382 3531 ἀγνοῶ.
2419 3462 2604 3517 Ταῦτα
2642 3463 2787 3536 άπερ
2836 3463 3106 3534 βλέπομεν
3140 3465 3260 3518 καθ’
3303 3465 3544 3535 ἑκάστην

1867 3549 2078 3618 ἡμέραν
2105 3549 2374 3612 ἐσθίοντες
2414 3550 2718 3622 ἀγνοοῦμεν
2738 3594 2754 3619 ,
2783 3552 2877 3604 καὶ
2916 3551 3014 3623 τὴν
3057 3553 3246 3606 οὐσίαν
3283 3554 3377 3607 τοῦ
3406 3553 3548 3607 Θεοῦ

1870 3636 1999 3687 πολυ
2007 3653 2045 3687 π
2051 3644 2154 3706 ραγ
2162 3636 2322 3706 μονοῦ
2331 3654 2428 3707 μεν
2450 3653 2464 3703 ;

1938 3771 1999 3825 δ’.
2025 3773 2135 3826 Ποῦ
2161 3775 2338 3827 τοίνυν
2357 3775 2494 3826 είσὶν
2513 3776 2561 3828 οἱ
2583 3777 2642 3829 16
2661 3779 2768 3831 πᾶν
2785 3778 3146 3848 ἀπειληφέναι
3166 3779 3266 3848 τῆς
3292 3778 3546 3847 γνώσεως

1866 3858 2135 3927 λέγοντες,
2172 3861 2221 3912 οἱ
2268 3862 2404 3932 πρὸς
2456 3862 2517 3914 16
2570 3863 2840 3935 βάραθρον
2874 3867 2972 3936 τῆς
3003 3866 3274 3935 ἀγνωσίας
3300 3884 3545 3920 καταπε-

1868 3947 2086 4012 σόντες;
2125 3950 2185 4001 Οἱ
2218 3947 2326 4019 γάρ
2349 3950 2490 4003 κατά
2521 3950 2581 4003 16
2612 3952 2786 4022 παρὸν
2817 3953 3065 4021 λέγοντες
3093 3953 3454 4024 ἀπειληφέναι
3483 3956 3544 4008 16

1866 4035 1996 4096 πᾶν,
2023 4037 2102 4098 είς
2131 4035 2191 4088 16
2220 4036 2410 4106 μέλλον
2439 4039 2678 4108 ἐρήμους
2706 4040 2933 4104 ἑαυτοὺς
2963 4041 3061 4110 τῆς
3086 4040 3384 4105 παντελοῦς
3412 4043 3544 4096 καθ-

1870 4123 2054 4176 ιστῶσι
2087 4124 2360 4193 γνώσεως.
2381 4126 2521 4195 Ἐγὼ
2556 4128 2653 4198 μὲν
2683 4129 2793 4200 γὰρ
2836 4130 2865 4181 6
2911 4129 3102 4198 λέγων,
3137 4131 3218 4184 ὅτι
3252 4134 3315 4184 ἐκ
3346 4117 3544 4202 μέρους

1867 4213 2143 4281 γινώσκω,
2173 4214 2274 4270 κᾶν
2297 4216 2458 4282 εἴπω,
2479 4218 2559 4270 ὅτι
2582 4221 2937 4291 καταργεῖται
2958 4222 2990 4291 ή
3012 4221 3210 4289 γνῶσις
3231 4221 3392 4292 αὕτη,
3408 4223 3544 4294 προς

1867 4301 1929 4354 τὸ
1979 4301 2188 4372 βέλτιον
2235 4306 2330 4356 καὶ
2374 4306 2704 4376 τελειότερον
2751 4307 2938 4370 ὁδεύω,
2972 4307 3410 4380 καταργηθείσης
3443 4311 3544 4381 τῆς

1871 4389 2104 4461 μερικῆς
2145 4390 2238 4443 καὶ
2270 4392 2569 4462 γενομένης
2599 4393 2938 4463 τελειοτέρας
2956 4411 2969 4424 ·
2999 4396 3205 4458 ἐκεῖνος
3228 4396 3285 4450 δὲ
3315 4399 3343 4450 6
3368 4396 3541 4465 λέγων

1868 4477 2105 4547 παντελῆ
2142 4479 2234 4531 καὶ
2279 4478 2572 4552 ὁλόκληρον
2623 4482 2719 4536 καὶ
2765 4481 2977 4535 τελείαν
3019 4483 3163 4553 ἔχειν
3188 4484 3288 4555 τὴν
3316 4484 3538 4553 γνῶσιν,

1867 4559 1984 4617 εἶτα
2005 4564 2281 4634 ὁμολογῶν
2312 4565 2481 4638 αὐτὴν
2507 4568 2899 4639 καταργεῖσθαι
2931 4573 2988 4623 ἐν
3016 4571 3091 4641 τῷ
3118 4570 3386 4641 μέλλοντι,
3411 4573 3542 4643 ἔρητ-

1871 4667 1968 4720 μον
2010 4652 2203 4704 ἐαυτὸν
2251 4653 2542 4722 ἀποφαίνει
2575 4655 2723 4727 [448]
2757 4656 2860 4727 τῆς
2897 4657 3171 4727 γνώσεως,
3199 4658 3404 4731 ταύτης
3439 4662 3539 4731 μὲν

1868 4739 2337 4812 καταργουμένης,
2367 4741 2560 4813 ἐτέρας
2595 4742 2652 4796 δέ
2680 4743 3016 4817 τελειοτέρας
3041 4746 3142 4799 οὑκ
3174 4747 3538 4820 ἐπεισαγομέ-

1867 4844 1990 4897 νης·
2050 4828 2208 4900 εἴπερ
2267 4829 2404 4900 αὕτη
2466 4833 2582 4885 ἐστὶ
2629 4835 2748 4886 κατ’
2787 4836 2984 4900 αὐτοὺς
3026 4838 3058 4907 ή
3111 4837 3307 4892 τελεία.
3341 4839 3540 4912 Ὀρᾶτε

1871 4913 1986 4977 πῶς
2024 4916 2452 4983 φιλονεικοῦντες
2491 4919 2726 4974 ἐνταῦθα
2762 4923 2822 4976 16
2861 4926 2967 4978 πᾶν
3008 4924 3172 4996 ἔχειν,
3204 4927 3327 4982 οὗτε
3357 4929 3417 4983 16
3445 4933 3535 4985 ἐν·

1869 4999 2040 5053 ταῦθα
2070 5001 2274 5072 έχουσι,
2303 5006 2396 5058 καὶ
2428 5007 2547 5059 ἐκεῖ
2575 5007 2666 5061 τοῦ
2697 5011 2896 5076 παντὸς
2922 5013 3148 5078 ἑαυτοὺς
3174 5017 3493 5074 ἐκϐάλλουσι
3513 5036 3538 5088 ;

1929 5166 1957 5240 (ξ
1980 5169 2238 5240 τζεςιυεξ.
2263 5180 2317 5240 _el
2337 5175 2450 5224 Sav.
2469 5177 2550 5224 καὶ
2573 5179 2598 5226 6
2621 5181 2859 5240 δεκαέτης.

1935 5232 2085 5312 ξ’-έξιὶἐ
2099 5235 2668 5312 ὑποδείγματαιβεβαιῶχ
2691 5242 2718 5289 ὃ
2759 5232 3029 5312 ἑσῇρὺδασε
3053 5247 3215 5312 δεῖξαι,
3249 5249 3296 5298 ἓν
3330 5251 3429 5312 μέν.
3475 5251 3538 5301 III

1868 5291 2181 5372 :“Aqteifihggf
2209 5291 2411 5372 βεϐαιῶν
2436 5291 2463 5347 6
2490 5300 2776 5372 ἐσπούδασε-
2799 5291 3539 5372 δεῖξαι,

1866 5356 2655 5444 Ερὶιέιιὲδὲάρτι
2676 5365 2744 5442 δι”
2757 5356 3088 5444 έςόπτ-ρόυγκαὶ
3105 5356 3535 5444 ⁷αινέάρῇέρςῖβὶᾥξξ

1863 5419 2105 5481 ἀμφότερα
2124 5419 2246 5492 ἔχεις
2274 5421 2332 5467 τά
2348 5419 2676 5492 ὑποδείγματα
2697 5427 2756 5474 τὰ
2778 5419 3008 5485 δηλοῦντά
3039 5447 3116 5478 σοι
3138 5419 3534 5495 τοῦ’(8ἱ‹ῑ)’

1865 5479 2091 5546 εἷναι-τήν
2111 5497 2283 5546 γνωσιν
2292 5498 2377 5546 του
2394 5482 2663 5546 αἰνίγματος
2692 5485 2777 5535 τοῦ
2799 5490 3047 5546 ἐσόπτρου,
3071 5493 3151 5540 καὶ
3174 5492 3258 5541 τοῦ
3275 5497 3461 5546 νηπίου.

1933 5507 1981 5526 ιιι
2006 5507 2029 5525 ίι
2039 5507 2091 5537 ην
2117 5507 2377 5540 γνωυιντου
2394 5507 2663 5546 ιιινιγματος
2692 5507 2777 5535 του
2799 5507 3047 5552 εσοπτρου,
3071 5507 3151 5540 και
3174 5511 3258 5541 του
3275 5507 3461 5552 νηπίου.

1933 5536 1951 5574 ί
1973 5543 2218 5620 Ξρώματα
2458 5552 2516 5620 ει
2532 5551 2788 5620 s_egl1_entia
2827 5564 2980 5620 ugqug
3019 5555 3076 5620 af!
3105 5556 3526 5620 πολυπραγμονοῦ-
3615 5609 3617 5612 .

1863 5618 1947 5663 μεν
1967 5603 2151 5676 σεευρι
2171 5606 2222 5651 in
2249 5603 2424 5676 Morel,
2438 5642 2450 5665 ,
2471 5608 2560 5656 sed
2582 5603 2826 5661 Habentur
2858 5603 2914 5662 in'
2947 5613 3097 5665 Savil.
3140 5620 3194 5666 et
3221 5603 3276 5667 ιιί
3314 5603 3532 5672 ιὶίᾶὶίἧο

1862 5673 2298 5727 manuscriptorum
2325 5673 2480 5728 parte.
