3838 6220
257 170 360 223 ’ῖίῦ
455 233 464 242 ,

249 283 514 338 Τοσοῦτόν
540 288 655 340 ἐστι
686 290 855 341 κακὸν
886 288 948 341 τὸ
981 290 1057 360 μὴ
1092 288 1272 361 μένειν
1298 292 1429 345 εἴσω
1456 290 1566 344 τῶν
1592 292 1733 361 ὅρων
1760 283 1834 342 ὧν
1866 288 1924 351 ἐξ

249 371 422 442 ἀρχῆς
473 373 661 440 ἔταξεν
706 378 836 446 ἡμῖν
880 378 909 429 6
939 376 1091 441 Θεός.
1123 376 1282 430 Οὕτω
1329 379 1426 431 καὶ
1470 379 1499 430 ὁ
1533 377 1705 447 ’Λδάμ
1748 375 1923 428 ἑλπίδι

249 458 493 521 πλείονος
517 460 685 529 τιμῆς
727 461 821 514 καὶ
853 461 950 531 τῆς
994 461 1161 530 οὔσης
1198 460 1487 526 ἐξέπεσεν·
1518 461 1664 515 οὕτω
1708 463 1803 515 καὶ
1832 461 1925 513 ἐπὶ

249 542 356 598 τῶν
383 545 729 617 φιλαργύρων
755 547 960 616 γίνεται
986 562 997 575 ⁸
1027 547 1212 601 πολλοὶ
1237 549 1493 611 πολλάκις
1519 548 1781 618 μειζόνων
1804 548 1926 601 ἐπι-

251 632 548 703 θυμοῦντες
582 636 677 687 καὶ
719 635 786 688 τά
817 636 1060 706 παρόντα
1092 635 1413 690 ἀπώλεσαν’
1455 636 1600 690 οὓτω
1641 637 1737 689 καὶ
1777 627 1922 688 οὗτοι

250 720 657 790 προσδοκῶντες
686 721 921 775 ἐνταῦθα
952 723 1014 776 τὸ
1042 724 1150 776 πᾶν
1180 723 1345 794 ἔχειν,
1370 725 1464 777 καὶ
1498 724 1591 777 τοῦ
1620 723 1819 794 μέρους
1839 720 1923 787 ἐξ·

252 808 467 861 έπεσον.
500 808 591 860 Διὸ
638 810 889 879 παραινῶ
922 809 1146 878 φεύγειν
1176 811 1355 865 αὐτῶν
1386 812 1485 880 τὴν
1521 810 1750 880 μανίαν*
1806 826 1917 879 μα-

250 893 369 958 νίας
419 895 528 965 γάρ
579 895 812 967 ἐσχάτης
845 897 1217 966 φιλονεικεῖνει
1252 897 1450 950 εἰδέναι
1502 898 1554 950 τί
1604 896 1703 966 τὴν
1735 896 1922 949 οὐσίαν

248 982 396 1035 ἐστὶν
424 986 453 1036 6
480 982 631 1046 Θεός.
663 985 772 1037 Καὶ
807 984 895 1037 ἵνα
937 985 1116 1056 μάθῃς
1141 987 1222 1039 ὅτι
1256 986 1453 1056 μανίας
1481 985 1714 1055 ἐσχάτης
1744 984 1920 1050 τοῦτο,

214 1146 218 1150 Δ
250 1069 359 1123 ἀπὸ
390 1069 500 1125 τῶν
534 1071 830 1143 προφητῶν
860 1074 989 1143 ὑμῖν
1011 1074 1169 1127 τοῦτο
1198 1074 1410 1144 ποιήσω
1443 1073 1673 1145 φανερόν
1694 1090 1706 1104 ·
1737 1074 1786 1124 οἰ
1814 1070 1924 1142 γὰρ

198 1210 226 1236 ὦ
251 1159 530 1228 προφῆται
554 1159 614 1211 οὐ
651 1160 809 1229 μόνον
834 1160 888 1212 τί
926 1161 1024 1230 τὴν
1054 1161 1245 1214 οὐσίαν
1275 1160 1423 1214 ἐστὶν
1455 1161 1776 1228 ἀγνοοῦντες
1800 1158 1925 1228 φαί-

204 1247 213 1261 ”
250 1262 454 1310 νονται,
485 1245 621 1299 ἀλλά
651 1247 745 1299 καὶ
772 1248 901 1319 περὶ
939 1249 1037 1318 τῆς
1072 1250 1262 1318 σοφίας
1290 1247 1453 1302 αὐτοῦ
1488 1250 1628 1318 πόση
1660 1249 1748 1310 τίς
1776 1250 1923 1300 ἐστιν

253 1333 521 1404 ἀποροῦσι
541 1348 553 1361 ·
585 1333 761 1388 καίτοι
794 1351 859 1403 γε
891 1337 990 1406 οὐχ
1017 1338 1049 1406 ή
1077 1335 1236 1389 οὐσία
1254 1336 1362 1389 ἀπὸ
1388 1337 1486 1406 τῆς
1513 1337 1724 1405 σοφίας,
1752 1336 1866 1389 ἀλλ’
1889 1337 1922 1406 ή

210 1388 224 1437 1
254 1388 416 1488 σοφία
448 1422 513 1473 ὲκ
541 1421 640 1492 τῆς
665 1388 1051 1485 οὐσίάς.’οςαν
1163 1422 1297 1493 μηδὲ
1320 1388 1926 1493 ταύτην’δύνωῖιοῖιῖαικαζ

250 1506 618 1577 ταλαμϐάνειν
656 1509 705 1561 οί
748 1509 1025 1580 προφῆται
1051 1510 1166 1579 μετ’
1197 1510 1502 1581 ἀκριϐείας,
1544 1510 1717 1581 πόσης
1744 1509 1809 1563 ἂν
1836 1508 1921 1580 εἰη

255 1594 450 1664 μανίας
476 1595 537 1648 τὸ
576 1597 675 1669 τὴν
708 1597 893 1651 οὐσίαν
925 1598 1097 1669 αὐτὴν
1129 1598 1371 1669 νομίζειν
1408 1598 1669 1652 δύνασθαι
1709 1601 1819 1660 τοῖς
1848 1599 1925 1650 οἰ-

252 1680 419 1745 κείοις
443 1682 764 1737 ὑποϐάλλειν
789 1683 1098 1755 λογισμοῖς;
1141 1684 1488 1755 ’Δκούσωμεν
1519 1685 1697 1738 τοίνυν
1740 1684 1793 1738 τί
1823 1702 1925 1755 φη-·

254 1786 338 1822 σιν
364 1771 393 1822 6
420 1772 706 1842 προφήτης
736 1774 866 1843 περ)⁵
892 1772 1062 1841 αὐτῆς
1082 1788 1098 1803 ο
1145 1772 1597 1842 Ἐ’θαυμαστώθη
1628 1773 1667 1840 ἡ
1704 1771 1926 1841 τνῶσίς

252 1872 369 1909 σου
394 1855 463 1921 ἐξ
492 1856 657 1926 ἐμοῦ.
694 1858 911 1912 Μᾶλλον
943 1859 999 1912 δὲ
1029 1858 1288 1930 ἀνωτέρω
1314 1858 1404 1912 τὸν
1423 1858 1581 1927 λόγον
1607 1858 1923 1928 ἀγάγωμεν.

265 1943 814 2014 Ἐξομολογήσομαί
858 1961 978 2011 σοι,
1007 1945 1097 1999 ὅτι
1144 1945 1406 2014 φοϐερῶς
1443 1945 1922 2014 ἐθαυμαστώθης.

254 2030 320 2083 Τί
348 2030 462 2083 ἐστι
489 2031 788 2100 φοϐερῶς;
813 2031 989 2085 Πολλά
1019 2031 1370 2103 θαυμάζομεν
1396 2032 1512 2097 νῦν,
1542 2032 1658 2086 ἀλλ’
1689 2032 1748 2084 οὐ
1791 2033 1927 2102 μετά

256 2116 589 2188 φίϐου,οἷον
635 2121 833 2174 κιόνων
881 2120 1076 2191 κάλλη,
1129 2121 1316 2174 τύπων
1368 2119 1684 2191 ζωγραφίας
1702 2121 1752 2185 ι),
1791 2120 1927 2192 ἄνθη

257 2206 526 2276 σωμάτων
543 2223 557 2237 ⁸
591 2206 947 2278 θαυμάζομεν
974 2207 1137 2263 πάλιν
1160 2208 1263 2279 τῆς
1293 2207 1567 2277 θαλάσσης
1592 2208 1652 2260 τὸ
1679 2207 1925 2278 μέγεθος,

255 2292 466 2346 καὶτὸν
492 2294 719 2364 ἄπειρον
754 2293 933 2364 βυθὸν,
969 2295 1107 2349 ἀλλά
1151 2283 1289 2366 μετὰ
1315 2293 1504 2363 φόϐου,
1534 2295 1662 2347 ὅταν
1697 2294 1835 2365 πρὸς
1869 2294 1929 2347 τὸ

259 2381 420 2450 βάθος
454 2381 881 2452 κατακύψωμεν.
917 2381 1074 2436 Οὕτω
1098 2383 1277 2436 τοίνυν
1304 2383 1400 2436 καί
1420 2384 1450 2435 ό
1482 2382 1766 2453 προφήτης
1796 2381 1931 2453 πρὸς

255 2469 318 2524 τὸ
344 2471 571 2542 ἀπειρον
594 2470 691 2523 καὶ
718 2470 921 2541 ἀχανὲς
944 2471 1181 2538 πέλαγος
1199 2471 1300 2540 τῆς
1326 2469 1420 2523 τοῦ
1449 2468 1584 2522 Θεοῦ
1614 2468 1931 2537 κατακύψας

257 2557 472 2628 σοφίας,
509 2559 603 2612 καὶ
653 2558 981 2628 ἰλιγγιάσας,
1037 2558 1173 2630 μετά
1211 2558 1377 2628 φόϐου
1415 2556 1608 2611 πολλοῦ
1650 2556 1932 2626 θαυμάσας

258 2645 570 2716 ἀνεχώρησε
601 2644 739 2716 βοῶν
769 2646 864 2699 καὶ
895 2645 1069 2714 λέγων
1087 2664 1100 2676 υ
1142 2644 1689 2714 Ἐξομολογήσομαί
1716 2659 1815 2697 σοι
1844 2644 1934 2697 ὅτι

258 2731 523 2803 φοϐερῶς
544 2733 1011 2803 ἐθαυμαστώθης
1029 2751 1042 2764 ·
1071 2732 1373 2803 θαυμάσια
1404 2737 1474 2787 τὰ
1504 2734 1647 2802 ἔργα
1669 2747 1783 2786 σου
1803 2749 1816 2762 ⁸
1842 2733 1935 2786 καὶ

260 2821 421 2874 πάλιν
441 2836 455 2851 ·
503 2820 963 2889 Ἔθαυμαστώθη
994 2822 1032 2889 ἡ
1066 2820 1290 2889 γνῶσίς
1316 2835 1433 2874 σου
1466 2820 1537 2884 ἐξ
1566 2820 1733 2889 ἐμοῦ,
1762 2820 1936 2887 ἐκρα-

257 2906 495 2974 ταιώθη,
526 2908 598 2960 οὐ
626 2906 711 2976 μὴ
738 2906 1001 2975 δύνωμαι
1053 2906 1204 2975 πρὸς
1244 2907 1457 2975 αὐτήν.

329 2994 471 3065 Ὅρα
503 2991 921 3063 εὐγνωμοσύνην
959 2993 1190 3046 οἰκέτου·
1235 2990 1588 3062 Εὑχαριστῶ
1630 3008 1749 3055 σοι,
1783 2991 1934 3061 φησί,

257 3080 345 3134 διὰ
367 3080 542 3142 τοῦτο,
566 3081 646 3132 ὅτι
668 3080 1052 3150 ἀκατάληπτον
1077 3080 1186 3150 ἔχω
1205 3080 1499 3150 Δεσπότηνσ
1524 3080 1584 3133 οὐ
1609 3079 1734 3150 περὶ
1752 3079 1938 3138 οὐσίας

259 3165 492 3221 ἐνταῦθα
517 3165 709 3235 λέγων⁹
731 3166 907 3219 έκεῖνο
932 3166 1030 3236 μὲν
1056 3166 1163 3237 γὰρ
1191 3166 1266 3229 ὡς
1290 3164 1708 3236 ὡμολογημένον
1731 3165 1939 3218 ἀκατά-

258 3255 463 3325 ληπτον
477 3249 617 3307 εἶναι
646 3253 884 3325 παρῆκε·
914 3254 1043 3323 περὶ
1065 3253 1122 3305 δὲ
1146 3252 1240 3305 τοῦ
1269 3252 1543 3323 πανταχοῦ
1573 3254 1822 3323 παρεῖναι
1849 3250 1939 3304 τὸν

259 3342 394 3395 Θεὸν
423 3341 595 3396 ταῦτά
619 3359 777 3411 φησι,
811 3341 1024 3404 δεικνὺς
1055 3341 1136 3393 ὅτι
1161 3340 1283 3393 οὐδὲ
1315 3340 1448 3394 αὐτὸ
1477 3339 1635 3392 τοῦτο
1664 3333 1794 3401 οἶδε,
1822 3337 1940 3401 πῶς

262 3429 539 3498 πανταχοῦ
577 3429 862 3499 πάρεστιν.
893 3428 1016 3482 Ὀτι
1055 3428 1162 3498 γάρ
1188 3427 1317 3495 περί
1345 3426 1536 3479 τούτου
1569 3427 1751 3496 φησὶν,
1776 3425 1939 3478 ἀκουε

262 3515 369 3569 τῶν
398 3515 545 3584 ἑξῆς.
566 3515 699 3567 Ἐὰν
718 3513 918 3568 ἀναϐῶ
944 3516 1031 3578 εἰς
1052 3513 1158 3568 τὸν
1183 3514 1460 3580 οὐρανὸν,
1488 3512 1569 3566 σὺ
1595 3512 1722 3566 ἐκεῖ
1741 3508 1813 3565 εἷ·
1836 3512 1943 3567 ἐὰν

264 3601 498 3657 καταϐῶ
518 3603 605 3667 εἰς
631 3601 740 3654 τὸν
762 3600 935 3667 ᾅδην,
962 3600 1154 3668 πάρει.
1178 3595 1331 3662 Εἶδες
1361 3600 1476 3663 πῶς
1502 3599 1775 3670 πανταχοῦ
1804 3600 1943 3670 πάρ-

264 3705 442 3752 εστιν;
490 3687 628 3740 Ἀλλ’
662 3688 691 3740 6
744 3686 1034 3757 προφήτης
1085 3686 1188 3738 οὐκ
1235 3682 1396 3753 οἶδεν,
1447 3686 1560 3739 ἀλλ’
1599 3686 1803 3757 ἰλιγγιᾷ
1850 3686 1943 3739 καὶ

263 3776 460 3847 ἀπορεῖ
500 3775 591 3827 καί
622 3774 868 3843 φοϐεῖται
911 3773 1070 3843 μόνον
1090 3786 1112 3812 ο
1159 3774 1238 3836 εἰς
1264 3772 1388 3826 νοῦν
1418 3774 1548 3827 αὐτὸ
1580 3772 1791 3837 λαϐών;
1819 3773 1942 3836 Πῶς

263 3858 357 3914 οὖν
404 3862 504 3914 οὐκ
547 3862 782 3933 ἐσχάτης
821 3860 1006 3925 ἀνοίας
1053 3862 1180 3925 τοὺς
1210 3859 1464 3913 τοσοῦτον
1501 3860 1802 3930 ἀπέχοντας
1842 3859 1942 3928 τῆς

270 3949 481 4002 ἐκείνου
516 3948 737 4018 χάριτος
762 3948 933 4019 αὐτὴν
958 3947 1054 4001 τοῦ
1082 3945 1216 4001 Θεοῦ
1239 3946 1712 4019 πολυπραγμονεῖν
1739 3945 1837 4016 τὴν
1856 3946 1946 3997 οὐ-

267 4037 389 4090 σίαν
413 4054 427 4102 ;
465 4035 658 4090 Καίτοι
685 4028 843 4099 οὗτός
866 4038 1013 4089 ἐστιν
1039 4038 1066 4090 6
1088 4036 1376 4106 προφήτης
1407 4037 1435 4087 6
1465 4033 1638 4102 λέγων
1657 4050 1670 4063 ·
1703 4031 1781 4086 Τὰ
1804 4031 1947 4099 ἄδη-

263 4127 347 4178 λα
373 4123 575 4177 καὶτὰ
609 4123 830 4192 κρύφια
875 4122 987 4191 τῆς
1026 4123 1247 4191 σοφίας
1291 4137 1407 4175 σου
1449 4118 1765 4187 ἐδήλωσάς
1799 4137 1903 4189 μοι
1933 4138 1947 4153 ο

267 4211 381 4265 ἀλλ’
412 4211 564 4280 ὅμως
610 4209 679 4262 τὰ
727 4209 898 4279 ἄδηλα
942 4209 1037 4262 καὶ
1086 4209 1155 4261 τά
1201 4207 1405 4279 κρύφια
1436 4209 1533 4277 τῆς
1563 4207 1753 4276 σοφίας
1781 4205 1945 4260 αὐτοῦ

272 4295 487 4369 μαθὼν,
525 4297 656 4367 περὶ
687 4296 857 4366 αὐτῆς
905 4296 1040 4365 φησι
1077 4293 1302 4365 ταύτης,
1332 4294 1413 4347 ὅτι
1460 4294 1684 4365 ἄπειρός
1715 4293 1799 4357 τίς
1830 4295 1945 4346 ἐστι

267 4387 364 4439 καὶ
391 4383 796 4455 ἀκατάληπτος.
818 4381 1020 4451 Μέγας
1046 4382 1155 4452 γὰρ
1179 4386 1211 4437 ὁ
1239 4381 1474 4449 Κύριος,
1500 4381 1653 4450 φησὶ,
1679 4382 1776 4434 καὶ
1794 4378 1945 4451 [449]

268 4472 497 4543 μεγάλη
527 4473 565 4539 ἡ
592 4470 772 4539 ἰσχὺς
796 4469 1004 4533 αὑτοῦ,
1029 4471 1127 4523 καὶ
1156 4468 1263 4537 τῆς
1285 4468 1593 4532 συνέσεως
1620 4468 1805 4522 αὐτοῦ
1837 4469 1947 4521 οὐκ

269 4562 443 4614 ἔστιν
480 4558 746 4627 ἀριθμὸς,
784 4558 1080 4618 τουτέστιν,
1106 4557 1205 4609 οὐκ
1246 4555 1361 4608 ἔστι
1408 4555 1731 4625 κατάληψις.
1761 4555 1825 4606 Τί
1857 4553 1946 4606 λέ-

271 4663 424 4715 γεις;
466 4647 500 4715 ή
546 4646 706 4714 σοφία
739 4643 1122 4714 ἀκατάληπτος
1153 4644 1231 4714 τῷ
1264 4644 1538 4714 προφήτῃ,
1569 4642 1664 4696 καὶ
1716 4643 1750 4712 ἡ
1791 4641 1949 4694 οὐσία

272 4738 408 4805 ἡμῖν
438 4733 795 4803 καταληπτή;
831 4728 941 4805 ἆρα
983 4733 1042 4785 οὐ
1072 4732 1283 4802 φανερά
1314 4731 1452 4801 αῦτη
1478 4733 1510 4802 ὴ
1548 4730 1714 4801 μανία
1738 4746 1751 4794 ;
1778 4730 1810 4799 ἡ
1855 4746 1950 4798 με-

273 4819 563 4890 γαλωσύνη
609 4819 774 4873 αὐτοῦ
818 4821 918 4873 οὐκ
946 4818 1058 4891 ἔχει
1088 4819 1280 4893 πέρας,
1306 4820 1399 4873 καὶ
1433 4819 1530 4888 τὴν
1567 4817 1752 4871 οὐσίαν
1783 4817 1948 4870 αὐτοῦ

278 4906 643 4979 περιγράφεις
664 4924 678 4973 ;

348 5071 409 5119 ε’.
433 5063 620 5118 Ταῦτα
645 5062 740 5116 καὶ
759 5063 787 5114 ὁ
820 5062 1043 5125 Ἡσαΐας
1073 5060 1376 5130 φιλοσοφῶν
1404 5059 1578 5127 ἔλεγε·
1601 5059 1719 5127 Τὴν
1742 5057 1952 5128 γενεὰν

278 5151 464 5208 αὑτοῦ
498 5151 589 5217 τίς
618 5148 969 5220 διηγήσεται
986 5167 1004 5212 ;
1031 5149 1145 5201 Οὐκ
1174 5143 1328 5199 εἷπε·
1360 5147 1452 5210 Τίς
1481 5147 1765 5217 διηγεῖται,
1793 5144 1947 5210 ἀλλά,

343 5361 370 5389 ⁸
397 5359 503 5408 Duo
525 5372 638 5407 mss.
667 5357 834 5419 μανίαν
854 5358 943 5417 γὰρ
967 5354 1113 5415 ἔγωγε
1136 5352 1267 5413 οἶμαι
1289 5351 1494 5413 ἐσχάτην
1517 5350 1572 5398 τὸ
1593 5351 1886 5459 ἕιλονεικεῖν.

344 5419 374 5456 b
401 5421 570 5459 Mam];
597 5426 648 5459 et
669 5419 865 5459 nuidam
906 5428 1020 5459 mss.
1062 5414 1221 5459 τύπων
1264 5413 1542 5459 ζωγραφίας.
1628 5410 1743 5459 ενιὶ.
1782 5417 1834 5458 εἰ
1868 5411 1949 5458 alii

344 5419 374 5456 δ
401 5421 571 5468 Morel.
597 5426 649 5467 et
668 5410 876 5479 'quidgm'
898 5410 1020 5479 fnssl
1062 5410 1221 5479 τύπων
1264 5410 1542 5479 ζωγραφίαςρ
1566 5410 1743 5479 _Savil.
1763 5417 1834 5479 ‘el
1853 5411 1951 5479 “alii

283 5481 466 5556 τοίχων,
479 5471 761 5551 ζωγραφίαν.
789 5476 944 5527 Paulo
964 5480 1074 5536 post
1099 5475 1296 5535 quidam
1322 5471 1438 5521 mss;
1466 5471 1708 5528 θαλάσσης
1728 5471 1783 5517 τὸ
1804 5474 1951 5519 πέλα-

286 5559 374 5636 γοὲ
389 5558 633 5650 κὲἒκξῖῗθί
654 5600 852 5661 quidam
878 5610 991 5646 mss.
1014 5596 1094 5645 καὶ
1115 5595 1324 5659 διαπορεῖ
1347 5596 1425 5643 καὶ
1448 5594 1707 5659 θορυϐεῖται
1731 5593 1889 5657 μόνον.

1033 174 1092 233 S.
1127 175 1409 232 JOANNIS
1445 172 1932 233 CHRYSOSTOMI
1973 172 2297 230 ARCIIIEP.
2339 171 2890 232 CONSTAN‘TINOP.

3595 169 3761 224 70";

2038 289 2133 355 Τίς
2164 290 2532 361 διηγήσεται,
2563 292 2658 345 καὶ
2681 291 2742 343 τὸ
2771 289 2960 361 μέλλον
2991 287 3302 341 ἀπέκλεισε.
3333 286 3445 339 Καὶ
3485 287 3518 338 ὁ
3556 286 3679 355 μὲν
3714 283 3765 322 ἀ

2031 379 2193 432 Δαυῖδ
2219 395 2412 449 φησιν’
2466 376 2917 446 Ἑθαυμαστώθη
2942 375 2980 442 ἠ
3016 373 3239 445 γνῶσίς
3266 387 3381 427 σου
3416 372 3486 437 ἐξ
3515 372 3697 440 ἐμοῦ
3734 388 3759 400 ο

2030 467 2059 518 6
2092 465 2151 518 δὲ
2185 465 2408 526 Ἡσαΐας
2441 465 2540 518 οὐκ
2570 466 2662 531 ἀφ’
2686 462 2878 517 ἑαυτοῦ
2909 463 3066 533 μόνον
3090 463 3275 531 φησιν,
3305 459 3443 513 ἀλλὰ
3467 461 3570 511 καὶ
3598 458 3765 511 ἀπὸ

2032 551 2213 621 πάσης
2252 552 2351 620 τῆς
2387 550 2740 622 ἀνθρωπίνης
2770 552 2984 620 φύσεως
3013 546 3433 603 ἀποκεκλεῖσθαι
3462 547 3570 617 τὴν
3594 546 3711 614 διὴ
3732 572 3769 585 -

2030 654 2192 706 γησιν
2223 637 2449 707 ταύτην.
2468 637 2608 691 Ἀλλ’
2640 637 2859 707 ἴδωμεν,
2892 637 3100 707 μήποτε
3130 638 3159 688 6
3182 634 3393 696 Παῦλος
3420 627 3590 694 οἶδεν,
3615 632 3761 685 ἥτε

2028 725 2092 795 δὴ
2132 725 2376 795 μείζονος
2414 723 2798 787 ἀπολελαυκὼς
2828 724 3049 795 χάριτος
3068 740 3083 753 ·
3115 721 3279 783 αὐτὸς
3310 722 3405 791 μὲν
3433 715 3531 773 οὖν
3563 721 3761 772 ἐστιν

2027 813 2057 865 6
2086 812 2287 879 λέγων·
2328 813 2423 866 Ἐκ
2447 811 2670 881 μέρους
2686 813 3076 882 γινώσκομεν,
3102 810 3197 864 καὶ
3227 810 3296 863 ἐκ
3318 806 3545 878 μέρους
3567 822 3767 872 προσ

2029 900 2386 967 φητεύομεν.
2418 900 2530 953 Καὶ
2567 900 2667 953 οὐκ
2704 898 2935 952 ἐνταῦθα
2965 899 3144 969 μόνον,
3169 896 3305 951 ἀλλά
3329 890 3761 961 uidua-105p

2028 986 2089 1039 οὐ
2123 986 2251 1058 περί
2275 985 2483 1051 οὐσίας,
2510 986 2645 1039 ἀλλά
2680 986 2809 1058 περί
2836 985 3027 1054 σοφίας
3075 985 3169 1038 καί⁵
3196 983 3357 1046 αὐτὸς
3385 981 3769 1049 διαλεγόμε-

2028 1088 2118 1136 νος
2150 1073 2251 1142 τῆς
2284 1074 2342 1126 ὲν
2369 1075 2435 1144 τῇ
2466 1073 2693 1145 προνοίᾳ
2738 1074 3089 1144 φαινομένης,
3119 1072 3180 1124 οὐ
3212 1071 3311 1139 τῆς
3356 1067 3595 1123 καθόλου
3628 1065 3767 1119 λέ-

2029 1177 2129 1227 γω,
2164 1159 2288 1213 καθ’
2316 1160 2384 1230 ἢν
2411 1160 2660 1228 ἀγγέλων
2685 1162 2780 1214 καὶ
2801 1159 3159 1231 ἀρχαγγέλων
3188 1159 3281 1211 καί
3301 1157 3409 1210 τῶν
3429 1156 3548 1210 ἀνω
3573 1170 3759 1224 προ-

2029 1251 2140 1301 νοεῖ
2165 1248 2466 1318 δυνάμεων,
2494 1248 2608 1302 ἀλλ’
2632 1250 2808 1302 έκεῖνο
2831 1249 2930 1321 τῆς
2955 1246 3211 1318 προνοίας
3238 1247 3301 1299 τὸ
3331 1244 3498 1315 μέρος
3519 1241 3763 1307 ὲιξετά⁴

2030 1335 2157 1399 ζων,
2194 1336 2314 1389 καθ’
2333 1336 2362 1389 ὃ
2391 1339 2611 1408 προνοεῖ
2631 1336 2737 1391 τῶν
2762 1337 2819 1388 ὲν
2847 1338 2914 1407 τῇ
2942 1338 3013 1405 γῇ
3039 1333 3361 1405 ἀνθρώπων,
3386 1332 3483 1384 καὶ
3504 1329 3763 1396 ταύτης

2029 1424 2202 1493 αὐτῆς
2234 1424 2397 1477 πάλιν
2431 1424 2615 1494 μέρος.
2643 1423 2778 1476 Οὐδὲ
2800 1421 2908 1492 γάρ
2935 1423 3104 1492 αὐτὴν
3132 1421 3259 1490 ὅλην
3287 1417 3558 1483 ἐξετάζει,
3588 1412 3755 1467 καθ’

2034 1509 2101 1580 ἦν
2128 1511 2407 1564 ἀνατέλλει
2436 1511 2527 1565 τὸν
2560 1511 2732 1581 ἥλιον,
2767 1510 2888 1563 καθ’
2914 1510 2980 1579 ἢν
3023 1508 3201 1579 ψυχὰς
3239 1508 3456 1577 ὲμπνεῖ,
3485 1502 3618 1557 καθ’
3652 1502 3753 1570 ἣν

2032 1595 2263 1666 σώματα
2309 1598 2650 1663 διαπλάττει,
2686 1596 2807 1650 καθ’
2837 1596 2903 1665 ἢν
2950 1595 3138 1667 τρέφει
3181 1594 3309 1656 τοὺς
3341 1592 3437 1645 ἐπὶ
3475 1591 3588 1660 γῆς
3619 1589 3751 1640 ἁν-

2031 1680 2300 1751 θρώπους,
2328 1684 2449 1738 καθ’
2475 1685 2542 1755 ἢν
2573 1687 2869 1756 συγκρατεί
2888 1693 2911 1721 ο
2959 1682 3048 1736 τὸν
3099 1680 3325 1751 κόσμον,
3354 1676 3477 1731 καθ’
3507 1677 3582 1747 ἣν
3621 1675 3745 1737 τάς

2031 1770 2282 1840 ἐτησίους
2330 1771 2516 1825 δίδωσι
2563 1771 2770 1842 τροφάς
2790 1787 2803 1800 ο
2833 1770 2968 1824 ἀλλά
2991 1769 3163 1823 ταῦτα
3191 1767 3368 1821 πάντα
3400 1765 3590 1832 ἀφεὶς,
3625 1764 3743 1815 καὶ

2035 1858 2229 1928 μικρόν
2275 1876 2327 1911 τι
2376 1859 2543 1929 μέρος
2590 1858 2854 1922 ἐξετάσας
2884 1858 2985 1927 τῆς
3020 1855 3275 1927 προνοίας
3318 1850 3510 1915 αὐτοῦ,
3538 1849 3669 1902 καθ’
3695 1850 3745 1900 ὃ

2030 1945 2157 2009 τοὺς
2186 1946 2283 2015 μὲν
2318 1945 2606 2010 Ἰουδαίους
2632 1945 2879 2011 ἐξέϐαλε,
2911 1945 3037 2006 τοὺς
3067 1942 3125 1995 δὲ
3154 1941 3213 2007 ἐξ
3238 1938 3409 1993 ἐθνῶν
3436 1936 3745 2002 εἰσεδέξα-

2032 2047 2112 2095 το,
2142 2034 2236 2085 καὶ
2267 2032 2402 2105 πρὸς
2431 2033 2562 2085 αὐτὸ
2596 2032 2755 2085 τοῦτο
2798 2032 2859 2085 16
2911 2031 3106 2101 μικρὸν
3141 2029 3326 2100 μέρος,
3360 2025 3553 2098 ὥσπερ
3580 2024 3745 2093 πρὸς

2036 2118 2269 2187 πέλαγος
2323 2119 2550 2191 ἀπειρον
2600 2119 2925 2189 ἰλιγγιάσας,
2972 2119 3080 2171 καὶ.
3113 2116 3274 2186 βάθος
3323 2113 3444 2166 ἰδὼν
3489 2112 3727 2182 ἀχανὲς,

2034 2206 2385 2278 ἀπεπήδησεν
2412 2207 2636 2273 εὐθέως,
2662 2207 2756 2260 καὶ
2787 2208 2931 2278 μέγα
2953 2204 3246 2276 ἀνεϐόησεν
3277 2200 3475 2255 εἰπών’
3506 2196 3577 2253 Ὦ
3608 2200 3739 2264 ,βά-

2035 2298 2138 2359 θος
2162 2297 2429 2350 πλούτου
2466 2296 2564 2350 καὶ
2606 2295 2820 2365 σοφίας
2857 2294 2957 2347 καὶ
2991 2292 3265 2364 γνώσεως
3296 2290 3465 2356 Θεοῦ,
3498 2292 3583 2354 ὡς
3613 2288 3726 2341 ἀν·-

2036 2382 2401 2449 εξερεύνητα
2450 2382 2521 2445 τὰ
2558 2382 2812 2451 κρίματα
2862 2380 3072 2435 αὑτοῦ.
3103 2378 3221 2433 Οὐκ
3252 2374 3438 2439 εἶπεν,
3482 2374 3725 2428 Ἀκατά-

2036 2471 2235 2541 ληπτα,
2266 2470 2410 2533 ἀλλ’,
2445 2470 3061 2543 ἈνεξρρεύνηταςΕξδὲ
3081 2466 3439 2539 ἐρευνηθῆναι
3468 2464 3532 2516 οὐ
3563 2463 3724 2515 δύνα-

2037 2576 2147 2622 ται,
2182 2558 2361 2629 πολλῷ
2392 2557 2593 2630 μᾶλλον
2626 2557 3042 2629 καταληφθῆναι
3075 2555 3358 2609 ἀδύνατον.
3382 2552 3495 2605 Καὶ
3543 2550 3723 2613 ἀνεξ-

2040 2647 2338 2714 ιχνίαστοι
2368 2649 2429 2700 αἱ
2474 2647 2602 2701 ὁδοὶ
2640 2646 2846 2699 αὑτοῦ.
2874 2647 2940 2698 Λί
2985 2644 3094 2697 ὁδοὶ
3130 2640 3293 2694 αὐτοῦ
3321 2637 3724 2708 ἀνεξιχνίαστοι

2042 2734 2136 2786 καὶ
2168 2734 2329 2797 αὐτὸς
2358 2729 2725 2803 καταληπτὸςς
2745 2733 2866 2786 εἰπέ
2900 2750 3017 2803 μοι.
3050 2731 3162 2784 Καὶ
3192 2730 3243 2782 τί
3272 2728 3415 2797 λέγω
3441 2724 3725 2805 περὶτῶν

2040 2821 2210 2886 ὁδῶν;
2245 2820 2313 2874 τά
2363 2820 2572 2874 ἔπαθλα
2623 2820 2692 2873 τά
2739 2819 3072 2889 ἀποκείμενα
3123 2819 3255 2888 ἡμῖν
3312 2813 3721 2882 ἀκατάληπτα⁸

2055 2906 2380 2977 Ὀερθαλμὸς
2405 2907 2516 2978 γάρ
2564 2906 2702 2960 αὐτὰ
2745 2909 2857 2961 οὐκ
2895 2906 3079 2969 εἰδεν,
3120 2902 3264 2958 οὐδὲ
3290 2898 3399 2967 οὖς
3426 2900 3724 2968 ἤκουσεν,

2044 2994 2187 3048 οὐδὲ
2219 2995 2320 3047 ἐπὶ
2353 2994 2605 3063 καρδίαν
2629 2994 2942 3061 ἀνθρώπου
2986 2993 3188 3058 ἀνέϐη,
3240 2989 3280 3044 ἃ
3322 2989 3663 3058 ἡτοίμασεν
3696 2987 3725 3037 d

2047 3082 2191 3148 Θεὸς
2221 3081 2347 3147 τοῖς
2370 3081 2684 3151 ἀγαπῶσιν
2719 3083 2924 3136 αὐτόν.
2944 3079 3102 3134 Ἀλλά
3133 3080 3224 3133 καὶ
3255 3081 3288 3150 ἡ
3333 3076 3513 3148 δωρεά
3556 3073 3727 3127 αὐτοῦ

2045 3171 2435 3242 ἀνεκδιήγητος
2461 3186 2473 3201 ·
2509 3169 2691 3239 Χάρις
2721 3169 2828 3240 γὰρ
2870 3167 2949 3234 τῷ
2991 3167 3133 3233 Θεῷ,
3167 3167 3352 3237 φησὶν,
3380 3164 3479 3218 ἐπὶ
3511 3162 3593 3230 τῇ
3619 3162 3729 3216 ἀν-

2045 3271 2372 3342 εκδιηγήτῳ
2405 3271 2594 3325 αὐτοῦ
2631 3268 2835 3338 δωρεᾷ,
2867 3269 2965 3323 καί
2998 3269 3036 3335 ἡ
3068 3268 3274 3336 εἰρήνη
3312 3263 3499 3319 αὑτοῦ
3546 3264 3731 3331 6:18p-

2046 3371 2169 3438 ἐχει
2202 3372 2397 3425 πάντα
2432 3372 2602 3425 νοῦν.
2639 3371 2704 3423 Τί
2734 3370 2941 3437 λέγεις;
2971 3366 3042 3421 τὰ
3082 3366 3324 3438 κρίματα
3362 3361 3526 3417 αὐτοῦ
3567 3362 3731 3425 ἀνεξ-

2048 3459 2333 3528 ερεύνητα,
2357 3460 2413 3511 αἱ
2441 3459 2551 3512 ὁδοὶ
2575 3456 2741 3510 αὐτοῦ
2768 3455 3226 3525 ἀνεξιχνίαστοι,ή
3250 3454 3441 3524 εἰρήνη
3462 3449 3729 3519 ὑπερέχει

2049 3546 2226 3599 πάντα
2251 3545 2395 3610 νοῦν,
2423 3547 2455 3615 ἡ
2484 3545 2663 3615 δωρεὰ
2690 3543 3099 3612 άνεκδιήγητος,
3133 3540 3169 3595 ἃ
3196 3540 3493 3610 ἡτοίμασεν
3526 3541 3558 3589 6
3595 3536 3728 3598 Θεὸς

2048 3634 2160 3695 τοῖς
2192 3633 2479 3699 ἀγαπῶσιν
2510 3631 2673 3684 αὐτὸν
2697 3630 2798 3683 οὐκ
2825 3630 2992 3699 ἀνέϐη
3024 3627 3118 3682 ἐπὶ
3150 3627 3376 3698 καρδίαν
3409 3621 3726 3692 ἀνθρώπου,

2050 3720 2083 3790 ἡ
2132 3718 2489 3790 μεγαλωσύνη
2538 3719 2712 3788 πέρας
2759 3718 2859 3770 οὐκ
2899 3716 3031 3787 ἔχει,
3061 3717 3092 3785 ή
3126 3714 3339 3775 σύνεσις
3366 3709 3601 3781 ἀριθμὸν
3628 3709 3729 3760 οὐκ

2050 3819 2185 3890 ἔχει,
2227 3819 2402 3871 πάντα
2426 3818 2805 3889 ἀκατάληπτα,
2840 3817 2935 3870 καὶ
2966 3814 3128 3876 αὐτὸς
3161 3812 3318 3883 μόνος
3342 3808 3693 3879 καταληπτός
3710 3825 3727 3873 ς

2050 3921 2160 3973 Καὶ
2194 3917 2351 3972 ποίαν
2381 3919 2481 3971 οὐκ
2510 3917 2575 3971 ἂν
2603 3918 2713 3989 ἔχοι
2742 3917 2898 3970 τοῦτο
2938 3916 3133 3987 μανίας
3173 3911 3519 3984 ὐπερϐολήν;
3576 3909 3729 3962 Κάτ-

2051 4023 2143 4077 εχε
2175 4006 2270 4059 τὸν
2296 4005 2598 4077 αἰρετικόν*
2638 4005 2712 4075 μὴ
2745 4006 2890 4075 ἀφῇς
2926 4002 3278 4074 ἀναχωρῆσαι
3298 4016 3310 4029 ·
3346 3999 3499 4051 εἰπέ’
3524 3997 3592 4050 Τί
3621 4014 3732 4067 φη-

2055 4110 2137 4147 σιν
2165 4095 2194 4146 ό
2225 4092 2464 4158 Παῦλος;
2507 4093 2604 4145 Ἐκ
2644 4090 2866 4161 μέρους
2914 4091 3305 4161 γικώσκομεν.
3336 4087 3412 4140 Οὐ
3458 4085 3589 4155 περί
3631 4085 3734 4152 τῆς

2052 4192 2240 4256 οὐσίας
2281 4191 2440 4245 τοῦτο
2480 4191 2649 4261 λέγει,
2688 4193 2872 4261 φησιν,
2903 4190 3038 4244 ἀλλά
3080 4188 3207 4259 περί
3246 4186 3354 4240 τῶν
3379 4184 3729 4252 οἰκονομιῶν.

2054 4292 2303 4346 Μάλιστα
2336 4292 2455 4362 μὲν,
2484 4293 2531 4344 εἰ
2557 4291 2650 4344 καὶ
2682 4290 2809 4361 περὶ
2837 4289 2944 4343 τῶν
2970 4286 3289 4359 οἰκονομιῶν
3314 4282 3379 4358 ἦν
3410 4287 3438 4338 6
3464 4284 3644 4351 λόγος,
3667 4285 3734 4337 ἐκ

2054 4380 2297 4443 πλείονος
2317 4380 2446 4449 ἡμῖν
2468 4377 2782 4449 περιουσίας
2808 4377 2898 4429 καὶ
2927 4375 3069 4429 οὕτω
3099 4375 3167 4427 τά
3194 4374 3486 4444 νικητήρια
3506 4389 3520 4402 ο
3546 4372 3596 4423 εἰ
3620 4371 3734 4441 γὰρ

2055 4469 2110 4521 αἰ
2141 4466 2441 4535 οἰκονομίαι
2470 4465 2860 4535 ἀκατάληπτοι,
2896 4462 3072 4531 πολλῷ
3112 4461 3308 4532 μᾶλλον
3338 4459 3500 4522 αὐτός
3524 4475 3538 4488 ’
3565 4459 3651 4511 ὅτι
3673 4459 3735 4510 δὲ

2055 4553 2289 4608 ἐνταῦθα
2311 4553 2372 4606 οὐ
2408 4552 2538 4624 περὶ⁵
2570 4552 2680 4606 τῶν
2717 4551 3039 4622 οἰκονομιῶν
3072 4566 3257 4620 φησιν,
3297 4547 3430 4601 άλλά
3459 4548 3591 4618 περὶ
3627 4548 3731 4599 αὐ-

2054 4640 2147 4695 τοῦ
2182 4640 2277 4694 τοῦ
2310 4639 2467 4704 Θεοῦ,
2493 4639 2722 4694 ἄκουσον
2745 4638 2854 4691 τῶν
2876 4637 3031 4708 ἐξῆςο
3063 4634 3215 4707 [450]
3241 4632 3408 4686 εἰπὼν
3437 4632 3548 4702 γάρ
3570 4647 3585 4662 ·
3635 4631 3733 4684 Ἐκ

2049 4727 2270 4797 μέρους
2318 4725 2709 4797 γινώσκομεν,
2737 4724 2836 4778 καὶ
2882 4725 2950 4777 ἐκ
2991 4724 3213 4793 μέρους
3252 4719 3728 4789 προφητεύομεν.

2057 4828 2333 4896 ἐπήγαγεν
2353 4842 2365 4855 ·
2396 4827 2551 4893 Ἀρτι
2580 4825 2852 4894 γινώσκω
2872 4825 2940 4879 ἐκ
2969 4822 3215 4894 μέρους,
3240 4822 3372 4875 τότε
3394 4820 3463 4873 δὲ
3486 4820 3721 4889 ἐπιγνώ-

2057 4945 2236 4996 σομαι
2268 4926 2457 4993 καθὼς
2485 4926 2582 4979 καὶ
2612 4926 3017 4995 ἐπεγνώσθην.
3036 4925 3171 4978 Ὑπὸ
3202 4924 3346 4986 τίνος
3373 4919 3466 4975 οὖν
3496 4923 3723 4990 ὲπεγνὼ

2061 5014 2311 5084 σθηςύπὸ
2356 5013 2451 5067 τοῦ
2489 5012 2644 5075 Θεοῦ,
2686 5013 2720 5083 ἢ
2765 5013 2867 5065 ὐπὸ
2915 5012 3024 5066 τῶν
3062 5010 3416 5081 οἰκονομιῶνς
3454 5009 3593 5060 Ὑπὸ
3636 5008 3727 5060 τοῦ

2057 5100 2190 5154 Θεοῦ
2223 5101 2497 5171 δηλονότι·
2537 5100 2725 5152 τοῦτον
2756 5095 2848 5151 οὖν
2880 5101 2974 5152 καὶ
3002 5101 3065 5152 ὲκ
3094 5099 3289 5168 μέρους
3331 5095 3611 5163 γινώσκει.
3630 5096 3725 5147 Ἐκ

2053 5197 2276 5266 μέρους
2301 5197 2358 5250 δὲ
2387 5192 2557 5260 εἷπεν,
2584 5195 2681 5264 οὐχ
2712 5196 2792 5246 ὅτι
2823 5194 2881 5247 τὸ
2914 5195 3010 5264 μὲν
3033 5193 3196 5246 αὐτοῦ
3221 5192 3320 5262 τῆς
3352 5190 3543 5253 οὐσίας
3567 5188 3722 5257 γινώ-

2061 5301 2198 5350 σκει,
2225 5284 2286 5337 τὸ
2321 5283 2377 5337 δὲ
2406 5283 2589 5351 ἀγνοεῖ
2627 5280 2865 5351 (ἁπλοῦς
2890 5280 2998 5352 γὰρ
3024 5284 3053 5334 6
3076 5281 3206 5343 Θεός
3224 5281 3261 5348 )·
3296 5278 3411 5331 ἀλλ’
3442 5276 3626 5346 ἐπειδὴ
3647 5276 3718 5327 ἔτι

2110 5527 2150 5585 ,τι
2174 5524 2272 5575 Alii
2294 5525 2381 5588 ὅρα
2397 5525 2499 5588 πῶς
2515 5524 2570 5571 τὸ
2591 5525 2760 5588 μέλλον
2777 5526 3027 5574 ἀπέκλεισε
3050 5523 3134 5580 τὴν
3155 5522 3388 5582 διήγησιν·
3413 5519 3495 5567 καὶ
3519 5520 3545 5566 6
3566 5517 3659 5580 μέν.

2128 5591 2151 5617 θ
2180 5588 2313 5637 Unus
2327 5586 2484 5636 habet
2505 5586 2770 5648 συγκροτεῖ.
