3854 6222
149 190 248 248 105

142 308 296 362 mites
323 322 428 361 non
464 321 677 361 manere
697 347 709 371 ,
739 323 872 377 quos
914 321 940 361 a
971 309 1230 379 principio
1268 311 1539 366 constituit
1566 313 1718 368 nobis

145 398 302 453 Deus.
333 399 421 453 Sic
447 408 500 453 et
523 398 690 452 Adam
719 413 815 469 spe
847 400 1118 470 amplioris
1142 443 1158 469 ,
1185 417 1343 472 quem
1375 404 1602 459 habebat
1630 405 1726 460 bo-

143 503 324 543 norem
349 487 596 558 perdidit.
627 488 856 559 ldipsum
882 499 936 544 et
961 492 1133 565 avaris
1159 493 1384 548 accidit:
1409 496 1557 550 multi
1583 511 1726 564 srepe

143 580 343 650 majora
369 581 664 649 cupientes,
692 582 974 651 prtesentia
999 583 1308 640 amiserunt.
1342 586 1539 641 Eodem
1567 587 1726 642 modo

143 680 198 725 et
222 671 307 726 isti
335 671 462 726 dum
490 687 547 726 se
573 681 738 726 totum
770 671 858 727 hic
880 675 1090 744 assequi
1118 690 1275 745 posse
1305 686 1550 746 sperant,
1579 688 1727 747 parte

143 776 354 831 quoque
380 761 465 816 illa
492 761 764 817 excidunt.
787 762 1143 829 Quamobrem
1171 764 1356 819 hortor
1383 782 1564 822 eorum
1589 768 1728 822 insa-

144 857 283 908 niam
325 854 842 925 fug—iatiszextremte
889 857 1083 926 quippe
1128 858 1347 913 insaniat
1389 868 1470 914 est
1510 869 1726 915 conten-

144 947 272 1001 dere
299 947 338 1011 ί,
360 945 483 1016 quid
518 947 655 1000 Deus
680 946 972 1000 substantia
1005 947 1075 1000 sit
1102 961 1159 1002 se
1191 948 1351 1016 probe
1380 948 1609 1004 scire.Ut
1637 964 1732 1002 au-

147 1047 253 1091 tem
293 1037 430 1091 scias
476 1037 529 1091 id
571 1044 824 1092 extrema:
865 1037 1148 1093 dementia:
1186 1053 1342 1103 esse,
1385 1054 1415 1092 a
1459 1040 1732 1110 prephetis

145 1127 542 1182 demonstrabo.
581 1127 860 1196 Propheta:
894 1129 1090 1198 quippe
1125 1143 1228 1182 non
1258 1129 1418 1183 modo
1445 1131 1571 1199 quid
1600 1131 1728 1185 sub-

145 1217 340 1271 stantia
366 1217 435 1271 sit
461 1217 708 1287 ignorare
732 1217 995 1281 videnlur,
1023 1218 1118 1274 sed
1141 1218 1282 1273 etde
1307 1220 1565 1289 sapientia
1591 1222 1728 1290 ejus,

145 1319 342 1378 quanta
359 1309 559 1363 scilicet
578 1310 664 1375 sit,
693 1312 895 1364 luerent
919 1328 931 1362 :
957 1325 1276 1380 quamquam
1296 1326 1398 1364 non
1424 1326 1453 1363 a
1477 1313 1730 1381 sapientia

147 1403 475 1468 substantia,
504 1401 599 1456 sed
625 1417 654 1456 a
681 1402 974 1457 substantia
1000 1403 1257 1474 sapientia
1283 1404 1371 1459 sit.
1401 1404 1532 1458 Cum
1556 1414 1732 1458 autem

150 1509 217 1548 ne
255 1493 393 1548 hanc
429 1493 645 1564 quidem
685 1495 961 1564 pr0phetae
999 1503 1246 1549 accurate
1275 1510 1467 1565 capere
1495 1496 1730 1564 possint,

147 1595 360 1656 quanta:
380 1585 664 1640 dementiae
685 1585 840 1641 fuerit
860 1586 1165 1642 existimare
1179 1588 1479 1658 quempiam
1503 1601 1562 1643 se
1580 1603 1736 1658 posse

130 1677 318 1746 ipsam
347 1677 692 1731 substantiam
719 1677 948 1747 propriis
977 1677 1241 1747 subjicere
1271 1679 1600 1734 ratiociniis?
1624 1681 1734 1735 Au-

149 1767 358 1821 diamus
393 1768 552 1838 igitur
587 1767 714 1838 quid
752 1768 821 1822 de
851 1768 940 1822 illa
984 1769 1240 1837 propheta
1269 1769 1452 1824 dicat:
1480 1769 1734 1824 Mirabilis

149 1863 287 1928 facta
313 1868 386 1913 est
409 1860 615 1913 scientia
643 1870 730 1912 tua
753 1876 815 1914 ea:
843 1876 921 1914 me
947 1859 1124 1932 (Psal.
1161 1861 1282 1916 158.
1312 1861 1406 1932 6).
1435 1861 1528 1916 Vel
1562 1863 1736 1932 potius

149 1950 311 2004 altius
334 1965 636 2005 sermonem
662 1959 958 2019 repetamus
988 1969 1000 2004 :
1035 1950 1318 2020 Conﬁtebor
1342 1952 1428 2005 tibi
1445 1953 1564 2022 quia
1593 1953 1739 2006 terri.

151 2040 320 2094 biliter
343 2042 694 2112 magniﬁcatus
715 2057 767 2095 es
793 2041 811 2108 (
840 2040 921 2094 1b.
950 2057 997 2095 υ.
1029 2041 1154 2110 M).
1183 2042 1317 2108 Quid
1348 2052 1426 2098 est
1456 2044 1605 2110 illud,
1635 2053 1735 2098 ter-

147 2130 408 2184 ribiliter?
435 2130 590 2185 Multa
622 2147 761 2186 nunc
789 2133 1065 2197 miramur,
1094 2132 1186 2187 sed
1217 2148 1320 2187 non
1348 2148 1468 2188 cum
1501 2135 1691 2191 timore
1719 2150 1734 2201 ;

140 2223 301 2278 verbi
327 2223 493 2292 gratia
524 2223 888 2278 columnarum
927 2224 1374 2295 pulchritudinem
1396 2269 1410 2290 ,
1453 2227 1737 2298 ﬁgurarum

136 2313 413 2382 picturam
439 2315 460 2346 ³
486 2356 501 2381 ,
534 2314 694 2370 ﬂores
741 2329 1024 2386 corporum
1059 2335 1073 2371 :
1105 2317 1364 2372 miramur
1404 2319 1532 2374 item
1577 2322 1738 2375 maris

152 2404 591 2472 magnitudinem,
610 2406 1004 2477 immensosque
1019 2409 1273 2479 gurgites,
1293 2410 1386 2464 sed
1407 2425 1526 2464 cum
1550 2411 1738 2466 timore

151 2495 366 2563 quando
385 2495 795 2564 profunditatem
815 2497 929 2566 ejus
953 2499 1282 2568 inspicimus.
1303 2499 1391 2554 Sic
1410 2500 1587 2570 itaque
1610 2516 1737 2571 pro-

155 2587 314 2655 pheta
344 2587 398 2641 in
434 2598 640 2642 vastum
666 2597 722 2644 et
753 2589 1072 2645 immensum
1103 2592 1195 2646 Dei
1225 2593 1499 2661 sapientia:
1525 2595 1740 2663 pelagus

153 2679 445 2748 inspiciens
470 2720 486 2746 ,
515 2695 613 2736 ceu
643 2683 899 2752 vertigine
923 2692 1108 2752 captus
1132 2725 1148 2748 ,
1181 2699 1299 2738 cum
1332 2685 1521 2740 timore
1547 2701 1740 2756 magno

153 2780 380 2839 stupens
429 2771 650 2826 recessit
700 2772 936 2827 clamans
961 2814 976 2838 ,
1007 2772 1290 2842 Confitebor
1318 2775 1425 2844 tibi,
1448 2777 1564 2844 quia
1593 2778 1738 2830 terri-

151 2863 320 2918 biliter
343 2866 694 2935 magniﬁcatus
722 2883 793 2933 es,
821 2868 1070 2922 mirabilia
1093 2885 1244 2940 Opera
1271 2880 1393 2938 tua;
1414 2885 1478 2926 ac
1504 2888 1736 2936 rursum,

154 2953 411 3009 Mirabilis
436 2955 571 3024 facta
598 2967 673 3010 est
699 2959 904 3012 scientia
933 2967 1018 3013 tua
1042 2976 1104 3014 ea:
1132 2977 1228 3028 me,
1249 2967 1562 3033 conformata
1583 2972 1673 3029 est,
1697 2974 1742 3016 et

152 3060 257 3098 non
281 3055 452 3114 potero
481 3047 547 3098 ad
572 3064 680 3099 cam
705 3046 808 3119 (Ib.
831 3065 878 3102 υ.
896 3045 982 3121 6).

229 3133 352 3188 Non
381 3135 656 3190 substantia
682 3135 779 3190 Dei
805 3147 997 3192 tantum
1017 3181 1032 3205 ,
1067 3140 1154 3194 sed
1193 3142 1339 3194 etiam
1358 3143 1610 3211 sapientia
1634 3144 1743 3212 ejus

156 3222 431 3294 I’rOphetis
473 3227 1007 3297 incomprehensibilis.
1045 3232 1269 3286 —\’ide
1313 3241 1520 3302 gratum
1562 3233 1740 3287 famuli

153 3316 392 3370 animum
418 3335 432 3370 :
460 3316 580 3371 Ideo
604 3319 802 3387 gratias
829 3319 920 3373 tibi
942 3335 1061 3390 ago,
1087 3321 1274 3390 inquit,
1302 3323 1421 3392 quia
1447 3323 1744 3392 incompre-

141 3404 470 3461 hensibilem
495 3408 661 3464 habeo
683 3409 983 3465 Dominum.
1002 3411 1118 3466 Non
1139 3413 1206 3467 de
1231 3414 1526 3470 substantia
1553 3415 1638 3470 hic
1660 3415 1740 3471 lo-

153 3498 368 3568 quitur:
388 3498 439 3553 id
464 3501 626 3567 enim,
650 3503 800 3572 quasi
821 3503 877 3557 in
898 3503 1142 3559 confesso
1166 3516 1307 3560 esset
1334 3507 1743 3576 incomprehen-

153 3588 314 3644 sibile
337 3604 476 3658 esse,
501 3593 868 3660 prmtermisit:
890 3594 983 3648 sed
1001 3595 1082 3650 his
1105 3594 1338 3650 declarat
1364 3597 1527 3651 Deum
1550 3598 1745 3668 ubique

153 3693 280 3735 esse
299 3720 314 3744 ,
339 3683 624 3737 ostendens
659 3697 718 3738 se
743 3699 914 3754 neque
937 3699 1128 3755 capere
1154 3701 1309 3756 posse
1333 3688 1599 3756 quomodo
1627 3690 1745 3742 ubi-

153 3786 264 3841 que
286 3773 374 3828 sit.
402 3771 532 3828 Nam
553 3776 693 3845 quod
722 3776 820 3831 hac
847 3778 913 3832 de
940 3795 997 3832 re
1021 3779 1266 3850 loquatur
1285 3779 1409 3834 audi
1437 3780 1490 3835 iu
1522 3797 1748 3852 sequen-

155 3861 303 3918 tibus
332 3881 346 3918 :
376 3865 438 3920 Si
463 3867 730 3921 ascendere
759 3869 810 3921 in
836 3870 1036 3935 caelum,
1067 3880 1120 3923 tu
1142 3869 1248 3924 illic
1273 3886 1357 3936 es;
1381 3873 1424 3927 si
1448 3873 1746 3928 descendere

154 3955 211 4006 in
241 3955 492 4023 infernum
511 3998 524 4023 ,
565 3958 705 4013 ades.
739 3959 919 4015 Viden'
957 3961 1226 4032 quomodo
1253 3963 1448 4034 ubique
1477 3964 1650 4018 adsit?
1679 3965 1747 4018 At

155 4046 264 4100 hoc
295 4047 547 4118 proliheta
576 4064 681 4104 non
713 4051 859 4105 novit
883 4093 898 4118 ,
939 4051 1032 4107 sed
1063 4053 1286 4123 caligine
1311 4052 1555 4123 perfusus
1581 4054 1748 4108 lueret

155 4147 214 4190 et
255 4138 403 4191 timet
430 4138 512 4191 vel
544 4154 608 4194 ex
646 4142 754 4209 ipsa
793 4142 869 4196 rei
905 4142 1247 4213 cogitatione.
1284 4143 1562 4212 Quomodo
1592 4144 1747 4214 igitur

157 4242 268 4280 non
298 4243 522 4282 summa:
551 4228 833 4286 dementia:
861 4233 1018 4288 fuerit
1042 4274 1056 4295 ,
1087 4248 1181 4288 eos
1204 4235 1293 4305 qui
1318 4234 1386 4289 ab
1414 4235 1552 4289 illius
1577 4235 1746 4304 gratia

155 4327 364 4372 tantum
382 4321 574 4374 absunt
593 4320 759 4391 ipsam
785 4322 874 4376 Dei
898 4324 1242 4378 substantiam
1260 4325 1466 4380 curiose
1485 4325 1748 4380 scrutari?

156 4409 228 4462 Et
258 4416 433 4462 tamen
477 4409 564 4466 hic
603 4411 717 4480 ipse
751 4421 832 4466 est
875 4413 1131 4483 propheta
1165 4415 1254 4484 qui
1295 4414 1442 4481 dicit,
1470 4413 1676 4469 Incerta
1702 4423 1750 4470 et

157 4503 358 4553 occulta
381 4503 641 4571 sapientia:
669 4519 768 4557 tua:
795 4506 1123 4576 manifestasti
1151 4506 1273 4560 mihi
1301 4506 1320 4577 (
1341 4504 1486 4560 Psal.
1511 4506 1600 4562 50.
1643 4506 1676 4561 8
1705 4506 1745 4578 ).

157 4593 412 4646 Attamen
441 4607 560 4646 cum
590 4592 789 4649 incerta
829 4604 882 4650 et
916 4597 1120 4650 occulta
1163 4597 1436 4667 sapientia:
1478 4597 1592 4666 ejus
1631 4597 1748 4653 edi-

155 4681 412 4751 dicisset,
452 4684 595 4739 illam
634 4686 800 4756 ipsam
840 4687 969 4742 dicit
1003 4687 1312 4742 immensam
1351 4697 1406 4744 et
1444 4689 1749 4760 incompre-

156 4771 479 4829 hensibilem
509 4788 648 4830 esse.
688 4775 820 4830 Nam
859 4793 1073 4848 magnus
1114 4775 1396 4845 Dominus,
1446 4779 1658 4849 inquit,
1703 4789 1749 4833 et

161 4878 357 4934 magna
378 4865 536 4920 virtus
555 4867 664 4938 ejus
679 4907 694 4934 ,
721 4878 766 4920 et
791 4868 1137 4938 intelligentia:
1160 4871 1268 4941 ejus
1292 4887 1393 4925 non
1418 4882 1490 4926 est
1511 4889 1749 4926 numerus

158 4954 179 5023 (
205 4952 355 5008 Psal.
387 4956 503 5010 144.
537 4957 571 5011 5
593 4957 643 5026 );
671 4955 722 5011 id
749 4967 866 5024 est,
903 4973 1008 5013 non
1051 4969 1132 5016 est
1159 4963 1582 5032 comprehensio.
1612 4963 1748 5031 Quid

156 5044 331 5098 dicis?
357 5046 614 5115 sapientia
642 5048 742 5116 ipsi
773 5049 1042 5119 prephetre
1063 5052 1618 5122 incomprehensibilis
1643 5064 1744 5121 est,

156 5143 214 5188 ct
241 5135 538 5192 substantia
567 5139 720 5194 nobis
749 5149 832 5196 est
860 5145 1396 5212 comprehensibilis?
1427 5160 1605 5200 annon
1635 5146 1748 5200 haec

153 5233 343 5293 aperta
372 5225 575 5282 insania
593 5230 713 5284 est?
764 5229 1079 5301 magnitudo
1118 5235 1233 5304 ejus
1254 5249 1359 5289 non
1383 5234 1542 5291 habet
1569 5239 1750 5291 termi-

157 5332 314 5385 num,
347 5328 397 5373 et
427 5327 480 5373 tu
509 5319 860 5378 substantiam
889 5325 1004 5394 ejus
1028 5326 1464 5383 circumscribis?

227 5517 244 5583 ξ
281 5520 380 5566 Duo
401 5525 528 5583 με..
551 5517 788 5572 ἰηεαηίωη
808 5521 937 5574 enim
957 5525 1106 5576 credo
1142 5530 1426 5583 extremam,
1445 5527 1745 5577 contendere.

213 5579 245 5648 _'
279 5579 502 5651 Norelet
522 5583 718 5651 quidam
755 5591 882 5648 Mss,
916 5585 1184 5651 ﬁgurarum
1225 5579 1478 5651 picturam,
1521 5588 1659 5638 savil.
1696 5595 1747 5638 et

160 5639 260 5699 uit,
287 5640 525 5702 parietum
539 5639 802 5705 picturam.

1078 190 1162 246 DE
1202 189 1876 250 lNCOMPREllENSlBiLI
1919 195 2026 250 DEI
2066 194 2366 252 NATURA.
2410 194 2452 250 l.

3305 201 3410 256 τοί

1902 313 1956 367 ες.
1999 314 2122 368 [Lee
2149 313 2310 368 Isaias
2345 328 2553 382 quoque
2593 314 3057 384 philosOphabatm'
3086 319 3167 373 his
3197 321 3370 374 verbis
3397 337 3411 374 :

1833 403 2212 458 Generationem
2229 405 2338 474 ejus
2351 405 2461 474 quis
2477 407 2724 459 enarrabit
2739 406 2888 477 (Isai.
2909 408 2996 463 55.
3015 409 3072 478 8)
3089 410 3113 463 ?
3127 411 3242 464 Non
3254 410 3410 476 dixit,

1831 496 1960 565 Quis
1988 497 2239 551 enarrat?
2264 497 2378 562 sed,
2405 497 2529 563 Quis
2555 499 2822 563 enarrabit,
2853 511 2909 554 ut
2934 501 3166 555 futurum
3194 517 3412 571 prorsus

1832 587 2192 642 excluderet‘.
2222 587 2384 640 David
2402 587 2613 655 quidem
2634 587 2728 651 ait,
2748 589 2997 645 Mirabilis
3013 591 3147 659 facta
3161 593 3415 646 estscien-

1835 677 1904 730 tia
1917 687 2003 730 tua
2018 692 2079 730 ea:
2091 693 2168 730 me
2190 674 2496 746 (Psal.158.
2516 677 2592 748 b);
2612 677 2772 731 Isaias
2790 693 2915 733 vero
2933 694 3037 733 non
3057 695 3083 732 a
3101 681 3274 751 seipso
3298 690 3415 736 tan-

1835 778 1966 831 tum,
1999 766 2092 821 sed
2123 776 2283 839 atota
2311 766 2539 820 humana
2567 776 2752 821 natura
2780 769 2914 822 hanc
2938 771 3293 825 narrationem
3325 786 3413 825 se-

1833 857 1971 912 cludi
1991 859 2157 912 ait.At
2177 857 2449 912 videamus
2468 874 2590 911 num
2612 859 2824 924 Paulus,
2845 869 3025 930 utpote
3049 862 3303 932 majorem
3324 879 3416 916 na-

1835 958 1951 1004 ctus
1969 949 2212 1019 gratiam,
2231 948 2281 1003 id
2300 950 2523 1004 noverit.
2546 949 2638 1003 llic
2658 965 2787 1004 sane
2805 960 2885 1004 est
2902 953 2988 1020 qui
3011 952 3158 1014 dicit,
3178 951 3261 1006 Ea:
3277 963 3420 1022 parte

1835 1039 2199 1109 cognoscimus,
2218 1049 2264 1092 et
2279 1055 2340 1094 ea:
2353 1049 2493 1109 parte
2509 1040 2864 1109 prophetamus
2879 1041 2924 1113 (l
2939 1079 2952 1093 .
2973 1041 3089 1096 Cor.
3111 1044 3196 1097 15.
3215 1041 3293 1114 9).
3309 1043 3417 1097 Ne-
3467 1055 3479 1120 ζ

1835 1145 1939 1199 que
1964 1128 2049 1183 hic
2075 1137 2277 1183 tantum
2295 1171 2308 1195 ,
2336 1129 2428 1183 sed
2453 1129 2576 1184 alibi
2603 1144 2813 1199 quoque
2834 1171 2849 1195 ,
2881 1146 2985 1184 non
3012 1131 3079 1186 de
3099 1133 3416 1197 substantia,

1835 1219 1930 1275 sed
1963 1219 2030 1274 de
2068 1220 2326 1289 sapientia
2375 1220 2600 1290 loquens
2651 1220 2769 1284 illa,
2820 1221 3036 1294 qtnein
3085 1221 3416 1291 providentia

1837 1310 2178 1381 conspicitur,
2207 1310 2399 1365 nonde
2427 1310 2727 1374 universali,
2751 1326 2852 1380 qua
2878 1311 3098 1381 angelis,
3124 1311 3417 1382 archange-

1829 1403 1900 1458 lis
1927 1412 1982 1458 et
2009 1402 2254 1472 supernis
2284 1402 2639 1458 Potestatibus
2671 1403 2963 1473 prospicit,
2996 1402 3090 1458 sed
3121 1403 3263 1479 illam
3291 1418 3418 1472 pro-

1839 1495 2085 1550 videntia:
2113 1505 2316 1565 partem
2347 1495 2654 1564 expendens
2678 1536 2694 1561 ,
2726 1510 2828 1564 qua
2864 1494 3168 1550 hominibus
3198 1496 3250 1550 in
3280 1505 3418 1550 terra

1830 1585 2097 1656 providet.
2127 1585 2309 1655 Neque
2338 1593 2514 1641 tamen
2538 1585 2676 1640 hanc
2701 1594 2865 1640 totam
2893 1586 3181 1650 examinat,
3209 1602 3308 1656 qua
3333 1602 3421 1640 so-

1829 1680 1942 1734 -lem
1975 1678 2101 1732 oriri
2139 1677 2296 1744 facit,
2336 1693 2438 1747 qua
2463 1678 2667 1733 animas
2694 1679 2932 1748 inspirat,
2963 1694 3066 1748 qua
3091 1695 3314 1749 corpora
3341 1682 3420 1751 elf-

1839 1769 2050 1832 l‘ormat,
2078 1784 2180 1837 qua
2209 1767 2450 1823 homines
2477 1769 2571 1823 alit
2599 1769 2652 1823 in
2680 1777 2842 1835 terra,
2871 1785 2974 1840 qua
3000 1770 3254 1824 mundum
3286 1787 3387 1824 con
3405 1801 3420 1811 -

1839 1862 2081 1925 servat’,
2106 1876 2206 1930 qua
2252 1876 2479 1914 annuam
2543 1860 2740 1930 prtebet
2774 1876 2948 1916 escam
2970 1902 2984 1927 ,
3011 1862 3104 1917 sed
3137 1861 3220 1917 his
3246 1862 3422 1916 missis

1839 1953 2106 2019 omnibus,
2135 1966 2365 2022 expensa
2403 1950 2629 2020 quadam
2667 1951 2875 2006 modica
2921 1952 3266 2022 providentiae
3306 1952 3422 2022 ejus

1841 2050 2011 2110 parte,
2052 2057 2154 2110 qua
2188 2041 2400 2097 Iudaeos
2439 2042 2615 2112 ejecit,
2649 2043 2975 2113 gentilesque
3003 2045 3236 2113 recepit,
3265 2055 3318 2100 et
3355 2046 3422 2100 ad

1837 2133 1982 2188 illius
2011 2133 2183 2189 solum
2213 2135 2376 2202 partis
2394 2134 2544 2204 quasi
2572 2133 2640 2188 ad
2671 2134 2918 2189 immensi
2949 2135 3119 2207 pelagi
3147 2145 3420 2204 aspectum

1841 2224 2064 2294 caligine
2097 2225 2356 2294 repletus.
2388 2239 2451 2278 ac
2477 2225 2521 2279 si
2551 2233 2756 2278 vastum
2787 2225 3046 2295 gurgitem
3089 2225 3375 2294 inspiceret
3403 2267 3418 2292 ,

1841 2317 2016 2370 statim
2048 2317 2256 2384 resiliil,
2283 2325 2336 2372 et
2363 2332 2494 2371 voce
2523 2332 2708 2386 magna
2735 2316 3012 2392 clamavit:
3041 2315 3085 2370 0
3105 2317 3316 2370 altitudo
3346 2317 3423 2369 di-

1840 2406 2075 2460 uitiarum
2102 2407 2364 2475 sapientia:
2386 2418 2433 2460 et
2458 2408 2677 2460 scientia:
2718 2405 2844 2474 Dei,
2885 2424 3034 2476 quam
3079 2408 3421 2461 inscrutabilia

1842 2505 1959 2549 sunt
1989 2497 2192 2567 judicia
2220 2497 2327 2568 ejus
2357 2495 2548 2566 (Rcui.
2588 2498 2669 2550 ll.
2701 2497 2841 2566 '55)!
2873 2496 2988 2551 Non
3019 2497 3184 2559 dixit,
3215 2496 3422 2551 Incom-

1843 2586 2237 2656 prebcnsibilia,
2264 2586 2378 2653 sed,
2405 2585 2762 2641 Inscrutabilia
2789 2602 2806 2639 :
2833 2587 2972 2656 quod
2995 2586 3038 2640 si
3067 2588 3288 2640 scrutari
3317 2602 3421 2640 non

1846 2677 2130 2746 possimus,
2157 2678 2323 2732 multo
2350 2678 2524 2731 minus
2550 2675 3001 2747 comprehendere
3027 2691 3324 2744 possumus.
3352 2674 3422 2729 Et

1844 2767 2208 2836 investigabiles
2233 2767 2327 2822 uiae
2351 2768 2478 2836 ejus.
2509 2765 2623 2821 Viae
2653 2768 2768 2837 ejus
2798 2767 3210 2837 investigabiles,
3231 2777 3284 2821 et
3310 2767 3422 2836 ipse

1846 2859 2339 2928 comprehensibilis
2362 2901 2376 2923 ,
2411 2860 2496 2914 dic
2536 2858 2710 2912 mihi?
2751 2859 2952 2930 Ecquid
2980 2859 3046 2914 de
3074 2859 3174 2913 viis
3197 2859 3425 2928 loquor?

1846 2952 2070 3006 Praemia
2098 2952 2251 3008 nobis
2273 2955 2504 3022 reposita
2531 2953 3084 3023 incomprehensibilia
3109 2963 3264 3008 sunt:
3290 2953 3424 3009 Ocu-

1846 3042 1925 3095 lus
1956 3042 2096 3096 enim
2124 3060 2221 3096 non
2247 3043 2390 3108 vidit,
2423 3060 2511 3097 nec
2539 3044 2677 3098 auris
2702 3044 2921 3100 audivit.
2954 3060 3043 3097 nec
3067 3044 3120 3097 in
3147 3060 3233 3097 cor
3257 3045 3421 3098 Itami-

1847 3135 1924 3188 nis
1951 3134 2303 3196 ascenderunt,
2346 3151 2458 3205 qua:
2496 3137 2796 3204 praeparavit
2841 3134 2976 3190 Deus
3016 3133 3334 3205 diligentibus
3373 3151 3424 3189 sc

1849 3225 1922 3294 (Ι.
1949 3224 2065 3278 Cor.
2095 3226 2147 3278 2.
2181 3225 2272 3295 9).
2303 3226 2407 3281 Sed
2436 3226 2630 3281 donum
2661 3225 2775 3296 ejus
2805 3226 3154 3281 inenarrabile
3183 3243 3196 3278 ε
3225 3225 3425 3279 Gratias

1847 3316 1987 3370 enim
2017 3315 2122 3370 Deo
2146 3356 2162 3383 ,
2193 3317 2376 3387 inquit,
2411 3317 2473 3372 de
2496 3316 2821 3372 inenarrabili
2851 3317 2959 3389 ejus
3003 3317 3136 3370 dono
3180 3318 3197 3384 (
3226 3316 3279 3371 2.
3306 3316 3425 3371 Cor.

1846 3403 1900 3460 9.
1921 3406 2031 3472 ‘15);
2055 3415 2128 3472 et,
2154 3405 2268 3460 Pax
2287 3409 2393 3477 ejus
2412 3416 2612 3476 superat
2631 3423 2828 3462 onmem
2842 3407 3144 3460 intellectum
3166 3407 3426 3478 (Philipp.

1847 3495 1901 3549 4.
1930 3496 2009 3566 7).
2036 3496 2171 3562 Quid
2197 3497 2294 3562 ais,
2318 3497 2512 3568 judicia
2539 3497 2654 3567 ejus
2677 3498 3058 3563 inscrutabilia,
3085 3500 3183 3553 via:
3204 3499 3317 3568 ejus
3346 3501 3428 3554 in-

1848 3587 2184 3656 vestigabiles
2208 3629 2222 3654 ,
2270 3603 2370 3657 pax
2397 3589 2512 3656 ejus
2549 3597 2767 3660 superat
2803 3604 3017 3644 omnem
3055 3590 3378 3644 intellectum
3407 3629 3421 3654 ,

1849 3675 2044 3731 donum
2073 3677 2421 3732 inenarrabile
2444 3687 2545 3746 est,
2568 3695 2686 3749 qua:
2707 3681 3020 3751 praeparavit
3047 3680 3185 3736 Deus
3209 3681 3431 3750 diligen-

1849 3768 1989 3822 tibus
2013 3782 2088 3833 se,
2119 3767 2172 3821 in
2198 3782 2289 3822 cor
2319 3769 2550 3824 hominis
2576 3785 2680 3825 non
2706 3771 3079 3836 asCenderunt,
3105 3771 3427 3840 magnitudi-

1848 3861 1932 3915 nis
1955 3860 2072 3930 ejus
2090 3875 2194 3914 non
2216 3870 2298 3916 est
2323 3861 2464 3926 linis,
2484 3862 2775 3931 prudentia:
2795 3863 2910 3932 ejus
2927 3879 3032 3917 non
3053 3875 3135 3917 est
3156 3877 3428 3926 numerus,

1849 3953 2028 4006 omnia
2053 3951 2631 4022 incomprehensibilia,
2662 3955 2774 4023 ipse
2802 3955 2949 4008 solus
2977 3953 3431 4024 comprehensibio

1848 4042 1954 4097 lis?
1974 4044 2154 4113 ecquis
2176 4044 2260 4100 hic
2276 4053 2358 4101 est
2384 4044 2574 4101 furoris
2591 4047 2874 4101 excessus?
2893 4047 3082 4101 Retine
3099 4047 3428 4112 haereticum,

1851 4149 1920 4190 ne
1947 4135 2090 4190 sinas
2115 4136 2260 4192 abire
2285 4155 2299 4191 :
2322 4137 2426 4205 die,
2450 4137 2584 4206 Quid
2607 4139 2679 4192 ait
2706 4138 2942 4193 Paulus?
2965 4138 3048 4192 Ea:
3072 4149 3216 4208 parte
3243 4155 3432 4209 cogno-

1851 4224 2058 4279 scimus.
2096 4225 2210 4280 Non
2250 4225 2318 4281 de
2364 4227 2656 4282 substantia
2679 4269 2693 4295 ,
2736 4228 2940 4298 inquit,
2975 4227 3027 4283 id
3057 4228 3216 4296 dicit,
3248 4227 3340 4283 sed
3368 4228 3434 4281 de

1852 4315 2351 4387 dispensationibus.
2365 4319 2594 4389 Optime,
2608 4320 2652 4374 si
2670 4319 2735 4373 de
2755 4320 3238 4389 dispensationibns
3258 4334 3434 4374 sermo

1853 4415 2015 4473 esset,
2049 4408 2219 4478 major
2249 4409 2403 4464 nobis
2432 4419 2640 4478 pateret
2670 4410 2735 4463 ad
2767 4410 3042 4464 victoriam
3072 4409 3277 4463 aditus:
3311 4423 3436 4464 nam

1853 4499 1896 4552 si
1922 4500 2345 4570 dispensationes
2369 4503 2933 4572 incomprehensibiles
2959 4511 3102 4567 sunt,
3131 4502 3298 4557 multo
3323 4517 3434 4556 ma-

1853 4594 1932 4662 gis
1976 4593 2088 4661 ipse
2126 4610 2138 4644 :
2180 4592 2321 4662 quod
2362 4603 2537 4648 autem
2580 4593 2668 4647 hic
2712 4609 2816 4647 non
2851 4592 2920 4647 de
2953 4591 3437 4662 dispensationibus

1855 4683 2122 4753 loquatur,
2156 4682 2250 4737 sed
2274 4682 2340 4738 de
2365 4684 2480 4752 ipso
2503 4685 2610 4738 Deo
2630 4725 2645 4750 ,
2678 4684 2799 4738 audi
2824 4699 2941 4754 quze
2961 4692 3272 4754 sequuntur.
3303 4683 3433 4739 Cum

1853 4775 1996 4830 enim
2027 4774 2246 4830 dixisset
2269 4815 2283 4837 ,
2315 4773 2399 4828 Ea:
2426 4783 2566 4844 parte
2589 4776 2954 4846 cognoscimus,
2985 4785 3032 4830 et
3057 4791 3120 4830 ea:
3145 4786 3288 4846 parte
3316 4791 3437 4845 pro-

1855 4868 2134 4937 phetamus,
2165 4868 2358 4933 intulit,
2390 4867 2543 4921 Nunc
2567 4884 2813 4938 cognosco
2835 4885 2898 4923 ea:
2921 4877 3061 4937 parte
3083 4909 3098 4935 ,
3123 4877 3241 4922 tunc
3264 4877 3432 4921 autem

1855 4978 2149 5032 cognoscam
2176 4963 2304 5015 sicut
2331 4971 2377 5014 et
2406 4963 2635 5032 cognitus
2662 4978 2792 5015 sum.
2818 4961 2859 5015 Α
2891 4976 2994 5030 quo
3015 4962 3173 5030 igitur
3191 4960 3435 5030 cognitus

1855 5053 1981 5106 est?
2022 5068 2051 5106 a
2099 5053 2207 5106 Deo
2235 5094 2251 5120 ,
2293 5067 2358 5106 an
2403 5068 2430 5106 a
2479 5052 2999 5119 dispensationibus?
3027 5053 3066 5106 Λ
3109 5053 3220 5107 Deo
3258 5067 3432 5106 sane:

1855 5143 2021 5198 Deum
2050 5143 2206 5212 igitur
2226 5157 2297 5198 ex
2324 5153 2473 5211 parte
2492 5145 2781 5213 cognoscit.
2829 5142 2909 5196 Ea:
2949 5151 3090 5213 parte
3113 5157 3241 5197 vero
3267 5141 3431 5210 dixit,

1856 5250 1962 5289 non
1991 5233 2131 5304 quod
2160 5233 2302 5288 aliud
2337 5249 2402 5289 ex
2445 5233 2561 5304 ejus
2605 5233 2899 5289 substantia
2935 5243 3256 5303 cognoscat,
3287 5230 3430 5288 aliud

1859 5327 2063 5397 ignoret
2088 5325 2109 5397 (
2136 5327 2275 5382 Deus
2295 5327 2437 5382 enim
2464 5327 2687 5398 simplex
2711 5324 2830 5400 est)
2857 5343 2874 5393 ;
2917 5327 3009 5382 sed
3050 5325 3192 5396 quod
3221 5322 3434 5396 quidem

1917 5569 1936 5600 ι
1973 5566 2076 5627 Alii,
2093 5567 2202 5617 ride
2226 5569 2456 5628 quomodo
2482 5571 2697 5618 'uturum
2720 5568 3071 5618 enarrationem
3091 5561 3373 5616 excluserit.

1919 5653 1939 5683 ί
1975 5657 2101 5700 unus
2123 5651 2289 5712 habet,
2315 5651 2451 5717 regit.
