3854 6222
442 166 548 222 707

446 286 574 338 sciat
618 285 779 340 Deum
811 301 966 354 esse,
996 286 1118 356 quid
1141 297 1316 342 autem
1351 286 1522 356 quoad
1572 287 1922 342 substantiam
1967 288 2036 343 sit

447 388 656 446 ignoret
679 395 692 433 :
717 377 1022 447 Sapientem
1048 393 1168 433 esse
1191 380 1309 442 scit,
1328 377 1422 433 sed
1446 387 1701 448 quantum
1726 380 1797 433 sit
1821 379 2026 448 sapiens

447 468 618 523 nescit
657 487 670 523 :
719 484 966 539 maguum
1011 483 1130 524 esse
1179 484 1283 524 non
1329 470 1578 538 ignorat,
1614 478 1869 540 quantum
1908 482 2036 522 vero

447 577 670 630 magnus
690 601 704 626 ,
732 566 787 615 et
825 570 1017 631 quanta
1045 561 1115 614 sit
1151 561 1267 629 ejus
1306 560 1612 629 magnitudo
1642 560 1810 615 nescit
1837 576 1854 613 :
1893 559 2035 630 quod

447 653 644 722 ubique
680 657 750 707 sit
793 655 961 716 novit,
1001 668 1108 722 quo
1158 662 1312 723 pacto
1377 662 1552 708 autem
1581 695 1596 720 ,
1649 654 1859 708 nescit:
1894 652 2035 722 quod

453 743 747 812 provideat,
774 743 916 814 quod
941 745 1117 798 omnia
1140 745 1408 799 contineat
1436 753 1490 799 et
1522 754 1766 799 accurate
1794 747 2032 810 servet’,

448 854 552 892 non
595 838 762 892 nescit
787 854 801 901 ;
839 852 948 908 quo
974 848 1152 892 autem
1181 837 1340 892 modo
1386 838 1436 892 id
1468 837 1662 905 faciat,
1692 837 1881 892 nescit.
1910 836 2035 891 ldeo

450 929 660 984 dicebat
684 970 699 995 ,
757 929 837 984 Ea:
870 940 1016 999 parre
1051 931 1418 1000 cognoscimus,
1465 940 1509 984 et
1534 946 1597 984 ea:
1638 939 1783 999 parte
1811 929 2034 999 prophe-

453 1032 634 1076 tamus.

518 1115 574 1169 6.
616 1115 866 1185 Super-nis
896 1115 1046 1168 etiam
1101 1113 1376 1168 Virtutibus
1414 1113 1930 1186 incomprehensibilis
1967 1122 2039 1168 est

452 1206 610 1261 Deus.
643 1237 712 1248 -—
737 1207 955 1274 Verum,
982 1207 1024 1262 si
1061 1207 1251 1277 placet,
1295 1208 1515 1262 dimisso
1538 1208 1702 1264 Paulo
1728 1217 1887 1278 atque
1914 1223 2037 1277 pro-

453 1299 662 1368 phetis,
701 1298 1052 1354 ascendamus
1078 1299 1129 1353 in
1157 1299 1324 1354 caelos
1363 1315 1376 1352 :
1418 1313 1484 1352 an
1523 1299 1655 1352 forte
1693 1299 1924 1368 quipiam
1966 1298 2036 1352 ibi

453 1391 560 1444 sint
593 1389 684 1459 qui
713 1389 806 1443 Dei
836 1388 1183 1443 substantiam
1215 1389 1389 1443 norint
1415 1405 1428 1454 ;
1471 1389 1595 1443 licet
1632 1389 1676 1442 si
1715 1391 1802 1458 qui
1833 1387 1902 1441 ibi
1932 1388 2040 1441 sint

451 1483 538 1551 qui
562 1481 759 1546 norint,
779 1481 908 1536 nihil
938 1489 1219 1536 commune
1250 1481 1524 1536 nobiscum
1542 1479 1738 1536 habent
1758 1500 1770 1536 :
1790 1495 2037 1551 magnum

452 1573 591 1626 enim
620 1572 906 1626 discrimen
936 1572 1154 1642 angelos
1182 1573 1318 1626 inter
1355 1580 1410 1626 et
1449 1571 1710 1627 homines.
1743 1572 1939 1626 Verum
1983 1581 2039 1627 ut

451 1679 517 1717 ex
554 1663 843 1718 abundanti
867 1664 1064 1729 discas,
1097 1664 1297 1718 nullam
1328 1663 1400 1718 ibi
1427 1673 1657 1718 creatam
1681 1664 1941 1719 Virtutem
1985 1663 2037 1718 id

450 1771 608 1810 nosse
637 1798 652 1821 ,
701 1757 844 1825 ipsos
870 1755 1145 1812 audiamus
1189 1757 1430 1826 augelos.
1461 1756 1596 1824 Quid
1644 1755 1847 1826 igitur?
1875 1771 1942 1810 an
1971 1755 2040 1810 de

451 1847 746 1901 substantia
774 1847 949 1901 illaibi
972 1847 1262 1912 disserunt,
1285 1857 1339 1902 et
1363 1847 1708 1917 quaestionem
1736 1856 1918 1901 mutuo
1945 1847 2039 1900 ba-

451 1937 622 1992 bent?
648 1937 897 2003 Minime;
927 1937 1019 1993 sed
1045 1937 1204 2008 quid?
1230 1937 1557 2002 Glorifieant,
1586 1939 1828 2004 adorant,
1851 1939 2041 1993 trium-

453 2029 631 2099 phalia
654 2038 706 2085 et
735 2029 957 2101 mystica
984 2029 1186 2085 cantica
1232 2039 1488 2100 perpetuo
1516 2039 1710 2085 etcum
1740 2031 1906 2085 multo
1931 2041 2040 2084 tre-

454 2134 603 2173 more
635 2120 885 2174 cmittuut
916 2137 928 2173 :
959 2128 1013 2175 et
1046 2120 1133 2175 alii
1159 2121 1373 2191 quidem
1413 2119 1632 2187 dicunt,
1675 2119 1852 2176 Gloria
1876 2121 1931 2176 in
1959 2121 2039 2175 al-

456 2210 658 2264 tissimis
683 2208 794 2263 Deo
825 2208 988 2281 (Luc.
1010 2211 1065 2264 ‘2.
1097 2212 1165 2266 M
1188 2213 1207 2283 )
1235 2227 1249 2277 ;
1282 2210 1560 2283 Seraphin»
1585 2227 1711 2268 vero
1736 2255 1752 2279 ,
1785 2213 2004 2268 Sanctus
2026 2255 2038 2278 ,

453 2311 676 2368 sanctus,
700 2313 902 2358 sanctus
924 2305 954 2376 -(
972 2303 1102 2358 lsai.
1129 2305 1182 2360 6.
1210 2306 1244 2361 3
1272 2303 1314 2377 ),
1343 2314 1397 2360 et
1423 2305 1603 2360 oculos
1631 2312 1896 2374 avertunt,
1918 2321 2040 2360 cum

456 2393 548 2449 Dei
583 2396 723 2450 illam
751 2399 1248 2468 attemperationem
1281 2416 1346 2453 ne
1376 2399 1518 2454 ferre
1547 2399 1762 2469 quidem
1789 2399 2000 2455 valeant
2025 2417 2039 2466 ;

453 2484 739 2542 Cherubim
779 2498 957 2544 autem
982 2531 997 2556 ,
1034 2489 1307 2544 Benedicta
1341 2491 1504 2561 gloria
1545 2492 1655 2562 ejus
1700 2508 1763 2545 ex
1802 2492 1909 2546 loco
1936 2492 2044 2563 ejus

456 2578 476 2649 (
504 2577 689 2633 Esech.
721 2581 773 2634 5.
803 2580 869 2636 12
893 2581 932 2653 ).
961 2581 1076 2636 Non
1116 2583 1256 2654 quod
1296 2584 1414 2638 loco
1441 2599 1573 2653 onus
1602 2585 1670 2638 sit
1701 2585 1828 2649 Deo,
1857 2585 1995 2641 absit
2026 2603 2040 2653 ;

457 2671 549 2726 sed
579 2681 634 2725 ut
655 2671 887 2728 humano
913 2690 1062 2730 more
1088 2675 1350 2744 dicamus,
1372 2677 1688 2748 ubicumque
1716 2679 1806 2743 sit,
1829 2689 1884 2734 et
1912 2695 2042 2750 quo-

456 2762 844 2834 modocumque
872 2765 941 2820 sit
969 2783 983 2818 :
1012 2766 1056 2820 si
1087 2775 1258 2820 tamen
1286 2766 1412 2821 illud
1433 2767 1498 2821 de
1523 2769 1630 2822 Deo
1659 2777 1771 2822 tuto
1795 2770 1896 2824 dici
1922 2787 2044 2841 pos-

457 2853 527 2907 sit
557 2897 571 2920 ,
621 2854 905 2910 humanam
952 2857 1147 2927 quippe
1195 2858 1428 2929 linguam
1486 2858 1762 2916 habemus.
1791 2855 2048 2914 Vidistin’

457 2955 686 3012 quantus
715 2946 876 3002 timor
903 2949 953 3002 in
983 2950 1148 3013 cazlis,
1177 2961 1405 3019 quantus
1430 2950 1764 3021 c‘ontemptus
1785 2953 1836 3008 in
1864 2953 2044 3008 terra?

456 3037 534 3091 Illi
566 3039 866 3108 glorificant
887 3081 903 3108 ,
945 3041 997 3095 bi
1024 3043 1233 3098 curiose
1259 3043 1531 3114 inquirunt
1557 3062 1571 3109 ;
1600 3045 1818 3101 laudant
1846 3046 1918 3100 illi
1943 3087 1959 3112 ,
1988 3047 2041 3100 hi

455 3131 646 3184 multas
676 3142 892 3187 movent
931 3135 1256 3204 quatstiones
1276 3137 1330 3200 ’;
1357 3137 1430 3190 illi
1464 3137 1645 3192 oculos
1670 3137 1960 3208 obtegunt,
1991 3137 2044 3192 hi

455 3220 509 3273 in
538 3221 757 3290 gloriam
788 3223 1193 3277 inenarrabilem
1218 3225 1479 3294 inSpiccre
1501 3226 1839 3296 impudenter
1853 3241 2046 3282 conati.

457 3320 562 3364 tur.
602 3313 736 3377 Quis
773 3329 877 3367 non
928 3315 1284 3384 ingemuerit?
1313 3317 1430 3386 quis
1471 3333 1575 3371 non
1622 3319 1812 3374 luxerit
1859 3335 2044 3375 eorum

459 3398 720 3455 insaniam
741 3413 1141 3475 extremamque
1165 3408 1450 3461 amentiam
1469 3408 1492 3462 ?
1509 3407 1766 3465 Volebam
1790 3426 1902 3465 rem
1925 3427 2046 3481 pro-

455 3489 614 3547 lixius
648 3508 808 3563 agere
838 3512 851 3547 :
883 3494 979 3548 sed
1003 3495 1216 3566 quando
1258 3513 1398 3552 nimc
1439 3499 1667 3568 primum
1697 3499 1752 3554 in
1783 3500 1898 3555 hare
1923 3516 2045 3557 cer-

456 3585 654 3639 tamina
690 3585 984 3654 descendi,
1023 3603 1053 3642 e
1095 3604 1154 3643 re
1189 3589 1340 3644 vobis
1369 3589 1482 3644 fore
1509 3600 1638 3661 puto
1669 3593 1712 3646 si
1754 3593 2046 3663 prtcmissis

454 3675 688 3730 co..tenti
735 3677 849 3731 sitis
871 3720 884 3744 ,
925 3695 992 3733 ne
1020 3693 1205 3734 eorum
1233 3696 1352 3750 qua:
1376 3681 1600 3736 dicenda
1637 3692 1922 3752 supersunt
1949 3700 2044 3739 co-

455 3765 541 3835 pia
563 3806 578 3830 ,
612 3768 788 3842 multo
807 3768 1005 3839 impetu
1032 3770 1325 3826 succedens
1352 3813 1366 3836 ,
1393 3787 1578 3827 eorum
1610 3774 1920 3828 memoriam
1946 3775 2044 3829 de-

457 3857 649 3912 trahat.
683 3857 848 3913 Plane
870 3899 886 3927 ,
926 3860 970 3915 si
1001 3860 1139 3916 Deus
1168 3863 1509 3931 permiserit,
1541 3866 1641 3919 hoc
1668 3875 2042 3935 argumentum

453 3945 544 4000 diu
577 3949 940 4006 tractabimus.
965 3950 1224 4022 Equidem
1246 3953 1354 4023 jam
1386 3954 1588 4023 pridem
1614 3957 1764 4012 vobis
1790 3958 1888 4010 hos
1914 3972 2045 4012 con-

453 4038 594 4093 ferre
643 4057 920 4098 sermones
971 4043 1248 4112 cupiebam
1281 4087 1297 4113 ,
1348 4046 1442 4100 sed
1487 4048 1777 4102 cunctabar
1824 4057 1878 4102 et
1926 4063 2047 4118 pro-

455 4131 808 4187 crastinabam
830 4176 845 4201 ,
874 4134 996 4204 quia
1027 4137 1223 4190 multos
1249 4152 1313 4191 eo
1334 4137 1521 4192 morbo
1547 4138 1851 4194 laborantes
1897 4139 2046 4194 vide-

455 4223 574 4276 bam
632 4225 783 4278 nobis
825 4239 946 4279 cum
989 4227 1258 4296 voluptate
1305 4241 1462 4283 aures
1500 4229 1740 4298 praebere
1775 4247 1788 4285 :
1820 4246 2047 4302 cumque

457 4315 652 4368 nollem
681 4314 917 4386 prmdam
941 4316 1174 4386 abigere,
1204 4318 1416 4372 interim
1449 4320 1680 4390 linguam
1708 4321 1775 4376 ab
1800 4320 1882 4376 his
1911 4337 2045 4376 cou-

451 4406 835 4462 certationibos
861 4410 1195 4474 coercebam,
1222 4419 1280 4464 ut
1304 4426 1424 4465 cum
1465 4411 1584 4466 illos
1611 4411 1814 4467 firmius
1835 4411 2045 4467 detine-

453 4513 588 4565 rent,
615 4509 737 4554 tunc
767 4500 818 4554 in
841 4515 1058 4555 arenam
1081 4501 1484 4558 descenderem.
1513 4502 1773 4570 Quoniam
1799 4519 1926 4559 vero
1951 4520 2047 4574 per

456 4589 548 4644 Dei
571 4591 790 4660 gratiam
823 4591 940 4645 illos
960 4591 1136 4646 audivi
1165 4592 1456 4660 hortantes,
1483 4603 1540 4649 ut
1565 4595 1618 4648 in
1648 4594 1748 4650 hoc
1773 4603 2043 4650 certamen

454 4680 834 4737 descenderem
859 4724 873 4747 ,
900 4697 987 4737 me
1015 4682 1230 4738 demum
1261 4683 1430 4739 fidens
1455 4683 1522 4739 ad
1554 4700 1782 4756 pugnam
1813 4685 2041 4751 aceinxi,

451 4789 706 4844 armaque
747 4775 946 4844 arripui
987 4776 1094 4842 illa,
1129 4792 1247 4848 qua:
1269 4785 1498 4848 purgant
1544 4779 1804 4832 rationem
1828 4785 1882 4832 et
1923 4791 2044 4831 om-

455 4880 577 4919 nem
619 4865 992 4922 celsitudinem
1043 4883 1162 4938 qute
1219 4867 1493 4923 extollitur
1533 4878 1717 4923 contra
1763 4867 2042 4922 scientiam

456 4955 574 5010 Dei.
602 4957 724 5012 I'Iazc
742 4973 903 5028 porro
929 4961 1191 5028 assumpsi
1215 4975 1383 5026 arma,
1401 4975 1507 5014 non
1530 4969 1587 5014 ut
1611 4959 1827 5015 ferirem
1850 4958 2044 5014 adver-

449 5051 623 5105 sarios
653 5093 669 5116 ,
714 5052 806 5107 sed
848 5063 906 5106 ut
948 5055 1188 5122 jacentes
1229 5054 1511 5125 erigerem.
1566 5053 1691 5110 llazc
1734 5063 1816 5109 est
1865 5063 2042 5108 autem

451 5156 721 5197 armorum
752 5142 1054 5213 bujusmodi
1084 5145 1164 5199 vis
1188 5185 1202 5209 ,
1232 5152 1288 5199 ut
1312 5145 1676 5201 contentiosos
1705 5143 1922 5210 feriant,
1949 5157 2044 5198 eos

453 5250 582 5291 vero
627 5235 716 5306 qui
762 5234 1028 5291 benevolo
1076 5234 1299 5292 audiunt
1348 5237 1528 5291 animo
1571 5251 1694 5291 cum
1741 5235 1907 5290 multa
1957 5234 2042 5290 di-

521 5415 535 5478 f
574 5413 676 5473 Alii,
705 5427 871 5478 secure
894 5421 1047 5478 regat.

503 5477 535 5541 ,ί
568 5479 662 5542 __sic
682 5477 821 5542 savii.
849 5484 901 5525 et
922 5475 1126 5542 niasima
1150 5490 1265 5542 pars
1300 5483 1403 5526 uss.
1430 5475 1589 5526 Morel.
1619 5485 1671 5526 et
1713 5477 1902 5542 quidam
1925 5477 2041 5542 alii,

459 5532 512 5583 hi
537 5536 848 5602 iilipendunt.
876 5546 930 5602 at
973 5539 1052 5586 hic
1091 5532 1354 5602 legendum
1379 5553 1511 5600 esse,
1535 5532 1744 5589 morent'
1765 5532 2047 5601 qua'stiones

449 5600 639 5660 multas,
670 5613 734 5651 ex
759 5602 891 5651 serie
917 5600 1086 5664 liquet.

1152 171 1211 227 S.
1252 160 1529 228 JOANNIS
1566 168 2039 227 CllRYSOSTOMI
2081 169 2397 228 ARCHIEP.
2437 174 2975 236 CONSTANTINOP.

3635 186 3737 239 708

2145 285 2359 356 ligentia
2401 298 2590 344 curent
2621 307 2634 344 :
2663 291 2884 347 vulnera
2935 307 3040 348 non
3086 292 3347 365 inﬂigunt,
3377 297 3468 352 sed
3517 311 3737 352 curari.

2216 378 2266 432 7.
2301 378 2374 433 Ne
2405 379 2564 450 igitur
2587 380 2840 437 adversus
2870 383 2988 438 illos
3013 382 3353 452 ferociamus,
3383 403 3449 442 ne
3476 402 3603 441 cum
3641 388 3730 441 fu-

2142 483 2265 523 rore
2293 469 2411 524 illos
2437 471 2774 538 adoriamur,
2806 473 2899 528 sed
2932 475 3174 530 modeste
3200 490 3322 530 cum
3355 477 3457 532 illis
3496 478 3736 532 dissera-

2145 574 2262 614 mus
2287 577 2299 612 :
2330 560 2462 615 nihil
2491 563 2686 633 quippe
2716 565 2972 620 modestia
3002 574 3056 620 et
3075 567 3484 624 mansuetudine
3509 569 3739 623 validius

2142 659 2244 706 est.
2274 651 2628 718 Quamobrem
2657 655 2846 710 Paulus
2867 671 2989 711 cum
3015 658 3180 712 multo
3201 660 3378 714 studio
3407 661 3525 716 bazc
3549 662 3740 716 obser-

2143 757 2268 797 vare
2307 743 2459 812 jubet
2504 744 2588 799 his
2616 747 2826 811 verbis,
2860 747 3074 802 Servum
3115 749 3322 804 Domini
3361 767 3460 806 non
3508 769 3741 822 pugnare

2145 847 2359 904 Oportet,
2380 839 2467 892 sed
2485 851 2800 894 mansuetum
2826 858 2932 897 esse
2950 859 3073 914 erga
3091 860 3260 898 omnes
3289 844 3363 916 (9..
3383 844 3521 899 Tim.
3541 846 3596 902 2.
3621 846 3742 912 2i).

2143 927 2257 980 Non
2301 929 2467 996 dixit,
2502 930 2638 1001 Erga
2685 931 2877 988 fratres
2921 943 3120 988 tantum
3142 976 3157 1001 ,
3199 936 3295 990 sed
3319 977 3332 1000 ,
3367 934 3508 1006 Erga
3540 953 3737 990 omnes.

2143 1022 2221 1073 Ac
2259 1034 2476 1088 rursus,
2510 1021 2762 1077 Modestia
2806 1033 2969 1078 vestra
3006 1035 3125 1078 nota
3169 1027 3232 1078 sit
3264 1025 3533 1097 (Philipp.
3557 1029 3614 1081 4.
3650 1029 3738 1096 5),

2146 1125 2252 1164 non
2281 1109 2554 1180 fratribus,
2589 1115 2683 1169 sed
2710 1115 2938 1168 omnibus
2965 1116 3269 1169 hominibus.
3303 1116 3430 1182 Qum
3458 1118 3608 1171 enim
3641 1120 3741 1170 uti-

2147 1205 2269 1260 litas
2307 1215 2390 1260 est
2419 1247 2434 1272 ,
2477 1207 2703 1277 iuquit‘,
2747 1208 2791 1262 si
2822 1222 2916 1262 eos
2955 1208 3190 1278 diligitis,
3223 1212 3312 1278 qui
3342 1224 3437 1264 vos
3465 1210 3740 1276 diligunt?

2146 1295 2202 1351 Si
2230 1297 2408 1366 itaque
2436 1298 2681 1352 amicitiae
2711 1314 2898 1353 eorum
2929 1298 3250 1354 detrimento
3278 1300 3402 1366 sint,
3433 1310 3491 1355 et
3527 1302 3598 1354 ad
3647 1303 3742 1354 im-

2145 1386 2357 1457 pietatis
2382 1389 2689 1444 societatem
2716 1389 3046 1458 pertrahant,
3077 1389 3202 1444 licet
3227 1390 3302 1444 illi
3335 1399 3586 1460 parentes
3612 1392 3740 1455 sint,

2145 1479 2350 1533 resilias
2370 1487 2616 1549 oportet;
2646 1480 2691 1534 si
2712 1479 2898 1534 oculus
2915 1481 3004 1546 sit,
3028 1489 3156 1535 erue
3182 1481 3349 1534 illum.
3385 1481 3445 1536 Si
3467 1483 3642 1545 enim,
3663 1485 3742 1534 in.

2146 1570 2469 1639 quit,oculus
2496 1579 2611 1624 tuus
2639 1570 2812 1624 dexter
2837 1571 3151 1624 scandalizat
3182 1581 3248 1637 te,
3267 1569 3737 1641 erueeum(Matth.

2147 1659 2200 1714 5.
2223 1659 2353 1729 '29):
2386 1675 2490 1714 non
2527 1661 2576 1715 id
2615 1659 2680 1715 de
2709 1675 2932 1730 corpore
2953 1660 3136 1716 dicens
3167 1680 3180 1716 :
3217 1676 3324 1731 quo
3356 1671 3518 1732 pacto
3555 1664 3741 1718 enim?

2146 1749 2277 1805 Nam
2294 1752 2336 1805 si
2356 1751 2406 1805 id
2426 1751 2494 1806 de
2511 1753 2751 1822 corporis
2773 1761 2958 1806 natura
2975 1752 3217 1818 dixisset,
3235 1755 3437 1808 crimen
3457 1754 3514 1808 in
3535 1766 3738 1808 natura:

2144 1840 2486 1898 Conditorem
2511 1843 2920 1899 transferretur:
2948 1846 3080 1900 alias
3101 1860 3205 1898 non
3228 1861 3391 1900 unum
3418 1840 3548 1900 erui
3578 1862 3741 1916 opor-

2155 1941 2290 1988 teret
2319 1953 2332 1988 :
2365 1934 2488 1989 licet
2529 1937 2670 1990 enim
2716 1936 2930 1990 sinister
2972 1937 3390 2007 relinqueretur,
3435 1939 3553 2006 pari
3587 1938 3743 1992 modo

2149 2025 2239 2082 ille
2284 2028 2554 2084 hominem
2599 2029 3006 2085 scandalizaret.
3054 2029 3159 2085 Sed
3200 2039 3258 2084 ut
3299 2031 3482 2086 discas
3529 2047 3639 2085 non
3681 2031 3743 2086 de

2147 2118 2304 2173 oculo
2350 2133 2652 2175 sermonem
2681 2135 2835 2187 esse,
2867 2120 3114 2175 dextrum
3145 2119 3370 2190 adjecit,
3414 2138 3527 2192 quo
3570 2133 3743 2177 osten-

2149 2208 2322 2273 deret,
2354 2219 2412 2263 ut
2440 2211 2484 2264 si
2511 2211 2740 2265 amicum
2771 2212 3075 2282 quempiam
3107 2212 3242 2265 oculi
3281 2211 3457 2266 dextri
3506 2212 3629 2267 loco
3659 2213 3741 2266 ha-

2150 2299 2276 2356 beas
2296 2342 2312 2367 ,
2341 2311 2395 2355 et
2427 2299 2566 2356 hunc
2592 2301 2772 2371 ejicias
2797 2311 2852 2357 et
2886 2303 2953 2355 ab
2979 2301 3210 2356 amicitia
3244 2310 3331 2356 tua
3359 2303 3673 2366 esscindas,
3702 2304 3740 2356 si

2149 2401 2202 2448 te
2243 2393 2584 2448 scandalizet.
2635 2392 2771 2462 Quid
2813 2393 2956 2449 enim
2996 2393 3147 2463 juvat
3188 2393 3403 2448 oculum
3449 2393 3658 2450 habere
3697 2396 3741 2448 is

2152 2487 2441 2556 perniciem
2472 2487 2662 2557 reliqui
2709 2486 2995 2557 corporis?
3039 2486 3096 2542 Si
3135 2487 3309 2556 itaque
3351 2487 3620 2541 amicitia:
3658 2502 3742 2540 no.

2149 2589 2337 2647 ceant,
2371 2579 2633 2651 fugiamus
2658 2587 2714 2635 et
2743 2580 3077 2645 resiliamus;
3123 2579 3205 2634 sin
3237 2578 3393 2633 nobis
3424 2578 3495 2632 ad
3541 2579 3743 2648 pietatis

2151 2672 2410 2726 rationem
2441 2673 2643 2726 nullum
2665 2671 2917 2725 damnum
2948 2669 3202 2734 inferant,
3234 2670 3384 2738 ipsos
3412 2671 3484 2723 ad
3515 2686 3620 2725 nos
3641 2671 3746 2724 alli-

2151 2764 2354 2817 ciamus
2384 2773 2440 2818 et
2469 2762 2873 2833 pertrahamus;
2902 2761 3044 2832 quod
3071 2761 3115 2816 si
3143 2761 3272 2815 nihil
3305 2761 3457 2814 illum
3483 2761 3680 2830 juves,
3703 2773 3748 2815 et

2151 2856 2219 2910 ab
2263 2858 2378 2926 ipso
2418 2857 2629 2911 hedaris
2655 2898 2670 2924 ,
2712 2855 2765 2910 id
2812 2856 2944 2910 lucri
2984 2854 3184 2910 referas
3221 2863 3281 2907 ut
3325 2868 3423 2922 per
3453 2855 3747 2908 sectionem

2150 2948 2267 3002 sine
2308 2947 2516 3016 jactura
2557 2949 2789 3001 m‘aneas.
2841 2946 2908 3000 Et
2953 2947 3071 3016 fuge
3115 2945 3321 2999 illorum
3369 2944 3679 3008 amicitias,
3710 2945 3746 2996 si

2152 3051 2380 3094 noceant
2409 3057 2421 3094 :
2454 3041 2571 3108 fuge
2600 3049 2834 3104 tantum,
2865 3053 2960 3092 nec
2990 3052 3209 3108 pugnes,
3231 3050 3407 3105 neque
3433 3046 3746 3098 conccrtcs;

2153 3133 2229 3186 sic
2261 3132 2456 3186 Paulus
2501 3141 2682 3186 monet
2728 3130 2809 3184 his
2839 3129 3016 3184 verbis
3049 3148 3062 3182 :
3096 3129 3156 3182 Si
3197 3127 3437 3197 possibile
3461 3137 3548 3181 est
3573 3171 3588 3194 ,
3627 3128 3748 3196 quod

2151 3239 2214 3276 ex
2243 3225 2378 3276 vobis
2409 3233 2479 3276 est
2498 3265 2513 3286 ,
2556 3239 2669 3275 cum
2713 3221 2943 3275 omnibus
2983 3219 3266 3272 hominibus
3298 3235 3483 3288 pacem
3515 3221 3749 3274 habentes

2155 3312 2330 3383 (Itoni.
2363 3313 2450 3368 η.
2483 3315 2596 3382 18).
2638 3314 2834 3368 Servus
2865 3327 2922 3367 es
2951 3312 3044 3366 Dei
3084 3311 3227 3380 pacis
3259 3327 3272 3363 :
3307 3311 3400 3365 ille
3429 3312 3525 3380 qui
3557 3313 3748 3366 dmino-

2153 3421 2248 3460 nes
2275 3405 2523 3474 ejiciebat
2549 3414 2601 3459 et
2631 3406 2908 3458 innumera
2935 3402 3255 3472 operabatur
3281 3401 3443 3466 bona,
3472 3418 3609 3456 cum
3636 3417 3747 3457 eum

2152 3498 2534 3553 dmmoniacum
2577 3497 2938 3567 appellarent,
2987 3511 3094 3550 non
3139 3495 3336 3549 fulmen
3378 3496 3609 3562 emisit,
3651 3513 3745 3549 non

2151 3589 2541 3644 conviciatores
2567 3588 2816 3643 contrivit
2834 3628 2848 3652 ,
2876 3603 2986 3641 non
3009 3587 3239 3656 linguam
3266 3586 3412 3639 illam
3450 3589 3747 3641 combussit

2154 3695 2318 3750 usque
2341 3681 2476 3734 adeo
2505 3680 2864 3749 impudentem
2886 3692 2941 3733 et
2967 3678 3244 3747 ingratam,
3270 3676 3395 3732 licet
3422 3676 3549 3730 hmo
3575 3679 3744 3732 omnia

2153 3773 2326 3827 facere
2347 3782 2556 3842 posset;
2581 3772 2672 3826 sed
2695 3773 3086 3826 accusationem
3108 3770 3277 3825 solum
3298 3769 3513 3839 depulit
3535 3770 3743 3825 dicens:

2154 3864 2264 3935 Ego
2295 3865 2597 3918 dwmonium
2623 3880 2722 3916 non
2753 3863 2930 3927 habeo,
2959 3863 3047 3915 sed
3074 3861 3349 3929 honoriﬁco
3377 3877 3494 3914 eum
3516 3901 3532 3927 ,
3563 3863 3652 3928 qni
3679 3878 3746 3913 ius

2151 3957 2285 4011 misit
2309 3955 2482 4028 (Joan.
2505 3956 2556 4011 8.
2579 3954 2694 4023 49).
2721 3953 2853 4009 Cum
2877 3963 3051 4008 autem
3079 3967 3262 4008 servus
3290 3952 3568 4021 pontificis
3596 3954 3739 4006 illum

2152 4051 2434 4118 percussit,
2459 4047 2582 4117 quid
2605 4047 2726 4100 ait?
2753 4045 2814 4101 Si
2837 4046 2968 4099 male
2991 4046 3222 4115 loquutus
3243 4061 3374 4110 sum,
3402 4046 3747 4098 testimonium

2154 4138 2357 4206 perhibe
2403 4137 2466 4190 de
2494 4137 2666 4202 malo;
2696 4137 2739 4190 si
2765 4146 2932 4190 autem
2959 4136 3112 4200 bene,
3143 4135 3265 4205 quid
3295 4153 3375 4190 me
3391 4133 3742 4204 cccdionan.

2154 4233 2239 4286 18.
2269 4228 2360 4301 25)
2379 4231 2404 4283 ?
2437 4229 2588 4295 Quod
2617 4231 2660 4282 si
2692 4229 2947 4283 Dominus
2976 4227 3283 4296 angelorum
3315 4241 3374 4280 se
3403 4237 3669 4287 excusat,
3698 4237 3748 4280 et

2155 4323 2414 4377 rationem
2443 4322 2639 4376 famulo
2671 4320 2878 4387 reddit,
2918 4336 3023 4374 non
3051 4335 3186 4389 opus
3213 4321 3456 4372 oratione
3493 4321 3746 4390 longiori.

2157 4418 2278 4472 Ilaec
2304 4417 2476 4470 solum
2507 4415 2666 4469 verba
2699 4425 2877 4468 mente
2905 4412 3124 4467 revolve
3145 4453 3158 4473 ,
3195 4426 3257 4464 ac
3285 4410 3605 4480 frequenter
3636 4429 3749 4466 meo

2151 4507 2356 4571 ditare,
2398 4516 2453 4560 et
2493 4506 2619 4559 dic:
2656 4505 2717 4560 Si
2761 4505 2893 4557 male
2935 4504 3166 4569 loquutus
3209 4519 3353 4562 sum,
3400 4504 3750 4554 testimonium
3810 4517 3811 4526 ‘

2151 4599 2353 4669 perhibe
2393 4598 2455 4651 de
2494 4598 2665 4664 malo;
2697 4598 2931 4650 siautem
2986 4595 3142 4660 bene,
3183 4595 3302 4664 quid
3327 4610 3405 4646 me
3444 4594 3608 4648 surdis
3632 4595 3661 4647 1’
3697 4597 3754 4648 Et

2149 4690 2322 4761 cogita
2348 4690 2465 4760 quis
2489 4689 2752 4760 loquatur,
2781 4687 2847 4742 ad
2873 4701 3028 4758 quem
3055 4686 3399 4754 loquatur,ct
3423 4699 3536 4753 qua
3566 4685 3636 4740 de
3662 4702 3749 4744 re;

2150 4791 2412 4852 eruntque
2449 4781 2543 4835 tibi
2571 4779 2728 4835 verba
2763 4778 2947 4834 isthtcc
2973 4776 3209 4832 divinum
3236 4773 3511 4844 quoddam
3542 4785 3598 4830 et
3632 4792 3752 4844 per-

2153 4882 2368 4944 petuum
2395 4873 2681 4935 canticum,
2724 4879 2882 4939 atque
2906 4882 3121 4922 omnem
3153 4864 3316 4919 animi
3352 4874 3625 4919 tumorem
3663 4881 3749 4919 sc-

2118 4964 2277 5018 ~dare
2319 4969 2570 5033 poterunt
2611 4978 2625 5016 :
2658 4960 2828 5030 cogita
2859 4957 3168 5028 dignitatem
3200 4955 3348 5025 ejus,
3392 4954 3482 5023 qui
3517 4953 3744 5009 aﬂ'ectus

2151 5066 2232 5111 cst
2259 5055 2578 5110 contumelia
2597 5095 2610 5120 ,
2648 5051 2890 5107 laedentis
2918 5050 3173 5104 vilitatem
3194 5090 3208 5114 ,
3251 5047 3601 5101 contumelia:
3630 5064 3749 5118 ειη-

2150 5148 2391 5202 vitatem.
2440 5146 2556 5200 Non
2598 5145 2742 5200 enim
2787 5140 3106 5197 contumelia
3152 5138 3329 5192 affecit
3369 5144 3630 5203 tantum,
3664 5140 3750 5192 sel

2150 5239 2445 5311 percussit;
2477 5255 2581 5293 non
2605 5237 2869 5308 percussit
2891 5244 3115 5301 tantum,
3139 5232 3233 5287 sed
3255 5240 3310 5287 et
3333 5231 3551 5302 alapam
3576 5229 3746 5286 dedit:
3810 5253 3811 5266 ι

2151 5329 2456 5401 bujusmodi
2510 5338 2689 5384 autem
2733 5327 3080 5399 percussione
3126 5323 3252 5379 nihil
3312 5322 3744 5392 ignominiosius.

2150 5425 2398 5478 Attamen
2427 5423 2607 5477 omnia
2646 5421 2800 5487 tulit',
2845 5430 2902 5474 ut
2945 5417 3134 5489 majori
3175 5414 3428 5484 exemplo
3468 5415 3752 5469 moderate

2217 5605 2232 5634 ³
2269 5604 2462 5663 quidam
2497 5607 2624 5662 κίε»,
2648 5597 2804 5661 qualis
2840 5598 2988 5659 enim,
3014 5597 3186 5659 inquit,
3205 5595 3332 5648 vobis
3352 5595 3543 5658 gratia,
3573 5605 3671 5646 etc-
