3854 6222
78 253 186 307 707

77 367 182 436 μὲν
218 368 337 420 ἐστι
379 370 506 433 Θεὸς
534 368 661 439 οἶδε,
693 373 753 426 τὸ
792 375 869 439 δέ,
902 371 952 428 τί
995 378 1092 447 τὴν
1117 381 1303 433 οὐσίαν
1347 383 1515 446 ἐστὶν,
1544 386 1758 452 ἀγνοεῖο

73 457 158 506 ὅτι
190 455 297 524 μὲν
333 459 493 526 σοφός
520 461 664 512 ἐστιν
692 462 999 526 ἐπίσταται,
1025 466 1084 518 τὸ
1117 468 1193 529 δὲ,
1227 469 1390 521 πόσον
1418 472 1533 524 ἐστὶ
1574 474 1757 540 σοφὸς,

70 548 298 612 ἀγνοεῖ·
330 549 410 600 ὅτι
459 551 557 619 μὲν
603 551 718 604 ἔστι
761 553 933 622 μέγας
967 556 1066 608 οὐκ
1094 557 1298 625 ἀγνοεῖ,
1335 559 1394 610 τὸ
1420 559 1474 612 δὲ
1505 562 1688 622 πόσον,
1724 563 1756 633 ἢ

69 634 154 695 τίς
185 636 219 704 η
256 636 610 707 μεγαλωσύνη
639 639 823 700 αὐτοῦ,
852 640 1008 694 τοῦτο
1032 644 1131 696 οὐκ
1157 641 1293 696 οἶδεν
1316 663 1328 674 ·
1361 647 1441 698 ὅτι
1483 651 1757 719 πανταχοῦ

70 724 344 792 πάρεστιν
373 725 679 788 ἐπίσταται,
712 728 773 780 τὸ
800 729 857 781 δὲ
887 729 1003 792 πῶς
1030 731 1129 784 οὐκ
1165 733 1450 787 ἐπίσταται
1475 754 1486 764 ·
1515 737 1599 788 ὃτι
1625 755 1759 807 προ-

69 813 185 862 νοεῖ
205 813 304 864 καὶ
326 813 536 882 συνέχει
559 817 624 867 τὰ
647 816 825 869 πάντα
844 818 934 869 καὶ
953 824 1252 888 συγκρατεῖ
1277 823 1393 890 μετ’
1412 824 1693 893 ἀκριϐείας
1707 839 1754 888 ³,

66 902 172 952 οὐκ
191 902 406 968 ἀγνοεῖ.
426 901 517 954 τὸν
542 901 598 955 δὲ
617 904 818 974 τρόπον
843 905 964 959 καθ’
986 907 1044 960 ὃν
1073 907 1240 961 ταῦτα
1265 913 1409 963 ποιεῖ
1437 913 1637 978 ἀγνοεῖ.
1661 915 1760 967 Διά

65 987 238 1040 τοῦτο
264 987 448 1055 ἔλεγεν
469 1006 481 1017 ·
529 989 622 1042 Ἐκ
650 992 872 1058 μέρους
900 993 1292 1063 γινώσκομεν,
1323 999 1419 1049 καὶ
1449 1000 1514 1050 ἑκ
1536 999 1759 1067 μέρους

67 1078 554 1145 προφητεύομεν.

140 1237 224 1295 ς’.
277 1232 434 1286 Ἀλλά
464 1234 591 1304 γὰρ,
630 1235 677 1287 εἰ
699 1235 866 1298 δοκεῖ,
905 1236 994 1288 τὸν
1027 1237 1236 1291 Παῦλον
1264 1241 1493 1307 ἀφέντες
1516 1240 1756 1303 καὶτοὺς

65 1318 385 1388 πρεφήτας.
414 1320 725 1389 ἀνέλθωμεν
772 1324 852 1386 εἰς
895 1323 1021 1387 τοὺς
1050 1325 1342 1395 οὐρανούς’
1377 1327 1449 1396 μή
1486 1344 1615 1379 ποτε
1641 1330 1758 1380 ἐκεῖ

60 1406 216 1468 τινές
248 1407 384 1460 εἰσιν
419 1408 617 1472 εἰδότες
637 1451 651 1471 ,
688 1410 741 1461 τί
764 1409 860 1479 τὴν
885 1412 1073 1465 οὐσίαν
1101 1414 1245 1465 ἐστὶν
1273 1417 1299 1466 ό
1328 1415 1477 1476 Θεός.
1506 1416 1754 1469 Μάλιστα

66 1491 172 1559 μὲν
201 1493 334 1562 γὰρ,
362 1494 464 1546 κᾶν
487 1495 784 1565 εὑρεθῶσιν
807 1498 1028 1562 εἰδότες,
1051 1500 1202 1552 οὐδὲν
1230 1501 1405 1555 κοινὸν
1429 1503 1562 1573 πρὸς
1584 1505 1749 1573 ἡμᾶς·

66 1581 210 1634 πολὺ
240 1582 351 1652 γὰρ
385 1583 444 1635 τὸ
477 1584 640 1652 μέσον
680 1585 929 1652 ἀγγέλων
962 1588 1054 1640 καὶ
1092 1588 1395 1658 ἀνθρώπιον
1418 1607 1430 1620 ⁸
1467 1591 1605 1662 πλὴν
1639 1592 1752 1644 ἀλλ’

64 1670 154 1722 ἵνα
187 1671 252 1722 ἐκ
286 1673 598 1740 περιουσίας
625 1673 824 1746 μάθῃς,
855 1676 935 1728 ὅτι
963 1676 1080 1729 οὐδὲ
1108 1679 1223 1730 ἐκεῖ
1245 1696 1326 1742 τις
1361 1675 1468 1732 οἶδε
1511 1681 1699 1750 κτιστὴ
1725 1678 1751 1716 ι’

62 1757 308 1827 δύναμις
345 1759 521 1820 τοῦτο,
551 1761 873 1832 ἀκούσωμεν
917 1764 1024 1816 τῶν
1064 1765 1332 1833 ἀγγέλων.
1366 1767 1430 1819 Τί
1463 1764 1587 1830 civ;
1625 1767 1753 1836 περὶ

61 1844 166 1912 τῆς
213 1846 402 1908 οὐσίας
449 1847 652 1917 ταύτης
701 1851 818 1902 ἐκεῖ
851 1851 1210 1918 διαλέγονται,
1242 1855 1333 1906 καὶ
1365 1854 1499 1924 πρὸς
1529 1857 1751 1918 ἑαυτοὺς

61 1930 359 1999 ζητοῦσινς
410 1934 700 2005 Οὐδαμῶς·
731 1937 866 1990 ἀλλά
906 1939 988 2002 τί;
1023 1937 1335 2004 Δοξάζουσι,
1365 1941 1746 2011 προσκυνοῦσι,

59 2017 162 2080 τὰς
197 2019 500 2084 ἐπινικίους
523 2022 616 2075 καὶ
649 2025 916 2092 μυστικὰς
937 2025 1081 2094 ᾠδὰς
1114 2026 1374 2095 διηνεκῶς
1398 2029 1750 2098 ἀναπέμπου-

64 2121 117 2156 σι
151 2106 296 2173 μετά
326 2108 526 2178 πολλῆς
557 2110 655 2178 τῆς
685 2112 885 2181 φρίκης
908 2129 919 2143 ’
953 2113 1045 2164 καὶ
1083 2115 1132 2166 οἱ
1175 2115 1272 2182 μὲν
1303 2114 1550 2182 λέγουσι·
1596 2117 1748 2178 Δόξα

57 2192 132 2243 ἐν
193 2193 480 2260 ὑψίστοις
536 2195 686 2259 Θεῷ·
741 2198 807 2250 τὰ
865 2199 919 2250 δὲ
965 2200 1246 2269 Σεραφίμ·
1303 2203 1510 2269 Ἄγιος,
1557 2204 1744 2270 ἅγιος,

58 2278 257 2344 ἅγιος,
302 2283 396 2334 καὶ
443 2283 569 2346 τοὺς
618 2285 930 2354 ὀφθαλμοὺς
984 2289 1438 2358 ἀποστρέφουσιν,
1479 2291 1597 2344 οὐδὲ
1648 2292 1748 2362 τὴν

61 2366 479 2432 συγκατάϐασιν
520 2372 762 2438 ἐνεγκεῖν
807 2374 1080 2442 δυνάμενα
1125 2375 1218 2428 τοῦ
1265 2377 1431 2429 Θεοῦ·
1470 2378 1616 2432 τάδέ
1643 2381 1746 2432 Χε-

63 2453 303 2523 ρουϐίμ’
347 2457 738 2527 Εὐλογημένη
789 2461 825 2524 τ’,
867 2461 1017 2524 δόξα
1070 2463 1257 2516 αὐτοῦ
1301 2465 1369 2517 ἐκ
1415 2465 1520 2517 τοῦ
1562 2467 1746 2519 τόπου

58 2541 255 2594 αὐτοῦ
280 2559 294 2571 ο
329 2543 425 2613 οὐχ
458 2544 539 2596 ὅτι
585 2547 746 2610 τόπος
797 2551 925 2620 περὶ
968 2549 1119 2613 Θεὸν,
1152 2551 1226 2622 μὴ
1263 2552 1471 2621 γένοιτο
1491 2569 1504 2584 ⁸
1532 2554 1647 2606 ἀλλ’
1671 2555 1746 2618 ὡς

60 2627 128 2679 Ξιν
193 2629 443 2701 εἴποιμεν
501 2633 853 2703 ἀνθρωπίνως
910 2639 1310 2709 φθεγγόμενοι,
1374 2643 1617 2714 ὅπουπερ
1681 2647 1746 2700 ἄν

59 2716 309 2787 ἐστιν,ῆ
367 2718 516 2782 ὅπως
573 2720 638 2772 ἀν
698 2723 886 2775 ἐστιν·
929 2727 977 2776 εἰ
1018 2725 1080 2796 δὴ
1140 2729 1236 2781 καὶ
1294 2729 1452 2783 τοῦτο
1509 2732 1748 2801 ἀσφαλὲς

58 2803 159 2887 ἐπὶ
217 2804 351 2856 Θεοῦ
411 2808 610 2858 εἰπεῖν’
654 2809 1002 2879 ἀνθρωπίνην
1055 2814 1162 2884 γὰρ
1223 2814 1418 2886 ἔχομεν
1474 2819 1741 2887 γλῶτταν.

62 2886 222 2952 Εἶδες
243 2891 408 2954 πόσος
423 2893 534 2946 ἀνω
560 2894 743 2962 φόϐος,
770 2897 908 2967 πόση
930 2901 1078 2953 κάτω
1096 2905 1534 2975 καταφρόνησιςς
1570 2909 1744 2961 Ἐκεῖ-

58 2993 140 3027 νοι
163 2975 496 3041 δοξάζουσιν,
512 2975 654 3034 οῦτοι
673 2999 739 3034 πε
750 2985 1149 3054 ριεργάζονται·
1166 2989 1305 3059 εὐφη
1315 2990 1505 3059 μοῦσιν
1524 2996 1740 3061 ἐκεῖνοι,

57 3063 616 3135 πολυπραγμονοῦσιν
659 3079 680 3106 ο
721 3065 887 3123 οῦτοι⁸
932 3074 1128 3128 ἐκεῖνοι
1166 3074 1264 3138 τὰς
1305 3076 1455 3145 δψεις
1498 3079 1744 3152 ἀποκρύ-

58 3170 324 3214 πτουσιν,
366 3149 510 3208 οῦτοι
555 3157 951 3224 φιλονεικοῦσιν
995 3162 1324 3226 ἐνατενίζειν
1374 3165 1743 3236 ἀναισχύντως

55 3241 138 3301 εἰς
170 3239 273 3308 τὴν
302 3240 692 3312 ἀνεκδιήγητον
725 3245 901 3309 δόξαν.
954 3247 1050 3311 Τίς
1096 3249 1197 3302 οὐκ
1227 3249 1292 3302 ἂν
1329 3253 1624 3319 στενάξειε.
1660 3259 1744 3321 τίς

55 3327 160 3379 οὐκ
177 3327 245 3380 ἂν
266 3327 588 3399 θρηνήσειεν
609 3334 807 3396 αὐτοὺς
829 3335 927 3403 τῆς
950 3337 1334 3406 παραπληξίας
1358 3341 1567 3412 καὶτῆς
1588 3345 1742 3414 ἐσχά-

56 3431 161 3484 της
193 3416 398 3486 ταύτης
420 3417 633 3484 ἀνοίας;
670 3420 1004 3490 Ἐϐουλόμην
1028 3424 1124 3493 μὲν
1143 3421 1236 3478 οῦν
1263 3429 1585 3501 μακροτέρω
1613 3449 1742 3504 προ-

56 3507 293 3572 αγαγεῖν
328 3505 418 3557 τὸν
460 3505 639 3574 λόγον,
681 3508 796 3560 ἀλλ’
834 3510 1022 3582 ἐπειδὴ
1064 3510 1159 3564 νῦν
1198 3512 1414 3582 πρῶτον
1450 3519 1528 3579 εἰς
1569 3520 1741 3573 ταῦτα

54 3591 304 3660 κατέϐην
341 3592 410 3645 τὰ
453 3593 828 3665 παλαίσματα,
873 3596 1149 3661 λυσιτελὲς
1193 3601 1318 3669 ὑμῖν
1359 3597 1498 3654 εἶναι
1535 3607 1741 3676 νομίζω

53 3678 398 3748 ἀρκεσθῆναι
419 3681 554 3744 τέως
578 3686 690 3744 τοῖς
711 3685 1040 3754 εἰρημένοις,
1061 3686 1201 3739 ὥστε
1230 3689 1302 3758 μὴ
1323 3689 1384 3741 τὸ
1411 3691 1612 3760 πλῆθος
1631 3696 1740 3748 τῶν

59 3765 370 3835 μελλόντων
408 3768 742 3838 ῥηθήσεσθαι
778 3771 1003 3824 ἐπελθὸν
1049 3773 1217 3844 πολλῇ
1263 3778 1326 3845 τῇ
1371 3777 1518 3850 ῥύμῃ
1558 3797 1740 3850 παρα-

55 3853 205 3926 σύρῃ
235 3856 327 3907 καὶ
361 3855 565 3908 τούτων
599 3857 696 3926 τὴν
730 3859 971 3930 μνήμην·
1013 3860 1228 3924 πάντως
1266 3863 1322 3914 δὲ
1347 3863 1397 3924 ds
1443 3865 1508 3918 ἂν
1534 3869 1561 3920 δ
1607 3869 1740 3932 Θεὸς

53 3943 357 4011 ἐπιτρέπῃ,
407 3943 613 4011 ταύτην
660 3944 846 3998 λοιπὸν
897 3947 1058 4017 μέχρι
1105 3949 1299 4002 πολλοῦ
1346 3951 1439 4020 τὴν
1483 3955 1738 4009 ὑπόθεσιν

51 4028 427 4098 ἐργασόμεθα.
477 4030 618 4098 Ἐγὼ
662 4032 762 4100 μὲν
804 4035 914 4102 γὰρ
961 4035 1052 4087 καὶ
1096 4036 1262 4088 πάλαι
1302 4038 1523 4102 τούτους
1550 4041 1738 4095 ὧδινον

24 4133 26 4138 ·
52 4115 198 4184 πρὸς
221 4115 250 4166 ὐ
260 4117 365 4183 μᾶς
389 4117 516 4181 τοὺς
540 4117 735 4184 λόγους
765 4120 960 4178 εἰπεῖν.
999 4120 1221 4190 ἔμελλον
1247 4123 1303 4176 δὲ
1335 4126 1428 4178 καὶ
1453 4127 1739 4182 ἀνεϐαλλό-

24 4245 26 4254 .
56 4220 195 4272 μην,
219 4203 302 4256 ὅτι
335 4204 564 4268 πολλοὺς
597 4205 705 4259 τῶν
733 4207 906 4262 ταῦτα
934 4210 1232 4265 νοσούντων
1258 4213 1444 4285 ἐώρων
1475 4217 1594 4286 μεθ’
1617 4221 1740 4289 ἠδο-

52 4289 156 4357 νῆς
183 4290 343 4358 ¹ἡμῶν
371 4292 779 4362 ἀκροωμένους,
819 4295 914 4348 καὶ
947 4297 1006 4348 οὐ
1041 4296 1361 4369 βουλόμενος
1396 4302 1737 4376 ἀποσοϐῆσαι

50 4376 155 4444 τὴν
189 4376 384 4447 θήραν,
421 4379 557 4442 τέως
595 4382 812 4451 ἐπεῖχον
848 4382 947 4452 τὴν
990 4384 1236 4452 γλῶτταν
1265 4387 1468 4441 τούτων
1497 4391 1604 4443 τῶν
1632 4412 1738 4448 πα-

50 4461 394 4531 λαισμάτων,
435 4463 574 4518 ὥστε
623 4469 761 4535 μετά
796 4469 858 4521 τὸ
896 4474 1188 4540 κατασχεῖν
1232 4473 1428 4538 αὐτοὺς
1468 4478 1733 4546 ἀκριϐῶς,

24 4549 177 4618 ἶ’τότε
217 4551 682 4606 ἐπαποδύσασθαι·
721 4557 908 4626 ἐπειδὴ
947 4556 1004 4609 δὲ
1040 4557 1128 4610 διὰ
1162 4559 1260 4629 τὴν
1287 4560 1380 4613 τοῦ
1407 4563 1543 4616 Θεοῦ
1575 4566 1735 4637 χάριν

50 4638 239 4691 αὐτῶν
269 4640 477 4709 ἥκουσα
503 4643 970 4712 παρακαλούντων
1000 4647 1092 4699 καὶ
1121 4648 1481 4718 ἐνοχλούντων
1512 4655 1590 4716 εἰς
1619 4656 1736 4708 τού-

49 4742 184 4788 τους
215 4727 447 4795 ἐμϐῆναι
477 4729 600 4792 τοὺς
632 4730 868 4796 ἀγῶνας,
900 4731 1119 4804 θαρρῶν
1146 4737 1501 4808 ἀπεδυσάμην
1527 4739 1732 4805 λοιπὸν,

53 4810 155 4863 καὶ
185 4809 253 4863 τὰ
271 4811 411 4891 όπλα
433 4813 623 4868 ἔλαϐον
647 4814 794 4888 [451]
813 4818 879 4870 τὰ
898 4819 1022 4883 τοὺς
1051 4819 1342 4892 λογισμοὺς
1371 4825 1734 4896 καθαιροῦντα

49 4897 151 4949 καὶ
177 4899 286 4951 πᾶν
307 4899 507 4969 ὕψωμα
523 4902 884 4972 ἐπαιρόμενον
911 4907 1050 4960 κατὰ
1071 4908 1168 4977 τῆς
1188 4909 1442 4976 γνώσεως
1463 4912 1556 4965 τοῦ
1574 4913 1727 4968 θεοῦ.

42 4981 241 5041 Ταῦτα
261 4983 317 5036 δέ
343 4985 533 5039 ἔλαϐον
556 4986 624 5040 τὰ
643 4989 804 5048 ὅπλα,
832 4992 930 5061 οὐχ
953 4992 1040 5045 ἵνα
1073 4995 1364 5048 καταϐάλω
1386 5009 1409 5036 ε
1435 5000 1562 5063 τοὺς
1581 5001 1734 5054 ἐναν-

46 5071 223 5133 τίους,
270 5072 387 5124 ἀλλ’
427 5077 515 5127 ἵνα
553 5076 843 5148 ἀναστήσω
888 5079 1198 5149 κειμένους·
1235 5084 1459 5156 τοιαύτη
1487 5087 1596 5160 γὰρ
1625 5088 1732 5142 τῶν

51 5159 232 5212 ὅπλων
258 5160 350 5211 τού
361 5179 462 5212 των
491 5165 522 5231 ἡ
555 5162 802 5233 δύναμις,
829 5167 954 5230 τοὺς
979 5169 1077 5237 μὲν
1100 5170 1538 5237 φιλονεικοῦντας
1562 5159 1730 5247 πλήτ-

48 5261 162 5296 τειν
191 5241 325 5311 οἶδε,
354 5249 482 5310 τοὺς
511 5250 568 5302 δὲ
607 5251 965 5321 εὐγνωμόνως
1017 5256 1316 5321 ἀκούοντας
1351 5261 1488 5328 μετά
1529 5263 1731 5337 πολλῆς

109 5439 134 5522 ἒ
159 5442 637 5522 ἑίἱίλαῖτντιειρτξῖ
653 5449 757 5522 μετ’
777 5449 1051 5522 ἀσφοελείας-

24 5517 26 5520 ·
108 5500 133 5571 ιζ
159 5502 310 5571 ξαιῇ.
343 5506 442 5554 οἶδε
460 5500 568 5556 οὐδὲ
590 5500 725 5571 ἑτέρα
747 5500 937 5569 κτιστή.

113 5564 244 5642 ξξίο
267 5566 384 5642 Sav.‘
404 5573 457 5642 εξ
483 5564 849 5642 .mgxim'ayars
889 5564 1003 5620 fnss.
1031 5575 1150 5642 Mor.
1181 5583 1233 5625 el
1255 5579 1454 5642 quirjam
1489 5579 1730 5642 αΙίἰβλασ-

37 5632 302 5677 ςημουσιν-
360 5631 421 5676 At
446 5631 522 5677 hic
547 5632 812 5691 legendum
841 5645 954 5682 esse
978 5631 1455 5700 πολυπραγμονοῦσιν
1487 5654 1549 5689 ex
1583 5631 1723 5690 'sm'ie

24 5695 223 5740 “qum,
706 5723 710 5728 .

105 5745 136 5821 (1
265 5747 395 5797 Savil
506 5766 677 5821 [magna
702 5768 811 5821 pars
833 5768 953 5821 mss:
974 5757 1070 5821 Alii
1091 5760 1277 5821 πάντως
1303 5763 1406 5821 γάρ.

113 5813 137 5842 ο
164 5809 245 5856 Sic
269 5811 506 5859 nnnnulli.
537 5809 730 5862 Ediluril
757 5815 915 5864 fuerat
934 5819 1110 5877 βάλλω,
1133 5809 1291 5869 minth
1313 5809 1461 5871 Βότω.
1493 5824 1624 5872 Eon.

351 5903 620 5962 ιἈΤιιυι..
668 5908 782 5964 (in.
831 5911 1106 5975 XLVIII.

1119 265 1204 319 DE
1247 263 1955 328 INCOMPREIIENSIBIIJ
2001 274 2107 329 DEI
2150 275 2456 336 NATURA.
2497 277 2534 332 I.

3443 275 3547 334 703

1874 391 2203 460 θεραπεύειν
2231 395 2328 464 τῆς
2359 394 2694 464 ἐπιμελείας·
2725 393 2845 464 οὐχὶ
2871 393 3053 446 δίδωσι
3097 393 3405 464 τραύματα,
3428 392 3545 446 ἀλλ’

1877 479 2019 532 ἰᾶται
2048 481 2335 552 τραύματα
2365 481 2407 535 ί.

1942 567 2005 629 ζ’.
2044 567 2134 638 Μὴ
2159 570 2336 622 τοίνυν
2365 570 2498 638 πρὸς
2524 571 2764 633 ἐκείνους
2788 571 3181 642 ἀγριαίνωμεν,
3214 570 3348 641 μηδέ
3372 567 3544 640 θυμὸν

1872 655 2326 724 προϐαλλώμεθα,
2366 656 2504 709 ἀλλά
2554 658 2692 728 μετά
2724 659 3026 721 ἐπιεικείας
3063 659 3247 720 αὐτοῖς
3286 656 3546 724 διαλεγὼ-

1874 740 2031 808 μεθα·
2062 742 2213 795 οὐδὲν
2239 743 2346 812 γάρ
2377 745 2678 807 ἐπιεικείας
2703 744 2796 797 καὶ
2825 744 3130 816 πραότητος
3173 743 3541 813 ἰσχυρότερον.

1869 827 1968 878 Διά
1999 827 2160 880 τοῦτο
2187 829 2278 880 καὶ
2304 830 2514 892 Παῦλος
2541 831 2708 900 πολλῇ
2738 833 2802 900 τῇ
2830 831 3030 899 σπουδῇ
3060 829 3252 882 τούτου
3281 829 3376 880 τοῦ
3405 827 3546 893 πρά-

1868 930 2078 982 γματος
2103 916 2423 985 ἀντέχεσθαι
2459 917 2710 969 ἐκέλευσε
2739 918 2930 985 λέγων·
2962 917 3194 970 Δοῦλον
3221 915 3288 968 δὲ
3323 915 3544 982 Κυρίου

1865 1001 1936 1050 οὐ
1969 999 2066 1052 δεῖ
2079 1000 2399 1068 μάχεσθαι,
2433 1004 2569 1055 ἀλλ’
2601 1003 2784 1070 ἤπιον
2803 999 3125 1070 εἶναιπρὸς
3149 1001 3398 1065 πάντας.
3429 998 3545 1051 υύκ

1864 1083 2010 1149 εἷπε,
2043 1089 2187 1158 Πρὸς
2217 1091 2343 1152 τοὺς
2371 1090 2631 1157 ἀδελφοὺς
2665 1091 2845 1159 μόνον,
2894 1089 3051 1152 ἀλλὰ,
3099 1089 3250 1156 πρὸς
3289 1087 3541 1150 πάντας.

1863 1175 1974 1227 Καὶ
2007 1177 2188 1238 πάλιν,
2221 1178 2288 1229 Τὸ
2311 1179 2567 1242 ἐπιεικὲς
2598 1178 2763 1246 ὑμῶν
2789 1179 3132 1248 γνωσθήτωο
3163 1179 3264 1231 οὐκ
3287 1173 3404 1229 εἶπε
3429 1177 3543 1239 τοῖς

1862 1267 2129 1336 ἀδελφοῖς,
2152 1269 2287 1322 ἀλλά
2310 1269 2499 1322 πᾶσιν
2518 1270 2875 1337 ἁνθρὼποιςί
2897 1271 2960 1322 Τί
2983 1270 3112 1340 γὰρ.
3135 1269 3320 1338 φησὶν,
3341 1265 3537 1334 δφελος

1861 1353 1958 1409 ἐὰν
1983 1340 2153 1417 to?)ng
2182 1355 2469 1423 φιλοῦντας
2495 1357 2640 1425 ὐμᾶς
2662 1358 2884 1427 φιλῆτε;
2923 1359 3018 1410 Ἂν
3052 1356 3149 1427 μὲν
3179 1351 3270 1408 οὖν
3295 1353 3545 1424 βλάπτω-

1863 1461 1947 1496 σιν
1975 1445 2158 1497 αὐτῶν
2197 1447 2252 1496 αί
2285 1445 2478 1512 φιλίαι,
2510 1447 2603 1498 καὶ
2639 1447 2776 1516 πρὸς
2816 1446 3102 1499 κοινωνίαν
3148 1444 3246 1513 τῆς
3288 1442 3545 1505 ἀσεϐείας

1861 1531 2083 1593 ἕλκωσι,
2133 1533 2238 1585 κᾶν
2284 1533 2332 1584 οἱ
2382 1534 2774 1600 γεγεννηκότες
2815 1527 2970 1594 ὦσιν,
3018 1531 3392 1601 ἀποπήδησον·
3439 1529 3545 1581 κᾶν

1860 1617 2222 1692 ὀφθαλμὸς
2259 1620 2528 1691 ἐξόρυξον·
2584 1623 2718 1674 Ἐὰν
2759 1624 2884 1690 γὰρ,
2930 1623 3114 1690 φησὶν,
3161 1623 3192 1672 ό
3233 1619 3545 1686 ὀφθαλμός

1859 1723 1975 1760 σου
2003 1711 2034 1759 ό
2059 1707 2256 1774 δεξιὸς
2283 1708 2654 1775 exat-611.111};
2678 1726 2771 1770 σε,
2804 1710 3072 1776 ἔκκοψον
3093 1708 3300 1760 αὐτόν’
3327 1705 3388 1757 οὐ
3416 1705 3544 1773 περὶ

1861 1794 2112 1863 σώματος
2141 1795 2335 1863 λέγων,
2363 1795 2479 1857 πῶς
2502 1796 2640 1866 γάρ;
2671 1797 2730 1847 Εἰ
2758 1797 2866 1866 γὰρ
2896 1795 3025 1864 περὶ
3051 1794 3148 1863 τῆς
3170 1792 3264 1845 τοῦ
3289 1789 3543 1860 σώματος

1859 1881 2073 1948 φύσεως
2107 1883 2278 1950 ἔλεγε,
2307 1884 2368 1935 τὸ
2401 1883 2650 1952 ἔγκλημα
2679 1886 2759 1945 εἱς
2784 1883 2874 1934 τὸν
2907 1883 3003 1952 τῆς
3036 1881 3252 1950 φύσεως
3277 1879 3544 1949 δημιουρ-

1856 1970 1952 2036 γὸν
1991 1971 2279 2024 διέϐαινεν·
2313 1971 2488 2035 ἄλλως
2523 1971 2578 2023 δέ
2613 1972 2735 2040 οὐχὶ
2763 1971 2854 2022 τὸν
2881 1971 2976 2022 ἕνα
3006 1969 3314 2040 ἐξορύττειν
3346 1965 3536 2036 ἐχρῆν

1857 2058 1961 2111 κᾶν
1987 2059 2097 2128 γὰρ
2119 2059 2148 2110 ὁ
2176 2058 2463 2130 ἀριστερὸς
2496 2057 2821 2127 ὑπολειφθῇ,
2851 2058 3052 2128 ὁμοίως
3082 2052 3425 2117 σκανδαλίζει
3448 2051 3540 2104 τὸν

1855 2146 2066 2216 ἔχοντα.
2107 2145 2265 2198 Ἀλλά
2294 2146 2381 2198 ἵνα
2415 2145 2612 2216 μάθῃς,
2645 2147 2727 2196 ὅτι
2754 2146 2813 2197 οὐ
2844 2146 2972 2215 περὶ
2996 2141 3275 2213 ὀφθαλμοῦ
3299 2143 3327 2194 ὁ
3355 2139 3536 2206 λόγος,

1856 2233 2165 2303 προσέθηκε
2196 2233 2288 2286 τὸν
2317 2233 2511 2298 δεξιὸν,
2539 2233 2772 2296 δεικνὺς,
2801 2234 2883 2284 ὃτι
2911 2231 3013 2284 κάν
3043 2232 3128 2294 ὡς.
3149 2230 3323 2296 δεξιὸν
3344 2226 3540 2296 ὀφθαλε·

1859 2323 1956 2392 μὸν
1988 2321 2117 2393 ἔχῃς
2142 2323 2166 2360 h
2191 2321 2312 2373 τινὰ
2349 2320 2521 2388 φίλον,
2557 2322 2647 2372 καὶ
2677 2320 2864 2373 τοῦτον
2907 2319 3124 2381 ἔκϐαλε,
3166 2319 3259 2371 καὶ
3293 2316 3537 2385 ἀπότεμε

1853 2413 1952 2480 τῆς
1983 2411 2120 2482 πρὸς
2156 2412 2214 2462 σε
2250 2410 2456 2478 φιλίας,
2495 2411 2590 2463 ἐάν
2623 2426 2682 2461 σε
2711 2408 3061 2479 σκανδαλίζῃ.
3104 2407 3169 2459 Τί
3203 2406 3312 2477 γὰρ
3344 2403 3535 2472 ὄφελος

1854 2498 1997 2567 ἔχειν
2029 2497 2305 2567 ὀφθαλμὸν
2338 2499 2430 2551 ἐπὶ
2457 2497 2602 2568 λύμῃ
2637 2495 2731 2549 τοῦ
2765 2495 2954 2548 λοιποῦ
2989 2495 3270 2564 σώματος;
3301 2492 3398 2544 “Av
3436 2491 3534 2562 μὲν

1853 2582 1966 2647 οὖν,
1990 2587 2125 2655 ὅπερ
2146 2587 2303 2656 ἔφην,
2335 2585 2647 2654 βλάπτωσιν
2670 2587 2726 2636 αἱ
2755 2584 2950 2652 φιλίαι.
2975 2583 3264 2652 φεύγωμεν
3285 2581 3379 2634 καὶ
3401 2581 3536 2639 ἀπο-

1854 2674 2132 2743 πηδῶμενο
2166 2674 2260 2725 ἐὰν
2288 2674 2343 2726 δὲ
2379 2674 2543 2744 μηδὲν
2579 2675 2726 2744 ἡμᾶς
2755 2676 2833 2736 εἰς
2859 2674 2950 2725 τὸν
2980 2674 3077 2742 τῆς
3101 2670 3385 2730 εὐσεϐείας
3419 2667 3535 2719 ἀδι-

1853 2762 1988 2814 κῶσι
2007 2761 2183 2828 λόγον,
2209 2762 2455 2831 ἕλκωμεν
2480 2763 2573 2814 καὶ
2594 2761 2958 2831 ἐπισπώμεθα
2980 2761 3114 2830 πρὸς
3135 2759 3360 2821 ἑαυτοὺς
3385 2755 3534 2809 ἐκεία-

1852 2866 1994 2911 νονς·
2040 2851 2086 2900 εί
2121 2850 2175 2901 δὲ
2223 2851 2360 2918 μήτε
2397 2850 2557 2902 αὐτὸν
2595 2849 2843 2918 ὠφελεῖς,
2892 2849 2988 2902 καὶ
3020 2849 3116 2917 τὴν
3157 2847 3286 2917 παρ’
3321 2845 3529 2898 ἐκείνου

1851 2937 1981 3007 δέχῃ
2003 2936 2226 3005 βλάϐην,
2257 2937 2316 2988 κέ
2327 2937 2514 3007 ρδανον
2530 2937 2590 2988 τὸ
2615 2940 2792 3005 μεῖναι
2821 2936 2910 2989 διὰ
2935 2937 3035 3007 τῆς
3058 2935 3299 3003 ἐκκοπῆς
3315 2931 3527 3002 ἀσινὴς,

1852 3025 1944 3076 καὶ
1980 3023 2148 3092 φεῦγε
2178 3023 2356 3077 αὐτῶν
2393 3023 2492 3086 τάς
2533 3023 2733 3092 φιλίας,
2776 3023 2842 3076 ἂν
2883 3022 3178 3090 βλάπτωσιο
3225 3018 3392 3088 φεῦγε
3434 3019 3530 3088 μό-

1849 3127 1960 3172 νον,
2005 3112 2078 3181 μὴ
2129 3111 2324 3181 μάχου,
2381 3111 2514 3181 μηδέ
2550 3111 2796 3180 πολέμει.
2845 3109 3001 3163 Οὕτω
3035 3109 3129 3161 καὶ
3170 3107 3382 3169 Παῦλος
3425 3123 3531 3159 πα·-

1853 3197 2049 3268 ραινῶν
2080 3198 2246 3266 λέγει·
2279 3201 2346 3252 Εἰ
2368 3197 2651 3259 δυνατὸν,
2691 3198 2755 3249 τὸ
2789 3197 2858 3262 ἐξ
2895 3195 3082 3266 ὑμῶν,
3105 3195 3256 3264 μετὰ
3285 3195 3530 3246 πάντων

1848 3286 2173 3352 ἀνθρώπων
2212 3287 2645 3353 εἰρηνεύοντες.
2687 3285 2884 3348 Δοῦλος
2929 3280 2979 3338 εἷ
3023 3283 3117 3337 τοῦ
3161 3283 3261 3352 τῆς
3306 3283 3529 3352 εἰρήνης

1847 3373 2004 3426 Θεοῦ
2040 3374 2246 3436 ἐκεῖνος
2274 3373 2400 3436 τοὺς
2436 3373 2696 3442 δαίμονας
2729 3372 3006 3426 ἐκϐάλλων
3030 3372 3124 3425 καὶ
3160 3369 3327 3441 μυρία
3359 3370 3529 3440 ἐργα-

1849 3459 2073 3530 ζόμενος
2126 3459 2340 3528 ἀγαθὰ,
2399 3459 2585 3530 ἐπειδὴ
2627 3459 2966 3528 δαιμονῶντα
3011 3457 3175 3513 αὐτὸν
3222 3456 3527 3518 ἐκάλεσαν,

1846 3548 1945 3600 οὐκ
1991 3548 2168 3617 ἀφῆκε
2215 3546 2474 3617 σκηπτὸν,
2516 3547 2576 3600 οὐ
2620 3546 2906 3616 συνέτριψε
2961 3548 3086 3609 τοὺς
3132 3541 3524 3614 λοιδοροῦντας,

1845 3638 1906 3688 οὐ
1957 3638 2262 3690 κατέκαυσε
2315 3637 2412 3706 τὴν
2472 3637 2715 3704 γλῶτταν
2774 3637 2871 3703 τὴν
2931 3636 3105 3699 οὔτως
3168 3636 3526 3705 ἀναίσχυντον
3621 3673 3624 3676 -

1847 3725 1937 3777 καὶ
1982 3723 2295 3791 ἀγνώμονα,
2347 3725 2523 3776 καίτοι
2579 3725 2754 3778 πάντα
2803 3725 2978 3778 ταῦτα
3031 3724 3349 3793 δυνάμενος,
3409 3721 3525 3775 ἀλλ’

1845 3811 2226 3882 ἀπεκρούσατο
2257 3813 2357 3882 τὴν
2392 3813 2728 3882 κατηγορίαν
2777 3813 2938 3882 μόνον
2978 3811 3166 3865 εἰπών.
3222 3810 3363 3880 Ἐγὼ
3395 3810 3525 3864 6m.-

1839 3899 2054 3966 μόνιον
2087 3899 2198 3951 οὐκ
2222 3898 2361 3967 ἔχω,
2386 3899 2548 3952 ἀλλὰ
2576 3900 2720 3966 τιμῶ
2743 3900 2849 3953 τὸν
2871 3898 3191 3967 πέμψαντά
3212 3915 3308 3968 με.
3350 3899 3526 3951 Ἐπει-

1843 3985 1908 4052 δὴ
1934 3984 1989 4038 δέ
2016 3985 2108 4037 καὶ
2137 3987 2165 4037 ό
2191 3984 2374 4047 δοῦλος
2410 3985 2503 4038 τοῦ
2535 3987 2833 4057 ἀρχιερέως
2857 3987 3019 4040 αὐτὸν
3044 3985 3227 4054 ἔτυψε,
3252 3985 3304 4038 τί
3325 4002 3519 4055 φησιν;

1846 4075 1915 4125 El
1929 4071 2046 4140 μὲν
2067 4071 2263 4136 κακῶς
2291 4072 2589 4139 ἐλάλησα,
2611 4074 3003 4141 μαρτύρησον
3024 4073 3156 4141 περὶ
3177 4072 3284 4126 τοῦ
3305 4073 3516 4126 κακοῦ·

1842 4158 1984 4212 εἰδὲ
2006 4157 2228 4224 καλῶς,
2261 4159 2318 4212 τί
2339 4175 2416 4226 με
2443 4158 2664 4227 δέρεις;
2699 4161 2760 4212 Εἰ
2787 4161 2844 4213 δὲ
2870 4160 2898 4212 ὁ
2918 4159 3197 4230 Δεσπότης
3225 4158 3332 4213 τῶν
3354 4159 3522 4226 ἀγγέ-

1842 4245 1949 4298 λων
1979 4245 2346 4314 ἀπολογεῖται,
2385 4247 2479 4301 καὶ
2517 4246 2748 4310 εὐθύνας
2776 4247 2990 4301 δίδωσιν
3027 4248 3235 4318 οἰκέτῃ,
3269 4247 3331 4300 οὐ
3362 4246 3520 4318 χρεία

1846 4333 2198 4404 μακροτέρων
2232 4332 2426 4403 λόγων.
2460 4335 2648 4390 Ταῦτα
2682 4336 2842 4407 μόνον
2873 4337 3074 4407 στρέφε
3109 4336 3177 4390 τὰ
3211 4336 3429 4408 ῥήματα
3459 4337 3519 4390 ἐν

1841 4425 1906 4492 τῇ
1939 4422 2169 4491 διανοίᾳ.
2203 4423 2298 4475 καὶ
2328 4425 2566 4494 συνεχῶς
2594 4425 2732 4478 αὐτὰ
2768 4424 2988 4494 μελέτα,
3019 4425 3113 4478 καὶ⁵
3138 4425 3283 4493 λέγε·
3309 4425 3377 4477 Εἰ
3401 4423 3521 4493 μὲν

1842 4508 2042 4574 κακῶς
2067 4508 2365 4577 ἐλάλησα,
2409 4508 2558 4583 [452]
2589 4513 2980 4581 μαρτύρησον
3011 4511 3143 4580 περὶ
3169 4511 3275 4565 τοῦ
3303 4510 3514 4565 κακοῦο

1840 4598 1892 4648 εἰ
1920 4596 1988 4648 δὲ
2015 4594 2236 4660 καλῶς,
2274 4598 2330 4649 τί
2356 4615 2433 4666 με
2460 4598 2687 4665 δέρεις;
2721 4601 2829 4653 Καί⁵
2859 4599 3108 4669 ἐννόησον
3143 4599 3233 4652 τὸν
3267 4599 3514 4667 λέγοντα,

1841 4684 1936 4736 καὶ
1970 4683 2106 4753 πρὸς
2133 4684 2252 4736 τίνα
2279 4686 2432 4754 φησὶ,
2459 4687 2552 4738 καὶ
2577 4687 2722 4750 τίνος
2743 4687 2950 4752 ἕνεκεν,
2981 4687 3076 4741 καὶ
3105 4687 3256 4740 ἔσται
3289 4704 3371 4740 σοι
3396 4687 3518 4741 θεία

1841 4788 1922 4832 τις
1950 4770 2132 4840 ἐπῳδὴ
2175 4773 2267 4825 καὶ
2311 4773 2566 4844 διηνεκὴς
2608 4775 2677 4827 τὰ
2719 4776 2941 4846 ῥήματα
2982 4774 3174 4840 ταῦτα,
3209 4775 3304 4828 καὶ
3333 4777 3516 4829 πᾶσαν

1839 4857 2126 4929 δυνήσεται
2161 4859 2472 4931 φλεγμονὴν
2501 4863 2870 4916 καταστεῖλαι·
2910 4863 3161 4933 ἐννόησον
3199 4863 3258 4916 τὸ
3295 4863 3515 4934 ἀξίωμα

1840 4945 1932 4998 τοῦ
1959 4946 2326 5014 ὑϐρισθέντος,
2344 4948 2404 4999 τὸ
2425 4949 2636 5011 εὐτελὲς
2661 4951 2752 5003 τοῦ
2777 4950 3099 5021 ὑϐρίσαντος
3117 4992 3131 5014 ,
3158 4951 3254 5022 τὴν
3277 4953 3513 5025 ὑπερϐο-

1839 5031 1938 5102 λὴν
1971 5033 2070 5101 τῆς
2103 5033 2329 5100 ὕϐρεως.
2359 5036 2434 5088 Οὐ
2472 5035 2580 5107 γὰρ
2616 5037 2991 5109 ἐλοιδορήσατο
3031 5039 3211 5108 μόνον,
3245 5039 3383 5094 ἀλλά
3415 5041 3512 5095 καὶ

1839 5120 2131 5190 ἐτύπτησε·
2148 5123 2241 5174 καὶ
2267 5124 2367 5176 οὐκ
2384 5123 2688 5193 ἐτύπτησεν
2712 5125 2916 5191 ἀπλῶς,
2932 5127 3067 5179 ἀλλά
3081 5128 3176 5180 καὶ
3193 5127 3507 5199 ἐρράπισεν

1838 5207 1988 5261 οὐδὲν
1997 5208 2055 5260 δὲ
2073 5209 2276 5279 ταύτης
2287 5211 2384 5281 τῆς
2397 5211 2610 5282 πληγῆς
2632 5213 2974 5284 ἀτιμότερον·
2995 5215 3110 5269 ἀλλ’
3126 5215 3275 5285 ὅμως
3295 5216 3505 5270 ἅπαντα

1836 5293 2089 5366 ἤνεγκεν,
2119 5297 2208 5350 ἴνα
2237 5301 2300 5351 ἐκ
2332 5301 2649 5369 περιουσίας
2682 5300 2859 5374 μάθῃς
2879 5304 2943 5355 σὺ
2968 5300 3284 5374 σωφρονεῖν.
3323 5302 3504 5358 Ταῦτα

1839 5383 1914 5455 μὴ
1938 5385 2096 5456 μόνον
2120 5387 2356 5442 ἐνταῦθα
2383 5389 2782 5460 φιλοσοφῶμεν,
2809 5391 2945 5444 ἀλλὰ
2970 5394 3065 5445 καὶ
3081 5394 3209 5446 ὅταν
3239 5395 3426 5465 καιρὸς
3448 5392 3505 5468 ᾖ,

1837 5475 2014 5528 αὐτῶν
2050 5478 2498 5550 μνημονεύωμεν.
2553 5480 2881 5551 Ἐπῃνέσατε
2917 5485 2930 5521 ί
2964 5481 3031 5534 τά
3073 5483 3362 5553 λεγόμενα,
3391 5486 3506 5540 ἀλλ’

1901 5575 1996 5646 [Sy
2003 5581 2086 5646 v_il_.
2100 5582 2220 5629 ἀλλά
2239 5584 2480 5646 θεραπεύει
2495 5587 2757 5646 νοσήματα.

1901 5643 1924 5710 ξπ
1952 5643 2154 5699 Quidam
2202 5643 2314 5693 mss}
2341 5643 2764 5708 ἀνθρώποιςξῐῐοία
2796 5649 2902 5710 γὰρ,
2930 5650 3088 5710 φησὶν,
3131 5651 3239 5711 ὑμῖν
3271 5651 3402 5714 χάοις
3425 5653 3505 5701 ἐὰν

1835 5716 1941 5746 τους

1905 5722 1956 5746 ΙΞ.

1898 5738 2067 5831 δῆῖοτε
2095 5768 2132 5831 εἷ
2153 5766 2202 5831 ἐν
2226 5767 2350 5831 τάξει
2373 5766 2612 5831 ὸφθαλμοῦ
2635 5769 2746 5831 ἔχῃς
2767 5770 2961 5830 quidam
2984 5786 3098 5819 mss.

1894 5834 1908 5861 ι
1943 5826 2089 5874 Savil.
2120 5829 2196 5879 Μὴ
2221 5829 2360 5890 μόνον
2381 5826 2879 5889 ἐίταινῆσατέ,”ροιίριῐι
2901 5846 3047 5882 sensu
3100 5835 3214 5886 Em

3068 5918 3141 5975 1‘2
