3854 6222
275 234 396 294 ’703

287 352 383 407 ἐπὶ
413 349 523 405 τῶν
550 349 728 424 ἔργων
772 352 1077 421 ἐπιδείξατέ
1125 373 1215 426 μοι
1256 356 1351 410 τὸν
1383 356 1625 414 ἔπαινον.
1658 362 1773 415 Kal
1807 363 1917 433 γάρ
1938 365 1967 415 ὁ

288 438 591 511 παλαιστὴς
638 442 696 492 ἐν
747 442 813 512 τῇ
874 441 1182 513 παλαίστρᾳ
1220 445 1577 514 γυμνάζεται,
1619 449 1706 502 ἵνα
1739 450 1834 503 ἐπὶ
1858 452 1968 505 τῶν

288 526 518 595 ἀγώνων
545 526 693 599 δείξῃ
726 529 823 600 τῆς
854 528 973 582 ἐκεῖ
996 531 1307 600 γυμνασίας
1335 532 1433 603 τὴν
1458 534 1751 605 ὠφέλειανο
1782 539 1877 591 καί⁵
1902 541 1968 593 σὺ

288 615 467 668 τοίνυν
484 616 584 687 τῆς
604 615 837 670 ἐνταῦθα
857 618 1195 690 ἀκροάσεως,
1220 621 1347 675 ὅταν
1370 622 1573 696 ἐπέλθῃ
1590 624 1782 696 θυμὸς,
1799 627 1971 692 δεῖξον

289 701 349 753 τὸ
376 700 586 773 κέρδος,
623 703 718 756 καὶ
748 702 907 757 τοῦτο
934 705 1175 776 συνεχῶς
1205 706 1327 776 λέγε
1352 709 1411 762 τὸ
1446 710 1616 781 ῥῆμα,
1643 714 1710 766 Εἰ
1734 714 1853 782 μὲν
1869 731 1973 769 και

290 787 410 855 κῶς
450 788 748 857 ἐλάλησα,
790 792 1183 861 μαρτύρησον
1230 797 1364 863 περὶ
1406 797 1513 852 τοῦ
1561 800 1773 853 κακοῦ
1816 807 1874 859 ει
1905 802 1974 856 δὲ

289 875 508 943 καλῶς,
550 878 607 930 τί
637 895 716 946 με
751 878 977 947 δέρεις;
1020 882 1192 936 Τοῦτο
1220 883 1496 956 ἔγγραψον
1528 889 1592 958 τῇ
1620 887 1848 959 διανοίᾳ·
1882 887 1972 945 διὰ

286 963 448 1016 τοῦτο
493 963 603 1038 γὰρ
654 966 895 1037 συνεχῶς
944 969 1352 1042 ὐπομιμνήσκω
1401 973 1607 1027 τούτων
1649 974 1760 1030 τῶν
1797 976 1970 1045 λόγων

289 1051 452 1121 ὑμᾶς.
483 1052 626 1107 ὥστε
656 1055 939 1128 ἐντεθῆναι
960 1058 1115 1129 ὑμῶν
1137 1062 1200 1131 τῇ
1224 1061 1368 1133 ψυχῇ
1399 1061 1468 1115 τὰ
1496 1063 1763 1133 εἰρημένα
1792 1064 1970 1119 ᾶπαν-

287 1156 376 1201 τα,
407 1140 548 1194 ὥστε
576 1143 966 1223 ἀνεξάλειπτον
999 1149 1178 1217 μεῖναι
1207 1150 1307 1218 τὴν
1335 1150 1576 1221 μνήμην,
1617 1152 1712 1204 καί⁵
1739 1152 1839 1223 τὴν
1864 1153 1971 1206 ἀπὸ

288 1226 388 1297 τῆς
418 1231 640 1301 μνήμης
674 1232 960 1300 ὠφέλειαν.
998 1236 1096 1288 Ἂν
1139 1236 1249 1307 γὰρ
1282 1236 1497 1308 ἔχωμεν
1538 1241 1969 1310 ἐγγεγραμμένα

288 1315 356 1369 τὰ
386 1318 607 1389 ῥήματα
633 1319 809 1373 ταῦτα
842 1322 935 1376 ἐπὶ
969 1322 1029 1375 τὸ
1061 1322 1263 1389 πλάτος
1295 1324 1395 1393 τῆς
1431 1324 1673 1390 διανοίας
1703 1328 1803 1398 τῆς
1829 1329 1967 1397 ήμε-

1017 236 1076 292 Βι
1118 237 1409 297 JOANNIS
1465 241 1956 301 CIIRYSOSTOMI
1994 246 2317 305 ARCIHEP.
2353 249 2911 308 CONST'ANTINOP.
3657 249 3747 303 710

2067 365 2251 436 τέρας,
2271 366 2445 429 οὐδεὶς
2466 365 2610 420 οὕτω
2629 367 2830 432 λίθινος
2849 369 2944 421 καὶ
2971 365 3244 437 ἀγνώμων
3271 366 3366 418 καί
3393 364 3746 435 ἀναίσθητος.

2068 450 2143 516 ὡς
2174 451 2523 522 ἐξενεχθῆναί
2554 471 2685 507 ποτε
2714 455 2850 526 πρὸς
2873 454 3067 525 ὀργήν·
3090 454 3211 508 ἀντὶ
3233 453 3342 525 γὰρ
3363 451 3596 551 χαλινοῦ
3626 470 3748 505 παν-
3812 438 3818 555 ί

2072 539 2159 602 τὸς
2190 539 2285 592 καὶ
2304 540 2486 610 πάσης
2505 542 2680 612 ἡνίας,
2705 545 2805 615 τὴν
2824 541 3071 610 γλῶτταν
3094 542 3225 613 ἡμῖν
3252 541 3394 612 πέρα
3418 540 3518 593 τοῦ
3551 541 3748 610 μέτρου
3816 539 3817 567 ‘

2071 626 2166 680 καὶ
2197 626 2291 680 τοῦ
2320 628 2689 697 προσήκοντος
2715 629 3087 701 ἐκφερομένην
3113 628 3286 681 ταῦτα
3310 630 3565 698 ἐπισχεῖν
3595 628 3750 696 δυνή-
3816 654 3820 683 ι

2074 729 2227 766 σεται
2264 713 2335 766 τά
2369 716 2611 784 ῥήματα.
2647 716 2742 769 καί⁵
2782 718 2883 788 τὴν
2911 715 3148 771 διάνοιαν
3181 713 3425 768 οἰδοῦσαν
3458 716 3752 767 καταστεῖ-

2072 800 2181 862 λαι,
2213 802 2305 854 καὶ
2339 802 2566 871 ποιῆσαι
2597 815 2623 843 ι
2652 803 2966 873 μετριάζειν
2998 803 3281 874 διηνεκῶς,
3321 803 3415 856 καὶ
3452 801 3753 871 ὁλόκληρον

2072 889 2205 958 ήμῖν
2250 889 2627 958 ἐγκατοικίσαι
2670 892 2772 962 τὴν
2823 892 3068 963 είρήνηψ
3114 886 3183 962 ἧς
3213 891 3422 959 γένοιτο
3454 890 3751 951 διαπαντὸς

2076 978 2219 1045 ἡμᾶς
2263 975 2579 1041 ἀπολαύειν,
2627 978 2811 1047 χάριτι
2857 979 2952 1033 καὶ
2992 978 3370 1050 φιλανθρωπίᾳ
3407 976 3507 1030 τοῦ
3540 978 3751 1048 Κυρίω

2071 1064 2228 1133 ἡμῶν
2270 1063 2447 1134 Ἰησοῦ
2495 1065 2757 1135 Χριστοῦ,
2809 1067 2929 1137 μεθ’
2951 1059 3014 1120 οὐ
3041 1066 3120 1137 τῷ
3145 1067 3322 1138 Πατρὶ
3348 1067 3446 1120 καὶ
3480 1065 3564 1135 τῷ
3615 1067 3754 1133 ἁγίῳ

2073 1150 2355 1220 Πνεύματι
2385 1152 2419 1221 ἡ
2447 1151 2576 1215 δόξα
2605 1154 2698 1206 καὶ
2724 1154 2785 1205 τὸ
2811 1154 3014 1225 κράτος
3048 1155 3142 1208 xal
3166 1156 3200 1225 ή
3227 1155 3631 1226 προσκύνησις,
3663 1155 3755 1206 νῦν

2070 1237 2166 1292 καὶ
2192 1238 2299 1302 ἀεὶ,
2341 1238 2436 1291 καὶ
2464 1240 2546 1301 εἰς
2568 1241 2692 1304 τοὺς
2722 1240 2925 1305 αἰῶνας
2948 1240 3057 1294 τῶν
3081 1240 3311 1296 αἰώνων.
3359 1244 3556 1313 Ἀμήν.

2129 1340 2157 1368 ⁸
2178 1340 2329 1389 Savil.
2356 1345 2405 1390 et
2425 1341 2623 1403 quidam
2644 1342 2727 1393 alii
2749 1346 2831 1393 καὶ
2851 1345 3013 1394 πεῖσαι
3036 1347 3309 1410 μετριάζειν.

436 1455 3665 1493 -..________.__._____________________________________

298 1644 603 1703 Τοῦαύτοῦ
622 1649 733 1718 πρὸ
751 1651 995 1705 πολλῶν
1012 1653 1247 1722 ἡμερῶν
1258 1654 1408 1723 πρὸς
1423 1656 1758 1726 Ἀνομοίους
1771 1655 2065 1720 εἰπόντος.
2081 1651 2206 1710 εἶτα
2221 1656 2370 1726 πρὸς
2385 1656 2733 1725 Ἰουδαίους,
2748 1655 2874 1713 εἶτα
2890 1659 3256 1729 σιγήσαντος
3267 1659 3364 1713 διὰ
3378 1657 3707 1728 παρουσὶω
3725 1665 3756 1695 ⁸
3818 1660 3819 1739 ί

394 1741 740 1796 ἐπισκόπων
754 1744 852 1797 καί
867 1748 1183 1815 μαρτύρων
1199 1747 1438 1818 μνήμας
1476 1746 1726 1821 πολλῶν
1748 1747 2092 1819 γενομένας,
2130 1749 2249 1803 νῦν
2273 1749 2461 1804 πάλιν
2487 1750 2635 1819 πρὸς
2671 1752 3006 1821 Ἀνομοίους
3030 1754 3161 1821 περί
3188 1754 3654 1818 ἀκαταλήπτων.

864 2066 1054 2136 Λόγος
1090 2068 1388 2140 δεύτερος.

360 2156 431 2202 α’.
455 2150 590 2223 Φέρε
610 2149 675 2222 δὴ
695 2150 858 2206 πάλιν
880 2153 1018 2224 πρὸς
1043 2157 1169 2221 τούς
1196 2159 1461 2227 ἀπίστους
1502 2164 1810 2237 Ἀνομοίους
1835 2171 1972 2223 ἁπο-

290 2237 604 2309 δυσώμεθα·
637 2241 686 2292 εἰ
714 2238 772 2292 δὲ
793 2239 1195 2308 ἀγανακτοῦσιν
1220 2246 1439 2304 ἄπιστοι
1469 2252 1816 2325 καλούμενοι,
1841 2273 1974 2325 φευ-

291 2325 539 2415 γέτωσαν
566 2325 907 2415 τδπρᾶγμα,
948 2329 1105 2397 κάγὼ
1146 2333 1373 2405 κρύπτω
1403 2337 1465 2391 τὸ
1501 2338 1690 2411 ὄνομα·
1733 2345 1975 2415 ἀποστή-

289 2430 472 2466 τωσαν
490 2414 590 2485 τῆς
621 2414 851 2468 ἀπίστου
874 2415 1134 2481 διανοίας,
1164 2421 1260 2475 καὶ
1288 2423 1595 2497 ἀφίσταμαι
1627 2431 1727 2500 τῆς
1756 2414 1975 2484 ἐπονει-

290 2500 472 2554 δίστου
501 2503 899 2573 προσηγορίας.
930 2503 993 2558 Εἰ
1025 2505 1082 2560 δὲ
1111 2507 1266 2562 αὐτοὶ
1300 2509 1388 2565 διὰ
1421 2511 1530 2566 τῶν
1558 2513 1737 2587 ἔργων
1767 2517 1973 2588 ἀτιμά-

293 2590 479 2656 ζοντες
502 2593 604 2663 τὴν
625 2593 829 2661 πίστιν,
857 2596 952 2648 καί⁵
972 2596 1205 2662 ἑαυτοὺς
1235 2602 1689 2673 καταισχύνοντες
1715 2606 1777 2660 οὐ
1805 2625 1976 2662 κατα-

290 2679 527 2745 δύονται,
558 2681 706 2745 τίνος
737 2681 923 2736 ἕνεκεν
952 2684 1093 2756 πρὸς
1122 2687 1272 2757 ἡμᾶς
1303 2688 1717 2762 δυσχεραίνουσι
1746 2694 1834 2748 διὰ
1866 2696 1976 2749 τῶν

295 2767 555 2839 ῥημάτων
575 2769 943 2838 ἐγκαλοῦντας
973 2773 1157 2838 αὐτοῖς
1176 2772 1213 2828 ἀ
1236 2774 1324 2830 διὰ
1347 2776 1456 2831 τῶν
1478 2778 1658 2850 ἔργων
1679 2782 1833 2836 αὐτοὶ
1858 2785 1978 2836 ἐπι-

290 2855 630 2921 δείκνυνται;
678 2858 880 2931 Πρῴην
913 2860 1012 2929 μὲν
1057 2861 1170 2933 γάρ
1198 2863 1365 2934 ήνίκα
1410 2867 1490 2930 είς
1528 2867 1590 2920 τὸ
1624 2870 1836 2924 στάδιον
1867 2871 1976 2923 τῶν

292 2943 468 3014 λόγων
510 2944 718 3000 τούτων
750 2945 902 3019 [ιὸὄ]
951 2949 1278 3021 καθήκαμεν
1323 2953 1573 3020 ἐαυτούς,
1619 2957 1871 3028 καθάπερ
1909 2958 1975 3031 δὴ

296 3032 599 3105 μέμνησθε,
647 3035 744 3089 καὶ
785 3036 895 3089 τῶν
940 3037 1120 3092 αὐτῶν
1162 3038 1444 3111 ἡψάμεθα
1473 3045 1887 3116 παλαισμάτων,
1928 3049 1974 3099 οἰ

292 3120 433 3191 πρὸς
462 3120 750 3188 Ἰουδαίους
772 3125 924 3196 ἡμᾶς
945 3125 1149 3191 εὐθέως
1175 3126 1478 3196 διεδέξαντο
1500 3131 1729 3200 ἀγῶνες,
1761 3135 1856 3188 καὶ
1877 3134 1977 3187 οὐκ

290 3204 360 3280 ἦν
389 3210 631 3279 ἀσφαλὲς
658 3212 723 3266 τὸ
752 3215 930 3267 οἰκεῖα
959 3214 1097 3287 μέλη
1130 3219 1462 3289 νενοσηκότα
1491 3223 1879 3294 παρατρέχειν.
1913 3225 1975 3275 Οί

297 3300 397 3371 μὲν
436 3302 545 3374 γάρ
582 3303 721 3374 πρὸς
758 3304 1074 3375 Ἀνομοίους
1104 3305 1251 3375 λόγοι
1278 3309 1363 3361 ἀεὶ
1396 3310 1590 3381 καιρὸν
1617 3309 1820 3381 ἔχουσι·
1852 3313 1975 3365 τότε

293 3389 351 3441 δὲ
383 3390 511 3453 τοὺς
546 3390 970 3462 ἀρρωστοῦντας
1006 3393 1115 3446 τῶν
1149 3394 1395 3465 ἀδελφῶν
1426 3397 1535 3450 τῶν
1570 3398 1851 3469 ἡμετέρων
1882 3401 1976 3452 καὶ

294 3476 364 3529 τά
400 3476 671 3532 Ἰουδαϊκὰ
698 3478 991 3543 νοσοῦντας
1013 3482 1062 3534 εἰ
1092 3481 1166 3553 μὴ
1198 3482 1567 3551 προλαῦόντες
1590 3483 1791 3547 εὐθέως
1821 3486 1979 3558 ἐξηρ-

295 3563 555 3635 πάσαμεν
584 3565 688 3633 τῆς
718 3567 902 3639 πυρᾶς
938 3567 1035 3638 τῆς
1086 3568 1403 3640 Ἰουδαϊκῆς,
1435 3570 1587 3624 οὐδὲν
1621 3571 1813 3641 ὄφελος
1849 3574 1979 3643 ἡμῖν

294 3650 484 3704 λοιπὸν
506 3652 717 3721 ἐγίνετο
738 3654 839 3723 τῆς
867 3655 1264 3725 παραινέσεως,
1288 3657 1390 3728 τῆς
1414 3659 1688 3731 ἁμαρτίας
1716 3659 1816 3729 τῆς
1838 3661 1980 3713 κατά

295 3738 395 3808 τὴν
421 3740 677 3809 νηστείαν
706 3742 1148 3814 προχωρησάσης
1176 3743 1376 3808 αὐτοῖς.
1416 3746 1573 3800 Μετά
1603 3745 1662 3798 δέ
1688 3749 1815 3811 τούς
1841 3748 1980 3819 πρὸς

297 3826 543 3890 ἐκείνους
593 3827 814 3897 ἀγῶνας
867 3829 1031 3883 πάλιν
1087 3829 1356 3895 διεδέξατο
1403 3833 1657 3905 πατέρων
1711 3835 1978 3904 παρουσία

297 3913 689 3984 πνευματικῶν
732 3915 943 3971 πολλῶν
985 3917 1318 3989 πολλαχόθεν
1358 3919 1597 3974 ἐνταῦθα
1638 3920 1977 3991 ἀφιγμένων,

298 4004 392 4054 καὶ
434 4002 557 4057 οὐδὲ
590 4004 715 4058 τότε
747 4003 1006 4077 εὔκαιρον
1038 4002 1129 4078 ῆν,
1178 4007 1437 4061 ἁπάντων
1472 4009 1695 4061 ἐκείνων
1727 4010 1980 4082 καθάπερ

299 4090 461 4145 τινῶν
502 4091 764 4163 ποταμῶν
817 4094 899 4157 είς
946 4095 1046 4165 τὴν
1091 4097 1466 4166 πνευματικὴν
1506 4095 1709 4168 ταύτην
1747 4098 1981 4169 ῥεόντων

298 4178 594 4242 θάλασσαν,
624 4179 716 4232 τὸν
739 4180 1005 4251 ἡμέτερον
1029 4180 1371 4234 ἐκτείνεσθαι
1394 4183 1571 4251 λόγον’
1602 4186 1696 4237 καὶ
1725 4185 1861 4256 μετά
1881 4187 1980 4257 τὴν

297 4265 524 4319 ἐκείνων
570 4266 629 4319 δέ
675 4267 988 4338 ἀποδημίαν
1019 4267 1312 4339 μαρτύρων
1343 4270 1659 4342 ἀπήντησαν
1690 4272 1981 4342 ἐπάλληλοι

302 4352 514 4424 μνῆμαι
562 4342 659 4409 καὶ
695 4359 960 4426 συνεχεῖς,
995 4357 1091 4409 καὶ
1137 4359 1254 4410 οὐ»
1285 4357 1391 4411 ἔδει
1440 4360 1852 4431 καταφρονῆσαι
1882 4362 1982 4432 τῆς

297 4438 406 4491 τῶν
435 4438 687 4510 ἀθλητῶν
716 4441 942 4496 ἐκείνων
967 4442 1236 4512 εὐλογίας.
1276 4444 1464 4501 Ταῦτα
1491 4446 1548 4500 δὲ
1584 4447 1728 4516 λέγω
1753 4448 1847 4502 καὶ
1871 4450 1979 4503 ἀπ-

298 4525 663 4598 αριθμοῦμαι,
693 4528 782 4584 ἵνα
818 4531 894 4602 μὴ
932 4531 1195 4602 νομίσητε
1234 4531 1293 4597 ἐξ
1324 4532 1484 4586 ὄκνου
1515 4534 1659 4599 τινὸς
1690 4536 1785 4588 καί¹
1814 4536 1981 4607 ρᾳθυ-

304 4615 429 4684 μίας
453 4617 587 4688 ἡμῖν
608 4616 864 4685 γενέσθαι
888 4617 988 4690 τὴν
1018 4619 1288 4692 ἀναϐολὴν
1319 4621 1430 4674 τῶν
1452 4621 1678 4691 ἀγώνων
1702 4621 1810 4676 τῶν
1842 4624 1980 4694 πρὸς

300 4703 562 4766 ἐκείνους.
602 4703 719 4757 Νῦν
749 4704 882 4772 γοῦν
913 4706 1102 4779 ἐπειδη
1134 4708 1231 4761 καὶ
1257 4708 1358 4778 τῆς
1387 4710 1525 4781 πρὸς
1561 4709 1842 4774 Ἰουδαίους
1864 4711 1977 4763 λοι-

302 4793 402 4846 πὸν
436 4790 834 4866 ἀπηλλάγημεν
863 4794 1064 4866 μάχης,
1094 4796 1189 4849 καὶ
1214 4797 1264 4849 οἱ
1296 4797 1533 4868 πατέρες
1562 4798 1699 4868 πρὸς
1728 4797 1828 4863 τάς
1853 4799 1977 4852 ἐαυ-

299 4879 409 4931 τῶν
434 4879 736 4950 ἐπανῆλθον
770 4882 1059 4950 πατρίδας,
1098 4884 1191 4937 καὶ
1220 4888 1320 4957 τῆς
1354 4885 1602 4954 εὐλογίας
1629 4887 1739 4940 τῶν
1766 4887 1977 4958 μαρτύ-

303 4986 411 5038 ρων
443 4968 843 5040 ἀπηλαύσαμεν
875 4970 1096 5035 ίκανῶς,
1126 4970 1260 5041 φέρε
1294 4971 1358 5042 δὴ
1394 4971 1579 5026 λοιπὸν
1614 4975 1711 5042 τὴν
1757 4973 1977 5043 χρονίαν

301 5058 464 5111 ὠδῖνα
485 5057 583 5129 τῆς
610 5055 889 5128 ἡμετέρας
914 5058 1234 5127 ἀκροάσεως
1260 5058 1531 5128 λύσωμεν.
1559 5053 1632 5112 Εὐ
1653 5056 1761 5129 γάρ
1782 5054 1878 5111 οἷδ’
1895 5059 1976 5112 ὅτι

301 5145 436 5217 ἐμοῦ
464 5146 557 5200 τοῦ
579 5145 832 5215 λέγοντος
860 5145 960 5199 οὐκ
986 5145 1205 5199 ἔλαττον
1225 5146 1456 5211 ἕκαστος
1476 5147 1505 5199 ὑ
1514 5146 1629 5216 μῶν
1650 5146 1829 5199 ὠδίνει
1852 5148 1978 5211 τοὺς

306 5234 434 5306 περὶ
471 5233 675 5287 τούτων
692 5232 922 5287 ἀκοῦσαι
964 5233 1176 5301 λόγους
1208 5234 1270 5286 τὸ
1296 5234 1352 5287 δὲ
1381 5235 1575 5299 αἴτιον,
1611 5233 1976 5305 φιλόχριστοςο

306 5325 435 5393 ἡμῖν
471 5322 678 5377 ἀνωθεν
712 5323 744 5393 ἡ
784 5320 938 5385 πόλις
968 5322 1108 5384 ἐστὶ,
1153 5321 1249 5374 καὶ
1282 5320 1541 5391 πατρῴαν
1569 5321 1772 5393 ταύτην
1812 5322 1979 5375 διεδέ-

307 5408 467 5474 ξασθε
490 5408 876 5481 κληρονομίαν,
908 5408 1176 5479 μηδέποτε
1209 5410 1472 5479 περιορᾷν
1493 5407 1562 5460 τὰ
1581 5408 1681 5479 τῆς
1700 5409 1979 5472 εὐσεϐείας

325 5498 548 5566 νύγματα
603 5495 952 5566 νοθευόμενα.
1003 5494 1175 5549 Πόθεν
1220 5494 1379 5548 τοῦτο
1422 5494 1614 5566 δῆλον;
1653 5495 1980 5566 Κατέϐησάν

306 5595 449 5646 τινες
495 5582 605 5635 ἁπδ
646 5584 747 5653 τῆς
804 5583 1065 5647 Ἰουδαίας
1109 5582 1242 5636 ποτέ
1285 5583 1377 5637 ἐπ)⁸
1420 5582 1530 5638 τῶν
1565 5583 1845 5654 προγόνων
1873 5583 1982 5639 τῶν

371 5673 399 5708 ⁸
419 5673 516 5724 Alii
540 5676 617 5723 καὶ
639 5674 993 5732 ἀπελαύνοντες.

1983 1911 2056 1925 ρ·-

2073 2086 2375 2158 ὐμετέρων,
2405 2086 2783 2151 ἐπιθολοῦντες
2814 2086 2882 2141 τὰ
2910 2085 3129 2157 καθαρά
3149 2085 3250 2155 τῆς
3278 2083 3659 2153 ἀποστολικῆς
3682 2085 3758 2137 δι-
3820 2094 3821 2153 ί

2072 2178 2371 2242 δασκαλίας
2409 2178 2677 2250 δόγματα,
2715 2179 2811 2234 καὶ
2845 2178 3157 2241 κελεύοντες
3198 2176 3633 2247 περιτέμνεσθαι
3665 2177 3757 2228 καὶ

2072 2267 2258 2336 τηρεῖν
2283 2265 2375 2318 τὸν
2405 2265 2568 2336 νόμον
2596 2265 2896 2329 Μωῦσέως.
2938 2263 3155 2333 Ταύτην
3186 2264 3290 2316 οὐκ
3332 2264 3583 2333 ἦνεγκαν
3630 2264 3754 2330 σιγῇ

2071 2352 2171 2424 τὴν
2200 2353 2558 2424 καινοτομίαν
2586 2354 2636 2406 οί
2668 2352 2790 2406 τότε
2816 2353 2917 2423 τὴν
2938 2351 3095 2405 πόλιν
3120 2350 3272 2421 ὑμῶν
3301 2349 3612 2409 οἰκοῦντες
3646 2349 3751 2402 ἀλλ’

2074 2440 2266 2512 ὥσπερ
2294 2443 2535 2509 γενναῖοι
2565 2439 2836 2503 σκύλακες
2875 2439 3074 2503 λύκους
3106 2436 3342 2509 ὁρῶντες
3379 2437 3751 2498 ἐπεισιόντας,

2076 2528 2171 2582 καὶ
2201 2528 2299 2599 τὴν
2336 2528 2573 2599 ποίμνην
2615 2527 2835 2582 ἃπασαν
2866 2525 3296 2596 διαφθείροντας,
3326 2522 3515 2585 οὕτως
3556 2524 3751 2591 ἐπιπηο

2076 2615 2340 2686 δήσαντες
2364 2615 2594 2679 ἐκείνοις
2620 2616 2683 2669 οὐ
2710 2615 2978 2686 πρότερον
3004 2613 3321 2683 ἀπέστησαν
3350 2609 3652 2673 σοϐοῦντες
3673 2611 3753 2662 αὐ-

2078 2704 2203 2767 τοὺς
2232 2702 2494 2757 πάντοθεν
2517 2703 2611 2756 καὶ
2629 2702 2945 2765 ἐλαύνοντες
2963 2713 3008 2765 α,
3033 2701 3138 2764 ἓως
3153 2697 3592 2771 παρεσκεύασαν
3618 2698 3753 2765 παρὰ

2075 2786 2185 2838 τῶν
2225 2785 2539 2839 ἀποστόλων
2586 2783 2865 2854 πανταχοῦ
2911 2784 3010 2853 τῆς
3059 2782 3385 2852 οἰκουμένης
3431 2779 3753 2850 πεμφθῆναι

2077 2868 2329 2938 δόγματα
2352 2867 2766 2939 ἀποτειχίζοντα
2795 2866 3069 2930 κάκείνοις
3102 2866 3197 2920 καὶ
3222 2866 3335 2928 τοῖς
3360 2863 3489 2934 μετ’
3514 2864 3755 2925 ἐκείνους

2080 2954 2252 3010 ἀπασι
2276 2953 2373 3025 τὴν
2405 2954 2661 3024 τοιαύτην
2691 2952 2832 3009 κατά
2864 2953 2972 3007 τῶν
3005 2952 3211 3006 πιστῶν
3234 2950 3450 3019 ἔφοδον.

2153 3042 2213 3113 β’.
2250 3042 2419 3095 Πόθεν
2445 3037 2537 3095 οὖν
2564 3043 2692 3112 ἡμῖν
2720 3041 2950 3112 ἀρκτέον
2977 3039 3087 3094 τῶν
3113 3038 3247 3111 πρὸς
3270 3038 3529 3101 ἐκείνους
3556 3038 3757 3105 λόγωνς

2078 3130 2248 3184 Πόθεν
2283 3128 2506 3184 ἄλλοθεν
2543 3128 2657 3181 ἀλλ’
2693 3128 2727 3201 ἢ
2762 3129 2872 3183 ἀπὸ
2901 3128 3002 3197 τῆς
3040 3127 3183 3181 κατά
3220 3125 3320 3197 τὴν
3353 3126 3639 3180 ἀπιστίαν
3673 3144 3763 3178 κα-

2078 3218 2380 3289 τηγορίας;
2438 3218 2624 3271 Πάντα
2674 3219 2783 3289 γὰρ
2840 3218 3052 3272 ποιοῦσι
3098 3217 3193 3271 καὶ
3242 3216 3761 3288 πραγματεύονται.

2080 3306 2219 3360 ὥστε
2244 3305 2549 3378 ἐξωσθῆσαι
2571 3306 2672 3376 τῆς
2694 3305 2803 3359 τῶν
2822 3305 3130 3360 ἀκουόντων
3155 3304 3396 3367 διανοίας
3421 3305 3533 3374 τὴν
3558 3305 3760 3363 πίστιν,

2080 3390 2140 3448 οὐ
2165 3395 2216 3447 τί
2242 3394 2437 3462 γένοιτ’
2470 3394 2536 3447 ἂν
2568 3395 2752 3465 μεῖζον
2786 3393 3041 3456 ἀσεϐείας
3068 3392 3349 3462 ἐγκλημα;
3384 3392 3572 3445 Ὅταν
3598 3394 3709 3461 γὰρ
3736 3394 3762 3443 ό

2079 3480 2210 3544 Θεὸς
2241 3480 2611 3552 ἀποφαίνηται
2644 3498 2718 3545 τι,
2764 3479 3015 3550 δέχεσθαι
3049 3479 3154 3551 χρή
3186 3479 3398 3543 πιστῶς
3436 3479 3505 3534 τὸ
3550 3480 3760 3550 λεχθὲν.

2079 3570 2139 3620 οὐ
2189 3567 2645 3640 περιεργάζεσθαι
2694 3567 2998 3639 τολμηρῶς.
3070 3567 3129 3620 Ὀ
3183 3566 3517 3638 βουλόμενος
3580 3570 3760 3623 αὐτῶν

2080 3659 2314 3712 καλείτω
2352 3675 2419 3728 με
2468 3657 2715 3724 ἀπιστον,
2747 3659 2848 3711 οὐκ
2897 3655 3213 3726 ἀγανακτῶ.
3243 3656 3344 3710 Διά
3385 3657 3482 3721 τίς
3523 3659 3631 3713 Διά
3659 3659 3761 3727 γὰρ

2079 3749 2187 3800 τῶν
2214 3746 2389 3818 ἔργων
2412 3745 2793 3815 ἐπιδείκνυμαι
2818 3744 2915 3816 τὴν
2943 3744 3337 3817 προσηγορίαν.
3365 3744 3481 3798 Kal
3514 3745 3570 3797 τί
3593 3745 3759 3811 λέγω,

2080 3835 2315 3889 καλείτω
2359 3852 2427 3905 με
2457 3834 2720 3895 ἀπιστονς
2758 3835 2995 3888 καλείτω
3042 3851 3109 3905 με
3159 3835 3253 3887 καὶ
3297 3833 3487 3904 μωρὸν
3524 3835 3589 3886 ἐν
3633 3835 3763 3903 Χρι-

2082 3916 2191 3987 στῷ
2213 3934 2226 3947 ο
2263 3917 2355 3971 καὶ
2397 3918 2490 3970 ἐπὶ
2521 3917 2697 3988 τούτῳ
2728 3916 2918 3989 ῶσπερ
2958 3917 3052 3970 ἐπὶ
3085 3915 3334 3988 στεφάνῳ
3382 3915 3557 3970 πάλιν
3598 3916 3765 3983 ἀγάλ-

2080 4005 2276 4075 λομαι·
2329 4006 2423 4060 καὶ
2455 4004 2566 4074 γάρ
2601 4004 2737 4075 μετά
2781 4002 2995 4057 Παύλου
3049 4002 3290 4058 κοινωνῶ
3320 4003 3421 4073 τῆς
3472 4018 3763 4073 προσηγο-

2083 4092 2204 4163 ρίας
2231 4092 2456 4164 ταύτης.
2522 4093 2758 4155 Ἐκεῖνος
2787 4093 2894 4163 γάρ
2949 4109 3143 4163 φησιν·
3192 4091 3396 4161 Ἡμεῖς
3438 4091 3635 4161 μωροὶ
3672 4090 3765 4146 διὸ

2082 4180 2359 4248 Χριστόν.
2399 4179 2588 4250 Πάσης
2644 4180 2835 4247 σοφίας
2879 4179 3017 4250 αὕτη
3052 4181 3085 4250 ή
3122 4179 3304 4250 μωρία
3343 4180 3762 4251 φρονιμωτέρα.

2088 4270 2155 4321 Ἀ
2176 4268 2283 4339 γάρ
2306 4269 2406 4322 οὐκ
2435 4268 2655 4339 ἴσχυσεν
2682 4270 2716 4337 ή
2743 4266 2945 4332 ἔξωθεν
2979 4268 3162 4338 εὑρεῖν
3194 4268 3378 4337 σοφία,
3400 4267 3585 4321 ταῦτα

2083 4354 2442 4425 κατώρθωσεν
2494 4356 2528 4425 ἡ
2574 4355 2818 4426 μωρίαή
2862 4354 3006 4409 κατά
3035 4356 3304 4427 Χριστόν·
3354 4355 3500 4427 αῦτη
3537 4358 3605 4410 τὸ
3634 4359 3768 4411 σκό-

2080 4460 2172 4507 τος
2196 4444 2297 4513 τῆς
2338 4441 2668 4513 οἰκουμένης
2705 4442 3007 4513 ἀπήλασεν,
3040 4441 3182 4513 αῦτη
3210 4443 3271 4496 τὸ
3315 4443 3433 4512 φῶς
3472 4444 3584 4515 τῆς
3619 4446 3769 4511 γνὼο

2084 4547 2221 4593 σεως
2258 4531 2596 4601 ἐπανήγαγε.
2649 4530 2715 4583 Τί
2753 4530 2811 4584 δέ
2862 4532 2979 4584 ἐστι
3041 4530 3223 4602 μωρία
3266 4532 3408 4584 κατά
3466 4531 3766 4603 Χριστόνς

2085 4618 2252 4670 Ὅταν
2273 4618 2398 4680 τοὺς
2438 4615 2670 4680 οἰκείους
2698 4616 2993 4687 λογισμοὺς
3037 4618 3346 4681 λυττῶντας
3373 4618 3629 4689 ἀκαίρως
3662 4637 3768 4673 κα-

2079 4704 2480 4775 ταστέλλωμεν.
2530 4705 2659 4759 ὅταν
2713 4704 2918 4779 ἔρημον
2979 4707 3075 4760 καὶ
3128 4704 3290 4777 κενὴν
3322 4706 3424 4774 τὴν
3468 4708 3768 4779 ἡμετέραν

2079 4792 2318 4847 διάνοιαν
2343 4793 2441 4863 τῆς
2469 4790 2669 4857 ἔξωθεν
2694 4793 2938 4863 ποιῶμεν
2977 4793 3335 4857 παιδεύσεως,
3360 4794 3472 4858 ἴνα,
3508 4796 3648 4849 ὅταν
3671 4796 3769 4867 δέῃ

2080 4880 2151 4934 τὰ
2168 4881 2263 4933 τοῦ
2289 4879 2526 4951 Χριστοῦ
2551 4880 2825 4951 δέχεσθαι,
2849 4881 3216 4952 σχολάζουσαν
3236 4882 3330 4936 καί
3360 4884 3769 4954 σεσαρωμένην

2082 4968 2253 5039 αὐτὴν
2279 4967 2415 5038 πρὸς
2439 4968 2707 5039 ὑποδοχήν
2736 4967 2845 5021 τῶν
2869 4968 3030 5023 θείων
3056 4969 3231 5038 λόγων
3258 4970 3623 5041 παρέχωμεν.

2154 5056 2262 5109 Kal
2300 5056 2409 5125 γὰρ
2441 5056 2568 5109 ὅταν
2594 5055 2963 5128 ἀποφαίνηται
2991 5074 3045 5110 τι
3074 5058 3104 5111 ὁ
3133 5057 3286 5120 Θεὸς,
3319 5057 3348 5109 ὃ
3382 5057 3460 5128 μὴ
3483 5057 3575 5111 δεῖ
3602 5062 3768 5111 πολυ-

2086 5141 2542 5214 πραγμονεῖσθαι,
2563 5144 2744 5198 πίστει
2765 5143 3161 5215 παραδέχεσθαι
3181 5144 3387 5215 χρή.Τὸ
3406 5145 3525 5216 γὰρ
3544 5147 3765 5198 ἐπὶτῶν

2083 5233 2337 5285 τοιούτων
2378 5230 2839 5302 περιεργάζεσθαι
2884 5232 2984 5295 τὰς
3017 5232 3197 5296 αίτίας
3230 5233 3325 5285 καὶ
3350 5232 3622 5288 ἀπαιτεῖν
3670 5236 3761 5295 τὰς

2084 5320 2333 5383 εὐθύνας,
2379 5320 2472 5374 καὶ
2504 5320 2595 5375 τὸν
2633 5320 2832 5392 τρόπον
2863 5316 3166 5390 ἐπιζητεῖν,
3198 5319 3628 5390 τολμηροτάτης
3671 5325 3763 5375 καὶ

2088 5406 2457 5479 ριψοκινδύνου
2492 5406 2693 5478 ψυχῆς.
2730 5406 2839 5461 Kal
2875 5406 3033 5461 τοῦτο
3065 5407 3226 5462 πάλιν
3273 5408 3368 5461 ἀπ’
3424 5408 3621 5463 αὐτῶν
3657 5410 3763 5461 τῶν

2087 5494 2320 5566 Γραφῶν
2352 5494 2701 5567 παραστῆσαι
2726 5494 3079 5568 πειράσομαι.
3110 5495 3386 5567 Ζαχαρίας
3408 5512 3497 5559 τις
3524 5492 3599 5567 ἦν
3627 5496 3761 5565 ἀνὴρ

2089 5582 2401 5654 θαυμαστὸς
2424 5582 2517 5637 καὶ
2548 5582 2742 5655 μέγας,
2777 5582 3157 5656 ἀρχιερωσύνη
3187 5585 3585 5656 τετιμημένος,
3623 5585 3762 5655 ταρὰ

3804 75 3818 395 1

3814 1044 3820 1263 1
