3854 6222
216 277 322 332 700

215 405 378 459 agere
403 387 660 447 disceres.
687 384 810 441 Haec
835 401 940 440 non
967 385 1064 439 hoc
1096 395 1296 441 tantmn
1322 385 1438 440 loco
1457 385 1804 456 'pltilosOpbc-

217 495 360 537 ntur.
389 479 481 532 sed
513 493 612 532 suo
640 487 877 546 tempore
897 480 1097 530 ιιιοιηιιη
1133 477 1493 531 recordemur.
1524 475 1802 530 Landastis

212 585 280 623 ea
308 585 426 637 qua:
467 569 608 623 dicta
647 577 804 631 sont,
850 569 942 620 sed
989 567 1240 634 operibus
1280 567 1484 621 laudem
1527 566 1798 621 exhibete.

213 663 431 716 Athleta
457 660 652 730 quippe
692 660 742 713 in
773 660 1016 728 palaestra
1045 669 1355 724 exercetur,
1389 669 1444 712 ut
1472 658 1522 711 in
1553 659 1802 712 certanti-

213 755 374 809 nibus
415 753 814 809 exercitationis
859 751 1139 805 utilitatem
1189 760 1588 806 commonstret.
1637 751 1703 804 Et
1745 759 1800 804 tu

208 860 344 914 ergo
372 859 558 898 eorum
589 858 707 912 quae
749 840 976 905 audisti,
1007 842 1288 896 invadcnte
1327 841 1402 896 ira
1423 883 1438 908 ,
1469 843 1672 896 lucrum
1704 857 1799 896 ex-

205 938 338 993 hibe
367 955 378 990 :
407 947 460 991 et
486 937 586 991 hoc
611 936 816 991 dictum
851 935 1154 1005 frequenter
1181 935 1233 988 in
1260 950 1354 988 ore
1385 935 1518 989 habe
1543 953 1555 986 :
1583 935 1644 988 Si
1668 932 1801 987 male

205 1027 446 1096 loquutus
474 1043 585 1080 sum
607 1069 621 1092 ,
663 1025 1002 1080 testimonium
1032 1023 1232 1093 perhibe
1258 1025 1319 1077 de
1344 1025 1517 1087 male;
1556 1025 1600 1078 si
1629 1033 1796 1077 autem

206 1119 352 1182 bene,
381 1118 504 1188 quid
533 1133 611 1170 me
637 1117 790 1170 credis
809 1113 986 1188 (Joan.
1010 1114 1251 1182 48.25)?
1279 1114 1388 1170 Hoc
1415 1115 1466 1168 in
1499 1125 1675 1169 mente
1701 1113 1797 1168 de-

205 1207 403 1262 scribe.
433 1207 563 1261 Nam
595 1207 713 1261 ideo
745 1206 896 1261 vobis
936 1205 1050 1260 haec
1093 1205 1257 1260 verba
1301 1205 1605 1275 frequenter
1645 1220 1792 1258 cont-

204 1312 450 1352 memoro
469 1339 485 1363 ,
515 1305 573 1350 ιιι
609 1297 784 1351 omnia
815 1311 932 1368 qua:
963 1297 1102 1350 dicta
1132 1306 1290 1361 sunt,
1331 1296 1382 1348 in
1416 1306 1591 1350 mente
1633 1313 1792 1366 repo-

205 1400 435 1454 nantur,
465 1398 520 1443 ct
549 1404 834 1458 numquam
867 1403 931 1442 ex
975 1387 1231 1442 memoria
1277 1387 1554 1442 deleantur
1574 1430 1587 1451 ,
1618 1390 1791 1458 chne

1145 275 1234 330 DE
1271 271 1952 330 lNEOllPREllENSlBlLl
1995 271 2102 327 DEI
2140 271 2444 330 NATURA.
2486 271 2551 330 ll.

3384 277 3493 333 7H)

1911 384 2279 441 recordatione
2325 385 2526 442 utilitas
2557 395 2828 457 sequatur.
2858 385 2989 442 Nam
3029 389 3072 442 si
3113 388 3225 444 haec
3252 391 3410 444 verba
3440 394 3493 446 in

1911 474 2187 529 latitudine
2218 477 2410 530 mentis
2450 485 2645 531 nostrae
2686 477 2948 547 descripta
2980 476 3306 544 habeamus,
3335 496 3496 534 nemo

1909 565 1979 619 ita
2025 566 2261 635 lapideus
2304 577 2358 620 et
2388 569 2625 637 ingratus
2651 577 2810 637 atque
2854 584 3044 625 sensus
3071 585 3298 639 expers,
3328 581 3386 625 nt
3419 572 3494 625 ira

1906 657 2157 710 cili-ratur
2187 675 2199 710 :
2231 674 2351 711 nam
2395 659 2508 712 vice
2547 656 2696 712 ira-ni
2738 669 2793 712 ct
2838 658 3160 716 habenarum
3193 659 3309 715 hmo
3335 663 3493 714 verba

1907 749 2162 819 linguam,
2195 751 2329 804 ultra
2359 751 2571 805 moduni
2602 761 2654 805 et
2683 753 2939 806 terminos
2972 762 3313 822 evngautem,
3341 769 3495 807 coer-

1904 855 2026 895 cere
2067 851 2350 910 potcruut,
2381 852 2721 909 mentemque
2764 843 3052 896 tumentem
3085 842 3410 912 reprimere,
3439 853 3493 898 et

1903 931 1956 985 in
1988 931 2262 986 moderato
2293 932 2413 986 vitae
2439 948 2632 1001 genere
2664 941 2919 1002 perpetuo
2945 934 3242 1000 continere,
3281 949 3494 1003 pacem-

1902 1040 2006 1091 que
2038 1023 2087 1077 iu
2122 1025 2272 1078 nobis
2306 1025 2558 1095 integram
2593 1027 2919 1080 constituere
2950 1044 2962 1079 :
2993 1042 3095 1096 qua
3124 1027 3324 1082 utinam
3353 1041 3494 1080 sein-

1902 1129 1998 1183 per
2024 1113 2280 1181 fruamur,
2305 1116 2474 1183 gratia
2502 1124 2554 1170 ct
2586 1116 2913 1170 humanitate
2944 1117 3152 1170 Domini
3174 1118 3342 1172 nostri
3364 1116 3494 1172 Jcsu

1901 1208 2118 1274 Christi,
2151 1210 2362 1279 quicum
2396 1210 2560 1275 Patri,
2592 1211 2855 1281 simulque
2883 1221 3066 1266 sancto
3092 1210 3346 1279 Spiritui,
3376 1210 3490 1280 glo-

1899 1298 2009 1362 ria,
2059 1299 2339 1368 imperium
2382 1311 2432 1354 et
2461 1301 2723 1365 adoratio,
2770 1316 2913 1355 nunc
2955 1311 3009 1356 et
3051 1316 3297 1370 semper,
3341 1311 3395 1355 et
3437 1301 3487 1354 in

1899 1391 2092 1444 smcula
2122 1393 2457 1446 saeculorum.
2490 1395 2682 1446 Amen.

199 1618 336 1658 CUM
378 1617 546 1659 ANTE
587 1615 836 1660 MULTOS
879 1615 1020 1658 DIES
1062 1614 1311 1658 CONTRA
1358 1613 1680 1663 ANQMOEOS
1727 1616 2330 1671 DIXISSET,\DEINDE
2373 1617 2621 1660 CONTRA
2664 1617 2954 1673 JUDEOS,
3001 1619 3152 1663 HINC-
3197 1619 3481 1662 PROPTER

286 1717 722 1762 EPISCOPORUM
764 1699 784 1732 ί
828 1716 1272 1769 ΡΒΕεΕΝΤῙΔΜ,
1319 1715 1802 1767 MULTORUMQUE
1846 1717 2204 1760 MARTYRUM
2260 1716 2699 1762 INTERJECTAM
2744 1718 3092 1763 MEMORIAE!
3136 1720 3477 1772 SILUISSET,

281 1822 448 1865 NUNC
493 1822 754 1867 RURSUM
797 1822 1046 1866 CONTRA
1085 1819 1414 1866 ANOMOEOS
1455 1820 1539 1861 DE
1583 1818 2250 1863 INCOMPREBENSIBILI.

1785 1952 1876 1965 —

735 2032 907 2073 SERMO
945 2032 1228 2073 SECUNDUS.

275 2150 324 2202 l.
359 2149 468 2219 Age
495 2150 685 2204 iterum
727 2150 983 2204 adversus
1023 2148 1263 2203 inﬁdeles
1293 2149 1584 2202 Anommos
1611 2158 1782 2203 certa-

193 2248 328 2294 men
343 2241 582 2295 iueanms
606 2259 620 2295 :
643 2242 730 2310 qui
754 2242 796 2295 si
822 2241 1034 2312 indigne
1056 2241 1224 2295 ferant
1243 2255 1301 2295 se
1322 2237 1563 2293 inﬁdeles
1581 2239 1778 2303 vocari,

194 2349 310 2387 rem
340 2333 437 2402 ipsi
484 2333 714 2403 fugiant,
746 2347 795 2388 et
825 2349 924 2403 ego
965 2349 1158 2388 nomen
1199 2332 1465 2402 obtegam.
1511 2331 1780 2385 Absistant

191 2426 264 2478 ab
295 2425 489 2480 inﬁdeli
519 2437 698 2481 mente
720 2469 733 2492 ,
770 2437 824 2480 et
859 2426 1108 2479 absistam
1139 2441 1166 2477 τι
1197 2423 1588 2478 contumelioso
1616 2437 1778 2476 voca-

193 2516 340 2569 bulo.
387 2516 480 2570 Sin
525 2525 701 2571 autem
747 2517 845 2587 ipsi
887 2516 1137 2586 eperibus
1175 2515 1333 2569 ﬁdem
1376 2513 1776 2578 iuhonorantes,

193 2622 360 2678 seque
383 2608 478 2676 ipsi
507 2607 830 2678 turpitudine
852 2608 1122 2677 replentes
1143 2607 1289 2660 nullo
1315 2604 1517 2675 pudore
1539 2604 1779 2659 afﬁciun-

193 2710 301 2763 tur,
329 2714 424 2753 cur
449 2700 576 2753 mibi
607 2708 976 2764 succenseant,
1007 2699 1051 2752 si
1075 2698 1251 2753 verbis
1276 2713 1336 2751 ea
1363 2697 1632 2768 objieiam,
1659 2710 1779 2766 quae

190 2791 446 2860 operibus
491 2790 590 2859 ipsi
635 2789 928 2845 exhibent?
975 2789 1154 2858 Nuper
1190 2789 1332 2844 enim
1367 2803 1490 2842 cum
1537 2787 1590 2841 in
1622 2787 1780 2856 hujus

188 2881 569 2949 disputationis
594 2895 812 2935 arenam
841 2879 1242 2943 descendimus,
1278 2891 1332 2934 ut
1360 2879 1697 2945 meministis,
1723 2890 1780 2933 et

189 2970 379 3026 eadem
409 2971 698 3025 certamina
726 2971 994 3037 inivimus,
1019 2986 1207 3041 pugnat
1231 2979 1413 3026 contra
1438 2970 1651 3026 .ludmos
1680 2985 1778 3025 nos

189 3065 369 3118 statim
417 3072 774 3134 exceperunt,
821 3064 960 3132 qttod
1009 3072 1178 3118 tutum
1223 3078 1330 3118 non
1373 3073 1515 3118 esset
1565 3064 1776 3133 propria

188 3155 430 3209 membra
460 3155 770 3224 aegrotantia
817 3157 1102 3226 negligere.
1136 3155 1264 3210 Nam
1290 3171 1565 3211 sermones
1589 3164 1777 3210 contra

189 3247 482 3300 Anomteos
523 3261 739 3317 semper
782 3248 1064 3316 opportuni
1107 3256 1273 3302 sunt:
1305 3255 1427 3302 tunc
1455 3258 1630 3303 autem
1665 3247 1774 3302 fra-

191 3346 304 3389 tres
335 3346 546 3390 nostros
583 3336 837 3404 quosdam
865 3347 1215 3406 aegrotantes,
1261 3346 1316 3391 et
1340 3337 1560 3392 Judaico
1587 3337 1775 3392 morbo

190 3424 527 3488 laborantes,
572 3427 673 3480 nisi
719 3437 1153 3497 praeoccupantes
1192 3429 1370 3482 statim
1420 3443 1483 3482 ex
1529 3428 1776 3484 incendio

187 3515 408 3570 Judaico
455 3517 810 3582 cruissemus,
862 3517 992 3571 nihil
1032 3517 1222 3588 juvare
1269 3517 1523 3587 deinceps
1569 3528 1776 3587 poterat

189 3605 505 3670 admonitio,
542 3621 660 3661 cum
696 3607 805 3676 jam
839 3608 966 3662 illttd
1013 3617 1284 3677 peccatum
1329 3609 1471 3663 circa
1513 3609 1772 3678 jejunium

189 3695 550 3752 admisissent.
605 3698 725 3751 Post
768 3699 1052 3753 commissa
1099 3699 1356 3754 adversus
1403 3702 1521 3756 illos
1567 3701 1770 3769 prtclia,

191 3801 291 3838 nos
320 3789 537 3841 Patrum
568 3789 918 3856 spiritualium
959 3790 1183 3846 diversis
1212 3808 1277 3846 ex
1320 3791 1452 3847 locis
1487 3791 1774 3846 adventan-

191 3875 322 3928 tium
369 3876 659 3946 frequentia
704 3895 914 3933 rursum
958 3882 1209 3949 excepit:
1250 3897 1420 3952 neque
1462 3883 1605 3937 enim
1651 3893 1775 3939 tunc

189 3980 545 4038 Opportunum
570 3969 783 4038 fuisset,
812 3971 916 4025 illis
942 3987 1040 4027 ceu
1070 3973 1376 4029 ﬂuminibus
1403 3973 1455 4027 in
1486 3973 1588 4028 hoc
1611 3974 1769 4045 spiri-

189 4058 332 4111 tuale
376 4075 522 4114 mare
568 4059 990 4127 conﬂuentibus,
1037 4070 1274 4117 nostrum
1323 4078 1624 4119 sermonem
1675 4081 1772 4118 ex-

189 4147 355 4201 tendi.
404 4149 528 4203 Post
573 4150 780 4204 illorum
827 4151 1119 4222 profectum
1166 4163 1456 4224 martyrum
1500 4154 1772 4208 memoriae

188 4237 494 4308 frequentes
532 4240 925 4307 adventaruut;
959 4242 1276 4296 athletarum
1319 4244 1622 4312 hujusmodi
1656 4245 1769 4297 Iau-

186 4329 310 4383 dem
342 4331 528 4400 negligi
575 4346 678 4384 non
717 4333 971 4400 eportttit.
1014 4334 1138 4388 llzec
1176 4342 1351 4387 autem
1392 4335 1513 4388 dico
1543 4345 1595 4388 et
1634 4350 1771 4389 cnu-

188 4437 375 4488 mero,
409 4440 474 4475 ne
507 4427 702 4492 putetis
733 4440 829 4478 nos
857 4441 922 4480 ex
964 4425 1185 4495 segnitie
1214 4436 1268 4480 et
1307 4426 1509 4481 desidia
1543 4428 1772 4497 quadam

188 4513 480 4566 certamina
512 4514 599 4568 illa
639 4515 930 4570 distulisse.
959 4516 1108 4571 Nunc
1140 4517 1315 4587 itaque
1341 4518 1768 4588 quandoquidem

187 4619 217 4656 a
246 4620 418 4675 pugna
444 4621 563 4660 cum
594 4605 794 4661 Judteis
823 4608 974 4662 liberi
1015 4623 1228 4674 sumus,
1263 4619 1546 4679 patresque
1589 4610 1640 4663 in
1673 4625 1769 4678 pa-

188 4699 343 4752 triam
383 4713 532 4752 suam
578 4701 778 4754 reversi
819 4710 942 4755 sunt
967 4743 982 4767 ,
1025 4715 1088 4754 ac
1124 4711 1416 4772 martyrum
1460 4700 1644 4757 laudes
1674 4716 1770 4756 nos

186 4791 318 4845 satis
357 4790 688 4846 delectarunt
720 4811 733 4845 τ
764 4808 860 4862 age
895 4794 1202 4848 diuturnum
1244 4803 1476 4849 vestrum
1520 4794 1769 4849 audiendi

184 4883 510 4939 desiderium
537 4886 846 4954 expleamus
874 4903 888 4941 :
917 4887 1079 4955 probe
1100 4887 1294 4957 quippe
1318 4887 1436 4940 novi
1464 4901 1568 4940 non
1596 4889 1771 4941 minus

186 4988 282 5027 vos
335 4974 434 5028 hac
477 4974 545 5030 de
585 4991 642 5030 re
678 4975 864 5030 audire
907 4991 1123 5046 cupere,
1153 4994 1308 5046 quam
1352 4993 1440 5033 me
1481 4977 1767 5034 disserere.

181 5063 348 5135 Cujus
376 5068 452 5121 rei
482 5081 642 5122 causa
673 5077 778 5134 est,
810 5069 950 5138 quod
981 5069 1108 5124 urbs
1140 5080 1318 5123 nostra
1341 5069 1544 5139 jamdiu
1571 5069 1769 5126 Christi

184 5170 372 5212 amans
397 5159 466 5212 sit
508 5176 522 5214 :
557 5159 692 5214 hanc
735 5175 895 5229 porro
935 5172 1205 5230 paternam
1237 5161 1585 5219 hereditatem
1611 5179 1768 5219 accc-

185 5249 360 5316 pistis,
390 5259 444 5302 ut
467 5265 753 5319 numquam
783 5252 1052 5322 religionis
1087 5253 1332 5323 dogmata
1356 5255 1641 5310 adulterari
1675 5271 1768 5324 pa-

249 5492 266 5562 f
300 5493 382 5548 Qui
406 5493 453 5562 in
473 5491 615 5562 titulo
631 5503 861 5562 vocantur
883 5510 927 5557 et
946 5497 1122 5562 iseopi,
1138 5497 1183 5545 in
1207 5503 1438 5548 centextu
1453 5499 1768 5562 Chrysostomi

183 5549 350 5601 Patres
369 5554 645 5620 Spiritth
663 5549 984 5620 appellantur.
1010 5549 1061 5608 ui
1081 5549 1304 5609 videntur
1328 5562 1484 5620 potius
1509 5549 1767 5613 {dissere-:-

186 5620 199 5681 ε
208 5625 326 5681 eros
346 5617 708 5681 ηνυηῖιςίηιιιυίί
723 5617 956 5681 regiones
979 5621 1233 5671 Antiochi.e
1264 5617 1442 5672 vicinas
1476 5621 1762 5676 incolebant.

184 5672 282 5721 Hac
299 5675 361 5724 de
387 5691 440 5723 re
460 5672 674 5737 pluribus
700 5680 745 5728 in
774 5672 869 5731 ἤια
897 5687 1226 5744 Carysustomi.

1891 2033 1922 2069 a
1951 2016 2134 2070 ludam
2175 2016 2315 2087 (Act.
2351 2018 2436 2072 l5.
2464 2016 2526 2090 1)
2572 2019 2832 2087 majorum
2873 2028 3171 2074 vestrorum
3215 2029 3474 2090 tempore,

1884 2121 2018 2175 pura
2047 2107 2352 2176 apostolicm
2382 2108 2637 2163 doctrina:
2662 2110 2909 2179 dogmata
2943 2110 3215 2164 turbantes
3237 2150 3251 2174 ,
3284 2113 3475 2180 prteci-

1891 2197 2200 2268 pientesqne
2244 2199 2699 2253 eireumeisionem
2739 2215 2802 2254 ac
2847 2200 2974 2269 legis
3016 2199 3258 2254 Mosaicte
3287 2200 3472 2254 obser-

1889 2291 2160 2344 Vationem
2189 2308 2201 2344 ε
2227 2305 2384 2360 quam
2411 2289 2635 2346 novandi
2659 2291 2960 2361 cupidinem
2982 2291 3140 2346 silere
3163 2306 3265 2344 non
3292 2299 3478 2360 potue-

1887 2391 2014 2437 runt
2041 2383 2130 2452 qui
2161 2392 2284 2437 tunc
2319 2382 2502 2438 urbem
2534 2393 2763 2438 vestram
2794 2384 3095 2438 incolebant
3127 2403 3140 2437 :
3169 2383 3262 2439 sed
3292 2399 3477 2452 quem-

1884 2473 2173 2528 admodum
2218 2474 2462 2544 generosi
2489 2489 2668 2539 canes,
2691 2475 2779 2544 qui
2820 2474 2972 2544 lupos
3003 2475 3244 2530 viderent
3272 2475 3476 2529 irruere

1885 2572 1942 2619 et
1987 2571 2157 2620 totum
2197 2580 2411 2635 gregem
2458 2565 2773 2631 devastare;
2825 2566 2902 2620 sic
2952 2566 3070 2620 illos
3109 2566 3318 2628 adorti,
3366 2583 3473 2619 nun

1889 2657 2034 2726 prius
2075 2657 2396 2713 destiterunt
2441 2659 2558 2714 illos
2601 2658 2815 2729 abigere
2859 2668 2912 2714 et
2951 2659 3255 2728 expellere,
3302 2657 3474 2713 donec

1885 2756 2135 2802 curarent
2173 2749 2230 2802 tit
2271 2748 2338 2803 ab
2369 2749 2625 2818 apostolis
2669 2749 2913 2819 dogmata
2945 2764 3036 2818 per
3079 2747 3265 2803 orbem
3301 2757 3472 2804 terra-

1885 2853 2004 2895 rum
2033 2854 2462 2910 quoquovcrsum
2491 2840 2855 2906 mitterentur,
2893 2856 3011 2910 quae
3040 2855 3162 2894 cum
3192 2840 3332 2903 illos,
3361 2847 3470 2894 tum

1885 2941 2006 3002 post
2031 2946 2345 2987 accessuros
2375 2946 2585 2996 omnes,
2616 2932 2773 2986 talem
2797 2930 3055 2986 adversus
3087 2930 3272 2986 ﬁdeles
3297 2931 3472 2985 incur-

1884 3039 2002 3078 sum
2031 3023 2306 3093 suscipere
2333 3038 2512 3086 ausos,
2544 3034 2877 3077 coercerent.

1953 3115 2010 3170 2.
2064 3114 2340 3170 Undenam
2385 3113 2546 3184 igitur
2589 3115 3003 3184 disputationem
3052 3114 3307 3168 adversus
3351 3113 3472 3166 illos

1883 3206 2201 3262 ordiemur?
2246 3205 2420 3269 Unde,
2465 3205 2699 3273 inquam,
2744 3205 2844 3259 nisi
2890 3205 2956 3257 ab
2995 3204 3315 3257 inﬁdelitatis
3360 3203 3467 3256 cri-

1881 3298 2068 3353 mine?
2105 3297 2245 3352 Nihil
2279 3298 2419 3352 enim
2452 3312 2557 3349 non
2593 3304 2752 3366 agunt
2778 3303 2834 3350 et
2871 3295 3174 3358 moliuntur,
3219 3305 3275 3349 ut
3310 3295 3468 3349 ﬁdem

1881 3392 1949 3445 ab
1989 3390 2290 3445 auditorum
2338 3397 2517 3443 mente
2558 3387 2883 3450 excludant,
2927 3401 3033 3456 quo
3075 3387 3300 3442 crimine
3341 3387 3467 3455 quid

1881 3482 2093 3550 gravius
2139 3488 2323 3534 contra
2369 3479 2675 3548 religionem
2727 3493 2848 3532 esse
2896 3478 3103 3547 possit?
3147 3479 3279 3533 Cum
3322 3478 3464 3532 enim

1882 3573 2021 3628 Dens
2043 3572 2308 3642 quidpiam
2335 3572 2527 3637 sancit,
2556 3570 2694 3639 quod
2723 3571 2916 3625 dicitur
2943 3570 3168 3626 ﬁdeliter
3199 3571 3465 3640 accipien-

1879 3665 2008 3718 dum
2030 3674 2133 3731 est,
2159 3678 2257 3718 nec
2279 3663 2532 3718 audacter
2552 3661 2971 3732 disquirendum.
3001 3662 3165 3716 Vocet
3188 3676 3273 3716 me
3294 3661 3467 3731 quivis

1879 3773 1944 3812 ex
1989 3756 2093 3810 illis
2137 3756 2399 3810 inﬁdelem
2427 3794 2442 3820 ,
2489 3769 2594 3808 non
2638 3753 2852 3823 indigne
2894 3752 3026 3808 fero.
3067 3752 3287 3821 Quare?
3329 3752 3462 3821 Quia

1879 3848 2129 3917 Operibus
2170 3847 2258 3916 qui
2297 3847 2398 3900 sim
2437 3843 2782 3914 appellandus
2824 3844 3067 3899 ostendo.
3100 3844 3166 3898 Et
3189 3843 3314 3914 quid
3345 3844 3466 3899 dico

1878 3946 2034 3992 vocet
2061 3951 2145 3990 me
2175 3934 2441 3990 inﬁdelem
2462 3933 2486 3986 τ
2510 3949 2598 3989 me
2625 3935 2844 3989 stultum
2872 3934 2923 3988 in
2951 3933 3165 3988 Christo
3193 3935 3456 4004 appellet:

1879 4041 1932 4085 et
1960 4030 2059 4084 hac
2084 4029 2151 4084 de
2179 4045 2238 4084 re
2263 4029 2414 4098 quasi
2443 4027 2511 4082 de
2540 4041 2735 4082 corona
2773 4025 3042 4097 gloriabor
3069 4043 3083 4081 :
3111 4027 3308 4081 etenim
3337 4041 3459 4080 cum

1880 4123 2043 4176 Paulo
2092 4121 2144 4174 in
2191 4129 2396 4190 partem
2442 4118 2683 4188 ejusdem
2734 4117 3105 4188 appellationis
3149 4117 3348 4172 venio:
3390 4119 3466 4171 ait

1879 4215 2074 4283 quippe
2105 4230 2118 4266 :
2147 4210 2258 4264 Nos
2294 4209 2438 4266 stulti
2467 4220 2670 4281 prepter
2695 4208 2950 4264 Christum
2989 4208 3082 4282 (1.
3110 4209 3228 4262 Cor.
3255 4210 3310 4264 4.
3342 4209 3461 4280 10).

1879 4307 2004 4361 llmc
2031 4305 2250 4361 stultitia
2281 4304 2425 4360 omni
2454 4304 2710 4374 sapientia
2741 4302 3050 4373 prudentior
3070 4314 3155 4358 est
3181 4321 3194 4356 :
3225 4318 3345 4357 nam
3373 4318 3459 4368 ea,

1876 4416 1994 4470 quae
2026 4408 2245 4453 externa
2275 4396 2530 4466 sapientia
2573 4397 2811 4450 invenire
2852 4409 2957 4450 non
2990 4395 3182 4466 potuit,
3228 4393 3343 4449 haec
3373 4409 3462 4446 se-

1877 4488 2106 4543 cundum
2137 4486 2404 4542 Christum
2447 4487 2668 4540 stultitia
2719 4485 2941 4556 perfecit
2989 4502 3002 4539 :
3051 4485 3166 4540 btet:
3216 4485 3464 4540 tenebras

1877 4581 2053 4650 abegit
2077 4595 2142 4635 ex
2171 4580 2301 4634 orbe
2321 4620 2335 4640 ,
2379 4581 2490 4633 tunc
2522 4579 2699 4633 lumen
2739 4577 2977 4634 scientiae
3006 4577 3292 4632 revocavit.
3325 4576 3462 4642 Quid

1877 4688 2037 4743 porro
2057 4679 2142 4726 est
2165 4671 2385 4726 stultitia
2410 4670 2701 4725 secundum
2727 4669 3036 4724 Christum?
3063 4668 3195 4723 Cum
3219 4668 3463 4737 proprias

1876 4763 2226 4834 cogitationes
2295 4762 2665 4832 intempestive
2733 4760 2969 4816 furentes
3034 4759 3459 4827 comprimimus,

1875 4871 1997 4910 cum
2025 4864 2256 4909 mentem
2285 4861 2518 4908 nostram
2548 4867 2766 4908 externa
2795 4851 3075 4922 disciplina
3100 4864 3319 4905 vacuam
3344 4847 3461 4903 efﬁ-

1875 4948 2079 5008 cimus;
2110 4956 2169 5000 ut
2191 4962 2312 5001 eum
2333 4947 2629 5016 oportuerit
2649 4946 2842 5000 Christi
2864 4945 3160 5000 doctrinam
3185 4945 3458 5012 excipere,

1875 5045 2150 5091 vacantem
2182 5036 2324 5090 illam
2347 5043 2403 5090 et
2430 5034 2737 5090 mundatam
2762 5050 2861 5106 pro
2888 5036 3083 5091 dtvmis
3107 5033 3459 5090 admittendis

1874 5129 2051 5184 verbis
2076 5128 2440 5184 exhibeamns.

1947 5221 2098 5286 Fide,
2143 5238 2243 5276 non
2287 5222 2572 5285 ratiocinio,
2618 5222 2858 5276 utendum
2900 5222 2954 5277 in
2995 5222 3197 5277 divinis.
3225 5250 3294 5262 —-—
3321 5219 3455 5275 Nam

187 5313 409 5394 tiamiui.
454 5313 696 5397 Unde-id
735 5313 940 5414 liquet?
982 5313 1355 5400 Desreti'det'unt
1396 5348 1522 5402 olim
1562 5313 1791 5423 quidam;
1875 5328 1993 5423 cu":
2029 5314 2167 5417 De‘fs
2191 5313 2393 5423 aliquid
2421 5315 2626 5423 sfw?"
2662 5313 2804 5423 quo?
2835 5314 3157 5423 ξ’θηηξιώξωι
3181 5313 3456 5423 ξωῗθῗῂῖδ

1874 5405 2160 5475 explorari,
2192 5405 2294 5460 ﬁde
2335 5405 2622 5476 accipiatur
2649 5414 2876 5474 oportet.
2925 5405 3134 5460 Etenim
3173 5403 3241 5458 de
3271 5403 3456 5472 hujus-

1875 5498 2017 5552 modi
2045 5498 2204 5553 rebus
2232 5499 2441 5554 curiose
2471 5498 2777 5568 perquirere
2799 5509 2852 5552 et
2879 5499 3110 5552 rationes
3136 5510 3451 5564 exposcere.

1875 5589 2194 5659 modumque
2221 5590 2500 5655 sciscitari,
2538 5589 2874 5644 audacissimi
2909 5598 2964 5643 et
2995 5587 3260 5642 temerarii
3287 5586 3448 5639 animi

1873 5691 1974 5735 est.
2020 5681 2171 5750 Quod
2219 5692 2270 5736 et
2317 5681 2486 5752 ipsum
2537 5697 2598 5737 ex
2647 5682 2813 5737 sacris
2839 5680 3128 5752 Scriptor-is
3154 5676 3446 5747 explanare
