3854 6222
331 187 428 241 ΉΙ
1056 179 1109 238 8.
1148 179 1423 238 JOANNIS
1459 176 1926 235 CHRYSOSTOMI
1964 174 2279 235 ARCHIEP.
2308 175 2836 237 CONSTANTINOP.

330 295 562 350 teutabo.
612 292 898 351 Zacharias
935 295 1014 350 vir
1056 295 1268 366 quidam
1312 301 1426 350 erat
1466 291 1806 348 admirandus
1844 299 1897 345 et

330 400 582 456 magnus,
611 401 822 440 summo
845 384 1139 440 sacerdotio
1167 394 1405 450 ornatus,
1439 384 1522 439 cui
1552 396 1581 435 a
1609 381 1718 437 Deo
1745 381 1905 436 totius

332 478 512 549 populi
542 477 858 547 prmfectura
888 477 1169 531 commissa
1200 475 1386 530 fuerat.
1421 474 1470 528 ls
1498 473 1553 527 in
1578 479 1758 527 sancta
1783 485 1908 524 san-

331 577 539 621 ctorum
586 568 638 621 in
679 568 899 637 ipsaque
942 565 1099 637 adyta
1130 565 1147 597 ¹
1179 564 1480 635 ingressus,
1525 577 1645 632 Qua:
1685 560 1786 631 ipsi
1815 560 1906 614 uni

335 654 415 711 fas
442 665 557 711 erat
585 655 823 725 aspicere
857 654 1114 726 (intelligo
1137 668 1262 709 eum
1290 653 1551 707 universa:
1586 648 1908 705 multitudini

335 762 517 818 parem
549 749 732 813 fuisse,
779 747 852 801 ita
895 756 953 802 ut
993 746 1406 816 supplicationes
1454 757 1548 812 pro
1576 739 1910 797 multitudine

340 845 448 893 tota
497 837 715 894 oﬂ'erret
757 838 889 903 Deo,
937 845 994 893 et
1040 837 1322 891 Dominum
1368 833 1578 888 famulis
1626 831 1909 904 propitium

339 927 583 984 redderet
629 926 888 1002 [vidistin‘
917 926 1123 982 ﬁducia:
1173 923 1628 996 magnitudinem'
1650 919 1711 995 ἲ]
1760 920 1912 991 «ιιιαεί

339 1016 601 1073 mediator
648 1016 862 1087 quidam
907 1015 1004 1072 Dei
1047 1024 1102 1071 et
1145 1014 1458 1079 hominum;
1500 1012 1629 1067 vidit
1667 1011 1913 1083 angelum

343 1112 484 1163 intus
512 1115 763 1172 stantem,
809 1115 863 1161 et
890 1108 1013 1176 quia
1046 1107 1132 1160 hic
1170 1115 1416 1175 aspectus
1443 1103 1610 1158 virum
1640 1102 1692 1156 in
1727 1111 1917 1171 stupo-

343 1216 456 1255 rem
487 1198 734 1268 conjecit,
765 1198 839 1253 ait
866 1199 977 1264 ille,
1011 1196 1093 1251 Ne
1118 1197 1293 1250 timeas
1312 1236 1326 1260 ,
1358 1194 1611 1250 Zachatia
1633 1236 1646 1259 ,
1676 1193 1797 1263 quia
1823 1208 1917 1247 ex-

344 1289 519 1343 audita
566 1297 637 1342 est
679 1287 842 1342 oratio
884 1299 1010 1351 tua;
1050 1295 1098 1341 et
1137 1302 1247 1341 ecce
1274 1286 1445 1357 gignes
1483 1285 1645 1353 ﬁlium
1676 1282 1836 1354 (Luc.
1866 1284 1917 1338 i.

348 1379 417 1432 13
434 1380 474 1447 ).
502 1377 755 1446 Quaenam
781 1376 894 1431 haec
921 1375 1310 1446 conseqntttio?
1337 1389 1432 1445 pro
1460 1374 1655 1444 pOpulo
1680 1372 1920 1442 rogabat,

350 1484 447 1538 pro
468 1468 676 1524 delictis
698 1467 1048 1537 supplicabat,
1071 1467 1276 1521 veniam
1294 1464 1592 1534 postulabat
1617 1463 1921 1529 conservis;

344 1570 438 1626 et,
474 1557 598 1612 Noli
627 1559 827 1619 timere,
855 1558 1060 1627 inquit,
1100 1555 1388 1621 Zacharia,
1426 1555 1662 1610 exaudita
1687 1564 1759 1608 est
1793 1555 1925 1608 enim

349 1652 515 1704 oratio
543 1661 660 1717 tua,
699 1658 753 1704 ct
782 1650 952 1720 ipsum
992 1647 1296 1704 exauditam
1325 1646 1487 1703 fuisse
1516 1647 1638 1703 inde
1678 1661 1926 1717 compro-

355 1742 463 1807 bat,
487 1740 625 1812 quod
652 1743 954 1796 nasciturus
974 1751 1113 1796 esset
1141 1739 1241 1810 ipsi
1267 1739 1404 1794 (ilius
1425 1741 1639 1795 nomine
1661 1738 1929 1794 Joannes?

356 1834 433 1888 Ac
456 1835 577 1903 jure
600 1835 813 1905 quidem
852 1833 1063 1890 merito.
1094 1833 1227 1902 Quia
1269 1834 1409 1888 enim
1439 1847 1537 1901 pro
1575 1832 1803 1903 peccatis
1833 1846 1932 1900 po.

359 1924 466 1992 puli
491 1926 725 1995 rogabat,
758 1925 922 1980 tilium
949 1924 1189 1980 editurus
1215 1932 1352 1990 erat,
1379 1923 1469 1993 qui
1497 1926 1772 1985 clamaret,
1802 1921 1932 1975 Ecce

364 2029 533 2083 agnus
562 2015 672 2078 Dei,
717 2015 807 2084 qui
845 2015 983 2066 tollit
1016 2023 1288 2081 peccatum
1317 2016 1499 2068 mundi
1522 2012 1696 2084 (locis.
1740 2016 1790 2069 1.
1823 2015 1938 2085 29),

358 2104 486 2174 jure
512 2105 589 2157 ait
614 2146 629 2169 ,
657 2103 931 2158 Exaudita
952 2114 1031 2159 est
1071 2106 1245 2159 oratio
1292 2115 1384 2159 tua
1404 2145 1419 2170 ,
1459 2114 1510 2160 et
1536 2106 1714 2176 gignea
1753 2106 1934 2174 ﬁlium

358 2194 497 2261 Quid
526 2196 685 2266 igitur
727 2195 860 2251 ille?
900 2194 1053 2265 Quod
1100 2194 1246 2251 enim
1293 2194 1636 2265 proponimus
1683 2195 1787 2251 tale
1831 2203 1934 2265 est,

366 2286 562 2342 nullam
584 2288 792 2344 veniam
820 2288 934 2344 dari
964 2289 1063 2354 eis,
1086 2288 1177 2359 qui
1203 2287 1417 2343 modum
1445 2287 1778 2343 oraculorum
1804 2287 1939 2343 divi-

367 2393 555 2433 norum
598 2380 859 2434 curiosius
899 2388 1240 2445 scrutantur;
1284 2378 1380 2435 sed
1408 2393 1592 2434 eorum
1620 2379 1939 2435 sententiam

369 2470 473 2527 ﬁde
499 2471 858 2541 accipiendam
898 2485 1038 2526 esse.
1072 2470 1295 2527 Videbat
1332 2481 1544 2527 aetatem
1577 2485 1727 2527 suam
1748 2513 1762 2536 ,
1791 2471 1940 2526 cani-

369 2563 515 2629 tiem,
543 2576 738 2632 corpus
762 2561 1080 2617 imbecillum
1107 2580 1120 2616 :
1142 2562 1354 2618 videbat
1382 2563 1508 2617 item
1531 2560 1711 2616 uxoris
1738 2561 1939 2617 sterili-

370 2662 566 2719 tatem;
598 2652 811 2707 modum
834 2651 1041 2707 discere
1069 2653 1252 2718 voluit,
1276 2661 1329 2708 et
1355 2653 1462 2719 ait,
1491 2650 1637 2707 Unde
1663 2652 1759 2706 Itoe
1784 2652 1942 2706 sciam

371 2741 535 2812 (Lac.
566 2741 783 2813 1.48)?
809 2742 1243 2810 Quomodoillud
1283 2741 1426 2797 erit?
1452 2732 1568 2797 Jam
1606 2742 1861 2797 consenui
1889 2750 1946 2798 et

371 2833 602 2899 incanui,
631 2841 687 2887 et
709 2848 844 2888 uxor
870 2848 986 2887 mea
1011 2833 1227 2897 sterilis,
1253 2841 1504 2902 provecta
1531 2831 1584 2885 in
1609 2831 1793 2886 diebus
1811 2831 1940 2895 suis,

374 2931 503 2979 tetas
532 2925 743 2995 inepta,
786 2936 970 2979 natura
1013 2923 1271 2980 imbecilla
1307 2939 1323 2978 :
1362 2938 1464 2992 qua
1493 2923 1697 2978 ratione
1724 2929 1949 2994 possunt

373 3016 574 3087 expleri
602 3017 898 3087 promissa?
923 3032 1022 3088 ego
1057 3016 1147 3087 qui
1175 3030 1349 3072 seram
1376 3016 1635 3079 inﬁrmus,
1667 3030 1784 3086 qua:
1809 3015 1945 3070 seri.

377 3118 463 3163 tur
497 3108 710 3164 sterilis.
739 3112 930 3165 Annon
960 3108 1203 3163 videatur
1224 3109 1375 3163 venia
1414 3107 1601 3179 dignus
1643 3106 1729 3177 qui
1770 3120 1946 3160 rerum

376 3201 846 3269 consequutionem
888 3206 1124 3270 quaerat,
1167 3213 1287 3253 cum
1331 3211 1363 3253 e
1390 3212 1449 3252 re
1486 3196 1629 3266 loqui
1667 3194 1952 3250 videatur?

379 3291 446 3344 At
473 3304 579 3346 non
601 3289 710 3347 Deo
728 3291 921 3359 dignus
942 3290 1093 3346 venia
1114 3288 1260 3343 visus
1283 3297 1395 3353 est;
1426 3296 1480 3342 et
1503 3288 1692 3343 merito
1717 3280 1951 3357 quidem.

380 3378 512 3434 Cum
541 3378 682 3435 enim
711 3380 849 3435 Deus
877 3379 1193 3434 sententiam
1219 3377 1369 3445 dicit,
1396 3392 1503 3432 non
1528 3386 1709 3432 contra
1739 3377 1954 3430 ratioci-

383 3471 641 3539 nandum,
671 3486 844 3541 neque
873 3486 1048 3526 rerum
1077 3470 1421 3539 consequutio
1440 3469 1521 3524 vel
1545 3477 1748 3523 natura:
1772 3482 1958 3523 neces-

384 3561 516 3617 sitas
538 3561 831 3632 obiicienda
861 3569 965 3626 est,
992 3575 1165 3631 neque
1183 3559 1482 3630 hujusmodi
1504 3558 1770 3630 quidpiam
1796 3573 1958 3629 agen-

385 3647 512 3706 dtnn
545 3651 671 3707 :his
698 3651 893 3722 quippe
933 3652 1181 3706 omnibus
1219 3650 1461 3721 superior
1486 3658 1568 3705 est
1611 3649 1803 3704 divinae
1831 3664 1960 3704 scn-

390 3745 566 3799 tentite
603 3744 720 3811 vis,
762 3742 891 3799 nulli
932 3742 1161 3798 obnoxia
1207 3742 1601 3812 impedimento.
1643 3740 1781 3808 Quid
1823 3742 1958 3810 agis,

390 3834 595 3890 homo?
641 3834 781 3890 Dens
820 3833 1132 3904 pollicetur,
1172 3842 1226 3889 et
1261 3833 1327 3888 ad
1367 3840 1577 3888 aetatem
1606 3831 1877 3900 confugis,
1908 3837 1965 3884 et

390 3933 718 3982 senectutem
747 3923 977 3996 objicis?
1005 3939 1129 3979 num
1158 3923 1425 3994 potentior
1445 3931 1694 3978 senectus
1723 3921 1814 3976 Dei
1843 3935 1963 3991 pro-

392 4016 684 4072 missione?
720 4030 847 4070 num
877 4014 1098 4070 validior
1124 4024 1310 4068 natura
1337 4025 1580 4068 creatore
1616 4010 1756 4066 suo?
1791 4011 1967 4066 nescis

395 4108 548 4161 fortia
572 4121 692 4162 esse
713 4107 994 4160 verborum
1020 4105 1136 4174 ejus
1158 4118 1321 4174 Opera
1340 4103 1367 4158 ?
1392 4103 1612 4158 verbum
1639 4102 1756 4171 ejus
1777 4102 1967 4156 caelum

395 4196 702 4263 constituit,
731 4195 952 4250 verbum
978 4193 1093 4263 ejus
1119 4201 1416 4249 creaturam
1446 4190 1722 4261 produxit,
1747 4189 1967 4245 verbunt

399 4286 515 4356 ejus
542 4286 760 4356 angelos
782 4283 926 4350 fecit,
954 4293 1011 4339 ct
1038 4292 1091 4337 tu
1113 4283 1181 4337 de
1208 4282 1303 4336 ﬁlii
1327 4281 1695 4351 procreatioue
1722 4278 1972 4334 dubitas?

401 4373 525 4430 Ideo
560 4374 863 4447 indignatus
901 4380 984 4428 est
1021 4373 1272 4443 angelus,
1302 4385 1473 4441 neque
1509 4369 1788 4426 sacerdotii
1813 4383 1972 4423 causa

403 4465 676 4536 pepercit;
705 4464 813 4520 imo
838 4478 965 4520 vero
992 4463 1062 4520 ob
1087 4463 1313 4534 idipsum
1340 4462 1635 4533 graviorem
1663 4461 1839 4516 intulit
1863 4466 1987 4531 pm-'

404 4570 546 4611 nam.
578 4554 708 4610 Nam
735 4569 858 4611 eum
876 4594 893 4622 ,
920 4554 1009 4624 qui
1034 4554 1152 4623 plus
1178 4555 1388 4609 exteris
1422 4551 1694 4608 obtinebat
1734 4551 1972 4617 honoris,

406 4647 609 4716 majore
653 4661 813 4716 quam
865 4645 954 4700 alii
1002 4646 1107 4700 tide
1152 4646 1465 4699 instructum
1511 4658 1631 4698 esse
1674 4642 1974 4713 oportebat.

404 4737 535 4803 Quis
558 4748 735 4794 autem
776 4751 950 4807 patore
976 4736 1208 4792 modus?
1248 4734 1381 4790 Ecce
1413 4736 1514 4790 eris
1549 4743 1750 4799 tacens,
1791 4743 1840 4788 et
1877 4750 1979 4787 non

409 4830 594 4901 poteris
619 4828 754 4900 loqui
810 4826 969 4897 (Ibid.
996 4844 1044 4882 υ.
1065 4827 1181 4898 20).
1210 4825 1410 4898 Lingua
1441 4834 1548 4892 tua,
1569 4825 1773 4894 inquit,
1801 4824 1977 4880 incre-

407 4919 648 4975 dulitatis
671 4927 773 4974 tute
802 4918 1043 4973 ministra
1072 4917 1202 4983 fttit,
1232 4917 1343 4987 ipsa
1386 4914 1767 4970 incredulitatis
1797 4926 1980 4982 poenas

410 5021 524 5067 inet
550 5028 566 5066 :
588 5008 724 5066 Ecce
747 5010 847 5066 eris
871 5019 1055 5075 tacens,
1087 5018 1133 5063 et
1157 5025 1258 5063 non
1286 5006 1505 5077 loqueris
1532 5005 1690 5059 donec
1716 5004 1813 5059 illa
1834 5003 1978 5072 fiant.

411 5102 789 5161 Animadverte
817 5101 1192 5172 benignitatem
1218 5097 1448 5154 Domini.
1486 5096 1601 5151 Non
1629 5094 1805 5150 credis
1828 5092 1978 5161 mihi,

482 5295 498 5325 ⁸
533 5300 662 5355 Ilaec,
679 5291 730 5342 in
749 5288 857 5355 ipsa
876 5287 1043 5355 adyta,
1066 5286 1133 5355 _in
1152 5282 1304 5355 pavit.
1323 5288 1375 5332 et
1404 5277 1995 5355 taygetiquotktg..due_suut

419 5359 515 5415 ulc,
899 5339 1135 5416 inira’sic,
1144 5342 1387 5416 hominum
1395 5355 1425 5415 ,ε
1445 5340 1499 5393 in
1512 5339 1995 5416 ipsagdgjta‘tamjn-

421 5396 1087 5524 ᾖῖᾘ,ῗᾶἱῖ
1111 5396 1486 5478 Quod_rectius.
1522 5396 1663 5474 huic
1702 5396 1823 5461 'post
1859 5396 1993 5452 haec,

423 5489 655 5529 murena:
673 5475 832 5528 mittit
901 5484 971 5523 ms
997 5480 1165 5534 parem
1197 5468 1364 5531 fusse,
1394 5465 1573 5515 desunt
1610 5474 1661 5511 ιιι
1704 5457 1865 5510 Morel.
1962 5533 1965 5534 ν

423 5489 655 5529 murena:
673 5489 971 5528 omnium:
997 5489 1165 5534 parem
1197 5489 1364 5531 ιιιιεισ,
1394 5489 1573 5515 uesuu.
1610 5489 1661 5511 ιιι
1704 5489 1788 5510 ...ν-
1800 5489 1865 5508 ς..

463 5540 510 5612 ᾐξ
539 5546 681 5612 Hzce,
704 5538 915 5612 antistiit:
937 5535 1136 5601 ﬁducia:
1156 5535 1567 5601 magnitudinem?
1588 5537 1766 5587 desunt
1784 5537 1832 5585 in
1852 5533 1991 5588 savii.

428 5608 479 5649 et
500 5602 547 5647 in
572 5602 854 5664 quibusdam
873 5605 981 5651 Mss.

3483 177 3605 233 712

2008 292 2208 361 inquit,
2246 307 2385 347 nunc
2411 306 2621 361 poenam
2648 292 2862 358 accipe;
2894 305 3121 359 cumque
3144 290 3306 345 rebus
3331 290 3466 361 ipsis
3492 307 3604 346 ve-

2009 384 2219 438 ritatem
2245 383 2679 452 comprobavcro,
2713 391 2837 436 tunc
2863 382 2993 436 iram
3017 382 3220 435 solvam
3248 397 3263 433 :
3289 397 3412 435 ctnn
3451 381 3607 436 didi-

2009 476 2149 530 ceris
2177 485 2228 530 te
2248 474 2370 544 jure
2396 474 2605 544 plexum
2631 474 2811 538 fuisse,
2841 481 2966 527 tunc
2990 486 3020 526 a
3050 485 3203 541 pana
3236 480 3291 527 te
3318 472 3603 527 liberabo.

2011 566 2243 623 Audiant
2283 566 2528 623 Anomtei
2547 607 2564 633 ,
2591 575 2845 637 quantum
2876 566 3133 620 irascatur
3162 565 3334 627 Deus,
3362 579 3494 619 cum
3523 563 3611 619 de

2012 674 2070 715 se
2093 659 2351 715 curiosius
2376 658 2673 727 inquiritur.
2684 656 2835 725 Quod
2855 657 2899 710 si
2922 656 3029 722 ille,
3046 654 3167 725 quia
3187 655 3399 709 mortali
3422 669 3612 724 gene-

2014 748 2204 805 rationi
2229 762 2334 803 non
2360 746 2621 813 crederet,
2646 745 2892 815 plectitur
2922 760 2938 796 :
2969 753 3024 798 tu
3047 744 3137 813 qui
3164 757 3413 797 arcanam
3442 742 3612 796 illam

2014 849 2071 896 et
2096 854 2378 911 supernam
2407 837 2792 909 perscrutaris,
2819 835 3084 907 quomodo
3110 834 3423 905 supplicium
3453 832 3613 888 effu-

2015 930 2148 1002 gies,
2169 929 2256 984 die
2283 927 2452 983 mihi?
2479 927 2568 983 Ille
2597 926 2729 982 nihil
2755 926 3003 991 asseruit,
3026 925 3118 979 sed
3141 925 3381 979 ediscere
3404 922 3615 984 voluit,

2018 1021 2335 1091 veniamque
2378 1026 2737 1089 consequutus
2780 1032 2884 1070 non
2920 1025 3004 1070 est
3042 1032 3057 1067 :
3101 1024 3155 1069 tu
3182 1028 3308 1068 vero
3343 1026 3441 1079 ea,
3475 1026 3617 1081 qua

2020 1116 2268 1171 omnibus
2290 1113 2572 1171 invisibilia
2604 1109 3260 1181 iucomprehcusibiliaque
3284 1117 3430 1171 sunt,
3454 1105 3588 1158 aflir

2023 1224 2209 1275 mans,
2255 1222 2415 1279 quam
2455 1205 2675 1261 habebis
2716 1200 3122 1259 delensionem?
3167 1197 3307 1268 quod
3351 1213 3458 1251 non
3507 1195 3617 1249 tibi

2025 1300 2301 1374 pertrahes
2324 1297 2685 1369 supplicium?

2096 1394 2148 1448 5.
2178 1391 2404 1447 Ariamazi
2431 1389 2659 1444 dicebant
2685 1404 2738 1443 se
2759 1385 2921 1440 Deum
2947 1398 3090 1438 nosse
3114 1392 3167 1435 ut
3185 1381 3344 1451 seipse
3367 1387 3614 1433 nouerat.

2025 1483 2293 1537 -—Vcrunt
2316 1482 2430 1536 hanc
2454 1481 2522 1536 de
2544 1478 2884 1550 generatione
2903 1474 3186 1545 diSputatio
3209 1488 3359 1527 suum
3385 1472 3436 1524 in
3462 1480 3581 1524 tem

2029 1592 2127 1648 pus
2154 1583 2477 1642 reservetur,
2500 1574 2816 1643 interimque
2837 1572 2983 1642 prius
3002 1578 3366 1639 argumentum
3387 1576 3617 1635 repeta-

2030 1685 2169 1735 mus,
2196 1667 2350 1739 cujus
2372 1680 2541 1737 nupcr
2563 1665 2814 1736 reliquias
2838 1662 3157 1727 dimisimus,
3183 1659 3308 1714 dum
3336 1656 3617 1728 pernicie.

2031 1775 2144 1815 sam
2174 1759 2317 1814 illam
2341 1759 2596 1825 radicem,
2626 1755 2862 1810 omnium
2894 1752 3152 1807 malorum
3183 1758 3427 1811 matrem,
3456 1745 3622 1801 evel-

2034 1849 2145 1905 lere
2168 1862 2508 1915 conaremur,
2540 1845 2805 1902 undenam
2832 1843 2935 1898 illis
2973 1843 3087 1896 lucc
3113 1840 3356 1910 dogmata
3385 1836 3623 1891 subortu

2035 1952 2176 1998 sunt.
2208 1941 2463 2009 Quaenam
2492 1938 2578 1994 illa
2610 1937 2762 1992 radix
2796 1934 3054 1990 malorum
3083 1928 3363 1986 omnium?
3406 1928 3625 1982 credite

2035 2034 2188 2097 mihi,
2221 2048 2307 2089 me
2332 2031 2473 2086 illam
2505 2028 2965 2100 pronuntiaturum
3009 2024 3199 2078 horror
3238 2029 3460 2089 occupat
3488 2037 3502 2072 :
3526 2018 3623 2087 pi-

2036 2134 2124 2195 get
2150 2139 2213 2180 ea
2240 2136 2455 2178 narrare
2478 2136 2599 2192 quae
2623 2120 2699 2175 illi
2723 2133 2932 2188 semper
2971 2114 3312 2171 meditantur.
3352 2112 3620 2179 Quaenam

2040 2216 2200 2287 igitur
2224 2223 2305 2270 est
2332 2214 2521 2269 horum
2566 2212 2826 2266 malorum
2865 2205 3059 2263 radix?
3102 2206 3275 2260 Ausus
3320 2206 3404 2257 est
3452 2203 3625 2255 homo

2040 2307 2241 2371 dicere,
2274 2305 2441 2360 Deum
2472 2303 2616 2369 novi,
2646 2310 2704 2356 ut
2729 2303 2842 2372 ipse
2872 2299 3011 2354 Deus
3031 2296 3260 2365 seipsum
3283 2292 3446 2347 novit.
3464 2290 3626 2345 llaec-

2041 2398 2161 2453 cine
2222 2394 2583 2451 confutatione
2633 2392 2915 2462 indigent,
2986 2387 3218 2442 haeccine
3278 2383 3627 2438 demonstra-

2045 2486 2231 2543 tione?
2258 2500 2434 2541 annon
2484 2484 2614 2537 satis
2665 2489 2747 2536 est
2783 2479 2899 2534 haec
2951 2477 3120 2531 solum
3170 2472 3328 2530 verba
3356 2472 3625 2542 proferre,

2044 2587 2104 2633 ut
2155 2586 2264 2632 tota
2326 2589 2514 2631 eorum
2575 2573 2820 2642 impietas
2871 2565 3172 2623 reveletur?
3226 2563 3435 2618 Etenim
3507 2560 3628 2614 haec

2045 2667 2251 2724 insania
2326 2673 2410 2720 est
2478 2662 2754 2734 perspicua
2798 2701 2814 2727 ,
2887 2657 3117 2713 amentia
3194 2651 3575 2708 inexcusabilis
3612 2691 3629 2712 ,

2047 2771 2219 2814 novus
2283 2755 2568 2825 impietatis
2614 2752 2836 2806 modus.
2882 2748 3050 2803 Nemo
3113 2744 3379 2816 quidpiam
3439 2742 3631 2809 hujus-

2049 2848 2192 2905 modi
2233 2846 2318 2902 vel
2369 2857 2546 2901 mente
2600 2842 2902 2912 concipere,
2952 2837 3039 2893 vel
3068 2837 3241 2906 lingua
3266 2832 3507 2904 proferre
3534 2847 3633 2883 au-

2049 2955 2141 2996 sus
2162 2947 2264 2995 est.
2291 2936 2498 3007 Cogita,
2546 2934 2710 2989 miser
2756 2940 2811 2987 et
2859 2929 3061 2991 infelix,
3109 2926 3351 2997 quisnam
3397 2923 3514 2984 sis,
3571 2930 3633 2975 et

2051 3045 2336 3104 quemnam
2366 3037 2472 3085 tam
2500 3026 2710 3082 curiose
2729 3021 2980 3079 scruteris
3011 3036 3025 3072 :
3057 3018 3215 3072 homo
3243 3030 3365 3070 cum
3392 3015 3488 3075 sis,
3527 3012 3633 3067 De-

2056 3102 2143 3178 um
2169 3117 2453 3190 exploras?
2482 3115 2577 3171 Vel
2594 3113 2807 3169 nomina
2828 3124 2971 3165 mera
2993 3108 3122 3163 satis
3141 3114 3283 3171 sunt,
3309 3113 3365 3158 ut
3390 3102 3637 3157 stultitia:

2057 3211 2471 3284 magnitudinem
2496 3207 2807 3262 declarent:
2837 3202 2996 3256 homo
3018 3207 3160 3253 terra
3197 3204 3253 3252 et
3289 3195 3459 3259 cinis,
3503 3206 3638 3246 caro

2057 3313 2113 3361 et
2137 3283 2372 3374 sanguis,
2399 3298 2599 3354 itenum
2626 3305 2680 3350 et
2708 3293 2807 3348 llos
2833 3291 2979 3354 freni,
3008 3288 3214 3353 umbra,
3241 3284 3440 3349 fumus,
3472 3283 3631 3335 vani-

2061 3406 2163 3460 tas,
2192 3373 2318 3450 etsi
2341 3390 2467 3462 quid
2496 3388 2578 3443 his
2607 3385 2886 3443 obscurius
2909 3391 2964 3436 et
2990 3379 3165 3434 vilius.
3214 3376 3392 3445 Neque
3436 3373 3641 3444 putetis

2062 3487 2177 3542 luce
2202 3481 2506 3540 incusanda:
2527 3486 2729 3534 naturai
2756 3488 2916 3531 causa
2943 3471 3047 3526 dici
3076 3488 3090 3523 :
3146 3481 3317 3538 neque
3343 3466 3486 3521 enim
3510 3479 3639 3534 ego,

2063 3578 2157 3634 sed
2185 3574 2457 3648 prOpheta:
2486 3572 2558 3626 ita
2598 3566 3057 3640 philosophantur,
3088 3576 3194 3615 non
3226 3568 3283 3612 ttt
3326 3572 3495 3627 genus
3544 3571 3642 3609 no-

2063 3680 2234 3725 strum
2264 3663 2526 3720 dedecore
2552 3659 2805 3721 afﬁciant,
2829 3654 2923 3711 sed
2953 3662 3014 3709 ut
3039 3653 3345 3707 insanorum
3374 3656 3643 3701 tumorem

2064 3756 2459 3829 comprimant;
2489 3767 2596 3807 non
2622 3757 2681 3806 ut
2707 3757 2948 3803 naturam
2994 3752 3230 3797 nostram
3270 3744 3642 3799 contemnant,

2067 3851 2162 3907 sed
2194 3828 2261 3903 ut
2305 3846 2623 3902 furiosorum
2671 3837 3025 3909 arrogantiam
3068 3832 3338 3901 dejiciaut.
3390 3828 3525 3883 Nam
3575 3829 3643 3892 si,

2070 3951 2350 4012 postquam
2379 3937 2453 3991 illi
2483 3943 2560 3989 tot
2587 3939 2837 4000 tantaque
2856 3927 3062 3989 dixere,
3090 3920 3285 3992 reperti
3316 3928 3495 3973 tamen
3521 3925 3647 3971 sunt

2071 4034 2162 4105 qui
2183 4031 2466 4087 verborum
2488 4021 2776 4097 petulantia
2797 4020 2971 4090 ipsum
2994 4013 3263 4069 diabolum
3289 4017 3644 4078 superarunt:

2072 4102 2119 4181 si
2166 4123 2298 4179 nihil
2343 4115 2604 4190 ejusmodi
2632 4115 2830 4169 dictum
2862 4110 3066 4174 fuisset,
3090 4117 3196 4175 quo
3224 4102 3440 4157 tandem
3465 4115 3649 4153 amen~

2075 4220 2162 4274 tia:
2191 4231 2297 4271 non
2323 4208 2733 4285 prorupissent‘!
2761 4203 2818 4259 Si
2843 4201 3138 4272 appositam
3182 4196 3439 4250 habentes
3482 4190 3651 4285 medi-

2075 4313 2272 4377 cinam,
2298 4284 2469 4362 adhuc
2499 4314 2674 4358 tamen
2697 4296 2969 4358 inﬂantur,
3013 4306 3121 4363 quo
3161 4288 3376 4344 demunt
3426 4284 3654 4337 tumoris

2076 4413 2132 4459 et
2156 4374 2470 4472 arrogantia:
2500 4409 2606 4450 non
2633 4387 3037 4462 processissent,
3079 4381 3178 4436 nisi
3206 4379 3328 4433 talia
3378 4375 3453 4429 illi
3509 4374 3653 4428 circa

2080 4466 2321 4553 naturam
2350 4492 2635 4544 humanam
2657 4476 3041 4554 protulissent?
3070 4472 3205 4529 Addi
3232 4470 3392 4540 igitur
3417 4466 3546 4537 quid
3586 4466 3654 4520 de

2079 4588 2257 4657 seipso
2277 4580 2603 4650 dicatjustus
2626 4576 2717 4630 ille
2742 4567 3061 4657 patriarcha,
3090 4564 3203 4657 ligo
3224 4570 3389 4657 autem
3413 4574 3528 4612 sum
3550 4568 3653 4610 ter-

2080 4696 2140 4732 ra
2162 4651 2212 4730 et
2240 4675 2367 4728 ciuis
2388 4668 2538 4745 (Gen.
2570 4666 2657 4722 18.
2673 4663 2743 4719 27
2760 4662 2802 4735 ).
2828 4660 2962 4716 Cum
2988 4656 3097 4712 Deo
3120 4651 3455 4745 loquebatur.
3483 4662 3657 4716 neque

2084 4780 2261 4825 tamen
2286 4741 2604 4821 conﬁdentia
2633 4752 2991 4813 eﬂ'erebatur;
3022 4747 3130 4802 imo
3158 4744 3239 4799 vel
3270 4742 3374 4797 hoc
3401 4741 3575 4808 ipsum
3600 4744 3658 4791 ut

2085 4860 2360 4916 moderate
2387 4860 2569 4924 ageret
2594 4849 2693 4920 ipsi
2721 4843 2997 4901 suadebat.
3024 4838 3093 4894 Hi
3117 4850 3266 4898 vero,
3320 4832 3411 4903 qui
3442 4847 3511 4886 ne
3539 4846 3660 4884 um-

2086 4952 2179 5007 bra
2202 4948 2416 5020 quidem
2432 4923 2589 4998 illius
2613 4938 2760 5009 digni
2785 4944 2934 4999 sunt,
2967 4946 3025 4986 se
3045 4926 3247 5020 angelis
3272 4925 3405 4995 ipsis
3430 4923 3660 4991 majores

2087 5018 2452 5111 esse—putant:
2498 5030 2638 5104 quod
2678 5036 2935 5084 extrema:
2978 5018 3263 5076 dementia:
3290 5024 3660 5085 argumentum

2088 5144 2191 5191 est.
2216 5106 2454 5188 licumnc
2477 5122 2753 5184 scrutaris,
2779 5120 2867 5175 dic
2894 5114 3022 5172 mihi
3044 5155 3060 5179 ,
3104 5114 3196 5182 qui
3239 5110 3356 5164 sine
3404 5106 3663 5176 principio

2090 5233 2189 5290 est,
2229 5217 2554 5277 invariabilis
2575 5254 2590 5279 ,
2642 5214 2988 5281 incorporeus
3009 5245 3026 5271 ,
3071 5198 3491 5269 incorruptibilis
3513 5239 3526 5257 ,
3577 5197 3663 5263 qui

2091 5316 2288 5384 ubique
2310 5310 2483 5376 adest,
2512 5318 2567 5363 et
2583 5303 2762 5359 omnia
2789 5305 3023 5369 superat,
3047 5293 3399 5359 universaque
3420 5296 3664 5340 creatura

2092 5378 2336 5477 superior
2363 5399 2483 5456 est?
2512 5396 2652 5452 Audi
2700 5391 2825 5463 quid
2875 5389 2945 5444 de
2995 5386 3087 5441 illo
3114 5380 3386 5454 prephettc
3432 5378 3662 5477 philoso-

2093 5471 2344 5570 pit—entttr,
2372 5503 2428 5548 et
2451 5501 2630 5547 metue
2659 5505 2672 5540 :
2706 5486 2804 5550 Qui
2823 5479 3025 5549 respicit
3041 5487 3248 5538 terram,
3300 5482 3347 5526 et
3390 5471 3511 5541 furit
3558 5484 3663 5520 eant

2097 5566 2307 5650 ινξιπιτ-ε
2330 5583 2502 5661 (Psal.
2537 5577 2814 5649 105.52):
2843 5572 3051 5646 aspexit
3073 5569 3267 5636 solum,
3298 5577 3353 5622 ct
3377 5566 3523 5621 illaut
3550 5575 3662 5618 tan-
