3854 6222
0 263 6 276 ι

0 403 6 414 ’
61 410 186 466 τοῦ
233 412 372 466 Θεοῦ
401 412 498 482 τὴν
539 412 870 481 προστασίαν
906 411 1413 482 ἐμπεπιστευμένος
1457 413 1551 466 τοῦ
1593 414 1768 484 δήμου

0 495 8 516 ⁵
63 501 326 564 παντός’
361 492 517 562 οὗτος
544 501 572 551 0
612 497 886 569 Ζαχαρίας
938 497 1196 551 εἰσελθὼν
1230 501 1312 561 εἰς
1357 499 1425 552 τά
1474 499 1611 568 άγια
1657 501 1769 554 τῶν

0 579 8 604 ⁵
63 589 289 656 ἁγίων,
335 589 412 651 είς
453 587 592 640 αὑτά
630 587 700 639 τά
732 587 896 642 ἀδυτα
931 598 980 649 ι,
1010 585 1046 640 ἃ
1088 586 1236 657 μόνῳ
1277 587 1386 640 τῶν
1423 588 1638 642 πάντων
1675 589 1769 642 ἀν-

3 685 8 699 ¹
60 675 331 745 θρώττων
364 676 553 746 ἐκείνῳ
603 675 760 745 Θέμις
794 670 864 746 ἦν
907 675 1028 728 τότε
1072 675 1205 746 όρᾷν
1252 676 1369 746 (καὶ
1414 676 1606 729 σκόπει
1652 675 1768 738 πῶς

0 758 8 790 ¹
60 763 182 815 καὶ
212 763 310 816 τοῦ
345 762 578 833 πλήθους
612 762 810 826 παντὸς
853 761 1181 833 ἀντίῤῥοπος
1223 759 1312 834 ἦν,
1364 763 1440 826 ὡς
1474 765 1569 816 καὶ
1613 761 1767 827 λιτὰς

0 847 6 879 ¹
60 849 234 920 ὑπὲρ
262 849 360 904 τοῦ
393 848 626 921 πλήθους
663 849 864 912 παντὸς
891 849 1187 918 ἀναφέρειν
1215 849 1293 920 τῷ
1334 848 1475 920 Θεῷ,
1515 851 1612 902 καὶ
1640 849 1767 902 ἵλεω

0 939 8 972 ι
58 940 270 990 ποιεῖν
298 937 388 990 τὸν
413 936 690 1007 Δεσπότην
715 937 829 999 τοῖς
852 935 1092 999 οἰκέταις
1129 931 1290 1003 (εἶδες
1322 936 1636 1008 παῤῥησίας
1672 937 1766 1006 μέ-

0 1031 6 1058 ;
55 1023 304 1091 τεθοςς)
339 1023 586 1093 καθάπερ
621 1022 848 1094 μεσίτης
876 1040 960 1086 τις
992 1020 1068 1075 ὢν
1100 1022 1235 1076 Θεοῦ
1285 1025 1380 1078 καὶ
1413 1022 1761 1094 ἀνθρώπων),

0 1120 7 1154 π
55 1107 227 1162 εἶδεν
248 1110 478 1178 ἄγγελον
507 1109 654 1163 ἐνδον
680 1109 912 1180 ἐστῶτα,
938 1111 1032 1163 καὶ
1055 1109 1239 1181 ἐπειδὴ
1265 1109 1562 1182 ἐξέπληξεν
1587 1113 1619 1181 ή
1643 1110 1765 1180 δψις

0 1211 5 1244 ι
54 1195 172 1248 τὸν
225 1197 535 1266 ἄνθρωπον,
589 1197 754 1267 φησὶν
800 1198 1040 1260 ἐκεῖνος’
1091 1197 1189 1264 Μὴ
1228 1198 1437 1266 φοϐοῦ,
1472 1198 1762 1266 Ζαχαρία,

0 1309 8 1338 ι
50 1283 238 1335 διότι
267 1284 638 1351 εἰσηκούσθη
672 1285 710 1351 ἠ
741 1282 953 1350 δέησίς
983 1298 1120 1348 σου,
1156 1283 1256 1337 καὶ
1288 1283 1416 1337 ἰδοὺ
1437 1284 1582 1354 τέξῃ
1605 1285 1760 1340 υἱόν.

50 1371 196 1424 Καὶ
232 1370 362 1423 ποία
399 1369 539 1440 αὕτη
583 1369 900 1434 ἀκολουθία;
953 1371 1091 1443 ὑπὲρ
1123 1370 1218 1423 τοῦ
1257 1370 1388 1424 λαοῦ
1439 1371 1759 1442 παρεκάλει,

0 1491 6 1520 ι
51 1456 228 1525 ὑπὲρ
272 1455 383 1508 τῶν
415 1455 827 1526 ἁμαρτημάτων
869 1455 1068 1521 ἐδεῖτο,
1123 1457 1456 1528 συγγνώμην
1497 1459 1617 1529 ᾔτει
1646 1461 1761 1522 τοῖς

0 1582 6 1614 ι
51 1542 416 1605 συνδούλοις,
457 1543 551 1595 καὶ
592 1542 760 1610 λέγει,
792 1540 889 1609 Μὴ
928 1543 1136 1611 φοϐοῦ,
1170 1545 1453 1612 Ζαχαρία,
1485 1547 1760 1614 ἠκούσθη

0 1683 6 1708 λ
49 1631 188 1700 γὰρ
247 1632 288 1698 ἡ
334 1629 546 1697 δέησίς
595 1646 746 1684 σου·
812 1631 904 1684 καὶ
951 1629 1046 1683 τοῦ
1106 1631 1438 1701 ἀκουσθῆναι
1489 1633 1762 1698 ἀπόδειξιν

0 1771 4 1776 ,
49 1721 330 1772 ποιεῖται
362 1717 422 1771 τὸ
440 1717 805 1787 τεχθήσεσθαι
839 1718 1004 1770 παῖδα
1033 1716 1183 1788 αὑτῷ
1206 1718 1297 1770 τὸν
1333 1717 1620 1790 Ἰωάννην;
1653 1719 1761 1772 Καὶ

0 1863 8 1878 ,Ι
53 1806 237 1876 μάλα
283 1805 530 1868 εἰκότως.
575 1803 794 1875 Ἐπειδὴ
835 1804 945 1875 γὰρ
975 1804 1004 1844 b
1034 1804 1174 1876 ὑπὲρ
1207 1804 1314 1858 τῶν
1357 1805 1640 1875 ἁμαρτιῶν
1665 1805 1758 1859 τοῦ

0 1879 4 1964 ζ
49 1893 215 1945 λαοῦ
255 1891 575 1962 παρεκάλει,
598 1891 788 1962 ἔμελλε
816 1891 872 1944 δέ
909 1892 1115 1945 τίκτειν
1147 1893 1260 1945 υἱὸν
1287 1892 1495 1963 βοῶντα
1517 1909 1532 1923 ·
1568 1893 1681 1946 Ἴδε
1724 1897 1759 1948 ό

46 1979 277 2048 ἀμνὸς
312 1978 415 2033 τοῦ
445 1979 592 2033 Θεοῦ
621 1979 656 2033 ὁ
691 1979 876 2046 αἴρων
901 1979 1018 2047 τὴν
1043 1980 1336 2048 ἁμαρτίαν
1366 1979 1473 2034 τοῦ
1503 1979 1755 2049 κόσμου,

0 2073 2 2076 ’
48 2066 339 2128 εἰκότως,
376 2066 556 2134 φησὶν,
582 2067 967 2133 Είσηκούσθη
990 2068 1028 2134 ἢ
1074 2066 1283 2134 δέησίς
1313 2081 1450 2127 σου,
1481 2068 1580 2120 καὶ
1613 2067 1756 2136 τέξῃ

46 2153 241 2206 υἱόν.
279 2151 345 2203 Τί
384 2147 476 2204 οὖν
507 2154 746 2217 ἐκεῖνοςς
780 2152 854 2205 Τὸ
881 2152 991 2224 7&9
1031 2152 1366 2223 ζητούμενον
1397 2152 1556 2206 τοῦτό
1585 2156 1754 2220 ἐστιν,

0 2233 4 2262 ⁵
43 2242 150 2292 ὅτι
193 2239 264 2291 τὸ
303 2238 756 2310 περιεργάζεσθαι
801 2239 1034 2309 τρόπους
1082 2240 1347 2310 χρησμῶν
1383 2240 1542 2294 θείων
1586 2242 1758 2311 ἀσύγ-

0 2345 2 2354 ι
45 2325 330 2394 γνωστόν
357 2327 493 2388 ἐστι,
534 2327 633 2388 τὰς
669 2327 727 2382 δὲ
772 2327 1075 2395 ἀποφάσεις
1107 2328 1287 2380 πίστει
1331 2326 1578 2398 δέχεσθαι
1626 2331 1751 2402 χρή.

0 2417 4 2447 ῖ
47 2410 234 2468 Εἷδεν
267 2412 351 2475 είς
377 2412 476 2481 τὴν
507 2411 723 2482 ήλικίαν
755 2412 852 2482 τὴν
895 2412 1112 2478 ἐαυτοῦ,
1159 2417 1237 2477 εἰς
1277 2414 1378 2485 τὴν
1414 2414 1626 2478 πολιάν,
1675 2417 1756 2480 είς

0 2507 2 2512 ’
43 2502 118 2553 τὸ
149 2500 330 2570 σῶμα
378 2500 439 2553 τὸ
489 2499 881 2569 ἐξησθενηκός·
966 2495 1104 2553 εἶδεν
1181 2503 1261 2564 είς
1306 2501 1404 2570 τήν
1471 2502 1755 2574 στείρωσιν

0 2589 169 2656 ’τῆς
211 2586 496 2654 γυναικὸς,
546 2589 638 2639 καὶ
691 2586 1032 2657 διηπίστησε,
1105 2587 1322 2641 καὶτὸν
1379 2589 1579 2659 τρόπον
1628 2587 1754 2662 ἐζή-

0 2707 2 2710 -
47 2692 213 2746 τησε
259 2673 475 2744 μαθεῖν,
537 2674 630 2726 καὶ
669 2669 824 2725 εἷπε·
893 2673 1054 2727 Κατὰ
1106 2676 1163 2728 τί
1208 2676 1502 2745 γνώσομαι
1547 2677 1753 2740 τοῦτο;

44 2764 224 2827 Πῷς,
277 2764 481 2832 φησὶν,
533 2763 685 2816 ἔσται
720 2761 912 2827 τοῦτο;
974 2763 1104 2817 Ἰδοὺ
1164 2763 1275 2831 ἐγὼ
1325 2766 1608 2838 γεγήρακα
1662 2769 1756 2822 καὶ

43 2850 454 2920 πεπολίωμαι,
505 2851 599 2904 καὶ
639 2852 828 2921 ήγυνή
881 2867 982 2919 μου
1029 2853 1217 2921 στεῖρα
1273 2853 1646 2922 προϐεϐηκυῖα
1696 2857 1754 2908 ἐν

3 2987 6 2992 .
43 2941 192 3001 ταῖς
223 2937 466 3007 ἡμέραις
513 2937 712 3006 αὐτῆς·
757 2938 789 3006 ἡ
831 2935 1014 3006 ἡλικία
1066 2936 1264 3006 ἄωρος,
1299 2939 1331 3007 ή
1381 2937 1540 3004 φύσις
1579 2939 1755 3011 ἀχρη-
1799 2970 1807 2978 -

46 3042 203 3088 στος
223 3042 239 3055 ·
285 3025 404 3087 πῶς
435 3023 546 3094 ἔχει
580 3025 736 3092 λόγον
755 3023 824 3077 τά
861 3022 1286 3094 ἐπηγγελμένας
1318 3024 1428 3092 ἐγὼ
1460 3027 1488 3078 0
1517 3027 1754 3097 σπείρων

40 3111 324 3181 ἀσθενής
343 3127 356 3140 ·
385 3112 418 3181 ή
452 3111 658 3182 ἄρουρα
693 3112 905 3180 ἄγονος.
933 3107 1058 3182 Ἆρ’
1087 3111 1148 3164 οὑ
1175 3112 1322 3164 δοκεί
1355 3130 1465 3165 τισι
1511 3113 1756 3182 συγγνώ-

0 3257 4 3270 ,
44 3221 183 3274 μης
211 3201 371 3266 ἄξιος
413 3197 548 3254 εἶναι
593 3202 934 3273 πραγμάτων
971 3203 1294 3257 ἀκολουθίαν
1323 3204 1618 3275 ἐπιζητῶν,
1660 3205 1755 3259 καὶ

0 3339 2 3360 ς
39 3291 252 3345 δοκῶν
293 3307 348 3342 τι
391 3290 568 3358 λέγειν
611 3291 789 3356 είκός;
845 3292 987 3345 Ἀλλ’
1017 3294 1078 3345 οὐ
1109 3291 1186 3363 τῷ
1229 3292 1347 3363 Θεῷ
1388 3293 1566 3359 ἔδοξεν
1607 3294 1754 3360 ἄξιος

40 3377 252 3433 εἶναι’
299 3378 394 3431 καὶ
421 3377 566 3448 μάλα
591 3379 836 3440 είκότως.
875 3379 1042 3432 Ὅταν
1075 3380 1182 3450 7&9
1214 3382 1241 3433 0
1271 3380 1404 3444 Θεὸς
1445 3382 1754 3453 ἀποφαίνη-

40 3485 182 3528 ται,
221 3464 522 3532 λογισμοὺς
547 3467 716 3517 κινεῖν
741 3465 804 3518 οὐ
833 3467 960 3536 χρὴ,
998 3467 1120 3518 οὐδὲ
1165 3469 1504 3538 πραγμάτων
1530 3469 1756 3523 ἀκολου-

38 3555 222 3618 θίαν,
265 3552 393 3605 οὐδὲ
423 3551 637 3622 φύσεως
658 3553 904 3624 ἀνάγκην
931 3553 1350 3624 προϐάλλεσθαι,
1377 3555 1500 3608 οὐδέ
1549 3556 1677 3610 ἄλλο
1700 3574 1755 3610 τι

36 3643 180 3700 τῶν
233 3639 495 3692 τοιούτων
521 3639 672 3692 οὐδέν
693 3656 707 3672 ι
760 3642 979 3695 πάντων
1008 3641 1114 3712 7&9
1146 3640 1353 3696 τούτων
1383 3643 1630 3714 ἀνωτέρα
1656 3645 1756 3714 τῆς

0 3789 6 3800 1
39 3727 418 3794 ἀποφάσεως
458 3726 490 3792 ὴ
525 3725 752 3797 δύναμις
794 3727 969 3780 οὐδενὶ
995 3727 1395 3798 διακοπτομένη
1449 3730 1751 3800 κωλύματι.

0 3885 7 3892 ¹
39 3818 122 3870 Τί
165 3816 384 3878 ποιεῖς,
422 3815 702 3886 ἄνθρωπε;
731 3817 760 3868 0
785 3816 918 3879 Θεὸς
953 3818 1369 3886 ἐπαγγέλλεται,
1403 3821 1496 3872 καὶ
1523 3821 1618 3873 ἐπὶ
1639 3822 1758 3891 ήλι-

0 3903 6 3913 ’
38 3907 201 3960 κίαν
242 3901 633 3971 καταφεύγεις,
674 3903 824 3977 [455]
860 3905 954 3959 καὶ¹
983 3907 1157 3977 γῆρας
1194 3907 1506 3981 προϐάλλῃ;
1543 3910 1616 3980 μὴ
1649 3911 1756 3983 7&9

3 4065 6 4072 Ι
42 3989 441 4061 ἰσχυρότερον
485 3989 547 4043 τὸ
591 3993 769 4063 γῆρας
806 3991 908 4062 τῆς
949 3993 1282 4061 ἐπαγγελίας
1319 3994 1412 4047 τοῦ
1467 3995 1635 4061 Θεοῦ;
1680 3999 1755 4068 μὴ

0 4075 179 4151 ’γὰρ
217 4076 567 4148 δυνατωτέρα
598 4079 632 4148 ή
671 4078 832 4148 φύσις
858 4079 952 4133 τοῦ
991 4080 1325 4151 δημιουργοῦ
1364 4084 1464 4151 τῆς
1506 4082 1755 4150 φύσεως;

0 4159 164 4226 ²οὐκ
227 4163 384 4230 οἶδας
431 4168 512 4220 ὅτι
567 4169 763 4238 ίσχυρά
811 4169 950 4240 ἔργα
1001 4169 1172 4238 λόγων
1223 4170 1418 4234 αὐτοῦς
1483 4172 1542 4225 'U
1593 4172 1749 4241 λόγος

0 4255 246 4314 ίαῦτοῦ
275 4254 369 4307 τὸν
414 4255 637 4325 οὐρανὸν
685 4255 930 4327 ἔστησεν·
971 4260 999 4310 0
1026 4257 1184 4325 λόγος
1224 4257 1390 4311 αὑτοῦ
1433 4259 1530 4330 τὴν
1577 4259 1756 4313 κτίσιν

0 4346 445 4419 ⁷παρήγαγενο
490 4346 519 4397 0
573 4343 727 4412 λόγος
783 4343 946 4397 αὑτοῦ
1017 4344 1282 4413 ἀγγέλους
1348 4346 1608 4417 ἐποίησε,
1665 4350 1757 4400 καὶ

0 4439 121 4490 ’σὺ
188 4433 334 4502 περὶ
394 4431 698 4503 γεννήσεως
769 4431 1168 4502 ἀμφιϐάλλειςς
1219 4433 1318 4486 Διά
1372 4434 1547 4489 ταῦτα
1584 4437 1754 4505 ήγαν-

0 4525 324 4588 ’ἀκτησεν
368 4518 397 4570 0
437 4518 686 4586 ἄγγελος,
737 4519 832 4571 καὶ
874 4517 994 4571 οὐδὲ
1031 4517 1121 4571 διά
1145 4519 1246 4590 τὴν
1293 4519 1593 4590 ἱερωσύνην
1621 4537 1748 4573 συν-

31 4610 252 4676 ἐγνωο
320 4603 408 4657 διὰ
450 4606 654 4674 ταύτην
705 4606 804 4674 μὲν
849 4601 940 4658 οὖν
989 4605 1083 4658 καὶ
1141 4604 1433 4669 ἐκολάζετο
1472 4607 1752 4674 μειζόνως.

32 4695 172 4750 Τὸν
211 4691 330 4760 γάρ
374 4690 535 4744 πλέον
573 4691 680 4744 τῶν
711 4690 890 4745 ἀλλων
921 4693 1002 4754 εἰς
1034 4691 1200 4762 τιμῆς
1233 4691 1426 4761 ἔχοντα
1470 4693 1624 4762 λόγον
1664 4695 1757 4748 καὶ

0 4781 204 4852 ιπερὶ
247 4778 350 4848 τὴν
393 4779 573 4833 πίστιν
601 4779 708 4832 τῶν
741 4780 916 4833 ἀλλων
965 4780 1312 4834 πλεονεκτεῖν
1358 4781 1485 4836 ἔδει.
1536 4783 1645 4836 Καὶ
1675 4784 1756 4847 τίς

0 4875 68 4926 ,ὁ
118 4866 352 4940 τρόπος
381 4866 477 4936 τῆς
519 4867 827 4932 κολάσεως;
870 4867 1026 4922 Ἰδοὺ
1064 4866 1182 4936 ἔσῃ
1222 4867 1485 4934 σιωπῶν,
1540 4870 1639 4924 καὶ
1674 4873 1756 4940 μὴ

1 4993 4 5018 ἑ
29 4952 420 5021 δυνάμενος
454 4953 667 5008 λαλεῖν
704 4965 750 5006 ο.
799 4955 864 5009 Ἡ
894 4954 1117 5024 γλῶσσά
1144 4972 1260 5019 σου,
1296 4957 1482 5027 φησὶν,
1512 4957 1546 5027 ἥ
1569 4957 1754 5028 διηκο-

111 5147 145 5174 ⁸
183 5140 334 5207 Hac,
360 5144 424 5198 εἷς
445 5144 565 5192 αὐτὰ
582 5145 642 5192 τὰ
663 5145 830 5207 ἀδυτα,
855 5147 903 5194 in
924 5145 1076 5194 Savil.
1090 5150 1143 5194 et
1165 5144 1211 5194 in
1231 5147 1417 5207 aliquot
1438 5159 1550 5195 mss.
1575 5149 1757 5200 desunt

30 5209 160 5264 hic,
193 5203 297 5250 sed
332 5213 580 5263 ponuntur
607 5206 729 5254 intra
751 5203 855 5254 sic:
883 5208 964 5255 καὶ
986 5208 1261 5264 ἀνθρώπων·
1299 5203 1362 5263 εἷς
1384 5209 1506 5256 αὐτὰ
1525 5210 1585 5257 τὰ
1607 5211 1757 5260 ἄδυτα

25 5268 236 5329 τοίνυν
257 5266 523 5329 τζαρελθὼν,
564 5267 699 5329 εἶδεν.
745 5268 902 5329 Paulo
932 5275 1044 5329 post
1074 5266 1199 5327 haec,
1223 5271 1324 5324 πῶς
1345 5271 1426 5318 καὶ
1445 5268 1531 5317 τοῦ
1553 5272 1756 5328 πλήθους

34 5327 254 5389 παντὸς
278 5324 554 5389 ἀπίρῤοπος
575 5328 651 5386 ἦν,
672 5328 853 5377 desunt
875 5324 949 5378 in'
968 5329 1162 5388 Μαι-ειη
1189 5324 1278 5378 Sed
1303 5329 1549 5379 habentur
1566 5332 1614 5380 in
1636 5324 1752 5382 iussi

31 5387 290 5454 maxjma
313 5387 474 5454 _p_a'r_t'g.
520 5389 820 5454 [fautopost
844 5391 1040 5454 quidam
1066 5403 1181 5438 mss.
1207 5391 1558 5454 ἀναφέρεινηει
1584 5400 1755 5453 postea

31 5407 290 5438 maxuma
313 5407 474 5494 rue.
521 5407 672 5437 raulo
710 5407 820 5450 p051
844 5407 1040 5450 quinam
1066 5407 1181 5438 mss.
1207 5407 1351 5454 αναφε
1385 5408 1468 5449 ειν,
1508 5407 1558 5440 et
1584 5407 1755 5453 p03tea

30 5447 251 5520 ποιρξν,
277 5461 308 5520 ξι
350 5461 365 5496 ι
404 5448 578 5520 ῌοςει.
621 5449 782 5520 ίηώςιε
799 5451 1042 5520 ἀναφέρων
1060 5457 1118 5520 Δος.
1140 5453 1307 5520 ποιῶν.
1336 5407 1443 5520 ἧοχ
1467 5451 1610 5513 illud,
1636 5455 1755 5512 εἶδες

31 5507 349 5610 «afﬂatu;
374 5511 581 5570 μέγεθος,
605 5511 749 5587 ἀείρει
769 5510 816 5560 in
841 5507 993 5562 Sa'vﬂ.
1022 5517 1076 5561 et
1099 5513 1150 5560 in
1171 5511 1460 5573 quibusdam
1483 5527 1597 5562 mss.

182 5567 404 5610 {)mdam
424 5584 540 5610 mu,
577 5571 820 5610 1..wa
847 5574 927 5610 ναι
954 5573 1134 5610 ηωοςκηη
1155 5575 1306 5610 πολλα
1325 5574 1402 5610 νη)
1429 5575 1597 5610 εὒπηιςη

112 5567 404 5626 δὈυῑόειίι
424 5567 540 5620 mss.
571 5567 823 5631 ’Ἰωάννηνς
847 5574 928 5621 καὶ
954 5573 1136 5636 σφόδρα
1155 5567 1306 5631 πολλή
1325 5574 1405 5622 καὶ
1428 5575 1749 5638 εὐπρόσωπος·

33 5629 248 5695 ἐπεγνδῂ
268 5629 376 5695 γάρ·
836 5694 842 5695 ,

63 5645 248 5685 πεωη
268 5645 376 5688 γαρ-

0 5755 2 5758 ·
34 5758 105 5804 ει
128 5688 460 5802 ἓξξῇξᾷκαὶ
478 5695 543 5757 μή
565 5695 816 5751 δυνάμενος
833 5694 1015 5758 λαλεῖν,
1043 5696 1223 5749 desunt
1242 5698 1292 5748 in
1324 5696 1597 5759 quibusdan

34 5763 105 5806 ει
137 5763 368 5802 δεῖ-1110.

1134 297 1223 351 DE
1263 297 1956 355 INCOMPREHENSIBILI
2000 300 2106 356 DEI
2145 299 2452 354 NATURA.
2496 297 2557 354 11.

3442 303 3545 357 7η

1877 433 2005 484 νησε
2055 415 2190 486 πρὸς
2235 413 2333 484 τὴν
2382 413 2488 466 τῶν
2533 413 2793 483 ῥημάτων
2841 413 3116 478 ἀπιστίαν,
3157 414 3295 486 αὕτη
3339 417 3546 480 δὲξ;ται

1875 508 1970 555 καὶ
2005 502 2102 572 τὴν
2138 502 2230 554 ἐπὶ
2269 504 2334 571 τῇ
2363 500 2591 570 ἀπιστία
2621 500 2921 570 τιμωρίαν·
2973 499 3119 553 Ἰδοὺ
3152 501 3269 570 ἔσῃ
3306 503 3549 555 σιωπῶν

1875 589 1974 642 καί
2017 589 2103 658 μὴ
2151 587 2378 653 λαλῶν,
2413 586 2524 652 ἕως
2557 586 2636 640 ἂν
2689 587 2933 655 γένηται
2986 589 3192 641 ταῦτα.
3263 590 3547 659 Ἐννόησον

1875 674 2282 745 φιλανθρωπίαν
2304 673 2574 726 Δεσπότου
2598 689 2610 703 '
2646 673 2921 735 Ἀπιστείς
2944 690 3057 743 μοι,
3080 674 3212 743 φησί
3235 692 3248 705 ·
3275 674 3369 726 νῦν
3389 675 3547 744 δέχου

1872 761 1970 832 τὴν
2014 761 2254 825 κόλασιν,
2293 761 2386 812 καὶ
2420 760 2546 812 ὅταν
2591 758 2679 811 διὰ
2729 758 2839 810 τῶν
2887 759 3230 830 πραγμάτων
3280 762 3549 834 παράσχω

1872 849 1971 920 τὴν
2010 848 2302 913 ἀπόδειξιν,
2338 847 2458 899 τότε
2505 845 2622 899 λύω·
2655 846 2754 916 τὴν
2800 847 3007 916 ὀργήν·
3037 847 3168 900 ὅταν
3219 848 3416 919 μάθῃς,
3466 850 3548 900 ὅτι

1871 931 2094 992 δικαίως
2135 928 2455 999 ἐκολάσθης,
2485 929 2604 982 τότε
2639 929 2698 981 σὲ
2732 929 3060 982 ἀπαλλάττω
3107 931 3210 999 τῆς
3251 933 3544 1001 τιμωρίας.

1883 1018 2254 1071 Ἀκουέτωσαν
2275 1018 2325 1069 οἱ
2368 1017 2635 1085 Ἀνόμοιοι
2661 1015 2778 1078 πῶς
2808 1017 3108 1084 ἀγανακτεῖ
3152 1019 3548 1088 πολυπραγμο-

1871 1103 2126 1173 νούμενος
2166 1105 2194 1156 0
2239 1103 2392 1168 Θεός.
2446 1104 2510 1156 Εί
2550 1103 2608 1156 δέ
2649 1105 2858 1165 ἐκεῖνος
2907 1106 3218 1172 ἀπιστήσας
3261 1108 3327 1175 τῇ
3375 1106 3544 1176 θνητῇ

1869 1192 2118 1260 γεννήσει
2156 1190 2462 1256 κολάζεται,
2513 1191 2577 1242 σὺ
2619 1191 2648 1242 0
2675 1190 2772 1260 τὴν
2815 1191 3128 1261 άπόρῥητον
3158 1193 3252 1245 καὶ
3292 1193 3393 1261 τὴν
3435 1194 3546 1246 ἀνω

1871 1278 2366 1349 περιεργαζόμενος
2419 1278 2536 1341 πῶς
2583 1277 2851 1350 διαφεύξῃ
2898 1278 3208 1348 τιμωρίαν,
3249 1279 3372 1332 εἰπέ
3421 1297 3544 1349 μοις

1883 1367 2121 1430 Ἐκεῖνος
2152 1367 2253 1419 οὐκ
2281 1367 2621 1436 ἀπεφήνατο,
2654 1363 2791 1417 ἀλλά
2820 1363 3012 1434 μαθεῖν
3038 1366 3292 1436 ἠθέλησε,
3326 1367 3418 1420 καὶ
3446 1368 3547 1420 οὐκ

1871 1453 2025 1524 ἔτυχε
2063 1452 2389 1523 συγγνώμης
2414 1470 2427 1485 ·
2462 1453 2526 1505 σὺ
2557 1453 2613 1505 δέ
2641 1453 2670 1504 0
2712 1453 2806 1505 καὶ¹
2844 1453 3043 1505 είδέναι
3080 1453 3546 1524 διισχυριζόμενος

1868 1540 1936 1594 τά
1963 1544 2127 1595 πᾶσιν
2159 1541 2363 1595 ἀθέατα
2407 1542 2502 1593 καὶ
2549 1539 2933 1610 ἀκατάληπτα,
2984 1540 3146 1593 ποίαν
3179 1541 3320 1605 ἕξεις
3345 1543 3546 1596 ἀπολο-

1867 1629 2026 1698 γίαν;
2054 1630 2174 1681 τίνα
2198 1629 2256 1682 δὲ
2294 1629 2394 1682 οὐκ
2422 1627 2704 1700 ἐπισπάσῃ
2734 1628 2874 1681 κατά
2901 1627 3102 1681 σαυτοῦ
3146 1629 3452 1699 τιμωρίαν;

1937 1725 2007 1786 γ’.
2025 1717 2164 1770 Ἀλλ’
2193 1719 2240 1769 οί
2271 1718 2368 1787 μὲν
2397 1733 2461 1769 πε
2469 1718 2523 1787 ρὶ
2543 1719 2849 1787 γεννήσεως
2865 1717 3012 1784 λόγοι
3029 1719 3152 1779 τοὺς
3173 1718 3546 1787 προσήκοντας

1867 1804 2283 1874 ἀναμενέτωσαν
2313 1804 2535 1873 καιρούς
2555 1819 2569 1833 ο
2602 1804 2739 1866 τέως
2767 1804 2824 1857 δὲ
2857 1804 2962 1875 ὁδῷ
2989 1805 3296 1875 βαδίζωμεν
3327 1806 3418 1861 ἐπὶ
3439 1804 3538 1873 τὴν

1867 1892 2135 1963 προτέραν
2169 1892 2444 1953 ὑπόθεσιν,
2474 1886 2543 1962 ἦς
2571 1892 2763 1962 πρῴην
2790 1891 2860 1944 τά
2890 1891 3117 1961 λείψανα
3152 1892 3539 1961 κατελίπομεν.

1865 1981 1962 2050 τὴν
1988 1979 2236 2050 ὀλεθρίαν
2261 1979 2534 2033 ἐκσπάσαι
2557 1979 2713 2049 ῥίζαν
2742 1979 3168 2050 ἐπιχειροῦντες,
3199 1979 3299 2049 τὴν
3325 1979 3543 2032 πάντων

1869 2067 2077 2139 μητέρα
2101 2066 2210 2119 τῶν
2249 2064 2451 2128 κακῶν,
2486 2068 2580 2120 καὶ
2619 2067 2741 2120 ὅθεν
2770 2067 2954 2129 αὐτοῖς
2983 2065 3052 2119 τὰ
3078 2065 3328 2136 δόγματα
3361 2066 3539 2119 ταῦτα

1864 2154 2182 2224 ἐϐλάστησε.
2213 2154 2349 2207 Ποία
2365 2154 2421 2206 δὲ
2449 2155 2482 2224 ἠ
2518 2154 2642 2220 ῥίζα
2669 2153 2778 2207 τῶν
2812 2153 2998 2207 κακῶν
3029 2153 3252 2207 πάντων
3280 2169 3294 2218 ;
3326 2153 3544 2206 Πιστεύο

1866 2258 1994 2296 σατε
2013 2258 2026 2271 ·
2055 2240 2220 2311 φρίκη
2252 2257 2318 2311 με
2345 2243 2568 2310 κατέχει
2594 2240 2857 2310 μέλλοντα
2882 2239 3054 2311 αὐτὴν
3078 2239 3326 2293 ἐκλαλεῖν
3349 2257 3362 2270 ·
3397 2239 3547 2293 ὀκνῶ

1862 2329 1970 2400 7&9
1997 2328 2084 2381 διὰ
2105 2327 2349 2398 γλώττης
2373 2329 2627 2399 ἐκφέρειν
2653 2327 2691 2381 δι
2733 2327 3030 2398 μελετῶσιν
3054 2329 3148 2381 ἐπὶ¹
3174 2329 3272 2398 τῆς
3298 2327 3542 2392 διανοίας

1863 2416 2058 2469 ἐκεῖνοι
2082 2414 2389 2477 διαπαντός.
2419 2414 2514 2477 Τίς
2537 2409 2630 2468 οὖν
2667 2416 2814 2468 ἐστιν
2840 2415 2873 2486 ή
2904 2415 3027 2484 ῥίζα
3055 2415 3263 2468 τούτων
3295 2414 3403 2467 τῶν
3439 2432 3543 2468 κα-

1863 2503 2005 2565 κῶν;
2056 2501 2382 2573 Ἐτόλμησεν
2430 2501 2715 2572 ἄνθρωπος
2763 2503 2938 2556 εἰπεῖν
2983 2503 3086 2569 ὅτι,
3134 2501 3268 2554 Θεὸν
3296 2498 3434 2564 οἶδα,
3466 2503 3543 2566 ὼς

1861 2590 2022 2654 αὐτὸς
2061 2592 2088 2642 0
2128 2590 2259 2652 Θεὸς
2299 2590 2491 2642 ἐαυτὸν
2536 2586 2665 2642 οἶδε.
2709 2588 2895 2643 Ταῦτα
2939 2587 3033 2644 οὖν
3077 2590 3305 2659 ἐλέγχου
3347 2589 3544 2654 δεῖται;

1860 2677 2031 2730 ταῦτα
2055 2676 2409 2741 ἀποδείξεωςς
2440 2677 2539 2729 οὐκ
2566 2677 2725 2747 ἀρκεῖ
2768 2675 2905 2747 μόνη
2933 2679 2967 2746 ή
2999 2677 3252 2748 προφορά
3295 2675 3403 2729 τῶν
3452 2680 3543 2747 ρη-

1867 2764 2048 2835 μάτων
2075 2763 2244 2828 δεῖξαι
2275 2764 2454 2816 πᾶσαν
2484 2762 2662 2816 αὐτῶν
2697 2762 2796 2833 τὴν
2827 2763 3117 2827 ἀσέϐειανς
3153 2763 3263 2816 Καὶ
3296 2765 3404 2836 γὰρ
3439 2781 3543 2834 μα-

1861 2850 1951 2904 νία
1990 2851 2074 2914 τίς
2121 2853 2237 2904 ἐστι
2280 2849 2454 2902 ταῦτα
2491 2849 2687 2920 σαφὴς,
2730 2850 3083 2921 παραπληξία
3125 2851 3540 2920 ἀσύγγνωστος,

1862 2934 2171 3004 καινότερος
2197 2935 2451 2996 ἀσεϐείας
2485 2934 2683 3005 τρόπος
2703 2952 2716 2966 ·
2739 2935 2924 2997 οὐδεὶς
2938 2935 3182 2989 τοιοῦτον
3214 2936 3365 2988 οὐδὲν
3381 2936 3535 2988 οὐδέ-

1863 3039 1994 3076 ποτε
2030 3021 2152 3075 οὔτε
2175 3023 2254 3084 είς
2272 3020 2396 3074 νοῦν
2425 3021 2702 3091 βαλέσθαι,
2724 3020 2847 3075 οὔτε
2872 3023 2960 3077 διὰ
2997 3024 3097 3093 τῆς
3138 3023 3384 3094 γλώττης
3408 3041 3542 3093 προ-

1861 3110 2103 3178 ενεγκεῖν
2130 3109 2448 3178 ἐτόλμησεν.
2485 3109 2786 3179 Ἐννόησον,
2810 3108 2960 3162 ἄθλιε
2979 3111 3073 3162 καὶ
3093 3111 3430 3183 ταλαίπωρε,
3457 3113 3543 3176 τίς

1861 3192 2037 3258 ducat
2060 3195 2184 3249 τίνα
2205 3193 2544 3266 περιεργάζῃ
2559 3213 2571 3225 ·
2599 3194 2692 3249 ἀνθ
2702 3213 2881 3268 ρωπος
2904 3195 2978 3249 ὢν
2998 3197 3130 3250 Θεὸν
3151 3198 3542 3268 πολυπραγμο-

1861 3285 2007 3348 νεῖς;
2045 3283 2229 3353 Ἀρκεί
2247 3283 2354 3353 7&9
2383 3283 2452 3336 1&
2487 3283 2726 3353 ὀνόματα
2763 3283 2894 3352 ψιλὰ
2917 3284 3015 3354 τῆς
3036 3285 3220 3348 ἀνοίας
3247 3284 3412 3350 δεῖξαι
3443 3288 3544 3357 τὴν

1864 3369 2185 3441 ὑπερϐολὴν,
2213 3369 2496 3440 ἄνθρωπος
2519 3369 2589 3440 γῆ
2620 3370 2714 3423 καὶ
2750 3369 2941 3432 σποδὸς
2962 3371 3245 3442 ὑπάρχων,
3289 3372 3424 3444 σὰρξ
3445 3374 3541 3426 καὶ

1863 3454 2033 3528 αἷμα,
2078 3456 2268 3527 χόρτος
2308 3457 2402 3509 καὶ
2432 3456 2590 3519 ἀνθος
2634 3457 2849 3529 χόρτου,
2896 3458 3021 3510 σκιά
3061 3459 3156 3511 καὶ
3192 3460 3399 3522 καπνὸς
3446 3461 3542 3513 καὶ

1867 3543 2180 3614 ματαιότης,
2199 3543 2293 3596 καὶ
2320 3542 2374 3595 εῐ
2393 3560 2446 3596 τι
2474 3543 2678 3598 τούτων
2697 3545 3087 3616 ἀδρανέστερον
3105 3545 3200 3598 καὶ
3228 3547 3542 3600 εὐτελέστεο

1866 3646 1976 3700 ρον.
2016 3631 2125 3682 Καὶ
2163 3629 2238 3699 μὴ
2267 3630 2528 3700 νομίσητε
2557 3631 2892 3702 κατηγορίαν
2915 3627 3053 3685 εἶναι
3094 3632 3192 3701 τῆς
3236 3631 3448 3701 φύσεως
3475 3634 3543 3688 τὰ

1862 3716 2130 3785 λεγόμενα
2157 3731 2169 3743 ⁸
2194 3715 2314 3769 οὐδὲ
2352 3716 2461 3786 γὰρ
2498 3715 2608 3784 ἐγὼ
2635 3717 2808 3770 ταῦτα
2838 3714 3001 3786 λέγω,
3044 3717 3159 3771 ἀλλ’
3189 3721 3238 3771 οἱ
3267 3720 3543 3790 προφῆται

1863 3801 2036 3857 ταῦτα
2079 3803 2475 3872 φιλοσοφοῦσιν,
2524 3804 2624 3857 οὐκ
2668 3805 3023 3874 ἀτιμάζοντες
3064 3806 3224 3877 ἡμῶν
3259 3807 3322 3859 τὸ
3362 3808 3537 3875 γένος,

1864 3894 1998 3949 άλλά
2023 3894 2467 3956 καταστέλλοντες
2485 3895 2594 3947 τῶν
2612 3895 2851 3964 ἀνοήτων
2881 3896 2940 3947 τὸ
2967 3895 3197 3966 φύσημα
3217 3913 3230 3927 ·
3265 3899 3366 3950 οὐκ
3391 3898 3541 3963 ἐξευ-

1863 3983 2161 4046 τελίζοντες
2200 3983 2354 4053 ήμῶν
2386 3983 2481 4052 τὴν
2509 3983 2690 4052 φύσιν,
2722 3983 2857 4037 ἀλλά
2879 3985 3261 4049 ταπεινοῦντες
3285 3987 3392 4039 τῶν
3417 4005 3540 4057 μαι-

1864 4072 2104 4142 νομένων
2157 4069 2254 4137 τὴν
2299 4069 2578 4123 ἀπόνοιαν.
2625 4071 2686 4122 EE
2727 4070 2836 4141 7&9
2888 4071 3126 4124 τοσαῦτα
3176 4073 3270 4127 καὶ
3321 4073 3542 4126 τοιαῦτα

1865 4163 2165 4233 εἰρηκότων
2201 4159 2350 4232 [456]
2398 4161 2622 4214 ἐκείνων
2667 4164 2818 4230 ὅμως
2848 4163 3125 4232 ἐφάνησάν
3162 4180 3306 4227 τινες
3350 4165 3397 4215 οί
3444 4163 3538 4215 τοῦ

1864 4251 2110 4304 διαϐόλου
2134 4250 2232 4320 τὴν
2266 4249 2668 4320 μεγαληγορίαν
2701 4252 3041 4321 νικήσαντες,
3064 4256 3111 4305 εί
3140 4252 3306 4322 μηδὲν
3333 4252 3540 4305 τούτων

1866 4341 2072 4412 εἴρητο,
2106 4339 2207 4393 ποῦ
2227 4341 2326 4393 οὐκ
2351 4338 2417 4393 ἂν
2449 4339 2800 4403 ἐξελάκτισαν
2823 4341 3104 4406 ἀπονοίας,
3131 4341 3252 4393 εἰπέ
3302 4357 3417 4411 μοι.
3476 4341 3540 4393 Et

1866 4430 2046 4498 ἔχουσι
2071 4428 2132 4480 τὸ
2155 4428 2445 4498 φάρμακον
2473 4427 2818 4496 ἐπικείμενον
2860 4428 2951 4480 καλ¹
2991 4427 3071 4479 ἔτι
3103 4427 3538 4497 φλεγμαίνουσι,

1865 4518 1967 4572 ποῦ
2009 4519 2109 4571 οὐκ
2148 4517 2212 4571 ἂν
2238 4518 2404 4584 ὄγκου
2430 4515 2525 4568 καλ⁵
2562 4515 2818 4579 ἀπονοίας
2855 4515 3268 4586 ἐξεφυσήθησαν
3297 4515 3348 4580 ἀ,
3383 4517 3432 4567 εί
3465 4516 3540 4584 μὴ

1864 4605 2098 4660 τοσαῦτα
2127 4606 2220 4658 καὶ
2248 4602 2470 4656 τοιαῦτα
2509 4603 2861 4672 ἀπεφήναντο
2902 4603 3030 4674 περὶ
3063 4602 3162 4672 τῆς
3192 4601 3408 4670 φύσεως
3441 4604 3541 4672 τῆς

1863 4691 2208 4762 ἀνθρωπίνης
2241 4691 2472 4752 ἐκεῖνοι;
2524 4691 2794 4742 Ἀκουσον
2819 4689 2950 4758 γοῦν
2979 4688 3032 4740 τί
3062 4705 3226 4757 φησιν
3266 4691 3294 4741 0
3333 4688 3541 4751 δίκαιος

1866 4778 2213 4848 πατριάρχης
2260 4776 2389 4844 περὶ
2423 4776 2651 4829 ἑαυτοῦ·
2689 4775 2830 4844 Ἐγὼ
2873 4775 2939 4827 δέ
2984 4777 3101 4843 ειμι
3145 4774 3353 4844 γῆκαὶ
3385 4790 3540 4829 σπο-

1863 4863 1989 4929 δός.
2013 4862 2140 4932 ’Θεῷ
2164 4862 2452 4928 διελέγετο,
2478 4865 2573 4915 καὶ⁹
2599 4864 2701 4915 οὐκ
2724 4863 2926 4934 ἐπῆρεν
2962 4862 3124 4916 αὐτὸν
3155 4862 3188 4932 ὴ
3221 4862 3503 4934 παρῥησία
3521 4879 3536 4893 ·

1864 4948 2004 5021 αὕτη
2039 4950 2137 5019 μὲν
2174 4944 2288 5012 οὖν,
2336 4948 2474 5017 αὕτη
2509 4949 2823 5019 μετριάζειν
2851 4949 3012 5002 αὑτὸν
3037 4948 3344 5003 ἀνέπειθεν.
3379 4942 3541 5002 Οὗτοι

1863 5037 1918 5088 δὲ
1945 5035 2066 5089 οὑδέ
2085 5037 2184 5104 τῆς
2217 5037 2376 5098 σκιᾶς
2397 5036 2550 5099 ὄντες
2572 5035 2712 5100 ἄξιοι
2751 5036 2848 5106 τῆς
2881 5037 3115 5101 ἐκείνου,
3155 5035 3265 5090 τῶν
3291 5037 3542 5105 ἀγγέλων

1863 5121 2042 5174 αὐτῶν
2085 5122 2302 5192 μείζους
2336 5123 2561 5185 ἑαυτοὺς
2597 5118 2739 5175 εἷναι
2768 5123 3102 5192 νομίζουσιν,
3137 5124 3276 5194 ὅπερ
3304 5124 3541 5194 ἐσχάτης

1864 5209 1980 5262 ἐστ)⁵
2013 5209 2210 5279 μανίας
2249 5208 2542 5273 ἀπόδειξις.
2571 5209 2725 5271 Θεὸν,
2761 5210 2883 5263 εἰπέ
2917 5228 3028 5280 μοι,
3060 5209 3400 5282 περιεργάζῃ
3443 5210 3538 5262 τὸν

1862 5295 2112 5366 ἄναρχον,
2147 5296 2239 5348 τὸν
2264 5295 2641 5360 ἀναλλοίωτον,
2662 5297 2752 5350 τὸν
2772 5297 3084 5367 ἀσώματον,
3117 5299 3208 5352 τὸν
3235 5297 3535 5367 ἄφθαρτον,

1861 5385 1951 5438 τὸν
1969 5387 2246 5455 πανταχοῦ.
2263 5386 2527 5456 παρόντα,
2541 5389 2636 5442 καὶ
2662 5388 2840 5442 πάντα
2863 5388 3259 5460 ὑπερϐαίνοντα
3276 5390 3368 5441 καὶ
3393 5390 3537 5442 ἀνω-

1860 5471 2004 5542 τέρω
2027 5472 2127 5541 τῆς
2160 5472 2386 5536 κτίσεως
2413 5474 2631 5543 ἀπάσης
2657 5474 2807 5529 ὄντα.
2847 5477 3112 5530 ’Ἄκουσον
3140 5475 3193 5528 τί
3221 5475 3543 5545 φιλοσοφοῦ-

1865 5575 1947 5611 σιν
1963 5560 2010 5612 οί
2032 5559 2308 5630 προφῆται
2327 5562 2453 5632 περὶ
2476 5560 2664 5628 αὐτοῦ,
2681 5563 2774 5616 καλ⁸
2800 5561 3080 5636 φοϐήθητι’
3121 5563 3184 5616 '0
3200 5563 3536 5618 ἐπιϐλέπων

1923 5761 1949 5798 ά
1981 5759 2075 5812 Alii
2104 5760 2417 5826 ἐφυαήθησαν,
