3854 6222
227 266 338 320 715

214 386 327 428 tam
350 383 552 430 terram
575 375 878 432 concussit.
897 378 1003 445 Qui
1025 383 1194 452 tangit
1221 395 1440 451 montes,
1457 397 1506 441 et
1525 388 1788 458 funiigant

209 467 229 535 (
240 466 408 537 Ibid.)
428 484 446 521 :
463 470 792 538 quiconcutit
808 481 1006 526 terram
1023 490 1055 526 a
1072 473 1513 543 fundamentis,et
1535 482 1790 535 calumnia

204 560 325 629 ejus
344 571 554 616 nutant:
571 565 659 632 qui
677 567 912 618 minatur
924 568 1082 631 mari,
1100 579 1149 622 et
1168 570 1330 624 siccat
1349 572 1483 625 illud
1511 573 1633 645 (Job
1651 574 1786 644 9.6):

206 652 319 717 Qui
338 653 465 705 dicit
481 653 1033 722 abysso,Desolaberis
1052 657 1104 727 (1
1108 662 1404 730 sa.M.27);
1424 663 1574 719 Mare
1591 665 1795 730 vidit,“

204 741 372 810 fugit;
392 739 650 797 Iordanis
673 761 950 801 conversus
972 758 1049 803 est
1068 760 1380 806 retrorsum:
1399 764 1597 809 montes
1613 757 1794 810 exsul-

203 841 450 887 taverunt
470 835 605 888 sicut
623 838 835 901 arietes,
858 850 908 892 et
933 840 1092 895 colles
1109 843 1245 896 sicut
1270 845 1393 914 agni
1413 846 1586 909 ouium
1611 846 1783 915 (Psal.

205 926 472 994 “3.5.4).
490 926 681 983 Omnis
701 939 952 987 creatura
975 943 1242 1001 movetur,
1269 938 1482 1004 metuit,
1501 939 1795 992 contremi-

203 1016 336 1071 seit:
353 1018 405 1070 hi
421 1019 522 1074 soli
549 1019 880 1091 deSpiciunt,
903 1026 1202 1095 negligunt,
1223 1029 1452 1083 salutem
1471 1044 1622 1084 suam
1642 1027 1796 1094 parvi

202 1107 448 1162 faciunt:
468 1126 576 1165 non
589 1114 732 1167 enim
752 1115 1297 1182 dixerim,Dominum
1313 1122 1580 1176 omnium.
1605 1121 1792 1193 Nuper

201 1214 308 1254 eos
326 1217 354 1254 a
378 1218 737 1272 supernarum
766 1205 1041 1262 Virtutum
1067 1213 1318 1281 exemplo
1339 1212 1792 1281 admonebamus,

201 1292 1115 1366 angelis,archangelis,Cberubim
1131 1307 1184 1354 et
1199 1299 1506 1371 Seraphim,
1534 1321 1680 1360 nunc
1701 1321 1794 1360 ve-

208 1397 278 1435 ro
291 1383 360 1437 ab
376 1384 678 1440 insensibili
697 1397 948 1442 creatura
970 1407 983 1444 :
1003 1405 1178 1459 neque
1196 1401 1376 1446 tamen
1391 1393 1469 1447 sic
1487 1394 1796 1451 afﬁciuntur

200 1474 436 1542 pudore.
478 1477 672 1532 Annon
708 1481 861 1535 vides
887 1481 992 1536 hoc
1025 1484 1218 1538 calum
1244 1522 1260 1546 ,
1289 1500 1450 1554 quam
1481 1486 1798 1555 pulchrum,

205 1580 378 1633 quam
400 1583 681 1638 magnum,
706 1587 868 1641 quam
890 1575 1045 1628 vario
1069 1574 1238 1630 choro
1267 1577 1546 1631 stellarum
1565 1593 1797 1632 corona-

201 1665 352 1710 tum:
375 1668 639 1728 quantum
663 1665 926 1733 temporis
945 1665 1253 1721 duraverit?
1269 1667 1400 1724 Plus
1416 1669 1659 1739 quinque
1677 1669 1796 1726 mil-

198 1748 358 1804 libus
375 1753 534 1807 annis
557 1755 731 1817 Stetit,
748 1767 799 1809 et
817 1756 1154 1812 diuturnitas
1173 1759 1434 1829 temporis
1449 1760 1656 1814 nullam
1676 1761 1780 1831 ipsi

206 1845 542 1889 senectutem
569 1836 769 1892 invexit
796 1857 809 1893 :
842 1839 934 1894 sed
961 1840 1097 1895 sicut
1118 1856 1314 1910 corpus
1339 1842 1578 1911 juvenile
1607 1853 1662 1898 et
1704 1860 1790 1897 ro-

205 1924 425 1978 bustum
465 1926 648 1982 florem
671 1930 842 1983 {etatis
871 1930 1216 1999 vigoremque
1239 1942 1447 1998 servat;
1478 1932 1547 1986 ita
1589 1943 1644 1987 et
1686 1949 1789 1988 cie-

205 2016 346 2079 lum,
377 2032 534 2086 quam
574 2018 641 2072 ab
685 2019 833 2074 initio
880 2021 1063 2075 habuit
1088 2021 1539 2090 pulchritudinem
1567 2040 1788 2080 conser-

205 2109 380 2174 vavit,
413 2114 776 2178 nectemporis
804 2111 1153 2168 diuturnitate
1179 2114 1444 2168 ullatenus
1471 2115 1789 2170 imbecillius

204 2199 420 2252 evasit:
451 2199 544 2253 sed
575 2200 700 2255 illud
729 2201 797 2255 ita
845 2201 1124 2271 pulchrum
1145 2244 1162 2270 ,
1223 2219 1472 2274 magnum
1498 2246 1513 2270 ,
1567 2206 1744 2260 hntum
1769 2249 1784 2272 ,

201 2291 384 2344 stellis
407 2302 674 2357 ornatum,
695 2305 1026 2363 perpetuum,
1054 2295 1252 2350 tamdiu
1273 2297 1592 2363 consistens,
1621 2298 1782 2362 Deus,

200 2396 370 2448 quem
403 2391 456 2433 tu
484 2382 692 2436 curiose
719 2385 975 2437 scrutaris
994 2426 1009 2450 ,
1057 2395 1107 2440 et
1136 2386 1538 2441 ratiociniorum
1568 2395 1780 2442 tuorum

201 2471 465 2525 limitibus
489 2473 706 2542 subjicis
727 2516 742 2541 ,
776 2476 844 2529 ita
877 2476 1029 2532 facile
1054 2477 1310 2546 condidit,
1335 2494 1398 2535 ac
1421 2481 1466 2535 si
1485 2480 1606 2551 quis
1629 2489 1786 2552 tugu-

198 2563 348 2615 rium
371 2563 558 2619 ludens
583 2575 914 2621 construeret
941 2585 956 2620 :
983 2583 1141 2638 quam
1182 2584 1294 2625 rem
1317 2569 1395 2625 sic
1421 2571 1659 2627 declarat
1685 2573 1784 2627 Isa-

201 2655 288 2708 ias
323 2655 572 2722 prOpheta
600 2672 614 2708 :
650 2656 750 2722 Qui
774 2661 948 2714 statuit
968 2662 1145 2716 ccelum
1166 2663 1294 2718 sicut
1314 2680 1585 2730 cameram,
1618 2675 1665 2721 et
1700 2683 1787 2721 ea:-

199 2744 368 2798 tendit
396 2745 521 2799 illud
544 2748 673 2801 sicut
691 2750 1068 2806 tabernaculum
1093 2769 1246 2823 super
1285 2764 1470 2808 terram
1494 2755 1649 2827 (Isai.
1690 2758 1780 2812 40.

205 2837 334 2906 29.).
359 2838 520 2894 Visne
565 2849 758 2896 terram
785 2857 997 2913 quoque
1024 2846 1253 2900 intueri?
1278 2845 1419 2904 hanc
1448 2850 1608 2904 etiam
1630 2852 1784 2920 quasi

198 2929 342 2982 nihil
368 2928 510 2985 fecit.
537 2930 668 2985 Nam
699 2932 766 2988 de
796 2934 886 2987 illo
906 2935 1119 3004 quidem
1145 2937 1254 2991 ait:
1291 2937 1390 3004 Qui
1413 2940 1585 2992 statuit
1607 2941 1785 2994 cadum

197 3021 340 3072 sicut
361 3037 628 3085 cameram,
657 3032 704 3076 et
727 3026 947 3079 extendit
983 3026 1113 3080 illud
1157 3028 1290 3082 sicut
1311 3030 1690 3085 tabernaculum
1731 3034 1784 3087 in

207 3111 630 3182 deserto(lbid.)
658 3131 672 3168 :
702 3113 770 3168 de
827 3115 925 3170 hac
978 3133 1127 3181 vero,
1178 3120 1277 3184 Qui
1326 3123 1543 3174 continet
1602 3139 1785 3192 gyrum

199 3213 372 3264 terrae,
401 3202 486 3274 qui
524 3203 639 3272 fecit
701 3213 884 3258 terram
944 3209 1088 3278 quasi
1131 3209 1277 3264 nihil.
1334 3210 1562 3266 Videsne
1591 3213 1606 3244 ¹
1649 3228 1782 3282 quo-

197 3293 368 3346 modo
396 3294 523 3347 nihil
550 3294 758 3350 dixerit-
776 3306 977 3351 tantum
1024 3308 1234 3369 tamque
1261 3301 1446 3371 ingens
1473 3317 1666 3371 corpus
1689 3304 1712 3357 ?

274 3383 334 3437 4.
372 3385 554 3453 Cogita
584 3394 834 3454 quantam
880 3390 1136 3443 montium
1164 3391 1394 3457 molem,
1444 3402 1575 3462 quot
1615 3394 1786 3448 homi-

196 3489 335 3527 num
366 3476 641 3542 nationes,
685 3485 815 3546 quot
861 3479 1156 3547 plantarum
1188 3482 1496 3538 varietatem
1524 3493 1579 3538 et
1606 3486 1779 3540 altitu-

193 3565 417 3627 dinem,
460 3575 590 3634 quot
619 3567 798 3634 urbes,
836 3577 967 3638 quot
992 3569 1335 3625 :edilieiorum
1367 3574 1779 3643 magnitudines,

191 3664 336 3725 quot
364 3657 787 3727 quadrupedum,
817 3659 1070 3725 ferarum,
1101 3663 1370 3732 reptilium
1399 3680 1594 3734 genera
1619 3667 1782 3721 dorso

192 3763 308 3802 suo
341 3748 588 3801 sustinet.
621 3750 867 3805 Attamen
896 3752 1039 3806 illam
1071 3753 1234 3808 talem
1268 3763 1573 3825 tantamque
1600 3757 1670 3812 ita
1701 3757 1780 3811 fa-

192 3837 304 3890 cile
331 3838 584 3902 cundidit,
616 3849 671 3891 nt
697 3841 972 3909 propheta,
1003 3857 1122 3896 cum
1147 3853 1304 3898 tantae
1320 3844 1589 3902 facilitatis
1607 3863 1784 3904 exem-

193 3930 348 3996 plum
375 3945 477 3982 non
511 3929 748 3996 haberet,
782 3933 976 3988 dixerit
1018 3950 1140 3989 eum
1175 3936 1364 3993 fecisse
1408 3947 1602 3992 terram
1630 3945 1780 4008 quasi

192 4020 352 4072 nihil.
381 4019 513 4073 Cum
545 4023 684 4076 enim
708 4024 992 4080 visibilium
1020 4027 1334 4097 magnitudo
1359 4038 1413 4083 et
1438 4030 1778 4099 pulchritudo

193 4128 308 4165 non
336 4113 464 4164 satis
489 4123 632 4168 esset
657 4114 721 4168 ad
751 4115 1020 4172 Creatoris
1052 4120 1343 4187 potentiam
1373 4121 1772 4191 declarandam,

189 4201 293 4255 sed
327 4203 491 4256 multo
522 4204 806 4260 intervallo
847 4210 1028 4276 procul
1054 4220 1196 4265 esset
1237 4226 1265 4265 a
1315 4214 1677 4283 magnitudine
1725 4225 1780 4270 et

190 4292 394 4345 robore
419 4291 534 4360 ejus
563 4293 651 4362 qui
679 4295 788 4362 ipsa
815 4296 1148 4375 condiderat,
1181 4301 1342 4355 alium
1359 4303 1632 4373 pr0pbeta:
1658 4320 1774 4358 mo-

188 4385 325 4437 dum
356 4384 694 4450 invenerunt,
720 4403 824 4454 quo
853 4403 950 4458 pro
981 4390 1228 4447 facultate
1270 4409 1364 4449 sua
1409 4405 1631 4466 possent
1682 4397 1777 4451 alio

187 4473 323 4541 quid
364 4475 703 4542 ampliusde
736 4477 829 4532 Dei
874 4482 1109 4547 potentia
1156 4483 1445 4539 declarare.
1495 4487 1772 4553 Quodnam

193 4561 367 4614 illud?
397 4562 460 4617 Ut
492 4580 596 4618 non
628 4565 789 4621 modo
817 4578 1111 4622 crealarum
1143 4587 1318 4626 rerum
1352 4575 1771 4644 magnitudinem

187 4663 554 4720 exponerent,
585 4655 678 4709 sed
704 4657 860 4711 etiam
903 4659 1116 4714 modum
1165 4663 1453 4717 creationis
1499 4665 1770 4731 eﬂ‘errent,

186 4755 248 4795 ut
275 4757 339 4794 ex
372 4752 593 4812 utraque
615 4755 784 4814 parte,
804 4763 925 4802 cum
946 4764 1010 4802 ex
1035 4751 1395 4820 magnitudine
1416 4755 1770 4824 opiliciorum,

189 4847 311 4888 tum
333 4851 399 4889 ex
426 4838 712 4892 creationis
733 4838 986 4897 facilitate
1009 4859 1104 4912 pro
1128 4855 1284 4914 captu
1330 4859 1515 4903 nostro
1555 4849 1770 4920 dignam

181 4927 463 4998 possimus
487 4927 555 4983 de
585 4932 815 4998 potentia
848 4933 941 4988 Dei
973 4936 1211 4990 notitiam
1239 4939 1500 5008 accipere.
1548 4941 1626 4996 Ne
1673 4943 1771 4997 ita-

177 5034 295 5086 que
323 5018 650 5088 opiliciorum
683 5024 1098 5092 magnitudinem
1141 5035 1342 5082 tantum
1372 5031 1640 5099 explores,
1677 5035 1769 5088 sed

171 5111 352 5162 etiam
402 5110 683 5166 condentis
731 5112 1057 5170 facilitatem.
1102 5117 1285 5189 Neque
1319 5123 1490 5176 solum
1534 5125 1585 5178 in
1628 5135 1768 5180 terra

174 5201 294 5253 hoc
326 5199 764 5269 deprehenditur,
799 5205 892 5258 sed
923 5216 978 5259 et
1004 5207 1055 5259 in
1085 5208 1198 5277 ipsa
1234 5209 1506 5266 hominum
1535 5223 1717 5268 natura
1751 5233 1764 5267 :

177 5290 354 5344 niodo
378 5292 522 5346 enim
550 5294 646 5359 ait,
673 5294 772 5360 Qui
797 5297 1014 5350 continet
1031 5315 1212 5368 gyrum
1232 5311 1394 5369 terrce,
1419 5314 1466 5357 et
1487 5303 1766 5360 habitantes

172 5384 238 5434 in
271 5397 330 5433 ea
357 5383 503 5450 quasi
527 5383 743 5438 locustas
764 5384 916 5457 (Isai.
946 5388 1035 5444 40.
1064 5389 1204 5460 22);
1235 5392 1411 5458 modo,
1448 5393 1609 5462 Quasi
1628 5397 1766 5450 stilla

175 5472 358 5527 situla:
403 5489 575 5527 omnes
617 5486 787 5541 gentes
815 5478 867 5530 in
895 5491 1162 5548 conspectu
1199 5483 1309 5552 ejus
1347 5482 1505 5552 (Ibid.
1536 5502 1584 5539 υ.
1632 5487 1761 5555 15).

253 5631 268 5658 ¹
307 5630 378 5678 sic
412 5629 554 5696 Savil.
581 5640 632 5681 et
670 5634 860 5696 quidam
886 5641 994 5683 Mss.
1029 5643 1077 5684 In
1101 5638 1391 5691 Morelvero
1419 5650 1465 5692 et
1514 5643 1616 5694 aliis
1663 5645 1766 5696 Ι]ωο

174 5690 382 5752 desunt,
409 5692 598 5744 milesne
621 5690 856 5756 qubme
878 5696 999 5745 nihil
1022 5698 1200 5749 dixerit
1217 5705 1240 5749 2

1143 268 1230 323 DE
1268 257 1946 322 lNCOMPREilENSIBILi
1979 259 2086 313 DEI
2127 259 2428 315 NATURA.
2457 259 2518 314 11.

3380 265 3484 320 7H

1914 376 1992 433 Ne
2018 391 2191 430 minus
2211 376 2543 431 considerate
2568 375 2667 430 hoc
2689 376 2888 431 dictum
2917 387 3221 448 prietereas,
3270 382 3362 434 sed
3395 397 3484 433 ex-

1901 478 2022 522 cute
2063 478 2115 522 et
2167 470 2384 537 explora
2411 488 2424 524 :
2454 478 2636 538 repete
2665 485 2850 524 omnes
2877 481 3064 540 gentes
3085 512 3099 534 ,
3124 473 3287 542 Syros
3311 474 3351 536 ¹,
3398 471 3481 526 Ci-

1908 558 2058 620 lices,
2092 556 2455 628 Cappadoces,
2490 559 2764 630 Bithynos,
2795 560 2993 614 Euxini
3033 560 3186 614 Ponti
3235 560 3438 616 incolas
3461 601 3479 628 ,

1901 647 2207 710 Thraciam,
2235 648 2616 710 Macedoniam.
2645 648 2905 704 Graeciam
2931 665 3142 705 onmem
3167 661 3224 705 et
3255 651 3476 716 insulas,

1902 738 2082 806 Italos,
2111 755 2205 794 eos
2229 740 2317 808 qui
2349 749 2474 794 sunt
2492 755 2648 810 supra
2677 741 3037 796 continentem
3083 751 3318 796 nostram
3344 783 3360 808 ,
3386 758 3483 799 eos

1899 833 1988 902 qui
2018 834 2084 886 in'
2100 833 2285 887 insulis
2307 833 2646 902 Britannicis,
2673 835 3038 903 Sauromatas,
3061 836 3239 903 Indos,
3263 838 3477 904 Persas,

1899 923 2136 992 aliasque
2166 924 2474 979 innumeras
2499 935 2684 995 gentes
2705 938 2758 981 et
2785 928 3024 982 nationes
3048 944 3270 997 quarum
3295 943 3363 984 ne
3384 943 3478 982 no-

1898 1015 2041 1068 mina
2069 1013 2280 1083 quidem
2308 1016 2571 1071 novimus.
2601 1017 2803 1072 Verum
2836 1019 2918 1073 ha:
2943 1017 3127 1074 Omnes
3153 1030 3321 1091 gentes
3341 1037 3471 1090 qua-

1896 1105 1942 1157 si
1967 1105 2106 1158 stilla
2134 1105 2317 1171 situla,
2346 1106 2542 1176 inquit,
2579 1107 2633 1161 in
2661 1119 2926 1178 conspectu
2965 1118 3094 1179 ejus.
3138 1112 3308 1177 Quota
3349 1126 3474 1180 pars

1896 1208 1956 1248 es
1995 1195 2106 1263 ejus
2129 1196 2283 1250 stilla:
2311 1204 2385 1258 tu,
2415 1197 2502 1266 qui
2527 1197 2696 1252 Deum
2727 1200 2982 1255 scrutaris
3021 1200 3104 1255 cui
3131 1217 3315 1256 omnes
3341 1217 3476 1272 gen-

1898 1293 1978 1340 tes
2003 1286 2152 1355 quasi
2209 1287 2345 1340 stilla
2373 1288 2585 1342 situlze?
2638 1289 2837 1359 Ecquid
2887 1299 3098 1358 oportet
3144 1291 3212 1346 de
3239 1291 3372 1346 cielo
3424 1303 3478 1347 et

1897 1383 2038 1431 terra
2095 1375 2320 1441 dicere,
2377 1378 2446 1433 de
2494 1378 2650 1444 mari,
2702 1379 2876 1450 deque
2917 1381 3194 1436 hominum
3246 1382 3478 1436 natura?

1896 1467 2264 1522 Ascendamus
2303 1469 2353 1522 in
2382 1469 2571 1524 caelum
2601 1470 2766 1525 verbo
2789 1512 2802 1534 ,
2831 1473 3152 1542 angelosque
3185 1471 3470 1535 adeamus;

1897 1561 2043 1616 scitis
2066 1562 2205 1616 enim
2232 1563 2313 1615 vel
2341 1576 2502 1615 unum
2528 1563 2770 1632 angelum
2793 1549 2976 1633 parem
2998 1579 3117 1620 esse
3160 1565 3252 1619 toti
3282 1565 3472 1618 visihili

1895 1660 2175 1719 creaturae,
2204 1652 2486 1724 imolonge
2513 1657 2956 1724 prazstantiorem.
2986 1656 3114 1711 Nam
3143 1658 3188 1712 si
3240 1657 3322 1712 vel
3367 1673 3473 1712 uno

1902 1741 2118 1797 homine
2133 1743 2280 1813 justo
2306 1753 2445 1800 totus
2475 1744 2702 1799 mundus
2729 1745 2920 1816 dignus
2958 1762 3062 1800 non
3089 1748 3175 1813 sit,
3197 1747 3466 1802 utPaulus

1895 1836 2132 1890 ostendit
2170 1836 2254 1891 his
2293 1837 2488 1901 verbis,
2529 1837 2720 1904 Quibus
2760 1838 2942 1908 dignus
2962 1855 3061 1892 non
3107 1849 3214 1892 erat
3253 1840 3486 1893 mundus.

1897 1925 2079 1999 (Hebr.
2105 1929 2316 1994 “.58).
2341 1928 2507 1982 multo
2533 1929 2711 1982 minus
2733 1929 2922 1999 angelo
2951 1929 3142 1999 dignus
3162 1930 3264 1984 erit
3294 1947 3307 1983 :
3364 1944 3464 1983 an-

1894 2020 1997 2089 geli
2023 2021 2217 2090 quippe
2239 2021 2405 2075 multo
2433 2021 2830 2090 pra'stantiores
2854 2031 2978 2076 sunt
2994 2021 3173 2091 justis.
3224 2023 3472 2075 Attamen

1893 2112 2080 2167 decem
2111 2112 2306 2166 millies
2329 2111 2466 2168 dena
2516 2113 2678 2166 millia
2725 2113 3033 2183 angelorum
3072 2128 3281 2168 sursum
3325 2121 3470 2178 sunt,

1894 2209 1949 2256 et
1974 2202 2138 2257 millia
2164 2203 2387 2257 millium
2437 2203 2914 2274 archangelorum;
2961 2205 3191 2274 itemque
3231 2204 3472 2271 Throni,

1894 2295 2313 2362 Dominationes,
2346 2296 2678 2366 Principatns
2705 2304 2759 2351 et
2784 2297 3102 2361 Potestates,
3126 2305 3285 2366 atque
3314 2298 3471 2350 innu-

1894 2385 2028 2440 meri
2072 2385 2505 2455 incorporearnm
2537 2386 2802 2441 Virtutum
2843 2387 3020 2456 populi
3049 2386 3321 2455 tribusque
3373 2387 3461 2440 in-

1892 2476 2219 2533 enarrabiles
2245 2493 2259 2531 :
2291 2491 2586 2547 omnesque
2610 2478 2726 2532 illas
2755 2477 2985 2532 Virtutes
3008 2493 3128 2533 cum
3161 2486 3302 2532 tanta
3334 2476 3468 2532 faci-

1892 2567 2042 2622 litate
2089 2567 2347 2634 condidit,
2393 2577 2589 2638 quanta
2636 2569 2812 2624 nullus
2855 2584 3035 2626 sermo
3082 2579 3255 2640 potest
3295 2570 3470 2640 expri-

1892 2673 2060 2712 mere.
2090 2657 2232 2714 Satis
2260 2660 2407 2714 enim
2425 2660 2498 2714 illi
2520 2659 2621 2714 fuit
2646 2670 2704 2715 ut
2729 2660 2910 2726 vellet,
2943 2670 2998 2716 et
3026 2663 3162 2716 sicut
3184 2662 3323 2730 apud
3369 2676 3468 2716 nos

1894 2750 2135 2804 voluntas
2162 2748 2292 2805 nihil
2319 2750 2515 2806 laboris
2541 2750 2716 2818 affert,
2747 2753 2824 2805 sic
2852 2751 2999 2806 nullo
3029 2753 3143 2821 ipso
3167 2751 3351 2807 labore
3390 2759 3468 2805 tot

1893 2848 2172 2910 tantasque
2199 2840 2433 2895 Virtutes
2452 2840 2712 2896 condidit.
2735 2841 2886 2908 Quod
2913 2841 3191 2896 declarans
3211 2841 3467 2912 propheta

1890 2929 2118 2995 dicebat,
2146 2931 2331 2983 Urania
2371 2945 2694 3000 quiscumque
2718 2930 2870 2984 voluit
2900 2931 3017 3000 fecit
3063 2931 3116 2984 in
3157 2930 3281 2985 cwlo
3325 2940 3369 2984 et
3413 2931 3467 2985 in

1892 3030 2026 3075 terra
2060 3019 2229 3091 (Psal.
2259 3020 2382 3075 154.
2403 3019 2483 3089 6).
2516 3020 2702 3075 Viden’
2729 3036 2834 3075 non
2882 3021 2948 3075 ad
2988 3031 3319 3077 terrenarum
3347 3029 3466 3076 tan-

1890 3117 2001 3163 tum
2031 3124 2208 3164 rerum
2238 3110 2581 3173 creationem,
2615 3110 2706 3166 sed
2733 3111 2893 3165 etiam
2922 3111 2988 3165 ad
3031 3111 3354 3166 creationem
3380 3127 3468 3166 eu-

1889 3214 2176 3268 pernarum
2220 3199 2482 3254 Virtutum
2525 3202 2656 3256 satis
2703 3200 2864 3256 fuisse
2913 3201 3054 3257 illius
3102 3202 3468 3256 voluntatem?

1889 3289 2016 3344 Haec
2032 3304 2152 3344 cum
2169 3290 2341 3354 audis,
2366 3305 2470 3344 non
2499 3292 2723 3360 teipsum
2755 3291 3024 3362 deploras,
3054 3292 3141 3348 die
3168 3292 3338 3346 mihi?
3360 3307 3468 3346 non

1890 3380 2009 3434 tein
2033 3377 2457 3434 terranrdel‘odis
2477 3390 2532 3436 et
2555 3381 2766 3450 obruis,
2812 3397 2932 3437 eum
2976 3383 3027 3436 in
3079 3389 3280 3436 tantum
3319 3396 3467 3436 arras

1888 3468 2079 3540 gantim
2110 3470 2433 3539 proruperis,
2459 3479 2516 3524 ut
2543 3485 2663 3525 eum
2689 3487 2846 3541 quem
2883 3471 3181 3541 gloriﬁcare
3204 3479 3261 3525 et
3277 3471 3468 3525 adora—

1888 3572 1947 3613 re
1982 3559 2155 3613 solum
2194 3560 2273 3614 fas
2321 3569 2438 3626 est,
2473 3561 2632 3630 quasi
2672 3577 2828 3615 unam
2865 3561 3241 3616 vilissimarum
3283 3576 3460 3615 rerum

1888 3650 2142 3704 scruteris
2166 3659 2220 3704 et
2247 3649 2699 3720 comprehendere
2726 3651 2977 3706 coneris?
3005 3651 3127 3706 Ideo
3170 3661 3224 3707 et
3267 3651 3470 3707 Paulus

1887 3742 2054 3796 multa
2105 3742 2290 3811 plenus
2318 3743 2600 3811 sapientia,
2632 3743 3099 3812 incomparabilem
3139 3743 3233 3798 Dei
3281 3744 3463 3798 excel-

1888 3831 2130 3898 lentiam,
2158 3831 2421 3902 simulque
2444 3832 2689 3890 humanm
2714 3843 2913 3888 natura:
2938 3834 3190 3888 vilitatem
3219 3834 3462 3895 intuitus.

1887 3922 2293 3992 indignatusque
2328 3923 2583 3978 adversus
2611 3938 2705 3978 eos
2733 3924 2822 3992 qui
2864 3924 2979 3993 ejus
3012 3923 3462 3993 dispensationem

1885 4011 2148 4067 curiosius
2172 4013 2533 4082 explorarent,
2557 4028 2668 4067 rem
2700 4014 2924 4068 moleste
2954 4013 3134 4068 ferens
3157 4029 3278 4069 eum
3296 4015 3461 4070 multa

1885 4101 2221 4157 vehementia
2250 4103 2494 4157 dicebat:
2531 4101 2576 4156 0
2613 4103 2779 4168 homo,
2810 4115 2863 4157 tu
2892 4106 3004 4172 quis
3023 4121 3075 4159 es
3099 4146 3114 4170 ,
3142 4105 3227 4174 qui
3252 4121 3464 4176 respon-

1884 4193 2005 4246 deas
2031 4191 2140 4246 Deo
2162 4191 2334 4265 (Rom.
2367 4192 2418 4248 9.
2446 4191 2575 4263 9.0)?
2603 4193 2682 4247 Tu
2708 4194 2828 4263 quis
2856 4195 2954 4249 es?
2979 4196 3149 4265 cogita
3180 4196 3326 4265 prius
3363 4211 3461 4250 na-

1886 4290 2056 4335 turam
2087 4291 2228 4335 tuam
2255 4300 2267 4334 :
2302 4281 2504 4336 nnllnm
2533 4283 2730 4353 quippe
2757 4298 2953 4338 nomen
2981 4295 3158 4355 potest
3202 4296 3345 4340 tuam
3382 4286 3462 4339 vi-

1883 4370 2083 4426 litatem
2110 4372 2404 4427 declarare.

1952 4462 2005 4516 5.
2039 4462 2349 4516 Contumelia
2392 4463 2553 4517 Deum
2595 4464 2758 4534 afficit
2781 4466 2822 4518 is
2847 4467 2933 4535 qui
2975 4467 3308 4521 substantiam
3351 4467 3460 4536 eius

1883 4551 2126 4604 curiosius
2163 4552 2408 4621 explorat.
2441 4582 2513 4592 —
2540 4553 2610 4607 At
2654 4553 2820 4621 dices,
2845 4554 3016 4609 llomo
3053 4570 3168 4610 sum
3213 4556 3458 4611 libertate

1882 4639 2191 4694 honoratus.
2216 4641 2371 4710 Atqui
2405 4641 2695 4696 honoratus
2714 4658 2792 4708 es,
2824 4658 2928 4698 non
2951 4653 3008 4698 ut
3034 4659 3095 4699 ea
3121 4645 3364 4700 liberta-te
3391 4646 3461 4700 ad

1881 4730 2300 4800 repugnandum,
2330 4731 2423 4784 sed
2467 4741 2525 4786 ut
2570 4733 2660 4787 illo
2706 4734 2918 4800 honore.
2951 4735 3018 4789 ad
3062 4735 3459 4806 obsequendqu

1880 4821 2193 4881 honoranti,
2253 4831 2305 4875 te
2345 4823 2592 4877 utereris.
2637 4823 2924 4879 llonoravit
2969 4834 3021 4880 te
3067 4826 3226 4894 Deus,
3259 4843 3363 4882 non
3404 4840 3463 4884 ut

1943 4913 1958 4943 ί
1995 4919 2152 4975 longe
2176 4914 2406 4975 majorem
2440 4915 2660 4975 gentium
2684 4916 3102 4966 enumerationem
3118 4918 3296 4967 extulit
3317 4931 3365 4967 in
3390 4919 3463 4966 in-

1879 4973 2229 5041 terpretatione
2247 4973 2334 5021 Sua
2356 4973 2635 5041 ’theodorus
2661 4981 2809 5035 Gaza;
2835 4989 3013 5041 nempe
3033 4979 3132 5028 sic:
3156 4988 3315 5041 syros,
3342 4978 3463 5029 Cili-

1877 5032 1974 5104 ces,
1997 5033 2319 5109 ᾳψνίιᾳοιξςδ,
2366 5032 2608 5109 salignas,
2648 5032 2822 5108 Illyrios,
2866 5032 3104 5109 limit/ges,
3127 5032 3345 5099 titiones,
3374 5049 3461 5109 _Ly-

1875 5096 2001 5165 cios,_
2015 5093 2335 5165 I’tanphylios,
2365 5093 2511 5164 Iones,
2539 5093 2780 5165 .Jssyrt'os,
2797 5093 2989 5160 Arabes:
2999 5093 3176 5161 "Indos,
3201 5093 3458 5165 mgyptio‘s,

1875 5155 2140 5221 [ﬁt/tionis,
2155 5155 2338 5216 Pennas,
2381 5155 2645 5219 llis-panos:
2675 5155 2849 5220 Gallos,
2877 5155 3172 5221 (ῖενὶηαηοης,⁷
3193 5155 3454 5221 διὺτῖἠαιαεζ

1874 5216 2156 5286 λςιεηιιόῖιὶοδ,
2181 5216 2500 5286 Sauromatas,
2524 5227 2828 5282 Massagetas,
2837 5216 3222 5286 deniqueomnes
3243 5216 3459 5286 Scythas,

1873 5277 2187 5343 degentesque
2209 5277 2336 5328 ultra
2351 5277 2625 5343 aquilonem
2651 5277 2858 5332 ﬁdem}!
2870 5277 3046 5343 lbmios,
3057 5284 3234 5343 Iberos,
3243 5277 3456 5334 Ba'ctrial

1873 5338 1999 5409 nos.
2022 5338 2235 5409 (gaspios,
2273 5338 2453 5401 Medos,
2489 5349 2682 5409 Persas,
2721 5347 2922 5409 Parthos
2939 5378 2955 5404 ,
3001 5338 3246 5395 A'rinenios
3262 5378 3279 5404 ,
3320 5344 3458 5394 Ponti

1874 5399 2051 5450 Euxini
2071 5399 2968 5465 vicinosomnes'etincolas,1‘ltraces,
2995 5399 3296 5464 Macedonas,
3323 5413 3457 5456 (iri?-

1873 5474 1952 5531 cos
1974 5474 2133 5534 omnes
2153 5475 2171 5522 ;
2193 5463 2321 5534 adde
2365 5464 2586 5534 epirum,
2627 5464 2843 5534 Daciam,
2884 5463 3204 5534 Dalmatiam,
3222 5463 3409 5534 Italiam
3437 5479 3456 5516 :

1871 5522 2054 5573 insulas
2068 5536 2229 5590 omnes
2251 5532 2348 5573 tam
2367 5522 2610 5590 interioris
2653 5522 2839 5587 maris,
2863 5541 3008 5590 quam
3044 5522 3321 5588 exterioris,
3355 5542 3453 5578 crs-

1872 5591 2093 5649 terasque
2115 5585 2484 5636 innumerabiles
2514 5594 2704 5649 gentes,
2750 5585 2846 5639 etc.
2877 5585 2974 5637 'Sed
3012 5592 3178 5637 nescio
3215 5585 3345 5638 unde
3370 5598 3471 5640 ev

1873 5647 2110 5720 piscatus:
2138 5659 2307 5720 ompes
2319 5650 2499 5718 quippe.
2517 5647 2830 5720 Manuscripti,
2847 5649 3007 5720 Morel.
3030 5656 3082 5720 et
3097 5649 3234 5701 Savil.
3254 5653 3456 5715 idipsum

1876 5706 2099 5768 efferunt,
2129 5707 2260 5758 nullo
2281 5706 2570 5771 discrimine,
2599 5713 2725 5773 quod
2748 5706 2798 5761 in
2818 5706 2957 5762 testu
2983 5711 3177 5776 legitur.
