3854 6222
365 269 466 325 715

364 386 508 439 illum
529 381 848 439 contumelia
879 382 1135 444 afﬁceres,
1167 381 1257 435 sed
1291 392 1344 434 ut
1369 382 1721 451 gloriﬁcares;
1754 391 1942 434 contu-

363 475 517 528 melia
547 489 672 528 vero
700 473 862 527 afﬁcit
903 474 946 526 is
993 473 1080 541 qui
1131 473 1476 526 substantiam
1523 473 1640 540 ejus
1681 473 1942 526 curiosius

362 566 626 632 explorat.
651 563 778 618 Nam
821 565 885 627 si,
925 564 1048 617 dum
1093 565 1348 631 promissa
1388 564 1502 632 ejus
1548 581 1650 616 non
1673 566 1937 632 exploras,

362 657 508 707 illum
539 655 705 724 gloria
727 653 924 717 allieis;
952 654 1077 708 dum
1133 655 1379 722 exploras
1417 662 1472 709 et
1517 655 1723 710 curiose
1766 657 1939 726 inqui-

361 745 456 810 ris,
503 760 606 799 non
646 745 936 799 sententias
979 745 1137 798 modo
1177 747 1314 813 ejus,
1345 747 1436 798 sed
1476 747 1634 800 etiam
1683 762 1803 799 cum
1851 749 1940 816 qui

361 837 503 905 ipsas
552 837 767 906 protulit
803 838 1064 891 dedecore
1107 836 1293 890 affieis.
1345 836 1496 902 Quod
1545 847 1723 892 autem
1771 840 1938 894 Deum

357 927 662 996 glorificetis
687 929 774 996 qui
817 929 932 997 ejus
981 929 1237 997 promissa
1275 944 1377 980 non
1418 929 1625 983 curiose
1654 940 1935 997 scrutatur,

357 1019 476 1072 audi
497 1019 714 1073 Paulum
733 1020 800 1074 de
826 1021 1127 1074 Abrahamo
1147 1021 1320 1091 deque
1339 1022 1453 1090 ejus
1473 1022 1771 1075 obedientia
1804 1023 1938 1075 lide-

357 1126 460 1179 qne
481 1111 533 1164 in
555 1111 800 1166 omnibus
831 1111 1092 1166 dicentem
1127 1131 1139 1164 :
1173 1113 1512 1167 Consideravit
1540 1113 1737 1182 quidem
1758 1129 1940 1181 corpus
1977 1139 2011 1163 κ

357 1218 504 1254 suum
537 1213 834 1265 emortuum,
859 1212 903 1256 et
945 1213 1224 1257 emortuam
1251 1205 1447 1256 vulvam
1479 1203 1627 1258 Sorte
1649 1222 1665 1257 :
1691 1220 1858 1257 verum
1885 1205 1940 1258 in

357 1293 741 1362 repromissione
780 1292 875 1347 Dei
911 1311 1011 1347 non
1049 1296 1292 1348 hwsitavit
1341 1295 1646 1365 diﬁidentia,
1693 1295 1780 1349 sed
1817 1312 1940 1348 con-

359 1386 575 1453 fortatus
621 1394 690 1438 est
721 1385 829 1449 ﬁde
856 1384 1028 1454 (Rom.
1057 1385 1112 1440 4.
1158 1385 1264 1454 19).
1311 1385 1506 1440 Natura
1550 1396 1604 1441 et
1649 1397 1813 1448 tetas,
1848 1388 1929 1439 in-

357 1473 560 1542 quit,iu
588 1473 1011 1543 desperationem
1038 1476 1207 1545 ipsum
1252 1476 1624 1544 conjiciebant,
1666 1476 1758 1530 sed
1806 1476 1937 1530 ﬁdes

356 1579 504 1632 spem
548 1565 738 1618 bonam
788 1565 1155 1620 substituebat.
1178 1565 1283 1619 Sed
1323 1569 1636 1636 confortatus
1656 1576 1727 1620 est
1756 1568 1807 1620 in
1833 1567 1937 1633 ﬁde

358 1657 485 1707 dans
505 1655 719 1724 gloriam
755 1654 885 1718 Deo,
919 1665 965 1707 et
982 1655 1267 1722 plenissime
1292 1655 1452 1708 sciens
1477 1656 1596 1724 quia
1617 1671 1938 1726 quaecumque

358 1746 585 1811 promisit
610 1755 781 1814 potem
797 1756 868 1799 cst
897 1755 942 1798 et
983 1749 1146 1815 facere
1167 1745 1327 1815 (Ibid.
1355 1761 1402 1798 υ.
1426 1745 1540 1814 20).
1572 1745 1762 1800 Vident
1790 1761 1932 1811 eum,

353 1835 444 1904 qui
473 1836 666 1890 certior
692 1845 772 1890 est
797 1836 864 1890 de
903 1835 1060 1890 rebus
1089 1853 1117 1888 a
1149 1836 1256 1890 Deo
1298 1836 1536 1906 prolatis,
1563 1836 1784 1906 gloriam
1825 1836 1936 1891 Deo

353 1927 514 1980 dare?
540 1928 592 1982 Si
627 1928 800 1996 itaque
827 1928 1001 1995 is,quj
1046 1928 1155 1983 Deo
1196 1928 1388 1994 credit,
1419 1929 1640 1997 gloriam
1681 1929 1779 1998 ipsi
1822 1927 1930 1993 dat,

353 2020 440 2087 qui
474 2035 576 2073 non
601 2019 770 2073 credit
809 2021 928 2086 ipsi,
959 2020 1332 2073 contumeliam
1364 2021 1507 2074 illam
1548 2022 1781 2076 insuum
1821 2023 1934 2090 ipse

353 2119 509 2177 caput
524 2111 804 2163 convertit.
829 2109 908 2162 Tu
927 2111 1035 2178 quis
1055 2126 1123 2174 es,
1143 2111 1228 2180 qui
1249 2108 1356 2163 Deo
1376 2111 1714 2181 respondeas?
1734 2111 1932 2166 Deinde

353 2211 413 2253 ut
437 2199 679 2254 ostemlat
707 2210 960 2270 quantum
989 2202 1058 2254 sit
1095 2202 1259 2255 Deum
1305 2201 1441 2256 inter
1467 2213 1519 2256 et
1548 2203 1814 2258 hominem
1847 2205 1930 2258 in-

355 2292 652 2353 tervallum,
688 2293 738 2345 id
764 2293 1093 2347 demonstrat
1121 2309 1224 2348 non
1259 2293 1467 2363 quidem
1495 2304 1747 2364 quantum
1775 2313 1932 2367 opor-

353 2389 504 2445 teret,
537 2381 628 2435 sed
659 2392 834 2436 tamen
858 2397 923 2437 ex
959 2385 1226 2453 preposito
1267 2384 1515 2452 exemplo
1563 2385 1716 2454 longe
1761 2387 1932 2456 majus

352 2472 636 2526 discrimen
663 2487 782 2526 esse
815 2472 1032 2540 intelligi
1065 2473 1412 2541 potest.Quid
1443 2475 1598 2543 igitur
1622 2475 1733 2530 ait?
1764 2475 1932 2528 Num-

351 2561 471 2630 quid
491 2561 619 2614 dicet
639 2561 929 2631 ﬁgmentum
953 2564 999 2614 ei
1023 2563 1110 2631 qui
1127 2579 1180 2615 se
1198 2564 1365 2630 ﬁnxit,
1384 2564 1518 2630 Quid
1546 2581 1624 2617 me
1646 2565 1804 2632 fecisti
1823 2566 1929 2620 sic?

351 2651 534 2704 Annon
559 2651 703 2704 habet
724 2661 1010 2720 potestatem
1037 2652 1224 2722 figulus
1245 2654 1338 2706 luti
1357 2671 1418 2708 ea:
1454 2655 1629 2708 cadent
1652 2673 1820 2710 massa
1845 2662 1927 2728 fa-

351 2758 462 2796 cere
483 2742 626 2795 aliud
660 2743 857 2811 quidem
896 2758 979 2796 vas
1021 2745 1072 2796 in
1113 2744 1371 2808 honorem,
1412 2747 1553 2799 aliud
1587 2748 1638 2799 in
1676 2757 1933 2801 contume—
1976 2763 1984 2772 ‘

353 2832 474 2884 liam
496 2832 665 2901 (Rom.
687 2831 979 2903 9.20.2”?
1004 2834 1138 2899 Quid
1165 2836 1281 2888 ais?
1312 2836 1450 2890 itane
1479 2837 1586 2891 Deo
1615 2836 1786 2892 debeo
1805 2838 1929 2892 Sub-

347 2922 458 2990 jiei,
491 2932 546 2976 ut
585 2923 750 2977 lutum
806 2924 1001 2994 ﬁgulo?
1028 2924 1098 2978 lta
1125 2967 1138 2988 ,
1183 2925 1388 2994 inquit:
1420 2935 1620 2980 tantum
1666 2928 1806 2981 enim
1845 2935 1929 2981 est

350 3016 517 3068 Deum
546 3015 684 3070 inter
713 3027 763 3069 ct
792 3017 1057 3070 hominem
1096 3018 1452 3082 intervallum,
1487 3027 1741 3088 quantum
1787 3022 1930 3074 inter

349 3105 515 3159 lutum
553 3114 608 3159 et
631 3104 878 3175 ﬁgulum;
912 3107 993 3160 vel
1032 3109 1224 3175 potius,
1254 3125 1357 3162 non
1389 3117 1613 3173 tantum,
1642 3110 1734 3164 sed
1762 3110 1930 3164 multo

351 3194 542 3264 majus.
574 3194 694 3250 Luti
730 3197 869 3250 enim
893 3205 947 3251 et
975 3198 1115 3266 ﬁguli
1160 3197 1345 3252 eadem
1392 3199 1684 3252 substantia
1731 3208 1840 3261 est,
1869 3211 1928 3254 ut

349 3285 487 3354 apud
517 3285 616 3340 Job
642 3285 834 3340 dicitur
865 3305 877 3339 :
909 3287 1058 3350 Sino,
1092 3288 1278 3355 inquit,
1307 3288 1585 3340 habitantes
1628 3289 1803 3341 domos
1843 3289 1928 3341 lu-

351 3388 476 3440 teas,
507 3391 569 3429 ea:
592 3392 692 3445 quo
715 3385 762 3428 et
787 3376 885 3445 ipsi
922 3392 1093 3429 sumus
1123 3393 1185 3430 ea:
1223 3377 1393 3429 eodem
1438 3378 1542 3430 luto
1572 3376 1690 3448 (Job
1735 3379 1788 3432 4.
1814 3379 1924 3448 l9).

349 3465 500 3530 Quod
532 3466 575 3519 si
605 3464 763 3519 homo
790 3465 1123 3533 praestantior
1145 3467 1254 3518 luto
1273 3475 1325 3519 et
1343 3465 1624 3520 formosior
1653 3475 1923 3536 appareat,

349 3553 701 3608 differentiam
729 3570 833 3608 non
861 3555 1142 3608 diversitas
1182 3564 1405 3618 naturze,
1439 3555 1530 3610 sed
1575 3555 1792 3611 artiﬁcis
1837 3573 1926 3611 sa-

351 3643 544 3711 pientia
572 3642 693 3696 fecit
715 3661 725 3695 :
747 3643 799 3696 in
821 3644 965 3697 nullo
977 3646 1169 3714 quippe
1189 3643 1408 3698 diﬂ'ersa
1426 3647 1566 3710 luto;
1595 3646 1734 3715 quod
1757 3647 1800 3701 si
1822 3663 1927 3701 non

349 3733 543 3798 credis,
569 3733 619 3787 id
663 3735 754 3787 tibi
803 3735 1152 3802 persuadeant
1193 3736 1374 3789 tumuli
1399 3747 1449 3790 et
1482 3752 1627 3791 urna:
1655 3738 1930 3806 sepulcra-

350 3826 447 3880 les.
478 3824 607 3878 Nam
637 3827 680 3878 si
710 3830 948 3896 sepulcra
981 3828 1238 3896 majorum
1270 3839 1476 3882 tuorum
1505 3830 1691 3892 adeas,
1725 3831 1837 3885 lucc
1857 3831 1926 3885 ita

349 3930 409 3968 se
434 3915 626 3970 habere
655 3916 1046 3986 deprehendes.
1073 3918 1212 3974 Inter
1234 3920 1398 3973 lutum
1429 3920 1604 3990 itaque
1629 3933 1680 3975 et
1711 3920 1926 3991 figulum

349 4008 642 4064 differentia
673 4011 811 4064 nulla
843 4029 854 4064 :
890 4012 1027 4065 inter
1059 4012 1150 4067 Dei
1189 4028 1316 4068 vero
1345 4024 1398 4068 et
1424 4013 1654 4068 hominis
1679 4016 1926 4069 substan-

350 4101 476 4154 tiam
521 4109 720 4154 tantum
767 4103 1100 4156 intervallum
1145 4113 1247 4170 est,
1280 4114 1533 4174 quantum
1566 4121 1663 4160 nec
1688 4108 1927 4161 oratione

347 4206 587 4257 narrare,
622 4207 718 4247 nec
747 4203 926 4247 mente
954 4195 1217 4249 azsﬁmare
1248 4210 1550 4264 possumus.
1572 4197 1927 4264 Quemadmo-

349 4282 473 4336 dum
493 4283 649 4352 igitur
665 4285 830 4337 lutum
855 4285 996 4353 figuli
1015 4301 1223 4351 manus,
1239 4302 1573 4357 quocumque
1591 4288 1677 4344 ille
1695 4290 1923 4354 duxerit,

347 4375 630 4442 sequitur:
665 4374 732 4426 ita
776 4383 830 4428 et
854 4384 908 4428 tu
955 4375 1047 4428 luti
1095 4377 1260 4430 instar
1306 4388 1484 4432 mutus
1527 4391 1670 4445 esto,
1716 4383 1927 4449 quando

347 4463 488 4517 Deus
528 4463 724 4532 aliquid
760 4463 1068 4534 dispensare
1105 4466 1348 4522 voluerit.
1381 4467 1562 4538 Neque
1604 4480 1778 4525 tamen
1809 4473 1926 4526 ideo

347 4551 545 4608 Paulus
569 4551 682 4608 lucc
707 4553 860 4620 dixit,
889 4563 948 4608 ut
977 4555 1277 4610 facultatem
1309 4567 1544 4612 nostram
1577 4561 1805 4624 tolleret,
1836 4570 1928 4616 aut

345 4640 572 4695 liberum
620 4642 897 4697 arbitrium
939 4644 1301 4712 labefactaret,
1349 4649 1522 4713 absit;
1573 4651 1664 4704 sed
1695 4661 1924 4705 utarro-

345 4733 576 4801 gantiam
605 4742 840 4789 nostram
868 4737 1037 4806 magis
1066 4739 1336 4808 magisque
1361 4752 1651 4796 coerceret.
1685 4743 1880 4798 Verum
1907 4786 1922 4810 ,

346 4821 391 4875 si
421 4822 616 4890 placet,
646 4823 922 4880 videamus
955 4827 1205 4895 quidnam
1231 4829 1331 4897 ipsi
1358 4830 1596 4886 ediscere
1625 4833 1921 4898 voluerint;

346 4912 501 4966 itaut
539 4913 682 4982 ipsos
723 4913 916 4970 Paulus
957 4926 1061 4971 tam
1104 4918 1448 4974 vehementer
1486 4922 1811 4978 refraenaret.
1842 4927 1923 4978 An

343 4999 702 5055 substantiam
724 4997 816 5056 Dei
848 5006 1217 5061 scrutabantur
1250 5007 1274 5059 Ἰ
1320 5008 1658 5079 Nequaquam
1710 5030 1722 5064 :
1771 5028 1925 5067 nemo

341 5090 484 5143 enim
512 5090 560 5142 id
581 5107 826 5161 umquam
857 5108 1018 5148 ausus
1041 5105 1138 5150 est.
1155 5097 1260 5151 Sed
1285 5099 1424 5165 quod
1451 5099 1604 5169 longe
1629 5103 1801 5156 minus
1821 5115 1922 5172 est,

343 5179 459 5246 ejus
485 5179 905 5250 dispensationes
930 5187 1336 5252 scrutabantur;
1367 5190 1512 5243 verbi
1550 5193 1738 5260 gratia,
1763 5208 1926 5260 quare

342 5270 492 5325 illum
512 5273 740 5340 puniret,
763 5273 898 5328 illius
919 5276 1288 5342 misereretur;
1308 5294 1471 5347 quare
1497 5281 1640 5334 illum
1668 5283 1926 5351 supplicio

343 5362 560 5423 eximat,
580 5361 720 5418 hunc
745 5365 796 5418 in
826 5369 1079 5421 arrumnis
1107 5369 1277 5432 sinat;
1302 5385 1466 5437 quare
1499 5371 1587 5426 ille
1619 5376 1824 5428 veniam
1855 5378 1924 5430 sit

341 5463 722 5521 consequutus,
753 5455 837 5508 lne
879 5457 1116 5511 minime.
1153 5459 1275 5512 Haec
1300 5471 1354 5513 et
1378 5462 1567 5516 similia
1589 5466 1916 5532 quiet-ebant.

344 5537 619 5596 Undenam
659 5544 711 5598 id
744 5545 976 5614 liqueat?
1017 5545 1092 5601 Ex
1131 5551 1569 5616 prmecdmtibus.
1602 5555 1730 5612 Cum
1771 5559 1910 5610 enim

346 5625 564 5686 dixisset
585 5651 596 5684 :
620 5631 754 5704 Ergo
769 5651 913 5706 quem
937 5637 1036 5690 vult
1059 5640 1394 5707 miseratur,ct
1411 5659 1549 5711 quem
1569 5645 1669 5698 vult
1688 5645 1908 5698 indurat.

1068 269 1124 324 S.
1165 268 1440 324 JOANNlS
1468 267 1944 323 CllRYSOSTOMl
1985 265 2298 321 ARCHIEP.
2340 267 2880 327 CONSTANTINOP.

3535 278 3642 334 7l6

2052 379 2202 432 Dices
2229 382 2394 442 itaque
2419 381 2562 445 mihi,
2599 381 2732 447 Quid
2757 383 2925 436 adhuc
2949 386 3212 448 queritur?
3233 388 3482 444 voluntati
3503 396 3644 445 enim

2048 471 2156 538 ejus
2175 474 2285 538 quis
2301 472 2482 525 resistit
2506 472 2681 543 (Rom.
2701 474 2860 529 9.18.
2883 475 2970 544 l9)
2987 476 3012 530 ἲ
3035 487 3157 531 tunc
3180 479 3375 544 intulit,
3396 482 3440 534 0
3458 484 3640 550 homo,

2048 570 2101 612 tu
2129 560 2241 628 quis
2283 578 2353 624 es,
2378 562 2462 629 qui
2502 565 2806 632 respondeas
2836 564 2938 618 Deo
2963 565 3068 635 (Ib.
3093 583 3139 621 υ.
3162 567 3255 637 20)
3274 569 3299 621 ?
3327 572 3432 626 Eos
3475 573 3645 642 igitur

2046 651 2136 719 qui
2162 650 2585 721 dispensationes
2613 654 2702 707 Dei
2734 657 3106 712 scrutabantur
3147 661 3640 729 reprimitPaulus.

2049 741 2290 796 Proiecto
2319 759 2384 798 ne
2411 743 2461 797 id
2491 745 2700 814 quidem
2727 747 2829 801 illis
2855 749 3114 815 concedit,
3149 761 3201 805 tu
3251 769 3380 808 vero
3420 756 3639 809 beatam

2047 831 2190 885 illam
2224 833 2572 888 substantiam
2613 839 2790 891 omnia
2814 838 3206 908 dispensantem
3235 844 3445 898 curiose
3478 860 3638 899 scru-

2047 923 2207 976 taris?
2231 940 2410 979 annon
2436 936 2487 980 te
2513 929 2776 982 sexcentis
2798 929 3102 984 fulminibus
3142 931 3356 1001 dignmn
3400 939 3640 988 censes?

2045 1013 2311 1081 quomodo
2335 1029 2438 1068 n0u
2463 1015 2512 1069 id
2539 1007 2790 1071 extrema:
2814 1019 3098 1073 dementiae
3129 1020 3316 1076 fuerit?
3345 1025 3485 1077 Audi
3521 1040 3642 1094 pro-

2047 1101 2291 1170 phetam,
2334 1105 2418 1158 vel
2467 1106 2639 1174 potius
2684 1108 2848 1161 Deum
2896 1110 3205 1166 dicentem:
3239 1113 3301 1167 Si
3345 1113 3505 1168 Pater
3543 1134 3638 1185 ego

2043 1209 2175 1256 sum,
2195 1194 2276 1246 ubi
2294 1205 2364 1248 est
2384 1194 2547 1265 gloria
2568 1197 2718 1250 mea?
2737 1208 2783 1250 et
2799 1201 2840 1252 si
2851 1199 3096 1254 Dominus
3113 1218 3200 1273 ego
3221 1220 3349 1269 sum,
3370 1207 3454 1258 ubi
3477 1218 3556 1259 est
3573 1211 3640 1258 ti-

2044 1300 2154 1337 mor
2172 1301 2308 1339 mens
2338 1286 2590 1355 (Malach.
2611 1289 2753 1360 1.6)?
2778 1292 2874 1357 Qui
2897 1293 3040 1347 enim
3067 1297 3271 1361 metuit,
3293 1313 3394 1350 non
3413 1300 3637 1353 curiose

2043 1385 2325 1441 scrutatur,
2355 1378 2449 1432 sed
2483 1379 2700 1446 adorat;
2731 1398 2834 1436 non
2863 1386 3071 1439 curiose
3100 1385 3336 1456 inquirit,
3365 1390 3460 1442 sed
3512 1391 3633 1443 lau-

2042 1469 2132 1522 dat
2159 1481 2214 1523 et
2232 1471 2508 1539 gloriﬁcat.
2541 1471 2666 1526 Haec
2695 1482 2744 1527 te
2768 1475 2993 1530 doceant
3021 1486 3075 1531 et
3098 1493 3338 1546 superna:
3368 1480 3629 1544 Virtutes,

2041 1569 2092 1611 et
2139 1562 2321 1613 beatus
2361 1560 2556 1616 Paulus
2589 1581 2600 1614 :
2633 1579 2737 1616 non
2779 1566 2920 1617 enim
2968 1580 3089 1619 cum
3136 1566 3234 1622 hac
3280 1569 3346 1622 de
3391 1586 3447 1623 re
3486 1573 3633 1624 alios

2043 1649 2300 1719 increpat,
2321 1651 2432 1720 ipse
2452 1653 2638 1706 eodem
2661 1669 2767 1722 quo
2797 1656 2870 1708 illi
2910 1656 3066 1710 modo
3093 1658 3311 1712 affectus
3336 1671 3437 1713 est.
3483 1665 3629 1715 Audi

2039 1744 2166 1809 quid
2196 1742 2619 1812 l’hilippensibus
2653 1745 2814 1810 dicat,
2845 1761 2963 1798 eum
2991 1747 3224 1800 declarat
3249 1765 3306 1802 se
3336 1752 3633 1818 particula-

2039 1844 2153 1884 rem
2192 1831 2466 1886 scientiam
2512 1833 2708 1888 habere
2737 1854 2748 1887 :
2777 1837 3217 1904 quemadmodum
3247 1849 3300 1893 et
3328 1840 3633 1900 Corinthiis

2038 1921 2276 1974 scribens
2301 1922 2528 1988 dicebat,
2548 1924 2779 1995 Expartc
2799 1929 3142 1996 cognoscimus
3169 1931 3243 2000 (l.
3273 1931 3387 1984 (.‘or.
3420 1933 3505 1986 l3.
3542 1936 3628 2002 9),

2040 2020 2206 2064 totum
2227 2026 2355 2065 vero
2385 2015 2617 2069 nondum
2653 2035 2665 2070 :
2693 2025 2748 2070 et
2773 2033 2910 2069 nunc
2950 2018 3127 2086 infert,
3166 2019 3390 2083 Fratres,
3421 2040 3514 2091 ego
3545 2044 3626 2078 me

2037 2116 2138 2153 non
2162 2103 2377 2156 arbitror
2403 2106 2834 2174 comprehendisse
2853 2107 3110 2177 (Philipp.
3140 2111 3192 2165 3.
3215 2112 3319 2183 l3).
3345 2113 3478 2178 Qnid
3522 2115 3623 2169 hac

2035 2194 2271 2260 apertius
2292 2196 2456 2249 voce?
2487 2197 2632 2252 Tuba
2658 2198 3094 2272 clarius.eerinit,
3126 2202 3307 2256 orbem
3340 2213 3506 2257 totum
3539 2207 3620 2259 in-

2033 2283 2280 2349 stituens,
2312 2294 2366 2338 ut
2396 2285 2572 2339 datam
2615 2287 2853 2343 scientia:
2896 2305 3195 2345 mensuram
3244 2293 3520 2362 diligerent
3567 2309 3620 2350 ct

2033 2374 2500 2442 amplecterentur,
2546 2394 2643 2432 nec
2687 2381 3053 2437 existimarent
3093 2399 3340 2454 umquam
3361 2402 3418 2440 se
3447 2396 3620 2442 totum

2034 2466 2322 2535 accepisse.
2354 2468 2489 2534 Quid
2519 2469 2615 2533 ais,
2643 2470 2729 2524 dic
2751 2471 2919 2526 mihi?
2943 2472 3209 2528 Christum
3253 2476 3415 2530 habes
3444 2479 3495 2531 in
3542 2489 3622 2534 te-

2037 2555 2157 2622 ipso
2182 2559 2488 2623 loquentem
2515 2561 2588 2626 (‘2.
2615 2562 2734 2613 Cor.
2764 2562 2842 2615 l5.
2875 2563 3050 2628 l5),et
3073 2563 3243 2617 dicis:
3271 2565 3378 2634 Ego
3403 2583 3480 2617 me
3514 2584 3619 2617 non

2036 2643 2266 2697 arbitror
2285 2648 2756 2714 comprehendisse.
2780 2649 2905 2706 ldeo
2930 2653 3098 2717 enim,
3133 2654 3330 2722 inquit,
3359 2654 3502 2707 dixit
3533 2671 3620 2708 me

2033 2733 2301 2788 Christum
2332 2735 2530 2792 habere
2560 2741 2611 2792 in
2640 2739 2844 2810 meipso
2871 2742 3170 2810 loquentem
3207 2761 3221 2797 :
3253 2749 3362 2812 ipse
3389 2761 3473 2800 me
3501 2745 3621 2802 lucc

2032 2825 2231 2881 docuit.
2279 2827 2634 2896 Quamobrem
2678 2831 2753 2897 hi,
2787 2834 2885 2888 nisi
2934 2834 3162 2902 Spiritus
3205 2837 3368 2890 sancti
3411 2840 3622 2892 auxilio

2033 2930 2250 2984 prorsus
2280 2921 2428 2974 vacui
2453 2932 2649 2988 essent,
2673 2932 2726 2978 et
2755 2939 2967 2978 omnem
2996 2925 3110 2994 ejus
3145 2929 3506 2996 operationem
3549 2948 3618 2986 ex

2031 3009 2205 3063 anima
2226 3025 2319 3065 sua
2348 3012 2732 3080 elitninassent,
2762 3030 2881 3071 eum
2904 3016 3100 3072 Paulus
3137 3019 3299 3085 dicat,
3324 3020 3440 3073 Non
3470 3025 3617 3075 arbi-

2033 3108 2138 3152 tror
2157 3101 2403 3168 meipsum
2431 3106 2882 3175 comprehendisse,
2926 3124 3030 3163 non
3080 3110 3178 3178 ipsi
3215 3126 3273 3165 se
3303 3113 3618 3168 universum

2031 3191 2497 3258 comprehendisse
2525 3205 2791 3262 putarent.

2102 3282 2154 3336 6.
2185 3282 2453 3338 Undenam
2483 3286 2664 3356 liquet,
2694 3287 2834 3342 dicet
2867 3291 3146 3359 quiSpiam,
3195 3292 3364 3362 ipsum
3415 3294 3485 3347 ita
3533 3297 3617 3348 lu-

2030 3383 2280 3442 quentem
2309 3375 2377 3430 de
2404 3375 2506 3432 lide
2531 3393 2707 3447 agere,
2736 3379 2803 3434 de
2829 3381 3048 3434 scientia
3079 3392 3131 3435 et
3158 3383 3224 3436 dc
3253 3383 3615 3453 dogmatibus,

2031 3471 2085 3514 et
2108 3478 2210 3518 non
2237 3463 2304 3519 de
2327 3466 2450 3518 vita:
2477 3467 2835 3532 institutione,
2867 3471 3016 3538 quasi
3048 3471 3189 3524 dicat
3223 3489 3235 3524 :
3267 3473 3376 3542 Ego
3401 3489 3486 3527 me
3510 3474 3618 3529 im-

2029 3552 2319 3621 perfeetum
2349 3570 2468 3610 esse
2491 3557 2719 3611 arbitror
2742 3558 2792 3611 in
2814 3560 2918 3613 vita
2935 3570 2987 3613 et
3007 3561 3368 3616 ins:itutione?
3391 3563 3446 3616 Id
3466 3577 3620 3620 certe

2030 3645 2243 3711 planum
2271 3644 2394 3700 fecit
2417 3661 2538 3700 cum
2567 3647 2700 3702 dixit
2730 3667 2742 3700 :
2771 3647 2968 3702 Bonum
2996 3661 3246 3704 certamen
3267 3656 3472 3716 certari,
3496 3671 3622 3706 cur-

2029 3749 2140 3786 sum
2176 3737 2535 3797 consummavi,
2558 3737 2710 3805 ﬁdem
2739 3740 2930 3792 servavi
2957 3755 2976 3793 :
3005 3741 3058 3792 in
3082 3739 3271 3809 reliquo
3294 3745 3514 3812 reposita
3543 3756 3622 3798 est

2031 3825 2153 3878 mihi
2190 3843 2373 3880 corona
2395 3828 2610 3897 justitiai
2629 3829 2706 3895 (2.
2727 3828 2861 3882 Tim.
2900 3831 2953 3884 4.
2985 3831 3061 3899 7).
3088 3831 3188 3896 Qui
3213 3847 3339 3886 vero
3363 3849 3620 3888 consum-

2029 3927 2172 3968 mato
2217 3931 2373 3970 cursu
2421 3932 2674 3972 coronam
2735 3931 3046 3989 accepturus
3103 3933 3217 3987 est,
3279 3939 3619 3993 nequaquam

2029 4006 2249 4072 diceret,
2284 4007 2404 4062 Non
2429 4009 2641 4063 arbitror
2683 4013 2928 4082 meipsum
2970 4015 3423 4083 comprehendisse.
3457 4019 3618 4072 Alio-

2029 4098 2154 4166 quin
2197 4107 2373 4153 autent
2417 4115 2536 4169 qua:
2565 4102 2765 4170 agenda
2791 4111 2845 4156 et
2867 4118 2984 4173 qua:
3015 4120 3118 4156 non
3145 4105 3344 4172 agenda
3365 4117 3491 4160 sunt
3514 4125 3617 4162 ne.

2029 4189 2157 4242 mini
2202 4199 2326 4245 sunt
2368 4190 2602 4254 incerta;
2631 4191 2725 4246 sed
2763 4194 3012 4248 erunibus
3060 4194 3338 4250 manifesta
3377 4206 3433 4250 et
3464 4209 3618 4260 nota,

2029 4288 2084 4332 et
2120 4279 2357 4333 barbaris
2390 4289 2444 4335 et
2487 4280 2696 4344 Persis,
2743 4291 2800 4336 et
2841 4284 2934 4337 toti
2973 4283 3241 4339 hominum
3282 4289 3489 4355 generi.
3547 4288 3623 4344 Ut

2029 4383 2204 4426 autem
2248 4373 2300 4426 id
2346 4374 2543 4428 clarius
2585 4375 2823 4440 reddam,
2862 4393 2978 4444 quae
3026 4378 3160 4432 hanc
3181 4378 3475 4432 clausulam
3520 4397 3621 4434 se-

2028 4471 2260 4531 quuntur
2301 4463 2493 4532 legam.
2523 4464 2803 4534 Postquam
2849 4467 3090 4531 dixisset,
3130 4467 3302 4523 Videte
3337 4487 3510 4531 canes,
3543 4475 3624 4525 vi-

2029 4553 2136 4603 dete
2174 4553 2332 4604 malos
2371 4554 2624 4620 operarios
2657 4553 2908 4624 (Philipp.
2939 4557 2991 4610 5.
3022 4557 3102 4626 Ξ),
3133 4573 3196 4612 ac
3235 4559 3398 4612 multa
3440 4560 3622 4616 disse-

2030 4641 2222 4694 ruisset
2263 4641 2329 4696 de
2369 4643 2452 4707 iis,
2490 4644 2576 4712 qui
2625 4644 2842 4698 Judaica
2887 4647 3132 4716 dogmata
3185 4649 3565 4718 intempestive
3599 4656 3615 4684 ι

2033 4729 2320 4795 inducunt,
2365 4731 2636 4800 subjnnxit
2658 4734 2672 4763 ¹
2704 4751 2716 4785 :
2749 4733 2874 4798 ρυω
2909 4736 3032 4787 mihi
3063 4739 3261 4797 fuerunt
3302 4737 3443 4790 lucra
3464 4780 3478 4803 ,
3506 4742 3623 4794 hare

2029 4819 2298 4872 arbitratus
2336 4837 2447 4873 sum
2494 4833 2695 4891 propter
2737 4823 2991 4877 Christum
3045 4826 3379 4880 detrimenta:
3406 4845 3624 4881 rerum-

2031 4917 2194 4962 tamen
2245 4911 2471 4964 existimo
2517 4915 2685 4966 omnia
2729 4915 3077 4969 detrimentum
3118 4933 3244 4981 esse,
3286 4928 3339 4970 ut
3387 4919 3627 4972 inveniar

2030 5015 2129 5052 non
2151 5001 2335 5055 habens
2370 5005 2620 5072 justitiam
2643 5021 2755 5073 qutz
2774 5023 2835 5059 ea:
2859 5007 2964 5074 lege
2994 5018 3095 5070 est;
3121 5009 3206 5061 sed
3221 5010 3480 5078 justitiam
3504 5029 3628 5078 qua

2031 5106 2091 5141 ea:
2134 5090 2235 5143 Deo
2278 5103 2386 5156 est,
2414 5109 2528 5162 qua:
2570 5111 2656 5161 per
2685 5095 2836 5162 ﬁdem
2869 5096 2992 5150 Jesu
3031 5098 3214 5151 Christi
3255 5109 3326 5151 est
3368 5099 3534 5171 (Ibid.
3569 5120 3625 5156 υ.

2031 5179 2080 5230 7.
2107 5180 2182 5249 9).
2203 5180 2391 5235 Postea
2417 5182 2544 5236 dicit
2565 5183 2631 5239 de
2651 5200 2752 5253 qua
2781 5187 2884 5240 fide
2901 5188 3143 5256 loquatur
3167 5207 3178 5240 :
3208 5189 3274 5243 Ut
3301 5207 3412 5242 eum
3434 5208 3629 5261 cogno-

2028 5286 2214 5324 scerem
2235 5315 2249 5337 ,
2291 5283 2334 5326 et
2378 5277 2648 5342 potentiam
2691 5281 3062 5334 resurrectionis
3101 5282 3206 5349 ejus
3248 5293 3292 5334 et
3329 5285 3626 5340 societatem

2030 5362 2316 5428 passionum
2332 5363 2616 5433 ejus(Ibid.
2643 5380 2692 5420 v.
2715 5367 2822 5436 10).
2856 5369 2988 5434 Quid
3016 5382 3114 5432 cst,
3141 5369 3420 5424 Potentiam
3443 5392 3620 5428 resur-

2093 5542 2106 5568 ι
2151 5539 2223 5587 sic
2244 5539 2380 5588 Sat‘il.
2410 5550 2459 5591 et
2497 5545 2700 5610 masima
2737 5558 2847 5610 [ars
2887 5550 3328 5610 manuscriptorum.
3373 5558 3420 5600 tu
3449 5556 3616 5601 Morel.

2029 5611 2176 5671 vero,
2223 5610 2479 5671 opportune
2518 5605 2797 5666 subjunxit,
2845 5605 3139 5670 anteposita"
3168 5609 3369 5671 virgula.
3417 5620 3522 5659 itm
3570 5631 3620 5664 tu

2030 5659 2190 5709 litorei.
2213 5659 2430 5713 uuiedam
2449 5659 2669 5729 deeraht,
2696 5659 2805 5730 qua:
2832 5683 2888 5721 es
2919 5659 3058 5721 stitit.
3084 5680 3134 5721 et
3156 5659 3440 5723 Μωνεοέιιάεη
3483 5659 3616 5725 ιυᾹᾷ
