3838 6220
77 268 198 330 713

80 403 300 454 μενος.
341 386 411 438 Εἰ
460 387 568 457 γὰρ
599 386 659 439 τὺ
705 387 778 458 μὴ
823 387 1282 459 περιεργάζεσθαι
1318 391 1416 455 τὰς
1459 394 1794 461 ἐπαγγελίας

75 473 280 527 αὐτοῦ
308 473 555 538 δοξάζειν
580 475 740 528 αὐτόν
764 476 902 536 ἐστι,
933 476 994 528 τὸ
1039 477 1520 548 πολυπραγμονεῖν
1553 480 1647 533 καὶ
1688 482 1797 534 διε-

79 563 316 630 ρευνᾷν
345 577 373 601 ι
409 562 528 631 οὐχὶ
560 561 660 625 τὰς
693 562 996 630 ἀποφάσεις
1022 565 1203 634 μόνον,
1228 566 1364 619 ἀλλά
1393 568 1488 621 καὶ
1516 569 1679 621 αὐτὸν
1703 569 1796 621 τὸν

73 646 542 718 ἀποφηνάμενον
571 647 857 719 ἀτιμάζειν
885 649 1051 703 ἐστίν.
1075 651 1197 704 Ὂτι
1222 651 1279 705 δὲ
1301 653 1360 705 τὸ
1395 652 1470 724 μὴ
1495 655 1794 724 περιεργά-

76 734 308 797 ζεσθαι
355 735 460 800 τὰς
507 736 838 804 ἐπαγγελίας
887 737 1054 791 αὐτοῦ
1102 737 1344 804 δοξάζειν
1400 741 1564 794 αὐτόν
1615 743 1793 804 ἐστιν,

72 822 352 875 ἄκουσον
387 822 482 876 τοῦ
541 823 751 876 Παύλου
792 823 1044 892 λέγοντος
1076 826 1207 897 περὶ
1270 828 1364 880 τοῦ
1418 827 1669 900 ’Δϐραάμ
1703 829 1796 881 καὶ

72 910 193 978 τῆς
231 911 494 980 ὑπακοῆς
531 911 630 982 τῆς
674 912 910 977 ἐκείνου,
943 913 1038 966 καὶ
1081 915 1180 985 τῆς
1208 916 1265 968 ἐν
1315 915 1488 970 ἆπασι
1521 916 1791 980 πίστεως·

74 1003 466 1068 Κατενόησε
509 1002 628 1070 μὲν
659 1004 766 1070 γὰρ
787 1042 801 1064 ,
853 1003 1019 1072 φησὶ,
1055 1003 1121 1057 τὸ
1155 1004 1380 1058 ἑαυτοῦ
1418 1005 1591 1076 σῶμα
1628 1025 1797 1061 νενεε

79 1088 456 1156 κρωμένον,
495 1088 593 1141 καί
632 1091 750 1158 την
788 1089 1086 1158 νέκρωσιν
1129 1091 1240 1159 τῆς
1263 1091 1495 1161 μήτρας
1530 1095 1790 1163 Σάρρας·

71 1177 178 1240 εὶς
214 1175 299 1228 δὲ
349 1176 475 1243 τὴν·
513 1177 880 1248 ἐπαγγελίαν
909 1178 1015 1232 τοῦ
1072 1180 1222 1233 Θεοῦ
1275 1182 1348 1234 οὐ
1398 1180 1660 1249 διεκρίθη
1718 1181 1794 1251 τῇ

69 1265 389 1332 ἀπιστίᾳ.
428 1265 567 1320 ἀλλ’
591 1266 1011 1336 ἐνεδυναμώθη
1055 1267 1130 1337 τῇ
1166 1269 1389 1323 πίστει.
1423 1271 1486 1324 ΊΙ
1517 1270 1677 1340 φύσις
1701 1272 1793 1325 καὶ

71 1355 110 1421 ἠ
155 1353 373 1422 ἡλικία
415 1355 495 1418 είς
530 1355 866 1425 ἀπόγνωσιν,
904 1358 1090 1428 φησὶν,
1126 1357 1432 1423 ἐνέϐαλλον,
1455 1361 1488 1428 ή
1524 1359 1581 1412 δὲ
1610 1361 1794 1423 πίστις

73 1441 337 1504 ἐλπίδας
383 1441 628 1496 ὑπέτεινε
678 1443 942 1515 χρηστάς.
1015 1445 1180 1498 Ἀλλ’
1243 1445 1663 1514 ἐνεδυναμώθη
1716 1446 1791 1516 τῇ

72 1532 313 1583 πίστει
335 1530 486 1597 δοὺς
511 1530 698 1594 δόξαν
721 1530 800 1596 τῷ
840 1530 982 1596 Θεῷ,
1014 1533 1111 1586 καὶ
1145 1533 1628 1603 πληροφορηθεὶς
1650 1574 1664 1597 ,
1702 1534 1790 1588 ὅτι

72 1617 106 1668 ὃ
143 1618 558 1688 ἐπήγγελται,
588 1618 845 1684 δυνατός
871 1619 1001 1671 ἐστι
1042 1619 1138 1672 καί
1185 1619 1455 1688 ποιῆσαι.
1519 1621 1680 1692 Ὁρᾷς
1708 1622 1790 1674 ὅτι

71 1707 103 1756 6
131 1705 681 1776 πληροφορούμενος
725 1705 867 1777 ὑπὲρ
907 1699 980 1758 ὧν
1026 1705 1090 1759 ἂν
1133 1708 1160 1759 6
1206 1706 1339 1769 Θεὸς
1384 1707 1786 1776 ἀποφαίνηται,

70 1793 266 1856 δόξαν
300 1792 491 1845 δίδωσι
518 1792 595 1863 τῷ
621 1791 768 1863 Θεῷ;
802 1793 865 1845 Εἰ
900 1793 1078 1845 τοίνυν
1107 1793 1264 1857 δόξαν
1288 1793 1472 1847 δίδωσι
1507 1793 1584 1864 τῷ
1614 1794 1732 1866 Θεῷ
1761 1797 1789 1848 6

73 1879 391 1933 πιστεύων
429 1880 596 1950 αὐτῷ,
628 1881 657 1933 6
689 1880 932 1933 ἀπιστῶν
961 1879 1111 1950 αὐτῷ
1140 1881 1234 1952 τὴν
1266 1882 1491 1953 ἀτιμίαν
1519 1883 1684 1936 αὑτοῦ
1711 1885 1790 1946 εἰς

73 1967 187 2037 τὴν
240 1967 452 2021 ἑαυτοῦ
498 1968 822 2040 περιτρέπει
884 1969 1150 2039 κεφαλήν.
1183 1969 1266 2023 Σὺ
1305 1971 1396 2036 τίς
1444 1968 1503 2024 εἷ
1543 1975 1575 2024 ό
1609 1973 1787 2024 ἀντα-

72 2061 548 2125 ποκρινόμενος
574 2055 653 2121 τῷ
675 2055 828 2122 Θεῷ;
847 2053 978 2110 Εἶτα
1007 2057 1328 2127 βουλόμενος
1351 2059 1519 2122 δεῖξαι
1543 2059 1603 2112 τὸ
1628 2059 1790 2128 μέσον

71 2144 217 2194 ὅσον
254 2145 412 2195 ἐστὶν
441 2143 727 2214 ἀνθρώπου
769 2144 863 2196 καὶ
917 2144 1076 2208 Θεοῦ,
1110 2145 1309 2209 ἔδειξεν
1356 2147 1452 2216 οὐχ
1487 2147 1610 2198 ὅσον
1645 2147 1750 2198 ἔδει
1772 2161 1788 2176 ⁸

74 2232 242 2302 πλὴν
281 2231 394 2283 ἀπὸ
425 2230 518 2284 τοῦ
548 2231 792 2294 δοθέντος
819 2231 1218 2302 ὑποδείγματος
1248 2233 1471 2285 δυνατὸν
1493 2233 1587 2286 καὶ
1613 2232 1790 2304 πολλῷ

76 2319 365 2386 μείζονος
405 2317 669 2388 διαφορᾶς
715 2318 926 2371 ἔννοιαν
961 2319 1167 2374 λαϐεῖν.
1207 2319 1271 2371 Τί
1324 2320 1434 2390 γάρ
1470 2336 1639 2390 φησι;
1692 2320 1788 2388 Μὴ

71 2406 222 2474 ἐρεῖ
267 2405 338 2458 τὸ
366 2403 619 2473 πλάσμα
660 2404 741 2470 τῷ
777 2405 1106 2472 πλάσαντι,
1147 2407 1205 2459 τί
1241 2424 1319 2475 με
1367 2407 1664 2474 ἐποίησας
1693 2408 1790 2460 οῦ-

74 2510 242 2559 τως;
289 2494 374 2547 Ἢ
403 2495 514 2546 οὐκ
545 2492 669 2561 ἔχει
696 2492 990 2556 ἐξουσίαν
1017 2495 1050 2546 ὀ
1095 2495 1388 2562 κεραμεὺς
1433 2493 1543 2546 τοῦ
1586 2493 1789 2561 πηλοῦ

71 2583 150 2634 ἐκ
184 2580 308 2634 τοῦ
340 2580 531 2633 αὑτοῦ
577 2579 925 2648 φυράματος
963 2579 1216 2648 ποιῆσαι
1252 2581 1284 2632 ὃ
1311 2580 1429 2650 μὲν
1476 2583 1563 2647 εἰς
1606 2581 1790 2650 τιμὴν

74 2669 356 2732 σκεῦος,
390 2667 420 2720 ὃ
460 2666 527 2720 δὲ
561 2670 650 2733 εις
686 2668 962 2735 ἀτιμίαν;
992 2668 1058 2720 Τί
1107 2668 1322 2736 λέγεις;
1365 2667 1539 2731 οὕτως
1589 2669 1788 2737 ὀφείλω

77 2755 437 2810 ὑποκεῖσθαι
457 2755 532 2824 τῷ
555 2755 673 2826 Θεῷ
710 2755 783 2818 ὡς
810 2757 837 2807 6
859 2755 1029 2826 πηλὸς
1057 2753 1136 2824 τῷ
1168 2757 1436 2825 κεραμεῖ;
1465 2756 1596 2819 Ναὶ,
1632 2759 1784 2826 φησί·

74 2846 366 2897 τοσοῦτον
395 2843 502 2914 γὰρ
522 2843 581 2896 τὸ
608 2843 770 2912 μέσον
797 2841 1087 2913 ἀνθρώπου
1127 2843 1224 2895 καὶ
1265 2843 1425 2897 Θεοῦ.
1453 2845 1577 2898 ὅσον
1611 2845 1785 2916 πηλοῦ

77 2935 184 2987 καὶ
221 2932 546 3002 κεραμέως·
584 2931 782 3000 μᾶλλον
827 2931 885 2983 δέ
907 2931 1026 2983 οὐδὲ
1059 2929 1310 2983 τοσοῦτον
1333 2932 1392 2984 τὸ
1418 2931 1603 3000 μέσον,
1653 2933 1787 2987 ἀλλὰ

77 3022 186 3074 καὶ
219 3018 418 3087 πολλῴ
444 3018 625 3071 πλέον.
668 3016 848 3088 Πηλοῦ
881 3019 981 3084 μὲν
1017 3018 1128 3088 γὰρ
1175 3019 1268 3071 καὶ
1307 3020 1597 3091 κεραμέως
1630 3021 1786 3073 οὐσία

79 3113 222 3178 μία,
268 3107 524 3176 καθάπερ
545 3105 638 3158 καὶ
669 3105 819 3175 παρά
848 3105 926 3175 τῷ
972 3105 1094 3158 ’1ὼὸ
1125 3106 1362 3176 εἴρηται·
1405 3106 1516 3160 Ἐὧ
1550 3107 1620 3160 δὲ
1645 3107 1786 3174 τοὺς

75 3193 545 3259 κατοικοῦντας
572 3193 762 3256 οἰκίας
784 3192 1068 3258 πηλίνας,
1089 3192 1156 3256 ἐξ
1187 3189 1258 3248 οὗ
1281 3193 1379 3246 καὶ
1401 3195 1572 3248 αὐτοί
1598 3195 1787 3264 ἐσμεν

77 3289 153 3338 ἐκ
214 3284 334 3338 τοῦ
377 3284 562 3337 αὐτοῦ
618 3281 840 3350 πηλοῦ.
899 3284 961 3335 Εἰ
1004 3283 1060 3336 δὲ
1111 3282 1351 3353 ἀμείνων
1397 3283 1649 3352 φαίνεται
1693 3285 1786 3338 κα)⁸

78 3375 550 3447 εὐπρεπέστερος
573 3375 780 3426 ἐκείνου
812 3375 839 3426 ό
872 3373 1178 3444 ἄνθρωπος,
1206 3373 1305 3444 τὴν
1338 3372 1602 3444 διαφορὰν
1627 3374 1724 3444 οὐχ
1752 3376 1784 3443 ή

78 3461 384 3530 ἐναλλαγὴ
412 3461 512 3530 τῆς
542 3462 777 3528 φύσεως,
829 3461 944 3513 ἀλλ’
983 3463 1014 3529 ἡ
1061 3462 1222 3529 σοφία
1256 3459 1350 3513 τοῦ
1399 3461 1643 3531 τεχνίτου
1685 3479 1786 3514 πε-

75 3551 326 3619 ποίηκε’
368 3547 518 3620 1459]
553 3549 672 3600 ἐπεὶ
716 3548 886 3616 πηλοῦ
919 3548 1069 3600 οὐδὲν
1099 3549 1411 3618 διέστηκας.
1454 3550 1515 3601 Et
1555 3550 1612 3603 δέ
1655 3551 1785 3602 ἁπι-

76 3635 275 3693 στεῖς,
296 3629 634 3683 πειθέτωσάν
667 3647 724 3681 σε
741 3631 796 3681 αί
829 3630 976 3700 σοροὶ
997 3631 1090 3682 καὶ
1119 3631 1174 3682 αἱ
1202 3629 1471 3700 λάρνακες
1493 3649 1506 3662 ·
1547 3634 1641 3685 ἐπὶ
1673 3633 1784 3703 γὰρ

72 3724 220 3788 τοὺς
266 3720 474 3784 τάφους
499 3715 746 3769 ἀπελθὼν
774 3715 880 3768 τῶν
911 3717 1192 3786 προγόνων
1218 3717 1340 3788 είσῃ
1373 3717 1455 3770 ὅτι
1484 3717 1658 3771 ταῦτα
1689 3717 1784 3770 οῦ-

71 3785 377 3872 τωςέχει.
405 3801 582 3872 Πηλοῦ
616 3803 713 3871 μὲν
748 3797 840 3854 οὖν
869 3785 964 3854 καί
1002 3802 1292 3871 κεραμέως
1313 3785 1471 3855 οὐδὲν
1504 3802 1565 3854 τὸ
1595 3793 1781 3872 μέσον·

73 3889 234 3943 Θεοῦ
271 3888 330 3940 δὲ
371 3887 463 3939 καὶ
506 3885 810 3956 ἀνθρώπων
849 3886 948 3955 τῆς
990 3885 1178 3948 οὐσίας
1209 3884 1464 3938 τοσοῦτον
1487 3885 1547 3938 τὸ
1585 3885 1780 3954 μέσον,

72 3981 219 4031 ὅσον
259 3973 558 4040 οὐδὲλόγος
581 3974 927 4044 παραστῆσαι
957 3973 1204 4038 δύναται,
1229 3973 1352 4026 οὐδὲ
1381 3973 1560 4026 ἔννοια
1585 3974 1785 4044 μετρῆ-

77 4084 180 4118 σαι
219 4063 421 4133 χωρεῖ.
457 4061 663 4130 Ὥσπερ
701 4056 796 4112 οὖν
839 4062 868 4113 6
899 4061 1068 4131 πηλὸς
1093 4061 1285 4114 ’έπεται
1314 4064 1438 4123 ταῖς
1487 4061 1644 4130 χερσὶ
1687 4061 1782 4114 τοῦ

74 4150 422 4222 κεραμέως,
455 4142 599 4219 ᾖπερ
631 4147 695 4200 ἂν
720 4149 926 4210 ἐκεῖνος
955 4148 1091 4220 ἐλκῃ
1120 4149 1216 4202 καὶ
1238 4148 1498 4219 περιάγῃ·
1522 4148 1664 4200 οὓτω
1690 4148 1785 4200 καὶ

76 4243 148 4293 σὺ
191 4235 354 4291 κατά
392 4236 480 4287 τὸν
510 4235 679 4304 πηλὸν
715 4235 930 4303 ἄφωνος
964 4234 1075 4299 ἔσο,
1112 4237 1242 4288 ὃταν
1271 4237 1299 4286 6
1322 4235 1454 4297 Θεὸς
1479 4238 1784 4304 οἰκονομεῖν

73 4345 130 4379 τι
166 4323 464 4394 βούληται.
501 4321 634 4373 υύδέ
656 4320 764 4390 γὰρ
790 4321 1196 4390 ἀφαιρούμενος
1223 4321 1321 4392 τὴν
1350 4322 1597 4388 ἐξουσίαν
1626 4323 1785 4393 ἡμῶν

74 4414 191 4483 (μὴ
233 4408 499 4479 γένοιτο),
522 4408 639 4461 οὐδὲ
664 4408 740 4478 τῷ
765 4407 1100 4477 αὐτεξουσίῳ
1153 4409 1574 4479 λυμαινόμενος,
1607 4410 1783 4463 ταῦτα

75 4504 332 4572 εἴρηκεν
364 4500 392 4549 6
422 4498 655 4562 Παῦλος,
689 4498 803 4550 ἀλλ’
855 4499 918 4549 ἐκ
949 4498 1149 4568 πολλῆς
1188 4499 1288 4568 τῆς
1327 4499 1647 4570 περιουσίας
1685 4501 1782 4572 τὴν

72 4587 402 4641 αὐθάδειαν
447 4586 602 4656 ήμῶν
638 4583 1005 4654 ἐπιστομίζων
1027 4602 1038 4614 ·
1086 4587 1135 4637 εί
1180 4585 1237 4638 δέ
1275 4585 1456 4646 δοκεῖ,
1492 4588 1587 4640 καὶ
1623 4587 1783 4640 τοῦτο

75 4675 331 4743 ῐδωμεν.
365 4672 429 4723 Τί
458 4688 588 4724 ποτε
623 4672 731 4742 ἄρα
760 4671 1132 4741 ἐϐουλήθησαν
1159 4675 1359 4726 ἐκεῖνοι
1397 4673 1589 4743 μαθεῖν
1612 4715 1625 4736 ,
1684 4675 1780 4727 καὶ

71 4763 240 4814 οὕτω
267 4757 520 4828 σφοδρῶς
560 4760 757 4821 αὐτοὺς
805 4761 1202 4828 ἐπεστόμισεν;
1239 4757 1349 4832 ἆρα
1391 4763 1580 4814 οὐσίαν
1623 4778 1781 4831 περι-

73 4847 456 4920 ειργάξοντο;
486 4846 771 4916 Οὐδαμῶς·
807 4847 980 4910 οὐδεὶς
1012 4849 1120 4920 γὰρ
1156 4849 1312 4901 τοῦτο
1355 4849 1652 4920 ἐτόλμησεν
1687 4850 1781 4902 οὺ-

71 4941 315 4994 δέποτε.
355 4933 492 4986 ἀλλά
517 4935 579 4987 τὸ
605 4934 785 5004 πολλῷ
810 4935 1048 4994 ἔλαττον,
1079 4937 1389 5007 οἰκονομίας
1423 4937 1648 5007 ἐζήτουν
1687 4937 1779 4990 τοῦ

70 5024 252 5079 Θεοῦ·
274 5017 395 5073 οἷον
431 5020 520 5074 διὰ
556 5021 608 5074 τί
642 5022 670 5072 6
707 5021 853 5074 δεῖνα
890 5022 1196 5085 κολάζεται,
1237 5023 1330 5076 καὶ
1362 5023 1450 5076 διὰ
1491 5023 1542 5074 τί
1573 5026 1600 5075 6
1635 5025 1782 5078 δεῖνα

75 5115 358 5168 ἐλεεῖται·
387 5109 475 5163 διὰ
501 5110 553 5162 τί
586 5111 614 5162 6
639 5110 786 5164 δεῖνα
810 5111 1209 5165 ἀπαλλάττεται
1252 5113 1542 5183 τιμωρίας.
1575 5116 1603 5168 ὀ
1643 5115 1698 5166 δὲ
1725 5115 1782 5167 ἐν

70 5202 293 5263 δεινοῖς
328 5201 480 5250 ἐστι·
529 5199 621 5250 καὶ
672 5200 700 5251 6
747 5199 844 5268 μέν
892 5197 1218 5273 συγγνώμης
1253 5199 1471 5270 ἔτυχεν,
1521 5204 1548 5254 ὁ
1579 5202 1636 5255 δέ
1683 5203 1782 5255 οὐκ

75 5293 274 5358 ἔτυχε.
310 5286 501 5339 Ταῦτα
529 5287 637 5356 γὰρ
670 5289 762 5339 καὶ
793 5288 860 5340 τὰ
891 5286 1114 5340 τοιαῦτα
1145 5287 1387 5358 ἐζήτουν.
1429 5290 1599 5342 Πόθεν
1621 5291 1781 5360 δῆλον

71 5378 255 5431 τοῦτο
276 5391 291 5438 ;
341 5374 436 5426 Ἐκ
460 5372 570 5424 τῶν
595 5374 851 5443 ἀνωτέρω
875 5373 1099 5426 τούτων·
1135 5374 1305 5428 εἰπὼν
1328 5377 1458 5446 γὰρ,
1497 5378 1647 5445 Ἀρα
1667 5375 1781 5434 οὖν

74 5466 154 5519 ὃν
186 5463 362 5518 θέλει
384 5461 575 5526 ἐλεεῖ,
617 5461 692 5514 ὂν
739 5461 807 5514 δὲ
857 5462 1014 5516 θέλει
1055 5465 1405 5531 σκληρύνει.
1455 5466 1640 5533 Ἐρεῖς
1669 5464 1781 5524 οὖν

71 5567 208 5619 μοι·
249 5549 312 5601 Τί
334 5549 421 5601 ἐτι
449 5547 770 5616 μέμφεται;
824 5548 902 5612 τῷ
955 5550 1065 5617 γὰρ
1107 5550 1447 5621 βουλήματι
1477 5555 1661 5610 αὑτοῦ
1693 5557 1778 5621 τίς

149 5689 177 5718 ⁸
205 5683 314 5739 Alii
336 5696 448 5734 cum
480 5682 661 5734 Sa'rilio
685 5685 762 5732 καὶ
782 5684 1113 5742 διερευνᾶσθαι.

1151 274 1236 331 DE
1274 275 1968 337 INCOMI‘REHENSIBILI
2013 286 2121 338 DEI
2163 289 2469 346 NA'I‘URA.
2505 297 2563 349 ιι.

3464 291 3566 350 716

1906 400 2277 469 ἀνθέστηκε;
2304 407 2425 461 τότε
2461 412 2756 480 ἐπήγαγεν,
2806 411 3043 464 Μενοῦν
3081 427 3165 477 γε,
3194 404 3239 464 ὦ
3267 408 3567 476 ἄνθρωπε.

1903 487 1984 539 σὺ
2016 489 2108 555 τίς
2135 487 2194 545 εἷ
2225 497 2258 547 ό
2295 496 2879 568 ἀνταποκρινόμενος
2912 497 2992 563 τῷ
3031 497 3188 563 Θεῷ;
3242 497 3567 566 Οἰκονομίας

1900 576 2076 630 τοίνυν
2103 581 2398 649 ζητοῦντας
2430 586 2884 657 περιεργάζεσθαι
2914 585 3252 656 ἐπιστομίζει
3272 588 3300 638 6
3334 583 3565 648 Παῦλος.

1901 661 2031 718 Εἶτα
2061 668 2289 733 ἐκείνοις
2320 672 2417 740 μὲν
2457 675 2576 728 οὺδέ
2607 674 2778 728 ταῦτα
2810 676 3048 743 ἀφίεται·
3079 676 3142 728 σὺ
3178 675 3233 726 δέ
3264 674 3362 744 τὴν
3390 691 3569 745 μακα-

1901 753 2024 822 ρίαν
2055 756 2242 810 ούσίαν
2267 758 2370 830 τὴν,
2405 761 2582 816 πάντα
2617 762 3005 834 οἰκονομοῦσαν
3035 763 3060 802 1³
3095 760 3595 831 πολυπραγμονῶν,

1899 842 1998 910 οὐχ
2030 841 2137 913 ήγῇ
2186 846 2395 914 μυρίων
2444 847 2591 913 ἄξιος
2644 844 2784 903 εἶναι
2830 847 3118 920 σκηπτῶν;
3165 849 3260 900 καὶ
3301 847 3418 910 πῶς
3467 847 3568 900 οὑκ

1899 925 2132 998 ἐσχάτης
2153 929 2323 984 ταῦτα
2352 934 2582 1003 μανίας;
2617 936 2881 988 Ἀκουσον
2923 934 3018 988 τοῦ
3053 935 3334 1006 προφήτου
3379 934 3566 1003 λέγον-

1896 1029 2008 1076 τος,
2035 1015 2232 1086 μᾶλλον
2259 1019 2315 1072 δὲ
2335 1020 2428 1073 τοῦ
2451 1020 2586 1074 Θεοῦ
2621 1022 2686 1075 δι’
2710 1023 2939 1076 ἐκείνου·
2964 1025 3033 1077 El
3069 1021 3266 1090 πατὴρ
3285 1021 3400 1091 ἐγώ
3423 1024 3595 1090 είμινς·

1897 1103 2015 1157 ποῦ
2044 1105 2217 1160 ἐστιν
2240 1109 2278 1175 η
2301 1107 2450 1174 δόξα
2471 1127 2626 1179 μους
2668 1111 2767 1164 καὶ
2801 1113 2854 1167 ει
2895 1112 3107 1180 Κύριος
3137 1111 3250 1182 ἐγώ
3274 1113 3412 1181 εἰμι,
3445 1109 3593 1185 ποῧῖ

1895 1190 2067 1244 ἐστιν
2096 1196 2129 1246 ό
2161 1195 2345 1262 φόϐος
2367 1213 2529 1266 μου;
2571 1199 2629 1250 '0
2661 1198 2768 1268 γὰρ
2805 1198 3136 1269 φοϐούμενος
3164 1199 3225 1250 οὐ
3261 1198 3564 1269 περιεργά-

1898 1276 2069 1342 ζεται,
2093 1281 2229 1335 ἀλλὰ
2259 1287 2571 1354 προσκυνεῖ,
2608 1286 2668 1339 οὐ
2692 1287 3156 1358 πολυπραγμονεῖ,
3181 1286 3296 1340 ἀλλ’
3326 1287 3566 1356 εὐφημεῖ

1898 1367 1990 1419 καὶ
2019 1368 2248 1433 δοξάζει.
2283 1371 2694 1427 Διδασκέτωσάν
2737 1391 2796 1427 σε
2843 1373 3017 1428 ταῦτα
3048 1375 3142 1426 καὶ
3179 1374 3235 1426 αἱ
3265 1373 3374 1426 ἄνω
3406 1373 3566 1427 δυνά-

1901 1470 2022 1523 μεις
2053 1456 2148 1508 καὶ
2177 1459 2205 1510 6
2230 1458 2498 1529 μακάριος
2527 1460 2756 1524 Παῦλος·
2789 1462 2850 1514 οὐ
2874 1459 2983 1531 γὰρ
3015 1461 3220 1533 ἑτέροις
3251 1461 3349 1531 μὲν
3383 1460 3559 1514 ταῦτα

1897 1541 2232 1614 ἐπιπλήττει,
2255 1547 2416 1610 αὐτὸς
2447 1547 2501 1600 δέ
2527 1549 2622 1618 οὐχ
2659 1547 2800 1601 οὕτω
2829 1548 3114 1602 διάκειται.
3143 1550 3407 1602 Ἀκουσον
3433 1548 3566 1618 γοῦν

1894 1631 1945 1681 τί
1972 1629 2351 1702 Φιλιππησίοις
2403 1635 2567 1705 φησὶ,
2619 1635 2831 1700 δεικνὺς
2875 1636 2956 1688 ὅτι
3006 1636 3240 1706 μερικὴν
3267 1637 3564 1704 ἐπίγνωσιν

1895 1717 2007 1787 ἔχει
2042 1718 2314 1792 (καθάπερ
2357 1723 2449 1776 καὶ
2495 1723 2803 1794 Κορινθίοις
2835 1724 3060 1794 γράφων
3093 1724 3278 1793 ἔλεγεν
3325 1726 3430 1790 ὅτι,
3466 1727 3563 1779 Ἐκ

1890 1804 2111 1874 μέρους
2148 1809 2575 1882 γινώσκομεν),
2607 1812 2701 1865 καὶ
2729 1811 2823 1864 τοῦ
2854 1812 3052 1874 παντὸς
3091 1812 3320 1865 οὐδέπω·
3347 1815 3440 1866 καὶ
3466 1813 3562 1866 νῦν

1895 1894 2255 1964 ἐπείληπται·
2319 1898 2630 1967 Ἀδελφοί,
2680 1898 2794 1968 ἐγὼ
2843 1898 3106 1968 ἐμαυτὸν
3150 1902 3222 1954 οὺ
3261 1899 3564 1970 λογίζομαι

1895 1985 2328 2051 κατειληφέναι.
2371 1987 2437 2039 Τί
2465 1985 2668 2056 ταύτης
2699 1987 3028 2056 σαφέστερον
3057 1988 3157 2056 τῆς
3179 1987 3395 2058 φωνῆς;
3425 1988 3561 2041 Σάλ-

1895 2085 2091 2137 πιγγος
2141 2071 2514 2144 λαμπρότερον
2580 2075 2771 2144 ἐϐόησε
2825 2073 2922 2144 τὴν
2974 2075 3299 2145 οἰκουμένην
3345 2076 3562 2128 ἃπασαν

1894 2158 2162 2212 παιδεύων
2187 2161 2404 2229 ἀγαπᾷν
2434 2163 2524 2214 καὶ
2552 2162 2797 2233 στέργειν
2840 2161 2918 2231 τῷ
2956 2161 3161 2214 δοθέντι
3192 2163 3286 2230 τῆς
3312 2163 3562 2230 γνώσεως

1895 2244 2099 2315 μέτρῳ,
2147 2249 2238 2299 καὶ
2271 2250 2344 2318 μὴ
2391 2249 2632 2318 νομίζειν
2666 2249 2726 2302 τὸ
2764 2252 2870 2302 πᾶν
2922 2249 3273 2318 ἐπειληφέναι
3314 2249 3467 2301 ποτέ.
3496 2250 3563 2302 Τί

1891 2330 2087 2400 λέγεις,
2113 2336 2231 2386 είπέ
2259 2353 2380 2405 μοι;
2411 2337 2501 2389 τὸν
2527 2338 2759 2405 Χριστὸν
2784 2337 2926 2408 ἔχεις
2954 2340 3010 2390 ἐν
3041 2335 3251 2406 σεαυτῷ
3275 2335 3559 2399 λαλοῦντα,

1893 2418 1986 2471 καὶ
2010 2419 2187 2488 λέγεις
2224 2423 2326 2485 ὅτι,
2374 2424 2522 2492 Ἐγὼ
2554 2427 2626 2479 οὺ
2651 2425 2949 2494 λογίζομαι
2987 2423 3248 2493 ἐμαυτὸν
3281 2424 3558 2489 κατειλη-

1891 2507 2065 2575 φέναι
2082 2524 2100 2572 ;
2133 2509 2237 2562 Διά
2253 2511 2360 2582 γὰρ
2389 2513 2523 2565 αὐτὸ
2549 2512 2725 2576 τοῦτο,
2768 2513 2953 2582 φησὶν,
2985 2509 3157 2576 εἷπον,
3186 2511 3269 2564 ὅτί
3299 2511 3390 2564 τὸν
3418 2511 3558 2581 Χρι-

1893 2595 2016 2648 στὸν
2045 2595 2152 2666 έχω
2171 2598 2228 2650 ἐν
2254 2599 2475 2670 ἐμαυτῷ
2508 2600 2790 2653 λαλοῦντα·
2818 2600 2978 2663 αὑτός
3004 2617 3069 2670 με
3092 2599 3264 2652 ταῦτα
3298 2597 3556 2661 ἐδίδαξεν.

1895 2683 2054 2736 Ὥστε
2086 2685 2180 2736 καὶ
2207 2679 2373 2746 οὗτοι,
2411 2689 2459 2740 εί
2489 2687 2563 2758 μὴ
2595 2689 2871 2750 παντελῶς
2905 2687 3102 2757 ἔρημοι
3136 2687 3233 2756 τῆς
3265 2685 3360 2738 τοῦ
3385 2685 3560 2739 Πνεύ-

1893 2786 2060 2839 ματος
2083 2767 2222 2843 ἦσαν
2249 2775 2519 2844 βοηθείας,
2545 2777 2639 2829 καὶ
2661 2777 2758 2846 τὴν
2788 2777 3067 2847 ἐνέργειαν
3097 2774 3260 2828 αὑτοῦ
3292 2776 3472 2826 πᾶσαν
3497 2777 3561 2828 ἐκ

1886 2856 1987 2926 τῆς
2021 2859 2229 2912 ἐαυτῶν
2250 2859 2536 2915 ἀπώσαντο
2562 2863 2760 2932 ψυχῆς,
2809 2863 2909 2915 οὐκ
2936 2862 3022 2923 ἂν,
3049 2860 3262 2914 Παύλου
3287 2860 3555 2927 λέγοντος,

1892 2947 1973 2997 Οὐ
1997 2944 2297 3015 λογίζομαι
2318 2949 2578 3016 ἐμαυτὸν
2600 2949 3043 3018 κατειληφέναι,
3065 2949 3216 3001 αὐτοὶ
3238 2947 3330 3001 τοῦ
3356 2947 3554 3010 παντὸς

1886 3033 2205 3102 ἐπειλῆφθαι
2233 3035 2508 3105 ἐνόμισαν.

1960 3119 2109 3192 [460]
2127 3128 2195 3186 ς’.
2216 3123 2324 3175 Καὶ
2338 3124 2500 3177 πόθεν
2514 3124 2688 3193 δῆλον,
2709 3143 2780 3195 φη
2790 3125 2891 3187 σ’ίν,
2905 3125 2985 3178 ὃτι
3000 3142 3065 3176 πε
3073 3124 3127 3194 ρὶ
3144 3123 3377 3185 πίστεως
3388 3121 3556 3175 ταῦτα

1887 3207 2032 3276 λέγει
2067 3209 2160 3262 καὶ
2191 3211 2442 3278 γνώσεως
2472 3214 2565 3265 καὶ
2589 3213 2894 3282 δογμάτων,
2919 3214 3013 3266 καὶ
3032 3215 3152 3283 οὐχὶ
3176 3230 3243 3264 πε
3253 3213 3304 3283 pl
3326 3212 3440 3281 βίου
3463 3211 3557 3264 καὶ

1887 3296 2181 3359 πολιτείας·
2200 3298 2280 3350 ὅτι
2302 3298 2464 3368 ἀτελῆ
2488 3299 2721 3368 ἐμαυτὸν
2746 3301 2948 3371 νομίζω
2967 3302 3022 3352 ἐν
3050 3299 3147 3369 βίῳ
3172 3300 3265 3352 καὶ
3288 3298 3554 3368 πολιτείας

1885 3385 2137 3439 Μάλιστα
2157 3385 2254 3456 μὲν
2269 3381 2362 3439 οὗν
2385 3385 2542 3439 τοῦτο
2558 3387 2713 3456 δῆλον
2735 3389 2990 3458 ἐποίησεν
3013 3387 3200 3440 εἰπών·
3227 3386 3337 3440 Τὸν
3352 3385 3557 3454 ἀγῶνα

1885 3469 1994 3523 τὸν
2034 3472 2226 3525 καλὸν
2267 3471 2628 3543 ἠγώνισμαι,
2672 3475 2779 3526 τὸν
2831 3475 3055 3543 δρόμον
3088 3474 3400 3536 τετέλεκα,
3442 3471 3558 3539 τὴν

1886 3559 2094 3612 πίστιν
2107 3560 2404 3628 τετήρηκα
2423 3577 2436 3592 '
2458 3561 2673 3616 λοιπὸν
2696 3562 3002 3615 ἀπόκειταί
3026 3581 3126 3631 μοι
3143 3565 3176 3615 ό
3205 3561 3314 3629 τῆς
3335 3559 3556 3613 δικαιο-

1885 3647 2084 3713 σύνης
2127 3649 2448 3716 στέφανος.
2500 3648 2556 3701 ’0
2620 3649 2676 3702 δὲ
2719 3651 2808 3701 τὸν
2856 3651 3122 3718 στέφανον
3181 3648 3392 3718 μέλλων
3419 3649 3556 3700 ἀπο-

1885 3734 2202 3806 λαμϐάνειν,
2235 3737 2328 3789 καὶ
2366 3737 2456 3790 τὸν
2490 3737 2686 3806 δρόμον
2723 3737 2976 3800 τελέσας,
3007 3737 3106 3789 οὐκ
3135 3735 3200 3789 ἂν
3229 3732 3412 3798 εἶπεν,
3467 3738 3550 3788 Οὐ

1884 3822 2184 3893 λογίζομαι
2241 3824 2502 3892 ἐμαυτὸν
2578 3827 3015 3893 κατειληφέναι.
3084 3824 3290 3886 ’Ἄλλως
3359 3824 3415 3876 δὲ
3478 3825 3548 3877 τὰ

1886 3912 2164 3981 πρακτέα,
2201 3913 2295 3964 καὶ
2335 3912 2405 3964 τὰ
2445 3911 2518 3982 μὴ
2558 3913 2838 3981 πρακτέα,
2881 3913 3052 3965 οὐδενὶ
3099 3912 3206 3964 τῶν
3245 3911 3548 3982 ἀνθρώπων

1884 3997 2032 4049 ἐστὶν
2061 4007 2081 4033 π
2115 3997 2329 4067 ἀφανῆ,
2358 3998 2494 4050 ἀλλά
2523 4001 2652 4050 πᾶσι
2686 3999 2818 4068 δῆλα
2852 4001 2946 4052 καὶ
2987 3997 3258 4068 γνώριμα,
3285 3999 3376 4050 καὶ
3415 3998 3546 4068 βαρ-

1885 4081 2072 4152 ϐάροις
2111 4082 2206 4135 καὶ
2229 4083 2463 4152 Πέρσαις
2490 4085 2583 4136 καὶ
2616 4085 2779 4137 παντὶ
2814 4084 2892 4153 τῷ
2921 4085 3029 4137 τῶν
3055 4083 3357 4154 ἀνθρώπων
3384 4084 3550 4150 γένει.

1885 4167 2002 4221 ’Ὶνα
2027 4169 2084 4221 δὲ
2106 4169 2200 4222 καὶ
2232 4169 2561 4240 σαφέστερον
2591 4171 2618 4223 ὃ
2643 4171 2788 4238 λέγω
2819 4171 3028 4240 ποίησω
3047 4212 3060 4236 ,
3110 4172 3277 4242 αὐτῆς
3309 4170 3555 4238 ἀναγνώ‹

1887 4273 2050 4325 σομαι
2071 4257 2172 4326 τῆς
2206 4258 2511 4328 περικοπῆς
2541 4259 2890 4312 ἀκολουθίαν·
2923 4259 3091 4312 εἰπὼν
3121 4260 3250 4330 γὰρ,
3291 4261 3554 4313 Βλέπετε

1883 4342 2026 4407 τοὺς
2081 4345 2287 4410 κύνας,
2334 4345 2597 4408 βλέπετε
2659 4347 2797 4412 τοὺς
2857 4347 3082 4412 κακοὺς
3122 4346 3403 4415 ἐργάτας,
3454 4347 3554 4398 καὶ

1885 4429 2054 4482 πολλὰ
2081 4430 2380 4502 διαλεχθεὶς
2416 4434 2544 4503 περὶ
2590 4435 2697 4487 τῶν
2737 4435 3068 4502 εἰσαγόντων
3116 4435 3377 4488 Ἰουδαϊκά
3426 4435 3552 4502 δόγ-

1887 4534 2030 4587 ματα
2055 4519 2296 4590 ἀκαίρως
2315 4517 2362 4583 ἀ,
2393 4523 2640 4592 ἐπήγαγε
2669 4522 2841 4589 λέγων
2857 4539 2868 4550 ·
2893 4523 3101 4575 "Aura
3127 4518 3202 4589 ἦν
3217 4539 3318 4590 μοι
3347 4521 3548 4589 κέρδη,

1883 4606 2068 4659 ταῦτα
2098 4606 2318 4675 ἥγημαι
2341 4609 2438 4662 διὰ
2467 4611 2571 4662 τὸν
2591 4609 2846 4677 Χριστὸν
2866 4609 3099 4678 ζημίαν·
3124 4610 3282 4662 ἀλλὰ
3303 4609 3421 4678 μὲν
3441 4607 3555 4662 οὖν

1883 4708 1950 4760 γε
1993 4694 2089 4746 καὶ
2131 4695 2432 4763 ἡγήσομαι
2473 4696 2544 4749 τὰ
2582 4695 2776 4749 πάντα
2814 4696 3043 4764 ζημίαν,
3078 4696 3176 4748 ἵνα
3213 4695 3431 4764 εὑρεθῶ
3464 4695 3550 4764 μὴ

1882 4778 2040 4846 ἔχων
2071 4780 2464 4850 δικαιοσύνην
2488 4781 2604 4850 τὴν
2622 4783 2690 4835 ἐκ
2725 4784 2932 4850 νόμου,
2960 4783 3118 4836 ἀλλὰ
3151 4781 3265 4850 τὴν
3299 4782 3367 4834 ἐκ
3403 4781 3553 4835 Θεοῦ

1882 4866 2294 4936 δικαιοσύνην,
2330 4869 2444 4936 τὴν
2480 4868 2579 4922 διὰ
2606 4868 2715 4939 τῆς
2747 4871 3002 4936 πίστεως
3031 4871 3236 4937 Ἰησοῦ
3271 4870 3547 4938 Χριστοῦ.

1886 4951 2016 5007 Εἶτα
2049 4955 2194 5024 λέγει
2231 4956 2389 5019 ποίας
2420 4957 2674 5022 πίστεως,
2714 4958 2822 5012 Τοῦ
2849 4957 3067 5027 γνῶναι
3092 4959 3280 5012 αὐτὸν
3308 4959 3403 5011 καί
3439 4959 3553 5026 τὴν

1883 5042 2139 5111 δύναμιν
2187 5042 2300 5111 τῆς
2350 5043 2739 5110 ἀναστάσεως
2787 5045 2970 5100 αὑτοῦ
3033 5047 3128 5100 καὶ
3184 5046 3300 5113 τὴν
3344 5064 3549 5100 κοινω-

1881 5130 2020 5182 νιάν
2051 5129 2170 5184 τῶν
2197 5131 2561 5201 παθημάτων
2594 5131 2802 5188 αὐτοῦ.
2836 5132 2901 5184 Τί
2943 5135 3088 5197 ἐστι,
3135 5135 3397 5204 δύναμιν
3439 5135 3550 5203 τῆς

1881 5216 2274 5286 ἀναστάσεως
2318 5221 2541 5284 αὺτοῦ;
2583 5221 2782 5284 Καινός
2820 5239 2924 5285 τις,
2970 5222 3165 5292 φησὶν,
3203 5224 3551 5287 ἀναστάσεως

1888 5377 1900 5390 ⁸
1943 5314 2222 5388 {Quinque
2255 5323 2372 5370 mss.
2395 5323 2479 5381 τὴν
2498 5320 2648 5370 ταῦτα
2679 5321 3038 5384 οἱκονομοῦσαν.
3068 5324 3223 5374 Paulo
3251 5329 3370 5372 ante
3391 5325 3546 5372 Savil.

1882 5393 2075 5427 εσειται.

1941 5395 2075 5427 ειται.

1907 5395 1967 5510 φίξ
1995 5439 2145 5510 [ijeLn
2166 5442 2260 5510 τῷν
2281 5445 2819 5510 ἀνθρώπων,’ἄνθρωπε,
2842 5446 2985 5510 ἐστίν.

1943 5499 1968 5538 (ι
1995 5501 2075 5550 Sic
2101 5502 2248 5567 βαι-Η.
2295 5499 2593 5553 ριἰηιιχὶιῂιι
2620 5499 2730 5567 pzirs
2779 5499 2892 5554 diss.
2935 5508 2984 5555 In
3029 5507 3200 5555 Morel.
3228 5520 3347 5556 vero
3389 5507 3548 5554 εὐκατ-

1880 5578 1994 5629 ρως,
2023 5566 2293 5625 anteposita
2319 5568 2521 5629 virgula.
2550 5566 2656 5614 Μοχ
2683 5570 2728 5614 in
2755 5569 2922 5616 Morel.
2952 5569 3171 5628 quaedam
3196 5571 3548 5629 deet-antqua!

1881 5636 1938 5692 (fx
1966 5627 2075 5692 δον.
2091 5633 2144 5672 ει
2171 5628 2461 5692 ωδε.ςιαάἱιε
2483 5635 2613 5692 qum.
2634 5629 2784 5679 Paulo
2801 5636 2909 5691 post
2933 5627 3041 5679 Silv.
3057 5637 3109 5680 el
3127 5631 3323 5692 quidam
3337 5627 3548 5689 mssfzi;

1886 5683 2188 5743 ἀναστάσεως
2220 5688 2400 5750 ἐδείχθη
2432 5689 2616 5758 τρόπος.
