3854 6222
281 254 387 310 717

271 374 486 446 ἐδείχθη
525 372 714 438 τύπος.
742 372 935 428 Πολλοὶ
972 371 1072 443 μὲν
1101 369 1210 440 γάρ
1239 369 1334 422 xui
1367 365 1472 436 πρὸ
1498 363 1709 417 ἐκείνου
1744 359 1943 413 πολλά⁹

272 483 359 530 κις
386 445 698 534 ἀνέστησαν
725 463 930 533 νεκροὶ,
961 459 1103 513 οῦτω
1125 457 1182 511 δὲ
1210 455 1332 509 ούδέ
1361 448 1460 516 εἷς.
1485 452 1549 505 Οἱ
1585 450 1682 521 μέν
1711 447 1822 519 γὰρ
1850 445 1944 500 άλ-

276 554 346 605 λη
398 554 602 616 πάντες
630 552 962 612 ἀναστάντες
991 546 1153 602 πάλιν
1194 546 1275 607 εἰς
1322 542 1421 613 τὴν
1445 541 1549 611 γῆν
1586 538 1946 608 ὑπέστρεφον,

278 642 371 694 xui
390 642 526 712 πρὸς
553 640 744 712 καιρὸν
766 634 1233 704 ἀπαλλαττόμενοι
1256 632 1357 700 τῆς
1381 628 1476 682 τοῦ
1503 626 1734 682 Θανάτου
1760 641 1946 712 τυραν⁸

279 711 445 793 νίδος,
482 728 588 782 ὑπὸ
625 727 724 797 τὴν
748 725 928 797 »ἀρχὴν
965 722 1126 778 πάλιν
1160 722 1358 791 ῆγοντο
1397 717 1496 787 τὴν
1530 713 1760 768 ἐκείνου·
1803 712 1866 764 τὸ
1893 711 1950 765 δὲ

283 816 442 887 σῶμα
472 816 533 869 τὸ
564 814 883 871 δεσποτικὸν
916 810 1155 866 ἀναστὰν
1192 807 1293 861 οὐκ
1322 808 1401 869 εἰς
1428 803 1527 875 τὴν
1554 801 1656 873 γῆν
1685 799 1951 887 ὑπέστρεῖ

280 885 402 972 ψεν.
426 902 538 957 ἀλλ’
565 902 645 965 είς
664 902 791 964 τοὺς
815 900 1079 971 οὐρανοὺς
1100 895 1291 966 ἀνέϐη,
1316 893 1408 947 xui
1440 892 1617 943 πᾶσαν
1636 886 1730 941 τοῦ
1753 885 1950 958 ἐχθροῦ

283 988 547 1044 κατέλυσε
580 988 679 1060 τὴν
720 986 1031 1060 τυραννίδα,
1061 985 1156 1038 xui
1188 982 1306 1054 μεθ’
1329 977 1522 1034 ἐαυτοῦ
1569 977 1668 1047 τὴν
1698 972 1954 1043 οἰκουμέ-

283 1092 382 1146 νην
403 1075 798 1145 συνανέστησεν
827 1074 1044 1128 άπασαν
1074 1069 1168 1126 xui.
1201 1067 1295 1123 νῦν
1322 1069 1379 1119 ἐν
1411 1065 1487 1136 τῷ
1510 1064 1685 1135 θρόνῳ
1715 1060 1952 1130 κάθηται

282 1164 362 1236 τῷ
386 1163 666 1237 βασιλικῷ.
695 1163 862 1218 Ταῦτ’
885 1158 977 1217 οῦν
999 1161 1214 1217 ἅπαντα
1235 1156 1429 1212 ἐννοῶν
1447 1156 1476 1208 6
1498 1152 1710 1214 Παῦλος
1730 1148 1825 1204 xui
1847 1148 1954 1237 δει-

287 1234 440 1315 κνὺς,
471 1253 553 1305 ὅτι
592 1234 661 1307 τὰ
689 1249 924 1305 τοσαῦτα
954 1249 1049 1303 xui
1075 1243 1377 1317 τηλικαῦτα
1411 1239 1667 1311 θαύματα
1692 1234 1954 1304 λογισμὸς

290 1340 389 1411 μὲν
411 1338 587 1403 οὐδεὶς
610 1338 958 1410 παραστῆσαι
987 1336 1292 1408 δυνήσεται,
1326 1332 1507 1393 πίστις
1537 1329 1595 1382 δὲ
1631 1326 1763 1396 μόνη
1792 1323 1953 1377 δύνα-

286 1440 377 1481 ται
410 1427 617 1493 διδάξαι
655 1427 750 1482 καὶ
792 1426 1015 1497 ποιῆσαι
1045 1422 1215 1493 σαφῆ,
1251 1421 1454 1488 ἔλεγεν,
1498 1415 1625 1469 Ἐπὶ
1651 1412 1727 1482 τῇ
1757 1411 1955 1466 πίστει

289 1516 396 1570 τοῦ
425 1516 646 1585 γνῶναι
674 1516 790 1583 τὴν
810 1514 1066 1583 δύναμιν
1092 1510 1203 1579 τῆς
1226 1504 1621 1569 ἀναστάσεως
1649 1500 1859 1556 αὑτοῦ.
1891 1500 1955 1553 Ei

288 1604 400 1676 γὰρ
430 1604 618 1668 ἁπλῶς
652 1605 947 1659 ἀνάστασιν
976 1602 1038 1655 οὐ
1070 1598 1292 1653 δύναται
1323 1594 1671 1667 παραστῆσαι
1697 1589 1958 1676 λόγισμός

291 1674 502 1762 (μεῖζον
526 1691 634 1763 γάρ
660 1690 816 1745 τοῦτο
842 1690 942 1759 τῆς
967 1684 1311 1758 ἀνθρωπίνης
1336 1683 1572 1753 φύσεως,
1604 1679 1697 1732 xui
1722 1675 1824 1746 τῆς
1849 1674 1957 1729 τῶν

292 1780 631 1851 πραγμάτων
662 1775 981 1839 ἀκολουθίας
1023 1772 1181 1842 ἐστί),
1217 1772 1316 1842 τὴν
1349 1768 1599 1823 τοσοῦτον
1638 1764 1748 1819 τῶν
1785 1763 1958 1820 ἀλλων

290 1868 639 1925 ἀναστάσεων
691 1867 1050 1939 διαφέρουσαν
1107 1862 1407 1917 ἀνάστασιν
1462 1858 1616 1921 ποῖος
1668 1855 1959 1924 δυνήσεται

293 1956 643 2028 παραστῆσαι
671 1955 961 2025 λογισμός;
996 1952 1111 2006 Οὐκ
1150 1949 1299 2003 ἐστιν
1322 1945 1516 2010 οὐδείς·
1557 1942 1695 1998 ἀλλὰ
1727 1942 1962 2005 πίστεως

293 2044 424 2116 ἡμῖν
455 2044 537 2098 δεῖ
559 2045 746 2115 μόνης,
836 2041 1121 2113 μέλλοιμεν
1145 2047 1170 2073 ⁸
1197 2036 1502 2097 πείθεσθαι,
1533 2035 1616 2088 ὅτι
1648 2032 1806 2103 σῶμα
1835 2029 1963 2100 θνη-

291 2131 386 2185 τὸν
441 2133 537 2185 xui
587 2132 807 2200 ἀνέστη,
841 2130 936 2183 xui
977 2130 1057 2191 είς
1087 2126 1233 2198 ζωὴν
1263 2120 1426 2196 ἦλθεν
1468 2121 1756 2183 ἀθάνατον,
1787 2117 1963 2187 πέρας

292 2218 445 2272 οὐδὲν
471 2219 591 2272 οὐδὲ
616 2218 767 2281 τέλος
795 2216 1044 2287 ἔχουσαν·
1078 2215 1214 2285 ὅπερ
1247 2208 1340 2266 οῦν
1371 2209 1464 2264 xui
1495 2206 1729 2278 ἀλλαχοῦ
1758 2203 1961 2275 σημαί-

290 2324 401 2361 νων
427 2305 631 2375 ἐλεγεν·
674 2306 728 2358 '0
761 2304 1015 2373 Χριστὸς
1045 2300 1304 2371 ἐγερθεὶς
1332 2296 1531 2352 οὐκέτι
1559 2292 1959 2358 ἀποθνήσκει,

295 2395 551 2460 θάνατος
577 2393 763 2447 αὐτοῦ
786 2392 985 2447 οὐκέτι
1017 2390 1293 2457 κυριεύει.
1320 2389 1479 2440 ’Ὥστε
1507 2381 1726 2439 διπλοῦν
1752 2381 1814 2435 τὸ
1841 2379 1967 2434 θαῦ-

298 2498 397 2553 μα,
429 2480 524 2535 xui
550 2480 614 2534 τὸ
639 2480 955 2549 ἀναστῆναι,
989 2478 1083 2530 xui
1108 2476 1169 2530 τὸ
1187 2475 1358 2539 οὕτως
1383 2472 1697 2542 ἀναστῆναι.
1727 2467 1825 2523 Διά
1849 2465 1967 2522 τοῦ-

294 2586 359 2624 το
389 2568 595 2637 ἔλεγεν,
643 2566 773 2621 Ἑπί
808 2565 884 2635 τῇ
925 2567 1126 2619 πίστει
1168 2563 1273 2617 τοῦ
1302 2560 1529 2631 γνῶναι
1565 2558 1681 2627 τὴν
1708 2556 1967 2625 δύναμιν

294 2654 408 2723 τῆς
428 2654 819 2720 ἀναστάσεως
842 2653 1048 2707 αὐτοῦ.
1080 2653 1144 2707 Ei
1182 2651 1240 2705 δέ
1267 2651 1368 2721 τὴν
1395 2647 1689 2702 ἀνάστασιν
1718 2645 1779 2699 ού
1808 2644 1966 2697 δυνα-

294 2744 390 2798 τὸν
430 2744 709 2814 λογισμοῖς
747 2743 948 2813 εὑρεῖν,
1002 2741 1153 2811 πόσῳ
1188 2738 1386 2810 μᾶλλον
1429 2736 1528 2807 τὴν
1574 2734 1829 2805 γέννησιν
1865 2730 1965 2803 τὴν

297 2832 441 2898 dum;
477 2832 611 2902 Περί
653 2832 711 2886 δὲ
751 2831 956 2885 τούτων
991 2829 1373 2899 διαλεγόμενος
1400 2829 1429 2881 6
1460 2824 1672 2888 Παῦλος
1702 2824 1796 2878 xui
1837 2824 1968 2894 περὶ

296 2919 394 2975 τοῦ
421 2918 654 2990 σταυροῦ
688 2920 780 2973 xui
810 2919 904 2973 τοῦ
935 2918 1140 2992 πάθους
1171 2917 1365 2987 λέγων,
1400 2917 1626 2970 κάκεῖνα
1654 2915 1720 2983 τῇ
1751 2912 1851 2980 τῆς
1878 2909 1967 2964 πί-

300 3025 471 3072 στεως
507 3008 771 3079 ἐπέτρεψε
806 3008 1053 3078 δυνάμει·
1092 3003 1209 3059 εἶτα
1249 3005 1438 3058 τοῦτον
1483 3004 1701 3058 ἅπαντα
1739 3002 1968 3069 κινήσας

298 3096 388 3151 τὸν
414 3096 588 3167 λόγον,
617 3096 770 3169 [461]
796 3095 996 3168 προῖὼν
1027 3091 1200 3158 εἶπεν,
1253 3089 1539 3160 Ἀδελφοί,
1566 3089 1681 3158 ἐγὼ
1708 3087 1971 3157 ἐμαυτὸν

299 3188 371 3239 οὐ
400 3186 705 3255 λογίζομαι
729 3183 1173 3253 κατειληφέναι.
1198 3183 1313 3235 Ούκ
1334 3174 1506 3241 εἶπεν,
1551 3175 1693 3244 Ἐγὼ
1730 3174 1967 3245 ἐμαυτὸν

298 3274 360 3327 οῦ
390 3275 672 3345 λογίζομαι
697 3273 917 3332 εἰδέναι.
948 3272 1084 3325 ἀλλὰ
1110 3267 1550 3336 κατειληφέναι·
1578 3265 1701 3318 οὔτε
1732 3261 1968 3331 παντελῆ

301 3362 545 3431 ἄγνοιαν,
580 3361 704 3414 οὔτε
739 3359 977 3428 παντελῆ
1003 3358 1203 3427 γνῶσιν
1246 3354 1628 3427 ἐμαρτύρησεν
1661 3350 1861 3420 ἐαυτῷ.
1897 3349 1972 3402 Τὸ

284 3449 411 3520 -γάρ
450 3451 644 3513 εἰπεῖν,
692 3450 776 3502 Οὐ
827 3446 1129 3515 λογίζομαι
1185 3442 1630 3511 κατειληφέναι.
1687 3437 1973 3507 δηλοῦντός

302 3537 472 3603 ἐστιν,
520 3537 600 3589 ὅτι
651 3536 744 3588 ἐπὶ
789 3534 886 3605 τῆς
919 3533 1039 3587 ὁδοῦ
1069 3534 1203 3594 τέως
1232 3531 1450 3600 ἕστηκε,
1491 3528 1586 3583 xui.
1617 3526 1842 3596 βαδίζει,
1879 3525 1973 3578 xui

304 3626 516 3696 πρόεισι
551 3624 878 3693 περαιτέρω,
908 3622 1001 3675 τοῦ
1044 3622 1100 3674 δὲ
1129 3620 1315 3681 τέλους
1356 3618 1573 3678 πάντως
1628 3616 1729 3668 ούκ
1759 3613 1974 3683 ἐπείλη-

304 3732 457 3769 πται.
493 3714 661 3767 Τοῦτο
705 3713 798 3765 xui
842 3711 1047 3778 ἑτέροις
1086 3709 1340 3777 παραινεῖ
1357 3706 1529 3772 λέγων
1562 3703 1753 3766 οὓτως·
1798 3701 1973 3753 ’Ὅσοι

303 3804 539 3863 τέλειοι,
568 3802 742 3854 τοῦτο
767 3797 1094 3868 φρονῶμεν·
1122 3796 1219 3850 καὶ
1241 3796 1297 3849 ετ
1323 3813 1375 3848 τι
1403 3793 1659 3861 ἐτέρωςι)
1679 3790 1971 3860 φρονεῖτε,

305 3891 483 3943 τοῦτο
524 3894 557 3945 ὀ
605 3889 750 3955 Θεὸς
788 3887 930 3955 ὑμῖν
960 3886 1360 3952 ἀποκαλύψει.
1395 3882 1470 3935 Οὐ
1504 3879 1783 3950 λογισμὸς,
1828 3873 1972 3941 εἶπε,

302 3978 525 4044 διδάξει,
557 3979 673 4032 ἀλλ’
701 3980 729 4030 ὁ
749 3977 881 4040 Θεὸς
912 3974 1277 4043 ἀποκαλύψει.
1312 3973 1477 4044 Ὁρᾷς
1502 3975 1583 4026 ὅτι
1605 3971 1666 4024 ού
1700 3969 1827 4039 περὶ
1857 3967 1973 4038 βίου

306 4068 402 4122 xui
434 4066 706 4128 πολιτείας
735 4065 880 4118 ἐστὶν
923 4065 952 4116 6
989 4063 1166 4130 λόγος,
1210 4060 1347 4114 ἀλλά
1380 4058 1510 4129 περὶ
1541 4056 1826 4126 δογμάτων
1881 4054 1976 4107 xui

306 4156 542 4218 πίστεως
568 4171 582 4216 ;
612 4152 861 4205 Πολιτεία
891 4151 1001 4220 γάρ
1033 4150 1126 4202 xui
1160 4149 1270 4218 βίος
1298 4148 1399 4200 οὐκ
1434 4143 1829 4212 ἀποκαλύψεως
1870 4141 1977 4194 δεῖ-

304 4259 418 4305 ται,
453 4240 589 4294 ἀλλὰ
620 4240 863 4307 δόγματα
892 4239 984 4290 xui
1021 4236 1239 4304 γνῶσις.
1275 4234 1385 4288 Kui
1419 4233 1646 4303 ἑτέρωθι
1674 4232 1730 4284 δέ
1757 4231 1818 4283 τὸ
1845 4228 1978 4282 αὐτὸ

305 4329 466 4382 τοῦτο
502 4327 675 4397 δηλῶν
719 4326 921 4391 ἔλεγεν·
954 4323 1028 4378 ΕΖ
1059 4341 1151 4387 τις
1176 4321 1347 4375 δοκεῖ
1378 4318 1598 4373 εἰδέναι
1636 4335 1709 4377 τι,
1743 4316 1978 4371 οὐδέπω

306 4415 488 4470 οὐδὲν
507 4415 782 4483 ἔγνωκεν.
815 4413 927 4466 Οὐκ
954 4406 1103 4463 εἶπεν
1130 4408 1333 4471 ἁπλῶς,
1369 4407 1533 4460 Οὐδὲν
1557 4405 1813 4473 ἔγνωκεν,
1842 4403 1978 4458 ἀλλὰ

309 4501 491 4565 καθὼς
519 4501 598 4553 δεῖ
626 4499 850 4569 γνῶναι·
884 4498 996 4569 ἔχει
1035 4499 1135 4568 μὲν
1166 4495 1274 4567 γὰρ
1301 4495 1522 4561 γνῶσιν,
1562 4494 1663 4547 οὐκ
1691 4492 1891 4564 ἀκριϐῆ
1920 4491 1979 4544 δὲ

309 4589 406 4643 xui
431 4586 869 4659 ἀπηρτισμένην.

380 4678 447 4744 ζ’.
474 4680 579 4733 Καὶ
606 4679 691 4731 ἴνα
729 4676 927 4748 μάθῃς,
957 4674 1039 4727 ὃτι
1064 4671 1221 4726 τοῦτό
1247 4673 1394 4724 ἐστιν
1419 4669 1635 4739 ἀληθὲς,
1667 4668 1830 4740 μηδὲν
1854 4668 1980 4738 περὶ

308 4767 419 4820 τῶν
457 4766 570 4820 ἄνω
608 4763 997 4834 διαλεχθῶμεν,
1039 4759 1177 4834 ἀλλ’,
1212 4761 1260 4813 εἰ
1297 4757 1496 4829 βούλει,
1534 4758 1684 4811 κάτω
1715 4756 1852 4826 πρὸς
1879 4754 1979 4825 τὴν

308 4853 595 4924 ὁρωμένην
628 4850 805 4905 κτίσιν
836 4851 927 4903 τὸν
957 4848 1113 4916 λόγον
1139 4847 1453 4916 ἀγάγωμεν.
1482 4845 1595 4915 Οὐχ
1615 4844 1748 4914 ὁρᾷς
1770 4842 1981 4895 τουτονί

307 4940 401 4994 τόν
434 4939 696 5010 ούρανόν;
733 4939 814 4991 ὅτι
853 4937 949 5008 μὲν
991 4935 1247 5007 καμάρας
1287 4933 1470 4987 εἰκόνα
1503 4932 1755 4994 διασώζει
1794 4932 1977 4999 ἴσμεν,

308 5029 405 5082 xui
430 5026 590 5080 τοῦτο
623 5026 752 5079 αὐτὸ
792 5026 891 5078 οὐκ
928 5023 1035 5076 ἀπὸ
1078 5021 1375 5091 λογισμῶν,
1410 5020 1523 5073 ἀλλ’
1556 5019 1666 5072 ἀπὸ
1698 5018 1798 5090 τῆς
1831 5018 1983 5081 θείας

309 5114 535 5186 Γραφῆς
559 5112 841 5184 μαθόντες·
876 5111 972 5165 xui
991 5111 1073 5164 ὅτι
1099 5111 1277 5163 πᾶσαν
1308 5105 1705 5178 περιλαμϐάνει
1730 5106 1828 5177 τὴν
1854 5106 1979 5176 γῆν,

309 5202 408 5258 xui
439 5201 597 5255 τοῦτο
632 5199 811 5270 ῐσμεν,
857 5199 1058 5269 ὁμοίως
1099 5198 1228 5265 παρ’
1255 5196 1471 5262 ἐκείνης
1506 5193 1858 5257 ἀκούσαντες·
1900 5193 1983 5258 τίς

309 5289 370 5344 δέ
399 5287 497 5359 τὴν
528 5286 715 5340 οὐσίαν
745 5295 767 5324 ο
794 5285 941 5337 ἐστὶν
964 5283 1284 5352 ἀγνοοῦμεν.
1311 5282 1373 5334 Εἰ
1409 5281 1464 5334 δέ
1492 5298 1575 5345 τις
1603 5280 1985 5352 διισχυρίζοιτο

307 5377 408 5432 xui
434 5374 784 5445 φιλονεικοίη,
819 5372 1025 5441 λεγέτω
1061 5372 1115 5424 τί
1146 5370 1243 5441 τὴν
1275 5370 1463 5423 οὐσίαν
1493 5369 1639 5423 ἐστὶν
1674 5371 1703 5423 ὁ
1734 5368 1980 5441 οὐρανός·

312 5463 424 5539 ἆρα
462 5463 797 5538 κρύσταλλος
826 5460 1124 5534 πεπηγώς;
1172 5458 1282 5531 ἆρα
1325 5459 1486 5527 νέφος
1516 5458 1983 5530 πεπυκνωμένον;

374 5601 394 5666 ξ
423 5601 518 5653 Alii
539 5603 569 5665 ᾗ
593 5603 860 5666 μέλλοιμεν,
895 5600 978 5651 alii
1002 5600 1042 5648 εἰ
1071 5599 1337 5661 μέλλοιμεν.

375 5662 405 5702 δ
431 5665 524 5713 Aiii
550 5662 652 5712 εἷ’τι
673 5662 843 5725 ἕτερον.

343 5788 355 5797 .
380 5726 521 5795 ⁸³3ὶίἱὶ
549 5726 616 5781 τίς
640 5727 690 5774 δὲ
794 5724 951 5787 οὐσίᾳ.
1000 5724 1124 5772 Inira
1155 5728 1254 5771 (res
1281 5732 1395 5769 mss.
1432 5720 1485 5767 ἂν
1531 5720 1628 5783 ἔχοι
1666 5721 1808 5780 σαφὲς
1852 5721 1983 5769 οὐδὲν

320 5802 483 5836 ιιπειν.
556 5817 569 5828 ι

1070 252 1127 308 S.
1170 248 1456 307 JOANNiS
1493 237 1988 301 ClltlYSOSTOill
2030 231 2351 292 ABCIIIEP.
2386 230 2940 290 CONSTANTIXOP.

2050 352 2160 426 ἄρα
2188 355 2297 426 ἀὴρ
2328 351 2668 423 παχύτερος;
2709 348 2850 402 Ἀλλ’
2874 346 3049 410 οὐδείς
3076 345 3142 399 ἂν
3175 342 3286 414 ἔχοι
3321 341 3517 410 σαφῶς
3541 342 3739 394 εἰπεῖν·

2052 442 2173 497 Ἔτι
2205 437 2297 495 οῦν
2331 439 2679 505 ἀποδείξεως,
2717 436 2838 490 εἰπέ
2885 453 2995 506 μοι,
3035 433 3212 486 δεῖσθε
3255 431 3393 503 πρὸς
3434 430 3502 483 τὸ
3543 431 3739 499 μαθεῖν

2046 530 2146 601 τὴν
2177 530 2376 601 μανίαν
2411 527 2518 581 τῶν
2548 526 2638 580 τὸν
2665 525 2797 578 Θεὸν
2822 522 3018 579 εἰδέναι
3039 521 3336 591 λεγόντων;
3362 518 3473 572 Τοῦ
3503 517 3738 590 ούρανοῦ

2049 617 2144 671 τοῦ
2174 615 2451 688 ὁρωμένου
2489 614 2610 669 καθ’
2636 611 2850 684 ἡμέραν
2883 610 2984 680 τὴν
3023 608 3184 678 φύσιν
3208 607 3308 660 οὑκ
3345 605 3501 675 ἔχεις
3541 607 3737 665 εἰπεῖν,

2049 704 2146 757 xui
2177 703 2270 757 τοῦ
2312 701 2546 772 ἀοράτου
2589 698 2725 752 Θεοῦ
2766 697 2906 768 μετὰ
2949 695 3233 765 ἀκριϐείας
3271 690 3599 761 ἐπαγγέλλῃ
3645 694 3739 756 τὴν

2049 791 2238 844 οὐσίαν
2276 789 2511 853 εἰδέναι;
2543 788 2651 840 Καὶ
2681 785 2765 849 τίς
2803 783 2976 848 οῦτως
3013 783 3355 851 ἀναίσθητος,
3403 780 3485 844 ὡς
3534 781 3615 850 μὴ
3646 779 3740 845 τὴν

2051 877 2288 947 ἐσχάτην
2333 875 2444 929 τῶν
2476 873 2650 928 ταῦτα
2694 871 2963 940 λεγόντων
3004 868 3443 939 καταγινώσκειν
3494 868 3741 938 gavia»;

2125 963 2223 1016 Διά
2251 958 2521 1033 δὴταῦτα
2565 958 2868 1029 παρακαλῶ
2909 956 3115 1020 πάντας
3144 957 3288 1025 ὑμᾶς
3316 953 3583 1023 καθάπερ
3614 955 3742 1014 τοὺς

2054 1049 2319 1121 φρενίτιδι
2366 1047 2764 1121 περιπεσόντας
2805 1046 2946 1115 νόσῳ
2987 1045 3082 1097 καὶ
3124 1042 3551 1115 παραπαίοντας
3597 1043 3743 1095 κατὰ

2052 1137 2280 1208 δύναμιν
2300 1136 2397 1207 τὴν
2422 1135 2693 1205 ὑμετέραν
2720 1131 3013 1204 πειρᾶσθαι
3039 1129 3362 1201 θεραπεύειν
3391 1130 3542 1200 μετά
3572 1146 3744 1199 προσ-

2054 1225 2238 1297 ηνείας
2271 1224 2364 1278 xui.
2392 1222 2691 1284 ἐπιεικείας
2729 1221 2911 1284 αὐτοῖς
2937 1218 3373 1288 διαλεγομένους·
3412 1219 3513 1271 xui
3544 1216 3663 1287 γάρ
3689 1217 3743 1282 ἐξ

2055 1313 2314 1376 ἀπονοίας
2354 1312 2537 1374 αὑτοῖς
2577 1310 2640 1363 τὸ
2674 1309 2851 1379 δόγμα
2881 1308 3041 1361 τοῦτο
3070 1306 3285 1377 ἐτέχθη,
3327 1308 3423 1360 καὶ
3470 1306 3622 1360 πολὺ
3649 1306 3745 1373 τῆς

2053 1398 2293 1466 διανοίας
2338 1400 2519 1455 αὐτῶν
2556 1401 2618 1453 τὸ
2666 1399 2914 1470 φύσημα·
2967 1398 3036 1451 τά
3082 1396 3138 1450 δὲ
3179 1396 3596 1467 φλεγμαίνοντα
3641 1395 3747 1446 τῶν

2055 1491 2384 1561 τραυμάτων
2417 1487 2538 1542 οὑδὲ
2575 1487 2833 1558 ἐπιϐολὴν
2881 1486 3064 1557 χειρὸς
3109 1485 3379 1555 ἀνέχεται,
3424 1483 3559 1537 οὑδὲ
3598 1483 3746 1551 ἁφὴν

2059 1578 2322 1648 ὑπομένει
2372 1574 2733 1648 τραχυτέραν.
2769 1574 2870 1628 Διά
2907 1573 3064 1627 τοῦτο
3101 1574 3149 1625 οἱ
3180 1571 3335 1640 σοφοὶ
3374 1568 3488 1624 τῶν
3540 1568 3747 1641 ἰατρῶν

2062 1665 2278 1737 μαλακῇ
2307 1682 2412 1719 τινι
2446 1664 2684 1733 σπογγιᾷ
2719 1661 2787 1715 τά
2815 1660 3036 1715 τοιαῦτα
3071 1659 3483 1729 καταψήχουσιν
3520 1657 3551 1696 δ
3587 1657 3748 1727 ἕλκη.

2072 1753 2224 1807 Ἐπεὶ
2250 1747 2343 1807 οῦν
2380 1752 2475 1804 xui
2506 1749 2717 1813 τούτοις
2746 1749 2902 1811 ἐλκος
2927 1748 3074 1800 ἐστὶν
3105 1749 3162 1800 ἐν
3188 1748 3253 1817 τῇ
3282 1746 3432 1817 ψυχῇ
3466 1745 3751 1815 φλεγμαῖ-

2059 1856 2170 1902 νον,
2192 1838 2381 1909 ῶσπερ
2412 1837 2594 1907 ἁπαλῇ
2635 1854 2741 1890 τινι
2774 1836 3013 1906 σπογγιᾷ
3036 1833 3305 1905 προσηνὲς
3335 1831 3483 1904 ὕδωρ
3512 1833 3618 1885 xui
3651 1832 3751 1883 πό-

2059 1945 2217 1998 τιμον
2263 1927 2528 1990 σπῶντες,
2564 1925 2705 1978 οὕτω
2747 1925 2816 1977 τὰ
2850 1923 3120 1994 εἰρημένα
3155 1921 3393 1984 ἅπαντα,
3428 1920 3751 1989 καταντλή-

2063 2031 2257 2077 σαντες
2288 2014 2606 2085 πειρώμεθα
2644 2011 3021 2065 καταστέλλειν
3051 2009 3231 2062 αὐτῶν
3262 2007 3324 2062 τό
3352 2007 3621 2079 φύσημα,
3655 2008 3752 2060 καὶ

2053 2100 2153 2157 ςτὸν
2187 2102 2349 2171 ὄγκον
2375 2100 2656 2171 καθαιρεῖν
2694 2099 2926 2153 ἅπαντα·
2954 2098 3056 2152 κᾶν
3086 2096 3373 2167 ὑϐρίζωσι,
3411 2095 3523 2148 κᾶν
3556 2095 3750 2148 λακτί-

2001 5862 2079 5879 ἀ

2063 2191 2217 2256 ζωσι,
2250 2189 2352 2244 κᾶν
2378 2188 2680 2259 ἐμπτύωσι,
2704 2186 2805 2241 κᾶν
2837 2185 3012 2240 ὁτιοῦν
3050 2183 3265 2248 ποιῶσι,
3294 2184 3370 2254 μὴ
3400 2182 3750 2255 κατάλειπε-,ς

2062 2278 2164 2346 τὴν
2191 2277 2450 2347 ἰατρείαν,
2479 2274 2751 2346 ἀγαπητέ.
2776 2273 2914 2336 Τοὺς
2942 2271 3048 2345 γὰρ
3073 2270 3358 2341 ἄνθρωπον
3394 2269 3748 2340 παραπλῆγα

2065 2362 2473 2436 θεραπεύοντας
2522 2361 2737 2432 ἀνάγκη
2789 2358 2958 2413 πολλά
3003 2357 3228 2411 τοιαῦτα
3269 2355 3597 2426 ὑπομένειν·
3633 2355 3748 2408 ἀλλ’

2064 2450 2213 2520 ὅμως
2241 2448 2362 2503 ούδέ
2381 2448 2559 2511 οὕτως,
2585 2444 2913 2515 ἀφίστασθαι
2941 2444 3068 2516 χρὴ,
3091 2443 3226 2497 ἀλλά
3257 2442 3325 2495 δι’
3351 2440 3497 2494 αὐτά
3525 2440 3631 2512 μὲν
3656 2436 3747 2494 οὖν

2063 2537 2233 2592 ταῦτα
2257 2536 2494 2608 μάλιστα
2529 2534 2727 2596 αὐτοὺς
2747 2532 3058 2597 ταλανίζειν
3087 2531 3183 2583 xui
3208 2529 3471 2601 δακρύειν
3497 2529 3637 2600 χρὴ,
3668 2530 3746 2582 ὅτι

2065 2623 2304 2678 τοιοῦτον
2330 2622 2508 2678 αὐτῶν
2528 2623 2628 2693 τῆς
2650 2619 2963 2693 ἀρρωστίας
2984 2618 3100 2672 ἐστὶ
3127 2617 3187 2671 τὸ
3209 2614 3365 2680 εἶδος.
3393 2616 3595 2670 Ταῦτα
3614 2618 3746 2688 πρὸς

2065 2713 2190 2775 τοὺς
2218 2709 2365 2783 [462]
2404 2708 2785 2781 ἰσχυροτέρους
2815 2707 2962 2776 λέγω
3003 2706 3098 2760 xui
3135 2704 3615 2778 ἀνεπηρεάστους,
3655 2706 3747 2757 καὶ

2066 2798 2397 2869 δυναμένους
2439 2799 2505 2851 ἐκ
2535 2796 2636 2866 τῆς
2677 2792 2900 2849 ἐκείνων
2941 2793 3161 2865 ὁμιλίας
3200 2793 3473 2864 μηδεμίαν
3507 2791 3749 2862 παραδέ-

2071 2887 2263 2952 ξασθαι
2312 2887 2538 2959 βλάϐην·
2579 2886 2656 2951 ὡς
2692 2886 2746 2939 εἴ
2784 2903 2869 2949 τις
2910 2884 3296 2955 ἀσθενέστερος
3340 2883 3453 2955 εἴη,
3494 2886 3749 2953 φευγέτω

2067 2975 2270 3031 τούτων
2299 2975 2397 3040 τὰς
2432 2975 2714 3038 συνουσίας
2745 2973 3078 3042 άποπηδάτω
3103 2973 3229 3035 τοὺς
3254 2972 3580 3041 συλλόγους,
3611 2973 3747 3027 ὥστε

2071 3064 2145 3134 μὴ
2175 3062 2272 3135 τὴν
2298 3064 2395 3135 τῆς
2421 3061 2604 3132 φιλίας
2630 3060 2886 3114 ὑπόθεσιν
2912 3058 3165 3131 ἀφορμὴν
3186 3059 3444 3122 ἀσεϐείας
3465 3061 3747 3129 γενέσθαι.

2069 3150 2228 3205 Οὕτω
2285 3152 2379 3204 xui
2434 3149 2645 3212 Παῦλος
2677 3151 2838 3211 ποιεῖ,
2873 3148 3033 3210 αὐτὸς
3081 3149 3178 3218 μὲν
3207 3150 3321 3211 τοῖς
3359 3149 3750 3220 ἀρρωστοῦσα

2070 3238 2428 3309 ἀναμίγνυται
2456 3238 2551 3291 καὶ
2579 3237 2744 3305 λέγει·
2788 3237 3109 3305 Ἐγενόμην
3135 3237 3256 3304 τοῖς
3298 3237 3648 3305 Ἰουδαίοις,
3677 3241 3751 3303 ὡς

2085 3325 2390 3391 Ἰουδαῖος,
2425 3324 2548 3390 τοῖς
2579 3323 2821 3392 ἀνόμοις
2853 3323 2933 3389 ὡς
2970 3322 3209 3391 ἄνομος·
3239 3326 3366 3388 τοὺς
3404 3324 3467 3378 δὲ
3496 3327 3753 3395 μαθητὰς

2072 3412 2165 3465 xui.
2204 3412 2585 3482 ἀσθενέστερον
2617 3410 2990 3481 διακειμένους
3032 3413 3235 3480 ἀπάγει
3282 3412 3579 3483 παραινῶν
3613 3415 3753 3467 οὕτω

2073 3499 2166 3553 xui.
2194 3499 2475 3553 διδάσκων·
2510 3501 2862 3568 Φθείρουσιν
2882 3498 2997 3569 ἢθη
3025 3501 3261 3569 χρηστὰ
3280 3503 3512 3570 ὁμιλίαι
3550 3505 3749 3556 κακαί·

2073 3593 2166 3641 καὶ
2204 3587 2385 3641 πάλιν·
2430 3586 2737 3651 Ἐξέλθετε
2772 3588 2841 3640 ἐκ
2881 3585 3078 3656 μέσου
3125 3586 3346 3653 αὐτῶν,
3391 3589 3496 3642 καί
3543 3591 3752 3660 ἀρθρί-

2072 3678 2279 3741 σθητε,
2303 3675 2462 3744 λέγει
2499 3676 2728 3743 Κύριος.
2771 3674 2828 3727 'U
2866 3675 2964 3735 μὲν
2985 3675 3094 3747 γὰρ
3129 3675 3313 3745 ἰατρὸς
3348 3676 3418 3730 ἂν
3456 3677 3594 3750 ἔλθῃ
3624 3680 3752 3750 πρὸς

2072 3763 2162 3816 τὸν
2197 3763 2493 3831 κάμνοντα,
2526 3764 2776 3816 κάκεῖνον
2801 3763 2896 3815 xui
2936 3763 3125 3815 ἐαυτὸν
3148 3763 3410 3827 πολλάκις
3437 3765 3749 3836 ὠφέλησεν·

2072 3852 2101 3902 6
2151 3849 2206 3901 δὲ
2256 3848 2645 3920 ἀσθενέστερος
2693 3849 2789 3904 xui
2840 3848 3031 3904 ἑαυτὸν
3086 3851 3181 3903 xui
3220 3850 3312 3904 τὸν
3358 3853 3753 3924 ἀρρωστοῦντα

2076 3935 2414 4006 παρέϐλαψε,
2438 3938 2549 3999 τοῖς
2572 3936 2818 3990 νοσοῦσιν
2838 3935 3291 4007 ἀναμιγνύμενος·
3320 3939 3538 3991 ἐκεῖνόν
3564 3957 3626 3993 τε
3654 3940 3756 4010 γὰρ

2074 4022 2224 4076 οὐδὲν
2256 4022 2534 4093 ὠφελῆσαι
2562 4023 2871 4097 δυνήσεται,
2903 4024 2995 4076 xui
3025 4023 3187 4087 αὐτὸς
3216 4024 3594 4079 ἐπισπάσεται
3632 4033 3755 4079 πολ-

2076 4111 2174 4181 λὴν
2207 4110 2315 4164 ἀπὸ
2343 4111 2442 4180 τῆς
2477 4110 2790 4182 ἀρρωστίας
2820 4111 2919 4182 τὴν
2954 4110 3176 4181 βλάϐην.
3214 4111 3324 4164 Καὶ
3361 4111 3504 4180 ὅπερ
3532 4114 3590 4166 oi
3630 4114 3758 4183 πρὸς

2076 4201 2201 4262 τοὺς
2228 4198 2643 4269 ὀφθαλμιῶντας
2675 4197 2911 4269 ὁρῶντες
2953 4199 3272 4268 πάσχουσιν,
3314 4199 3683 4271 ἐφελκόμενοί
3709 4219 3760 4253 τι

2077 4287 2174 4356 τῆς
2218 4284 2529 4357 ἀρρωστίας
2559 4284 2793 4355 ἐκείνης,
2841 4283 2999 4339 τοῦτο
3044 4285 3141 4339 xui.
3176 4286 3225 4338 οἱ
3258 4287 3371 4348 τοῖς
3401 4285 3761 4359 βλασφήμοις

2080 4376 2602 4446 συναναμιγνύμενοι
2637 4374 2845 4438 τούτοις
2890 4375 3270 4445 ὑπομένουσιν,
3314 4375 3382 4428 ἂν
3425 4369 3570 4429 ὦσιν
3600 4379 3761 4431 ἀσθε-

2077 4464 2339 4535 νέστεροι,
2369 4464 2503 4518 πολὺ
2541 4466 2641 4534 τῆς
2670 4463 2925 4527 ἀσεϐείας
2955 4464 3093 4533 πρὸς
3117 4465 3345 4527 ἑαυτοὺς
3374 4465 3762 4537 ἐπισπώμενοι

2082 4552 2371 4623 μέρος.⁹ιν’
2396 4550 2489 4607 οὖν
2514 4551 2589 4620 μὴ
2616 4549 2688 4603 τὰ
2722 4550 2953 4620 μέγιστα
2980 4552 3205 4614 ἑαυτοὺς
3230 4551 3695 4623 παραϐλάψωμεν
3718 4565 3761 4615 θ,

2080 4638 2369 4708 φεύγωμεν
2413 4637 2592 4691 αὐτῶν
2635 4636 2732 4701 τάς
2783 4637 3089 4701 συνουσίας,
3138 4637 3421 4708 εὐχόμενοι
3472 4641 3648 4711 μόνον
3674 4642 3766 4694 καί

2081 4725 2521 4800 παρακαλοῦντες
2543 4727 2633 4779 τὸν
2654 4726 3033 4797 φιλάνθρωπον
3065 4727 3217 4793 Θεὸν,
3246 4729 3341 4782 τὸν
3372 4729 3614 4787 θέλοντα
3640 4736 3767 4789 πάν-

2079 4833 2177 4880 τας
2200 4814 2522 4887 ἀνθρώπους
2554 4813 2789 4884 σωθῆναι
2818 4816 2914 4867 xui
2937 4816 3017 4879 είς
3040 4816 3334 4884 ἐπίγνωσιν
3361 4818 3466 4889 τῆς
3499 4820 3766 4892 ἀληθείας

2081 4903 2272 4968 ἐλθεῖν,
2302 4900 2605 4965 ἀπαλλάξαι
2642 4901 2739 4971 μὲν
2782 4902 2979 4964 αὐτοὺς
3007 4902 3108 4973 τῆς
3155 4902 3382 4973 πλάνης,
3413 4906 3517 4959 καὶ
3538 4909 3651 4979 τῆς

2080 4992 2325 5045 διαϐόλου
2358 4990 2600 5059 παγίδος,
2637 4990 3004 5058 ἐπαναγαγεῖν
3051 4991 3107 5044 δέ
3148 4992 3240 5044 ἐπὶ
3272 4993 3333 5044 τὸ
3369 4995 3473 5063 τῆς
3504 4997 3766 5063 γνώσεως
3822 4978 3823 4981 η

2083 5081 2220 5151 φῶς,
2261 5082 2354 5134 ἐπὶ
2382 5079 2474 5132 τὸν
2502 5078 2635 5131 Θεὸν
2665 5079 2759 5131 xui
2794 5078 3003 5149 πατέρα
3034 5078 3127 5131 τοῦ
3156 5078 3359 5149 Κυρίου
3381 5081 3546 5149 ἡμῶν
3594 5084 3766 5153 ἰηπῆ

2083 5168 2341 5241 Χριστοῦ,
2369 5169 2465 5221 σὺν
2490 5165 2567 5237 τῷ
2602 5164 2849 5235 ζωοποιῷ
2888 5166 2983 5218 καὶ
3017 5166 3269 5234 παναγίῳ
3306 5168 3623 5238 Πνεύματι,
3664 5165 3764 5241 Qui;

2082 5258 2209 5323 δόξα
2244 5258 2338 5310 xui
2369 5255 2430 5309 τὸ
2470 5255 2693 5326 κράτος,
2724 5253 2818 5307 νῦν
2851 5254 2946 5307 xui
2990 5253 3099 5318 ἀεὶ,
3138 5254 3233 5307 xui
3273 5255 3352 5319 εἰς
3385 5257 3518 5319 τοὺς
3563 5260 3767 5322 αἰῶνας

2083 5345 2192 5399 τῶν
2213 5343 2445 5398 αἰώνων.
2493 5342 2684 5413 Ἀμήν.

2147 5467 2174 5509 ἆ
2198 5469 2613 5531 Διίὶᾼκαταψῶσιν,
2634 5465 2762 5514 Infra
2785 5463 2937 5515 Savil.
2966 5469 3021 5513 ει
3036 5465 3127 5531 gilii
3149 5464 3540 5531 καταντλοῦντες.

2151 5536 2174 5564 ε
2200 5529 2352 5608 ξενίη.
2398 5526 2465 5578 αι’
2492 5530 2678 5608 aliquot
2722 5539 2838 5608 m‘ssk.
2891 5526 3327 5608 παραξλάσξτωμεν,
3365 5526 3548 5577 lore].
3591 5536 3651 5578 el
3690 5531 3764 5578 aiii

2086 5592 2486 5665 παραϐλάψωμεν.
2518 5586 2641 5638 Infra
2667 5593 2778 5649 post
2810 5587 2914 5633 haec
2937 5586 3105 5643 Verba,
3127 5589 3203 5636 ἐπὶ
3224 5586 3279 5635 τὸ
3300 5594 3384 5646 τῆς
3400 5592 3639 5649 γνώσεως
3658 5594 3762 5653 φῶς,

2093 5656 2242 5703 Savnl.
2285 5659 2337 5700 et
2379 5654 2564 5711 aliquot
2602 5662 2717 5711 mss,
2755 5649 2833 5694 ἵνα
2862 5648 3045 5711 πάντες
3066 5649 3353 5711 ὁμοθυμαδὸν
3379 5652 3425 5697 ἐν
3450 5652 3520 5697 ἐνὶ
3562 5656 3763 5711 στεμιπ

2093 5717 2355 5774 δοξάζωμεν
2395 5702 2475 5759 τὸν
2496 5713 2615 5759 Θεὸν
2647 5710 2729 5774 xui
2749 5710 2929 5774 πατέρα
2965 5707 3070 5774 τοῦ
3090 5702 3265 5770 Κυρίου
3290 5712 3425 5771 ἡμῶν
3460 5712 3632 5769 Ἰησοῦ
3662 5702 3762 5769 ἰρι-

2093 5776 2229 5838 στοῦ,
2258 5771 2352 5826 étc.
2382 5774 2550 5824 Morel.
2578 5778 2629 5821 cl
2649 5772 2733 5821 alii
2764 5771 2957 5819 mdic‘cs
2981 5777 3034 5819 ut
3057 5771 3105 5818 iu
3134 5778 3292 5821 lexin.

3820 4498 3824 4739 1

3821 4818 3823 4971 γ
