3838 6220
228 241 331 298 ’ΞΗ

227 354 461 410 rectionis
500 353 648 425 ejus!
685 349 896 415 Novus,
932 347 1132 416 inquit,
1170 342 1576 400 resurrectionis
1615 338 1806 394 modus

228 458 476 500 ostensus
505 453 604 497 est.
635 443 781 495 Multi
811 440 1020 508 quidem
1044 448 1196 491 antea
1229 434 1416 488 mortui
1447 444 1804 494 resurrext're,

233 539 335 591 hoc
382 535 538 588 modo
589 533 784 587 nullus.
820 531 917 588 Alii
963 530 1158 598 quippe
1201 539 1386 580 ouiues
1411 530 1688 592 postquam
1719 533 1806 572 re-

230 635 609 690 surrexerant,
641 638 850 676 rursum
892 620 944 674 in
997 629 1190 672 terram
1238 617 1530 680 redierunt,
1560 627 1622 665 ac
1658 626 1806 665 mor-

230 721 300 770 tis
328 713 604 787 tyrannide
623 712 689 767 ad
719 721 926 781 tempus
951 708 1177 771 liberali,
1205 721 1387 761 rursus
1414 704 1514 759 sub
1555 702 1672 772 ejus
1712 702 1814 754 im-

232 808 437 878 perium
469 804 666 860 redacti
695 815 818 857 sunt
846 820 858 855 :
888 816 1081 870 corpus
1108 809 1282 852 autem
1307 796 1636 850 Dominicum
1662 803 1810 876 post-

229 912 390 967 quam
421 900 803 953 resurreserat,
837 905 940 943 non
973 891 1022 942 iu
1056 898 1250 942 terram
1271 885 1446 950 rediit,
1467 883 1558 938 sed
1579 885 1632 938 in
1651 883 1810 936 ea'los

230 985 490 1049 ascendit,
521 993 576 1038 et
601 992 763 1037 totam
806 980 1004 1035 inimici
1051 977 1382 1048 tyrannidem
1427 975 1606 1038 solrit,
1651 981 1812 1040 atque

231 1093 415 1132 secum
461 1085 630 1130 totum
678 1074 859 1128 orbem
909 1071 1202 1130 suscitavit,
1246 1068 1460 1138 jamque
1511 1071 1562 1120 in
1617 1064 1808 1118 throno

231 1169 381 1238 regio
410 1166 577 1221 sedet.
603 1165 729 1218 l-ltec
772 1162 948 1216 omnia
979 1177 1097 1215 cum
1126 1169 1302 1212 mente
1330 1158 1562 1212 volveret
1594 1155 1807 1219 Paulus,

230 1270 288 1315 et
313 1258 634 1313 ostendisset
664 1264 741 1309 tot
766 1262 1013 1322 tantaque
1055 1249 1311 1304 mirabilia
1353 1264 1456 1301 nou
1486 1247 1687 1300 ratione
1715 1245 1812 1297 de-

230 1348 422 1404 clarari
451 1362 625 1418 posse,
661 1345 755 1400 sed
800 1344 900 1398 fide
939 1343 1107 1396 solum
1153 1355 1308 1410 posse
1346 1339 1523 1393 doceri
1553 1346 1606 1391 et
1634 1336 1813 1390 decla-

231 1441 361 1503 rari,
394 1437 602 1492 dicebat
633 1454 646 1490 :
679 1435 743 1488 In
772 1435 872 1503 ﬁde
897 1433 964 1486 ad
983 1432 1380 1503 cognoscendum
1419 1431 1690 1500 potentium
1730 1444 1811 1480 re-

231 1528 552 1582 surrectionis
588 1528 716 1598 ejus.
748 1524 879 1580 Nam
924 1524 968 1578 si
1018 1523 1150 1576 ratio
1190 1521 1345 1574 fidem
1393 1520 1662 1573 declarare
1706 1534 1812 1572 non

231 1619 564 1690 potest,quia
594 1628 644 1672 et
674 1616 917 1670 humana:
943 1623 1142 1668 natura:
1175 1624 1383 1681 captum
1405 1621 1458 1666 et
1477 1626 1812 1665 communem

203 1717 416 1765 rerum
456 1711 646 1763 seriem
695 1716 946 1778 superat,
978 1707 1420 1761 resurrectionem
1467 1705 1607 1759 illam
1633 1746 1648 1768 ,
1695 1720 1813 1774 quae

235 1811 383 1854 tanto
409 1799 686 1853 intervallo
711 1797 975 1853 dilfertab
1013 1797 1130 1850 aliis
1170 1795 1666 1856 resurrectionibus,
1695 1810 1814 1863 qua:

234 1890 430 1958 poterit
456 1890 590 1942 ratio
615 1888 852 1942 demens!
863 1886 1012 1941 rare?
1033 1886 1183 1940 Nulla
1208 1894 1354 1940 certe
1383 1903 1396 1938 :
1420 1884 1511 1939 sed
1532 1885 1643 1940 sola
1663 1886 1815 1938 nobis

233 1996 368 2048 Opus
386 1987 468 2032 est
486 1979 712 2048 fide,qua
733 1993 1041 2048 persuasum
1066 1977 1571 2045 habeamus,corpus
1593 1976 1817 2029 mortale

236 2068 609 2131 rcsnrrexisse,
645 2075 697 2120 et
727 2064 1079 2120 immortalem
1113 2066 1380 2134 accepisse
1411 2066 1589 2126 vitam,
1612 2067 1814 2118 nullum

237 2160 396 2212 linem
433 2159 514 2212 vel
543 2157 826 2211 terminum
869 2158 1171 2211 habentem.
1202 2157 1354 2222 Quod
1383 2166 1434 2211 et
1458 2158 1580 2211 alibi
1611 2156 1818 2226 signifi-

238 2249 394 2301 cabat
416 2249 496 2302 his
512 2249 722 2303 verbis:
748 2247 974 2302 Christus
995 2251 1258 2302 suscitatus
1281 2265 1378 2301 non
1400 2250 1611 2301 moritur
1635 2264 1652 2302 :
1683 2265 1820 2302 mors

235 2339 313 2391 illi
356 2339 492 2390 ultra
528 2355 626 2390 non
659 2338 1028 2409 dominabitur(
1056 2339 1202 2392 Rom.
1233 2338 1285 2393 6.
1311 2339 1364 2408 9)
1388 2327 1504 2402 ;'ita
1543 2349 1598 2392 ut
1624 2339 1816 2408 duplex

236 2422 394 2474 fuerit
428 2422 769 2487 miraculum,
789 2433 842 2474 et
870 2422 1244 2487 resurrexisse,
1275 2434 1330 2476 et
1351 2422 1439 2475 illo
1458 2422 1613 2476 modo
1642 2440 1820 2478 resur-

234 2512 460 2563 rexiSse.
479 2511 600 2564 Ideo
614 2510 912 2576 dicebat,ln
930 2512 1030 2579 fide
1044 2513 1111 2563 ad
1131 2513 1527 2582 cognoscendum
1549 2516 1819 2582 potentiam

234 2602 610 2654 resurrectionis
640 2602 765 2671 ejus.
804 2602 954 2668 Quod
996 2603 1038 2655 si
1083 2604 1526 2658 resurrectionem
1553 2605 1668 2673 ejus
1715 2619 1817 2659 non

237 2707 522 2762 possumus
535 2694 736 2746 ratione
748 2693 1178 2762 asscqui,quanto
1191 2694 1362 2748 minus
1377 2709 1656 2762 supernam
1671 2709 1822 2763 gene-

234 2783 522 2836 rationem?
537 2784 608 2836 Dc
625 2782 706 2836 his
718 2799 875 2853 porro
894 2784 1165 2851 disputans
1181 2784 1390 2849 Paulus,
1414 2800 1616 2838 necnon
1635 2784 1697 2837 de
1709 2800 1821 2838 cru-

235 2887 297 2925 ce
319 2879 374 2925 et
396 2873 638 2940 passione
665 2873 903 2941 loquens,
936 2873 1047 2926 haec
1069 2889 1276 2944 quoque
1295 2874 1358 2928 ad
1381 2874 1536 2928 fidem
1555 2875 1819 2942 pertinere

235 2963 368 3016 dixit
393 2978 651 3034 :cumque
668 2963 734 3018 de
756 2964 837 3017 bis
861 2980 1160 3018 sermonem
1184 2965 1475 3029 habuisset,
1506 2965 1779 3035 subjunxil
1803 2985 1815 3018 :

241 3055 466 3119 Fratres,
498 3073 586 3126 ego
615 3073 694 3110 me
717 3073 817 3109 non
855 3057 1072 3110 arbitror
1113 3059 1543 3126 comprehendisse
1563 3059 1818 3130 (Philipp.

237 3144 287 3201 ὃ.
315 3145 426 3217 15).
449 3146 560 3200 Non
575 3147 734 3212 dixit,
761 3147 871 3217 Ego
898 3163 1000 3201 non
1023 3149 1251 3201 arbitror
1276 3163 1361 3202 me
1389 3149 1546 3213 scire,
1572 3148 1664 3202 sed
1681 3167 1818 3202 cont-

237 3236 758 3305 preheudisse,neque
773 3237 1132 3291 omnimodam
1149 3238 1694 3309 ignorantiam,neque
1712 3256 1820 3292 osu-

239 3328 507 3381 uimodam
523 3328 793 3382 scientiam
807 3329 903 3381 sibi
923 3329 1221 3398 adscripsit.
1238 3327 1366 3382 Cum
1386 3332 1525 3384 enim
1543 3331 1822 3396 dicit,Non

236 3421 452 3473 arbitror
472 3421 900 3488 comprehendisse
916 3462 929 3485 ,
954 3420 1212 3490 significat
1239 3437 1296 3476 se
1318 3422 1491 3478 adhuc
1515 3425 1566 3477 iu
1600 3425 1680 3478 via
1702 3441 1822 3480 esse

236 3522 287 3562 et
309 3513 404 3568 ire.
427 3511 748 3579 ulteriusqtte
772 3513 1035 3580 progredi,
1066 3513 1158 3566 sed
1188 3515 1343 3567 finem
1371 3515 1602 3570 nondum
1621 3517 1824 3585 attigis-

237 3602 436 3667 se.Qua
455 3601 522 3654 de
549 3616 624 3662 re,
645 3602 774 3655 alios
785 3618 993 3671 quoque
1006 3602 1255 3658 admonet
1273 3605 1353 3657 his
1370 3605 1572 3659 verbis:
1591 3606 1823 3672 Quicum-

238 3709 333 3759 que
362 3692 565 3760 perfecti
612 3708 801 3755 sumus,
848 3693 941 3745 hoc
983 3695 1306 3759 sentiamus;
1349 3705 1393 3748 et
1433 3696 1476 3749 si
1513 3697 1636 3766 quid
1681 3696 1824 3749 aliud

236 3781 414 3850 sapitis
434 3822 448 3844 ,
478 3781 569 3834 hoc
598 3783 737 3834 Deus
765 3782 900 3835 vobis
935 3783 1174 3836 reuelabit
1215 3781 1389 3854 (Ibid.
1423 3799 1467 3838 v.
1492 3786 1559 3839 15
1584 3785 1626 3854 ).
1669 3784 1824 3840 Ratio

235 3873 415 3934 docet,
443 3871 535 3926 sed
565 3871 705 3926 Deus
732 3873 1009 3927 revelabit.
1037 3873 1192 3928 Vides
1218 3890 1322 3927 non
1349 3875 1417 3930 de
1448 3875 1552 3930 vita
1579 3885 1631 3930 ct
1653 3877 1822 3931 mori-

236 3961 340 4015 bus
381 3961 486 4030 agi,
537 3961 629 4016 sed
670 3961 738 4016 de
785 3961 1118 4031 dogmatibus
1147 3973 1199 4016 et
1244 3965 1383 4018 ﬁde?
1433 3964 1548 4019 Vita
1589 3967 1729 4020 enim
1771 3977 1825 4022 et

238 4068 422 4106 mores
461 4068 566 4106 non
605 4067 739 4121 Opus
777 4053 974 4107 habent
1004 4056 1347 4122 revelatione,
1374 4056 1466 4111 sed
1495 4057 1740 4126 dogmata
1773 4069 1827 4113 et

239 4145 484 4198 scientia.
520 4144 586 4198 Et
609 4143 733 4197 alibi
755 4160 965 4214 quoque
997 4147 1223 4215 idipsum
1255 4148 1534 4203 declarans
1575 4150 1783 4205 dicebat
1809 4168 1821 4204 :

239 4237 436 4302 Siquis
475 4236 724 4289 existimat
767 4253 820 4289 se
854 4237 1047 4307 aliquid
1084 4256 1248 4305 nosse,
1289 4241 1508 4294 nondum
1553 4243 1826 4312 quidquam

239 4327 374 4378 norit
406 4327 480 4395 (1.
511 4326 624 4379 Cor.
651 4326 704 4380 8.
733 4327 813 4397 2).
838 4327 950 4382 Non
981 4330 1111 4382 dixit
1141 4330 1469 4398 simpliciter,
1495 4331 1633 4386 Nihil
1657 4333 1824 4399 novit,

240 4417 336 4469 sed
365 4416 805 4484 quemadmodum
837 4428 1078 4486 oporteat
1116 4421 1256 4475 scire
1289 4439 1299 4473 :
1334 4421 1607 4475 scientiam
1631 4423 1826 4494 quippe

242 4505 422 4570 habet,
451 4506 543 4560 sed
572 4523 676 4560 non
704 4518 1002 4562 accuratam
1027 4521 1080 4563 et
1108 4511 1414 4578 perfectam.

315 4597 367 4648 7.
400 4597 572 4664 Atque
600 4606 656 4649 ut
684 4597 732 4650 id
764 4613 946 4652 verum
974 4613 1092 4653 esse
1117 4600 1310 4665 discas,
1335 4601 1464 4655 nihil
1487 4601 1553 4657 de
1579 4604 1825 4673 snperuis

240 4684 589 4752 disseramus,
609 4687 700 4740 sed
731 4689 775 4740 si
808 4689 889 4742 vis
915 4690 979 4742 ad
1003 4691 1225 4744 visibilia
1254 4693 1501 4745 deorsum
1524 4710 1825 4750 sermonem

241 4784 634 4829 convertamus.
667 4777 781 4830 Non
825 4779 972 4833 vides
1016 4780 1114 4833 hoc
1159 4782 1390 4835 czelum?
1419 4783 1568 4849 Quod
1615 4786 1826 4854 quidem

241 4880 474 4919 camera:
523 4866 621 4920 vel.
656 4866 870 4921 fornicis
916 4867 1138 4922 formam
1191 4880 1365 4924 servet
1404 4873 1622 4938 scimus,
1673 4875 1828 4943 idque

244 4971 352 5009 non
394 4955 691 5019 ratiocinio,
741 4957 832 5010 sed
876 4972 942 5011 ex
989 4957 1258 5026 Scriptura
1303 4961 1479 5015 divina
1527 4962 1824 5018 discimus:

242 5045 448 5098 scimus
475 5045 599 5100 item
629 5046 798 5114 ipsum
839 5056 1000 5101 totam
1043 5050 1323 5118 complecti
1365 5060 1578 5117 terram,
1608 5055 1728 5122 quia
1758 5057 1830 5108 si-

242 5136 444 5191 militer
467 5135 536 5190 ab
565 5128 748 5192 eadem
776 5138 1050 5208 Scriptura
1077 5141 1126 5194 td
1164 5142 1480 5208 didicimus;
1507 5146 1659 5214 cujus
1700 5163 1828 5201 vero

241 5227 561 5280 substantia:
588 5227 658 5280 sit
697 5228 1018 5297 ignoramus.
1047 5229 1102 5284 Si
1127 5232 1244 5300 quis
1271 5241 1446 5287 autem
1489 5245 1748 5306 repugnet
1776 5247 1831 5292 et

238 5316 721 5384 contendat-,dicat
756 5333 873 5388 qua:
919 5320 986 5374 sit
1011 5321 1124 5374 caeli
1165 5321 1478 5389 substantia,
1511 5340 1576 5378 an
1605 5328 1828 5396 crystal-

1157 230 1242 286 ΒΕ
1278 217 1953 284 INCOMPREHENSIBILI
1992 217 2098 274 DEI
2140 218 2438 278 NATURA.
2481 221 2542 280 ll.

3380 215 3490 272 7|8

1915 341 1996 394 Ius
2024 349 2290 402 concreta,
2329 355 2396 392 an
2440 342 2606 392 nubes
2651 338 2959 403 addensata,
2990 352 3056 390 an
3086 352 3178 392 aer
3219 338 3490 392 crassior?

1914 429 2020 485 Sed
2048 445 2204 484 nemo
2230 429 2279 482 id
2311 430 2462 496 plane
2502 428 2678 482 dicere
2709 435 2900 496 potest.
2931 426 3086 489 Num,
3123 443 3324 498 quaeso,
3358 429 3491 482 ulte-

1917 520 2057 575 riore
2081 533 2216 588 Opus
2245 528 2328 573 est
2359 518 2805 572 demonstratione
2833 517 2899 570 ad
2927 533 3110 571 eorum
3141 519 3491 587 comproban-

1912 611 2032 664 dam
2056 610 2332 670 insaniam,
2357 610 2443 678 qui
2472 624 2529 661 sc
2553 608 2716 661 Deum
2743 622 2900 662 nosse
2926 607 3109 660 dicunt
3132 647 3147 672 ,
3175 605 3325 670 Ca-li,
3349 607 3489 676 quod

1911 702 2146 772 quotidie
2173 702 2368 765 cernis,
2403 710 2640 754 naturam
2686 714 2790 752 non
2818 708 2968 767 poles
2995 698 3192 761 dicere;
3225 705 3280 750 et
3309 698 3495 750 invisi-

1911 793 2034 849 bilis
2067 792 2160 847 Dei
2191 791 2535 847 substantiam
2570 799 2619 843 te
2648 790 2809 858 probe
2835 804 2992 844 nosse
3011 787 3266 858 jactitas?
3298 787 3495 856 Ecquis

1913 884 1982 938 ita
2010 897 2200 938 sensus
2243 897 2459 952 expers,
2492 890 2550 936 ut
2579 881 2699 936 talia
2738 881 3063 951 loquentium
3103 879 3361 933 insaniam
3389 892 3494 932 non

1909 973 2128 1027 damnet
2154 974 2176 1025 ’ἐ

1982 1062 2244 1117 Moderate
2288 1078 2402 1114 cum
2438 1060 2687 1119 Itwrt-ticis
2735 1059 3003 1130 agendum.
3049 1088 3119 1098 —
3162 1059 3495 1128 Quapmptcr

1910 1169 2042 1224 rogo
2083 1167 2176 1208 vos
2205 1167 2413 1218 omnes,
2449 1159 2506 1205 ut
2534 1151 2803 1206 moderate
2841 1159 3044 1205 etcum
3088 1151 3495 1206 mansuetudine

1913 1243 2056 1312 ipsos
2080 1243 2432 1311 alloquentes,
2458 1256 2554 1297 ceu
2578 1241 2822 1310 phrenesi
2853 1249 3036 1308 captos
3061 1249 3114 1295 et
3144 1239 3398 1307 furentes,
3429 1237 3497 1296 ad

1908 1335 2183 1389 meliorem
2216 1333 2419 1403 frugem
2449 1333 2704 1387 reducere
2744 1331 2960 1387 curetis.
2994 1332 3200 1386 Etenim
3245 1331 3344 1387 hoc
3370 1333 3497 1402 ipsis

1909 1428 2101 1498 dogma
2147 1444 2214 1482 ex
2277 1426 2576 1495 arrogantia
2628 1436 2802 1480 ortum
2855 1432 2939 1480 est
2983 1441 2997 1478 :
3043 1425 3380 1495 maximoque
3423 1424 3496 1482 illi

1909 1519 2071 1572 animi
2102 1527 2310 1572 tumore
2341 1518 2600 1571 laborant.
2633 1517 2860 1571 Vulnera
2899 1525 3074 1570 autem
3108 1517 3493 1585 tumescentia,

1913 1624 2084 1678 neque
2122 1609 2220 1662 sibi
2266 1608 2408 1676 iujici
2453 1621 2661 1668 manus,
2713 1621 2885 1674 neque
2933 1614 3127 1660 tactum
3170 1606 3496 1674 asperiorem

1911 1701 2203 1773 patiuntur.
2231 1700 2586 1767 Quamobrem
2639 1699 2792 1766 periti
2842 1697 3032 1752 medici
3083 1699 3228 1752 molli
3267 1698 3495 1767 quadam

1912 1791 2130 1861 spongia
2160 1791 2274 1845 lucc
2302 1791 2613 1860 abstergunt
2661 1790 2858 1844 ulcera.
2904 1790 3162 1854 Quoniam
3205 1805 3331 1859 ergo
3361 1791 3495 1846 inest

1913 1886 2145 1952 ipsorum
2190 1884 2381 1937 animis
2425 1885 2574 1937 ulcus
2613 1883 2866 1946 inflatum,
2901 1883 3048 1952 quasi
3096 1883 3236 1937 molli
3277 1885 3495 1954 spongia

1911 1976 2120 2030 dulcem
2142 1976 2532 2046 potabilemque
2555 1992 2742 2044 aquam
2761 1975 3080 2036 haurientes,
3095 1977 3275 2045 sicque
3294 1977 3496 2031 abster-

1914 2067 1988 2119 sis
2017 2066 2262 2119 omuibus
2293 2080 2473 2120 eorum
2503 2075 2761 2120 tumorem
2789 2066 3140 2134 comprimere
3180 2081 3496 2135 omnemque

1918 2158 2139 2212 livorem
2165 2155 2374 2211 auferre
2399 2167 2698 2225 satagamus
2727 2173 2740 2206 :
2765 2156 2861 2210 etsi
2881 2156 3227 2210 contumelias
3249 2155 3495 2218 inferant,

1917 2247 2016 2302 etsi
2067 2247 2422 2309 recaleitreut,
2477 2246 2576 2299 etsi
2633 2246 2899 2315 iuspuaut,
2953 2246 3050 2299 etsi
3102 2246 3311 2316 quidvis
3359 2247 3498 2300 aliud

1918 2337 2132 2400 faciant,
2184 2351 2250 2389 ne
2293 2335 2512 2389 curandi
2553 2334 2783 2388 studium
2836 2335 3086 2395 deseras,
3138 2335 3498 2388 dilectissime.

1913 2427 2046 2482 Nam
2074 2442 2187 2492 eos,
2219 2427 2308 2497 qui
2354 2427 2607 2479 furiosum
2654 2434 2842 2480 curant
2886 2425 3178 2492 hominem,
3219 2427 3379 2480 multa
3427 2427 3494 2480 si-

1917 2518 2059 2571 milia
2089 2517 2230 2571 ferre
2273 2531 2493 2571 necesse
2541 2527 2622 2570 est
2656 2535 2668 2569 :
2699 2526 2928 2569 attamen
2957 2533 3062 2570 non
3110 2529 3384 2584 propterea
3412 2517 3501 2569 de.

1915 2609 2244 2674 sistendum;
2268 2608 2359 2663 sed
2389 2609 2507 2663 ideo
2529 2609 2764 2663 maxime
2786 2609 3018 2677 ipsorum
3041 2611 3304 2662 miseriam
3326 2611 3502 2676 Iugero

1916 2699 2189 2766 convenit,
2216 2700 2338 2768 quia
2368 2699 2486 2753 talis
2502 2707 2582 2753 est
2620 2699 2775 2765 hujus
2801 2698 2970 2752 morbi
3000 2700 3222 2765 species.
3259 2698 3384 2751 Haec
3413 2700 3496 2750 fir-

1865 2845 1868 2848 .
1920 2793 2176 2846 rsioribus
2196 2802 2247 2846 et
2292 2791 2599 2845 fortioribus
2621 2791 2826 2860 loquor,
2862 2792 2946 2853 qui
2981 2792 3178 2843 nullum
3221 2806 3282 2843 ex
3317 2805 3499 2841 corum

1917 2881 2184 2952 colloquio
2237 2883 2478 2950 accipere
2530 2882 2730 2950 possint
2775 2881 3174 2934 detrimentum.
3235 2882 3411 2947 itaque
3461 2883 3501 2930 si

1919 2976 2037 3044 quis
2068 2973 2326 3027 infirmior
2347 2974 2436 3035 sit,
2471 2987 2652 3024 eorum
2676 2971 3000 3024 consortium
3029 2969 3211 3039 fugiat,
3231 2972 3295 3022 ab
3322 2987 3502 3023 eorum

1919 3066 2198 3136 colloquiis
2227 3065 2444 3125 resiliat,
2481 3079 2546 3118 ne
2577 3064 2823 3116 amicitias
2869 3063 3004 3115 ratio
3034 3063 3319 3130 impietatis
3349 3077 3503 3114 occa-

1919 3158 2000 3212 sio
2030 3156 2236 3212 evadat.
2267 3155 2354 3210 Sic
2375 3164 2426 3206 et
2453 3154 2649 3207 Paulus
2672 3153 2815 3218 facit,
2847 3153 2957 3220 ipse
2976 3152 3186 3222 quidem
3207 3167 3327 3205 cum
3350 3152 3503 3219 aegris

1921 3257 2182 3313 versatur,
2205 3255 2258 3300 et
2279 3246 2350 3300 ait
2383 3263 2398 3299 :
2434 3244 2620 3299 Factus
2639 3261 2750 3298 sum
2775 3243 2972 3297 Judazis
2995 3254 3246 3312 tamquam
3267 3242 3504 3308 Judwus,

1919 3344 1983 3396 iis
2002 3342 2086 3412 qui
2102 3342 2210 3396 sine
2223 3343 2329 3412 lege
2340 3350 2501 3404 erant,
2522 3350 2772 3410 tamquam
2793 3340 2902 3392 sine
2919 3340 3026 3409 lege
3039 3355 3194 3392 essem
3217 3339 3291 3409 (1.
3318 3337 3432 3391 Cor.
3449 3338 3504 3393 9.

1920 3432 2009 3486 20.
2040 3433 2154 3501 21),
2188 3431 2482 3500 discipulos
2525 3439 2699 3483 autem
2734 3429 3053 3482 infirmiores
3082 3438 3287 3492 avocat,
3319 3427 3508 3495 hisque
3564 3449 3571 3455 ·

1921 3524 2097 3578 verbis
2113 3531 2294 3576 mouet
2305 3538 2366 3574 ac
2378 3522 2531 3573 docet
2549 3539 2561 3572 :
2577 3519 2913 3589 Corrumpunt
2926 3517 3078 3571 bonos
3091 3534 3251 3570 mores
3262 3517 3509 3586 colloquia

1925 3629 2078 3681 prava
2096 3612 2144 3683 (Ι
2153 3613 2256 3665 bid.
2292 3612 2374 3665 15.
2397 3613 2517 3680 53);
2541 3625 2601 3663 ac
2613 3625 2847 3672 rursum,
2867 3608 3012 3662 Exite
3031 3609 3092 3661 de
3118 3609 3282 3661 medio
3310 3624 3504 3672 eorum,

1924 3713 1969 3753 et
2003 3702 2328 3770 separamini,
2359 3701 2478 3752 dicit
2511 3699 2759 3752 Dominus
2789 3698 2865 3769 (2.
2895 3697 3013 3752 Cor.
3040 3698 3093 3751 6.
3127 3699 3238 3766 17).
3270 3697 3505 3751 Medicus

1923 3793 2065 3846 enim
2105 3792 2149 3846 si
2180 3801 2432 3859 tegrotum
2483 3789 2656 3853 adeat,
2695 3799 2748 3842 et
2785 3789 2883 3842 sibi
2928 3797 2980 3840 ct
3024 3788 3099 3840 illi
3140 3801 3510 3855 saepcmuuero

1924 3881 2173 3950 prodest;
2209 3879 2469 3933 infirmior
2496 3887 2669 3932 autem
2709 3886 2763 3931 et
2807 3877 2906 3930 sibi
2933 3886 2988 3931 et
3029 3885 3228 3945 mgroto
3258 3884 3437 3938 nocet,
3464 3877 3509 3930 si

1923 3987 2044 4025 cum
2063 3970 2216 4039 :rgris
2231 3970 2588 4023 admisceatur
2605 3987 2617 4022 :
2637 3969 2780 4020 illum
2803 3968 2996 4036 quippe
3026 3967 3154 4020 nihil
3168 3967 3354 4035 juvare
3371 3975 3510 4033 pote-

1924 4061 2012 4122 rit,
2044 4059 2260 4128 ipseque
2290 4073 2352 4111 ex
2377 4057 2686 4126 :rgritudiue
2713 4072 2958 4126 magnum
2990 4056 3201 4110 hauriet
3219 4070 3506 4109 nocumen-

1927 4162 2056 4203 unn.
2111 4149 2367 4217 Quodque
2415 4150 2447 4202 ii
2501 4149 2768 4218 patiuntur
2812 4149 2899 4217 qui
2948 4147 3281 4216 lippientium
3327 4149 3511 4202 oculos

1928 4243 2266 4313 inspicientes
2288 4242 2428 4295 illius
2447 4241 2546 4294 sibi
2566 4240 2884 4294 infirmitatis
2903 4240 3102 4309 aliquid
3127 4241 3419 4306 attrahunt,
3439 4240 3506 4294 id-

1926 4333 2098 4400 ipsmu
2125 4333 2390 4400 patientur
2417 4332 2448 4384 ii
2466 4332 2552 4400 qui
2579 4347 2697 4386 cum
2729 4329 3053 4398 blasphemis
3081 4331 3181 4385 illis
3209 4331 3512 4386 hominibus

1926 4431 2242 4488 versantur;
2298 4424 2341 4476 si
2393 4423 2711 4477 infirmiores
2757 4422 2882 4485 sint,
2932 4437 3173 4491 magnam
3227 4423 3512 4492 impietatis

1939 4513 2146 4574 partem
2180 4504 2534 4557 contrahunt.
2565 4502 2642 4557 Ne
2669 4503 3090 4573 igiturmaxima
3119 4505 3276 4559 nobis
3311 4508 3512 4562 damna

1937 4596 2237 4653 inferamus
2257 4636 2271 4660 ,
2301 4597 2517 4650 illorqu
2549 4597 2886 4650 consortium
2913 4595 3145 4650 vitemus
3167 4637 3180 4658 ,
3208 4595 3373 4650 Deum
3403 4599 3514 4653 cle-

1936 4689 2356 4752 mentissimmn,
2375 4687 2595 4756 quivult
2616 4703 2805 4742 omnes
2828 4688 3074 4743 homines
3099 4689 3278 4742 salvos
3301 4691 3434 4754 fieri,
3459 4701 3512 4745 et

1935 4781 2002 4836 ad
2022 4782 2346 4849 agnitionem
2368 4780 2609 4832 veritatis
2623 4779 2804 4831 venire
2822 4779 2865 4848 (I
2882 4779 3104 4834 .Tim.2.
3127 4781 3203 4849 4),
3225 4793 3510 4850 precantes

1930 4877 2395 4942 obsecrantesque,
2426 4881 2486 4925 ut
2530 4887 2623 4925 eos
2651 4873 2718 4924 ab
2747 4886 2930 4926 errore
2956 4871 3144 4926 liberet
3172 4879 3226 4925 et
3265 4885 3294 4925 a
3323 4871 3515 4941 laqueo

1933 4964 2149 5024 diaboli,
2197 4974 2251 5017 et
2293 4963 2356 5016 ad
2409 4963 2582 5016 lmneu
2631 4962 2867 5015 scientia:
2910 4961 3131 5016 reducat
3185 5002 3200 5027 ,
3231 4976 3421 5028 nempe
3449 4960 3516 5014 ad

1937 5059 2099 5111 Deum
2130 5057 2336 5111 Patrem
2369 5054 2576 5108 Domini
2622 5054 2787 5108 nostri
2818 5053 2944 5109 Jcsu
2987 5054 3203 5119 Christi,
3232 5070 3352 5108 eum
3383 5054 3516 5108 vivi-

1935 5147 2033 5201 fico
2059 5155 2112 5200 et
2153 5154 2336 5201 sancto
2382 5145 2599 5214 Spiritu,
2632 5145 2713 5199 cui
2756 5146 2922 5215 gloria
2965 5156 3016 5199 et
3048 5146 3347 5214 imperium,
3379 5158 3518 5198 nunc

1932 5245 1986 5289 et
2014 5251 2242 5306 semper,
2270 5243 2326 5292 ct
2368 5236 2420 5290 iu
2448 5237 2642 5292 secula
2670 5236 3004 5292 saeclorum.
3039 5238 3226 5291 Amen.
