3854 6222
349 283 448 338 ’19

361 404 3187 439 ____________________._____.____._.______._____..

993 281 1053 339 S.
1089 277 1371 340 JOANNlS
1398 271 1877 332 CHRYSOS'I‘OSII
1919 270 2235 327 ABClllEl’.
2275 268 2810 327 CONSTANTINOP.

998 515 1212 627 DE
1270 502 2992 627 INCOJHPREHENSIBILI,

729 745 810 789 ΒΤ
850 740 1022 798 QUOD
1063 738 1226 783 που
1269 735 1353 781 NB
1393 729 1641 787 QUIDEII
1684 725 1831 772 8833
1873 723 2332 769 ATTKIIPEBANS
2375 726 2415 770 Δ
2459 726 2781 776 εειηιιω
2825 732 3019 778 F833!
3059 734 3293 781 1⁵08811⁸.

1825 851 2194 909 W
2264 870 2267 873 λ

917 1054 1136 1097 ιιυιιιιΑ
1173 1049 1389 1091 TERTIA.

439 1182 491 1237 l.
519 1176 794 1234 Laboriosi
832 1172 1103 1245 agricolae,
1133 1184 1254 1224 cum
1283 1165 1531 1222 arborem
1570 1160 1754 1215 vident
1781 1156 1950 1213 infru-

361 1283 601 1330 ctuosam
629 1278 683 1325 et
711 1268 1045 1341 sylvestrem,
1075 1263 1289 1333 suisque
1317 1256 1584 1315 laboribus
1602 1253 1947 1317 officientem,

363 1380 485 1435 quas
509 1361 594 1418 vel
630 1359 824 1416 radicis
846 1356 1059 1421 duritie,
1085 1355 1169 1411 vel
1206 1351 1409 1408 umbrae
1443 1346 1725 1417 densitate,
1769 1342 1953 1398 fructi-

365 1457 506 1514 feras
529 1456 723 1526 stirpes
749 1460 1076 1521 corrumpat,
1104 1460 1314 1504 summa
1346 1457 1463 1499 eam
1508 1437 1778 1510 diligentia
1806 1450 1953 1491 rese-

365 1556 509 1605 cant.
556 1546 710 1617 Saepe
747 1553 923 1599 autem
970 1551 1160 1596 ventus
1200 1537 1407 1591 irruens
1448 1532 1735 1587 sectionem
1759 1526 1947 1597 juvat,

367 1637 738 1707 frondiumque
761 1647 967 1690 comam
993 1631 1276 1700 impetens,
1304 1639 1369 1680 ac
1391 1637 1579 1693 magna
1606 1620 1658 1675 vi
1683 1619 1947 1689 quatiens,

365 1728 562 1799 frangit
602 1727 764 1790 illam,
798 1725 850 1778 in
894 1732 1197 1788 terramque
1245 1715 1557 1788 prosternit,
1601 1722 1954 1781 magnamque

367 1820 469 1874 illis
516 1816 714 1873 laboris
759 1823 962 1886 partem
1008 1811 1200 1866 aufert.
1249 1809 1384 1863 Cum
1430 1820 1561 1874 ergo
1604 1817 1703 1857 nos
1744 1812 1955 1870 quoque

365 1911 616 1967 arborem
646 1906 1037 1979 praecidendam
1065 1916 1315 1959 curemus
1357 1899 1670 1972 sylvestrem
1695 1902 1753 1950 et
1790 1891 1957 1948 infru-

365 2012 627 2069 ctuosam,
651 2004 1030 2056 Anomteorum
1056 1996 1259 2052 scilicet
1279 1991 1546 2055 hmresim,
1570 1988 1737 2043 Deum
1767 1998 1956 2056 prece-

366 2111 509 2162 mur,
539 2102 599 2149 ut
625 2092 779 2148 nobis
802 2091 1031 2162 Spiritus
1056 2087 1276 2159 gratiam
1305 2084 1497 2148 mittat,
1531 2088 1588 2135 ut
1610 2080 1756 2135 omni
1795 2084 1956 2133 vento

367 2184 736 2242 vehementius
785 2185 1078 2253 ingruens,
1125 2177 1371 2233 haeresim
1416 2171 1668 2228 radicitus
1714 2168 1911 2225 evellat
1935 2207 1952 2232 ,

368 2276 630 2347 nobisque
657 2275 890 2330 laborem
938 2270 1128 2327 reddat
1171 2268 1445 2323 leviorem.
1474 2264 1592 2321 Jam
1623 2263 1769 2317 enim
1814 2271 1953 2315 terra

370 2370 591 2436 inculta,
617 2383 735 2438 qua:
763 2365 1115 2437 agricolarum
1144 2360 1389 2416 manibus
1412 2373 1519 2412 non
1559 2353 1790 2410 exercita
1831 2361 1912 2407 est
1934 2392 1952 2418 ,

371 2460 565 2516 herbas
605 2457 842 2522 vitiosas,
887 2456 1158 2525 spinarmu
1189 2451 1293 2506 vim
1323 2459 1379 2505 et
1403 2448 1624 2503 arbores
1668 2444 1956 2517 sylvestres

369 2568 437 2610 cx
463 2553 580 2608 sinu
608 2565 707 2606 suo
732 2564 877 2618 saepe
905 2547 1126 2608 eduxit;
1159 2545 1228 2599 ita
1254 2551 1310 2599 et
1339 2543 1715 2596 Anomosorum
1745 2536 1954 2592 deserta

368 2645 566 2710 anima,
591 2653 645 2698 et
666 2658 733 2696 eo
758 2641 906 2696 cultu
931 2639 1019 2708 qui
1047 2653 1111 2692 ex
1133 2635 1423 2704 Scripturis
1443 2638 1622 2686 manat
1645 2629 1866 2699 privata,
1889 2642 1954 2681 ex

369 2751 429 2790 se
473 2735 611 2789 hanc
636 2732 801 2788 feram
844 2730 1220 2799 horridamque
1267 2725 1512 2781 haeresim
1556 2721 1764 2779 eduxit.
1812 2719 1958 2774 Hanc

369 2827 566 2897 quippe
592 2824 838 2879 arborem
868 2836 1041 2893 neque
1069 2819 1265 2875 Paulus
1295 2814 1572 2887 plantavit,
1619 2829 1719 2869 nec
1766 2810 1957 2882 Apollo

375 2916 587 2987 rigavit,
620 2929 719 2970 nec
748 2915 888 2969 Deus
915 2911 1063 2967 auxit
1087 2928 1103 2977 ;
1133 2909 1229 2967 sed
1255 2907 1512 2979 plantavit
1540 2905 1753 2976 quidem
1794 2903 1960 2957 ratio-

369 3008 630 3062 ciniorum
661 3005 1028 3076 intempestiva
1070 3002 1378 3066 curiositas,
1411 2999 1602 3070 rigavit
1642 2996 1958 3066 arrogantia:

373 3111 570 3163 tumor,
602 3098 750 3153 auxit
791 3112 942 3152 vana:
983 3091 1168 3166 glorise
1212 3109 1383 3149 amor.
1414 3091 1666 3162 Opusquc
1695 3090 1848 3146 nobis
1876 3097 1957 3144 est

370 3191 601 3262 Spiritus
624 3188 857 3254 ﬂamma,
888 3195 948 3243 ut
973 3187 1257 3257 pessimam
1284 3185 1421 3239 hanc
1446 3183 1678 3240 radicem
1705 3199 1810 3236 non
1843 3190 1959 3236 tan-

374 3291 485 3338 tum
528 3281 841 3346 evellamus,
867 3279 962 3335 sed
1000 3279 1162 3335 etiam
1205 3277 1601 3333 comburamus.
1647 3275 1959 3329 lnvocemus

372 3368 549 3435 itaque
587 3365 782 3435 ipsum,
828 3363 915 3434 qui
961 3363 1030 3417 ab
1077 3362 1184 3418 illis
1226 3361 1441 3431 quidem
1482 3360 1898 3430 blasphematur,
1925 3374 1956 3413 a

371 3456 527 3512 nobis
553 3465 734 3510 autem
759 3454 1101 3520 celebratur;
1130 3466 1485 3523 rogemusque
1514 3462 1571 3506 ut
1600 3453 1831 3522 linguam
1858 3466 1957 3506 no-

370 3556 536 3601 stram
576 3545 644 3599 ad
687 3544 998 3600 celeriorem
1027 3560 1241 3599 cursum
1283 3543 1497 3608 excitet,
1541 3549 1595 3599 et
1618 3552 1848 3598 mentem
1893 3542 1959 3598 ad

369 3635 650 3691 clariorem
676 3634 1020 3691 dicendorum
1047 3633 1446 3704 intelligentiam
1487 3635 1709 3703 aperiat.
1737 3632 1841 3687 Pro
1868 3634 1960 3687 illo

372 3740 624 3796 namque,
651 3734 707 3780 et
736 3740 833 3796 pro
860 3725 1025 3795 gloria
1054 3725 1170 3795 ejus
1198 3734 1343 3781 totus
1367 3725 1453 3780 hic
1479 3725 1629 3781 labor
1653 3725 1957 3794 suscipitur,

372 3817 483 3873 imo
504 3818 678 3887 potius
702 3833 798 3887 pro
825 3818 996 3873 salute
1019 3826 1220 3872 nostra.

442 3907 543 3962 Dei
579 3908 755 3962 laudes
795 3924 893 3962 non
919 3906 1049 3973 Deo,
1073 3907 1162 3962 sed
1202 3907 1397 3962 homini
1438 3915 1665 3977 prosunt.
1696 3937 1767 3947 —
1792 3907 1957 3963 Deum

371 4000 518 4055 enim
559 4014 718 4055 nemo
764 4000 848 4055 vel
893 3999 1287 4056 contemnendo
1330 3999 1545 4064 laedere,
1575 3998 1659 4054 vel
1696 3998 1964 4054 laudando

372 4092 717 4148 illustriorem
756 4092 930 4147 facere
976 4093 1210 4161 pcterit;
1256 4091 1350 4147 sed
1397 4092 1450 4145 in
1491 4107 1586 4146 sua
1632 4106 1847 4161 seraper
1875 4092 1963 4146 ille

375 4192 554 4236 manet
595 4182 783 4251 gloria,
815 4198 915 4236 nec
945 4181 1188 4236 laudibus
1232 4190 1438 4241 auctus,
1470 4196 1572 4236 nec
1620 4182 1963 4252 blasphemiis

374 4272 703 4328 imminutus.
753 4272 1007 4327 Homines
1056 4287 1186 4327 vero
1229 4271 1317 4342 qui
1374 4273 1522 4326 illum
1565 4288 1664 4343 pro
1708 4275 1963 4343 dignitate

376 4361 611 4425 laudant,
654 4362 760 4416 imo
791 4377 888 4431 pro
933 4362 1189 4433 dignitate
1232 4377 1391 4418 nemo
1420 4371 1613 4433 p0test,
1642 4364 1735 4419 sed
1761 4381 1858 4435 pro
1882 4365 1962 4418 fa-

373 4451 574 4508 cultate
601 4466 718 4519 sua,
751 4453 922 4508 laudis
948 4452 1177 4508 fructum
1203 4464 1636 4524 consequuntur:
1668 4456 1755 4525 qui
1783 4466 1962 4512 autem

374 4545 549 4613 ipsum
577 4544 949 4615 blasphemant
970 4560 1033 4601 ac
1059 4545 1406 4615 vilipendunt,
1433 4544 1583 4601 suam
1614 4547 1712 4617 ipsi
1739 4549 1961 4603 salutem

375 4637 644 4692 amittuut.
673 4637 804 4692 lllud
828 4638 969 4692 enim
988 4679 1002 4702 ,
1037 4637 1138 4703 Qui
1153 4638 1279 4708 jecit
1302 4639 1523 4709 lapidem
1555 4656 1776 4706 sursum,
1798 4641 1851 4694 in
1877 4657 1966 4694 ca-

376 4738 466 4799 put
493 4746 638 4784 suum
658 4731 780 4802 jecit
809 4729 996 4802 (Eccli.
1039 4729 1130 4785 27.
1160 4730 1277 4802 28),
1309 4731 1378 4786 de
1414 4730 1736 4800 blasphemis
1763 4730 1963 4787 dictum

380 4829 483 4878 est.
507 4821 967 4888 Quemadmodum
995 4823 1137 4878 enim
1166 4823 1256 4894 qui
1284 4822 1514 4892 lapidem
1546 4825 1598 4877 in
1628 4823 1791 4876 altum
1814 4825 1964 4893 jacu-

383 4914 538 4979 latur,
565 4912 778 4969 caeleste
815 4913 1030 4985 quidem
1073 4930 1268 4986 corpus
1310 4915 1554 4971 scindere
1579 4931 1684 4970 nou
1727 4917 1960 4985 poterit,

379 5020 554 5077 neque
579 5005 646 5061 ad
674 5014 873 5061 tantam
899 5007 1233 5064 altitudinem
1260 5009 1586 5079 pertingere,
1631 5008 1726 5064 sed
1756 5008 1963 5079 plagam

376 5113 480 5155 suo
521 5098 695 5168 capite
735 5099 987 5170 excipiet,
1029 5098 1204 5169 lapide
1247 5100 1300 5155 in
1338 5099 1619 5169 jacientem
1648 5099 1962 5155 reridente:

379 5190 459 5244 sic
483 5188 574 5259 qui
605 5188 659 5243 in
685 5188 893 5245 beatam
923 5190 1271 5244 subSIantiam
1302 5189 1654 5260 blaspltcmat,
1683 5189 1825 5245 illam
1850 5190 1966 5262 qui-

379 5278 501 5335 dem
554 5294 840 5350 numquam
894 5280 1127 5343 laeserit,
1183 5289 1366 5350 utpote
1420 5296 1540 5351 qua:
1589 5280 1746 5353 longe
1796 5282 1967 5352 major

380 5370 746 5441 excelsiorque
768 5372 858 5439 sit,
883 5387 1041 5442 quam
1069 5380 1127 5426 ut
1153 5372 1319 5441 possit
1353 5372 1566 5442 aliquod
1591 5372 1839 5429 damnum
1869 5389 1967 5430 ex-

378 5462 600 5532 cipere;
645 5461 739 5518 sed
779 5469 964 5518 contra
1011 5462 1241 5517 animam
1282 5478 1433 5517 suam
1462 5464 1480 5496 ⁸
1510 5463 1741 5535 gladium
1784 5467 1962 5533 acuit,

442 5620 458 5647 ι
497 5624 571 5665 Stc
591 5628 763 5665 omnes
794 5616 900 5667 fere
919 5624 1107 5681 Mss.,ct
1120 5619 1184 5671 ita
1200 5615 1328 5683 legit
1348 5618 1626 5671 Theodorus
1647 5625 1782 5684 Gaza;
1800 5621 1964 5673 Morel.

388 5689 527 5736 vero,
547 5684 689 5741 caput
712 5690 871 5728 suum.

2056 1022 2294 1094 ingratus
2319 1041 2442 1099 erga
2473 1029 2865 1090 benefactorem
2894 1037 3134 1094 effectus.
3168 1038 3433 1097 Vocemus
3463 1040 3661 1112 itaque

2058 1114 2231 1185 ipsum
2247 1117 2564 1177 ineffabilem
2580 1124 2620 1190 ί,
2635 1125 3077 1198 inintclligibilem
3092 1131 3280 1198 Deum,
3296 1132 3656 1202 invisihilem,

2056 1207 2672 1283 incomprehensibilem,
2691 1215 2939 1274 humana:
2954 1219 3145 1291 lingua:
3158 1222 3261 1275 vim
3274 1232 3654 1292 superantem,

2055 1299 2298 1355 mortalis
2342 1306 2536 1360 mentis
2561 1307 3090 1377 comprehensionem
3130 1312 3502 1380 excedentem,
3548 1330 3657 1368 an-

2054 1390 2190 1461 gelis
2214 1407 2320 1447 non
2346 1395 2705 1465 vestigabilem
2725 1400 2770 1468 ’,
2797 1399 3109 1471 Scrapltiuis
3137 1403 3481 1471 invisihilem,
3510 1404 3660 1461 Che-

2058 1481 2261 1537 rubinis
2283 1482 2748 1557 iniutelligibilem,
2772 1490 3203 1562 iuaspectabilem
3228 1494 3657 1566 Principatibns,

2058 1571 2437 1642 Potestatibus,
2468 1575 2784 1648 Virtutibus,
2815 1597 2878 1637 ac
2921 1583 3230 1653 simpliciter
3252 1589 3396 1641 omni
3427 1598 3659 1643 creatu-

2059 1679 2134 1719 rae
2163 1681 2179 1719 :
2207 1680 2237 1719 a
2264 1668 2380 1723 solo
2403 1678 2580 1724 autem
2611 1671 2748 1729 Filio
2773 1682 2826 1729 et
2853 1690 2884 1728 a
2911 1674 3109 1746 Spiritu
3135 1687 3319 1733 sancto
3347 1680 3656 1749 cognitum.

2058 1756 2167 1813 Nec
2189 1759 2373 1829 ignoro
2399 1777 2493 1818 eos
2520 1779 2604 1820 me
2630 1767 2932 1835 petulantiae
2959 1780 3302 1827 accusaturos
3326 1789 3468 1839 esse,
3503 1775 3660 1842 quod

2059 1848 2190 1919 ipsis
2235 1854 2480 1921 supernis
2510 1855 2802 1913 Virtutibus
2831 1858 3003 1929 ipsum
3052 1861 3660 1933 ineomprehensihilem

2058 1956 2179 1998 esse
2220 1943 2444 2000 dixerim
2493 1963 2647 2018 :ego
2705 1958 2883 2006 autem
2938 1952 3058 2008 ideo
3111 1969 3374 2011 summam
3429 1957 3661 2013 illorum

2059 2035 2420 2105 arrogantiam
2460 2048 2514 2093 et
2546 2039 2803 2095 insaniam
2851 2043 3137 2101 damuabo.
3181 2046 3298 2101 Non
3324 2049 3469 2103 enim
3498 2061 3661 2118 petu-

2060 2124 2219 2180 lantia
2270 2138 2353 2182 est
2401 2128 2600 2195 dicere,
2648 2139 2943 2189 creatorem
2994 2138 3230 2192 omnium
3278 2150 3658 2200 creaturarum

2057 2225 2268 2284 captum
2313 2225 2368 2272 et
2395 2219 2751 2288 cognitionem
2794 2238 3084 2293 superare;
3130 2228 3226 2284 sed
3271 2229 3452 2286 dicere
3478 2248 3654 2299 eum,

2059 2309 2146 2375 qui
2177 2308 2424 2376 superuis
2458 2308 2748 2367 Virtutibus
2777 2313 3323 2385 incomprehensibilis
3363 2322 3455 2388 sit,
3492 2340 3658 2392 posse

2059 2399 2127 2452 ah
2157 2398 2302 2455 humi
2344 2403 2673 2473 repentibus,
2702 2407 2794 2476 qui
2843 2416 3044 2465 tantum
3088 2411 3287 2468 distant
3311 2415 3378 2470 ab
3409 2415 3539 2479 illis,
3573 2418 3657 2471 iu~

2060 2489 2210 2545 ﬁrma
2236 2492 2614 2563 cogitationum
2647 2496 2895 2553 facultate
2918 2500 3279 2557 circumscribi
3305 2514 3357 2559 et
3397 2520 3655 2576 τοτυμ-ο-

2061 2582 2242 2639 hendi.
2280 2584 2393 2656 Ego
2435 2587 2651 2657 siquod
2696 2591 2962 2659 pollicitus
2990 2610 3108 2648 sum
3157 2613 3259 2650 non
3305 2597 3655 2655 demonstra-

2060 2688 2208 2738 vero,
2260 2674 2451 2746 dignus
2504 2678 2659 2747 plane
2707 2679 2897 2737 fuerim
2948 2684 3038 2752 qui
3091 2687 3393 2754 petulantia
3439 2690 3656 2747 crimen

2058 2762 2277 2819 subeam
2308 2783 2321 2819 :
2354 2782 2452 2822 vos
2495 2784 2643 2838 vero,
2680 2771 2724 2826 si
2757 2781 3031 2844 postquam
3057 2787 3328 2832 ostensum
3356 2779 3426 2834 sit
3471 2782 3657 2850 ipsum

2060 2857 2309 2926 supernis
2366 2858 2658 2918 Virtutibus
2702 2879 2824 2921 eSSe
2873 2866 3456 2936 incomprehensibilem
3485 2912 3501 2935 ,
3558 2889 3658 2930 vos

2063 2948 2212 3004 illum
2261 2966 2423 3008 nosse
2459 2957 2791 3012 contentiose
2829 2958 3125 3023 affirmetis,
3165 2972 3291 3032 quot
3331 2963 3607 3021 barathris
3635 3010 3655 3034 ,

2062 3049 2192 3109 quot
2235 3044 2541 3112 przeeipitiis
2585 3046 2730 3116 digni
2769 3050 2939 3110 eritis.
2970 3051 3059 3120 qui
3105 3052 3433 3121 incorporeis
3464 3055 3657 3112 Virtu-

2064 3129 2206 3185 tibus
2235 3132 2503 3190 inacccssa
2532 3151 2624 3191 vos
2670 3139 2900 3207 perfecte
2946 3156 3103 3197 ttoSse
3147 3144 3446 3212 petulanter
3486 3146 3659 3215 jaeti-

2062 3223 2221 3278 tatis?

2130 3313 2185 3367 2.
2215 3315 2325 3385 Age
2345 3331 2472 3385 ergo
2509 3318 2573 3372 ad
2603 3335 2714 3374 rem
2755 3321 2921 3391 ipsam
2952 3324 3419 3382 demonstrandam
3453 3346 3655 3400 ιιι-υνυς

2061 3420 2262 3470 remus,
2291 3408 2357 3462 ad
2380 3411 2741 3478 precationem
2771 3430 2982 3469 rursum
3007 3420 3249 3473 conversi
3286 3437 3300 3473 :
3332 3434 3477 3490 sepe
3501 3425 3656 3479 enim

2063 3498 2263 3553 accidet
2294 3509 2352 3554 ut
2380 3501 2492 3570 ipsa
2520 3504 2771 3572 precandi
2794 3505 2962 3562 series
2990 3519 3300 3579 argumenta
3322 3526 3421 3581 pra
3444 3526 3505 3566 re
3531 3530 3657 3583 pro-

2063 3590 2234 3658 posita
2266 3592 2419 3648 nobis
2446 3595 2766 3664 suppeditet.
2782 3596 3044 3654 Vocemus
3069 3601 3244 3670 itaque
3266 3601 3438 3671 ipsum
3465 3602 3657 3676 Regem

2061 3701 2237 3755 regum
2263 3695 2309 3740 et
2341 3686 2610 3742 Dominum
2634 3689 3002 3745 dominantium
3018 3734 3033 3758 ,
3084 3695 3169 3765 qui
3205 3696 3345 3750 solus
3372 3696 3526 3751 habet
3553 3700 3655 3752 ins-

2064 3776 2423 3831 mortalitatem
2455 3818 2471 3844 ,
2510 3788 2557 3832 et
2598 3779 2761 3834 lucem
2806 3783 3197 3839 inaccessibilem
3226 3787 3420 3841 habitat
3452 3804 3471 3843 :
3500 3807 3654 3860 quem

2063 3867 2236 3920 trullas
2252 3868 2511 3922 hominum
2525 3870 2647 3925 vidit
2661 3913 2675 3937 ,
2695 3889 2853 3945 neque
2875 3874 3042 3929 videre
3066 3886 3245 3945 potest,
3276 3878 3359 3932 cui
3380 3889 3459 3933 est
3488 3882 3657 3936 honor

2063 3967 2111 4049 et
2144 3958 2411 4030 imperium
2449 3962 2503 4015 in
2537 3963 2745 4018 scutula.
2776 3965 2933 4021 Amen
2987 3970 3006 4036 (
3038 3969 3089 4022 l.
3135 3967 3264 4024 Tim.
3295 3973 3350 4026 6.
3378 3973 3471 4028 i5.
3504 3975 3575 4030 16
3604 3976 3648 4049 ).

2067 4046 2194 4105 limo
2223 4065 2327 4104 non
2350 4067 2466 4106 mea
2495 4062 2640 4120 sunt,
2668 4056 2762 4111 sed
2788 4056 2936 4113 Pauli
2964 4060 3143 4115 verba.
3164 4062 3241 4116 Tu
3268 4063 3427 4119 velim
3454 4046 3656 4124 artiora:

2069 4139 2212 4195 illius
2268 4141 2517 4211 pietatem
2562 4145 2874 4203 consideres
2900 4190 2916 4216 ,
2959 4166 3306 4223 amoremque
3342 4169 3652 4212 summum:

2064 4244 2185 4284 cum
2206 4232 2347 4286 enim
2366 4232 2460 4288 Dei
2492 4236 2752 4300 meminit,
2776 4253 2884 4292 non
2914 4250 3038 4294 autc
3078 4241 3130 4295 iu
3166 4244 3360 4298 seriem
3390 4245 3655 4304 doctrinae

2071 4321 2312 4390 procedit
2355 4339 2513 4393 quam
2540 4325 2780 4384 debitum
2808 4344 2965 4384 suum
3005 4332 3285 4400 exsolvat,
3336 4351 3462 4389 cum
3495 4336 3657 4394 laude

2068 4427 2371 4469 sermonem
2408 4417 2683 4474 claudens.
2714 4419 2847 4475 Nam
2877 4421 2940 4477 Si
2978 4425 3219 4478 memoria
3232 4427 3365 4495 justi
3388 4444 3508 4481 cum
3534 4431 3658 4483 lau-

2067 4504 2213 4558 dibus
2265 4506 2447 4576 (Prov.
2484 4508 2570 4563 lO.
2603 4508 2693 4580 7),
2736 4512 2905 4566 multo
2929 4514 3094 4583 magis
3125 4517 3381 4571 memoria
3409 4519 3505 4572 Dei
3529 4536 3658 4576 cum

2069 4596 2459 4655 benedictione.
2493 4600 2725 4671 ldipsum
2754 4620 2883 4659 vero
2903 4605 3027 4661 facit
3046 4607 3098 4661 in
3125 4607 3360 4663 exordiis
3390 4613 3659 4680 epistola-

2068 4704 2207 4743 rum.
2240 4691 2448 4761 Smpius
2472 4693 2613 4748 enim
2643 4695 2923 4764 epistolam
2946 4697 3191 4763 ordiens,
3223 4699 3357 4754 facta
3385 4701 3485 4756 Dei
3505 4719 3663 4759 men-

2067 4781 2213 4837 tione
2239 4824 2255 4849 ,
2288 4799 2392 4837 non
2436 4785 2582 4853 prius
2623 4787 2691 4841 ad
2737 4787 3030 4844 doctrinam
3074 4792 3309 4861 procedit
3352 4809 3514 4863 quam
3547 4797 3664 4854 Deo

2066 4872 2298 4929 debitam
2327 4875 2534 4931 laudem
2560 4878 2892 4950 gloriamque
2917 4880 3145 4938 dederit.
3173 4885 3309 4940 Audi
3344 4888 3473 4957 quid
3517 4893 3661 4946 scri-

2066 4963 2201 5021 bens
2224 4965 2290 5020 ad
2319 4966 2532 5023 Galatas
2551 4968 2691 5024 dicat
2719 4988 2733 5024 :
2765 4971 2943 5026 Gratia
2956 4975 3094 5029 vobis
3112 4986 3278 5047 etpax
3298 4994 3333 5032 a
3361 4978 3471 5034 Deo
3500 4979 3666 5039 Patre

2069 5066 2241 5111 nostra
2269 5067 2314 5112 et
2358 5058 2578 5116 Domino
2603 5072 2775 5119 nostro
2797 5063 2923 5120 Jesu
2951 5066 3169 5133 Christo,
3198 5071 3285 5139 qui
3302 5071 3444 5125 dedit
3471 5087 3664 5129 seruet-

2068 5146 2238 5216 ipsum
2265 5165 2358 5220 pro
2383 5153 2601 5219 peccatis
2625 5155 2807 5210 nostris
2825 5196 2840 5219 ,
2872 5167 2927 5211 ut
2953 5158 3167 5228 eriperet
3191 5175 3284 5214 nos
3315 5162 3381 5215 de
3418 5167 3667 5232 prensanti

2068 5242 2256 5297 steeulo
2276 5259 2489 5313 nequam
2513 5247 2786 5300 secundum
2805 5248 3111 5303 voluntatem
3144 5250 3238 5306 Dei
3260 5262 3306 5306 et
3336 5251 3513 5309 Patris
3534 5299 3551 5321 ,
3579 5260 3666 5311 cui

2070 5332 2237 5403 gloria
2276 5332 2330 5388 in
2366 5336 2574 5390 mula.
2630 5337 2790 5392 Amen
2828 5336 2849 5409 (
2878 5338 2997 5393 Gal.
3037 5341 3089 5394 l.
3120 5342 3216 5397 3-5
3246 5342 3285 5412 ).
3319 5343 3667 5415 Rursumque

2073 5422 2245 5478 alibi:
2283 5423 2408 5499 Regi
2433 5435 2601 5480 autem
2652 5429 2953 5483 saeculorum
2987 5432 3261 5487 immortali
3298 5444 3348 5488 et
3387 5435 3666 5503 inuisibili;

2135 5624 2151 5687 ε
2186 5620 2383 5687 Quidam
2409 5631 2513 5675 Mss.
2537 5622 2737 5687 addunt,
2772 5621 3029 5687 inﬁnitum.

2133 5686 2152 5716 ι
2184 5684 2380 5743 quidam
2401 5691 2508 5735 Mss.
2536 5684 2731 5748 addunt,
2764 5684 3067 5752 arthattgclis
3104 5687 3477 5741 ittsrrtuabtleut.
