3854 6222
206 260 309 315 'Ill

200 375 304 428 soli
329 369 538 437 sapienti
556 367 663 422 Deo
675 369 836 420 honor
854 376 901 421 et
920 365 1080 435 gloria
1108 366 1159 418 in
1170 367 1372 419 swcula.
1393 365 1550 418 Amen
1565 365 1611 434 (l
1625 363 1778 417 .Tim.

202 465 259 516 l.
295 463 352 515 l7
382 461 423 528 ).
452 462 530 514 An
557 458 624 512 de
661 457 813 512 Patre
839 456 1009 509 solum
1047 455 1124 510 sic
1145 454 1397 524 loquitur,
1426 453 1493 507 de
1517 454 1652 508 Filio
1682 469 1783 506 non

201 558 375 611 item?
413 555 544 609 Audi
587 553 852 624 quomodo
895 553 1036 606 circa
1086 551 1427 620 Unigenitum
1469 563 1679 618 quoque
1709 548 1787 600 id-

199 652 381 715 ipsum
412 647 597 701 fecerit
625 664 639 700 :
669 660 788 699 cum
816 645 956 697 enim
979 643 1237 707 dixisset,
1270 641 1519 710 Optabam
1547 656 1637 710 ego
1663 657 1788 692 ana-

197 742 375 792 thema
404 754 508 791 csse
536 754 568 789 a
593 735 789 789 Christo
817 751 906 803 pro
929 732 1169 800 fratribus
1200 733 1319 785 meis
1345 773 1360 795 ,
1405 731 1631 802 cognatis
1665 731 1786 784 meis

198 831 481 884 scentulum
503 843 702 880 carnem
724 828 741 896 (
767 827 914 880 llam.
947 825 1000 878 9.
1034 826 1068 879 5
1098 825 1154 892 );
1195 823 1466 890 subjunxit
1496 838 1510 876 :
1564 821 1787 886 Quorum

202 923 416 990 adaptio
446 920 703 986 ﬁliorum,
741 928 790 971 et
813 927 1103 970 testamenta
1136 957 1151 981 ,
1195 925 1240 968 et
1271 915 1515 984 legislatio
1535 956 1549 979 ,
1576 926 1621 967 et
1649 915 1788 968 obse—

202 1015 350 1084 quia.
381 1022 427 1064 et
459 1011 813 1081 promissiones
838 1023 856 1061 :
885 1024 946 1061 ex
968 1009 1144 1075 quibus
1164 1017 1233 1060 est
1261 1005 1489 1060 Christus
1516 1007 1788 1058 secundum

206 1122 432 1167 carnem,
465 1103 549 1165 qui
569 1111 638 1155 est
656 1117 810 1169 super
830 1100 998 1152 omnia
1026 1097 1164 1150 Deus
1186 1096 1468 1150 benedictus
1495 1096 1546 1148 in
1576 1095 1782 1148 swcula.

208 1198 390 1250 Amen.
420 1193 579 1265 (Ibid.
608 1209 654 1245 υ.
684 1194 737 1246 4.
770 1191 850 1259 5).
900 1188 1029 1243 Cmn
1071 1189 1209 1241 enim
1233 1187 1368 1240 sicut
1412 1187 1552 1239 Patri
1583 1227 1596 1249 ,
1639 1185 1708 1238 ita
1736 1192 1790 1238 et

209 1285 494 1354 Unigenito
518 1282 738 1350 gloriam
766 1280 908 1348 ptius
935 1278 1202 1332 retulisset
1223 1319 1234 1337 .
1265 1285 1388 1329 tunc
1416 1275 1676 1328 sermonis
1701 1288 1787 1328 se-

207 1379 345 1434 riem
379 1377 570 1445 repetit
594 1393 609 1430 :
633 1375 869 1428 audierat
889 1373 1030 1426 enim
1059 1372 1325 1425 Christum
1355 1369 1620 1422 dicentem
1656 1384 1668 1420 :
1717 1366 1790 1421 'Ut

209 1486 385 1524 omnes
411 1470 652 1521 honorent
677 1465 887 1526 Filium,
911 1466 1038 1518 sicut
1081 1464 1326 1516 honorant
1353 1459 1560 1516 Patrem
1585 1460 1605 1529 (
1630 1459 1787 1512 ⁸ιοαιῑ.

209 1563 266 1616 5.
297 1561 413 1628 25).
465 1558 528 1615 Ut
557 1575 681 1612 vero
709 1558 923 1612 discalis
962 1556 1100 1626 quod
1132 1555 1242 1622 ipsa
1278 1554 1448 1607 oratio
1481 1561 1790 1622 argumenta

212 1653 369 1704 nobis
393 1649 786 1716 suppeditatum
813 1647 915 1712 sit,
947 1662 1044 1716 age
1071 1646 1212 1699 illam
1244 1645 1296 1698 in
1340 1643 1572 1697 medimn
1610 1642 1790 1712 profc-

213 1760 431 1798 ramus:
460 1742 572 1796 Rea:
592 1757 786 1812 regum,
805 1751 849 1794 et
867 1740 1116 1793 'Dominus
1147 1737 1529 1798 dominantium,
1551 1735 1791 1805 qui-solus

215 1837 363 1888 habet
403 1834 828 1887 immortalitatem
857 1873 872 1898 ,
901 1841 948 1884 et
991 1831 1151 1884 lucem
1179 1830 1368 1882 habitat
1407 1826 1791 1880 inaccessibilent

211 1927 294 1996 (Ι.
339 1925 470 1978 Tim.
508 1924 562 1979 6.
605 1925 690 1978 15.
733 1924 844 1992 lli).
875 1922 969 1976 llic
995 1923 1122 1976 siste
1146 1920 1460 1988 gradum,et
1482 1918 1788 1971 haereticum

197 2016 505 2083 interroga,
530 2013 654 2082 quid
676 2013 933 2082 signiticet
961 2011 1084 2064 illud
1111 2052 1125 2073 ,
1157 2009 1219 2063 Et
1249 2009 1406 2063 lucem
1437 2008 1625 2062 habitat
1653 2008 1793 2060 inac-

213 2105 509 2160 cessibilem.
533 2105 679 2159 Pauli
720 2104 1108 2157 accurationem
1150 2099 1443 2170 perpendas
1469 2099 1652 2153 velim:
1686 2114 1789 2152 non

212 2197 369 2256 dixit,
403 2195 508 2248 Lux
537 2203 618 2249 est
643 2193 1022 2248 inaccessibilis
1045 2209 1059 2257 ;
1092 2191 1208 2254 sed,
1229 2189 1412 2244 Lucem
1439 2190 1627 2242 habitat
1653 2190 1794 2242 inac-

211 2288 529 2341 cessibilem:
558 2295 615 2340 ut
634 2287 804 2340 discas
825 2327 841 2351 ,
873 2284 1012 2354 quod
1036 2285 1078 2338 si
1104 2283 1295 2337 domus
1323 2283 1441 2351 ipsa
1464 2283 1533 2334 sit
1558 2282 1794 2334 inacces-

212 2379 388 2434 sibilis
417 2419 433 2444 ,
464 2388 662 2447 quanto
689 2380 854 2446 magis
877 2378 1032 2439 Deus,
1069 2376 1155 2443 qui
1183 2376 1346 2442 ipsam
1375 2373 1646 2426 inhabitat.
1672 2370 1795 2425 l-lzee

218 2485 383 2540 porro
405 2469 558 2533 dixit,
591 2483 698 2522 non
729 2477 787 2520 ut
808 2467 1024 2520 domum
1057 2474 1106 2518 et
1135 2465 1307 2517 locum
1340 2463 1448 2516 Deo
1477 2476 1594 2515 esse
1621 2461 1794 2529 suspi-

212 2562 378 2626 ceris,
405 2559 497 2615 sed
533 2568 591 2614 ut
616 2557 782 2628 magis
809 2557 1082 2626 magisque
1111 2554 1205 2608 Dei
1237 2551 1792 2621 incomprehensibili-

216 2663 384 2707 tatem
431 2652 658 2708 ediscas.
723 2649 829 2705 Sed
888 2662 1058 2717 neque
1117 2647 1298 2712 dixit,
1347 2645 1542 2699 Lucem
1595 2643 1796 2698 habitat

217 2742 857 2813 incomprehensibilem;
916 2755 1101 2794 verum
1163 2736 1557 2791 inaccessibilem
1583 2775 1598 2799 ,
1655 2733 1794 2803 quod

218 2834 744 2905 incomprehensibili
773 2834 925 2902 longe
967 2831 1135 2898 majus
1181 2839 1284 2884 est.
1333 2827 1796 2896 [incomprehensi-

215 2928 335 2982 bile
377 2940 601 2996 namque
643 2923 836 2978 dicitur
875 2921 1015 2992 quod
1057 2919 1432 2990 perquisitione
1463 2928 1519 2973 et
1553 2917 1798 2972 examine

217 3018 365 3074 facto
393 3015 771 3085 comprehendi
804 3013 1022 3082 nequit:
1061 3010 1424 3066 inaccessibile
1459 3019 1636 3064 autem
1669 3009 1795 3064 illud

221 3118 334 3174 est,
362 3108 500 3177 quod
523 3122 590 3161 ne
617 3104 909 3160 examinari
937 3102 1149 3172 quidem
1179 3117 1208 3155 a
1249 3101 1507 3170 principio
1544 3101 1714 3164 valet,
1745 3108 1800 3155 et

220 3199 294 3252 ad
339 3197 478 3267 quod
527 3211 686 3250 nemo
739 3195 952 3264 propius
997 3191 1253 3246 accedere
1299 3201 1494 3261 potest.
1557 3190 1799 3260 Exempli

215 3303 407 3351 causa,
435 3284 972 3356 incomprehensibile
999 3284 1191 3338 dicitur
1216 3298 1360 3337 mare
1389 3323 1403 3348 ,
1436 3281 1488 3336 in
1517 3281 1657 3351 quod
1680 3295 1800 3335 sese

223 3380 574 3434 immittentcs
603 3377 900 3429 urinatores
923 3413 940 3438 ,
984 3374 1035 3427 iu
1079 3373 1404 3442 multamque
1433 3373 1634 3440 delapsi
1680 3387 1802 3441 pro-

219 3471 562 3533 funditatem,
585 3468 802 3522 fundum
821 3468 1080 3537 attingere
1102 3475 1369 3535 nequeunt
1392 3483 1404 3517 :
1436 3463 1800 3519 inaccessibile

223 3572 407 3618 autem
456 3560 508 3615 id
557 3558 946 3628 dicitur,quod
994 3573 1059 3614 ne
1095 3573 1126 3611 a
1175 3557 1430 3628 principio
1467 3558 1677 3627 quidem
1723 3559 1801 3612 in.

221 3652 442 3722 quirere
469 3659 559 3703 aut
586 3649 808 3703 scrutari
838 3649 1026 3717 possis.

301 3741 356 3794 3.
385 3739 523 3793 Deus
548 3738 1058 3809 incomprehensibilis
1087 3737 1236 3791 etiam
1255 3739 1551 3807 angelis.—
1574 3723 1708 3804 Quid
1735 3738 1802 3792 ad

224 3833 350 3887 lucc
376 3832 572 3886 dixeris
608 3829 968 3883 ?llomiuibus
997 3838 1174 3892 certe,
1224 3829 1457 3896 inquies.
1501 3828 1800 3894 incompre'

225 3922 507 3978 [sensibilis
534 3929 634 3983 est,
662 3919 864 3989 angelis
889 3934 990 3972 non
1020 3919 1144 3972 item
1171 3960 1185 3982 ,
1213 3933 1384 3986 neque
1411 3919 1656 3986 superuis
1682 3917 1802 3971 Vir-

225 4013 453 4068 tutibus.
485 4011 562 4065 Tu
589 4026 715 4080 ergo
743 4011 958 4078 angelus
989 4025 1049 4063 es
1081 4050 1097 4074 ,
1150 4009 1236 4062 die
1263 4007 1390 4061 mihi
1419 4049 1434 4072 ,
1479 4020 1531 4062 et
1558 4009 1608 4061 in
1639 4009 1804 4062 choro

225 4105 668 4171 incorporearum
697 4100 958 4154 Virtutum
987 4097 1398 4152 annumeraris?
1427 4113 1602 4151 nonne
1642 4097 1802 4152 homo

225 4211 292 4251 es
330 4203 385 4248 et
412 4192 649 4262 ejusdem
676 4191 830 4260 cujus
853 4205 951 4260 ego
977 4189 1286 4243 substantiae
1305 4229 1320 4253 ,
1351 4203 1416 4242 an
1446 4198 1644 4242 naturae
1665 4188 1804 4242 obli-

225 4298 320 4340 tus
345 4299 402 4338 es
426 4283 568 4338 tum?
617 4283 880 4337 Ponamus
917 4282 1059 4335 enim
1118 4296 1239 4334 eum
1279 4280 1580 4334 hominibus
1605 4289 1803 4334 tantum

224 4374 652 4432 inaccessibilem
697 4387 819 4428 esse
846 4389 861 4426 ;
892 4372 1099 4427 etiamsi
1153 4371 1280 4424 illud
1321 4386 1419 4425 nec
1475 4371 1803 4441 pr0positum

227 4469 326 4529 sit,
358 4482 452 4519 nec
481 4465 676 4520 dixerit
720 4465 914 4519 Paulus
950 4482 966 4518 :
995 4463 1191 4518 Lucem
1221 4463 1478 4517 inhabitat
1503 4463 1806 4519 hominibus

227 4557 675 4622 inaccessibilem,
706 4557 908 4626 angelis
935 4570 1062 4609 vero
1089 4571 1192 4608 non
1220 4555 1638 4610 inaccessibilem
1665 4573 1679 4610 :
1711 4571 1804 4610 ve-

225 4666 354 4705 rum
385 4690 399 4715 ,
425 4649 469 4703 si
493 4650 664 4717 placet
695 4689 711 4712 ,
742 4648 842 4701 hoc
866 4647 958 4701 tibi
982 4646 1336 4700 concedamus
1361 4687 1376 4710 ,
1405 4662 1582 4700 annon
1613 4655 1668 4701 et
1694 4647 1807 4716 ipse

224 4741 396 4795 homo
413 4740 504 4793 es?
524 4738 682 4804 Quid,
713 4736 758 4791 si
786 4738 987 4806 angelis
1013 4736 1396 4791 inaccessibilis
1424 4753 1526 4790 non
1553 4737 1622 4790 sit
1640 4736 1804 4806 iquid

225 4829 364 4884 illud
389 4829 454 4882 ad
483 4838 554 4894 te,
582 4827 672 4897 qui
700 4827 976 4882 contendis
995 4837 1156 4893 atque
1183 4824 1418 4880 affirmas
1445 4826 1796 4880 substantiam

224 4920 383 4976 illam
427 4918 671 4972 humana:
713 4927 916 4971 natura:
966 4931 1086 4970 esse
1127 4915 1693 4985 comprehensibilem?
1738 4916 1808 4973 Ut

219 5024 364 5064 vero
387 5008 562 5063 discas
587 5022 692 5062 non
722 5006 1027 5061 hominibus
1054 5015 1253 5061 tantmn
1277 5047 1293 5072 ,
1323 5007 1417 5062 sed
1440 5009 1599 5061 etiam
1630 5023 1806 5077 supero

222 5100 321 5156 Iis
345 5098 639 5154 Virtutibus
683 5112 801 5153 esse
841 5097 1292 5162 inacceSsibilem,
1337 5098 1459 5152 audi
1501 5098 1627 5168 quid
1663 5099 1808 5154 dicat

225 5190 440 5244 Isaias:
487 5188 672 5242 Isaiam
716 5187 901 5242 dicens
931 5229 944 5251 ,
989 5186 1218 5257 Spiritus
1253 5189 1567 5242 sententiam
1611 5189 1804 5257 ell'ero;

224 5279 492 5350 propheta
538 5294 768 5349 namque
797 5293 863 5333 ex
906 5280 1213 5346 operatione
1259 5279 1482 5349 Spiritus
1528 5281 1802 5350 loquitur:

221 5369 302 5423 Et
329 5369 518 5439 factum
547 5378 618 5423 est
647 5385 782 5422 anno
812 5410 826 5432 ,
857 5385 956 5436 quo
995 5378 1218 5423 mortuus
1253 5378 1325 5423 est
1370 5386 1459 5424 rea:
1490 5370 1640 5425 Ozias
1664 5413 1677 5435 ,
1705 5372 1807 5426 uidi

223 5457 508 5514 Dominum
531 5459 782 5513 sedentem
803 5475 953 5530 super
974 5458 1207 5511 thronum
1222 5459 1468 5513 excelsum
1483 5470 1528 5513 et
1544 5461 1804 5528 eleuatum,

221 5561 281 5606 et
309 5549 580 5620 Seraphim
603 5551 802 5604 stabant
827 5551 879 5604 in
904 5551 1113 5604 circuitu
1154 5551 1264 5620 ejus
1294 5589 1311 5614 ,
1357 5566 1447 5606 sex
1472 5553 1568 5605 alte
1597 5555 1680 5605 uni
1709 5594 1722 5617 ,
1759 5564 1807 5607 et

223 5657 325 5702 se:
349 5643 447 5699 alar
468 5643 632 5714 alteri,
661 5651 707 5698 et
731 5641 922 5696 duabus
948 5639 1146 5712 quidem
1167 5641 1458 5697 obvelabant
1485 5643 1639 5713 facies
1664 5660 1802 5710 suas,

1137 255 1223 308 DE
1262 251 1934 308 INCOMPREHENSIBILI
1980 254 2086 308 DEI
2128 253 2428 312 NA'I'URA.
2470 256 2552 314 Ill.

3368 262 3470 317 72:2

1894 375 1938 417 et
1962 366 2155 419 duabus
2183 369 2332 435 pedes
2357 367 2508 435 (lsai.
2535 371 2586 425 6.
2620 371 2670 427 1.
2702 371 2778 444 2).
2810 373 2922 439 Dic,
2954 389 3153 446 qumso,
3185 390 3279 430 Cur
3304 380 3467 432 obve-

1893 459 2001 511 laut
2027 460 2190 514 facies
2219 476 2362 524 Suas,
2396 465 2611 534 alasque
2645 469 2983 536 prmtendunt
3011 470 3033 522 ?
3057 469 3165 524 Cur
3184 513 3199 538 ,
3229 472 3464 541 inquam,

1885 549 1994 602 nisi
2023 551 2144 618 quia
2173 550 2348 621 fulgur
2381 569 2412 607 e
2450 554 2640 609 throno
2670 559 3014 626 progrediens
3040 561 3322 631 radiosque
3351 564 3467 618 illos

1894 637 2032 694 ferre
2068 657 2171 692 non
2206 645 2463 709 possunt?
2489 644 2814 716 Quamquam
2854 665 2956 702 non
2987 651 3156 721 ipsum
3187 653 3303 706 sine
3326 663 3468 707 tem-

1894 741 2204 798 peramento
2235 732 2445 800 lumen,
2482 750 2651 804 neque
2679 737 2847 804 ipsam
2888 754 3073 809 puram
3117 743 3464 799 substantiam

1891 821 2144 876 videbant
2171 865 2187 888 ,
2237 825 2330 878 sed
2373 840 2491 895 qua:
2538 828 2854 883 videbantur
2897 840 3241 904 attemperata
3289 849 3460 891 erant.

1891 912 2027 978 Quid
2073 924 2247 966 autem
2304 926 2386 968 est
2441 916 2526 970 illa
2574 921 2995 988 attemperatio?
3039 924 3258 991 Quando
3323 927 3465 982 Deus

1891 1019 1995 1058 non
2026 1006 2160 1060 sicut
2187 1015 2270 1060 est
2297 1018 2534 1076 apparet,
2566 1011 2658 1065 sed
2685 1012 2749 1065 ad
2776 1013 2986 1069 modum
3010 1015 3144 1085 ejus,
3174 1019 3260 1086 qui
3292 1019 3462 1088 ipsum

1887 1097 2099 1152 visurus
2128 1109 2228 1160 est,
2251 1114 2368 1153 sese
2392 1110 2705 1170 attemperat
2729 1145 2744 1169 ,
2767 1106 3160 1178 videndumque
3187 1110 3463 1165 inﬁrmita-

1891 1187 1930 1239 ti
1961 1202 2080 1242 sese
2101 1189 2483 1244 accommodat.
2512 1191 2660 1260 Quod
2679 1205 2853 1249 autem
2869 1205 3461 1268 perattemperatimuun

1894 1278 2063 1344 fieret,
2095 1294 2157 1334 ex
2189 1280 2316 1349 ipsis
2342 1282 2516 1336 verbis
2548 1284 2718 1352 palam
2753 1297 2870 1342 est:
2901 1305 3018 1342 nam
3049 1291 3122 1344 ait
3149 1332 3163 1355 ,
3217 1291 3324 1346 Vidi
3361 1297 3462 1347 Ito-

1887 1369 2081 1420 minum
2117 1370 2365 1423 sedentem
2403 1389 2554 1442 super
2595 1374 2829 1428 thrmtum
2855 1381 3100 1432 excelsum
3129 1390 3172 1434 et
3200 1383 3460 1438 eleuatum.

1888 1458 2033 1512 Dens
2058 1468 2234 1514 autem
2279 1476 2383 1515 non
2423 1463 2603 1528 sedet,
2627 1467 2864 1533 corporis
2890 1471 3032 1524 enim
3076 1469 3160 1526 hic
3184 1472 3317 1526 situs
3343 1485 3423 1527 est
3446 1492 3460 1540 ;

1887 1566 2048 1618 super
2077 1551 2309 1604 thronum
2333 1569 2352 1616 ;
2376 1563 2431 1606 at
2455 1555 2592 1610 Deus
2620 1557 2670 1610 in
2712 1557 2903 1611 throno
2929 1561 3188 1616 contineri
3234 1569 3407 1635 nequit
3446 1609 3459 1631 ,

1885 1655 2089 1694 numen
2117 1641 2308 1711 quippe
2335 1643 2844 1715 incircumscriptum
2884 1659 2983 1704 est.
3017 1653 3260 1707 Attamen
3283 1657 3359 1709 sic
3380 1667 3462 1710 ul.-

1889 1741 2242 1799 temperatum
2265 1733 2404 1790 ferre
2427 1751 2530 1790 non
2561 1748 2804 1805 poterant
2831 1782 2844 1801 ,
2871 1758 3189 1814 quamquam
3220 1751 3461 1815 proxime

1886 1831 2093 1875 starent
2128 1841 2141 1876 :
2178 1823 2448 1895 Seraphim
2475 1830 2616 1881 enim
2645 1830 2841 1883 stabant
2866 1832 2916 1885 in
2941 1834 3148 1888 circuitu
3169 1839 3297 1907 ejus.
3343 1840 3464 1896 Ideo

1895 1927 2025 1965 vero
2056 1914 2282 1969 maxime
2302 1917 2481 1972 videre
2511 1936 2613 1973 non
2647 1930 2914 1989 poterant,
2953 1927 3073 1994 quia
3102 1944 3266 1998 prope
3292 1945 3462 1987 erant.

1896 2000 2065 2069 PrOpe
2093 2015 2292 2069 autem,
2327 2007 2511 2074 inquit,
2537 2025 2638 2062 non
2672 2010 2822 2077 loco;
2853 2014 2945 2068 sed
2971 2031 3090 2070 eum
3117 2019 3275 2074 vellet
3297 2019 3470 2091 Spiri-

1895 2099 1980 2144 tus
2000 2102 2216 2148 sanctus
2245 2095 2513 2150 declarare
2541 2139 2554 2164 ,
2589 2099 2704 2152 illas
2738 2101 2968 2158 Virtutes
2995 2107 3092 2160 etsi
3127 2110 3468 2179 propinquio-

1897 2195 1983 2233 rcs
2027 2183 2181 2235 nobis
2224 2196 2400 2238 essent
2429 2187 2500 2239 illi
2544 2188 2886 2256 substantia),
2935 2211 3038 2248 non
3083 2207 3254 2252 tamen
3301 2201 3467 2268 ipsam

1896 2269 2076 2324 videre
2101 2272 2352 2339 potuisse,
2387 2276 2584 2331 idcirco
2617 2280 2732 2334 ait:
2765 2282 3036 2350 Seraphim
3070 2289 3267 2341 stabant
3293 2290 3344 2343 in
3365 2293 3469 2344 cir-

1896 2363 2031 2414 cuitu
2057 2366 2200 2432 ejus;
2224 2383 2326 2420 non
2351 2367 2522 2422 locum
2553 2371 2813 2438 indicans,
2844 2376 2937 2429 sed
2960 2377 3059 2431 loci
3084 2385 3470 2450 propinquitate

1896 2457 2172 2523 propiores
2197 2459 2331 2522 illas,
2353 2476 2508 2530 quam
2538 2479 2634 2518 nos
2653 2505 2669 2528 ,
2692 2481 2809 2520 esse
2834 2467 3128 2524 declarans.
3163 2471 3466 2542 lncompre-

1899 2546 2220 2604 hensihilem
2252 2552 2392 2606 enim
2417 2554 2587 2622 illum,
2622 2573 2726 2610 non
2755 2568 2858 2612 tam
2883 2562 3125 2616 novimus
3149 2580 3278 2630 nos,
3311 2583 3467 2634 quam

1897 2640 2000 2693 ilhc
2025 2641 2276 2709 Virtutes,
2305 2660 2420 2712 qua:
2447 2657 2645 2716 quanto
2667 2651 2932 2716 puriores,
2964 2662 3108 2707 tanto
3123 2657 3472 2724 sapientiores

1898 2737 1952 2782 et
1979 2731 2388 2799 perspicaciores
2432 2734 2658 2789 humana
2702 2749 2888 2795 natura
2927 2752 3067 2796 sunt.
3115 2743 3470 2812 Quemadmo-

1899 2819 2022 2872 dum
2049 2822 2188 2874 enim
2217 2823 2465 2877 solarium
2510 2826 2774 2880 radiorum
2815 2831 3324 2890 inaccessibilitatem
3367 2854 3470 2892 non

1900 2909 2117 2976 perinde
2137 2924 2310 2966 caecus
2337 2921 2495 2983 atque
2523 2915 2566 2968 is
2594 2917 2681 2985 qui
2712 2918 2850 2972 videt
2879 2935 3068 2986 capere
3097 2932 3291 2991 potest,
3322 2927 3388 2978 ita
3419 2938 3473 2982 et

1901 2999 1996 3052 Dei
2047 2999 2728 3069 incomprehensibilitatem
2769 3024 2872 3060 non
2915 3012 3134 3081 perinde
3175 3029 3270 3068 nos
3314 3026 3473 3085 atque

1901 3089 2006 3144 illae
2036 3091 2298 3146 novimus.
2329 3094 2591 3159 Quantum
2636 3099 2776 3152 enim
2821 3099 3106 3156 discrimen
3149 3113 3231 3156 est
3272 3119 3473 3160 caecum

1903 3183 2040 3236 inter
2062 3193 2117 3238 et
2145 3185 2406 3241 videntem
2433 3228 2447 3251 ,
2483 3198 2626 3242 tanta
2667 3201 2749 3245 est
2778 3192 2916 3246 inter
2945 3209 3040 3246 nos
3083 3203 3138 3248 et
3163 3196 3280 3250 illas
3319 3197 3472 3252 diffe-

1901 3275 2087 3327 rentia.
2122 3274 2300 3344 Itaque
2326 3277 2445 3332 licet
2468 3279 2779 3349 prephetam
2806 3282 2993 3336 audias
3023 3283 3322 3349 dicentem,
3358 3284 3473 3341 Vidi

1902 3362 2270 3427 Dominum,ne
2296 3369 2580 3438 suspiceris
2595 3386 2716 3423 eum
2739 3371 3288 3429 vidissesubStantiam
3308 3376 3473 3441 illam,

1903 3456 1995 3508 sed
2035 3460 2433 3525 attemperantis
2475 3475 2534 3514 se
2577 3461 2795 3513 fortnam
2827 3502 2843 3530 ,
2889 3479 3112 3533 eamque
3149 3466 3426 3520 obscurius
3457 3508 3471 3531 ,

1904 3564 2062 3616 quam
2103 3564 2347 3619 superna:
2381 3551 2612 3606 Virtutes
2659 3565 2916 3607 cernant:
2952 3571 3055 3610 non
3096 3565 3296 3611 tantum
3333 3559 3474 3613 enim

1907 3641 2084 3694 videre
2115 3643 2299 3709 potuit,
2328 3653 2580 3711 quantum
2617 3645 2924 3699 Cherubim.

1975 3733 2029 3786 4.
2076 3731 2239 3785 Homo
2268 3749 2330 3786 ne
2368 3735 2530 3803 angeli
2568 3736 2767 3802 quidem
2793 3735 3120 3790 substantiam
3145 3738 3294 3807 facile
3315 3737 3478 3791 uidere

1905 3831 2081 3891 potest.
2105 3852 2176 3862 -—
2203 3823 2401 3891 Ecquid
2424 3823 2541 3876 dico
2558 3825 2624 3878 de
2651 3824 2799 3878 beata
2824 3826 2909 3879 illa
2931 3825 3244 3891 substantia,
3267 3829 3477 3895 quando

1908 3928 1974 3966 ne
1999 3915 2168 3982 angeli
2200 3914 2411 3981 quidem
2439 3914 2784 3968 substantiam
2815 3925 2986 3983 potest
3019 3917 3176 3970 homo
3205 3918 3372 3972 libere
3398 3920 3476 3972 vi-

1907 4006 2070 4059 dere?
2113 4005 2263 4071 Quod
2293 4016 2349 4058 ut
2391 4007 2459 4059 ita
2496 4020 2616 4059 esse
2645 4005 2946 4076 iutelligatis
2966 4048 2982 4072 ,
3012 4008 3179 4061 virum
3221 4009 3272 4062 in
3302 4010 3478 4065 medio

1904 4097 2164 4150 adducam
2199 4097 2287 4150 Dei
2317 4096 2565 4160 amicum,
2594 4097 2682 4166 qui
2709 4096 2778 4150 ob
2813 4097 3121 4165 sapientiam
3149 4108 3202 4154 et
3219 4097 3476 4167 justitiam

1909 4188 2096 4241 lidueia
2140 4196 2253 4241 erat
2290 4187 2540 4256 przeditus
2571 4202 2779 4255 magna,
2819 4189 3012 4257 quippe
3037 4189 3285 4257 praeclara
3314 4192 3476 4246 multa

1907 4281 2008 4333 alia
2040 4277 2229 4332 fecisse
2260 4285 2519 4340 narratur,
2547 4289 2788 4333 sanctum
2813 4278 3059 4333 videlicet
3084 4280 3388 4346 Danielem,
3421 4292 3478 4338 ut

1907 4377 2183 4439 postquam
2219 4368 2364 4422 illum
2395 4368 2682 4433 inﬁrmum,
2706 4368 2956 4434 solutum,
2979 4379 3034 4425 et
3057 4369 3386 4435 deiicientem
3413 4389 3480 4428 ex

1907 4463 2076 4531 angeli
2110 4464 2386 4531 praesentia
2416 4461 2579 4516 fuisse
2601 4471 2989 4530 monstravere,
3005 4480 3162 4518 nemo
3180 4475 3329 4534 putet
3357 4483 3478 4522 eum

1911 4560 2246 4620 peccatorum
2299 4559 2355 4606 et
2396 4566 2568 4620 pratia:
2594 4552 2930 4606 conscientiae
2956 4568 3112 4607 causa
3144 4555 3231 4609 illa
3265 4571 3478 4625 passum

1910 4657 2063 4706 esse;
2091 4642 2186 4697 sed
2213 4642 2568 4696 demonstrata
2591 4642 2706 4710 eius
2722 4644 2881 4696 animi
2907 4643 3118 4712 fiducia,
3148 4646 3258 4714 ipsa
3277 4657 3480 4703 naturte

1911 4733 2187 4788 infirmitas
2216 4733 2410 4787 clarius
2429 4734 2821 4800 comprobetur.
2855 4734 2950 4788 llic
2971 4735 3148 4804 itaque
3174 4738 3352 4792 Daniel
3385 4739 3482 4792 tri-

1911 4826 2008 4880 bus
2039 4824 2726 4894 bebdomadibusjejunavit
2757 4824 2916 4897 (Dan.
2947 4827 3033 4882 10.
3066 4829 3120 4898 ὅ)
3141 4871 3156 4895 ,
3185 4845 3482 4900 panemque

1910 4917 2310 4973 desiderabilem
2341 4931 2443 4970 non
2483 4917 2712 4970 comedit
2742 4959 2758 4984 ,
2791 4933 2961 4988 neque
2986 4921 3162 4974 vinum
3187 4965 3203 4987 ,
3236 4939 3363 4978 caro
3391 4935 3481 4978 aut

1909 5008 2078 5061 sicera
2105 5006 2345 5060 introivit
2373 5006 2423 5059 in
2449 5021 2510 5060 os
2535 5006 2656 5074 ejus
2680 5047 2694 5073 ,
2723 5023 2891 5077 neque
2918 5011 3166 5066 unctione
3205 5028 3330 5066 usus
3363 5024 3476 5068 est:

1911 5107 1965 5152 et
1989 5109 2113 5152 tunc
2136 5097 2219 5150 illa
2247 5097 2448 5150 visione
2467 5095 2707 5165 dignatus
2737 5105 2836 5160 est,
2866 5112 2986 5152 cum
3012 5100 3184 5153 anima
3206 5103 3320 5169 ejus
3340 5116 3483 5158 esset

1911 5187 1976 5240 ad
2017 5187 2173 5240 talem
2213 5185 2710 5254 contemplationem
2748 5188 2920 5257 aptior
2943 5231 2958 5253 ,
2985 5188 3187 5258 jejunio
3219 5191 3384 5245 levior
3430 5203 3482 5247 et

1909 5276 2236 5346 spiritualior
2277 5274 2482 5329 effecta.
2526 5275 2660 5342 Quid
2712 5276 2871 5346 igitur
2915 5278 3033 5332 ait?
3083 5278 3267 5332 Levavi
3307 5282 3479 5336 oculos

1913 5385 2048 5422 meos
2074 5378 2118 5421 et
2143 5367 2264 5432 vidi,
2295 5378 2354 5423 et.
2370 5384 2479 5421 ecce
2503 5370 2577 5421 vir
2606 5369 2806 5422 vestitus
2835 5370 3019 5424 baddin
3041 5412 3054 5434 ,
3084 5370 3182 5426 hoc
3204 5384 3304 5439 est,
3334 5386 3483 5428 veste

1914 5475 2082 5520 sacra,
2106 5469 2151 5512 et
2178 5475 2317 5513 renes
2344 5461 2453 5527 ejus
2481 5460 2692 5512 accincti
2716 5477 2840 5513 auro
2866 5461 3044 5529 Ophaz
3079 5471 3124 5513 et
3163 5478 3347 5529 corpus
3376 5465 3483 5533 ejus

1912 5551 2056 5621 quasi
2079 5549 2289 5604 Tharsis
2310 5591 2322 5612 ,
2348 5557 2392 5602 et
2434 5550 2596 5603 vultus
2622 5550 2732 5620 ejus
2757 5552 2901 5619 quasi
2926 5552 3048 5605 visio
3070 5551 3283 5622 fulguris
3307 5594 3320 5615 ,
3349 5557 3481 5608 oculi

1915 5644 2024 5714 ejus
2062 5641 2205 5713 quasi
2232 5640 2491 5711 lampades
2535 5640 2699 5710 ignis;
2738 5641 2940 5696 brachia
2979 5643 3088 5714 ejus
3111 5652 3160 5698 et
3188 5659 3335 5698 crura
3377 5648 3484 5715 ejus
