3854 6222
136 211 248 267 723

129 331 191 382 οἱ
211 326 540 396 βραχίονες
566 324 754 380 αὑτοῦ
783 322 880 378 καὶ
903 324 978 379 τὰ
1009 325 1206 395 σκέλη
1241 327 1386 382 ὡσεὶ
1419 329 1632 398 ὅρασις
1664 328 1811 396 χαλ-

135 417 251 470 κοῦ
273 417 652 481 στίλϐοντος,
677 416 716 483 ἡ
747 415 916 484 φωνὴ
940 413 1060 468 τῶν
1094 416 1294 486 λόγων
1315 417 1503 471 αὑτοῦ
1541 417 1622 483 ὡς
1645 415 1815 485 φωνὴ

136 503 347 572 ὄχλου.
383 502 493 558 Kal
526 502 641 573 ἐγὼ
664 504 854 572 μόνος
881 499 1046 560 εἶδον
1072 502 1190 571 τὴν
1228 505 1530 558 ὀπτασίαν
1569 505 1815 570 ταύτην,

136 593 240 646 καὶ
273 595 328 646 οι
346 593 473 662 μετ’
507 591 653 662 ἐμοῦ
695 593 808 646 οὐκ
860 588 1047 653 εἶδον.
1092 593 1232 647 ἀλλ’
1262 594 1554 658 ἔκστασις
1581 591 1818 662 μεγάλη

135 679 367 736 ἔπεσεν
413 681 506 733 ἐπ’
538 680 782 747 αὐτοὺς,
843 681 940 734 καί
978 681 1208 752 ἔφυγον
1243 683 1313 735 ἐν
1348 683 1531 751 φόϐῳ,
1562 682 1661 736 καὶ
1706 684 1821 751 οὐχ

138 770 475 839 ὑπελείφθη
492 769 562 823 ἐν
585 771 713 838 ἐμοὶ
734 770 934 839 ίσχὺς,
954 771 1050 824 καί
1073 773 1111 838 ἡ
1138 771 1288 836 δόξα
1300 789 1420 841 μου
1438 770 1820 842 μετεστράφη

137 861 232 923 εὶς
269 857 616 928 διαφθοράν.
661 857 726 911 Τί
761 860 926 921 ἐστιν,
966 860 1040 914 Ἡ
1067 859 1219 925 δόξα
1266 877 1388 929 μου
1432 859 1819 932 μετεστράφη

137 949 233 1011 είς
261 945 626 1016 διαφθοράν;
664 946 960 1020 Εὑπρεπὴς
987 943 1057 1020 ἦν
1105 950 1134 1002 6
1182 948 1438 1012 νεανίας·
1474 951 1597 1003 ἐπεὶ
1652 945 1746 1003 οὖν
1797 950 1825 1002 6

140 1033 310 1104 φόϐος
334 1036 433 1106 τῆς
459 1035 761 1106 παρουσίας
787 1034 882 1089 τοῦ
917 1035 1174 1105 ἀγγέλου,
1197 1036 1449 1108 καθάπερ
1477 1038 1605 1101 τοὺς
1635 1037 1827 1090 ἐκπνέ-

138 1141 326 1186 οντας,
351 1122 524 1186 οὕτως
549 1123 711 1176 αὑτὸν
740 1123 982 1203 διέθηκε,
1035 1123 1237 1193 πολλὴν
1272 1125 1694 1188 κατασκευάσας
1728 1125 1825 1197 τὴν

139 1211 375 1282 ὠχρίαν,
409 1213 504 1265 καὶ
524 1209 812 1275 ἀναλώσας
834 1212 894 1265 τὸ
927 1211 1084 1274 ἄνθος
1110 1213 1208 1284 τῆς
1232 1212 1414 1284 ὧρας,
1457 1214 1550 1266 καὶ
1579 1213 1824 1285 δαπανή-

143 1317 251 1363 σας
275 1300 375 1370 τὴν
390 1298 642 1372 εὔχροιαν
664 1301 764 1370 τῆς
780 1301 1100 1368 ἐπιφανείας
1123 1302 1360 1366 ἃπασαν,
1381 1301 1467 1356 διὰ
1490 1302 1646 1356 τοῦτό
1670 1319 1824 1371 φησι,

138 1389 538 1458 Μετεστράφη
594 1391 633 1458 η
677 1389 828 1453 δόξα
860 1408 980 1458 μου
1037 1393 1126 1457 εἰς
1169 1391 1518 1460 διαφθοράν.
1561 1391 1828 1462 Καθάπερ

139 1480 282 1549 γὰρ,
335 1479 553 1549 ἡνιόχου
601 1477 930 1548 φοϐηθέντος
977 1479 1072 1532 καὶ
1115 1479 1216 1544 τὰς
1266 1481 1424 1552 ἡνίας
1458 1480 1708 1551 ἀφέντος,
1739 1482 1827 1534 ἐπ’

138 1569 273 1637 ὄψιν
297 1571 345 1622 οἱ
377 1569 533 1623 ἵπποι
557 1569 958 1640 καταφέρονται
987 1568 1188 1632 πάντες
1212 1570 1305 1623 καὶ
1344 1569 1404 1622 τὸ
1436 1569 1588 1640 ἂρμα
1614 1569 1830 1640 ὁλόκλη-

143 1675 246 1727 ρον
272 1656 690 1727 περιτρέπεται·
724 1655 867 1710 οὕτω
913 1658 1008 1710 καὶ
1058 1658 1149 1710 ἐπὶ
1175 1658 1275 1726 τῆς
1305 1656 1482 1728 ψυχῆς
1508 1656 1831 1728 συμϐαίνειν

137 1747 364 1808 εἴωθεν,
392 1747 519 1798 ὅταν
546 1745 652 1798 ὑπό
672 1761 817 1809 τινος
843 1744 1086 1816 θάμϐους
1119 1747 1213 1798 καὶ
1235 1746 1476 1814 ἀγωνίας
1506 1747 1827 1816 κατέχηται⁶

142 1836 461 1905 πτοουμένη
491 1835 621 1905 γάρ,
657 1835 754 1887 καὶ
805 1834 1056 1906 καθάπερ
1108 1835 1262 1905 ἡνίας
1313 1834 1465 1898 τινάς
1495 1835 1594 1898 τὰς
1627 1834 1831 1898 οἰκείας

141 1925 435 1994 ἐνεργείας
489 1922 854 1976 συστέλλουσα
891 1923 986 1989 ἀφ’
1034 1923 1265 1977 ἑκάστου
1311 1922 1419 1975 τῶν
1459 1923 1830 1994 αίσὶητηρίων

138 2010 246 2064 τοῦ
276 2009 549 2080 σώματος,
586 2009 682 2081 έρη
693 2027 768 2080 μα
799 2010 992 2080 ἀφίησι
1034 2009 1102 2063 τὰ
1133 2009 1301 2079 μέληο
1328 2005 1446 2063 εἶτα
1475 2011 1676 2076 ἐκεῖνα,
1703 2014 1832 2082 ἐρη-

143 2102 407 2173 μωθέντα
437 2102 536 2172 τῆς
565 2101 903 2171 κατεχούσης
937 2100 1078 2154 αὑτά
1104 2100 1406 2169 δυνάμεως,
1429 2100 1712 2153 διαπίπτει
1737 2102 1830 2154 καὶ

138 2190 545 2262 περικρούεται
566 2206 578 2221 υ
613 2190 752 2259 ὅπερ
785 2191 881 2243 καὶ
908 2191 936 2241 6
975 2187 1176 2260 Δανιὴλ
1206 2187 1372 2241 έπαθε
1413 2188 1555 2242 τότε.
1589 2189 1653 2241 Τί
1681 2185 1773 2242 οὖν
1803 2191 1832 2241 ὀ

138 2279 417 2348 ἀγγελος;
456 2278 780 2348 Ἀνέστησεν
814 2277 999 2340 αὑτὸν,
1032 2277 1124 2331 καί
1168 2294 1341 2348 φησι,
1399 2275 1644 2344 Δανιὴλ,
1687 2278 1830 2346 ἆνερ

135 2365 482 2434 ἐπιθυμιῶν
505 2407 520 2431 ,
568 2366 756 2431 σύνες
808 2365 878 2418 ἐν
915 2365 1042 2431 τοῖς
1070 2365 1274 2434 λόγοις
1311 2367 1545 2432 τούτοις
1589 2361 1680 2431 οἷς
1717 2367 1833 2436 ἐγὼ

135 2453 322 2509 λαλῶ
355 2455 504 2522 πρὸς
532 2453 626 2514 σὲ,
647 2452 744 2506 καὶ
775 2452 952 2521 στῆθι
973 2452 1070 2505 ἐπὶ
1097 2452 1174 2519 τῇ
1197 2453 1412 2507 στάσει
1441 2470 1577 2518 σου,
1598 2455 1687 2508 ὅτι
1718 2455 1835 2509 νῦν

134 2541 512 2609 ἀπεστάλην
537 2541 687 2609 πρὸς
708 2539 804 2594 σέ.
847 2541 904 2594 '0
931 2539 1081 2611 [ιοη
1114 2540 1170 2592 δὲ
1192 2541 1388 2612 ἀνέστη
1415 2541 1694 2613 ἔντρομος.
1725 2544 1833 2596 Καὶ

121 2629 461 2701 ’ἀρχομένου
493 2629 654 2682 πάλιν
688 2627 824 2697 πρὸς
854 2626 1016 2679 αὐτὸν
1050 2627 1392 2693 διαλέγεσθαι
1436 2628 1529 2680 τοῦ
1576 2629 1831 2697 ἀγγέλου,

137 2720 248 2771 καὶ
284 2717 463 2784 λέγειν
488 2718 595 2778 ὅτι,
642 2715 778 2768 Ἀπὸ
808 2714 919 2780 τῆς
943 2713 1167 2783 ἡμέρας
1196 2711 1272 2784 ἧς
1295 2715 1524 2780 ἔδωκας
1547 2715 1661 2783 τὴν
1697 2733 1835 2784 καρ-

134 2807 296 2859 δίαν
323 2821 439 2858 σου
469 2802 808 2871 κακωθῆναι
834 2803 1112 2856 ἐναντίον
1132 2803 1238 2856 τοῦ
1266 2802 1414 2856 Θεοῦ
1436 2805 1837 2871 ἠκούσθησαν

135 2898 204 2949 οἱ
243 2895 415 2962 λόγοι
437 2906 575 2954 σου,
617 2890 778 2960 κάγὼ
804 2887 992 2961 ἦλθον
1022 2892 1093 2943 έν
1128 2891 1251 2956 τοῖς
1270 2892 1474 2961 λόγοις
1494 2907 1611 2945 σου
1630 2933 1644 2956 ,
1672 2893 1835 2945 πάλιν

135 2983 460 3038 κατέπεσεν
492 2980 586 3032 ἐπὶ
613 2981 710 3050 τὴν
733 2979 868 3049 γῆν·
909 2979 1045 3049 ὅπερ
1079 2981 1174 3032 καὶ
1212 2980 1305 3031 ἐπὶ
1352 2980 1458 3032 τῶν
1494 2981 1835 3050 ἐκλυομένων

135 3070 468 3141 συμϐαίνει.
509 3068 776 3137 Καθάπερ
810 3067 918 3137 γὰρ
945 3069 1144 3120 ἐκεῖνοι
1192 3068 1583 3138 διεγερθέντες,
1617 3070 1709 3122 καὶ
1756 3070 1836 3134 είς

136 3157 387 3220 ἑαυτοὺς
440 3154 846 3218 ἐπανελθόντες,
903 3155 998 3206 καὶ
1053 3154 1436 3225 διαϐλέψαντες
1497 3157 1837 3226 κατεχόντων

135 3250 315 3322 ἡμῶν
345 3249 561 3310 αὐτοὺς,
595 3247 691 3299 καὶ
732 3245 1026 3316 ραινόντων
1063 3246 1124 3298 τὸ
1159 3246 1452 3316 πρόσωπον
1485 3246 1714 3318 ψυχροῖς
1742 3247 1837 3300 νάο-

139 3357 346 3410 μασιν,
376 3339 434 3390 ἐν
469 3335 660 3395 αὑταῖς
693 3337 724 3405 ἡ
736 3333 852 3405 μῶν
884 3334 1142 3399 πολλάκις
1169 3333 1448 3386 ἐκλύονται
1488 3334 1691 3404 μεταξὺ
1718 3339 1837 3400 ταῖς

133 3427 370 3498 χερσὶν,
401 3423 544 3476 οὕτω
591 3423 684 3475 καὶ
716 3423 745 3474 ό
793 3423 1084 3492 προφήτης
1131 3421 1389 3492 ἔπασχεν.
1442 3422 1506 3474 Ἦ
1537 3423 1646 3494 γὰρ
1691 3423 1837 3494 ψυχὴ

129 3514 464 3587 φοϐηθεῖσα
488 3513 584 3566 καὶ
605 3511 703 3583 τὴν
732 3511 856 3580 δψιν
895 3511 997 3580 τῆς
1028 3511 1331 3580 παρουσίας
1367 3512 1426 3564 ού
1465 3512 1707 3584 φέρουσα
1742 3513 1836 3566 τοῦ

135 3600 474 3664 συνδούλου,
505 3598 626 3651 ούδέ
654 3599 716 3650 τὸ
747 3597 862 3667 φῶς
892 3599 1067 3650 ἐκεῖνο
1095 3597 1368 3669 δυναμένη
1400 3598 1694 3669 βαστάζειν
1722 3600 1840 3653 ἐθο-

135 3691 401 3764 ρυϐεῖτο,
429 3687 681 3756 καθάπερ
709 3685 854 3748 τινὸς
889 3684 1134 3747 ἁλύσεως
1155 3685 1247 3737 τοῦ
1284 3686 1486 3756 δεσμοῦ
1515 3690 1613 3758 τῆς
1637 3689 1841 3759 σαρκὸς

135 3779 364 3848 ἑαυτὴν
387 3773 697 3846 ἀπορρῆξαι
724 3772 1077 3842 ἐπειγομένη.
1130 3773 1269 3825 ’Λλλ’
1313 3774 1520 3837 ἐκεῖνος
1549 3775 1628 3827 ἐτι
1660 3779 1841 3829 κατεῖ-

136 3889 272 3942 χεν.
304 3866 677 3919 ’Λκουέτωσαν
698 3865 744 3916 οἱ
769 3863 860 3915 τὸν
898 3861 1008 3915 τῶν
1033 3863 1280 3931 ἀγγέλων
1305 3865 1580 3934 Δεσπότην
1617 3882 1840 3937 περιερ-

133 3957 474 4030 γαζόμενοι.
511 3951 814 4025 Δανιὴλμδν
839 3950 1142 4022 ᾐδέσθησαν
1171 3951 1440 4021 ὀφθαλμοὶ
1466 3951 1716 4016 λεόντων,
1733 3957 1837 4007 Δαο

133 4046 302 4117 νιὴλ,
337 4046 366 4096 ό
398 4044 468 4096 τά
506 4043 645 4111 ὑπὲρ
671 4041 960 4110 ἄνθρωπον
991 4042 1048 4091 ἐν
1083 4039 1410 4109 ἀνθρωπίνῳ
1447 4037 1660 4110 σώματι
1683 4041 1842 4112 δυνη-

135 4137 298 4196 θεὶς,
353 4131 634 4185 συνδούλου
687 4128 985 4198 παρουσίαν
1039 4128 1138 4180 οὐκ
1172 4127 1422 4198 ἤνεγκεν,
1477 4128 1589 4180 ἀλλ’
1638 4128 1842 4194 ἄπνους

134 4226 361 4278 ἔκειτο.
403 4216 708 4286 Ἐστράφη
748 4217 879 4286 γὰρ,
920 4216 1075 4286 φησὶ,
1104 4215 1176 4268 τὰ
1208 4217 1383 4280 ἐντός
1401 4235 1521 4284 μου
1545 4218 1613 4270 ἐν
1635 4218 1841 4286 ὁράσει

126 4329 300 4382 μου,
337 4308 432 4360 καὶ
459 4305 615 4372 πνοὴ
649 4307 760 4373 οὐχ
792 4302 1124 4372 ὑπελείφθη
1143 4303 1213 4356 ἐν
1241 4304 1391 4372 ἐμοί.
1421 4305 1485 4356 Οἱ
1509 4304 1564 4357 δέ
1592 4305 1843 4359 τοσοῦτον

131 4402 261 4468 τῆς
295 4396 497 4468 ἀρετῆς
523 4391 897 4462 ἀφεστηκότες
926 4391 1020 4444 τοῦ
1050 4390 1260 4444 δικαίου
1295 4392 1468 4463 αὐτὴν
1512 4393 1843 4464 ὑπισχνοῦν-

131 4504 250 4542 ται
274 4485 371 4554 τὴν
399 4483 586 4536 οὐσίαν
614 4481 807 4534 εἰδέναι
839 4479 976 4550 μετά
997 4478 1284 4550 ἀκριϐείας
1312 4479 1554 4550 ἀπάσης,
1587 4480 1684 4553 τὴν
1706 4483 1846 4536 ἀνω-

129 4576 315 4630 τάτω
345 4570 440 4624 καὶ
479 4567 701 4639 πρώτην
746 4568 840 4621 καὶ
872 4566 971 4629 τὰς
999 4565 1266 4636 μυριάδας
1302 4565 1411 4618 τῶν
1444 4567 1693 4634 ἀγγέλων
1724 4569 1846 4623 τού-

131 4680 274 4717 των
298 4654 750 4728 παραγαγοῦσαν,
782 4648 857 4708 ὧν
891 4655 988 4706 ’ἐνα
1021 4656 1050 4705 6
1078 4653 1277 4724 Δανιὴλ
1319 4655 1446 4707 ἰδεῖν
1477 4656 1575 4708 οὐκ
1605 4657 1841 4726 ἴσχυσεν.

229 4755 300 4801 ε’.
350 4745 489 4798 Ἀλλ’
521 4743 960 4812 ἐπαναγάγωμεν
989 4741 1082 4793 τὸν
1115 4740 1274 4810 λόγον
1311 4743 1404 4795 ἐπὶ
1440 4744 1538 4814 τὴν
1571 4744 1845 4816 προτέραν

130 4834 449 4898 ὑπόθεσιν,
471 4832 564 4884 καὶ
592 4831 857 4900 δείξωμεν
876 4832 958 4884 ὅτι
987 4830 1082 4882 καὶ
1100 4831 1222 4892 ταῖς
1242 4829 1354 4883 ἄνω
1371 4830 1664 4902 δυνάμεσιν
1685 4833 1847 4888 ἀθέα-

128 4928 252 4980 τός
285 4924 436 4974 ἐστιν
467 4922 494 4972 ὁ
521 4920 672 4982 Θεὸς,
709 4919 804 4970 καὶ
835 4917 1006 4970 ταῦτα
1045 4916 1515 4984 συγκαταϐαίνων.
1545 4919 1702 4983 Τίνος
1735 4921 1846 4993 γὰρ

131 5018 246 5070 ξένε
260 5028 380 5074 κεν,
404 5010 525 5062 εἰπέ
555 5027 663 5079 μοι,
696 5007 794 5069 τὰς
818 5006 1095 5076 πτέρυγας
1129 5005 1492 5076 προϐάλλεται
1520 5019 1544 5046 α
1577 5008 1645 5061 τά
1673 5009 1835 5080 Σερα-

130 5109 307 5179 φίμ;
343 5103 422 5154 Δι’
448 5101 598 5154 οὐδὲν
629 5100 816 5168 ἓτερον
845 5098 958 5152 ἀλλ’
991 5098 1024 5168 ἢ
1056 5097 1274 5159 πάντως
1301 5098 1478 5150 ἐκεῖνο
1517 5099 1578 5150 τὸ
1613 5099 1846 5152 ἀποστοσ

131 5194 340 5254 λικὸν,
369 5191 449 5254 16,
474 5187 602 5254 Φῶς
626 5185 808 5241 οἰκῶν
828 5186 1179 5254 ἀπρόσιτον,
1208 5185 1294 5239 διὰ
1311 5185 1419 5238 τῶν
1451 5184 1629 5256 ἔργων
1667 5187 1847 5240 αὐτῶν

126 5276 682 5357 προαναφωνοῦσαι,
708 5277 804 5329 καὶ
833 5275 932 5328 οὐκ
963 5274 1125 5327 αὑταὶ
1159 5273 1343 5343 μόνον,
1369 5273 1507 5327 ἀλλά
1533 5275 1625 5328 καὶ
1648 5277 1704 5328 αἱ
1725 5276 1847 5328 τού-

128 5389 272 5429 των
304 5366 568 5438 ἀνωτέρω
611 5364 682 5418 τά
727 5361 1028 5434 Χερουϐίμ.
1091 5357 1260 5416 Αὗται
1297 5364 1396 5433 μὲν
1450 5363 1559 5434 γὰρ
1619 5363 1848 5436 πλησίον

127 5458 495 5526 ἑστήκασιν·
533 5456 737 5507 ἐκεῖναι
784 5451 840 5504 δὲ
873 5450 1055 5518 θρόνοι
1085 5450 1390 5521 ὑπάρχουσι
1412 5450 1506 5504 τοῦ
1537 5450 1697 5516 Θεοῦ,
1746 5454 1848 5507 οὐκ

127 5543 360 5612 ιπειδὴ
390 5541 580 5612 θρόνου
601 5539 772 5592 δεῖται
792 5539 822 5591 6
850 5537 1005 5601 Θεὸς,
1029 5537 1144 5590 ἀλλ’
1169 5537 1254 5590 ἵνα
1280 5538 1368 5591 διὰ
1387 5539 1578 5594 τούτου
1602 5541 1701 5612 τὴν
1727 5543 1851 5613 ἀρε-

217 5648 253 5676 ι
289 5640 390 5692 AIiI
408 5637 925 5713 προϐάλλονται..]ῐιΐιἀ
957 5642 1070 5713 ρρςι
1092 5637 1232 5713 illm),
1257 5639 1431 5713 ἐκείνωνί
1451 5641 1502 5713 δὲ
1520 5643 1674 5713 θρόνῳ
1696 5644 1847 5713 me-

122 5722 344 5783 ‘9'”?
370 5701 639 5783 τθεδμθεοῗν
668 5701 716 5780 ¹¹ἒ
741 5701 837 5783 “3°
859 5703 1104 5783 δέίὶυὶωτ.
1121 5701 1662 5783 βεὲἳοῖβξθῦεάεθεοῦ
1686 5701 1845 5783 ξαέέῖν

125 5763 445 5886 ἑ,
455 5766 647 5874 {521672;
668 5763 753 5827 οὐχ
776 5763 855 5810 ἵνα
875 5763 1038 5825 θρόνον
1056 5763 1248 5822 νοήσῃς,
1271 5763 1379 5810 οὐδὲ
1396 5765 1485 5828 γὰρ
1509 5765 1674 5830 θρόνου
1697 5767 1844 5816 δεῖται

618 5914 890 5976 ΡΑτιιοι..
937 5911 1055 5974 Gn.
1101 5908 1378 5972 XLVIII.

1137 209 1225 266 DE
1266 203 1970 267 INCOMPIEEHENSIBILI
2011 204 2122 263 DEI
2161 207 2470 267 NATURA.
2507 211 2592 267 III.

3493 215 3600 270 79!.-

1918 322 2020 392 τὴν
2047 323 2158 377 τῶν
2189 325 2475 397 δυνάμεων
2523 328 2702 382 αὐτῶν
2746 329 2945 403 μάθῃς.
3002 333 3268 385 ’Ἄκουσον
3321 331 3453 401 γοῦν
3506 333 3606 386 καὶ

1920 413 2108 484 ἐτέρου
2136 417 2416 486 προφήτου
2458 419 2587 490 περὶ
2623 421 2846 475 ἐκείνων
2884 420 3301 492 διαλεγομένου.
3338 421 3443 476 Kal
3472 419 3603 492 έγέ·

1919 519 2056 555 νετο
2080 505 2262 572 λόγος
2283 508 2503 573 Κυρίου
2524 509 2674 576 πρὸς
2709 509 2986 578 ’Ῑεζεκιὴλ
3007 509 3142 564 υἱὸν
3172 508 3346 570 Βουζί
3367 510 3465 562 ἐπὶ
3495 510 3604 564 τοῦ

1922 593 2190 660 ποταμοῦ
2221 593 2435 662 Χοϐάρ.
2480 597 2586 649 Καὶ
2615 590 2772 661 0610;
2803 599 2952 670 παρά
2975 599 3068 652 τὸν
3110 600 3355 670 ποταμὸν
3395 597 3603 669 Χοϐἀρ,

1924 681 2171 744 κάκεῖνος
2202 682 2354 755 παρὰ
2377 684 2468 737 τὸν
2498 687 2742 756 ποταμὸν
2770 687 2961 758 Τίγριν
2988 687 3112 741 τότε
3136 689 3402 758 εἱστήκει.
3433 686 3607 742 Ὀταθ

1921 769 2031 841 γὰρ
2061 769 2229 842 μέλλῃ
2257 773 2379 827 τινά
2405 774 2706 845 παράδοξον
2738 774 2862 845 ὄψιν
2891 779 3002 840 τοῖς
3036 776 3232 830 ἐαυτοῦ
3263 776 3472 839 δούλοις
3499 775 3608 829 δει-

1925 857 2114 912 κνύναι
2138 861 2166 912 ό
2197 860 2348 925 Θεὸς,
2385 861 2490 926 ἔξω
2514 861 2621 926 τῶν
2659 863 2868 917 πόλεων
2895 865 3094 929 αὐτοὺς
3121 864 3307 934 ἐξάγει
3327 866 3408 928 εἰς
3435 865 3605 919 καθα-

1929 945 2019 1016 ρὸν
2045 946 2290 1017 θορύϐων
2315 950 2534 1022 χωρίον,
2568 949 2710 1005 ὥστε
2743 953 2932 1023 μηδενὶ
2981 954 3117 1024 μήτε
3141 953 3250 1006 τῶν
3289 953 3605 1026 ὁρωμένων.

1931 1034 2069 1105 μήτε
2116 1037 2224 1089 τῶν
2268 1038 2619 1108 ἀκουομένων
2680 1041 3042 1113 ἐκκρούεσθαι
3098 1042 3200 1112 τὴν
3237 1041 3441 1114 ψυχὴν,
3490 1041 3608 1096 ἀλλ’

1927 1122 2055 1193 ὃλην
2077 1124 2246 1196 αὐτὴν
2272 1125 2455 1189 ἀδείας
2477 1126 2859 1182 ἀπολαύουσαν
2879 1129 3015 1200 πρὸς
3043 1129 3142 1201 τὴν
3175 1129 3286 1183 τῶν
3314 1128 3609 1202 ὁρωμένων

1930 1213 2179 1284 ἀσχολεῖν
2213 1215 2466 1287 θεωρίαν.
2502 1217 2567 1269 Τί
2613 1211 2707 1271 οὖν
2749 1210 2904 1282 0610;
2939 1215 3114 1286 εἷδενς
3170 1219 3318 1276 Ἰδοὺ
3356 1217 3608 1289 νεφέλη.

1931 1304 2116 1374 φησὶν,
2135 1303 2253 1358 ἀπὸ
2269 1304 2465 1375 βορρᾶ
2486 1305 2727 1376 ἤρχετο,
2756 1308 2855 1361 καὶ
2883 1308 3097 1378 φέγγος
3125 1310 3352 1374 κύκλῳ,
3372 1307 3610 1376 καὶπῦρ

1930 1391 2301 1460 ἁστράπτον,
2321 1393 2418 1447 καί
2433 1394 2503 1447 ἐν
2515 1395 2686 1464 μέσῳ
2705 1396 2890 1450 αὑτοῦ
2906 1396 3044 1451 ὡσεί
3066 1397 3276 1466 ὅρασις
3291 1396 3608 1467 ἠλέκτρου,

1931 1480 2029 1533 καί
2057 1481 2277 1552 φέγγος
2323 1483 2393 1536 ἐν
2429 1482 2614 1550 αὐτῷ,
2643 1485 2742 1538 καί
2772 1486 2842 1538 ἐν
2876 1485 2955 1551 τῷ
2973 1485 3145 1556 μέσῳ
3185 1486 3448 1556 ὁμοίωμα
3476 1498 3612 1537 τεσ-

1931 1568 2134 1638 σάρων
2157 1569 2331 1631 ζώων.
2361 1571 2525 1640 Αὕτη
2547 1573 2586 1640 ἡ
2609 1573 2820 1642 ὅρασις
2847 1573 3067 1636 αὐτῶν,
3110 1574 3372 1644 ὁμοίωμα
3396 1570 3614 1640 ἀνθρώ-

1932 1674 2050 1712 που
2078 1659 2171 1711 ἐπ’
2197 1659 2421 1726 αὐτοῖς.
2449 1663 2558 1714 Καὶ
2586 1661 2855 1742 τέσσαρα
2899 1663 3193 1729 πρόσωπα
3225 1660 3305 1727 τῷ
3349 1661 3461 1724 ἐνὶ,
3511 1660 3612 1716 καὶ

1932 1745 2226 1815 τέσσαρες
2250 1747 2540 1819 πτέρυγες
2560 1749 2638 1815 τῷ
2661 1751 2771 1807 ἐνί.
2794 1751 2902 1804 Καὶ
2927 1751 3082 1819 ὕψος
3104 1747 3183 1822 ἦν
3201 1749 3426 1814 αὐτοῖς,
3453 1747 3611 1820 φησι.

1933 1834 2032 1887 καὶ
2056 1837 2290 1905 φοϐεροὶ
2313 1834 2495 1907 ἦσαν,
2514 1840 2609 1892 καὶ
2630 1841 2682 1892 οὶ
2705 1837 2878 1892 νῶτοι
2901 1836 3101 1892 αὐτῶν
3119 1837 3372 1906 πλήρεις
3389 1837 3614 1905 ὀφθαλ·

1929 1922 2060 1993 μῶν
2087 1926 2389 1978 κυκλόθεν
2428 1925 2548 1992 τοῖς
2593 1927 2952 1994 τέσσαρσιν,
3003 1925 3101 1982 καὶ
3149 1925 3415 1995 ὁμοίωμα
3460 1923 3614 1993 ὑπὲρ

1935 2009 2206 2078 κεφαλῆς
2222 2014 2327 2065 αὐτ
2339 2010 2423 2065 ὧν
2453 2014 2594 2066 ὡσεὶ
2619 2013 2942 2083 στερέωμα.
2968 2013 3049 2079 ὡς
3073 2013 3284 2080 ὅρασις
3311 2011 3617 2080 κρυστάλ-

1934 2104 2048 2153 λου
2101 2100 2377 2168 φοϐερὸν,
2431 2100 2828 2171 ἐκτεταμένον
2890 2099 3044 2170 ὑπὲρ
3096 2099 3369 2170 κεφαλῆς
3414 2098 3618 2154 αὐτῶν

1935 2188 2184 2251 ἄνωθεν,
2225 2188 2321 2241 καὶ
2345 2192 2404 2242 αἱ
2435 2189 2726 2260 πτέρυγες
2747 2189 2948 2244 αὐτῶν
2993 2188 3231 2257 ἑκάστῳ
3267 2189 3400 2256 δύο,
3432 2189 3619 2244 καλύ-

1936 2290 2195 2329 πτουσαι
2237 2277 2310 2331 τὰ
2342 2276 2586 2346 σώματα
2638 2277 2860 2343 αὐτῶν,
2892 2277 2992 2330 καὶ
3027 2277 3306 2346 ὑπεράνω
3331 2277 3438 2331 τοῦ
3476 2293 3618 2330 στει-

1927 2365 2270 2432 ρεώματος,
2302 2364 2382 2430 ὠς
2424 2365 2633 2432 ὅρασις
2686 2368 2862 2419 λίθου
2907 2367 3279 2434 σαπφείρου·
3329 2363 3482 2438 [468]
3518 2363 3618 2419 καὶ

1937 2453 2197 2522 ὁμοίωμα
2244 2453 2462 2520 θρόνου
2508 2453 2600 2505 ἐπ’
2630 2451 2812 2516 αὐτῷ,
2841 2453 2940 2506 καὶ
2979 2452 3077 2506 ἐπὶ
3122 2453 3226 2507 τοῦ
3253 2452 3618 2524 ὀμοιώιιατος

1936 2540 2042 2592 τοῦ
2069 2542 2287 2606 θρόνου
2333 2541 2595 2609 ὁμοίωμα
2627 2541 2707 2606 ὡς
2736 2536 2897 2607 εἶδος
2940 2538 3255 2609 ἀνθρώπου
3289 2540 3382 2593 ἐπ’
3433 2538 3614 2606 αὐτῷ.

1939 2628 2043 2680 Καὶ
2077 2623 2240 2680 εἶδον
2259 2629 2338 2693 ὡς
2365 2627 2580 2694 ὅρασιν
2596 2627 2915 2695 ἠλέκτρου,
2947 2629 3063 2682 ἀπὸ
3093 2627 3360 2696 ὁράσεως
3384 2629 3619 2697 ὀσφύος

1937 2716 2033 2768 καὶ
2053 2715 2162 2780 ἕως
2179 2715 2399 2778 ἐπάνω,
2414 2717 2508 2768 καὶ
2529 2717 2647 2770 ἀπὸ
2666 2716 2930 2784 ὀράσεως
2945 2717 3175 2786 ὀσφύος
3196 2716 3291 2769 καὶ
3304 2716 3416 2780 ἕως
3438 2717 3616 2780 κάτω,

1937 2805 2016 2869 ὡς
2055 2803 2269 2871 ὅρασιν
2313 2804 2525 2870 πυρὸς,
2570 2804 2669 2856 καὶ
2705 2804 2771 2856 τύ
2811 2803 3033 2874 φέγγος
3075 2804 3262 2858 αὑτοῦ
3299 2805 3380 2869 ὡς
3410 2804 3618 2874 ὅρασις

1938 2891 2139 2956 τόξου,
2167 2891 2312 2944 ὅταν
2331 2887 2372 2962 ᾖ
2399 2893 2468 2944 ἐν
2492 2890 2568 2959 τῇ
2601 2892 2827 2960 νεφέλῃ
2844 2893 2915 2945 ἐν
2939 2892 3128 2961 ἡμέρᾳ
3161 2891 3362 2949 ὑετοῦ.
3383 2892 3494 2945 Καὶ
3523 2909 3621 2962 με·

1935 2979 2006 3032 τὰ
2031 2979 2201 3032 ταῦτα
2241 2980 2416 3032 πάντα
2444 2977 2767 3050 βουλόμενος
2789 2979 2982 3046 δεῖξαι,
3001 2981 3083 3032 ὅτι
3109 2978 3233 3032 οὔτε
3261 2982 3289 3032 6
3305 2979 3614 3050 προφήτης,

1936 3066 2061 3120 οὔτε
2107 3067 2162 3119 αἱ
2191 3067 2446 3138 δυνάμεις
2483 3068 2688 3120 ἐκεῖναι
2733 3067 2962 3138 ἀκράτῳ
3003 3067 3345 3136 προσέϐαλον
3378 3069 3515 3138 αὐτῇ
3549 3069 3617 3138 τῇ

1937 3153 2114 3224 οὐσίᾳ,
2143 3153 2342 3224 φησίν·
2377 3154 2538 3222 Αὓτη
2579 3155 2616 3222 ἡ
2652 3155 2862 3222 ὅρασις
2902 3154 3265 3224 ὀμοιώματος
3297 3154 3482 3223 δόξης
3504 3159 3620 3210 Κυ-

1931 3244 2091 3309 ρίου.
2149 3238 2301 3306 Εἷδες
2344 3243 2505 3296 κάκεῖ
2541 3243 2635 3296 καὶ
2689 3243 2924 3296 ἐνταῦθα
2964 3242 3414 3312 συγκατάϐασιν;
3476 3241 3621 3297 Ἀλλ’

1939 3332 2088 3402 ὅμως
2140 3333 2235 3384 καὶ
2263 3332 2426 3384 αὐταὶ
2470 3333 2525 3385 αἱ
2560 3332 2820 3402 δυνάμεις
2859 3331 3225 3385 καλύπτουσιν
3271 3331 3470 3396 ἑαυτὰς
3499 3333 3621 3395 ταῖς

1941 3420 2190 3491 πτέρυξι,
2221 3420 2284 3474 δι’
2308 3421 2459 3474 οὐδὲν
2485 3421 2674 3492 ἕτερον
2697 3419 2729 3491 ἦ
2759 3419 2848 3473 διὰ
2867 3419 3047 3484 τοῦτο,
3081 3420 3257 3474 καίτοι
3279 3436 3344 3489 γε
3377 3419 3623 3489 σοφώτα-

1938 3526 2030 3562 ται
2057 3509 2151 3562 καὶ
2176 3507 2626 3578 γνωστικώταται
2657 3509 2751 3562 καὶ
2783 3506 3172 3578 καθαρὼιταταί
3211 3509 3348 3560 εἰσιν
3379 3509 3434 3560 αἱ
3467 3506 3624 3560 δυνά-

1943 3615 2066 3665 μεις
2095 3591 2276 3650 αὗται.
2339 3596 2510 3649 Πόθεν
2558 3595 2751 3666 δῆλον;
2797 3597 2926 3648 ’Ἀπ’
2961 3596 3141 3649 αὐτῶν
3175 3596 3284 3648 τῶν
3316 3595 3619 3666 ὀνομάτων.

1941 3685 2153 3754 Ὠσπερ
2182 3683 2288 3754 γάρ
2316 3683 2546 3751 ἄγγελος
2584 3682 2823 3752 λέγεται,
2861 3682 3049 3754 ἐπειδὴ
3088 3683 3158 3736 τά
3195 3681 3290 3734 τοῦ
3337 3681 3473 3734 Θεοῦ
3510 3683 3624 3743 τοῖς

1941 3772 2249 3842 ἀνθρώποις
2281 3770 2623 3840 ἀναγγέλλει,
2651 3772 2745 3824 καὶ
2775 3771 3116 3841 ἀρχάγγελος
3153 3769 3394 3838 λέγεται,
3435 3769 3622 3840 ἐπειδὴ

1941 3863 2055 3916 τῶν
2081 3861 2330 3930 ἀγγέλων
2364 3861 2543 3931 ἄρχει,
2561 3859 2707 3913 οὕτω
2729 3859 2820 3912 καὶ
2850 3852 3011 3912 αὗται
3042 3858 3416 3932 προσηγορίας
3438 3857 3622 3928 ἔχουσι

1941 3951 2041 4019 τὴν
2065 3951 2256 4018 σοφίαν
2287 3948 2466 4002 αὐτῶν
2489 3949 2582 4001 καὶ
2606 3946 2957 4017 καθαρότητα
2982 3945 3161 3999 αὐτῶν
3180 3944 3447 4015 δηλούσας
3467 3947 3620 4014 ἡμῖν·

1944 4034 2039 4084 καὶ
2077 4031 2264 4102 ὥσπερ
2296 4033 2356 4084 αἱ
2385 4030 2655 4102 πτέρυγες
2676 4030 2737 4082 τὸ
2773 4028 2907 4098 ὕψος
2935 4029 3375 4100 ἐμφαίνουσιτῆς
3407 4027 3625 4097 φύσεως

1946 4115 2209 4187 (καὶγὰρ
2250 4117 2279 4169 6
2322 4113 2563 4184 Γαϐριὴλ
2608 4113 2908 4184 πετόμενος
2962 4113 3244 4182 φαίνεται,
3289 4114 3390 4164 οὐκ
3437 4108 3623 4181 ἐπειδὴ

1948 4199 2123 4268 πτερά
2172 4199 2302 4269 περὶ
2343 4198 2433 4251 τὸν
2481 4196 2749 4266 ἄγγελον,
2781 4196 2900 4250 ἀλλ’
2931 4195 3018 4248 ἵνα
3065 4195 3264 4267 μάθῃς,
3290 4196 3373 4248 ὅτι
3419 4195 3482 4246 ἐκ
3513 4192 3625 4245 τῶν

1947 4282 2299 4354 ὑψηλοτάτων
2361 4280 2578 4354 χωρίων
2653 4281 2747 4333 καὶ
2806 4280 2916 4334 τῶν
2961 4280 3074 4334 ἀνω
3126 4277 3426 4350 διατριϐῶν
3487 4276 3626 4348 πρὸς

1945 4366 2045 4437 τὴν
2101 4366 2449 4439 ἀνθρωπίνην
2508 4369 2732 4433 ἀφῖκται
2789 4363 3024 4435 φύσιν)’
3082 4363 3228 4418 οὕτω
3277 4363 3335 4417 δὲ
3379 4363 3475 4416 καὶ
3528 4361 3626 4413 ἐπὶ

1945 4451 2150 4504 τούτων
2190 4449 2342 4502 οὐδὲν
2391 4448 2520 4503 ἀλλο
2560 4448 2712 4520 δηλοί
2747 4449 2816 4502 τὰ
2872 4445 3067 4518 πτερὰ,
3107 4447 3141 4518 ἢ
3180 4447 3242 4498 τὸ
3274 4449 3373 4516 τῆς
3408 4443 3624 4513 φύσεως

1947 4533 2100 4598 ὕψος.
2137 4535 2348 4604 Ὠσπερ
2383 4529 2476 4586 οὖν
2508 4533 2566 4586 αἱ
2619 4531 2887 4602 πτέρυγες
2931 4529 2991 4584 16
3030 4530 3130 4599 τῆς
3167 4529 3384 4598 φύσεως
3419 4526 3624 4597 ὑψηλὸν

1944 4618 2190 4688 δηλοῦσι,
2227 4619 2321 4672 ναὶ
2353 4619 2381 4670 ό
2409 4617 2598 4687 θρόνος
2646 4616 2708 4668 16
2749 4616 2839 4668 16v
2877 4614 3010 4669 Θεὸν
3056 4613 3244 4676 αὐτοῖς
3279 4610 3626 4666 ἐπαναπαύε-

1947 4701 2095 4767 σθαι,
2133 4707 2227 4759 καὶ
2258 4703 2307 4753 οἱ
2333 4699 2603 4769 ὀφθαλμοὶ
2627 4698 2688 4750 16
2709 4697 3036 4768 διορατικὸν,
3063 4697 3160 4750 καὶ
3187 4697 3248 4750 16
3283 4698 3451 4766 ἐγγὺς
3483 4695 3625 4752 εἶναι

1944 4784 2040 4838 τοῦ
2088 4783 2280 4856 θρόνου
2323 4783 2418 4836 καὶ
2448 4781 2510 4834 16
2549 4781 2843 4842 διαπαντὸς
2872 4780 3036 4834 αὑτὸν
3075 4781 3335 4852 ἀνυμνεῖν
3366 4780 3430 4834 16
3453 4781 3627 4852 ἀγρυ-

1947 4885 2080 4922 πνον
2109 4869 2204 4921 καὶ
2241 4866 2566 4939 ἐγρηγορὸς,
2596 4864 2738 4918 οὓτω
2772 4864 2836 4935 δὴ
2875 4868 2973 4918 καὶ
3003 4864 3072 4918 τά
3107 4865 3352 4936 ὀνόματα
3381 4864 3492 4918 τῶν
3526 4867 3625 4936 μὲν

1946 4953 2045 5018 τὴν
2070 4952 2284 5020 σοφίαν,
2312 4951 2421 5004 τῶν
2447 4951 2503 5004 δὲ
2539 4948 2640 5019 τὴν
2677 4947 3025 5019 καθαρότητα
3065 4948 3234 5022 δηλοῖ.
3262 4948 3327 5002 Τί
3359 4948 3468 5020 γάρ
3509 4949 3626 5001 ἐστι

1947 5034 2262 5104 Χερουϐίμ;
2287 5032 2717 5102 πεπληθυσμένη
2750 5030 2972 5100 γνῶσις.
3007 5031 3074 5084 Τί
3112 5031 3171 5084 δέ
3199 5030 3488 5101 Σεραφίμ;
3524 5029 3627 5100 ἐμ-

1950 5134 2101 5190 πυρα
2134 5117 2400 5188 στόματα.
2435 5113 2589 5180 Εἶδες
2618 5117 2735 5180 πῶς
2762 5117 2858 5170 καὶ
2890 5117 2991 5188 τὴν
3027 5117 3380 5188 καθαρότητα
3405 5115 3500 5168 καὶ
3521 5115 3627 5185 τὴν

1951 5201 2144 5272 σοφίαν
2178 5201 2247 5254 τὰ
2285 5201 2526 5272 ὀνόματα
2577 5201 2995 5274 παρεδήλωσενς
3041 5203 3102 5255 ιιι
3134 5200 3215 5264 δὲ,
3249 5197 3379 5252 ἔνθα
3423 5199 3628 5269 πεπλη-

1949 5285 2192 5357 θυσμένη
2215 5285 2439 5353 γνῶσις,
2471 5284 2592 5338 ούδέ
2624 5302 2686 5338 συ
2696 5285 3033 5353 γκατάϐασιν
3053 5283 3193 5338 Θεοῦ
3215 5282 3474 5336 δύνανται
3498 5281 3626 5334 ἰδεῖν

1951 5369 2092 5443 μετά
2136 5368 2444 5440 ἀκριϐείας,
2483 5367 2654 5423 ἐνθαδ
2683 5368 2885 5440 μερικὴ
2929 5368 3152 5438 γνῶσις,
3193 5363 3376 5430 καθὼς
3413 5364 3626 5430 Παῦλός

1950 5471 2143 5525 φησιν,
2200 5454 2296 5507 Ἐκ
2328 5452 2554 5522 μέρους
2596 5451 2992 5522 γινώσκομεν,
3034 5451 3132 5504 καὶ
3183 5449 3258 5503 δι’
3289 5449 3624 5518 ἐσόπτρου,

1949 5538 2050 5592 καὶ
2071 5538 2143 5592 ἐν
2170 5538 2490 5608 αἰνίγματι.
2516 5537 2693 5605 πόσης
2723 5535 2982 5598 ἀπονοίας
3017 5535 3084 5588 ἂν
3112 5533 3221 5604 εἴη,
3242 5532 3310 5587 τὰ
3335 5533 3472 5604 μηδὲ
3487 5531 3628 5584 ἐκεί-

1949 5638 2059 5685 νοις
2092 5621 2280 5684 θεατά,
2320 5620 2498 5676 ταῦτα
2544 5621 2731 5686 αὐτοῖς
2772 5620 3015 5692 νομίζειν
3049 5613 3190 5674 εἶναι
3240 5616 3496 5691 γνώριμα

1956 5709 2241 5776 καταφανῆ
2257 5725 2271 5770 ;

2013 5829 2041 5870 δ
2063 5829 2158 5879 Alii
2184 5830 2374 5878 δύναται
2397 5831 2510 5880 ἰδεῖν
2535 5832 2634 5890 μετ’
2666 5833 2841 5888 ἀδείας,
2868 5835 2990 5884 ἔνθα.

3202 5899 3272 5959 13
