3854 6222
279 259 385 317 725
1067 256 1124 312 S.
1162 253 1448 312 JOANNIS
1485 250 1975 308 CHRYSOSTOMI
2016 251 2339 310 ARCHIEP.
2379 251 2932 311 CONSTANTINOP.

351 385 425 444 ς’.
453 372 573 431 Ὀτι
593 375 650 429 δέ
671 377 734 431 οὐ
755 376 866 436 τοῖς
890 371 1164 445 Χερουϐὶμ
1179 411 1194 435 ,
1214 371 1335 424 οὐδὲ
1356 372 1467 433 τοῖς
1495 369 1746 439 Σεραφὶμ
1769 367 1952 439 μόνον,

279 466 394 520 ἀλλ’
427 464 548 519 οὐδὲ
575 464 794 536 ἀρχαῖς,
818 461 940 514 οὐδέ
970 460 1264 522 ἐξουσίαις,
1297 459 1417 510 οὐδὲ
1444 458 1579 530 ἄλλῃ
1615 459 1721 510 τινὶ
1753 459 1950 525 κτιστῇ

278 553 506 624 δυνάμει
533 549 888 621 κατάληπτός
919 550 1066 601 ἐστιν
1095 547 1124 598 ὁ
1154 547 1311 612 Θεὸς,
1346 547 1438 599 καὶ
1469 544 1627 597 τοῦτο
1655 544 1956 614 ἐϐουλόμην

279 642 559 708 ἀποδεῖξαι
582 641 699 704 νῦν,
725 639 839 692 ἀλλ’
874 637 1080 707 ἔκαμεν
1115 636 1248 706 ήμῖν
1288 636 1323 706 ή
1358 633 1593 694 διάνοια,
1621 633 1683 686 οὐ
1712 631 1790 703 τῷ
1821 633 1956 703 πλή-

283 732 382 794 ἳει,
409 730 543 784 ἀλλά
559 732 626 800 τῇ
657 728 829 799 φρίκῃ
859 725 967 779 τῶν
1004 723 1334 795 εἰρημένων.
1360 723 1568 794 Τρέμει
1602 721 1713 794 γὰρ
1735 721 1832 776 καὶ
1866 724 1958 774 ἐκο

287 820 592 890 πέπληκται
634 819 668 887 ή
708 816 856 886 ψυχὴ
901 815 995 867 ἐπὶ
1035 813 1171 866 πολύ
1213 815 1336 876 ταῖς
1376 813 1490 866 ἀνω
1537 810 1958 880 ἐνδιατρίϐουσα

279 908 557 978 θεωρίαις.
595 907 687 959 Διὸ
733 905 867 976 φέρε
905 903 1080 974 αὐτὴν
1115 903 1182 954 ἐκ
1223 901 1335 953 τῶν
1376 898 1624 970 οὐρανῶν
1653 897 1956 951 καταϐιϐά-

280 1013 464 1067 σωμεν
480 997 574 1048 καὶ
611 994 1108 1064 ψυχαγωγήσωμεν
1141 987 1703 1057 καταπεπληγμένην,
1731 987 1825 1038 ἐπὶ
1857 987 1957 1058 τὴν

279 1079 489 1150 συνήθη
525 1077 941 1146 καταφυγόντες
971 1073 1340 1144 παράκλησιν.
1372 1073 1468 1136 Τίς
1500 1072 1558 1125 δέ
1593 1071 1736 1142 αῦτη
1771 1071 1952 1134 ἐστίν;

279 1166 554 1238 Εὐχεσθαι
581 1167 707 1230 τοὺς
744 1165 815 1219 τά
853 1164 1080 1218 τοιαῦτα
1113 1163 1406 1225 νοσοῦντας
1443 1160 1663 1230 ὐγιᾶναί
1699 1177 1854 1213 ποτε.
1891 1159 1954 1212 Εἰ

280 1256 385 1328 γὰρ
425 1255 564 1326 ὑπὲρ
585 1254 692 1306 τῶν
721 1255 780 1305 ἐν
807 1253 1006 1317 νόσοις,
1041 1252 1098 1304 ἐν
1133 1249 1437 1320 μετάλλοις,
1465 1251 1522 1303 ἐν
1549 1248 1814 1319 σκληραῖς
1837 1247 1958 1301 δου-

283 1345 472 1407 λείαις,
504 1342 598 1395 καί⁸
641 1342 785 1411 ὑπὲρ
838 1341 948 1392 τῶν
996 1337 1406 1408 ἐνεργουμένων
1462 1337 1798 1408 κελευόμεθα
1865 1335 1958 1388 τὸν

279 1429 414 1483 Θεὸν
443 1428 807 1500 παρακαλεῖν,
833 1425 986 1496 πόσῳ
1017 1423 1216 1495 μᾶλλον
1240 1424 1379 1495 ὐπέρ
1409 1422 1643 1488 τούτων;
1687 1423 1839 1475 Ἐπεὶ
1865 1422 1959 1473 καὶ

280 1519 640 1590 χαλεπωτέρα
687 1515 784 1569 τοῦ
829 1515 1081 1584 δαίμονος
1121 1515 1154 1584 ή
1197 1512 1459 1567 ἀσέϐεια·
1498 1511 1679 1580 ἐκείνη
1716 1510 1814 1580 μὲν
1849 1510 1957 1580 γὰρ

277 1608 392 1678 ἔχει
428 1604 763 1675 συγγνώμην
799 1605 832 1675 ή
867 1602 1054 1674 μανία,
1086 1600 1226 1670 αῦτη
1273 1600 1329 1652 δὲ
1366 1601 1548 1670 πάσης
1592 1597 1889 1666 ἀπολογίας
1924 1601 1958 1669 ή

279 1699 436 1762 νόσος
477 1695 791 1766 ἐστέρηται.
839 1691 978 1744 Ἀλλ’
1013 1689 1202 1760 ἐπειδὴ
1243 1689 1345 1760 τῆς
1381 1689 1522 1760 ὑπὲρ
1560 1687 1668 1740 τῶν
1705 1689 1960 1758 ἐνεργου-

283 1787 463 1859 μένων
493 1783 777 1856 ἐμνήσθην
805 1782 992 1852 εὐχῆς,
1018 1779 1282 1850 βούλομαί
1313 1795 1366 1832 τι
1391 1779 1527 1849 πρὸς
1556 1776 1656 1848 τὴν
1684 1778 1959 1848 ὑμετέραν

277 1875 627 1947 διαλεχθῆναι
661 1874 905 1945 ἀγάπην.
937 1873 1032 1926 καὶ
1062 1871 1275 1942 νόσημα
1303 1869 1456 1943 [169]
1482 1869 1581 1940 τῆς
1631 1869 1960 1940 Ἐκκλησίας

279 1965 512 2035 ἐκκόψαι
547 1962 807 2035 χαλεπόν.
853 1961 963 2014 Καὶ
993 1961 1102 2032 γὰρ
1127 1960 1330 2014 ἄτοπον
1366 1959 1432 2012 ἂν
1467 1957 1554 2029 εἴη
1589 1958 1718 2021 τοὺς
1759 1957 1960 2020 ἔξωθεν

283 2051 424 2124 μετά
477 2050 751 2120 τοσαύτης
805 2047 1157 2120 ἰατρεύοντας
1209 2046 1526 2117 ἐπιμελείας
1577 2046 1688 2098 τῶν
1737 2047 1960 2098 οἰκείων

281 2137 646 2204 καταφρονεῖν
689 2132 890 2202 μελῶν.
941 2131 1009 2184 Τί
1056 2132 1176 2183 ποτ’
1206 2126 1299 2183 οῦν
1335 2133 1452 2182 ἐστι
1490 2130 1553 2182 τὸ
1603 2130 1857 2199 νόσημα;
1888 2131 1961 2182 Τὸ

281 2221 485 2291 πλῆθος
516 2219 676 2273 τοῦτο
708 2219 768 2272 τὸ
806 2219 1036 2287 ἄφατον,
1067 2217 1128 2269 τὸ
1158 2215 1668 2287 συγκεκροτημένον
1707 2215 1823 2280 νῦν,
1867 2216 1962 2269 καὶ

284 2306 423 2376 μετά
449 2305 718 2374 τοσαύτης
746 2302 1036 2374 ἀκριϐείας
1068 2301 1336 2373 προσέχον
1365 2303 1480 2360 τοῖς
1504 2299 1840 2370 λεγομένοις,
1860 2317 1962 2353 κα-

280 2395 350 2448 τά
379 2395 479 2465 τὴν
513 2391 960 2463 φρικωδεστάτην
994 2390 1144 2460 ὥραν
1197 2388 1412 2458 ἐκείνην
1457 2387 1720 2451 πολλάκις
1767 2388 1962 2457 ἐπιζη-

281 2483 453 2554 τήσας
484 2481 612 2534 ἰδεῖν
639 2481 740 2533 οὐκ
761 2479 1056 2550 ἠδυνήθην,
1089 2478 1181 2530 καί
1209 2477 1416 2548 σφόδρα
1450 2476 1734 2542 ἐστέναξα,
1759 2476 1840 2528 ὅτι
1867 2475 1961 2528 τοῦ

286 2571 386 2640 μὲν
435 2568 718 2624 συνδούλου
739 2564 1125 2636 διαλεγομένου
1163 2564 1332 2634 πολλὴ
1383 2565 1415 2634 ή
1463 2563 1686 2636 σπουδή,
1718 2567 1964 2617 ἐπιτετα-

289 2659 426 2729 μένη
463 2659 496 2729 ή
524 2655 802 2729 προθυμία
829 2653 940 2706 τῶν
970 2652 1357 2706 συνωθούντων
1386 2652 1650 2723 ἀλλήλους
1680 2653 1772 2706 καὶ
1799 2652 1962 2724 μέχρι

282 2745 473 2807 τέλους
507 2741 958 2813 παραμενόντων,
990 2739 1085 2792 τοῦ
1119 2739 1176 2793 δὲ
1213 2737 1454 2810 Χριστοῦ
1499 2737 1788 2806 φαίνεσθαι
1820 2739 1965 2808 μέλ-

282 2832 466 2894 λοντος
499 2829 591 2884 ἐπὶ
628 2827 739 2880 τῶν
771 2826 932 2897 ἱερῶν
982 2828 1320 2896 μυστηρίων,
1357 2825 1486 2896 κενὴ
1538 2826 1636 2878 καὶ
1683 2824 1888 2895 ἔρημος
1928 2827 1962 2896 ή

295 2916 594 2988 Ἐκκλησία
609 2917 836 2984 γίνεται.
852 2914 963 2968 Καὶ
980 2912 1083 2967 ποῦ
1101 2913 1273 2966 ταῦτα
1291 2913 1620 2983 συγγνώμης
1637 2911 1790 2978 diu;
1833 2913 1965 2966 ’Δπὸ

283 3007 384 3077 τῆς
431 3004 708 3077 ῥᾳθυμίας
746 3000 954 3072 ταύτης
993 3003 1090 3056 καὶ
1131 3002 1257 3065 τοὺς
1298 3001 1553 3064 ἐπαίνους
1599 3002 1724 3066 τοὺς
1759 3002 1852 3055 ἐπὶ
1894 3003 1961 3072 τῇ

285 3093 429 3147 κατὰ
461 3090 559 3163 τὴν
590 3091 855 3163 ἀκρόασιν
902 3088 1105 3161 σπουδῇ
1150 3089 1359 3152 πάντας
1398 3088 1686 3142 ἀπόλλυτε.
1719 3087 1815 3152 Τίς
1854 3087 1965 3159 γὰρ

285 3181 440 3254 ὐμῶν
474 3181 535 3234 οὐ
572 3178 990 3248 καταγνώσεται
1017 3180 1111 3232 καὶ
1140 3177 1319 3248 ἡμῶν,
1347 3179 1474 3232 ὃταν
1508 3177 1592 3251 ἴδῃ
1621 3178 1714 3230 τὸν
1753 3177 1965 3249 καρπὸν

283 3269 388 3344 τῆς
428 3269 746 3342 ἀκροάσεως
774 3266 978 3331 εὐθέως
1014 3267 1144 3337 ύμῖν
1171 3266 1533 3337 διαρρυέντα;
1575 3267 1638 3320 Εἰ
1669 3266 1780 3337 γάρ
1823 3266 1965 3337 μετὰ

287 3361 572 3433 ἀκριϐείας
605 3357 927 3430 προσείχετε
971 3358 1084 3417 τοῖς
1127 3354 1465 3425 λεγομένοις,
1497 3355 1586 3408 διὰ
1630 3354 1737 3407 τῶν
1785 3355 1965 3426 ἔργων

291 3450 358 3503 ἂν
393 3446 746 3512 ἐπεδείξασθε
783 3443 882 3514 τὴν
918 3443 1191 3512 σπουδήν⁶
1231 3442 1292 3494 τὸ
1329 3443 1384 3494 δέ
1416 3442 1622 3505 εὐθέως
1665 3441 1964 3506 ἀκούοντας

289 3535 578 3607 ἁποπηδᾷν
604 3532 829 3604 σημεῖόν
859 3532 975 3583 ἐστι
1001 3529 1097 3583 τοῦ
1122 3529 1290 3600 μηδὲν
1313 3529 1570 3594 δέξασθαι
1593 3531 1704 3583 τῶν
1734 3531 1964 3601 εἰρημέ-

289 3642 396 3676 νων
424 3623 517 3676 καὶ
550 3617 915 3674 ἐναποθέσθαι
949 3619 1016 3687 τῇ
1043 3615 1272 3687 διανοίᾳ.
1304 3616 1368 3668 Εἰ
1401 3615 1510 3689 γὰρ
1547 3617 1867 3671 ἐναπέκειτο
1897 3621 1964 3672 τά

290 3710 558 3780 λεγόμενα
586 3708 703 3769 ταῖς
735 3705 958 3775 ψυχαῖς,
994 3703 1211 3767 πάντως
1243 3702 1309 3756 ἃν
1341 3703 1482 3774 ὑμᾶς
1524 3703 1672 3756 ἐνδον
1706 3705 1962 3774 κατέσχε,

291 3798 386 3851 καὶ
427 3796 566 3867 πρὸς
615 3793 686 3846 τά
730 3790 1152 3864 φρικωδέστατα
1189 3790 1329 3862 μετὰ
1360 3791 1606 3855 πλείονος
1641 3791 1921 3856 εὐσεϐείας
1943 3802 1965 3824 ⁸

289 3882 643 3958 παρέπεμψε.
680 3881 796 3936 Νῦν
838 3879 897 3934 δὲ
941 3879 1133 3950 ῶσπερ
1168 3877 1480 3951 κιθαρῳδοῦ
1520 3895 1668 3944 τινος
1691 3881 1964 3936 ἀκούσαν-

288 3991 404 4038 τες,
443 3970 617 4034 οῦτως
653 3969 850 4042 ἔρημοι
902 3966 1084 4037 πάσης
1131 3965 1417 4036 ώφελείας,
1461 3967 1812 4038 παυσαμένου
1864 3969 1962 4022 τοῦ

289 4062 564 4133 λέγοντος,
599 4059 953 4130 ἀναχωρεῖτε.
997 4055 1161 4109 Ἀλλά
1192 4055 1277 4120 τίς
1309 4054 1554 4128 ἡψυχρά
1604 4057 1712 4110 τῶν
1753 4056 1964 4111 πολλῶν

290 4152 588 4220 ἀπολογίας
614 4147 911 4213 Εὐξασθαι,
940 4147 1095 4216 φησί,
1128 4146 1224 4199 καὶ
1255 4146 1352 4198 ἐπὶ
1384 4145 1483 4216 τῆς
1505 4146 1685 4210 οἰκίας
1703 4147 1961 4218 δύναμαι,

290 4242 507 4314 ὁμιλίας
531 4236 594 4294 δὲ
631 4237 862 4292 ἀκοῦσαι
889 4235 982 4289 καὶ
1003 4233 1351 4297 διδασκαλίας
1376 4235 1438 4287 οὐ
1474 4234 1702 4289 δυνατὸν
1733 4239 1828 4290 ἐπὶ
1860 4237 1965 4307 τῆς

289 4328 486 4389 οἰκίας.
531 4324 771 4393 Ἀπατᾷς
813 4319 1032 4385 σαυτὸν,
1075 4319 1361 4392 ἀνθρωπεο
1401 4319 1661 4387 εὔξασθαι
1707 4323 1807 4392 μὲν
1854 4325 1964 4396 γὰρ

291 4415 388 4469 καὶ
427 4413 521 4466 ἐπὶ
555 4411 654 4481 τῆς
692 4409 868 4472 οἰκίας
904 4407 1153 4470 δυνατὸν,
1181 4407 1322 4460 οὓτω
1359 4407 1418 4461 δὲ
1464 4407 1724 4474 εὔξασθαι
1757 4410 1832 4475 ὡς
1872 4413 1963 4464 ἐπὶ

289 4481 388 4574 τῆς
431 4497 757 4569 Ἐκκλησίας
783 4496 1062 4556 ἀδύνατον,
1095 4496 1229 4548 ὅπου
1254 4497 1514 4567 Πατέρων
1557 4497 1759 4568 πλῆθος
1783 4498 1966 4552 τοσοῦ-

289 4605 402 4652 τον,
434 4587 567 4641 ὃπου
593 4585 690 4656 βοὴ
726 4583 862 4654 πρὸς
900 4582 992 4634 τὸν
1025 4581 1159 4635 Θεὸν
1184 4581 1529 4652 ὁμοθυμαδὸν
1553 4583 1959 4655 ἀναπέμπεται.

291 4675 405 4745 Οὐχ
445 4673 618 4734 οὕτως
657 4669 920 4742 είσακούῃ
955 4668 1099 4722 κατὰ
1131 4669 1327 4723 σαυτὸν
1368 4669 1458 4722 τὸν
1488 4670 1766 4741 Δεσπότην
1793 4691 1966 4744 παρα-

291 4760 498 4822 καλῶν,
526 4760 602 4822 ὡς
646 4759 784 4830 μετά
811 4758 920 4811 τῶν
955 4756 1200 4826 ἀδελφῶν
1237 4757 1348 4810 τῶν
1379 4757 1505 4811 σῶν.
1555 4758 1823 4814 Ἐνταῦθα
1855 4762 1964 4832 γάρ

291 4848 409 4902 ἐστί
434 4865 489 4900 τι
523 4846 708 4907 πλέον,
733 4840 844 4898 οἷον
873 4846 906 4916 ή
938 4845 1160 4914 ὁμόνοια
1190 4845 1285 4899 καὶ
1311 4847 1345 4915 ή
1379 4847 1692 4916 συμφωνία,
1733 4847 1826 4900 καί⁵
1863 4848 1963 4917 τῆς

291 4935 516 5006 ἀγάπης
546 4936 574 4987 ὁ
602 4932 920 5004 σύνδεσμος,
946 4933 1040 4985 καὶ¹
1075 4934 1133 4985 αἰ
1160 4931 1267 4986 τῶν
1301 4934 1492 5003 ἰερέων
1523 4934 1700 5004 εὐχαί.
1732 4935 1830 4989 Διά
1854 4935 1962 5008 γὰρ

290 5021 450 5076 τοῦτο
473 5021 524 5074 οἰ
561 5021 726 5091 ἱερεῖς
748 5021 1174 5090 προεστήκασιν,
1201 5020 1286 5072 ἵνα
1323 5022 1379 5071 αἱ
1413 5019 1508 5072 τοῦ
1539 5019 1778 5092 πλήθους
1806 5023 1964 5093 εὐχαὶ

291 5107 678 5178 ἀσθενέστεραι
724 5101 905 5172 οὖσαι,
928 5106 1038 5160 τῶν
1072 5105 1457 5174 δυνατωτέρων
1481 5106 1686 5160 τούτων
1716 5108 1966 5163 ἐπιλιιϐό⁶

297 5213 477 5267 μεναι,
505 5195 641 5264 ὁμοῦ
666 5194 1060 5248 συνανέλθωσιν
1083 5194 1272 5258 αὐταῖς
1307 5195 1387 5256 εἰς
1417 5193 1509 5247 τὸν
1544 5195 1793 5267 οὐρανόν.
1829 5198 1962 5251 Ἀλ-

291 5283 399 5347 λως
419 5283 475 5336 δέ
496 5283 549 5335 τί
567 5281 760 5351 γένοιτ’
787 5281 852 5335 ἂν
881 5281 1072 5348 ὄφελος
1097 5280 1334 5351 ὁμιλίας,
1356 5281 1483 5334 ὅταν
1506 5282 1640 5354 εὐχὴ
1670 5283 1745 5354 μὴ
1833 5302 1961 5339 συνι-

289 5368 625 5441 εζευγμένης
656 5366 932 5440 Πρότερον
978 5367 1134 5438 εὐχή,
1171 5366 1267 5420 καὶ
1311 5367 1432 5422 τότε
1471 5367 1660 5437 λόγος’
1697 5370 1840 5425 οὕτω
1866 5374 1962 5426 καὶ

290 5461 339 5512 οἰ
377 5458 668 5513 ἀπόστολοί
713 5472 910 5526 φασινο
956 5456 1146 5526 Ἡμεῖς
1183 5455 1251 5508 δὲ
1286 5453 1364 5524 τῇ
1406 5457 1720 5526 προσευχῇ
1756 5460 1855 5513 καὶ
1886 5461 1963 5530 τῇ

288 5545 563 5612 διακονίᾳ
595 5544 702 5600 τοῦ
745 5545 932 5614 λόγου
964 5542 1600 5613 προσκαρτερήσωμεν.
1631 5545 1787 5598 Οὐτω
1814 5548 1908 5600 καὶ
1932 5549 1961 5600 ὁ

290 5631 501 5694 Παῦλος
524 5634 669 5684 ποιεῖ
703 5630 761 5683 ἐν
783 5633 895 5694 τοῖς
922 5629 1232 5702 προοιμίοις
1258 5628 1367 5682 τῶν
1399 5629 1702 5684 ἐπιστολῶν
1727 5634 1962 5704 εὐχόμε-

291 5737 401 5783 νος,
428 5720 496 5772 ῐν⁹
539 5719 728 5790 ὥσπερ
769 5718 961 5790 λύχνου
997 5719 1136 5790 φῶς,
1181 5716 1322 5773 οὕτω
1372 5719 1435 5772 τὸ
1483 5719 1582 5789 τῆς
1631 5721 1796 5792 εὐχῆς
1841 5720 1957 5789 φῶς

353 5838 382 5868 ⁸
400 5837 500 5888 Alii
523 5839 784 5896 εὐλαϐείας.

3649 257 3754 313 τεο

2063 369 2468 443 προοδοποιήσῃ
2509 369 2589 440 τῷ
2629 369 2796 441 λόγῳ.
2839 371 2966 426 Ἐὰν
2996 369 3188 444 ἐθίσῃς
3228 371 3461 426 σεαυτὸν
3493 372 3764 444 εὔχεσθαι

2065 456 2205 526 μετὰ
2240 455 2544 527 ἀκριϐείας,
2571 457 2633 510 οὐ
2667 457 2836 530 δεήσῃ
2866 457 2967 528 τῆς
3002 459 3156 527 παρά
3191 459 3302 512 τῶν
3334 459 3661 512 συνδούλων
3689 459 3764 510 δι-

2059 542 2377 607 δασκαλίας,
2401 543 2571 597 αὐτοῦ
2600 561 2684 596 σοι
2710 544 2805 597 τοῦ
2837 545 2974 599 Θεοῦ
3006 547 3176 618 χωρὶς
3205 545 3429 616 μεσίτου
3473 545 3636 607 τινος
3668 563 3765 597 κα-

2061 630 2426 698 ταυγάζοντος
2463 629 2560 702 τὴν
2599 632 2858 686 διάνοιαν.
2901 634 2962 688 Εἰ
2991 633 3049 686 δέ
3088 635 3223 706 εὐχὴ
3269 633 3436 702 μόνου
3481 634 3765 702 τοσαύτην

2061 717 2173 788 ἔχει
2202 716 2454 787 δύναμιν,
2493 718 2674 788 πολλῷ
2707 719 2911 789 μᾶλλον
2942 722 2974 789 ή
3021 723 3160 791 μετά
3198 721 3438 792 πλήθους
3461 738 3475 750 °
3534 721 3765 792 μείζονα

2063 805 2170 876 γάρ
2202 805 2409 876 ταύτης
2449 807 2518 859 τά
2559 809 2750 878 νεῦρα,
2793 809 2886 861 καὶ
2930 809 3130 863 πλείων
3176 811 3210 879 ἡ
3252 811 3550 881 παρρησία
3582 812 3765 879 πολλῷ

2061 893 2157 962 τῆς
2187 896 2242 945 ἐν
2274 894 2424 964 οἰκία
2453 895 2546 947 καὶ
2583 895 2704 947 κατ’
2730 896 2890 948 ἰδίαν.
2931 895 3104 949 Πόθεν
3141 895 3302 949 τοῦτο
3343 897 3548 967 δῆλον;
3583 897 3766 950 Αὐτοῦ

2060 980 2155 1033 τοῦ
2182 981 2396 1035 Παύλου
2429 982 2680 1051 λέγοντος
2703 983 2934 1038 ἄκουσον
2952 1001 2968 1017 ⁸
3026 987 3122 1051 ’ος
3152 985 3220 1038 ἐκ
3253 987 3638 1052 τηλικούτου
3666 992 3766 1040 θα-

2060 1067 2246 1123 νάτου
2273 1070 2570 1138 ἐρρύσατο
2598 1071 2778 1140 ἡμᾶς,
2811 1071 2911 1124 καὶ
2929 1072 3168 1138 ῥύεται·
3201 1073 3560 1142 ἠλπίκαμεν
3577 1073 3654 1126 δὲ
3679 1073 3767 1126 ὅτι

2063 1154 2162 1210 καὶ
2207 1156 2293 1210 ἐτι
2336 1158 2614 1226 ῥύσεται,
2657 1161 3250 1228 συνυπουργούντων
3296 1161 3398 1215 καί
3452 1161 3643 1230 ὑμῶν
3699 1161 3768 1230 τῇ

2062 1243 2269 1314 δεήσει
2292 1245 2444 1314 ὑπὲρ
2470 1245 2658 1315 ἡμῶν,
2684 1248 2786 1299 ἵνα
2809 1247 2874 1301 τὸ
2897 1249 2984 1312 είς
3006 1246 3164 1315 ἡμᾶς
3188 1247 3459 1318 χάρισμα
3484 1249 3592 1304 διὰ
3627 1255 3770 1305 πολ-

2061 1331 2192 1386 λῶν
2215 1335 2553 1404 προσώπων
2593 1335 3005 1404 εὐχαριστηθῇ
3041 1337 3195 1404 ὑπὲρ
3240 1337 3431 1407 ἡμῶν.
3468 1340 3644 1393 Οὕτω
3677 1341 3770 1393 καὶ

2063 1419 2269 1492 Πέτρος
2288 1423 2348 1475 τὸ
2367 1423 2738 1495 δεσμωτήριον
2761 1424 3003 1494 διέφυγε.
3025 1426 3342 1495 Προσευχὴ
3357 1427 3472 1496 γὰρ
3499 1424 3586 1497 ἦν
3605 1429 3771 1482 ἐκτεο

2063 1507 2181 1578 νὴς
2198 1509 2317 1563 ὑπὸ
2349 1508 2458 1576 τῆς
2503 1508 2864 1578 Ἐκκλησίας
2894 1511 3048 1579 ὑπὲρ
3067 1513 3256 1566 αὑτοῦ
3281 1516 3586 1583 γινομένη
3618 1517 3769 1583 πρὸς

2064 1595 2174 1649 τὸν
2207 1600 2374 1652 Θεόν.
2407 1600 2472 1652 Εἰ
2503 1599 2560 1652 δὲ
2582 1598 2788 1670 Πέτρον
2819 1597 2972 1671 [470]
3010 1601 3260 1672 ὠφέλησε
3282 1603 3382 1672 τῆς
3421 1603 3771 1674 Ἐκκλησίας

2063 1691 2097 1759 ή
2120 1689 2274 1760 εὐχὴ,
2305 1689 2399 1742 καὶ
2422 1689 2516 1742 τὸν
2544 1688 2733 1742 στῦλον
2757 1691 2964 1744 ἐκεῖνον
2991 1691 3214 1757 ἐξέϐαλε
3231 1692 3324 1744 τοῦ
3341 1692 3767 1763 δεσμωτηρίου,

2066 1776 2184 1839 πῶς
2219 1777 2284 1829 σὺ
2324 1779 2694 1848 καταφρονεῖς
2716 1777 2814 1848 τῆς
2835 1777 3117 1847 δυνάμεως
3140 1779 3338 1850 αὐτῆς,
3364 1781 3495 1832 εἰπέ
3526 1799 3648 1851 μοι,
3683 1784 3770 1834 καὶ

2066 1865 2226 1918 ποίαν
2254 1864 2402 1929 ἕξεις
2435 1865 2765 1933 ἀπολογίαν;
2794 1867 3063 1920 ’Ἄκουσον
3105 1867 3199 1920 καὶ
3237 1867 3412 1920 αὐτοῦ
3468 1868 3577 1921 τοῦ
3633 1869 3767 1921 Θεοῦ

2065 1950 2340 2020 λέγοντος,
2398 1954 2480 2005 ὅτι
2506 1951 2842 2006 δυσωπεῖται
2863 1953 2925 2006 τὸ
2951 1953 3158 2025 πλῆθος
3186 1955 3304 2025 μετ’
3333 1956 3572 2020 εὐνοίας
3602 1957 3768 2009 αὐτὸν

2068 2040 2443 2111 παρακαλοῦν.
2478 2041 2622 2111 Πρὸς
2655 2041 2763 2112 γάρ
2802 2041 2895 2095 τὸν
2940 2042 3129 2095 ’Ῑωνᾶν
3155 2044 3646 2115 ἀπολογούμενος,
3681 2047 3766 2098 διὰ

2065 2128 2160 2180 τοῦ
2193 2127 2361 2197 φυτοῦ
2394 2128 2493 2198 τῆς
2529 2128 2880 2201 κολοκύντης,
2912 2131 3081 2200 φησί·
3108 2131 3192 2184 Σὺ
3208 2131 3326 2200 μὲν
3351 2134 3597 2202 ἐφείσω
3615 2134 3765 2200 ὑπὲρ

2067 2213 2178 2281 τῆς
2205 2215 2602 2281 κολοκύντης,
2637 2215 2790 2284 ὑπὲρ
2817 2211 2893 2287 ἧς
2919 2219 3031 2270 οὐκ
3083 2217 3590 2286 ἐκακοπάθησας,
3622 2220 3765 2274 οὐδὲ

2067 2300 2397 2370 ἐξέθρεψας
2427 2302 2655 2367 αὑτήν*
2693 2304 2810 2372 ἐγὼ
2838 2303 2904 2355 δὲ
2933 2305 3007 2357 οὐ
3041 2304 3325 2374 φείσομαι
3355 2307 3519 2375 ὑπὲρ
3549 2310 3763 2362 [Vn-ert

2067 2389 2179 2457 τῆς
2216 2389 2451 2455 πόλεως
2478 2390 2589 2457 τῆς
2613 2391 2908 2461 μεγάλης,
2943 2392 3013 2446 ἐν
3039 2386 3080 2463 ᾖ
3109 2395 3460 2450 κατοικοῦσι
3501 2398 3760 2462 πλείους

2068 2475 2106 2543 ἢ
2152 2474 2383 2530 δώδεκα
2422 2477 2713 2545 μυριάδες
2760 2478 3032 2547 ἀνδρῶν;
3066 2482 3177 2550 Οὐχ
3209 2480 3395 2545 ἁπλῶς
3436 2483 3504 2535 τὸ
3558 2485 3757 2555 xli-‘69.;

2071 2563 2462 2633 προϐάλλεται,
2495 2564 2610 2618 ἀλλ’
2647 2566 2732 2618 ἵνα
2765 2566 2966 2638 μάθῃς,
3012 2569 3093 2621 ὅτι
3153 2571 3186 2640 ἡ
3230 2570 3370 2639 μετά
3426 2573 3755 2641 συμφωνίας

2069 2652 2204 2722 εὐχὴ
2235 2652 2479 2722 μεγάλην
2521 2652 2632 2723 ἔχει
2673 2654 2774 2724 τήν
2807 2654 3055 2726 δύναμιν.
3089 2657 3257 2710 Τοῦτο
3308 2659 3407 2712 καὶ
3451 2660 3516 2726 ἐξ
3553 2660 3757 2730 ἀνθρω-

2071 2739 2234 2809 πίνης
2277 2740 2519 2812 ίστορίας
2549 2743 2680 2812 ὑμῖν
2720 2741 2944 2813 ποιῆσαι
2976 2743 3237 2815 βούλομαι
3273 2747 3539 2818 φανερόν.

2141 2825 2205 2889 ζ’.
2248 2827 2362 2898 Πρὸ
2389 2827 2500 2898 γάρ
2520 2828 2652 2880 δέκα
2673 2829 2879 2882 τούτων
2905 2830 3042 2884 ἐτῶν
3071 2832 3317 2885 ἑάλωσαν
3343 2833 3440 2886 ἐπὶ
3467 2836 3754 2905 τυραννίδι
3803 2850 3812 2860 ”

2068 2915 2233 2977 τινὲς,
2265 2915 2516 2986 καθάπερ
2545 2917 2641 2970 καὶ
2670 2917 2830 2988 ὑμεῖς
2863 2919 2996 2973 ίστε.
3034 2915 3166 2972 Εἶτα
3195 2920 3303 2974 τῶν
3326 2923 3385 2974 ἐν
3416 2923 3754 2995 δυναστεὶαδ

2068 3020 2153 3066 τις
2180 3003 2348 3056 ὄντων
2379 3005 2681 3070 ὑπεύθυνος
2711 3010 2827 3070 τοῖς
2859 3009 3174 3080 ἐγκλήμασι
3225 3012 3446 3079 φανεὶς,
3480 3017 3754 3085 σπαρτίον

2071 3091 2164 3144 ἐπὶ
2185 3093 2278 3146 τοῦ
2311 3094 2581 3162 στόματος
2607 3094 2810 3160 λαϐὼν,
2843 3097 3072 3168 ἐξήγετο
3095 3097 3194 3169 τὴν
3223 3099 3316 3151 ἐπὶ
3343 3098 3589 3154 θάνατον
3619 3103 3750 3155 ὁδόν.

2003 3242 2008 3246 η
2071 3181 2207 3233 Τότε
2241 3181 2305 3252 δὴ
2352 3183 2501 3234 πᾶσα
2530 3186 2563 3253 ή
2600 3184 2756 3247 πόλις
2795 3185 2889 3238 ἐπὶ
2917 3185 3007 3238 τὸν
3053 3185 3384 3258 ἰππόδρομον
3412 3188 3634 3260 ἔτρεχε,
3669 3194 3754 3245 κεί

2069 3269 2198 3332 τοὺς
2226 3272 2289 3322 ἐκ
2320 3271 2430 3322 τῶν
2476 3271 2859 3344 ἐργαστηρίων
2893 3273 3108 3344 ἐξῆγον,
3145 3275 3240 3327 καὶ
3270 3281 3427 3348 κοινῇ
3467 3281 3585 3344 πᾶς
3619 3284 3646 3333 ὁ
3670 3282 3754 3350 51';-

2074 3372 2175 3426 μος
2204 3355 2444 3410 ἀνελθὼν
2477 3359 2756 3430 ἐξήρπασε
2773 3359 2874 3430 τῆς
2905 3360 3190 3432 βασιλικῆς
3219 3362 3390 3434 ὀργῆς
3420 3365 3517 3417 τὸν
3537 3369 3754 3420 καταδι-

2071 3445 2366 3508 κασθέντα,
2398 3446 2493 3498 καί
2543 3447 2802 3518 οὐδεμιᾶς
2849 3447 2999 3514 ἄξιον
3054 3449 3182 3502 ὄντα
3229 3452 3596 3523 συγγνώμης.
3628 3453 3755 3510 Εἶτα

2073 3532 2338 3602 βασιλέως
2397 3535 2495 3603 μὲν
2542 3535 2712 3606 ὀργὴν
2765 3536 3006 3604 ἐπιγείου
3056 3537 3361 3592 καταλῦσαι
3412 3540 3753 3612 βουλόμενοι.

2074 3620 2212 3690 μετὰ
2242 3621 2448 3674 παίδων
2477 3623 2571 3674 καί
2602 3624 2879 3692 γυναικῶν
2924 3624 3274 3696 συνετρέχετε
3306 3626 3541 3692 πάντες,
3577 3632 3669 3684 τὸν

2069 3708 2179 3760 τῶν
2236 3709 2484 3779 οὐρανῶν
2537 3711 2762 3781 βασιλέα
2821 3713 3112 3782 μέλλοντες
3159 3714 3286 3767 ῖλεω
3330 3717 3614 3786 ποιήσειν,
3669 3727 3751 3773 καὶ

2072 3791 2404 3863 ἐξαρπάσειν
2454 3794 2554 3864 τῆς
2602 3794 2772 3865 ὀργῆς
2831 3795 2996 3849 αὐτοῦ
3043 3797 3141 3866 οὐχ
3181 3796 3277 3850 ἐνα
3316 3798 3586 3869 καθάπερ
3617 3804 3748 3860 τότε.

2069 3879 2191 3932 οὐδὲ
2219 3879 2312 3933 δύο
2342 3881 2436 3934 καὶ
2465 3884 2618 3953 τρεῖς
2653 3883 2749 3935 καὶ
2797 3883 3012 3948 ἐκατὸν,
3046 3883 3185 3938 ἀλλά
3215 3886 3431 3950 πάντας
3459 3891 3596 3953 τοὺς
3619 3892 3749 3943 κατὰ

2067 3967 2168 4038 τὴν
2213 3969 2542 4041 οἰκουμένην
2593 3971 2994 4043 ἁμαρτωλοὺς,
3047 3973 3142 4025 καὶ
3190 3973 3318 4036 τούς
3373 3973 3750 4046 δαιμονῶντας

2069 4056 2430 4110 ἀπαλλάττειν
2446 4057 2549 4129 τῆς
2570 4057 2663 4111 τοῦ
2683 4058 2932 4112 διαϐόλου
2958 4060 3187 4128 παγίδος
3203 4071 3252 4126 ε,
3281 4060 3390 4126 ἔξω
3423 4064 3747 4131 καθέξεσθε,

2068 4147 2164 4198 καὶ
2190 4147 2249 4198 οὐ
2281 4146 2603 4216 συντρέχετε
2632 4145 2786 4216 κοινῇ
2818 4146 3039 4212 πάντες,
3057 4149 3144 4202 ἵνα
3172 4150 3200 4202 ὁ
3229 4148 3363 4212 Θεὸς
3386 4151 3493 4222 τὴν
3523 4170 3751 4224 συμφω-

2068 4231 2186 4285 νίαν
2218 4230 2371 4302 ὐμῶν
2412 4232 2700 4298 αἰδεσθεὶς,
2743 4235 3023 4298 κάκείνοις
3060 4236 3172 4306 ἀφῇ
3222 4236 3323 4308 τὴν
3376 4239 3635 4298 κόλασιν.
3666 4247 3752 4297 καὶ

2070 4319 2197 4390 ὑμῖν
2231 4322 2565 4392 συγχωρήσῃ
2597 4321 2668 4374 τὰ
2697 4323 3110 4393 ἀμαρτήματα;
3142 4324 3208 4377 Εἰ
3265 4324 3376 4395 γάρ
3409 4327 3504 4379 ἐπ’
3548 4330 3751 4402 ἀγορᾶς

2067 4407 2250 4478 τύχοις
2272 4406 2347 4461 ῶν
2384 4408 2530 4461 κατὰ
2574 4408 2664 4462 τὸν
2699 4410 2892 4480 καιρὸν
2931 4410 3161 4474 ἐκεῖνον,
3192 4411 3242 4463 εί
3278 4412 3389 4484 γὰρ
3418 4415 3515 4468 ἐπὶ
3549 4418 3652 4488 τῆς
3676 4423 3747 4472 οἱ·

2068 4494 2212 4560 κίας,
2250 4497 2299 4548 εἰ
2328 4495 2437 4567 γάρ
2467 4498 2525 4548 ἐν
2568 4496 2966 4568 ἀπαραιτήτοις
3020 4498 3361 4568 πράγμασιν,
3393 4501 3520 4571 οὐχὶ
3555 4508 3747 4569 παθητὰ

2067 4581 2282 4645 λέοντος
2317 4583 2676 4654 σφοδρότερον
2715 4582 2931 4637 ἅπαντα
2961 4584 3262 4656 διαρρήξας
3297 4586 3368 4640 τά
3407 4587 3598 4660 δεσμά
3622 4595 3747 4664 πᾴδς

2068 4670 2169 4742 τὴν
2200 4671 2386 4740 κοινὴν
2435 4670 2714 4742 ἱκετηρίαν
2742 4671 3166 4743 αὐτομολήσεις;
3195 4673 3364 4726 Ποίαν
3398 4675 3553 4741 ἕξεις
3588 4697 3746 4750 σωτη-
3812 4677 3813 4735 ἦ

2074 4753 2194 4824 ρίας
2224 4753 2434 4815 ἐλπίδα,
2470 4753 2590 4806 εἰπέ
2623 4771 2736 4824 μοι.
2769 4755 2911 4808 κατὰ
2962 4756 3053 4808 τὸν
3106 4756 3294 4824 καιρὸν
3332 4758 3574 4824 ἐκεῖνον,
3621 4765 3746 4832 ἀγα-

2071 4839 2240 4910 πητέ;
2272 4842 2386 4892 Οὐκ
2435 4839 2712 4912 ἄνθρωποι
2757 4841 2906 4912 μόνοι
2959 4841 3124 4912 βοῶσι
3171 4842 3268 4914 τήν
3300 4847 3746 4919 φρικωδεστάτην

2071 4923 2287 4995 ἐκείνην
2307 4924 2454 4995 βοὴν,
2487 4925 2624 4980 ἀλλά
2643 4926 2737 4979 καὶ
2768 4925 2989 4994 ἄγγελοι
3016 4929 3423 4999 προσπίπτουσι
3442 4932 3523 5002 τῷ
3551 4937 3745 4988 A5325-

2069 5028 2157 5082 τῃ,
2191 5011 2284 5064 καὶ
2315 5013 2644 5083 ἀρχάγγελοι
2671 5013 2902 5068 δέονται.
2933 5015 3158 5085 Ἔχουσι
3188 5017 3280 5069 καὶ
3308 5017 3399 5070 τὸν
3434 5023 3634 5090 καιῴν
3657 5025 3745 5076 αὖ·

2068 5101 2178 5162 τοῖς
2202 5100 2615 5170 συμμαχοῦντα,
2648 5101 2746 5172 τὴν
2774 5102 3094 5174 προσφοράν
3139 5102 3472 5174 βοηθοῦσαν.
3512 5107 3624 5162 Καὶ
3652 5130 3741 5164 και

2069 5184 2246 5257 θάπερ
2294 5190 2341 5240 οἰ
2393 5186 2693 5259 ἄνθρωποι,
2725 5189 2955 5253 κλάδους
2998 5190 3194 5246 ἐλαιῶν
3225 5193 3596 5262 ἐκκόψαντες,

2069 5271 2277 5324 σείουσι
2307 5275 2420 5335 τοῖς
2451 5272 2754 5344 βασιλεῦσι,
2781 5275 2872 5330 διὰ
2916 5275 3014 5330 τοῦ
3044 5278 3214 5347 φυτοῦ
3240 5280 3446 5342 αὐτοὺς
3474 5283 3634 5336 ἐλέου
3661 5287 3740 5338 καὶ

2069 5360 2482 5432 φιλανθρωπίας
2526 5365 3065 5436 ἀναμιμνήσκοντεςο
3097 5366 3242 5420 οῦτω
3274 5367 3338 5440 δὴ
3373 5371 3476 5423 καὶ
3507 5373 3557 5423 οί
3591 5372 3740 5440 ἄγγε-

2067 5445 2150 5500 λοι
2174 5447 2295 5500 τότε
2318 5448 2440 5500 ἀντὶ
2469 5449 2679 5504 κλάδων
2703 5451 2899 5507 ἐλαιῶν
2916 5451 3048 5508 αὐτὸ
3072 5453 3134 5507 τὸ
3162 5454 3323 5525 σῶμα
3355 5457 3414 5509 τὸ
3429 5457 3740 5512 δεσποτικὸν

2069 5534 2495 5604 προτεινόμενοι,
2540 5537 2632 5592 τὸν
2687 5540 2970 5612 Δεσπότην
3025 5542 3444 5613 παρακαλοῦσιν
3474 5546 3621 5618 ὑπὲρ
3653 5548 3737 5614 τῆς

2067 5619 2416 5692 ἀνθρωπίνης
2437 5622 2672 5692 φύσεως,
2711 5629 2994 5700 μονονουχὶ
3014 5629 3265 5698 λέγοντες
3293 5629 3400 5696 ὅτι,
3431 5633 3615 5708 ’Υπὲρ
3637 5636 3736 5689 τού-

2128 5721 2158 5762 ι)
2186 5725 2281 5785 Alii
2305 5726 2352 5772 ἐν
2376 5727 2685 5785 δυναστείαις.

2120 5783 2360 5863 ΒῘχῌεζιςιξι.
2397 5786 2483 5835 τοῦ
2505 5783 2728 5863 διαϐόλου
2745 5794 2960 5858 παγίδος,
2973 5793 3122 5846 Savil.
3138 5792 3225 5843 τοῦ
3249 5795 3482 5846 διαϐόλου
3502 5799 3733 5863 μάστιγος,

2067 5845 2382 5909 ιιὶίιδιαϐὁλου
2404 5852 2691 5908 τυραννίδος.

3634 5200 3739 5250 ἐττει
