3854 6222
239 292 349 347 7‘25

312 407 364 459 6.
397 403 545 472 Quod
590 412 767 458 autem
812 418 915 457 non
963 402 1091 471 ipsis
1127 402 1413 457 Cherubim
1454 410 1509 456 et
1534 400 1816 470 Seraphim

238 505 483 558 tantum,
521 495 613 548 sed
643 509 743 549 nec
782 494 942 547 etiam
981 493 1394 561 l’rincipatibns,
1424 492 1779 547 Potestatibus
1802 533 1817 556 ,

238 602 414 654 neque
438 586 525 639 alii
551 585 778 654 enipiam
810 584 999 639 Virtuti
1028 584 1522 653 eomprebeusibilis
1549 585 1619 639 sit
1649 584 1817 646 Deus,

241 683 292 734 id
318 683 423 751 jam
456 682 641 735 vellem
684 679 996 741 ostendere;
1045 679 1138 733 sed
1175 678 1283 748 jam
1328 678 1570 733 defessus
1611 678 1821 731 animus

236 783 323 829 est
342 816 357 837 ,
382 790 485 827 non
509 772 867 836 multitudine,
892 772 985 826 sed
1010 773 1230 826 horrore
1252 772 1594 826 dicendarum
1617 787 1818 826 rerum.

238 865 446 921 Tremit
473 866 613 919 enim
644 876 698 919 et
726 863 989 918 horrescit
1027 864 1270 934 supernis
1293 863 1397 918 illis
1420 862 1823 932 contemplatio-

239 956 400 1010 nibus
424 953 624 1009 diutius
666 954 976 1008 immorans.
1006 954 1363 1021 Quamobrem
1407 968 1475 1009 ex
1510 954 1655 1009 cadis
1699 970 1820 1009 eum

245 1045 587 1111 reducamus,
611 1046 1020 1115 perculsumque
1041 1060 1363 1110 recreemus,
1384 1045 1452 1100 ad
1468 1045 1676 1099 solitam
1692 1059 1819 1098 con-

239 1138 502 1209 fugientes
528 1139 975 1198 exhortationem.
1001 1139 1255 1207 Quaenam
1280 1139 1369 1193 illa
1394 1140 1510 1194 est?
1541 1139 1605 1195 Ut
1634 1152 1821 1209 prece-

238 1248 365 1287 mur
390 1248 485 1288 eos
510 1233 598 1303 qui
631 1232 723 1287 tali
765 1232 954 1287 morbo
983 1233 1227 1289 laborant
1259 1233 1325 1287 ad
1359 1233 1638 1288 sanitatem
1666 1248 1819 1287 revo-

236 1326 372 1378 cari.
407 1323 537 1379 Nam
583 1325 627 1379 si
660 1339 755 1394 pro
799 1325 1014 1395 aegrous
1036 1365 1051 1389 ,
1084 1341 1179 1396 pro
1209 1325 1568 1380 laborantibus
1614 1325 1679 1380 ad
1711 1340 1823 1381 me-

237 1417 365 1470 talla
388 1456 405 1481 ,
452 1430 547 1485 pro
575 1415 706 1471 dura
749 1416 1002 1471 servitute
1027 1417 1255 1487 pressis,
1292 1431 1390 1486 pro
1415 1419 1785 1488 energumenis
1805 1460 1819 1481 ,

234 1508 407 1562 Demn
439 1523 628 1579 rogare
665 1508 942 1578 iubemur,
974 1519 1171 1579 quanto
1214 1510 1382 1579 magis
1414 1525 1509 1578 pro
1552 1509 1678 1565 his?
1716 1512 1820 1565 lm-

238 1600 412 1667 pictas
450 1600 646 1670 quippe
683 1601 799 1670 ipso
824 1600 1065 1655 daemone
1097 1601 1281 1656 tetrior
1302 1610 1384 1657 est
1415 1618 1428 1654 :
1464 1602 1551 1657 illa
1596 1618 1823 1673 namque

237 1693 444 1745 insania
472 1694 679 1746 veniam
703 1702 934 1747 meretur
953 1734 968 1757 ,
1001 1693 1087 1748 hic
1114 1709 1239 1748 vero
1268 1694 1484 1748 morbus
1507 1695 1706 1749 nullam
1730 1695 1822 1747 ha-

238 1784 334 1838 bet
358 1784 739 1840 defensionem.
766 1786 833 1839 At
863 1786 1072 1853 quando
1098 1785 1165 1840 de
1194 1788 1433 1842 oratione
1464 1801 1560 1857 pro
1596 1802 1813 1863 energu

238 1876 417 1930 menis
445 1877 772 1931 mentionem
802 1876 899 1931 feci
924 1917 939 1941 ,
972 1876 1166 1947 aliquid
1194 1892 1253 1931 ea
1277 1877 1343 1931 de
1373 1892 1432 1932 re
1470 1888 1662 1932 vestrae
1687 1878 1823 1932 cari-

238 1965 338 2018 tati
380 1965 643 2020 disserere
688 1966 899 2021 animus
923 1977 1042 2031 est,
1092 1983 1198 2037 quo
1237 1981 1457 2037 gravem
1485 1968 1552 2022 ab
1582 1967 1818 2022 Ecclesia

236 2055 483 2109 morbum
513 2056 901 2111 exscindamus.
938 2058 1146 2112 Etenim
1197 2058 1482 2113 absurdum
1513 2068 1654 2114 esset
1695 2059 1821 2115 dum

234 2153 545 2198 exterarum
572 2146 770 2200 morbis
801 2156 943 2200 tanta
984 2163 1106 2200 cura
1138 2147 1412 2202 medemur
1434 2189 1448 2211 ,
1482 2150 1691 2218 propria
1730 2165 1823 2204 ne-

233 2236 439 2304 gligere
468 2237 723 2291 membra.
756 2236 906 2304 Quod
933 2252 1102 2307 genus
1132 2238 1301 2292 morbi
1333 2237 1460 2292 illud
1489 2239 1602 2293 est?

316 2327 495 2398 Arguit
543 2329 877 2383 Antiochenos
930 2330 1064 2399 quod
1111 2340 1221 2400 post
1249 2331 1541 2384 concionem
1587 2348 1620 2385 a
1664 2333 1823 2386 sacris

242 2420 497 2488 mysteriis
523 2420 828 2474 recederent.
856 2450 926 2460 —
949 2421 1216 2491 Ingentem
1244 2423 1381 2477 hanc
1426 2423 1600 2492 populi
1639 2424 1823 2477 multi-

234 2511 477 2567 tudinem
501 2528 638 2567 nunc
665 2521 901 2567 coactam
926 2555 941 2580 ,
966 2524 1019 2568 et
1050 2522 1196 2567 tanto
1218 2513 1393 2567 studio
1414 2515 1819 2583 auscultantcm,

233 2605 518 2659 tremenda
544 2605 632 2659 illa
655 2605 783 2660 hora
812 2605 979 2660 oculis
1007 2606 1321 2676 perquirens
1344 2647 1359 2672 ,
1385 2605 1567 2660 videre
1592 2622 1696 2659 non
1728 2622 1821 2675 po-

233 2696 319 2749 tni
354 2712 367 2747 :
408 2696 795 2765 admodmnque
821 2696 1051 2766 ingcmui
1072 2738 1087 2763 ,
1120 2697 1261 2767 quod
1286 2739 1301 2763 ,
1335 2696 1583 2767 loquente
1610 2699 1821 2768 quidem

233 2803 538 2854 Conservo,
585 2790 773 2860 ingens
838 2792 909 2846 sit
956 2791 1229 2858 studium,
1280 2805 1483 2847 summa
1537 2794 1821 2860 alacritas,

233 2879 446 2932 cunctis
472 2894 592 2935 sese
619 2890 803 2935 mutuo
834 2881 1223 2950 impellentibus
1248 2923 1263 2948 ,
1297 2892 1353 2937 et
1381 2881 1446 2937 ad
1470 2898 1637 2953 usque
1663 2885 1821 2939 linem

237 2970 615 3038 nianentibus;
644 2988 763 3026 cum
794 2982 970 3028 autem
996 2972 1240 3028 Christus
1272 2974 1322 3027 in
1362 2975 1528 3029 sacris
1555 2978 1823 3046 mysteriis

234 3076 363 3117 sese
390 3071 700 3118 ostensurus
726 3073 847 3130 est,
893 3064 1117 3119 ecclesia
1142 3080 1305 3120 vacua
1350 3066 1664 3137 desertaque
1705 3084 1821 3122 ma-

235 3160 384 3208 neat.
421 3153 536 3220 Quo
561 3164 714 3223 pacto
739 3154 921 3209 isthtrc
942 3155 1148 3209 veniam
1178 3158 1515 3211 mereantur?
1540 3158 1652 3213 Tali
1677 3168 1823 3214 certe

234 3243 467 3311 segnitie
498 3260 708 3298 omnem
738 3244 895 3299 studii
928 3244 981 3299 in
1021 3245 1370 3300 auscultando
1398 3248 1559 3302 vestri
1610 3247 1820 3302 laudem

236 3334 504 3389 amittitis.
536 3334 665 3402 Quis
688 3336 828 3389 enim
846 3351 912 3391 ex
940 3336 1088 3390 vobis
1119 3350 1222 3390 non
1246 3351 1345 3392 nos
1370 3352 1580 3407 quoque
1604 3338 1823 3393 damna-

238 3435 398 3479 turus
426 3435 507 3480 est
531 3466 547 3492 ,
576 3442 697 3481 cum
728 3426 906 3482 videat
933 3436 1100 3483 totum
1126 3429 1400 3483 concionis
1428 3428 1651 3485 fructum
1672 3431 1823 3486 vobis

238 3518 424 3572 statim
455 3518 922 3575 efﬂuxisse?Nam
950 3521 994 3575 si
1025 3520 1180 3576 dictis
1207 3521 1394 3575 sedulo
1431 3521 1778 3576 attenderetis
1803 3564 1818 3586 ,

236 3609 494 3678 operibus
519 3624 649 3665 sane
679 3620 910 3665 vestram
942 3610 1268 3666 cxhiberctis
1295 3611 1643 3681 diligentiam.
1670 3613 1821 3680 Quod

236 3710 421 3755 autem
463 3702 639 3755 statim
666 3712 823 3771 atque
869 3702 1142 3757 audivistis
1164 3743 1178 3767 ,
1209 3703 1492 3759 discedatis
1514 3744 1529 3770 ,
1564 3704 1614 3758 id
1647 3703 1824 3774 profe-

235 3802 333 3846 cto
358 3794 562 3862 signum
601 3800 683 3847 est
706 3806 800 3846 vos
826 3792 957 3845 nihil
993 3793 1253 3846 dictorum
1296 3793 1473 3847 animo
1501 3795 1818 3863 suscepisse.

239 3882 456 3936 Atenim
480 3882 524 3937 si
561 3896 624 3937 ea
665 3882 716 3936 in
749 3883 940 3937 animis
965 3882 1154 3936 vestris
1192 3881 1431 3952 deposita
1469 3891 1682 3948 essent,
1729 3898 1823 3938 vos

240 3977 403 4046 plane
429 3975 569 4029 intus
607 3974 936 4037 retinerent,
983 3981 1039 4028 et
1088 3972 1275 4042 majori
1309 3988 1430 4026 cum
1468 3971 1664 4043 pietate
1698 3972 1825 4026 bor-

240 4066 427 4121 rendis
453 4066 554 4120 illis
585 4065 851 4136 mysteriis
889 4064 1233 4119 admoverent
1262 4080 1277 4119 :
1306 4078 1447 4118 nunc
1476 4072 1650 4117 autem
1673 4063 1823 4133 quasi

238 4157 612 4227 cytharaedum
651 4156 952 4226 quempiam
998 4154 1278 4207 audissetis
1302 4195 1317 4217 ,
1362 4154 1440 4208 sic
1466 4153 1610 4207 omni
1650 4152 1823 4209 fruetu

240 4253 400 4308 vacui
426 4260 668 4307 cessante
693 4251 950 4306 concione
975 4249 1241 4304 receditis.
1262 4251 1327 4303 At
1352 4262 1605 4318 quorsum
1638 4246 1822 4316 frigida

242 4347 339 4400 illa
367 4344 655 4397 nmltorum
682 4342 997 4397 excusatio?
1024 4340 1233 4395 Precari
1274 4340 1433 4393 etiam
1461 4338 1605 4392 domi
1635 4351 1823 4407 possu-

244 4452 372 4490 mus
392 4476 407 4498 ,
439 4434 750 4489 concionem
777 4431 1178 4498 doctrinamque
1204 4430 1384 4483 audire
1413 4428 1621 4483 nonnisi
1647 4427 1700 4482 in
1737 4442 1825 4482 ec-

242 4526 409 4579 clesia
438 4539 739 4595 possumus.
766 4522 842 4577 Te
873 4523 1044 4591 ipsum
1071 4562 1084 4587 ,
1118 4521 1186 4575 mi
1220 4520 1380 4575 homo
1402 4562 1417 4583 ,
1457 4519 1676 4589 decipis.
1702 4518 1827 4574 Pre-

241 4633 307 4668 cn
319 4615 362 4668 ri
389 4616 545 4668 etiam
576 4613 719 4668 domi
748 4620 928 4681 potes;
962 4612 1034 4665 ita
1060 4625 1185 4663 vero
1212 4609 1418 4679 precari
1446 4618 1503 4662 ut
1527 4608 1577 4662 in
1600 4607 1825 4662 ecclesia

246 4720 358 4757 non
385 4713 533 4771 potes
553 4744 569 4769 ,
594 4702 683 4757 ubi
714 4711 858 4757 tanta
884 4712 1087 4771 patrum
1121 4699 1413 4768 frequentia
1438 4738 1453 4763 ,
1495 4698 1583 4753 ubi
1626 4699 1826 4752 clamor

246 4798 573 4852 unanimiter
592 4797 658 4851 ad
687 4797 851 4852 Deum
875 4797 1120 4851 emissus.
1148 4794 1261 4847 Non
1289 4792 1507 4863 perinde
1531 4790 1828 4845 exaudieris

247 4906 376 4944 cum
400 4904 561 4958 penes
592 4897 643 4943 te
668 4889 811 4942 solus
852 4888 1016 4942 Deum
1059 4886 1288 4955 precaris
1312 4924 1327 4948 ,
1370 4893 1527 4952 atque
1574 4883 1658 4936 ubi
1699 4895 1818 4934 cum

252 4982 510 5037 fratribus
538 4982 659 5033 tuis.
690 4979 785 5033 llic
814 4977 1007 5046 aliquid
1049 4976 1272 5045 amplius
1309 4983 1391 5027 est
1414 5015 1428 5037 ,
1468 4986 1656 5041 nempe
1697 4985 1826 5024 con-

250 5074 438 5131 cordia
485 5082 538 5128 et
585 5086 905 5134 consensus,
954 5069 1187 5124 caritatis
1238 5066 1526 5129 vinculum,
1574 5073 1627 5116 et
1655 5076 1830 5116 sacer-

252 5151 442 5219 dolum
490 5164 775 5217 orationes.
811 5161 933 5215 Ideo
965 5174 1190 5228 namque
1220 5155 1521 5211 sacerdotes
1557 5162 1789 5222 przesunt
1811 5192 1827 5210 .

253 5266 317 5311 ut
352 5252 697 5307 multitudinis
724 5266 908 5320 preces
954 5248 1270 5303 infirmiores
1295 5260 1415 5301 cum
1440 5243 1586 5297 hisce
1614 5240 1833 5294 validio-

254 5346 408 5400 ribus
452 5343 751 5411 conjuncta:
780 5357 879 5393 una
929 5356 1048 5393 cum
1098 5339 1175 5392 eis
1206 5337 1259 5390 in
1310 5334 1496 5388 cmlum
1522 5329 1827 5385 ascendant.

256 5435 510 5504 Alioquin
556 5432 679 5503 quid
716 5432 904 5486 concio
949 5429 1112 5500 prosit
1138 5469 1154 5492 ,
1188 5427 1287 5481 nisi
1328 5426 1543 5480 sitcum
1594 5420 1833 5474 oratione

255 5526 581 5593 conjuncta?
609 5523 762 5577 Prius
784 5521 974 5585 oratio,
998 5518 1187 5575 deinde
1212 5528 1416 5571 sermo:
1439 5514 1515 5567 sic
1542 5513 1689 5565 aiunt
1716 5524 1835 5578 apo-

256 5615 384 5671 stoli
419 5632 433 5668 :
464 5613 571 5667 Nos
599 5622 763 5665 autem
795 5612 845 5665 in
874 5611 1097 5664 oratione
1118 5619 1163 5662 et
1200 5607 1330 5661 verbi
1360 5603 1632 5657 ministerio
1672 5615 1837 5669 pense-

256 5719 483 5758 Ierenuu
520 5702 653 5774 (Act.
684 5703 736 5757 6.
766 5700 840 5772 4).
870 5700 957 5756 Sic
987 5708 1040 5753 et
1078 5697 1267 5753 Paulus
1297 5695 1451 5761 facit,
1482 5708 1601 5747 cum
1645 5692 1696 5744 in
1725 5689 1834 5759 epi-

1162 289 1248 342 DE
1289 282 1962 343 INCOMPREHENSIHILI
2008 285 2114 338 DEI
2154 284 2455 340 NKTL'RA.
2502 285 2582 339 lll.

3399 288 3502 343 725

1931 399 2183 454 stolarum
2213 400 2445 455 exordiis
2475 409 2715 469 precetur
2734 444 2747 466 ,
2773 409 2829 455 ut
2849 401 2996 470 quasi
3029 402 3203 456 lumen
3233 402 3459 457 lucorum
3484 446 3501 466 ,

1930 489 1997 543 ita
2019 499 2071 543 et
2091 492 2342 544 orationis
2365 491 2451 545 lux
2469 493 2630 545 verbo
2656 503 2867 561 prazeat.
2894 492 2945 547 Si
2981 495 3049 546 ita
3076 503 3125 547 te
3151 496 3501 551 assuofcccris

1926 579 2110 631 orandi
2142 579 2456 648 diligemur,
2485 596 2863 635 conservorum
2890 581 3122 636 doctrina
3164 598 3267 637 noo
3301 586 3503 654 t-gebis,

1928 669 2043 738 ipso
2071 670 2211 735 Deo,
2251 673 2365 725 sine
2397 672 2506 726 ullo
2551 674 2875 736 mediatore,
2924 687 3151 728 mentem
3186 686 3323 729 tuam
3376 678 3506 730 irra-

1926 761 2127 817 diante.
2175 762 2327 832 Quod
2374 767 2416 818 si
2468 768 2622 819 unius
2664 768 2834 820 oratio
2879 777 3072 820 tantam
3119 768 3222 821 vim
3277 772 3503 837 haheat,

1930 853 2095 907 multo
2122 854 2287 923 magis
2330 870 2389 905 ea
2416 895 2431 917 ,
2475 869 2591 923 qu:e
2639 871 2758 908 cum
2815 857 3152 912 multitudine
3200 860 3501 913 emittitur:

1928 943 2042 998 haec
2093 944 2209 1012 plus
2259 944 2416 998 habet
2457 961 2775 1012 nervorum,
2824 948 3182 1018 majoremque
3222 950 3503 1014 fiduciam,

1926 1051 2083 1105 quam
2110 1036 2251 1090 domi
2279 1037 2494 1091 emissa.
2526 1039 2801 1094 Undcnam
2836 1039 2883 1093 id
2926 1041 3126 1109 liquet?
3172 1043 3344 1110 Ipsum
3376 1045 3499 1097 audi

1932 1126 2149 1179 l’aulum
2182 1126 2481 1205 loquentem
2515 1145 2527 1180 :
2562 1128 2660 1195 Qui
2704 1131 2766 1183 tle
2791 1142 2929 1183 tanta
2961 1142 3117 1185 morte
3157 1133 3339 1202 eripuit
3371 1152 3461 1188 nos
3482 1176 3497 1199 ,

1928 1228 1971 1273 et
1994 1219 2159 1271 adhuc
2186 1230 2344 1272 eruet.
2370 1220 2644 1289 Speramus
2668 1232 2830 1275 autent
2846 1225 2980 1293 quod
3008 1226 3173 1278 adlmc
3198 1228 3369 1296 eripiet
3387 1244 3404 1281 :
3422 1244 3505 1281 vo-

1929 1311 2000 1362 bis
2022 1326 2216 1380 quoque
2240 1312 2290 1365 in
2318 1308 2544 1366 Oratione
2571 1331 2665 1381 pro
2714 1316 2855 1368 nobis
2898 1316 3297 1372 subvenientibus
3320 1360 3334 1381 ,
3367 1329 3419 1372 ut
3446 1320 3509 1373 de

1928 1401 2060 1453 dono
2083 1402 2223 1455 nobis
2250 1403 2432 1457 collato
2463 1421 2550 1471 per
2579 1404 2762 1457 multas
2802 1422 3039 1473 personas
3066 1409 3246 1477 gratia:
3288 1420 3502 1478 agantur

1928 1510 2018 1562 pro
2045 1494 2184 1548 nobis
2210 1493 2287 1563 (2.
2320 1494 2437 1549 Cor.
2472 1497 2519 1549 1.
2549 1497 2633 1551 10.
2669 1498 2774 1563 ll).
2808 1497 2894 1552 Sic
2925 1498 3083 1551 etiam
3116 1499 3303 1553 Petrus
3322 1515 3503 1555 carec-

1928 1601 2036 1639 rem
2074 1586 2255 1655 effugit
2294 1605 2306 1637 :
2344 1587 2519 1640 Oratio
2557 1589 2687 1641 enim
2728 1590 2876 1655 ﬁebat
2902 1590 3011 1641 sine
3055 1591 3417 1645 intermissione
3443 1595 3505 1644 ab

1928 1674 2154 1730 Ecclesia
2178 1677 2245 1729 ad
2281 1676 2436 1731 Deum
2463 1695 2553 1747 pro
2588 1695 2643 1730 eo
2675 1680 2806 1748 (Act.
2841 1679 2927 1733 12.
2955 1680 3030 1749 5).
3060 1680 3209 1747 Quod
3238 1682 3280 1734 si
3326 1682 3506 1736 Eccle-

1926 1771 2019 1821 sia:
2045 1769 2214 1823 oratio
2242 1769 2399 1823 Petro
2429 1768 2658 1838 profuit,
2706 1785 2767 1823 ac
2803 1771 3103 1825 columnam
3150 1772 3291 1826 illam
3320 1773 3509 1827 eduxit

1927 1877 1989 1913 ex
2017 1875 2260 1924 carcere,
2293 1876 2456 1929 quare
2483 1872 2535 1914 tu
2562 1861 2678 1930 ejus
2700 1862 2805 1914 vim
2838 1862 3100 1931 despicis,
3127 1863 3213 1918 dic
3254 1864 3379 1918 mihi
3401 1907 3414 1929 ,
3455 1877 3509 1919 et

1924 1965 2082 2018 quam
2118 1950 2335 2005 habebis
2377 1952 2809 2006 excusationem?
2854 1953 3029 2021 Ipsum
3081 1968 3291 2023 quoque
3334 1956 3499 2009 Deum

1926 2041 2188 2095 dicentem
2260 2040 2417 2108 audi,
2470 2056 2530 2095 se
2580 2041 2918 2096 multitudine
2965 2058 3084 2096 cum
3133 2042 3503 2100 benevolentia

1926 2142 2113 2185 orante
2156 2131 2371 2199 placari.
2420 2131 2548 2184 Nam
2592 2146 2710 2185 cum
2744 2144 2865 2185 sese
2890 2131 3027 2200 apud
3071 2131 3260 2186 Jonam
3289 2148 3506 2187 excusa-

1927 2230 2006 2275 ret
2021 2220 2088 2274 de
2109 2221 2393 2275 cucurbitae
2415 2219 2621 2287 frutice,
2641 2222 2716 2274 ait
2740 2240 2753 2275 :
2777 2220 2856 2274 Tu
2879 2222 3081 2290 quidem
3120 2224 3383 2293 pepercisti
3410 2240 3504 2277 cu-

1924 2312 2149 2377 curbitte,
2174 2328 2264 2381 pro
2292 2329 2393 2369 atta
2421 2329 2522 2367 non
2545 2314 2804 2379 laborasti,
2826 2330 2983 2383 neque
3004 2315 3265 2368 excoluisti
3289 2332 3398 2368 eant
3413 2333 3432 2379 ;
3459 2326 3507 2369 et

1926 2422 2016 2474 ego
2037 2420 2138 2458 non
2167 2420 2371 2471 parcant
2400 2403 2603 2458 Niniva:
2646 2406 2835 2459 civitati
2878 2422 3107 2475 magum,
3141 2406 3192 2458 in
3222 2423 3321 2475 qua
3364 2408 3506 2460 habi-

1925 2504 2033 2548 tant
2061 2494 2176 2564 plus
2205 2511 2357 2565 quam
2387 2503 2586 2549 centum
2616 2495 2792 2565 viginti
2836 2494 3001 2549 millia
3046 2495 3305 2548 hominum
3347 2495 3503 2567 (Jan.

1924 2587 1977 2642 4.
2009 2588 2094 2643 10.
2124 2589 2184 2644 il
2206 2589 2250 2659 ).
2281 2588 2396 2643 Non
2423 2589 2517 2644 abs
2540 2604 2599 2643 re
2628 2587 3020 2643 multitudinem
3047 2590 3300 2657 opponit;
3325 2588 3419 2644 sed
3449 2600 3506 2643 ut

1925 2681 2063 2732 scias
2082 2720 2096 2743 ,
2120 2680 2417 2733 orationem
2437 2692 2544 2733 uno
2568 2692 2833 2733 consensu
2862 2677 3051 2731 factam
3094 2691 3338 2745 magnam
3387 2679 3493 2730 vim

1924 2767 2142 2823 habere.
2188 2767 2299 2823 Hoc
2340 2768 2488 2823 vobis
2530 2782 2595 2823 ex
2641 2765 2868 2821 humana
2914 2767 3070 2821 etiam
3126 2767 3344 2821 historia
3390 2769 3501 2835 pla-

1924 2874 2052 2911 num
2081 2858 2252 2912 facere
2280 2858 2424 2913 libet.

1997 2950 2048 3000 7.
2068 2948 2312 3017 Loquitur
2328 2949 2408 3001 hic
2423 2947 2485 3001 de
2496 2946 2762 3001 Tlteodtiro
2778 2948 2861 3017 qui
2884 2948 3198 3017 tyrannidem
3216 2947 3502 3013 affectabat.

1934 3038 2058 3091 Vide
2074 3054 2228 3106 supra
2248 3038 2299 3090 in
2318 3036 2534 3091 Μοηὶιο.
2554 3067 2623 3076 -
2641 3038 2779 3091 Ante
2797 3036 2890 3090 hos
2907 3036 3089 3091 decem
3110 3052 3278 3092 annos
3292 3038 3503 3107 quidam

1925 3127 2254 3199 tyrannidem
2276 3128 2581 3182 all‘ectantcs
2600 3124 2917 3196 deprehensi
2933 3127 3177 3196 captique
3197 3136 3340 3193 sunt,
3363 3128 3504 3197 quod

1922 3235 2019 3274 vos
2045 3234 2149 3273 non
2180 3218 2453 3288 ignoratis.
2481 3217 2615 3271 Tum
2652 3217 2844 3285 aliquis
2884 3218 2935 3269 in
2970 3216 3279 3285 magistratu
3308 3218 3505 3271 consti-

1925 3319 2087 3371 tutus,
2114 3309 2351 3365 criminis
2386 3324 2511 3363 reus
2539 3316 2865 3376 compertus,
2893 3321 3012 3361 cum
3043 3307 3107 3360 ad
3132 3316 3353 3361 mortem
3381 3306 3506 3363 fune

1923 3400 1987 3454 ad
2019 3415 2080 3453 os
2119 3400 2333 3469 alligato
2358 3399 2662 3463 duceretur,
2702 3406 2811 3452 tota
2839 3397 2965 3452 urbs
2993 3397 3058 3451 ad
3096 3398 3501 3467 hippodromum

1923 3489 2171 3553 accurrit,
2213 3488 2523 3558 eductisque
2562 3486 2892 3542 oflicinarum
2928 3488 3128 3554 operis,
3166 3486 3324 3540 simul
3363 3495 3505 3541 totus

1926 3580 2146 3647 populus
2186 3593 2333 3631 remn
2377 3576 2729 3646 imperatoria:
2772 3575 2958 3629 ultioni
2984 3577 3084 3629 etsi
3114 3576 3258 3629 nulla
3287 3575 3501 3645 dignum

1923 3671 2076 3724 venia
2098 3668 2372 3722 subduxit.
2402 3667 2545 3721 Itane
2568 3667 2760 3721 terreni
2784 3665 3119 3735 Imperatoris
3140 3667 3271 3720 iram
3296 3667 3506 3735 placare

1924 3759 2180 3822 volentes,
2211 3772 2330 3812 cum
2364 3756 2543 3810 liberis
2591 3764 2645 3810 et
2682 3755 2933 3808 uxoribus
2968 3769 3154 3809 omnes
3191 3755 3502 3819 accurritis;

1923 3852 2170 3905 (aL-lorum
2214 3864 2341 3905 vero
2374 3850 2750 3917 ltiipcratorem
2792 3847 2941 3901 vobis
2972 3847 3252 3916 pr0pitium
3280 3848 3506 3902 reddere

1924 3943 2214 4005 studentes,
2255 3950 2413 4010 atque
2454 3955 2519 3995 ex
2561 3940 2636 3993 ira
2669 3939 2974 4007 ultioneque
3013 3938 3128 4007 ejus
3169 3954 3273 3993 non
3318 3955 3501 4004 umnn,

1925 4036 2004 4089 vel
2031 4034 2185 4095 duos,
2212 4041 2302 4087 aut
2332 4040 2459 4092 tres,
2498 4039 2587 4084 aut
2607 4038 2839 4092 centum,
2872 4028 2962 4082 sed
2985 4044 3172 4081 omnes
3196 4046 3289 4095 per
3318 4031 3501 4083 orbem

1925 4133 2251 4194 peccatores,
2277 4136 2480 4175 necnon
2502 4119 2854 4173 dremoniacos
2878 4133 2907 4169 a
2939 4116 3133 4171 diaboli
3158 4117 3358 4186 laqueis
3381 4134 3504 4172 ere-

1926 4218 2084 4287 pturi,
2124 4214 2339 4277 sedetis,
2382 4227 2480 4266 nec
2507 4210 2663 4266 simul
2702 4224 2888 4262 omnes
2917 4208 3251 4273 concurritis,
3280 4219 3335 4262 ut
3363 4210 3505 4264 Deus

1924 4305 2264 4361 concordiam
2294 4310 2522 4358 vestram
2552 4299 2830 4363 reveritus,
2855 4307 2909 4352 et
2935 4298 3039 4351 illis
3066 4313 3295 4367 pinnam,
3330 4308 3382 4353 et
3406 4314 3502 4353 vo-

1927 4400 2006 4454 bis
2052 4407 2267 4468 peccata
2321 4392 2596 4450 remittat?
2638 4391 2771 4447 Nam
2815 4391 2860 4444 si
2912 4390 2962 4444 in
3000 4390 3115 4444 foro
3144 4391 3236 4444 illo
3267 4399 3507 4462 tempore

1928 4490 2104 4555 fuerit,
2135 4488 2180 4543 si
2207 4486 2372 4549 domi,
2399 4485 2443 4539 si
2468 4484 2521 4537 in
2549 4481 2773 4551 negotiis
2794 4480 3121 4550 urgentibus,
3146 4494 3321 4533 nonne
3349 4479 3504 4535 leone

1925 4582 2113 4653 quovis
2137 4577 2522 4639 vehementius,
2549 4573 2789 4643 abruptis
2813 4570 3053 4635 vinculis,
3084 4569 3151 4623 ad
3169 4584 3504 4625 communem

1928 4672 2361 4743 supplicationem
2389 4678 2440 4722 te
2466 4674 2654 4735 sponte
2682 4662 2962 4718 conferes?
3002 4661 3254 4730 Ecquam,
3290 4660 3503 4727 dilecte,

1930 4765 2018 4819 illo
2041 4774 2276 4831 tempore
2292 4773 2440 4827 spem
2456 4756 2641 4811 salutis
2661 4753 2857 4807 habere
2886 4751 3095 4822 possis?
3124 4750 3237 4806 Non
3263 4751 3508 4807 homines

1930 4857 2099 4910 solum
2121 4849 2439 4906 horrendam
2467 4847 2609 4901 illam
2628 4844 2875 4898 emittunt
2901 4856 3105 4899 vocem.
3136 4841 3228 4895 sed
3254 4851 3307 4896 et
3331 4843 3507 4911 angeli

1930 4958 2052 5001 ante
2075 4944 2353 4999 Dominum
2369 4937 2741 5009 procumbunt,
2756 4933 3057 5002 archangeli
3079 4944 3357 5002 precantur
3375 4950 3387 4985 :
3415 4934 3507 4985 ha-

1931 5040 2060 5094 bent
2077 5045 2283 5101 tempus
2301 5030 2425 5085 illud
2449 5028 2719 5088 idoneum,
2740 5023 3062 5078 oblationem
3090 5022 3191 5078 sibi
3220 5022 3502 5077 faventem.

1933 5131 2010 5184 Ac
2024 5121 2466 5197 quemadmodum
2495 5119 2737 5172 homines
2751 5114 2942 5169 excisis
2971 5114 3205 5168 olearum
3237 5114 3398 5167 ramis
3419 5130 3506 5168 re-

1933 5239 2026 5293 ges
2052 5232 2270 5275 movere
2290 5216 2483 5278 solent,
2511 5211 2703 5279 illaque
2729 5208 2919 5260 arbore
2954 5204 3019 5258 ad
3041 5205 3337 5259 clementiae
3364 5204 3509 5272 ipsos

1936 5311 2245 5369 inemoriam
2287 5310 2575 5361 revocant:
2608 5300 2685 5354 sic
2709 5306 2763 5352 ct
2787 5296 2955 5366 angeli
2989 5304 3111 5348 tunc
3136 5293 3388 5361 temporis
3414 5308 3511 5361 pro

1936 5410 2170 5462 olearum
2209 5398 2370 5455 ramis
2399 5397 2569 5466 ipsum
2597 5404 2788 5458 corpus
2827 5386 3159 5441 Dominicum
3186 5382 3512 5454 protenden-

1939 5510 2037 5553 tes.
2078 5493 2358 5549 Dominum
2390 5501 2486 5557 pro
2512 5486 2738 5538 humana
2763 5488 2948 5535 natura
2980 5486 3187 5546 rogant,
3216 5490 3277 5529 ac
3296 5475 3341 5530 si
3366 5474 3515 5531 dice-

1940 5601 2055 5645 rent
2085 5607 2097 5641 :
2145 5587 2247 5640 Pro
2274 5584 2355 5637 his
2379 5579 2772 5649 supplicamus,
2810 5584 2944 5641 quos
2980 5580 3039 5623 tu
3073 5567 3402 5638 praaveniens
3445 5568 3515 5622 ita

1940 5682 2160 5751 diligere
2202 5676 2446 5745 dignatus
2480 5684 2556 5733 es,
2597 5676 2655 5722 ut
2689 5668 2919 5721 animam
2960 5673 3101 5717 tuam
3133 5659 3399 5724 traderes;
3424 5673 3521 5727 pro
