  <div class='ocr_page' id='page_1' title='image "/cluster/home/n/w/nwhite01/storage/ocr_20150623/48/nnc1.0046978267/207.png"; bbox 0 0 3854 6222; ppageno 0'>
   <div class='ocr_carea' id='block_1_1' title="bbox 367 326 466 382">
    <p class='ocr_par' dir='ltr' id='par_1_1' title="bbox 367 326 466 382">
     <span class='ocr_line' id='line_1_1' title="bbox 367 326 466 382; baseline -0.01 0"><span class='ocrx_word' id='word_1_1' title='bbox 367 326 466 382; x_wconf 73' lang='grc'><strong>727</strong></span> 
     </span>
    </p>
   </div>
   <div class='ocr_carea' id='block_1_2' title="bbox 364 425 1942 513">
    <p class='ocr_par' dir='ltr' id='par_1_2' title="bbox 364 425 1942 513">
     <span class='ocr_line' id='line_1_2' title="bbox 364 425 1942 513; baseline -0.014 -13"><span class='ocrx_word' id='word_1_2' title='bbox 364 447 447 501; x_wconf 91' lang='lat' dir='ltr'><strong>his</strong></span> <span class='ocrx_word' id='word_1_3' title='bbox 467 439 879 513; x_wconf 76' lang='lat' dir='ltr'><strong>supplicationes</strong></span> <span class='ocrx_word' id='word_1_4' title='bbox 901 433 1192 498; x_wconf 88' lang='lat' dir='ltr'><strong>fundimus,</strong></span> <span class='ocrx_word' id='word_1_5' title='bbox 1216 445 1313 502; x_wconf 93' lang='lat' dir='ltr'><strong>pro</strong></span> <span class='ocrx_word' id='word_1_6' title='bbox 1336 430 1525 501; x_wconf 81' lang='lat' dir='ltr'><strong>quibus</strong></span> <span class='ocrx_word' id='word_1_7' title='bbox 1547 436 1603 482; x_wconf 91' lang='lat' dir='ltr'><strong>tu</strong></span> <span class='ocrx_word' id='word_1_8' title='bbox 1631 425 1942 496; x_wconf 89' lang='lat' dir='ltr'><strong>sanguinem</strong></span> 
     </span>
    </p>
   </div>
   <div class='ocr_carea' id='block_1_3' title="bbox 363 517 1945 601">
    <p class='ocr_par' dir='ltr' id='par_1_3' title="bbox 363 517 1945 601">
     <span class='ocr_line' id='line_1_3' title="bbox 363 517 1945 601; baseline -0.014 -10"><span class='ocrx_word' id='word_1_9' title='bbox 363 533 628 598; x_wconf 75' lang='lat' dir='ltr'><strong>etfudisti;</strong></span> <span class='ocrx_word' id='word_1_10' title='bbox 674 544 772 601; x_wconf 92' lang='lat' dir='ltr'><strong>pro</strong></span> <span class='ocrx_word' id='word_1_11' title='bbox 811 527 896 582; x_wconf 90' lang='lat' dir='ltr'><strong>bis</strong></span> <span class='ocrx_word' id='word_1_12' title='bbox 939 537 1209 595; x_wconf 80' lang='lat' dir='ltr'><strong>rogamus,</strong></span> <span class='ocrx_word' id='word_1_13' title='bbox 1243 536 1342 592; x_wconf 92' lang='lat' dir='ltr'><strong>pro</strong></span> <span class='ocrx_word' id='word_1_14' title='bbox 1377 519 1569 591; x_wconf 84' lang='lat' dir='ltr'><strong>quibus</strong></span> <span class='ocrx_word' id='word_1_15' title='bbox 1602 517 1706 572; x_wconf 88' lang='lat' dir='ltr'><strong>hoc</strong></span> <span class='ocrx_word' id='word_1_16' title='bbox 1752 530 1945 585; x_wconf 91' lang='lat' dir='ltr'><strong>corpus</strong></span> 
     </span>
    </p>
   </div>
   <div class='ocr_carea' id='block_1_4' title="bbox 365 608 1947 686">
    <p class='ocr_par' dir='ltr' id='par_1_4' title="bbox 365 608 1947 686">
     <span class='ocr_line' id='line_1_4' title="bbox 365 608 1947 686; baseline -0.014 -4"><span class='ocrx_word' id='word_1_17' title='bbox 365 624 667 681; x_wconf 76' lang='lat' dir='ltr'><strong>immolasti.</strong></span> <span class='ocrx_word' id='word_1_18' title='bbox 712 615 834 676; x_wconf 75' lang='lat' dir='ltr'><strong>[deo</strong></span> <span class='ocrx_word' id='word_1_19' title='bbox 862 629 1249 686; x_wconf 90' lang='lat' dir='ltr'><strong>energumeuos</strong></span> <span class='ocrx_word' id='word_1_20' title='bbox 1284 613 1375 667; x_wconf 91' lang='lat' dir='ltr'><strong>illo</strong></span> <span class='ocrx_word' id='word_1_21' title='bbox 1413 619 1654 680; x_wconf 90' lang='lat' dir='ltr'><strong>tempore</strong></span> <span class='ocrx_word' id='word_1_22' title='bbox 1691 608 1947 662; x_wconf 84' lang='lat' dir='ltr'><strong>diaconus</strong></span> 
     </span>
    </p>
   </div>
   <div class='ocr_carea' id='block_1_5' title="bbox 363 701 1948 786">
    <p class='ocr_par' dir='ltr' id='par_1_5' title="bbox 363 701 1948 786">
     <span class='ocr_line' id='line_1_5' title="bbox 363 701 1948 786; baseline -0.013 -14"><span class='ocrx_word' id='word_1_23' title='bbox 363 717 598 783; x_wconf 91' lang='lat' dir='ltr'><strong>adducit,</strong></span> <span class='ocrx_word' id='word_1_24' title='bbox 625 714 880 786; x_wconf 76' lang='lat' dir='ltr'><strong>iubetque</strong></span> <span class='ocrx_word' id='word_1_25' title='bbox 903 717 1061 779; x_wconf 90' lang='lat' dir='ltr'><strong>caput</strong></span> <span class='ocrx_word' id='word_1_26' title='bbox 1088 715 1292 762; x_wconf 90' lang='lat' dir='ltr'><strong>tantum</strong></span> <span class='ocrx_word' id='word_1_27' title='bbox 1315 703 1590 769; x_wconf 90' lang='lat' dir='ltr'><strong>inclinare,</strong></span> <span class='ocrx_word' id='word_1_28' title='bbox 1610 708 1668 756; x_wconf 94' lang='lat' dir='ltr'><strong>ut</strong></span> <span class='ocrx_word' id='word_1_29' title='bbox 1688 701 1803 770; x_wconf 92' lang='lat' dir='ltr'><strong>ipso</strong></span> <span class='ocrx_word' id='word_1_30' title='bbox 1823 713 1948 753; x_wconf 91' lang='lat' dir='ltr'><strong>cor-</strong></span> 
     </span>
    </p>
   </div>
   <div class='ocr_carea' id='block_1_6' title="bbox 365 791 1948 878">
    <p class='ocr_par' dir='ltr' id='par_1_6' title="bbox 365 791 1948 878">
     <span class='ocr_line' id='line_1_6' title="bbox 365 791 1948 878; baseline -0.013 -16"><span class='ocrx_word' id='word_1_31' title='bbox 365 808 510 878; x_wconf 87' lang='lat' dir='ltr'><strong>poris</strong></span> <span class='ocrx_word' id='word_1_32' title='bbox 553 807 657 861; x_wconf 90' lang='lat' dir='ltr'><strong>situ</strong></span> <span class='ocrx_word' id='word_1_33' title='bbox 699 802 1111 872; x_wconf 86' lang='lat' dir='ltr'><strong>supplicationes</strong></span> <span class='ocrx_word' id='word_1_34' title='bbox 1146 797 1438 853; x_wconf 86' lang='lat' dir='ltr'><strong>emittant:</strong></span> <span class='ocrx_word' id='word_1_35' title='bbox 1483 793 1612 864; x_wconf 83' lang='lat' dir='ltr'><strong>ipsis</strong></span> <span class='ocrx_word' id='word_1_36' title='bbox 1650 791 1792 846; x_wconf 86' lang='lat' dir='ltr'><strong>enim</strong></span> <span class='ocrx_word' id='word_1_37' title='bbox 1826 805 1948 845; x_wconf 90' lang='lat' dir='ltr'><strong>cum</strong></span> 
     </span>
    </p>
   </div>
   <div class='ocr_carea' id='block_1_7' title="bbox 365 883 1951 962">
    <p class='ocr_par' dir='ltr' id='par_1_7' title="bbox 365 883 1951 962">
     <span class='ocr_line' id='line_1_7' title="bbox 365 883 1951 962; baseline -0.011 -8"><span class='ocrx_word' id='word_1_38' title='bbox 365 897 637 954; x_wconf 90' lang='lat' dir='ltr'><strong>communi</strong></span> <span class='ocrx_word' id='word_1_39' title='bbox 663 897 885 951; x_wconf 78' lang='lat' dir='ltr'><strong>fratrum</strong></span> <span class='ocrx_word' id='word_1_40' title='bbox 911 899 1056 948; x_wconf 76' lang='lat' dir='ltr'><strong>cmtu</strong></span> <span class='ocrx_word' id='word_1_41' title='bbox 1087 888 1293 962; x_wconf 88' lang='lat' dir='ltr'><strong>precari</strong></span> <span class='ocrx_word' id='word_1_42' title='bbox 1320 902 1426 942; x_wconf 92' lang='lat' dir='ltr'><strong>non</strong></span> <span class='ocrx_word' id='word_1_43' title='bbox 1454 886 1597 942; x_wconf 91' lang='lat' dir='ltr'><strong>licet.</strong></span> <span class='ocrx_word' id='word_1_44' title='bbox 1629 883 1858 954; x_wconf 85' lang='lat' dir='ltr'><strong>Ideoque</strong></span> <span class='ocrx_word' id='word_1_45' title='bbox 1883 883 1951 938; x_wconf 87' lang='lat' dir='ltr'><strong>il-</strong></span> 
     </span>
    </p>
   </div>
   <div class='ocr_carea' id='block_1_8' title="bbox 368 975 1952 1055">
    <p class='ocr_par' dir='ltr' id='par_1_8' title="bbox 368 975 1952 1055">
     <span class='ocr_line' id='line_1_8' title="bbox 368 975 1952 1055; baseline -0.008 -12"><span class='ocrx_word' id='word_1_46' title='bbox 368 992 450 1046; x_wconf 91' lang='lat' dir='ltr'><strong>los</strong></span> <span class='ocrx_word' id='word_1_47' title='bbox 473 990 634 1055; x_wconf 88' lang='lat' dir='ltr'><strong>sistit,</strong></span> <span class='ocrx_word' id='word_1_48' title='bbox 681 997 740 1042; x_wconf 92' lang='lat' dir='ltr'><strong>ut</strong></span> <span class='ocrx_word' id='word_1_49' title='bbox 765 1001 950 1042; x_wconf 88' lang='lat' dir='ltr'><strong>eorum</strong></span> <span class='ocrx_word' id='word_1_50' title='bbox 983 993 1092 1038; x_wconf 92' lang='lat' dir='ltr'><strong>tum</strong></span> <span class='ocrx_word' id='word_1_51' title='bbox 1117 981 1496 1043; x_wconf 82' lang='lat' dir='ltr'><strong>calamitatem,</strong></span> <span class='ocrx_word' id='word_1_52' title='bbox 1529 987 1640 1032; x_wconf 93' lang='lat' dir='ltr'><strong>tum</strong></span> <span class='ocrx_word' id='word_1_53' title='bbox 1673 975 1952 1031; x_wconf 88' lang='lat' dir='ltr'><strong>taciturni-</strong></span> 
     </span>
    </p>
   </div>
   <div class='ocr_carea' id='block_1_9' title="bbox 367 1066 1947 1142">
    <p class='ocr_par' dir='ltr' id='par_1_9' title="bbox 367 1066 1947 1142">
     <span class='ocr_line' id='line_1_9' title="bbox 367 1066 1947 1142; baseline -0.011 -5"><span class='ocrx_word' id='word_1_54' title='bbox 367 1093 528 1137; x_wconf 86' lang='lat' dir='ltr'><strong>tatem</strong></span> <span class='ocrx_word' id='word_1_55' title='bbox 551 1083 834 1135; x_wconf 88' lang='lat' dir='ltr'><strong>miseratus</strong></span> <span class='ocrx_word' id='word_1_56' title='bbox 849 1076 1035 1132; x_wconf 91' lang='lat' dir='ltr'><strong>ﬁducia</strong></span> <span class='ocrx_word' id='word_1_57' title='bbox 1055 1083 1142 1129; x_wconf 90' lang='lat' dir='ltr'><strong>tua</strong></span> <span class='ocrx_word' id='word_1_58' title='bbox 1158 1073 1223 1126; x_wconf 91' lang='lat' dir='ltr'><strong>ad</strong></span> <span class='ocrx_word' id='word_1_59' title='bbox 1243 1072 1384 1126; x_wconf 90' lang='lat' dir='ltr'><strong>illius</strong></span> <span class='ocrx_word' id='word_1_60' title='bbox 1398 1069 1748 1142; x_wconf 86' lang='lat' dir='ltr'><strong>patrocinium</strong></span> <span class='ocrx_word' id='word_1_61' title='bbox 1765 1066 1947 1120; x_wconf 92' lang='lat' dir='ltr'><strong>utaris.</strong></span> 
     </span>
    </p>
   </div>
   <div class='ocr_carea' id='block_1_10' title="bbox 366 1155 1954 1240">
    <p class='ocr_par' dir='ltr' id='par_1_10' title="bbox 366 1155 1954 1240">
     <span class='ocr_line' id='line_1_10' title="bbox 366 1155 1954 1240; baseline -0.011 -14"><span class='ocrx_word' id='word_1_62' title='bbox 366 1173 490 1226; x_wconf 70' lang='lat' dir='ltr'><strong>&quot;me</strong></span> <span class='ocrx_word' id='word_1_63' title='bbox 512 1173 687 1240; x_wconf 87' lang='lat' dir='ltr'><strong>itaque</strong></span> <span class='ocrx_word' id='word_1_64' title='bbox 711 1168 1006 1237; x_wconf 79' lang='lat' dir='ltr'><strong>cogitantes</strong></span> <span class='ocrx_word' id='word_1_65' title='bbox 1025 1176 1406 1220; x_wconf 88' lang='lat' dir='ltr'><strong>concurramus</strong></span> <span class='ocrx_word' id='word_1_66' title='bbox 1427 1161 1511 1214; x_wconf 91' lang='lat' dir='ltr'><strong>illa</strong></span> <span class='ocrx_word' id='word_1_67' title='bbox 1538 1159 1689 1222; x_wconf 90' lang='lat' dir='ltr'><strong>hora,</strong></span> <span class='ocrx_word' id='word_1_68' title='bbox 1723 1166 1781 1212; x_wconf 92' lang='lat' dir='ltr'><strong>ut</strong></span> <span class='ocrx_word' id='word_1_69' title='bbox 1800 1155 1954 1211; x_wconf 90' lang='lat' dir='ltr'><strong>nobis</strong></span> 
     </span>
    </p>
   </div>
   <div class='ocr_carea' id='block_1_11' title="bbox 368 1248 1954 1323">
    <p class='ocr_par' dir='ltr' id='par_1_11' title="bbox 368 1248 1954 1323">
     <span class='ocr_line' id='line_1_11' title="bbox 368 1248 1954 1323; baseline -0.011 -7"><span class='ocrx_word' id='word_1_70' title='bbox 368 1260 786 1316; x_wconf 83' lang='lat' dir='ltr'><strong>misericordiam</strong></span> <span class='ocrx_word' id='word_1_71' title='bbox 813 1257 1162 1322; x_wconf 88' lang='lat' dir='ltr'><strong>attrahamus,</strong></span> <span class='ocrx_word' id='word_1_72' title='bbox 1205 1263 1260 1309; x_wconf 89' lang='lat' dir='ltr'><strong>et</strong></span> <span class='ocrx_word' id='word_1_73' title='bbox 1284 1251 1508 1323; x_wconf 81' lang='lat' dir='ltr'><strong>gratiam</strong></span> <span class='ocrx_word' id='word_1_74' title='bbox 1537 1248 1869 1303; x_wconf 87' lang='lat' dir='ltr'><strong>inveniamus</strong></span> <span class='ocrx_word' id='word_1_75' title='bbox 1891 1261 1954 1300; x_wconf 85' lang='lat' dir='ltr'><strong>ac</strong></span> 
     </span>
    </p>
   </div>
   <div class='ocr_carea' id='block_1_12' title="bbox 367 1337 1951 1426">
    <p class='ocr_par' dir='ltr' id='par_1_12' title="bbox 367 1337 1951 1426">
     <span class='ocr_line' id='line_1_12' title="bbox 367 1337 1951 1426; baseline -0.011 -19"><span class='ocrx_word' id='word_1_76' title='bbox 367 1363 723 1422; x_wconf 87' lang='lat' dir='ltr'><strong>opportunum</strong></span> <span class='ocrx_word' id='word_1_77' title='bbox 745 1350 1020 1405; x_wconf 75' lang='lat' dir='ltr'><strong>auxilium.</strong></span> <span class='ocrx_word' id='word_1_78' title='bbox 1066 1346 1344 1402; x_wconf 88' lang='lat' dir='ltr'><strong>Laudastis</strong></span> <span class='ocrx_word' id='word_1_79' title='bbox 1378 1358 1440 1399; x_wconf 86' lang='lat' dir='ltr'><strong>ea</strong></span> <span class='ocrx_word' id='word_1_80' title='bbox 1467 1356 1585 1412; x_wconf 66' lang='lat' dir='ltr'><strong>quae</strong></span> <span class='ocrx_word' id='word_1_81' title='bbox 1610 1341 1751 1426; x_wconf 81' lang='lat' dir='ltr'><strong>dicta</strong></span> <span class='ocrx_word' id='word_1_82' title='bbox 1779 1337 1951 1403; x_wconf 84' lang='lat' dir='ltr'><strong>fuere,</strong></span> 
     </span>
    </p>
   </div>
   <div class='ocr_carea' id='block_1_13' title="bbox 367 1429 1954 1516">
    <p class='ocr_par' dir='ltr' id='par_1_13' title="bbox 367 1429 1954 1516">
     <span class='ocr_line' id='line_1_13' title="bbox 367 1429 1954 1516; baseline -0.011 -16"><span class='ocrx_word' id='word_1_83' title='bbox 367 1462 488 1500; x_wconf 88' lang='lat' dir='ltr'><strong>cum</strong></span> <span class='ocrx_word' id='word_1_84' title='bbox 518 1461 710 1516; x_wconf 90' lang='lat' dir='ltr'><strong>magno</strong></span> <span class='ocrx_word' id='word_1_85' title='bbox 742 1443 968 1498; x_wconf 85' lang='lat' dir='ltr'><strong>tumultu</strong></span> <span class='ocrx_word' id='word_1_86' title='bbox 1006 1449 1060 1495; x_wconf 93' lang='lat' dir='ltr'><strong>et</strong></span> <span class='ocrx_word' id='word_1_87' title='bbox 1084 1440 1270 1509; x_wconf 89' lang='lat' dir='ltr'><strong>plausu</strong></span> <span class='ocrx_word' id='word_1_88' title='bbox 1301 1433 1716 1491; x_wconf 88' lang='lat' dir='ltr'><strong>admonitionem</strong></span> <span class='ocrx_word' id='word_1_89' title='bbox 1743 1429 1954 1500; x_wconf 88' lang='lat' dir='ltr'><strong>accepi-</strong></span> 
     </span>
    </p>
   </div>
   <div class='ocr_carea' id='block_1_14' title="bbox 369 1521 1952 1600">
    <p class='ocr_par' dir='ltr' id='par_1_14' title="bbox 369 1521 1952 1600">
     <span class='ocr_line' id='line_1_14' title="bbox 369 1521 1952 1600; baseline -0.011 -10"><span class='ocrx_word' id='word_1_90' title='bbox 369 1538 485 1592; x_wconf 91' lang='lat' dir='ltr'><strong>stis.</strong></span> <span class='ocrx_word' id='word_1_91' title='bbox 529 1537 631 1592; x_wconf 91' lang='lat' dir='ltr'><strong>Sed</strong></span> <span class='ocrx_word' id='word_1_92' title='bbox 671 1545 729 1591; x_wconf 92' lang='lat' dir='ltr'><strong>ut</strong></span> <span class='ocrx_word' id='word_1_93' title='bbox 770 1535 924 1589; x_wconf 91' lang='lat' dir='ltr'><strong>nobis</strong></span> <span class='ocrx_word' id='word_1_94' title='bbox 953 1531 1136 1587; x_wconf 92' lang='lat' dir='ltr'><strong>laudes</strong></span> <span class='ocrx_word' id='word_1_95' title='bbox 1177 1530 1306 1600; x_wconf 89' lang='lat' dir='ltr'><strong>ipsis</strong></span> <span class='ocrx_word' id='word_1_96' title='bbox 1348 1526 1598 1598; x_wconf 86' lang='lat' dir='ltr'><strong>operibus</strong></span> <span class='ocrx_word' id='word_1_97' title='bbox 1635 1521 1952 1588; x_wconf 81' lang='lat' dir='ltr'><strong>exhibeatis,</strong></span> 
     </span>
    </p>
   </div>
   <div class='ocr_carea' id='block_1_15' title="bbox 1082 305 2892 375">
    <p class='ocr_par' dir='ltr' id='par_1_15' title="bbox 1082 305 2892 375">
     <span class='ocr_line' id='line_1_15' title="bbox 1082 305 2892 375; baseline -0.006 0"><span class='ocrx_word' id='word_1_98' title='bbox 1082 317 1140 375; x_wconf 85' lang='lat' dir='ltr'><strong>S.</strong></span> <span class='ocrx_word' id='word_1_99' title='bbox 1179 312 1455 374; x_wconf 82' lang='lat' dir='ltr'><strong>JOANNIS</strong></span> <span class='ocrx_word' id='word_1_100' title='bbox 1491 308 1965 368; x_wconf 75' lang='lat' dir='ltr'><strong>CHRYSOSTOMI</strong></span> <span class='ocrx_word' id='word_1_101' title='bbox 2005 307 2322 365; x_wconf 80' lang='lat' dir='ltr'><strong>ABCHIEP.</strong></span> <span class='ocrx_word' id='word_1_102' title='bbox 2361 305 2892 366; x_wconf 79' lang='lat' dir='ltr'><strong>CONSTANTINOP.</strong></span> 
     </span>
    </p>
   </div>
   <div class='ocr_carea' id='block_1_16' title="bbox 3534 315 3646 369">
    <p class='ocr_par' dir='ltr' id='par_1_16' title="bbox 3534 315 3646 369">
     <span class='ocr_line' id='line_1_16' title="bbox 3534 315 3646 369; baseline 0 0"><span class='ocrx_word' id='word_1_103' title='bbox 3534 315 3646 369; x_wconf 76' lang='grc'><strong>728</strong></span> 
     </span>
    </p>
   </div>
   <div class='ocr_carea' id='block_1_17' title="bbox 2051 424 3657 498">
    <p class='ocr_par' dir='ltr' id='par_1_17' title="bbox 2051 424 3657 498">
     <span class='ocr_line' id='line_1_17' title="bbox 2051 424 3657 498; baseline 0.006 -20"><span class='ocrx_word' id='word_1_104' title='bbox 2051 440 2156 479; x_wconf 91' lang='lat' dir='ltr'><strong>non</strong></span> <span class='ocrx_word' id='word_1_105' title='bbox 2181 424 2393 494; x_wconf 85' lang='lat' dir='ltr'><strong>longum</strong></span> <span class='ocrx_word' id='word_1_106' title='bbox 2414 433 2622 496; x_wconf 86' lang='lat' dir='ltr'><strong>tempus</strong></span> <span class='ocrx_word' id='word_1_107' title='bbox 2637 428 2890 496; x_wconf 68' lang='lat' dir='ltr'><strong>quaeritur</strong></span> <span class='ocrx_word' id='word_1_108' title='bbox 2902 425 2969 480; x_wconf 93' lang='lat' dir='ltr'><strong>ad</strong></span> <span class='ocrx_word' id='word_1_109' title='bbox 2984 425 3384 498; x_wconf 83' lang='lat' dir='ltr'><strong>obsequentiam</strong></span> <span class='ocrx_word' id='word_1_110' title='bbox 3405 429 3657 486; x_wconf 83' lang='lat' dir='ltr'><strong>demon—</strong></span> 
     </span>
    </p>
   </div>
   <div class='ocr_carea' id='block_1_18' title="bbox 2051 516 3659 594">
    <p class='ocr_par' dir='ltr' id='par_1_18' title="bbox 2051 516 3659 594">
     <span class='ocr_line' id='line_1_18' title="bbox 2051 516 3659 594; baseline 0.005 -24"><span class='ocrx_word' id='word_1_111' title='bbox 2051 516 2345 571; x_wconf 87' lang='lat' dir='ltr'><strong>strandam.</strong></span> <span class='ocrx_word' id='word_1_112' title='bbox 2365 517 2798 573; x_wconf 78' lang='lat' dir='ltr'><strong>Exhortationem</strong></span> <span class='ocrx_word' id='word_1_113' title='bbox 2812 519 2980 573; x_wconf 91' lang='lat' dir='ltr'><strong>oratio</strong></span> <span class='ocrx_word' id='word_1_114' title='bbox 3001 530 3271 590; x_wconf 90' lang='lat' dir='ltr'><strong>sequatur.</strong></span> <span class='ocrx_word' id='word_1_115' title='bbox 3293 521 3440 577; x_wconf 85' lang='lat' dir='ltr'><strong>Hauc</strong></span> <span class='ocrx_word' id='word_1_116' title='bbox 3455 538 3659 594; x_wconf 68' lang='lat' dir='ltr'><strong>quaero</strong></span> 
     </span>
    </p>
   </div>
   <div class='ocr_carea' id='block_1_19' title="bbox 2053 609 3659 686">
    <p class='ocr_par' dir='ltr' id='par_1_19' title="bbox 2053 609 3659 686">
     <span class='ocr_line' id='line_1_19' title="bbox 2053 609 3659 686; baseline 0.004 -22"><span class='ocrx_word' id='word_1_117' title='bbox 2053 609 2292 676; x_wconf 88' lang='lat' dir='ltr'><strong>laudem,</strong></span> <span class='ocrx_word' id='word_1_118' title='bbox 2348 609 2488 665; x_wconf 90' lang='lat' dir='ltr'><strong>hunc</strong></span> <span class='ocrx_word' id='word_1_119' title='bbox 2531 625 2630 681; x_wconf 90' lang='lat' dir='ltr'><strong>per</strong></span> <span class='ocrx_word' id='word_1_120' title='bbox 2662 625 2822 680; x_wconf 89' lang='lat' dir='ltr'><strong>opera</strong></span> <span class='ocrx_word' id='word_1_121' title='bbox 2869 612 2980 681; x_wconf 90' lang='lat' dir='ltr'><strong>ipsa</strong></span> <span class='ocrx_word' id='word_1_122' title='bbox 3020 613 3282 682; x_wconf 86' lang='lat' dir='ltr'><strong>plausum.</strong></span> <span class='ocrx_word' id='word_1_123' title='bbox 3325 615 3432 670; x_wconf 74' lang='lat' dir='ltr'><strong>Vos</strong></span> <span class='ocrx_word' id='word_1_124' title='bbox 3464 617 3659 686; x_wconf 84' lang='lat' dir='ltr'><strong>itaque</strong></span> 
     </span>
    </p>
   </div>
   <div class='ocr_carea' id='block_1_20' title="bbox 2053 703 3661 776">
    <p class='ocr_par' dir='ltr' id='par_1_20' title="bbox 2053 703 3661 776">
     <span class='ocr_line' id='line_1_20' title="bbox 2053 703 3661 776; baseline 0.003 -19"><span class='ocrx_word' id='word_1_125' title='bbox 2053 713 2238 758; x_wconf 89' lang='lat' dir='ltr'><strong>mutuo</strong></span> <span class='ocrx_word' id='word_1_126' title='bbox 2265 703 2564 758; x_wconf 90' lang='lat' dir='ltr'><strong>hortamine</strong></span> <span class='ocrx_word' id='word_1_127' title='bbox 2599 703 2664 758; x_wconf 89' lang='lat' dir='ltr'><strong>ad</strong></span> <span class='ocrx_word' id='word_1_128' title='bbox 2705 705 2952 760; x_wconf 90' lang='lat' dir='ltr'><strong>standum</strong></span> <span class='ocrx_word' id='word_1_129' title='bbox 3010 705 3472 776; x_wconf 87' lang='lat' dir='ltr'><strong>quemadmodum</strong></span> <span class='ocrx_word' id='word_1_130' title='bbox 3539 719 3661 762; x_wconf 83' lang='lat' dir='ltr'><strong>ste-</strong></span> 
     </span>
    </p>
   </div>
   <div class='ocr_carea' id='block_1_21' title="bbox 2057 796 3661 866">
    <p class='ocr_par' dir='ltr' id='par_1_21' title="bbox 2057 796 3661 866">
     <span class='ocr_line' id='line_1_21' title="bbox 2057 796 3661 866; baseline 0.004 -16"><span class='ocrx_word' id='word_1_131' title='bbox 2057 796 2193 851; x_wconf 91' lang='lat' dir='ltr'><strong>tistis</strong></span> <span class='ocrx_word' id='word_1_132' title='bbox 2221 812 2236 849; x_wconf 89' lang='lat'><strong>:</strong></span> <span class='ocrx_word' id='word_1_133' title='bbox 2275 797 2322 851; x_wconf 88' lang='lat' dir='ltr'><strong>si</strong></span> <span class='ocrx_word' id='word_1_134' title='bbox 2364 797 2486 866; x_wconf 88' lang='lat' dir='ltr'><strong>quis</strong></span> <span class='ocrx_word' id='word_1_135' title='bbox 2508 811 2627 850; x_wconf 90' lang='lat' dir='ltr'><strong>sese</strong></span> <span class='ocrx_word' id='word_1_136' title='bbox 2655 806 2866 852; x_wconf 85' lang='lat' dir='ltr'><strong>moveat</strong></span> <span class='ocrx_word' id='word_1_137' title='bbox 2897 805 2954 852; x_wconf 93' lang='lat' dir='ltr'><strong>ut</strong></span> <span class='ocrx_word' id='word_1_138' title='bbox 2971 796 3214 852; x_wconf 90' lang='lat' dir='ltr'><strong>ordinem</strong></span> <span class='ocrx_word' id='word_1_139' title='bbox 3238 797 3472 864; x_wconf 83' lang='lat' dir='ltr'><strong>deserat,</strong></span> <span class='ocrx_word' id='word_1_140' title='bbox 3504 798 3661 856; x_wconf 73' lang='lat' dir='ltr'><strong>hunc</strong></span> 
     </span>
    </p>
   </div>
   <div class='ocr_carea' id='block_1_22' title="bbox 2057 885 3661 957">
    <p class='ocr_par' dir='ltr' id='par_1_22' title="bbox 2057 885 3661 957">
     <span class='ocr_line' id='line_1_22' title="bbox 2057 885 3661 957; baseline 0.004 -17"><span class='ocrx_word' id='word_1_141' title='bbox 2057 885 2243 941; x_wconf 90' lang='lat' dir='ltr'><strong>sedqu</strong></span> <span class='ocrx_word' id='word_1_142' title='bbox 2266 887 2528 952; x_wconf 87' lang='lat' dir='ltr'><strong>retinete;</strong></span> <span class='ocrx_word' id='word_1_143' title='bbox 2562 895 2619 941; x_wconf 94' lang='lat' dir='ltr'><strong>ut</strong></span> <span class='ocrx_word' id='word_1_144' title='bbox 2645 895 2701 943; x_wconf 86' lang='lat' dir='ltr'><strong>et</strong></span> <span class='ocrx_word' id='word_1_145' title='bbox 2730 888 2930 957; x_wconf 84' lang='lat' dir='ltr'><strong>proprii</strong></span> <span class='ocrx_word' id='word_1_146' title='bbox 2957 887 3116 943; x_wconf 89' lang='lat' dir='ltr'><strong>studii</strong></span> <span class='ocrx_word' id='word_1_147' title='bbox 3145 896 3203 944; x_wconf 90' lang='lat' dir='ltr'><strong>et</strong></span> <span class='ocrx_word' id='word_1_148' title='bbox 3225 888 3473 944; x_wconf 71' lang='lat' dir='ltr'><strong>fraternae</strong></span> <span class='ocrx_word' id='word_1_149' title='bbox 3501 905 3661 946; x_wconf 71' lang='lat' dir='ltr'><strong>cum</strong></span> 
     </span>
    </p>
   </div>
   <div class='ocr_carea' id='block_1_23' title="bbox 2057 977 3661 1051">
    <p class='ocr_par' dir='ltr' id='par_1_23' title="bbox 2057 977 3661 1051">
     <span class='ocr_line' id='line_1_23' title="bbox 2057 977 3661 1051; baseline 0.001 -18"><span class='ocrx_word' id='word_1_150' title='bbox 2057 977 2322 1048; x_wconf 91' lang='lat' dir='ltr'><strong>duplicem</strong></span> <span class='ocrx_word' id='word_1_151' title='bbox 2364 978 2663 1034; x_wconf 90' lang='lat' dir='ltr'><strong>mercedem</strong></span> <span class='ocrx_word' id='word_1_152' title='bbox 2696 987 3050 1047; x_wconf 86' lang='lat' dir='ltr'><strong>reportantes,</strong></span> <span class='ocrx_word' id='word_1_153' title='bbox 3084 995 3205 1035; x_wconf 92' lang='lat' dir='ltr'><strong>cum</strong></span> <span class='ocrx_word' id='word_1_154' title='bbox 3239 980 3428 1051; x_wconf 84' lang='lat' dir='ltr'><strong>majori</strong></span> <span class='ocrx_word' id='word_1_155' title='bbox 3453 981 3661 1036; x_wconf 80' lang='lat' dir='ltr'><strong>ﬁducia</strong></span> 
     </span>
    </p>
   </div>
   <div class='ocr_carea' id='block_1_24' title="bbox 2059 1067 3660 1140">
    <p class='ocr_par' dir='ltr' id='par_1_24' title="bbox 2059 1067 3660 1140">
     <span class='ocr_line' id='line_1_24' title="bbox 2059 1067 3660 1140; baseline -0.001 -16"><span class='ocrx_word' id='word_1_156' title='bbox 2059 1083 2245 1138; x_wconf 90' lang='lat' dir='ltr'><strong>preces</strong></span> <span class='ocrx_word' id='word_1_157' title='bbox 2270 1067 2571 1134; x_wconf 78' lang='lat' dir='ltr'><strong>ell‘undatis,</strong></span> <span class='ocrx_word' id='word_1_158' title='bbox 2597 1068 2907 1139; x_wconf 89' lang='lat' dir='ltr'><strong>placatoque</strong></span> <span class='ocrx_word' id='word_1_159' title='bbox 2937 1070 3066 1135; x_wconf 89' lang='lat' dir='ltr'><strong>Deo,</strong></span> <span class='ocrx_word' id='word_1_160' title='bbox 3094 1078 3147 1124; x_wconf 91' lang='lat' dir='ltr'><strong>et</strong></span> <span class='ocrx_word' id='word_1_161' title='bbox 3168 1072 3448 1140; x_wconf 56' lang='lat' dir='ltr'><strong>praesentia</strong></span> <span class='ocrx_word' id='word_1_162' title='bbox 3479 1081 3540 1126; x_wconf 91' lang='lat' dir='ltr'><strong>et</strong></span> <span class='ocrx_word' id='word_1_163' title='bbox 3566 1069 3660 1124; x_wconf 86' lang='lat' dir='ltr'><strong>fu-</strong></span> 
     </span>
    </p>
   </div>
   <div class='ocr_carea' id='block_1_25' title="bbox 2062 1160 3662 1232">
    <p class='ocr_par' dir='ltr' id='par_1_25' title="bbox 2062 1160 3662 1232">
     <span class='ocr_line' id='line_1_25' title="bbox 2062 1160 3662 1232; baseline 0.001 -17"><span class='ocrx_word' id='word_1_164' title='bbox 2062 1171 2176 1215; x_wconf 92' lang='lat' dir='ltr'><strong>tura</strong></span> <span class='ocrx_word' id='word_1_165' title='bbox 2202 1161 2338 1216; x_wconf 88' lang='lat' dir='ltr'><strong>bona</strong></span> <span class='ocrx_word' id='word_1_166' title='bbox 2365 1161 2618 1229; x_wconf 90' lang='lat' dir='ltr'><strong>consequi</strong></span> <span class='ocrx_word' id='word_1_167' title='bbox 2649 1160 2883 1230; x_wconf 88' lang='lat' dir='ltr'><strong>possitis,</strong></span> <span class='ocrx_word' id='word_1_168' title='bbox 2917 1161 3084 1232; x_wconf 84' lang='lat' dir='ltr'><strong>gratia</strong></span> <span class='ocrx_word' id='word_1_169' title='bbox 3112 1169 3166 1216; x_wconf 84' lang='lat' dir='ltr'><strong>et</strong></span> <span class='ocrx_word' id='word_1_170' title='bbox 3187 1161 3518 1232; x_wconf 75' lang='lat' dir='ltr'><strong>benignitate</strong></span> <span class='ocrx_word' id='word_1_171' title='bbox 3546 1163 3662 1216; x_wconf 84' lang='lat' dir='ltr'><strong>Do-</strong></span> 
     </span>
    </p>
   </div>
   <div class='ocr_carea' id='block_1_26' title="bbox 2062 1252 3660 1323">
    <p class='ocr_par' dir='ltr' id='par_1_26' title="bbox 2062 1252 3660 1323">
     <span class='ocr_line' id='line_1_26' title="bbox 2062 1252 3660 1323; baseline 0 -15"><span class='ocrx_word' id='word_1_172' title='bbox 2062 1255 2189 1308; x_wconf 89' lang='lat' dir='ltr'><strong>mini</strong></span> <span class='ocrx_word' id='word_1_173' title='bbox 2230 1255 2399 1308; x_wconf 86' lang='lat' dir='ltr'><strong>nostri</strong></span> <span class='ocrx_word' id='word_1_174' title='bbox 2422 1253 2546 1309; x_wconf 85' lang='lat' dir='ltr'><strong>Jesu</strong></span> <span class='ocrx_word' id='word_1_175' title='bbox 2573 1252 2791 1318; x_wconf 87' lang='lat' dir='ltr'><strong>Christi,</strong></span> <span class='ocrx_word' id='word_1_176' title='bbox 2836 1267 2953 1307; x_wconf 90' lang='lat' dir='ltr'><strong>cum</strong></span> <span class='ocrx_word' id='word_1_177' title='bbox 2994 1266 3102 1323; x_wconf 89' lang='lat' dir='ltr'><strong>quo</strong></span> <span class='ocrx_word' id='word_1_178' title='bbox 3139 1253 3279 1308; x_wconf 80' lang='lat' dir='ltr'><strong>Patri</strong></span> <span class='ocrx_word' id='word_1_179' title='bbox 3323 1262 3379 1308; x_wconf 87' lang='lat' dir='ltr'><strong>et</strong></span> <span class='ocrx_word' id='word_1_180' title='bbox 3419 1254 3660 1320; x_wconf 84' lang='lat' dir='ltr'><strong>Spiritui</strong></span> 
     </span>
    </p>
   </div>
   <div class='ocr_carea' id='block_1_27' title="bbox 2061 1345 3659 1416">
    <p class='ocr_par' dir='ltr' id='par_1_27' title="bbox 2061 1345 3659 1416">
     <span class='ocr_line' id='line_1_27' title="bbox 2061 1345 3659 1416; baseline 0.001 -19"><span class='ocrx_word' id='word_1_181' title='bbox 2061 1357 2247 1399; x_wconf 90' lang='lat' dir='ltr'><strong>sancto</strong></span> <span class='ocrx_word' id='word_1_182' title='bbox 2293 1345 2456 1416; x_wconf 80' lang='lat' dir='ltr'><strong>gloria</strong></span> <span class='ocrx_word' id='word_1_183' title='bbox 2510 1353 2567 1401; x_wconf 89' lang='lat' dir='ltr'><strong>et</strong></span> <span class='ocrx_word' id='word_1_184' title='bbox 2616 1346 2898 1415; x_wconf 90' lang='lat' dir='ltr'><strong>imperium</strong></span> <span class='ocrx_word' id='word_1_185' title='bbox 2950 1345 3003 1400; x_wconf 91' lang='lat' dir='ltr'><strong>in</strong></span> <span class='ocrx_word' id='word_1_186' title='bbox 3057 1347 3250 1401; x_wconf 67' lang='lat' dir='ltr'><strong>saecula</strong></span> <span class='ocrx_word' id='word_1_187' title='bbox 3303 1347 3659 1401; x_wconf 75' lang='lat' dir='ltr'><strong>smculorum.</strong></span> 
     </span>
    </p>
   </div>
   <div class='ocr_carea' id='block_1_28' title="bbox 2065 1437 3624 1490">
    <p class='ocr_par' dir='ltr' id='par_1_28' title="bbox 2065 1437 3624 1490">
     <span class='ocr_line' id='line_1_28' title="bbox 2065 1437 3624 1490; baseline -0.004 0"><span class='ocrx_word' id='word_1_188' title='bbox 2065 1437 2253 1490; x_wconf 83' lang='lat' dir='ltr'><strong>Amen.</strong></span> <span class='ocrx_word' id='word_1_189' title='bbox 3617 1444 3624 1448; x_wconf 88' lang='grc'><strong>·</strong></span> 
     </span>
    </p>
   </div>
   <div class='ocr_carea' id='block_1_29' title="bbox 373 1669 3631 1707">
    <p class='ocr_par' dir='ltr' id='par_1_29' title="bbox 373 1669 3631 1707">
     <span class='ocr_line' id='line_1_29' title="bbox 373 1669 3631 1707; baseline -0.002 -13"><span class='ocrx_word' id='word_1_190' title='bbox 373 1669 3631 1707; x_wconf 77' lang='lat'><strong>______________________....__———————_____</strong></span> 
     </span>
    </p>
   </div>
   <div class='ocr_carea' id='block_1_30' title="bbox 1005 1762 3005 1909">
    <p class='ocr_par' dir='ltr' id='par_1_30' title="bbox 1005 1762 3005 1909">
     <span class='ocr_line' id='line_1_30' title="bbox 1005 1762 3005 1909; baseline 0.001 -29"><span class='ocrx_word' id='word_1_191' title='bbox 1005 1781 1248 1890; x_wconf 86' lang='lat' dir='ltr'><em>DE</em></span> <span class='ocrx_word' id='word_1_192' title='bbox 1290 1764 2138 1909; x_wconf 76' lang='lat' dir='ltr'><strong>IJV&#39;C&#39;OMPRE</strong></span> <span class='ocrx_word' id='word_1_193' title='bbox 2149 1762 3005 1882; x_wconf 79' lang='lat' dir='ltr'><strong>HENSIBILI.</strong></span> 
     </span>
    </p>
   </div>
   <div class='ocr_carea' id='block_1_31' title="bbox 1685 1943 2323 1994">
    <p class='ocr_par' dir='ltr' id='par_1_31' title="bbox 1685 1943 2323 1994">
     <span class='ocr_line' id='line_1_31' title="bbox 1685 1943 2323 1994; baseline -0.014 0"><span class='ocrx_word' id='word_1_194' title='bbox 1685 1948 1934 1994; x_wconf 70' lang='lat' dir='ltr'><strong>CONTRA</strong></span> <span class='ocrx_word' id='word_1_195' title='bbox 1973 1943 2323 1988; x_wconf 66' lang='lat' dir='ltr'><strong>ANOMCEOS.</strong></span> 
     </span>
    </p>
   </div>
   <div class='ocr_carea' id='block_1_32' title="bbox 1825 2075 2194 2131">
    <p class='ocr_par' dir='ltr' id='par_1_32' title="bbox 1825 2075 2194 2131">
     <span class='ocr_line' id='line_1_32' title="bbox 1825 2075 2194 2131; baseline -0.008 0"><span class='ocrx_word' id='word_1_196' title='bbox 1825 2075 2194 2131; x_wconf 46' lang='grc' dir='ltr'><strong>«αωοβ</strong></span> 
     </span>
    </p>
   </div>
   <div class='ocr_carea' id='block_1_33' title="bbox 910 2225 1394 2277">
    <p class='ocr_par' dir='ltr' id='par_1_33' title="bbox 910 2225 1394 2277">
     <span class='ocr_line' id='line_1_33' title="bbox 910 2225 1394 2277; baseline -0.025 -3"><span class='ocrx_word' id='word_1_197' title='bbox 910 2231 1126 2274; x_wconf 72' lang='lat' dir='ltr'><strong>HOIILIA</strong></span> <span class='ocrx_word' id='word_1_198' title='bbox 1163 2225 1394 2277; x_wconf 68' lang='lat' dir='ltr'><strong>QUARTA.</strong></span> 
     </span>
    </p>
   </div>
   <div class='ocr_carea' id='block_1_34' title="bbox 445 2331 1959 2424">
    <p class='ocr_par' dir='ltr' id='par_1_34' title="bbox 445 2331 1959 2424">
     <span class='ocr_line' id='line_1_34' title="bbox 445 2331 1959 2424; baseline -0.02 -10"><span class='ocrx_word' id='word_1_199' title='bbox 445 2363 497 2414; x_wconf 80' lang='grc' dir='ltr'>ι.</span> <span class='ocrx_word' id='word_1_200' title='bbox 526 2359 705 2414; x_wconf 89' lang='lat' dir='ltr'><strong>Satius</strong></span> <span class='ocrx_word' id='word_1_201' title='bbox 744 2355 853 2424; x_wconf 91' lang='lat' dir='ltr'><strong>jam</strong></span> <span class='ocrx_word' id='word_1_202' title='bbox 885 2349 1066 2416; x_wconf 88' lang='lat' dir='ltr'><strong>esset,</strong></span> <span class='ocrx_word' id='word_1_203' title='bbox 1107 2353 1385 2416; x_wconf 89' lang='lat' dir='ltr'><strong>postquam</strong></span> <span class='ocrx_word' id='word_1_204' title='bbox 1427 2351 1597 2408; x_wconf 87' lang='lat' dir='ltr'><strong>nuper</strong></span> <span class='ocrx_word' id='word_1_205' title='bbox 1629 2331 1959 2389; x_wconf 86' lang='lat' dir='ltr'><strong>ostendimus</strong></span> 
     </span>
    </p>
   </div>
   <div class='ocr_carea' id='block_1_35' title="bbox 377 2427 1961 2514">
    <p class='ocr_par' dir='ltr' id='par_1_35' title="bbox 377 2427 1961 2514">
     <span class='ocr_line' id='line_1_35' title="bbox 377 2427 1961 2514; baseline -0.018 -7"><span class='ocrx_word' id='word_1_206' title='bbox 377 2454 541 2507; x_wconf 83' lang='lat' dir='ltr'><strong>Deum</strong></span> <span class='ocrx_word' id='word_1_207' title='bbox 592 2463 712 2505; x_wconf 89' lang='lat' dir='ltr'><strong>esse</strong></span> <span class='ocrx_word' id='word_1_208' title='bbox 763 2438 1354 2514; x_wconf 89' lang='lat' dir='ltr'><strong>incomprehensibilem</strong></span> <span class='ocrx_word' id='word_1_209' title='bbox 1395 2430 1718 2492; x_wconf 86' lang='lat' dir='ltr'><strong>hominibus,</strong></span> <span class='ocrx_word' id='word_1_210' title='bbox 1761 2427 1870 2481; x_wconf 91' lang='lat' dir='ltr'><strong>imo</strong></span> <span class='ocrx_word' id='word_1_211' title='bbox 1907 2431 1961 2480; x_wconf 92' lang='lat' dir='ltr'><strong>et</strong></span> 
     </span>
    </p>
   </div>
   <div class='ocr_carea' id='block_1_36' title="bbox 376 2517 1962 2612">
    <p class='ocr_par' dir='ltr' id='par_1_36' title="bbox 376 2517 1962 2612">
     <span class='ocr_line' id='line_1_36' title="bbox 376 2517 1962 2612; baseline -0.018 -14"><span class='ocrx_word' id='word_1_212' title='bbox 376 2543 503 2612; x_wconf 87' lang='lat' dir='ltr'><strong>ipsis</strong></span> <span class='ocrx_word' id='word_1_213' title='bbox 529 2538 816 2595; x_wconf 66' lang='lat' dir='ltr'><strong>Cherubin]</strong></span> <span class='ocrx_word' id='word_1_214' title='bbox 858 2544 913 2590; x_wconf 90' lang='lat' dir='ltr'><strong>et</strong></span> <span class='ocrx_word' id='word_1_215' title='bbox 953 2531 1266 2601; x_wconf 84' lang='lat' dir='ltr'><strong>Seraphim,</strong></span> <span class='ocrx_word' id='word_1_216' title='bbox 1297 2543 1329 2582; x_wconf 92' lang='lat' dir='ltr'><strong>a</strong></span> <span class='ocrx_word' id='word_1_217' title='bbox 1367 2523 1592 2595; x_wconf 86' lang='lat' dir='ltr'><strong>negotiis</strong></span> <span class='ocrx_word' id='word_1_218' title='bbox 1621 2517 1879 2589; x_wconf 86' lang='lat' dir='ltr'><strong>expediri,</strong></span> <span class='ocrx_word' id='word_1_219' title='bbox 1908 2524 1962 2570; x_wconf 92' lang='lat' dir='ltr'><strong>et</strong></span> 
     </span>
    </p>
   </div>
   <div class='ocr_carea' id='block_1_37' title="bbox 377 2607 1962 2689">
    <p class='ocr_par' dir='ltr' id='par_1_37' title="bbox 377 2607 1962 2689">
     <span class='ocr_line' id='line_1_37' title="bbox 377 2607 1962 2689; baseline -0.019 0"><span class='ocrx_word' id='word_1_220' title='bbox 377 2634 506 2689; x_wconf 85' lang='lat' dir='ltr'><strong>nihil</strong></span> <span class='ocrx_word' id='word_1_221' title='bbox 530 2631 748 2687; x_wconf 91' lang='lat' dir='ltr'><strong>ulterius</strong></span> <span class='ocrx_word' id='word_1_222' title='bbox 774 2641 988 2682; x_wconf 90' lang='lat' dir='ltr'><strong>movere</strong></span> <span class='ocrx_word' id='word_1_223' title='bbox 1022 2642 1036 2678; x_wconf 89' lang='lat'><strong>:</strong></span> <span class='ocrx_word' id='word_1_224' title='bbox 1081 2637 1262 2677; x_wconf 91' lang='lat' dir='ltr'><strong>verum</strong></span> <span class='ocrx_word' id='word_1_225' title='bbox 1290 2619 1410 2688; x_wconf 87' lang='lat' dir='ltr'><strong>quia</strong></span> <span class='ocrx_word' id='word_1_226' title='bbox 1441 2616 1492 2671; x_wconf 92' lang='lat' dir='ltr'><strong>id</strong></span> <span class='ocrx_word' id='word_1_227' title='bbox 1523 2613 1677 2669; x_wconf 90' lang='lat' dir='ltr'><strong>nobis</strong></span> <span class='ocrx_word' id='word_1_228' title='bbox 1706 2610 1758 2664; x_wconf 90' lang='lat' dir='ltr'><strong>in</strong></span> <span class='ocrx_word' id='word_1_229' title='bbox 1786 2607 1962 2663; x_wconf 88' lang='lat' dir='ltr'><strong>studio</strong></span> 
     </span>
    </p>
   </div>
   <div class='ocr_carea' id='block_1_38' title="bbox 375 2702 1960 2792">
    <p class='ocr_par' dir='ltr' id='par_1_38' title="bbox 375 2702 1960 2792">
     <span class='ocr_line' id='line_1_38' title="bbox 375 2702 1960 2792; baseline -0.018 -12"><span class='ocrx_word' id='word_1_230' title='bbox 375 2737 430 2780; x_wconf 88' lang='lat' dir='ltr'><strong>et</strong></span> <span class='ocrx_word' id='word_1_231' title='bbox 465 2725 515 2778; x_wconf 90' lang='lat' dir='ltr'><strong>in</strong></span> <span class='ocrx_word' id='word_1_232' title='bbox 555 2721 826 2792; x_wconf 92' lang='lat' dir='ltr'><strong>proposito</strong></span> <span class='ocrx_word' id='word_1_233' title='bbox 848 2726 948 2782; x_wconf 88' lang='lat' dir='ltr'><strong>est,</strong></span> <span class='ocrx_word' id='word_1_234' title='bbox 1003 2724 1059 2769; x_wconf 93' lang='lat' dir='ltr'><strong>ut</strong></span> <span class='ocrx_word' id='word_1_235' title='bbox 1087 2727 1193 2768; x_wconf 89' lang='lat' dir='ltr'><strong>non</strong></span> <span class='ocrx_word' id='word_1_236' title='bbox 1219 2709 1377 2765; x_wconf 92' lang='lat' dir='ltr'><strong>modo</strong></span> <span class='ocrx_word' id='word_1_237' title='bbox 1407 2702 1830 2767; x_wconf 84' lang='lat' dir='ltr'><strong>adversariorum</strong></span> <span class='ocrx_word' id='word_1_238' title='bbox 1870 2711 1960 2752; x_wconf 87' lang='lat' dir='ltr'><strong>ora</strong></span> 
     </span>
    </p>
   </div>
   <div class='ocr_carea' id='block_1_39' title="bbox 376 2792 1964 2875">
    <p class='ocr_par' dir='ltr' id='par_1_39' title="bbox 376 2792 1964 2875">
     <span class='ocr_line' id='line_1_39' title="bbox 376 2792 1964 2875; baseline -0.016 -4"><span class='ocrx_word' id='word_1_239' title='bbox 376 2813 734 2875; x_wconf 80' lang='lat' dir='ltr'><strong>occludamus,</strong></span> <span class='ocrx_word' id='word_1_240' title='bbox 785 2808 878 2865; x_wconf 90' lang='lat' dir='ltr'><strong>sed</strong></span> <span class='ocrx_word' id='word_1_241' title='bbox 922 2807 1080 2862; x_wconf 89' lang='lat' dir='ltr'><strong>etiam</strong></span> <span class='ocrx_word' id='word_1_242' title='bbox 1119 2812 1179 2858; x_wconf 89' lang='lat' dir='ltr'><strong>ut</strong></span> <span class='ocrx_word' id='word_1_243' title='bbox 1209 2802 1487 2856; x_wconf 87' lang='lat' dir='ltr'><strong>caritatem</strong></span> <span class='ocrx_word' id='word_1_244' title='bbox 1527 2805 1759 2852; x_wconf 75' lang='lat' dir='ltr'><strong>vestram</strong></span> <span class='ocrx_word' id='word_1_245' title='bbox 1793 2792 1964 2861; x_wconf 79' lang='lat' dir='ltr'><strong>magis</strong></span> 
     </span>
    </p>
   </div>
   <div class='ocr_carea' id='block_1_40' title="bbox 379 2883 1961 2974">
    <p class='ocr_par' dir='ltr' id='par_1_40' title="bbox 379 2883 1961 2974">
     <span class='ocr_line' id='line_1_40' title="bbox 379 2883 1961 2974; baseline -0.016 -13"><span class='ocrx_word' id='word_1_246' title='bbox 379 2905 651 2974; x_wconf 88' lang='lat' dir='ltr'><strong>tnagisque</strong></span> <span class='ocrx_word' id='word_1_247' title='bbox 693 2901 1050 2958; x_wconf 88' lang='lat' dir='ltr'><strong>instituamus.</strong></span> <span class='ocrx_word' id='word_1_248' title='bbox 1091 2895 1320 2964; x_wconf 83' lang='lat' dir='ltr'><strong>idipsum</strong></span> <span class='ocrx_word' id='word_1_249' title='bbox 1351 2896 1717 2960; x_wconf 79' lang='lat' dir='ltr'><strong>argumentum</strong></span> <span class='ocrx_word' id='word_1_250' title='bbox 1763 2883 1961 2953; x_wconf 85' lang='lat' dir='ltr'><strong>repeti-</strong></span> 
     </span>
    </p>
   </div>
   <div class='ocr_carea' id='block_1_41' title="bbox 377 2972 1964 3061">
    <p class='ocr_par' dir='ltr' id='par_1_41' title="bbox 377 2972 1964 3061">
     <span class='ocr_line' id='line_1_41' title="bbox 377 2972 1964 3061; baseline -0.016 -11"><span class='ocrx_word' id='word_1_251' title='bbox 377 2972 518 3061; x_wconf 77' lang='lat' dir='ltr'><strong>mus,</strong></span> <span class='ocrx_word' id='word_1_252' title='bbox 548 2972 868 3061; x_wconf 81' lang='lat' dir='ltr'><strong>ulteriusque</strong></span> <span class='ocrx_word' id='word_1_253' title='bbox 897 3001 1146 3045; x_wconf 91' lang='lat' dir='ltr'><strong>sermone</strong></span> <span class='ocrx_word' id='word_1_254' title='bbox 1181 2980 1532 3053; x_wconf 91' lang='lat' dir='ltr'><strong>procedimus.</strong></span> <span class='ocrx_word' id='word_1_255' title='bbox 1569 2978 1700 3032; x_wconf 88' lang='lat' dir='ltr'><strong>Nam</strong></span> <span class='ocrx_word' id='word_1_256' title='bbox 1745 2975 1790 3030; x_wconf 88' lang='lat' dir='ltr'><strong>si</strong></span> <span class='ocrx_word' id='word_1_257' title='bbox 1819 2975 1871 3027; x_wconf 92' lang='lat' dir='ltr'><strong>in</strong></span> <span class='ocrx_word' id='word_1_258' title='bbox 1901 2972 1964 3026; x_wconf 90' lang='lat' dir='ltr'><strong>iis</strong></span> 
     </span>
    </p>
   </div>
   <div class='ocr_carea' id='block_1_42' title="bbox 378 3070 1964 3146">
    <p class='ocr_par' dir='ltr' id='par_1_42' title="bbox 378 3070 1964 3146">
     <span class='ocr_line' id='line_1_42' title="bbox 378 3070 1964 3146; baseline -0.015 -4"><span class='ocrx_word' id='word_1_259' title='bbox 378 3086 573 3142; x_wconf 86' lang='lat' dir='ltr'><strong>diutius</strong></span> <span class='ocrx_word' id='word_1_260' title='bbox 593 3085 958 3146; x_wconf 81' lang='lat' dir='ltr'><strong>itnmoremur,</strong></span> <span class='ocrx_word' id='word_1_261' title='bbox 982 3089 1034 3135; x_wconf 90' lang='lat' dir='ltr'><strong>et</strong></span> <span class='ocrx_word' id='word_1_262' title='bbox 1053 3089 1149 3132; x_wconf 90' lang='lat' dir='ltr'><strong>vos</strong></span> <span class='ocrx_word' id='word_1_263' title='bbox 1169 3074 1435 3130; x_wconf 80' lang='lat' dir='ltr'><strong>doctiores</strong></span> <span class='ocrx_word' id='word_1_264' title='bbox 1455 3070 1767 3130; x_wconf 86' lang='lat' dir='ltr'><strong>efﬁciemus,</strong></span> <span class='ocrx_word' id='word_1_265' title='bbox 1793 3076 1845 3120; x_wconf 92' lang='lat' dir='ltr'><strong>et</strong></span> <span class='ocrx_word' id='word_1_266' title='bbox 1867 3080 1964 3119; x_wconf 87' lang='lat' dir='ltr'><strong>nos</strong></span> 
     </span>
    </p>
   </div>
   <div class='ocr_carea' id='block_1_43' title="bbox 379 3157 1965 3248">
    <p class='ocr_par' dir='ltr' id='par_1_43' title="bbox 379 3157 1965 3248">
     <span class='ocr_line' id='line_1_43' title="bbox 379 3157 1965 3248; baseline -0.015 -15"><span class='ocrx_word' id='word_1_267' title='bbox 379 3175 786 3248; x_wconf 87' lang='lat' dir='ltr'><strong>splendidiorem</strong></span> <span class='ocrx_word' id='word_1_268' title='bbox 825 3171 1098 3227; x_wconf 78' lang='lat' dir='ltr'><strong>victoriam</strong></span> <span class='ocrx_word' id='word_1_269' title='bbox 1140 3163 1561 3237; x_wconf 89' lang='lat' dir='ltr'><strong>reportabimus;</strong></span> <span class='ocrx_word' id='word_1_270' title='bbox 1606 3169 1717 3216; x_wconf 92' lang='lat' dir='ltr'><strong>tum</strong></span> <span class='ocrx_word' id='word_1_271' title='bbox 1764 3158 1809 3213; x_wconf 90' lang='lat' dir='ltr'><strong>si</strong></span> <span class='ocrx_word' id='word_1_272' title='bbox 1838 3157 1965 3226; x_wconf 85' lang='lat' dir='ltr'><strong>quid</strong></span> 
     </span>
    </p>
   </div>
   <div class='ocr_carea' id='block_1_44' title="bbox 380 3249 1966 3340">
    <p class='ocr_par' dir='ltr' id='par_1_44' title="bbox 380 3249 1966 3340">
     <span class='ocr_line' id='line_1_44' title="bbox 380 3249 1966 3340; baseline -0.014 -15"><span class='ocrx_word' id='word_1_273' title='bbox 380 3269 720 3340; x_wconf 82' lang='lat' dir='ltr'><strong>reliquiarum</strong></span> <span class='ocrx_word' id='word_1_274' title='bbox 748 3264 995 3334; x_wconf 89' lang='lat' dir='ltr'><strong>supersit,</strong></span> <span class='ocrx_word' id='word_1_275' title='bbox 1027 3261 1078 3316; x_wconf 94' lang='lat' dir='ltr'><strong>id</strong></span> <span class='ocrx_word' id='word_1_276' title='bbox 1110 3261 1221 3331; x_wconf 87' lang='lat' dir='ltr'><strong>jam</strong></span> <span class='ocrx_word' id='word_1_277' title='bbox 1263 3271 1478 3330; x_wconf 88' lang='lat' dir='ltr'><strong>prorsus</strong></span> <span class='ocrx_word' id='word_1_278' title='bbox 1511 3255 1578 3310; x_wconf 91' lang='lat' dir='ltr'><strong>de</strong></span> <span class='ocrx_word' id='word_1_279' title='bbox 1604 3252 1778 3308; x_wconf 91' lang='lat' dir='ltr'><strong>medio</strong></span> <span class='ocrx_word' id='word_1_280' title='bbox 1807 3249 1966 3340; x_wconf 88' lang='lat' dir='ltr'><strong>tolle-</strong></span> 
     </span>
    </p>
   </div>
   <div class='ocr_carea' id='block_1_45' title="bbox 381 3339 1967 3427">
    <p class='ocr_par' dir='ltr' id='par_1_45' title="bbox 381 3339 1967 3427">
     <span class='ocr_line' id='line_1_45' title="bbox 381 3339 1967 3427; baseline -0.013 -14"><span class='ocrx_word' id='word_1_281' title='bbox 381 3339 505 3425; x_wconf 86' lang='lat' dir='ltr'><strong>tur;</strong></span> <span class='ocrx_word' id='word_1_282' title='bbox 538 3354 961 3427; x_wconf 86' lang='lat' dir='ltr'><strong>quandoquidem</strong></span> <span class='ocrx_word' id='word_1_283' title='bbox 1006 3350 1194 3405; x_wconf 82' lang='lat' dir='ltr'><strong>noxias</strong></span> <span class='ocrx_word' id='word_1_284' title='bbox 1227 3347 1420 3402; x_wconf 89' lang='lat' dir='ltr'><strong>herbas</strong></span> <span class='ocrx_word' id='word_1_285' title='bbox 1446 3360 1551 3398; x_wconf 91' lang='lat' dir='ltr'><strong>non</strong></span> <span class='ocrx_word' id='word_1_286' title='bbox 1594 3358 1624 3397; x_wconf 91' lang='lat' dir='ltr'><strong>a</strong></span> <span class='ocrx_word' id='word_1_287' title='bbox 1663 3339 1967 3396; x_wconf 87' lang='lat' dir='ltr'><strong>summitate</strong></span> 
     </span>
    </p>
   </div>
   <div class='ocr_carea' id='block_1_46' title="bbox 381 3429 1966 3513">
    <p class='ocr_par' dir='ltr' id='par_1_46' title="bbox 381 3429 1966 3513">
     <span class='ocr_line' id='line_1_46' title="bbox 381 3429 1966 3513; baseline -0.014 -9"><span class='ocrx_word' id='word_1_288' title='bbox 381 3448 542 3504; x_wconf 90' lang='lat' dir='ltr'><strong>modo</strong></span> <span class='ocrx_word' id='word_1_289' title='bbox 561 3445 781 3502; x_wconf 86' lang='lat' dir='ltr'><strong>tondere</strong></span> <span class='ocrx_word' id='word_1_290' title='bbox 804 3456 937 3513; x_wconf 93' lang='lat' dir='ltr'><strong>opus</strong></span> <span class='ocrx_word' id='word_1_291' title='bbox 960 3449 1043 3496; x_wconf 86' lang='lat' dir='ltr'><strong>est</strong></span> <span class='ocrx_word' id='word_1_292' title='bbox 1075 3457 1090 3496; x_wconf 91' lang='lat'><strong>:</strong></span> <span class='ocrx_word' id='word_1_293' title='bbox 1119 3441 1164 3494; x_wconf 87' lang='lat' dir='ltr'><strong>si</strong></span> <span class='ocrx_word' id='word_1_294' title='bbox 1190 3439 1330 3494; x_wconf 87' lang='lat' dir='ltr'><strong>enim</strong></span> <span class='ocrx_word' id='word_1_295' title='bbox 1351 3435 1557 3491; x_wconf 91' lang='lat' dir='ltr'><strong>radices</strong></span> <span class='ocrx_word' id='word_1_296' title='bbox 1580 3437 1845 3493; x_wconf 89' lang='lat' dir='ltr'><strong>maneant,</strong></span> <span class='ocrx_word' id='word_1_297' title='bbox 1868 3429 1966 3483; x_wconf 89' lang='lat' dir='ltr'><strong>de-</strong></span> 
     </span>
    </p>
   </div>
   <div class='ocr_carea' id='block_1_47' title="bbox 385 3519 1968 3609">
    <p class='ocr_par' dir='ltr' id='par_1_47' title="bbox 385 3519 1968 3609">
     <span class='ocr_line' id='line_1_47' title="bbox 385 3519 1968 3609; baseline -0.015 -13"><span class='ocrx_word' id='word_1_298' title='bbox 385 3557 492 3596; x_wconf 92' lang='lat' dir='ltr'><strong>nuo</strong></span> <span class='ocrx_word' id='word_1_299' title='bbox 532 3535 904 3609; x_wconf 88' lang='lat' dir='ltr'><strong>pullulabuut:</strong></span> <span class='ocrx_word' id='word_1_300' title='bbox 947 3533 1040 3588; x_wconf 90' lang='lat' dir='ltr'><strong>sed</strong></span> <span class='ocrx_word' id='word_1_301' title='bbox 1084 3531 1243 3586; x_wconf 87' lang='lat' dir='ltr'><strong>etiam</strong></span> <span class='ocrx_word' id='word_1_302' title='bbox 1279 3528 1345 3583; x_wconf 91' lang='lat' dir='ltr'><strong>ab</strong></span> <span class='ocrx_word' id='word_1_303' title='bbox 1375 3528 1489 3596; x_wconf 90' lang='lat' dir='ltr'><strong>ipso</strong></span> <span class='ocrx_word' id='word_1_304' title='bbox 1524 3524 1731 3580; x_wconf 87' lang='lat' dir='ltr'><strong>telluris</strong></span> <span class='ocrx_word' id='word_1_305' title='bbox 1766 3519 1968 3591; x_wconf 87' lang='lat' dir='ltr'><strong>gremio</strong></span> 
     </span>
    </p>
   </div>
   <div class='ocr_carea' id='block_1_48' title="bbox 384 3612 1967 3694">
    <p class='ocr_par' dir='ltr' id='par_1_48' title="bbox 384 3612 1967 3694">
     <span class='ocr_line' id='line_1_48' title="bbox 384 3612 1967 3694; baseline -0.014 -9"><span class='ocrx_word' id='word_1_306' title='bbox 384 3631 636 3686; x_wconf 88' lang='lat' dir='ltr'><strong>radicitus</strong></span> <span class='ocrx_word' id='word_1_307' title='bbox 675 3625 872 3681; x_wconf 90' lang='lat' dir='ltr'><strong>evellas</strong></span> <span class='ocrx_word' id='word_1_308' title='bbox 919 3630 1159 3694; x_wconf 91' lang='lat' dir='ltr'><strong>oportet,</strong></span> <span class='ocrx_word' id='word_1_309' title='bbox 1199 3630 1539 3689; x_wconf 65' lang='lat' dir='ltr'><strong>erponasque</strong></span> <span class='ocrx_word' id='word_1_310' title='bbox 1586 3612 1835 3668; x_wconf 86' lang='lat' dir='ltr'><strong>solarium</strong></span> <span class='ocrx_word' id='word_1_311' title='bbox 1877 3625 1967 3664; x_wconf 88' lang='lat' dir='ltr'><strong>ra-</strong></span> 
     </span>
    </p>
   </div>
   <div class='ocr_carea' id='block_1_49' title="bbox 385 3705 1969 3783">
    <p class='ocr_par' dir='ltr' id='par_1_49' title="bbox 385 3705 1969 3783">
     <span class='ocr_line' id='line_1_49' title="bbox 385 3705 1969 3783; baseline -0.014 -7"><span class='ocrx_word' id='word_1_312' title='bbox 385 3722 593 3776; x_wconf 88' lang='lat' dir='ltr'><strong>diorum</strong></span> <span class='ocrx_word' id='word_1_313' title='bbox 647 3715 860 3783; x_wconf 88' lang='lat' dir='ltr'><strong>ardori,</strong></span> <span class='ocrx_word' id='word_1_314' title='bbox 902 3723 961 3769; x_wconf 91' lang='lat' dir='ltr'><strong>ut</strong></span> <span class='ocrx_word' id='word_1_315' title='bbox 1023 3711 1240 3767; x_wconf 90' lang='lat' dir='ltr'><strong>omnino</strong></span> <span class='ocrx_word' id='word_1_316' title='bbox 1298 3715 1646 3763; x_wconf 89' lang='lat' dir='ltr'><strong>marcescant.</strong></span> <span class='ocrx_word' id='word_1_317' title='bbox 1688 3705 1800 3773; x_wconf 84' lang='lat' dir='ltr'><strong>Age</strong></span> <span class='ocrx_word' id='word_1_318' title='bbox 1841 3715 1969 3770; x_wconf 88' lang='lat' dir='ltr'><strong>ergo</strong></span> 
     </span>
    </p>
   </div>
   <div class='ocr_carea' id='block_1_50' title="bbox 390 3798 1968 3866">
    <p class='ocr_par' dir='ltr' id='par_1_50' title="bbox 390 3798 1968 3866">
     <span class='ocr_line' id='line_1_50' title="bbox 390 3798 1968 3866; baseline -0.014 0"><span class='ocrx_word' id='word_1_319' title='bbox 390 3813 444 3866; x_wconf 89' lang='lat' dir='ltr'><strong>in</strong></span> <span class='ocrx_word' id='word_1_320' title='bbox 471 3809 656 3865; x_wconf 56' lang='lat' dir='ltr'><strong>caelum</strong></span> <span class='ocrx_word' id='word_1_321' title='bbox 686 3821 870 3862; x_wconf 87' lang='lat' dir='ltr'><strong>rursus</strong></span> <span class='ocrx_word' id='word_1_322' title='bbox 907 3817 1154 3859; x_wconf 89' lang='lat' dir='ltr'><strong>sermone</strong></span> <span class='ocrx_word' id='word_1_323' title='bbox 1182 3798 1623 3861; x_wconf 90' lang='lat' dir='ltr'><strong>conscendamus,</strong></span> <span class='ocrx_word' id='word_1_324' title='bbox 1657 3810 1762 3848; x_wconf 91' lang='lat' dir='ltr'><strong>non</strong></span> <span class='ocrx_word' id='word_1_325' title='bbox 1791 3801 1846 3846; x_wconf 89' lang='lat' dir='ltr'><strong>ut</strong></span> <span class='ocrx_word' id='word_1_326' title='bbox 1877 3807 1968 3846; x_wconf 91' lang='lat' dir='ltr'><strong>cu-</strong></span> 
     </span>
    </p>
   </div>
   <div class='ocr_carea' id='block_1_51' title="bbox 387 3887 1971 3960">
    <p class='ocr_par' dir='ltr' id='par_1_51' title="bbox 387 3887 1971 3960">
     <span class='ocr_line' id='line_1_51' title="bbox 387 3887 1971 3960; baseline -0.014 -3"><span class='ocrx_word' id='word_1_327' title='bbox 387 3899 611 3957; x_wconf 84' lang='lat' dir='ltr'><strong>riosius‘</strong></span> <span class='ocrx_word' id='word_1_328' title='bbox 636 3906 953 3960; x_wconf 87' lang='lat' dir='ltr'><strong>scrutemur,</strong></span> <span class='ocrx_word' id='word_1_329' title='bbox 977 3893 1060 3947; x_wconf 87' lang='lat' dir='ltr'><strong>vel</strong></span> <span class='ocrx_word' id='word_1_330' title='bbox 1086 3890 1392 3946; x_wconf 88' lang='lat' dir='ltr'><strong>subtiliores</strong></span> <span class='ocrx_word' id='word_1_331' title='bbox 1412 3887 1732 3958; x_wconf 72' lang='lat' dir='ltr'><strong>qumstiones</strong></span> <span class='ocrx_word' id='word_1_332' title='bbox 1757 3897 1971 3937; x_wconf 90' lang='lat' dir='ltr'><strong>movea-</strong></span> 
     </span>
    </p>
   </div>
   <div class='ocr_carea' id='block_1_52' title="bbox 387 3980 1970 4057">
    <p class='ocr_par' dir='ltr' id='par_1_52' title="bbox 387 3980 1970 4057">
     <span class='ocr_line' id='line_1_52' title="bbox 387 3980 1970 4057; baseline -0.011 -12"><span class='ocrx_word' id='word_1_333' title='bbox 387 4007 538 4057; x_wconf 88' lang='lat' dir='ltr'><strong>mus;</strong></span> <span class='ocrx_word' id='word_1_334' title='bbox 587 3987 680 4044; x_wconf 90' lang='lat' dir='ltr'><strong>sed</strong></span> <span class='ocrx_word' id='word_1_335' title='bbox 711 3995 768 4042; x_wconf 87' lang='lat' dir='ltr'><strong>ut</strong></span> <span class='ocrx_word' id='word_1_336' title='bbox 797 4000 983 4041; x_wconf 80' lang='lat' dir='ltr'><strong>eorum</strong></span> <span class='ocrx_word' id='word_1_337' title='bbox 1007 3983 1098 4054; x_wconf 90' lang='lat' dir='ltr'><strong>qui</strong></span> <span class='ocrx_word' id='word_1_338' title='bbox 1123 3996 1292 4053; x_wconf 88' lang='lat' dir='ltr'><strong>neque</strong></span> <span class='ocrx_word' id='word_1_339' title='bbox 1319 3980 1526 4050; x_wconf 91' lang='lat' dir='ltr'><strong>seipsos</strong></span> <span class='ocrx_word' id='word_1_340' title='bbox 1553 3985 1768 4041; x_wconf 88' lang='lat' dir='ltr'><strong>norunt,</strong></span> <span class='ocrx_word' id='word_1_341' title='bbox 1797 3987 1970 4043; x_wconf 88' lang='lat' dir='ltr'><strong>neque</strong></span> 
     </span>
    </p>
   </div>
   <div class='ocr_carea' id='block_1_53' title="bbox 389 4069 1972 4143">
    <p class='ocr_par' dir='ltr' id='par_1_53' title="bbox 389 4069 1972 4143">
     <span class='ocr_line' id='line_1_53' title="bbox 389 4069 1972 4143; baseline -0.012 -6"><span class='ocrx_word' id='word_1_342' title='bbox 389 4084 635 4137; x_wconf 78' lang='lat' dir='ltr'><strong>humana:</strong></span> <span class='ocrx_word' id='word_1_343' title='bbox 683 4088 886 4133; x_wconf 66' lang='lat' dir='ltr'><strong>natura:</strong></span> <span class='ocrx_word' id='word_1_344' title='bbox 924 4075 1140 4132; x_wconf 90' lang='lat' dir='ltr'><strong>modum</strong></span> <span class='ocrx_word' id='word_1_345' title='bbox 1187 4073 1481 4143; x_wconf 84' lang='lat' dir='ltr'><strong>intelligere</strong></span> <span class='ocrx_word' id='word_1_346' title='bbox 1530 4071 1734 4134; x_wconf 89' lang='lat' dir='ltr'><strong>volunt,</strong></span> <span class='ocrx_word' id='word_1_347' title='bbox 1778 4069 1972 4122; x_wconf 90' lang='lat' dir='ltr'><strong>intem-</strong></span> 
     </span>
    </p>
   </div>
   <div class='ocr_carea' id='block_1_54' title="bbox 390 4156 1976 4243">
    <p class='ocr_par' dir='ltr' id='par_1_54' title="bbox 390 4156 1976 4243">
     <span class='ocr_line' id='line_1_54' title="bbox 390 4156 1976 4243; baseline -0.012 -16"><span class='ocrx_word' id='word_1_348' title='bbox 390 4173 645 4243; x_wconf 86' lang='lat' dir='ltr'><strong>pestivam</strong></span> <span class='ocrx_word' id='word_1_349' title='bbox 679 4168 1073 4225; x_wconf 88' lang='lat' dir='ltr'><strong>contentionem</strong></span> <span class='ocrx_word' id='word_1_350' title='bbox 1103 4165 1290 4218; x_wconf 88' lang='lat' dir='ltr'><strong>tollere</strong></span> <span class='ocrx_word' id='word_1_351' title='bbox 1313 4171 1633 4231; x_wconf 87' lang='lat' dir='ltr'><strong>satagamus.</strong></span> <span class='ocrx_word' id='word_1_352' title='bbox 1679 4157 1803 4212; x_wconf 89' lang='lat' dir='ltr'><strong>ldeo</strong></span> <span class='ocrx_word' id='word_1_353' title='bbox 1823 4156 1976 4226; x_wconf 89' lang='lat' dir='ltr'><strong>quip-</strong></span> 
     </span>
    </p>
   </div>
   <div class='ocr_carea' id='block_1_55' title="bbox 391 4249 1975 4330">
    <p class='ocr_par' dir='ltr' id='par_1_55' title="bbox 391 4249 1975 4330">
     <span class='ocr_line' id='line_1_55' title="bbox 391 4249 1975 4330; baseline -0.009 -17"><span class='ocrx_word' id='word_1_354' title='bbox 391 4279 455 4330; x_wconf 82' lang='lat' dir='ltr'><strong>pe</strong></span> <span class='ocrx_word' id='word_1_355' title='bbox 498 4277 564 4316; x_wconf 82' lang='lat' dir='ltr'><strong>ex</strong></span> <span class='ocrx_word' id='word_1_356' title='bbox 603 4257 909 4322; x_wconf 89' lang='lat' dir='ltr'><strong>abundanti,</strong></span> <span class='ocrx_word' id='word_1_357' title='bbox 962 4270 1068 4309; x_wconf 90' lang='lat' dir='ltr'><strong>non</strong></span> <span class='ocrx_word' id='word_1_358' title='bbox 1112 4253 1204 4308; x_wconf 88' lang='lat' dir='ltr'><strong>Dei</strong></span> <span class='ocrx_word' id='word_1_359' title='bbox 1249 4251 1439 4316; x_wconf 91' lang='lat' dir='ltr'><strong>modo,</strong></span> <span class='ocrx_word' id='word_1_360' title='bbox 1477 4249 1570 4305; x_wconf 88' lang='lat' dir='ltr'><strong>sed</strong></span> <span class='ocrx_word' id='word_1_361' title='bbox 1609 4249 1768 4304; x_wconf 89' lang='lat' dir='ltr'><strong>etiam</strong></span> <span class='ocrx_word' id='word_1_362' title='bbox 1813 4259 1975 4316; x_wconf 79' lang='lat' dir='ltr'><strong>ange-</strong></span> 
     </span>
    </p>
   </div>
   <div class='ocr_carea' id='block_1_56' title="bbox 393 4339 1976 4420">
    <p class='ocr_par' dir='ltr' id='par_1_56' title="bbox 393 4339 1976 4420">
     <span class='ocr_line' id='line_1_56' title="bbox 393 4339 1976 4420; baseline -0.009 -12"><span class='ocrx_word' id='word_1_363' title='bbox 393 4356 569 4408; x_wconf 88' lang='lat' dir='ltr'><strong>lorum</strong></span> <span class='ocrx_word' id='word_1_364' title='bbox 603 4358 943 4420; x_wconf 84' lang='lat' dir='ltr'><strong>conspectum</strong></span> <span class='ocrx_word' id='word_1_365' title='bbox 973 4347 1118 4416; x_wconf 86' lang='lat' dir='ltr'><strong>justo</strong></span> <span class='ocrx_word' id='word_1_366' title='bbox 1155 4344 1230 4399; x_wconf 90' lang='lat' dir='ltr'><strong>illi</strong></span> <span class='ocrx_word' id='word_1_367' title='bbox 1253 4343 1368 4398; x_wconf 91' lang='lat' dir='ltr'><strong>viro</strong></span> <span class='ocrx_word' id='word_1_368' title='bbox 1397 4340 1784 4397; x_wconf 88' lang='lat' dir='ltr'><strong>intolerandum</strong></span> <span class='ocrx_word' id='word_1_369' title='bbox 1813 4339 1976 4393; x_wconf 87' lang='lat' dir='ltr'><strong>fuisse</strong></span> 
     </span>
    </p>
   </div>
   <div class='ocr_carea' id='block_1_57' title="bbox 389 4428 1968 4508">
    <p class='ocr_par' dir='ltr' id='par_1_57' title="bbox 389 4428 1968 4508">
     <span class='ocr_line' id='line_1_57' title="bbox 389 4428 1968 4508; baseline -0.012 -10"><span class='ocrx_word' id='word_1_370' title='bbox 389 4440 742 4507; x_wconf 86' lang='lat' dir='ltr'><strong>ostendimus,</strong></span> <span class='ocrx_word' id='word_1_371' title='bbox 768 4436 979 4508; x_wconf 90' lang='lat' dir='ltr'><strong>quando</strong></span> <span class='ocrx_word' id='word_1_372' title='bbox 1008 4443 1171 4490; x_wconf 91' lang='lat' dir='ltr'><strong>totam</strong></span> <span class='ocrx_word' id='word_1_373' title='bbox 1210 4434 1361 4489; x_wconf 87' lang='lat' dir='ltr'><strong>vobis</strong></span> <span class='ocrx_word' id='word_1_374' title='bbox 1390 4431 1664 4486; x_wconf 87' lang='lat' dir='ltr'><strong>historiam</strong></span> <span class='ocrx_word' id='word_1_375' title='bbox 1698 4428 1926 4499; x_wconf 84' lang='lat' dir='ltr'><strong>legimus</strong></span> <span class='ocrx_word' id='word_1_376' title='bbox 1953 4444 1968 4479; x_wconf 87' lang='lat'><strong>:</strong></span> 
     </span>
    </p>
   </div>
   <div class='ocr_carea' id='block_1_58' title="bbox 390 4519 1969 4602">
    <p class='ocr_par' dir='ltr' id='par_1_58' title="bbox 390 4519 1969 4602">
     <span class='ocr_line' id='line_1_58' title="bbox 390 4519 1969 4602; baseline -0.009 -15"><span class='ocrx_word' id='word_1_377' title='bbox 390 4531 690 4602; x_wconf 72' lang='lat' dir='ltr'><strong>saepiusque</strong></span> <span class='ocrx_word' id='word_1_378' title='bbox 736 4528 948 4584; x_wconf 88' lang='lat' dir='ltr'><strong>beatum</strong></span> <span class='ocrx_word' id='word_1_379' title='bbox 1001 4524 1272 4580; x_wconf 88' lang='lat' dir='ltr'><strong>Danielem</strong></span> <span class='ocrx_word' id='word_1_380' title='bbox 1317 4521 1620 4577; x_wconf 65' lang='lat' dir='ltr'><strong>indusimus</strong></span> <span class='ocrx_word' id='word_1_381' title='bbox 1666 4519 1969 4590; x_wconf 86' lang='lat' dir='ltr'><strong>pallentem,</strong></span> 
     </span>
    </p>
   </div>
   <div class='ocr_carea' id='block_1_59' title="bbox 396 4612 1976 4689">
    <p class='ocr_par' dir='ltr' id='par_1_59' title="bbox 396 4612 1976 4689">
     <span class='ocr_line' id='line_1_59' title="bbox 396 4612 1976 4689; baseline -0.008 -12"><span class='ocrx_word' id='word_1_382' title='bbox 396 4631 733 4686; x_wconf 89' lang='lat' dir='ltr'><strong>trementem,</strong></span> <span class='ocrx_word' id='word_1_383' title='bbox 774 4634 947 4689; x_wconf 92' lang='lat' dir='ltr'><strong>neque</strong></span> <span class='ocrx_word' id='word_1_384' title='bbox 977 4617 1166 4672; x_wconf 90' lang='lat' dir='ltr'><strong>melius</strong></span> <span class='ocrx_word' id='word_1_385' title='bbox 1190 4615 1459 4681; x_wconf 69' lang='lat' dir='ltr'><strong>allectum,</strong></span> <span class='ocrx_word' id='word_1_386' title='bbox 1491 4629 1648 4685; x_wconf 91' lang='lat' dir='ltr'><strong>quam</strong></span> <span class='ocrx_word' id='word_1_387' title='bbox 1675 4614 1732 4676; x_wconf 88' lang='lat' dir='ltr'><strong>ii,</strong></span> <span class='ocrx_word' id='word_1_388' title='bbox 1764 4613 1852 4682; x_wconf 91' lang='lat' dir='ltr'><strong>qui</strong></span> <span class='ocrx_word' id='word_1_389' title='bbox 1879 4612 1976 4666; x_wconf 86' lang='lat' dir='ltr'><strong>de-</strong></span> 
     </span>
    </p>
   </div>
   <div class='ocr_carea' id='block_1_60' title="bbox 395 4703 1974 4780">
    <p class='ocr_par' dir='ltr' id='par_1_60' title="bbox 395 4703 1974 4780">
     <span class='ocr_line' id='line_1_60' title="bbox 395 4703 1974 4780; baseline -0.007 -13"><span class='ocrx_word' id='word_1_390' title='bbox 395 4711 596 4778; x_wconf 80' lang='lat' dir='ltr'><strong>ficiunt,</strong></span> <span class='ocrx_word' id='word_1_391' title='bbox 636 4723 965 4780; x_wconf 91' lang='lat' dir='ltr'><strong>quorumque</strong></span> <span class='ocrx_word' id='word_1_392' title='bbox 1009 4707 1183 4762; x_wconf 88' lang='lat' dir='ltr'><strong>anima</strong></span> <span class='ocrx_word' id='word_1_393' title='bbox 1212 4706 1418 4761; x_wconf 90' lang='lat' dir='ltr'><strong>vincula</strong></span> <span class='ocrx_word' id='word_1_394' title='bbox 1456 4705 1630 4759; x_wconf 92' lang='lat' dir='ltr'><strong>carnis</strong></span> <span class='ocrx_word' id='word_1_395' title='bbox 1659 4703 1974 4772; x_wconf 90' lang='lat' dir='ltr'><strong>abrumpere</strong></span> 
     </span>
    </p>
   </div>
   <div class='ocr_carea' id='block_1_61' title="bbox 393 4797 1972 4857">
    <p class='ocr_par' dir='ltr' id='par_1_61' title="bbox 393 4797 1972 4857">
     <span class='ocr_line' id='line_1_61' title="bbox 393 4797 1972 4857; baseline -0.007 0"><span class='ocrx_word' id='word_1_396' title='bbox 393 4803 626 4857; x_wconf 75' lang='lat' dir='ltr'><strong>festinat.</strong></span> <span class='ocrx_word' id='word_1_397' title='bbox 672 4800 819 4855; x_wconf 91' lang='lat' dir='ltr'><strong>Sicut</strong></span> <span class='ocrx_word' id='word_1_398' title='bbox 845 4801 984 4854; x_wconf 90' lang='lat' dir='ltr'><strong>enim</strong></span> <span class='ocrx_word' id='word_1_399' title='bbox 1013 4797 1258 4852; x_wconf 91' lang='lat' dir='ltr'><strong>columba</strong></span> <span class='ocrx_word' id='word_1_400' title='bbox 1283 4797 1572 4853; x_wconf 87' lang='lat' dir='ltr'><strong>domestica</strong></span> <span class='ocrx_word' id='word_1_401' title='bbox 1605 4805 1660 4850; x_wconf 92' lang='lat' dir='ltr'><strong>et</strong></span> <span class='ocrx_word' id='word_1_402' title='bbox 1700 4803 1972 4848; x_wconf 90' lang='lat' dir='ltr'><strong>mansueta</strong></span> 
     </span>
    </p>
   </div>
   <div class='ocr_carea' id='block_1_62' title="bbox 396 4891 1975 4960">
    <p class='ocr_par' dir='ltr' id='par_1_62' title="bbox 396 4891 1975 4960">
     <span class='ocr_line' id='line_1_62' title="bbox 396 4891 1975 4960; baseline -0.007 -10"><span class='ocrx_word' id='word_1_403' title='bbox 396 4913 448 4950; x_wconf 86' lang='lat' dir='ltr'><strong>tn</strong></span> <span class='ocrx_word' id='word_1_404' title='bbox 476 4893 792 4950; x_wconf 89' lang='lat' dir='ltr'><strong>domuncula</strong></span> <span class='ocrx_word' id='word_1_405' title='bbox 825 4891 1089 4958; x_wconf 91' lang='lat' dir='ltr'><strong>habitans,</strong></span> <span class='ocrx_word' id='word_1_406' title='bbox 1117 4891 1161 4945; x_wconf 88' lang='lat' dir='ltr'><strong>si</strong></span> <span class='ocrx_word' id='word_1_407' title='bbox 1190 4891 1412 4960; x_wconf 88' lang='lat' dir='ltr'><strong>strepitu</strong></span> <span class='ocrx_word' id='word_1_408' title='bbox 1440 4898 1720 4954; x_wconf 83' lang='lat' dir='ltr'><strong>terreatur,</strong></span> <span class='ocrx_word' id='word_1_409' title='bbox 1749 4900 1975 4956; x_wconf 82' lang='lat' dir='ltr'><strong>expave-</strong></span> 
     </span>
    </p>
   </div>
   <div class='ocr_carea' id='block_1_63' title="bbox 395 4979 1971 5051">
    <p class='ocr_par' dir='ltr' id='par_1_63' title="bbox 395 4979 1971 5051">
     <span class='ocr_line' id='line_1_63' title="bbox 395 4979 1971 5051; baseline -0.007 -11"><span class='ocrx_word' id='word_1_410' title='bbox 395 4987 532 5040; x_wconf 82' lang='lat' dir='ltr'><strong>l’aeta</strong></span> <span class='ocrx_word' id='word_1_411' title='bbox 560 4984 611 5038; x_wconf 91' lang='lat' dir='ltr'><strong>iu</strong></span> <span class='ocrx_word' id='word_1_412' title='bbox 639 4991 832 5038; x_wconf 88' lang='lat' dir='ltr'><strong>tectum</strong></span> <span class='ocrx_word' id='word_1_413' title='bbox 853 4982 1046 5046; x_wconf 86' lang='lat' dir='ltr'><strong>avolat,</strong></span> <span class='ocrx_word' id='word_1_414' title='bbox 1069 4988 1125 5036; x_wconf 89' lang='lat' dir='ltr'><strong>et</strong></span> <span class='ocrx_word' id='word_1_415' title='bbox 1146 4995 1242 5051; x_wconf 90' lang='lat' dir='ltr'><strong>per</strong></span> <span class='ocrx_word' id='word_1_416' title='bbox 1263 4979 1522 5035; x_wconf 82' lang='lat' dir='ltr'><strong>fenestras</strong></span> <span class='ocrx_word' id='word_1_417' title='bbox 1546 4979 1744 5032; x_wconf 78' lang='lat' dir='ltr'><strong>exitum</strong></span> <span class='ocrx_word' id='word_1_418' title='bbox 1763 4979 1971 5047; x_wconf 74' lang='lat' dir='ltr'><strong>quaerit,</strong></span> 
     </span>
    </p>
   </div>
   <div class='ocr_carea' id='block_1_64' title="bbox 396 5069 1975 5145">
    <p class='ocr_par' dir='ltr' id='par_1_64' title="bbox 396 5069 1975 5145">
     <span class='ocr_line' id='line_1_64' title="bbox 396 5069 1975 5145; baseline -0.005 -13"><span class='ocrx_word' id='word_1_419' title='bbox 396 5087 454 5132; x_wconf 93' lang='lat' dir='ltr'><strong>ut</strong></span> <span class='ocrx_word' id='word_1_420' title='bbox 476 5091 596 5133; x_wconf 91' lang='lat' dir='ltr'><strong>sese</strong></span> <span class='ocrx_word' id='word_1_421' title='bbox 620 5075 688 5130; x_wconf 91' lang='lat' dir='ltr'><strong>ab</strong></span> <span class='ocrx_word' id='word_1_422' title='bbox 716 5073 956 5145; x_wconf 90' lang='lat' dir='ltr'><strong>angustia</strong></span> <span class='ocrx_word' id='word_1_423' title='bbox 978 5071 1206 5138; x_wconf 74' lang='lat' dir='ltr'><strong>eximat;</strong></span> <span class='ocrx_word' id='word_1_424' title='bbox 1237 5073 1315 5128; x_wconf 89' lang='lat' dir='ltr'><strong>sic</strong></span> <span class='ocrx_word' id='word_1_425' title='bbox 1342 5073 1479 5127; x_wconf 88' lang='lat' dir='ltr'><strong>beati</strong></span> <span class='ocrx_word' id='word_1_426' title='bbox 1507 5070 1646 5127; x_wconf 92' lang='lat' dir='ltr'><strong>illius</strong></span> <span class='ocrx_word' id='word_1_427' title='bbox 1677 5071 1772 5124; x_wconf 89' lang='lat' dir='ltr'><strong>viri</strong></span> <span class='ocrx_word' id='word_1_428' title='bbox 1798 5069 1975 5124; x_wconf 90' lang='lat' dir='ltr'><strong>anima</strong></span> 
     </span>
    </p>
   </div>
   <div class='ocr_carea' id='block_1_65' title="bbox 393 5162 1976 5240">
    <p class='ocr_par' dir='ltr' id='par_1_65' title="bbox 393 5162 1976 5240">
     <span class='ocr_line' id='line_1_65' title="bbox 393 5162 1976 5240; baseline -0.006 -15"><span class='ocrx_word' id='word_1_429' title='bbox 393 5185 460 5225; x_wconf 80' lang='lat' dir='ltr'><strong>ex</strong></span> <span class='ocrx_word' id='word_1_430' title='bbox 486 5183 712 5240; x_wconf 89' lang='lat' dir='ltr'><strong>corpore</strong></span> <span class='ocrx_word' id='word_1_431' title='bbox 738 5166 915 5237; x_wconf 84' lang='lat' dir='ltr'><strong>egredi</strong></span> <span class='ocrx_word' id='word_1_432' title='bbox 954 5173 1008 5220; x_wconf 91' lang='lat' dir='ltr'><strong>et</strong></span> <span class='ocrx_word' id='word_1_433' title='bbox 1035 5173 1256 5221; x_wconf 83' lang='lat' dir='ltr'><strong>externa</strong></span> <span class='ocrx_word' id='word_1_434' title='bbox 1291 5173 1470 5233; x_wconf 86' lang='lat' dir='ltr'><strong>petere</strong></span> <span class='ocrx_word' id='word_1_435' title='bbox 1504 5163 1791 5232; x_wconf 82' lang='lat' dir='ltr'><strong>gestiebat;</strong></span> <span class='ocrx_word' id='word_1_436' title='bbox 1817 5162 1976 5217; x_wconf 79' lang='lat' dir='ltr'><strong>exiis-</strong></span> 
     </span>
    </p>
   </div>
   <div class='ocr_carea' id='block_1_66' title="bbox 393 5258 1975 5334">
    <p class='ocr_par' dir='ltr' id='par_1_66' title="bbox 393 5258 1975 5334">
     <span class='ocr_line' id='line_1_66' title="bbox 393 5258 1975 5334; baseline -0.006 -15"><span class='ocrx_word' id='word_1_437' title='bbox 393 5274 582 5334; x_wconf 83' lang='lat' dir='ltr'><strong>setque</strong></span> <span class='ocrx_word' id='word_1_438' title='bbox 647 5262 801 5333; x_wconf 87' lang='lat' dir='ltr'><strong>plane</strong></span> <span class='ocrx_word' id='word_1_439' title='bbox 848 5269 1008 5330; x_wconf 86' lang='lat' dir='ltr'><strong>atque</strong></span> <span class='ocrx_word' id='word_1_440' title='bbox 1059 5258 1354 5323; x_wconf 90' lang='lat' dir='ltr'><strong>avolasset,</strong></span> <span class='ocrx_word' id='word_1_441' title='bbox 1411 5269 1710 5326; x_wconf 87' lang='lat' dir='ltr'><strong>corpusque</strong></span> <span class='ocrx_word' id='word_1_442' title='bbox 1751 5270 1975 5310; x_wconf 90' lang='lat' dir='ltr'><strong>vacuum</strong></span> 
     </span>
    </p>
   </div>
   <div class='ocr_carea' id='block_1_67' title="bbox 395 5345 1976 5423">
    <p class='ocr_par' dir='ltr' id='par_1_67' title="bbox 395 5345 1976 5423">
     <span class='ocr_line' id='line_1_67' title="bbox 395 5345 1976 5423; baseline -0.006 -13"><span class='ocrx_word' id='word_1_443' title='bbox 395 5353 720 5423; x_wconf 84' lang='lat' dir='ltr'><strong>reliquisset,</strong></span> <span class='ocrx_word' id='word_1_444' title='bbox 765 5349 866 5405; x_wconf 85' lang='lat' dir='ltr'><strong>nisi</strong></span> <span class='ocrx_word' id='word_1_445' title='bbox 895 5349 1074 5404; x_wconf 91' lang='lat' dir='ltr'><strong>statim</strong></span> <span class='ocrx_word' id='word_1_446' title='bbox 1102 5347 1320 5418; x_wconf 88' lang='lat' dir='ltr'><strong>angelus</strong></span> <span class='ocrx_word' id='word_1_447' title='bbox 1346 5345 1722 5416; x_wconf 64' lang='lat' dir='ltr'><strong>praevertisset,</strong></span> <span class='ocrx_word' id='word_1_448' title='bbox 1752 5359 1976 5415; x_wconf 89' lang='lat' dir='ltr'><strong>eamque</strong></span> 
     </span>
    </p>
   </div>
   <div class='ocr_carea' id='block_1_68' title="bbox 394 5436 1976 5517">
    <p class='ocr_par' dir='ltr' id='par_1_68' title="bbox 394 5436 1976 5517">
     <span class='ocr_line' id='line_1_68' title="bbox 394 5436 1976 5517; baseline -0.007 -14"><span class='ocrx_word' id='word_1_449' title='bbox 394 5447 463 5503; x_wconf 82' lang='lat' dir='ltr'><strong>ab</strong></span> <span class='ocrx_word' id='word_1_450' title='bbox 500 5444 741 5517; x_wconf 83' lang='lat' dir='ltr'><strong>angustia</strong></span> <span class='ocrx_word' id='word_1_451' title='bbox 781 5444 1090 5507; x_wconf 87' lang='lat' dir='ltr'><strong>liberasset,</strong></span> <span class='ocrx_word' id='word_1_452' title='bbox 1137 5441 1295 5510; x_wconf 89' lang='lat' dir='ltr'><strong>inque</strong></span> <span class='ocrx_word' id='word_1_453' title='bbox 1326 5441 1595 5510; x_wconf 89' lang='lat' dir='ltr'><strong>proprium</strong></span> <span class='ocrx_word' id='word_1_454' title='bbox 1630 5436 1731 5494; x_wconf 91' lang='lat' dir='ltr'><strong>sibi</strong></span> <span class='ocrx_word' id='word_1_455' title='bbox 1753 5437 1976 5493; x_wconf 80' lang='lat' dir='ltr'><strong>domici-</strong></span> 
     </span>
    </p>
   </div>
   <div class='ocr_carea' id='block_1_69' title="bbox 459 5596 1977 5671">
    <p class='ocr_par' dir='ltr' id='par_1_69' title="bbox 459 5596 1977 5671">
     <span class='ocr_line' id='line_1_69' title="bbox 459 5596 1977 5671; baseline -0.001 -22"><span class='ocrx_word' id='word_1_456' title='bbox 459 5602 474 5633; x_wconf 81' lang='grc'>¹</span> <span class='ocrx_word' id='word_1_457' title='bbox 512 5599 651 5671; x_wconf 76' lang='lat' dir='ltr'><strong>Savil.</strong></span> <span class='ocrx_word' id='word_1_458' title='bbox 678 5601 725 5649; x_wconf 90' lang='lat' dir='ltr'><strong>in</strong></span> <span class='ocrx_word' id='word_1_459' title='bbox 757 5610 910 5671; x_wconf 72' lang='lat' dir='ltr'><strong>marg.</strong></span> <span class='ocrx_word' id='word_1_460' title='bbox 949 5603 1012 5668; x_wconf 73' lang='lat' dir='ltr'><strong>et</strong></span> <span class='ocrx_word' id='word_1_461' title='bbox 1048 5596 1144 5646; x_wconf 91' lang='lat' dir='ltr'><strong>duo</strong></span> <span class='ocrx_word' id='word_1_462' title='bbox 1176 5596 1700 5671; x_wconf 33' lang='grc' dir='ltr'><strong>ρᾳψνεεάμιιάυενιιιε,</strong></span> <span class='ocrx_word' id='word_1_463' title='bbox 1739 5598 1854 5671; x_wconf 62' lang='lat' dir='ltr'><strong>quia</strong></span> <span class='ocrx_word' id='word_1_464' title='bbox 1895 5610 1977 5668; x_wconf 65' lang='lat' dir='ltr'><strong>eos</strong></span> 
     </span>
    </p>
   </div>
   <div class='ocr_carea' id='block_1_70' title="bbox 392 5658 1976 5781">
    <p class='ocr_par' dir='ltr' id='par_1_70' title="bbox 392 5658 1976 5781">
     <span class='ocr_line' id='line_1_70' title="bbox 392 5658 1976 5772; baseline -0.001 -60"><span class='ocrx_word' id='word_1_465' title='bbox 392 5673 576 5772; x_wconf 45' lang='lat' dir='ltr'><strong>gina</strong></span> <span class='ocrx_word' id='word_1_466' title='bbox 605 5659 854 5712; x_wconf 67' lang='lat' dir='ltr'><strong>incretum</strong></span> <span class='ocrx_word' id='word_1_467' title='bbox 867 5658 1130 5722; x_wconf 66' lang='lat' dir='ltr'><strong>&#39;eriginms.</strong></span> <span class='ocrx_word' id='word_1_468' title='bbox 1172 5664 1227 5709; x_wconf 74' lang='lat' dir='ltr'><strong>Et</strong></span> <span class='ocrx_word' id='word_1_469' title='bbox 1249 5658 1338 5708; x_wconf 78' lang='lat' dir='ltr'><strong>hoc</strong></span> <span class='ocrx_word' id='word_1_470' title='bbox 1359 5659 1564 5722; x_wconf 67' lang='lat' dir='ltr'><strong>mus,</strong></span> <span class='ocrx_word' id='word_1_471' title='bbox 1603 5671 1697 5711; x_wconf 70' lang='lat' dir='ltr'><strong>non</strong></span> <span class='ocrx_word' id='word_1_472' title='bbox 1733 5658 1785 5709; x_wconf 74' lang='lat' dir='ltr'><strong>ut</strong></span> <span class='ocrx_word' id='word_1_473' title='bbox 1819 5660 1976 5711; x_wconf 78' lang='lat' dir='ltr'><strong>curio-</strong></span> 
     </span>
     <span class='ocr_line' id='line_1_71' title="bbox 492 5738 622 5781; baseline 0.008 -10"><span class='ocrx_word' id='word_1_474' title='bbox 492 5756 507 5781; x_wconf 94' lang='lat'><strong>,</strong></span> <span class='ocrx_word' id='word_1_475' title='bbox 577 5738 622 5772; x_wconf 91' lang='lat' dir='ltr'><strong>c.</strong></span> 
     </span>
    </p>
   </div>
   <div class='ocr_carea' id='block_1_71' title="bbox 2062 2194 3663 2264">
    <p class='ocr_par' dir='ltr' id='par_1_71' title="bbox 2062 2194 3663 2264">
     <span class='ocr_line' id='line_1_72' title="bbox 2062 2194 3663 2264; baseline 0.005 -17"><span class='ocrx_word' id='word_1_476' title='bbox 2062 2194 2189 2247; x_wconf 91' lang='lat' dir='ltr'><strong>lium</strong></span> <span class='ocrx_word' id='word_1_477' title='bbox 2221 2194 2541 2253; x_wconf 82' lang='lat' dir='ltr'><strong>reduxisset.</strong></span> <span class='ocrx_word' id='word_1_478' title='bbox 2567 2195 2768 2252; x_wconf 90' lang='lat' dir='ltr'><strong>Idcirco</strong></span> <span class='ocrx_word' id='word_1_479' title='bbox 2795 2208 2974 2252; x_wconf 92' lang='lat' dir='ltr'><strong>autem</strong></span> <span class='ocrx_word' id='word_1_480' title='bbox 3000 2196 3116 2253; x_wconf 68' lang='lat' dir='ltr'><strong>haec</strong></span> <span class='ocrx_word' id='word_1_481' title='bbox 3139 2206 3263 2253; x_wconf 90' lang='lat' dir='ltr'><strong>tunc</strong></span> <span class='ocrx_word' id='word_1_482' title='bbox 3279 2197 3557 2264; x_wconf 84' lang='lat' dir='ltr'><strong>dicebam,</strong></span> <span class='ocrx_word' id='word_1_483' title='bbox 3603 2209 3663 2255; x_wconf 75' lang='lat' dir='ltr'><strong>ut</strong></span> 
     </span>
    </p>
   </div>
   <div class='ocr_carea' id='block_1_72' title="bbox 2061 2285 3661 2358">
    <p class='ocr_par' dir='ltr' id='par_1_72' title="bbox 2061 2285 3661 2358">
     <span class='ocr_line' id='line_1_73' title="bbox 2061 2285 3661 2358; baseline 0.004 -20"><span class='ocrx_word' id='word_1_484' title='bbox 2061 2285 2362 2340; x_wconf 90' lang='lat' dir='ltr'><strong>ediscerent</strong></span> <span class='ocrx_word' id='word_1_485' title='bbox 2391 2286 2485 2351; x_wconf 90' lang='lat' dir='ltr'><strong>illi,</strong></span> <span class='ocrx_word' id='word_1_486' title='bbox 2531 2297 2787 2356; x_wconf 89' lang='lat' dir='ltr'><strong>quantum</strong></span> <span class='ocrx_word' id='word_1_487' title='bbox 2827 2287 3045 2358; x_wconf 88' lang='lat' dir='ltr'><strong>angelus</strong></span> <span class='ocrx_word' id='word_1_488' title='bbox 3076 2287 3274 2342; x_wconf 89' lang='lat' dir='ltr'><strong>homini</strong></span> <span class='ocrx_word' id='word_1_489' title='bbox 3305 2299 3554 2358; x_wconf 68' lang='lat' dir='ltr'><strong>prtestet,</strong></span> <span class='ocrx_word' id='word_1_490' title='bbox 3605 2300 3661 2344; x_wconf 89' lang='lat' dir='ltr'><strong>et</strong></span> 
     </span>
    </p>
   </div>
   <div class='ocr_carea' id='block_1_73' title="bbox 2062 2377 3657 2446">
    <p class='ocr_par' dir='ltr' id='par_1_73' title="bbox 2062 2377 3657 2446">
     <span class='ocr_line' id='line_1_74' title="bbox 2062 2377 3657 2446; baseline 0.002 -14"><span class='ocrx_word' id='word_1_491' title='bbox 2062 2392 2128 2432; x_wconf 82' lang='lat' dir='ltr'><strong>ex</strong></span> <span class='ocrx_word' id='word_1_492' title='bbox 2163 2377 2408 2434; x_wconf 81' lang='lat' dir='ltr'><strong>conservi</strong></span> <span class='ocrx_word' id='word_1_493' title='bbox 2447 2378 2802 2446; x_wconf 73' lang='lat' dir='ltr'><strong>prmcelleutia</strong></span> <span class='ocrx_word' id='word_1_494' title='bbox 2829 2379 3114 2443; x_wconf 87' lang='lat' dir='ltr'><strong>emendati,</strong></span> <span class='ocrx_word' id='word_1_495' title='bbox 3146 2389 3328 2434; x_wconf 90' lang='lat' dir='ltr'><strong>contra</strong></span> <span class='ocrx_word' id='word_1_496' title='bbox 3361 2380 3657 2436; x_wconf 89' lang='lat' dir='ltr'><strong>Dominum</strong></span> 
     </span>
    </p>
   </div>
   <div class='ocr_carea' id='block_1_74' title="bbox 2065 2466 3667 2540">
    <p class='ocr_par' dir='ltr' id='par_1_74' title="bbox 2065 2466 3667 2540">
     <span class='ocr_line' id='line_1_75' title="bbox 2065 2466 3667 2540; baseline 0.004 -20"><span class='ocrx_word' id='word_1_497' title='bbox 2065 2466 2295 2520; x_wconf 89' lang='lat' dir='ltr'><strong>insanire</strong></span> <span class='ocrx_word' id='word_1_498' title='bbox 2335 2477 2627 2521; x_wconf 86' lang='lat' dir='ltr'><strong>cessarent.</strong></span> <span class='ocrx_word' id='word_1_499' title='bbox 2669 2468 2852 2523; x_wconf 81' lang='lat' dir='ltr'><strong>Justus</strong></span> <span class='ocrx_word' id='word_1_500' title='bbox 2881 2469 2966 2524; x_wconf 93' lang='lat' dir='ltr'><strong>ille</strong></span> <span class='ocrx_word' id='word_1_501' title='bbox 2999 2469 3100 2537; x_wconf 89' lang='lat' dir='ltr'><strong>vir,</strong></span> <span class='ocrx_word' id='word_1_502' title='bbox 3127 2480 3268 2524; x_wconf 87' lang='lat' dir='ltr'><strong>tanta</strong></span> <span class='ocrx_word' id='word_1_503' title='bbox 3297 2471 3560 2540; x_wconf 69' lang='lat' dir='ltr'><strong>prmditus</strong></span> <span class='ocrx_word' id='word_1_504' title='bbox 3601 2473 3667 2526; x_wconf 85' lang='lat' dir='ltr'><strong>ﬁ-</strong></span> 
     </span>
    </p>
   </div>
   <div class='ocr_carea' id='block_1_75' title="bbox 2064 2558 3666 2632">
    <p class='ocr_par' dir='ltr' id='par_1_75' title="bbox 2064 2558 3666 2632">
     <span class='ocr_line' id='line_1_76' title="bbox 2064 2558 3666 2632; baseline 0.004 -19"><span class='ocrx_word' id='word_1_505' title='bbox 2064 2558 2240 2622; x_wconf 90' lang='lat' dir='ltr'><strong>ducia,</strong></span> <span class='ocrx_word' id='word_1_506' title='bbox 2271 2559 2445 2628; x_wconf 85' lang='lat' dir='ltr'><strong>angeli</strong></span> <span class='ocrx_word' id='word_1_507' title='bbox 2473 2571 2814 2629; x_wconf 89' lang='lat' dir='ltr'><strong>conspectum</strong></span> <span class='ocrx_word' id='word_1_508' title='bbox 2851 2577 2956 2615; x_wconf 87' lang='lat' dir='ltr'><strong>non</strong></span> <span class='ocrx_word' id='word_1_509' title='bbox 2984 2561 3120 2621; x_wconf 87' lang='lat' dir='ltr'><strong>tulit.</strong></span> <span class='ocrx_word' id='word_1_510' title='bbox 3147 2571 3202 2617; x_wconf 90' lang='lat' dir='ltr'><strong>et</strong></span> <span class='ocrx_word' id='word_1_511' title='bbox 3224 2561 3300 2626; x_wconf 87' lang='lat' dir='ltr'><strong>hi,</strong></span> <span class='ocrx_word' id='word_1_512' title='bbox 3327 2563 3417 2632; x_wconf 93' lang='lat' dir='ltr'><strong>qui</strong></span> <span class='ocrx_word' id='word_1_513' title='bbox 3450 2573 3666 2619; x_wconf 88' lang='lat' dir='ltr'><strong>tantum</strong></span> 
     </span>
    </p>
   </div>
   <div class='ocr_carea' id='block_1_76' title="bbox 2065 2649 3665 2724">
    <p class='ocr_par' dir='ltr' id='par_1_76' title="bbox 2065 2649 3665 2724">
     <span class='ocr_line' id='line_1_77' title="bbox 2065 2649 3665 2724; baseline 0.004 -22"><span class='ocrx_word' id='word_1_514' title='bbox 2065 2650 2132 2704; x_wconf 92' lang='lat' dir='ltr'><strong>ab</strong></span> <span class='ocrx_word' id='word_1_515' title='bbox 2157 2649 2297 2704; x_wconf 90' lang='lat' dir='ltr'><strong>illius</strong></span> <span class='ocrx_word' id='word_1_516' title='bbox 2323 2650 2514 2704; x_wconf 88' lang='lat' dir='ltr'><strong>virtute</strong></span> <span class='ocrx_word' id='word_1_517' title='bbox 2543 2653 2731 2705; x_wconf 90' lang='lat' dir='ltr'><strong>remoti</strong></span> <span class='ocrx_word' id='word_1_518' title='bbox 2753 2662 2894 2717; x_wconf 90' lang='lat' dir='ltr'><strong>sunt,</strong></span> <span class='ocrx_word' id='word_1_519' title='bbox 2926 2667 3032 2706; x_wconf 91' lang='lat' dir='ltr'><strong>non</strong></span> <span class='ocrx_word' id='word_1_520' title='bbox 3062 2654 3329 2724; x_wconf 78' lang='lat' dir='ltr'><strong>angelum,</strong></span> <span class='ocrx_word' id='word_1_521' title='bbox 3356 2655 3452 2708; x_wconf 93' lang='lat' dir='ltr'><strong>sed</strong></span> <span class='ocrx_word' id='word_1_522' title='bbox 3479 2655 3665 2723; x_wconf 88' lang='lat' dir='ltr'><strong>ipsum</strong></span> 
     </span>
    </p>
   </div>
   <div class='ocr_carea' id='block_1_77' title="bbox 2065 2739 3666 2810">
    <p class='ocr_par' dir='ltr' id='par_1_77' title="bbox 2065 2739 3666 2810">
     <span class='ocr_line' id='line_1_78' title="bbox 2065 2739 3666 2810; baseline 0.004 -16"><span class='ocrx_word' id='word_1_523' title='bbox 2065 2740 2370 2810; x_wconf 84' lang='lat' dir='ltr'><strong>angelorum</strong></span> <span class='ocrx_word' id='word_1_524' title='bbox 2395 2739 2678 2796; x_wconf 90' lang='lat' dir='ltr'><strong>Dominum</strong></span> <span class='ocrx_word' id='word_1_525' title='bbox 2704 2743 2911 2796; x_wconf 85' lang='lat' dir='ltr'><strong>curiose</strong></span> <span class='ocrx_word' id='word_1_526' title='bbox 2944 2752 3282 2809; x_wconf 85' lang='lat' dir='ltr'><strong>scrutantur;</strong></span> <span class='ocrx_word' id='word_1_527' title='bbox 3314 2745 3404 2799; x_wconf 88' lang='lat' dir='ltr'><strong>ille</strong></span> <span class='ocrx_word' id='word_1_528' title='bbox 3440 2745 3666 2800; x_wconf 82' lang='lat' dir='ltr'><strong>leonum</strong></span> 
     </span>
    </p>
   </div>
   <div class='ocr_carea' id='block_1_78' title="bbox 2069 2829 3664 2902">
    <p class='ocr_par' dir='ltr' id='par_1_78' title="bbox 2069 2829 3664 2902">
     <span class='ocr_line' id='line_1_79' title="bbox 2069 2829 3664 2902; baseline 0.004 -20"><span class='ocrx_word' id='word_1_529' title='bbox 2069 2829 2392 2884; x_wconf 89' lang='lat' dir='ltr'><strong>ferocitatem</strong></span> <span class='ocrx_word' id='word_1_530' title='bbox 2433 2831 2688 2897; x_wconf 86' lang='lat' dir='ltr'><strong>edomuit,</strong></span> <span class='ocrx_word' id='word_1_531' title='bbox 2742 2846 2838 2885; x_wconf 91' lang='lat' dir='ltr'><strong>nos</strong></span> <span class='ocrx_word' id='word_1_532' title='bbox 2865 2846 2932 2886; x_wconf 91' lang='lat' dir='ltr'><strong>ne</strong></span> <span class='ocrx_word' id='word_1_533' title='bbox 2975 2833 3160 2901; x_wconf 88' lang='lat' dir='ltr'><strong>vulpes</strong></span> <span class='ocrx_word' id='word_1_534' title='bbox 3187 2832 3398 2902; x_wconf 88' lang='lat' dir='ltr'><strong>quidem</strong></span> <span class='ocrx_word' id='word_1_535' title='bbox 3442 2834 3664 2888; x_wconf 83' lang='lat' dir='ltr'><strong>vincere</strong></span> 
     </span>
    </p>
   </div>
   <div class='ocr_carea' id='block_1_79' title="bbox 2069 2921 3664 2996">
    <p class='ocr_par' dir='ltr' id='par_1_79' title="bbox 2069 2921 3664 2996">
     <span class='ocr_line' id='line_1_80' title="bbox 2069 2921 3664 2996; baseline 0.004 -21"><span class='ocrx_word' id='word_1_536' title='bbox 2069 2937 2384 2992; x_wconf 88' lang='lat' dir='ltr'><strong>possumus;</strong></span> <span class='ocrx_word' id='word_1_537' title='bbox 2433 2921 2519 2976; x_wconf 93' lang='lat' dir='ltr'><strong>ille</strong></span> <span class='ocrx_word' id='word_1_538' title='bbox 2560 2922 2844 2977; x_wconf 89' lang='lat' dir='ltr'><strong>draconem</strong></span> <span class='ocrx_word' id='word_1_539' title='bbox 2875 2923 3106 2978; x_wconf 89' lang='lat' dir='ltr'><strong>medium</strong></span> <span class='ocrx_word' id='word_1_540' title='bbox 3137 2923 3380 2994; x_wconf 89' lang='lat' dir='ltr'><strong>disrupit,</strong></span> <span class='ocrx_word' id='word_1_541' title='bbox 3421 2924 3664 2996; x_wconf 60' lang='lat' dir='ltr'><strong>fertque</strong></span> 
     </span>
    </p>
   </div>
   <div class='ocr_carea' id='block_1_80' title="bbox 2071 3013 3663 3080">
    <p class='ocr_par' dir='ltr' id='par_1_80' title="bbox 2071 3013 3663 3080">
     <span class='ocr_line' id='line_1_81' title="bbox 2071 3013 3663 3080; baseline 0.002 -14"><span class='ocrx_word' id='word_1_542' title='bbox 2071 3020 2309 3066; x_wconf 74' lang='lat' dir='ltr'><strong>naturam</strong></span> <span class='ocrx_word' id='word_1_543' title='bbox 2355 3014 2624 3080; x_wconf 89' lang='lat' dir='ltr'><strong>superavit</strong></span> <span class='ocrx_word' id='word_1_544' title='bbox 2661 3027 2754 3066; x_wconf 91' lang='lat' dir='ltr'><strong>sua</strong></span> <span class='ocrx_word' id='word_1_545' title='bbox 2800 3013 2850 3066; x_wconf 93' lang='lat' dir='ltr'><strong>in</strong></span> <span class='ocrx_word' id='word_1_546' title='bbox 2897 3013 3061 3067; x_wconf 91' lang='lat' dir='ltr'><strong>Deum</strong></span> <span class='ocrx_word' id='word_1_547' title='bbox 3107 3013 3292 3068; x_wconf 89' lang='lat' dir='ltr'><strong>ﬁducia</strong></span> <span class='ocrx_word' id='word_1_548' title='bbox 3333 3015 3517 3080; x_wconf 91' lang='lat' dir='ltr'><strong>fultus,</strong></span> <span class='ocrx_word' id='word_1_549' title='bbox 3561 3031 3663 3079; x_wconf 80' lang='lat' dir='ltr'><strong>nos</strong></span> 
     </span>
    </p>
   </div>
   <div class='ocr_carea' id='block_1_81' title="bbox 2071 3105 3660 3179">
    <p class='ocr_par' dir='ltr' id='par_1_81' title="bbox 2071 3105 3660 3179">
     <span class='ocr_line' id='line_1_82' title="bbox 2071 3105 3660 3179; baseline 0.003 -21"><span class='ocrx_word' id='word_1_550' title='bbox 2071 3105 2422 3159; x_wconf 84' lang='lat' dir='ltr'><strong>minutissima</strong></span> <span class='ocrx_word' id='word_1_551' title='bbox 2465 3120 2676 3175; x_wconf 89' lang='lat' dir='ltr'><strong>quoque</strong></span> <span class='ocrx_word' id='word_1_552' title='bbox 2705 3105 2909 3174; x_wconf 88' lang='lat' dir='ltr'><strong>reptilia</strong></span> <span class='ocrx_word' id='word_1_553' title='bbox 2945 3105 3322 3168; x_wconf 78' lang='lat' dir='ltr'><strong>formidamus;</strong></span> <span class='ocrx_word' id='word_1_554' title='bbox 3355 3106 3444 3161; x_wconf 90' lang='lat' dir='ltr'><strong>ille</strong></span> <span class='ocrx_word' id='word_1_555' title='bbox 3473 3123 3660 3179; x_wconf 81' lang='lat' dir='ltr'><strong>regem</strong></span> 
     </span>
    </p>
   </div>
   <div class='ocr_carea' id='block_1_82' title="bbox 2072 3194 3665 3265">
    <p class='ocr_par' dir='ltr' id='par_1_82' title="bbox 2072 3194 3665 3265">
     <span class='ocr_line' id='line_1_83' title="bbox 2072 3194 3665 3265; baseline 0.004 -18"><span class='ocrx_word' id='word_1_556' title='bbox 2072 3194 2239 3249; x_wconf 85' lang='lat' dir='ltr'><strong>instar</strong></span> <span class='ocrx_word' id='word_1_557' title='bbox 2281 3194 2448 3248; x_wconf 90' lang='lat' dir='ltr'><strong>leonis</strong></span> <span class='ocrx_word' id='word_1_558' title='bbox 2495 3195 2776 3261; x_wconf 89' lang='lat' dir='ltr'><strong>furentem,</strong></span> <span class='ocrx_word' id='word_1_559' title='bbox 2827 3195 3064 3265; x_wconf 89' lang='lat' dir='ltr'><strong>iramque</strong></span> <span class='ocrx_word' id='word_1_560' title='bbox 3119 3194 3665 3253; x_wconf 83' lang='lat' dir='ltr'><strong>Nabuchodonosoris</strong></span> 
     </span>
    </p>
   </div>
   <div class='ocr_carea' id='block_1_83' title="bbox 2071 3283 3665 3342">
    <p class='ocr_par' dir='ltr' id='par_1_83' title="bbox 2071 3283 3665 3342">
     <span class='ocr_line' id='line_1_84' title="bbox 2071 3283 3665 3342; baseline 0.002 -4"><span class='ocrx_word' id='word_1_561' title='bbox 2071 3284 2216 3338; x_wconf 83' lang='lat' dir='ltr'><strong>omni</strong></span> <span class='ocrx_word' id='word_1_562' title='bbox 2265 3283 2477 3338; x_wconf 85' lang='lat' dir='ltr'><strong>ﬂamma</strong></span> <span class='ocrx_word' id='word_1_563' title='bbox 2509 3283 2962 3339; x_wconf 86' lang='lat' dir='ltr'><strong>vehementiorem</strong></span> <span class='ocrx_word' id='word_1_564' title='bbox 3005 3285 3057 3339; x_wconf 92' lang='lat' dir='ltr'><strong>in</strong></span> <span class='ocrx_word' id='word_1_565' title='bbox 3100 3285 3351 3340; x_wconf 89' lang='lat' dir='ltr'><strong>barbaros</strong></span> <span class='ocrx_word' id='word_1_566' title='bbox 3388 3287 3665 3342; x_wconf 75' lang='lat' dir='ltr'><strong>exercitus</strong></span> 
     </span>
    </p>
   </div>
   <div class='ocr_carea' id='block_1_84' title="bbox 2073 3373 3662 3446">
    <p class='ocr_par' dir='ltr' id='par_1_84' title="bbox 2073 3373 3662 3446">
     <span class='ocr_line' id='line_1_85' title="bbox 2073 3373 3662 3446; baseline 0.004 -19"><span class='ocrx_word' id='word_1_567' title='bbox 2073 3383 2312 3428; x_wconf 88' lang='lat' dir='ltr'><strong>ruentem</strong></span> <span class='ocrx_word' id='word_1_568' title='bbox 2338 3415 2352 3439; x_wconf 91' lang='lat'><strong>,</strong></span> <span class='ocrx_word' id='word_1_569' title='bbox 2406 3373 2664 3428; x_wconf 86' lang='lat' dir='ltr'><strong>accedens</strong></span> <span class='ocrx_word' id='word_1_570' title='bbox 2716 3376 3047 3446; x_wconf 89' lang='lat' dir='ltr'><strong>compressit,</strong></span> <span class='ocrx_word' id='word_1_571' title='bbox 3103 3385 3157 3431; x_wconf 90' lang='lat' dir='ltr'><strong>et</strong></span> <span class='ocrx_word' id='word_1_572' title='bbox 3206 3377 3439 3432; x_wconf 90' lang='lat' dir='ltr'><strong>tenebris</strong></span> <span class='ocrx_word' id='word_1_573' title='bbox 3485 3377 3662 3434; x_wconf 80' lang='lat' dir='ltr'><strong>oll&#39;usa</strong></span> 
     </span>
    </p>
   </div>
   <div class='ocr_carea' id='block_1_85' title="bbox 2073 3464 2576 3519">
    <p class='ocr_par' dir='ltr' id='par_1_85' title="bbox 2073 3464 2576 3519">
     <span class='ocr_line' id='line_1_86' title="bbox 2073 3464 2576 3519; baseline 0.006 -3"><span class='ocrx_word' id='word_1_574' title='bbox 2073 3464 2248 3519; x_wconf 88' lang='lat' dir='ltr'><strong>omnia</strong></span> <span class='ocrx_word' id='word_1_575' title='bbox 2278 3465 2576 3519; x_wconf 89' lang='lat' dir='ltr'><strong>illustravit.</strong></span> 
     </span>
    </p>
   </div>
   <div class='ocr_carea' id='block_1_86' title="bbox 2147 3555 3662 3630">
    <p class='ocr_par' dir='ltr' id='par_1_86' title="bbox 2147 3555 3662 3630">
     <span class='ocr_line' id='line_1_87' title="bbox 2147 3555 3662 3630; baseline 0.008 -22"><span class='ocrx_word' id='word_1_576' title='bbox 2147 3555 2311 3608; x_wconf 79' lang='lat' dir='ltr'><strong>Multa</strong></span> <span class='ocrx_word' id='word_1_577' title='bbox 2342 3558 2638 3626; x_wconf 65' lang='lat' dir='ltr'><strong>pracedenti</strong></span> <span class='ocrx_word' id='word_1_578' title='bbox 2666 3558 2902 3613; x_wconf 77' lang='lat' dir='ltr'><strong>concione</strong></span> <span class='ocrx_word' id='word_1_579' title='bbox 2929 3559 3062 3612; x_wconf 81' lang='lat' dir='ltr'><strong>dicta</strong></span> <span class='ocrx_word' id='word_1_580' title='bbox 3086 3560 3280 3630; x_wconf 78' lang='lat' dir='ltr'><strong>repetit.</strong></span> <span class='ocrx_word' id='word_1_581' title='bbox 3303 3591 3372 3601; x_wconf 95' lang='lat'>—</span> <span class='ocrx_word' id='word_1_582' title='bbox 3403 3563 3662 3620; x_wconf 80' lang='lat' dir='ltr'><strong>Attamen</strong></span> 
     </span>
    </p>
   </div>
   <div class='ocr_carea' id='block_1_87' title="bbox 2075 3645 3661 3721">
    <p class='ocr_par' dir='ltr' id='par_1_87' title="bbox 2075 3645 3661 3721">
     <span class='ocr_line' id='line_1_88' title="bbox 2075 3645 3661 3721; baseline 0.008 -23"><span class='ocrx_word' id='word_1_583' title='bbox 2075 3645 2160 3700; x_wconf 93' lang='lat' dir='ltr'><strong>hic</strong></span> <span class='ocrx_word' id='word_1_584' title='bbox 2185 3647 2272 3715; x_wconf 91' lang='lat' dir='ltr'><strong>qui</strong></span> <span class='ocrx_word' id='word_1_585' title='bbox 2303 3646 2473 3701; x_wconf 92' lang='lat' dir='ltr'><strong>lucem</strong></span> <span class='ocrx_word' id='word_1_586' title='bbox 2504 3648 2754 3703; x_wconf 87' lang='lat' dir='ltr'><strong>attulerat</strong></span> <span class='ocrx_word' id='word_1_587' title='bbox 2789 3649 3035 3718; x_wconf 87' lang='lat' dir='ltr'><strong>angelum</strong></span> <span class='ocrx_word' id='word_1_588' title='bbox 3070 3651 3371 3705; x_wconf 85' lang='lat' dir='ltr'><strong>venientem</strong></span> <span class='ocrx_word' id='word_1_589' title='bbox 3415 3652 3661 3721; x_wconf 86' lang='lat' dir='ltr'><strong>intuitus,</strong></span> 
     </span>
    </p>
   </div>
   <div class='ocr_carea' id='block_1_88' title="bbox 2073 3738 3661 3812">
    <p class='ocr_par' dir='ltr' id='par_1_88' title="bbox 2073 3738 3661 3812">
     <span class='ocr_line' id='line_1_89' title="bbox 2073 3738 3661 3812; baseline 0.006 -21"><span class='ocrx_word' id='word_1_590' title='bbox 2073 3738 2295 3807; x_wconf 86' lang='lat' dir='ltr'><strong>caligine</strong></span> <span class='ocrx_word' id='word_1_591' title='bbox 2320 3739 2463 3807; x_wconf 85' lang='lat' dir='ltr'><strong>gravi</strong></span> <span class='ocrx_word' id='word_1_592' title='bbox 2494 3741 2815 3808; x_wconf 88' lang='lat' dir='ltr'><strong>interceptus</strong></span> <span class='ocrx_word' id='word_1_593' title='bbox 2839 3750 2936 3795; x_wconf 90' lang='lat' dir='ltr'><strong>est.</strong></span> <span class='ocrx_word' id='word_1_594' title='bbox 2963 3741 3129 3809; x_wconf 85' lang='lat' dir='ltr'><strong>Quam</strong></span> <span class='ocrx_word' id='word_1_595' title='bbox 3174 3742 3331 3812; x_wconf 90' lang='lat' dir='ltr'><strong>igitur</strong></span> <span class='ocrx_word' id='word_1_596' title='bbox 3353 3748 3661 3802; x_wconf 75' lang='lat' dir='ltr'><strong>excusatio-</strong></span> 
     </span>
    </p>
   </div>
   <div class='ocr_carea' id='block_1_89' title="bbox 2076 3829 3664 3902">
    <p class='ocr_par' dir='ltr' id='par_1_89' title="bbox 2076 3829 3664 3902">
     <span class='ocr_line' id='line_1_90' title="bbox 2076 3829 3664 3902; baseline 0.007 -20"><span class='ocrx_word' id='word_1_597' title='bbox 2076 3842 2196 3883; x_wconf 88' lang='lat' dir='ltr'><strong>nem</strong></span> <span class='ocrx_word' id='word_1_598' title='bbox 2226 3829 2449 3884; x_wconf 84' lang='lat' dir='ltr'><strong>all&#39;erent</strong></span> <span class='ocrx_word' id='word_1_599' title='bbox 2487 3831 2545 3896; x_wconf 92' lang='lat' dir='ltr'><strong>ii,</strong></span> <span class='ocrx_word' id='word_1_600' title='bbox 2579 3832 2668 3901; x_wconf 88' lang='lat' dir='ltr'><strong>qui</strong></span> <span class='ocrx_word' id='word_1_601' title='bbox 2695 3832 2899 3886; x_wconf 86' lang='lat' dir='ltr'><strong>beatam</strong></span> <span class='ocrx_word' id='word_1_602' title='bbox 2929 3833 3070 3887; x_wconf 89' lang='lat' dir='ltr'><strong>illam</strong></span> <span class='ocrx_word' id='word_1_603' title='bbox 3105 3835 3428 3902; x_wconf 85' lang='lat' dir='ltr'><strong>perlustrare</strong></span> <span class='ocrx_word' id='word_1_604' title='bbox 3451 3841 3466 3869; x_wconf 78' lang='grc'>³</span> <span class='ocrx_word' id='word_1_605' title='bbox 3507 3850 3664 3894; x_wconf 86' lang='lat' dir='ltr'><strong>natu-</strong></span> 
     </span>
    </p>
   </div>
   <div class='ocr_carea' id='block_1_90' title="bbox 2073 3921 3664 3996">
    <p class='ocr_par' dir='ltr' id='par_1_90' title="bbox 2073 3921 3664 3996">
     <span class='ocr_line' id='line_1_91' title="bbox 2073 3921 3664 3996; baseline 0.006 -22"><span class='ocrx_word' id='word_1_606' title='bbox 2073 3934 2190 3974; x_wconf 88' lang='lat' dir='ltr'><strong>ram</strong></span> <span class='ocrx_word' id='word_1_607' title='bbox 2241 3922 2536 3974; x_wconf 88' lang='lat' dir='ltr'><strong>conantur?</strong></span> <span class='ocrx_word' id='word_1_608' title='bbox 2583 3921 2690 3976; x_wconf 85' lang='lat' dir='ltr'><strong>Nos</strong></span> <span class='ocrx_word' id='word_1_609' title='bbox 2730 3938 2858 3977; x_wconf 89' lang='lat' dir='ltr'><strong>vero</strong></span> <span class='ocrx_word' id='word_1_610' title='bbox 2917 3939 3021 3978; x_wconf 91' lang='lat' dir='ltr'><strong>non</strong></span> <span class='ocrx_word' id='word_1_611' title='bbox 3069 3922 3157 3979; x_wconf 85' lang='lat' dir='ltr'><strong>hic</strong></span> <span class='ocrx_word' id='word_1_612' title='bbox 3205 3927 3361 3978; x_wconf 89' lang='lat' dir='ltr'><strong>finem</strong></span> <span class='ocrx_word' id='word_1_613' title='bbox 3407 3927 3664 3996; x_wconf 87' lang='lat' dir='ltr'><strong>loquendi</strong></span> 
     </span>
    </p>
   </div>
   <div class='ocr_carea' id='block_1_91' title="bbox 2076 4006 3663 4084">
    <p class='ocr_par' dir='ltr' id='par_1_91' title="bbox 2076 4006 3663 4084">
     <span class='ocr_line' id='line_1_92' title="bbox 2076 4006 3663 4084; baseline 0.007 -20"><span class='ocrx_word' id='word_1_614' title='bbox 2076 4006 2328 4077; x_wconf 87' lang='lat' dir='ltr'><strong>fecimus,</strong></span> <span class='ocrx_word' id='word_1_615' title='bbox 2381 4013 2474 4068; x_wconf 91' lang='lat' dir='ltr'><strong>sed</strong></span> <span class='ocrx_word' id='word_1_616' title='bbox 2521 4013 2588 4068; x_wconf 89' lang='lat' dir='ltr'><strong>ad</strong></span> <span class='ocrx_word' id='word_1_617' title='bbox 2631 4014 2895 4084; x_wconf 78' lang='lat' dir='ltr'><strong>sapientes</strong></span> <span class='ocrx_word' id='word_1_618' title='bbox 2942 4015 3059 4070; x_wconf 78' lang='lat' dir='ltr'><strong>illas</strong></span> <span class='ocrx_word' id='word_1_619' title='bbox 3103 4016 3325 4073; x_wconf 90' lang='lat' dir='ltr'><strong>virtutes</strong></span> <span class='ocrx_word' id='word_1_620' title='bbox 3361 4021 3663 4076; x_wconf 88' lang='lat' dir='ltr'><strong>orationem</strong></span> 
     </span>
    </p>
   </div>
   <div class='ocr_carea' id='block_1_92' title="bbox 2078 4105 3662 4177">
    <p class='ocr_par' dir='ltr' id='par_1_92' title="bbox 2078 4105 3662 4177">
     <span class='ocr_line' id='line_1_93' title="bbox 2078 4105 3662 4177; baseline 0.006 -20"><span class='ocrx_word' id='word_1_621' title='bbox 2078 4106 2460 4172; x_wconf 90' lang='lat' dir='ltr'><strong>transtulimus,</strong></span> <span class='ocrx_word' id='word_1_622' title='bbox 2524 4105 2707 4161; x_wconf 89' lang='lat' dir='ltr'><strong>oculos</strong></span> <span class='ocrx_word' id='word_1_623' title='bbox 2761 4122 2943 4161; x_wconf 88' lang='lat' dir='ltr'><strong>earum</strong></span> <span class='ocrx_word' id='word_1_624' title='bbox 3015 4124 3235 4164; x_wconf 86' lang='lat' dir='ltr'><strong>aversos</strong></span> <span class='ocrx_word' id='word_1_625' title='bbox 3299 4111 3662 4177; x_wconf 86' lang='lat' dir='ltr'><strong>ostendimus,</strong></span> 
     </span>
    </p>
   </div>
   <div class='ocr_carea' id='block_1_93' title="bbox 2075 4195 3661 4269">
    <p class='ocr_par' dir='ltr' id='par_1_93' title="bbox 2075 4195 3661 4269">
     <span class='ocr_line' id='line_1_94' title="bbox 2075 4195 3661 4269; baseline 0.005 -21"><span class='ocrx_word' id='word_1_626' title='bbox 2075 4195 2324 4249; x_wconf 89' lang='lat' dir='ltr'><strong>obtensas</strong></span> <span class='ocrx_word' id='word_1_627' title='bbox 2345 4195 2475 4259; x_wconf 89' lang='lat' dir='ltr'><strong>alas,</strong></span> <span class='ocrx_word' id='word_1_628' title='bbox 2503 4205 2682 4251; x_wconf 87' lang='lat' dir='ltr'><strong>erecta</strong></span> <span class='ocrx_word' id='word_1_629' title='bbox 2701 4211 2876 4261; x_wconf 89' lang='lat' dir='ltr'><strong>crura,</strong></span> <span class='ocrx_word' id='word_1_630' title='bbox 2919 4197 3205 4253; x_wconf 89' lang='lat' dir='ltr'><strong>clamorem</strong></span> <span class='ocrx_word' id='word_1_631' title='bbox 3235 4210 3577 4269; x_wconf 87' lang='lat' dir='ltr'><strong>perpetuum,</strong></span> <span class='ocrx_word' id='word_1_632' title='bbox 3609 4214 3661 4257; x_wconf 89' lang='lat' dir='ltr'><strong>et</strong></span> 
     </span>
    </p>
   </div>
   <div class='ocr_carea' id='block_1_94' title="bbox 2074 4284 3660 4358">
    <p class='ocr_par' dir='ltr' id='par_1_94' title="bbox 2074 4284 3660 4358">
     <span class='ocr_line' id='line_1_95' title="bbox 2074 4284 3660 4358; baseline 0.003 -20"><span class='ocrx_word' id='word_1_633' title='bbox 2074 4285 2341 4354; x_wconf 88' lang='lat' dir='ltr'><strong>quomodo</strong></span> <span class='ocrx_word' id='word_1_634' title='bbox 2369 4285 2470 4339; x_wconf 67' lang='lat' dir='ltr'><strong>illa:</strong></span> <span class='ocrx_word' id='word_1_635' title='bbox 2499 4285 2826 4356; x_wconf 72' lang='lat' dir='ltr'><strong>incorporea:</strong></span> <span class='ocrx_word' id='word_1_636' title='bbox 2847 4284 3075 4342; x_wconf 88' lang='lat' dir='ltr'><strong>virtutes</strong></span> <span class='ocrx_word' id='word_1_637' title='bbox 3097 4296 3320 4358; x_wconf 89' lang='lat' dir='ltr'><strong>stupore</strong></span> <span class='ocrx_word' id='word_1_638' title='bbox 3340 4299 3392 4343; x_wconf 91' lang='lat' dir='ltr'><strong>et</strong></span> <span class='ocrx_word' id='word_1_639' title='bbox 3418 4292 3660 4345; x_wconf 80' lang='lat' dir='ltr'><strong>admira-</strong></span> 
     </span>
    </p>
   </div>
   <div class='ocr_carea' id='block_1_95' title="bbox 2079 4378 3662 4449">
    <p class='ocr_par' dir='ltr' id='par_1_95' title="bbox 2079 4378 3662 4449">
     <span class='ocr_line' id='line_1_96' title="bbox 2079 4378 3662 4449; baseline 0.003 -18"><span class='ocrx_word' id='word_1_640' title='bbox 2079 4378 2220 4433; x_wconf 90' lang='lat' dir='ltr'><strong>tione</strong></span> <span class='ocrx_word' id='word_1_641' title='bbox 2251 4378 2389 4448; x_wconf 89' lang='lat' dir='ltr'><strong>capti</strong></span> <span class='ocrx_word' id='word_1_642' title='bbox 2422 4378 2582 4432; x_wconf 92' lang='lat' dir='ltr'><strong>animi</strong></span> <span class='ocrx_word' id='word_1_643' title='bbox 2614 4378 2760 4448; x_wconf 89' lang='lat' dir='ltr'><strong>signa</strong></span> <span class='ocrx_word' id='word_1_644' title='bbox 2795 4379 3063 4446; x_wconf 66' lang='lat' dir='ltr'><strong>praebeant</strong></span> <span class='ocrx_word' id='word_1_645' title='bbox 3106 4397 3120 4434; x_wconf 89' lang='lat'><strong>:</strong></span> <span class='ocrx_word' id='word_1_646' title='bbox 3169 4390 3366 4449; x_wconf 89' lang='lat' dir='ltr'><strong>quanto</strong></span> <span class='ocrx_word' id='word_1_647' title='bbox 3393 4383 3542 4435; x_wconf 87' lang='lat' dir='ltr'><strong>enim</strong></span> <span class='ocrx_word' id='word_1_648' title='bbox 3572 4398 3662 4437; x_wconf 80' lang='lat' dir='ltr'><strong>sa-</strong></span> 
     </span>
    </p>
   </div>
   <div class='ocr_carea' id='block_1_96' title="bbox 2077 4469 3665 4541">
    <p class='ocr_par' dir='ltr' id='par_1_96' title="bbox 2077 4469 3665 4541">
     <span class='ocr_line' id='line_1_97' title="bbox 2077 4469 3665 4541; baseline 0.006 -19"><span class='ocrx_word' id='word_1_649' title='bbox 2077 4469 2384 4538; x_wconf 88' lang='lat' dir='ltr'><strong>pientiores,</strong></span> <span class='ocrx_word' id='word_1_650' title='bbox 2419 4477 2617 4540; x_wconf 87' lang='lat' dir='ltr'><strong>quanto</strong></span> <span class='ocrx_word' id='word_1_651' title='bbox 2647 4469 2798 4524; x_wconf 89' lang='lat' dir='ltr'><strong>nobis</strong></span> <span class='ocrx_word' id='word_1_652' title='bbox 2835 4471 3237 4541; x_wconf 84' lang='lat' dir='ltr'><strong>propinquiores</strong></span> <span class='ocrx_word' id='word_1_653' title='bbox 3259 4483 3379 4527; x_wconf 92' lang='lat' dir='ltr'><strong>sunt</strong></span> <span class='ocrx_word' id='word_1_654' title='bbox 3405 4473 3665 4532; x_wconf 69' lang='lat' dir='ltr'><strong>inell‘abili</strong></span> 
     </span>
    </p>
   </div>
   <div class='ocr_carea' id='block_1_97' title="bbox 2077 4559 3664 4632">
    <p class='ocr_par' dir='ltr' id='par_1_97' title="bbox 2077 4559 3664 4632">
     <span class='ocr_line' id='line_1_98' title="bbox 2077 4559 3664 4632; baseline 0.006 -20"><span class='ocrx_word' id='word_1_655' title='bbox 2077 4559 2152 4612; x_wconf 91' lang='lat' dir='ltr'><strong>illi</strong></span> <span class='ocrx_word' id='word_1_656' title='bbox 2174 4559 2446 4630; x_wconf 68' lang='lat' dir='ltr'><strong>beataeque</strong></span> <span class='ocrx_word' id='word_1_657' title='bbox 2465 4559 2794 4622; x_wconf 72' lang='lat' dir='ltr'><strong>substantiae,</strong></span> <span class='ocrx_word' id='word_1_658' title='bbox 2838 4568 2982 4614; x_wconf 87' lang='lat' dir='ltr'><strong>tanto</strong></span> <span class='ocrx_word' id='word_1_659' title='bbox 3011 4562 3179 4630; x_wconf 88' lang='lat' dir='ltr'><strong>magis</strong></span> <span class='ocrx_word' id='word_1_660' title='bbox 3199 4563 3664 4632; x_wconf 84' lang='lat' dir='ltr'><strong>incomprehensi-</strong></span> 
     </span>
    </p>
   </div>
   <div class='ocr_carea' id='block_1_98' title="bbox 2076 4647 3666 4725">
    <p class='ocr_par' dir='ltr' id='par_1_98' title="bbox 2076 4647 3666 4725">
     <span class='ocr_line' id='line_1_99' title="bbox 2076 4647 3666 4725; baseline 0.004 -22"><span class='ocrx_word' id='word_1_661' title='bbox 2076 4647 2332 4704; x_wconf 90' lang='lat' dir='ltr'><strong>bilitatem</strong></span> <span class='ocrx_word' id='word_1_662' title='bbox 2362 4659 2557 4704; x_wconf 89' lang='lat' dir='ltr'><strong>norunt</strong></span> <span class='ocrx_word' id='word_1_663' title='bbox 2583 4667 2595 4702; x_wconf 89' lang='lat'>:</span> <span class='ocrx_word' id='word_1_664' title='bbox 2621 4649 2924 4719; x_wconf 87' lang='lat' dir='ltr'><strong>magnitudo</strong></span> <span class='ocrx_word' id='word_1_665' title='bbox 2939 4651 3134 4720; x_wconf 89' lang='lat' dir='ltr'><strong>quippe</strong></span> <span class='ocrx_word' id='word_1_666' title='bbox 3159 4652 3431 4721; x_wconf 71' lang='lat' dir='ltr'><strong>sapientia:</strong></span> <span class='ocrx_word' id='word_1_667' title='bbox 3457 4657 3666 4725; x_wconf 80' lang='lat' dir='ltr'><strong>magni-</strong></span> 
     </span>
    </p>
   </div>
   <div class='ocr_carea' id='block_1_99' title="bbox 2078 4737 3661 4812">
    <p class='ocr_par' dir='ltr' id='par_1_99' title="bbox 2078 4737 3661 4812">
     <span class='ocr_line' id='line_1_100' title="bbox 2078 4737 3661 4812; baseline 0.006 -20"><span class='ocrx_word' id='word_1_668' title='bbox 2078 4737 2313 4793; x_wconf 89' lang='lat' dir='ltr'><strong>tudinem</strong></span> <span class='ocrx_word' id='word_1_669' title='bbox 2345 4738 2554 4809; x_wconf 88' lang='lat' dir='ltr'><strong>pietalis</strong></span> <span class='ocrx_word' id='word_1_670' title='bbox 2597 4741 2778 4794; x_wconf 82' lang='lat' dir='ltr'><strong>efficit.</strong></span> <span class='ocrx_word' id='word_1_671' title='bbox 2824 4740 3059 4794; x_wconf 78' lang='lat' dir='ltr'><strong>Diximus</strong></span> <span class='ocrx_word' id='word_1_672' title='bbox 3087 4743 3238 4796; x_wconf 89' lang='lat' dir='ltr'><strong>vobis</strong></span> <span class='ocrx_word' id='word_1_673' title='bbox 3263 4743 3386 4812; x_wconf 91' lang='lat' dir='ltr'><strong>quid</strong></span> <span class='ocrx_word' id='word_1_674' title='bbox 3412 4745 3661 4801; x_wconf 83' lang='lat' dir='ltr'><strong>inacces-</strong></span> 
     </span>
    </p>
   </div>
   <div class='ocr_carea' id='block_1_100' title="bbox 2077 4829 3662 4904">
    <p class='ocr_par' dir='ltr' id='par_1_100' title="bbox 2077 4829 3662 4904">
     <span class='ocr_line' id='line_1_101' title="bbox 2077 4829 3662 4904; baseline 0.004 -21"><span class='ocrx_word' id='word_1_675' title='bbox 2077 4829 2229 4884; x_wconf 88' lang='lat' dir='ltr'><strong>sibile</strong></span> <span class='ocrx_word' id='word_1_676' title='bbox 2255 4831 2342 4896; x_wconf 87' lang='lat' dir='ltr'><strong>sit,</strong></span> <span class='ocrx_word' id='word_1_677' title='bbox 2369 4841 2422 4884; x_wconf 91' lang='lat' dir='ltr'><strong>et</strong></span> <span class='ocrx_word' id='word_1_678' title='bbox 2446 4829 2587 4898; x_wconf 93' lang='lat' dir='ltr'><strong>quod</strong></span> <span class='ocrx_word' id='word_1_679' title='bbox 2615 4830 2741 4884; x_wconf 93' lang='lat' dir='ltr'><strong>illud</strong></span> <span class='ocrx_word' id='word_1_680' title='bbox 2771 4830 2934 4883; x_wconf 87' lang='lat' dir='ltr'><strong>multo</strong></span> <span class='ocrx_word' id='word_1_681' title='bbox 2960 4831 3127 4900; x_wconf 89' lang='lat' dir='ltr'><strong>majus</strong></span> <span class='ocrx_word' id='word_1_682' title='bbox 3151 4833 3220 4886; x_wconf 90' lang='lat' dir='ltr'><strong>sit</strong></span> <span class='ocrx_word' id='word_1_683' title='bbox 3248 4833 3662 4904; x_wconf 85' lang='lat' dir='ltr'><strong>incomprehen-</strong></span> 
     </span>
    </p>
   </div>
   <div class='ocr_carea' id='block_1_101' title="bbox 2078 4921 3661 4995">
    <p class='ocr_par' dir='ltr' id='par_1_101' title="bbox 2078 4921 3661 4995">
     <span class='ocr_line' id='line_1_102' title="bbox 2078 4921 3661 4995; baseline 0.006 -21"><span class='ocrx_word' id='word_1_684' title='bbox 2078 4921 2215 4975; x_wconf 90' lang='lat' dir='ltr'><strong>sibili</strong></span> <span class='ocrx_word' id='word_1_685' title='bbox 2266 4938 2279 4974; x_wconf 89' lang='lat'><strong>:</strong></span> <span class='ocrx_word' id='word_1_686' title='bbox 2328 4921 2480 4991; x_wconf 88' lang='lat' dir='ltr'><strong>cujus</strong></span> <span class='ocrx_word' id='word_1_687' title='bbox 2536 4921 2612 4976; x_wconf 91' lang='lat' dir='ltr'><strong>rei</strong></span> <span class='ocrx_word' id='word_1_688' title='bbox 2668 4937 2879 4977; x_wconf 82' lang='lat' dir='ltr'><strong>causam</strong></span> <span class='ocrx_word' id='word_1_689' title='bbox 2927 4923 3237 4991; x_wconf 88' lang='lat' dir='ltr'><strong>adjecimus,</strong></span> <span class='ocrx_word' id='word_1_690' title='bbox 3285 4927 3406 4995; x_wconf 91' lang='lat' dir='ltr'><strong>quia</strong></span> <span class='ocrx_word' id='word_1_691' title='bbox 3458 4928 3661 4984; x_wconf 83' lang='lat' dir='ltr'><strong>scilicet</strong></span> 
     </span>
    </p>
   </div>
   <div class='ocr_carea' id='block_1_102' title="bbox 2077 5013 3663 5089">
    <p class='ocr_par' dir='ltr' id='par_1_102' title="bbox 2077 5013 3663 5089">
     <span class='ocr_line' id='line_1_103' title="bbox 2077 5013 3663 5089; baseline 0.005 -22"><span class='ocrx_word' id='word_1_692' title='bbox 2077 5013 2612 5084; x_wconf 88' lang='lat' dir='ltr'><strong>incomprehensibile</strong></span> <span class='ocrx_word' id='word_1_693' title='bbox 2670 5025 2791 5086; x_wconf 91' lang='lat' dir='ltr'><strong>post</strong></span> <span class='ocrx_word' id='word_1_694' title='bbox 2835 5032 3058 5072; x_wconf 85' lang='lat' dir='ltr'><strong>examen</strong></span> <span class='ocrx_word' id='word_1_695' title='bbox 3124 5019 3663 5089; x_wconf 85' lang='lat' dir='ltr'><strong>iucomprehensibile</strong></span> 
     </span>
    </p>
   </div>
   <div class='ocr_carea' id='block_1_103' title="bbox 2077 5104 3662 5175">
    <p class='ocr_par' dir='ltr' id='par_1_103' title="bbox 2077 5104 3662 5175">
     <span class='ocr_line' id='line_1_104' title="bbox 2077 5104 3662 5175; baseline 0.007 -16"><span class='ocrx_word' id='word_1_696' title='bbox 2077 5119 2198 5160; x_wconf 88' lang='lat' dir='ltr'><strong>esse</strong></span> <span class='ocrx_word' id='word_1_697' title='bbox 2238 5104 2654 5175; x_wconf 88' lang='lat' dir='ltr'><strong>deprehenditur</strong></span> <span class='ocrx_word' id='word_1_698' title='bbox 2683 5123 2696 5160; x_wconf 92' lang='lat'><strong>:</strong></span> <span class='ocrx_word' id='word_1_699' title='bbox 2741 5109 3101 5164; x_wconf 88' lang='lat' dir='ltr'><strong>inaccessibile</strong></span> <span class='ocrx_word' id='word_1_700' title='bbox 3126 5125 3254 5165; x_wconf 89' lang='lat' dir='ltr'><strong>vero</strong></span> <span class='ocrx_word' id='word_1_701' title='bbox 3281 5125 3508 5166; x_wconf 81' lang='lat' dir='ltr'><strong>examen</strong></span> <span class='ocrx_word' id='word_1_702' title='bbox 3556 5131 3662 5170; x_wconf 82' lang='lat' dir='ltr'><strong>non</strong></span> 
     </span>
    </p>
   </div>
   <div class='ocr_carea' id='block_1_104' title="bbox 2077 5196 3663 5273">
    <p class='ocr_par' dir='ltr' id='par_1_104' title="bbox 2077 5196 3663 5273">
     <span class='ocr_line' id='line_1_105' title="bbox 2077 5196 3663 5273; baseline 0.006 -24"><span class='ocrx_word' id='word_1_703' title='bbox 2077 5196 2295 5264; x_wconf 89' lang='lat' dir='ltr'><strong>patitur,</strong></span> <span class='ocrx_word' id='word_1_704' title='bbox 2326 5211 2389 5250; x_wconf 92' lang='lat' dir='ltr'><strong>ac</strong></span> <span class='ocrx_word' id='word_1_705' title='bbox 2415 5212 2483 5252; x_wconf 89' lang='lat' dir='ltr'><strong>ne</strong></span> <span class='ocrx_word' id='word_1_706' title='bbox 2503 5198 2717 5267; x_wconf 90' lang='lat' dir='ltr'><strong>quidem</strong></span> <span class='ocrx_word' id='word_1_707' title='bbox 2745 5198 2973 5253; x_wconf 88' lang='lat' dir='ltr'><strong>adeundi</strong></span> <span class='ocrx_word' id='word_1_708' title='bbox 3003 5201 3337 5270; x_wconf 90' lang='lat' dir='ltr'><strong>principium,</strong></span> <span class='ocrx_word' id='word_1_709' title='bbox 3365 5203 3457 5257; x_wconf 88' lang='lat' dir='ltr'><strong>ubi</strong></span> <span class='ocrx_word' id='word_1_710' title='bbox 3486 5216 3541 5258; x_wconf 86' lang='lat' dir='ltr'><strong>et</strong></span> <span class='ocrx_word' id='word_1_711' title='bbox 3569 5223 3663 5273; x_wconf 79' lang='lat' dir='ltr'><strong>pe-</strong></span> 
     </span>
    </p>
   </div>
   <div class='ocr_carea' id='block_1_105' title="bbox 2078 5283 3665 5358">
    <p class='ocr_par' dir='ltr' id='par_1_105' title="bbox 2078 5283 3665 5358">
     <span class='ocr_line' id='line_1_106' title="bbox 2078 5283 3665 5358; baseline 0.01 -20"><span class='ocrx_word' id='word_1_712' title='bbox 2078 5283 2179 5355; x_wconf 89' lang='lat' dir='ltr'><strong>lagi</strong></span> <span class='ocrx_word' id='word_1_713' title='bbox 2206 5287 2450 5356; x_wconf 79' lang='lat' dir='ltr'><strong>exemplo</strong></span> <span class='ocrx_word' id='word_1_714' title='bbox 2477 5303 2611 5358; x_wconf 92' lang='lat' dir='ltr'><strong>opus</strong></span> <span class='ocrx_word' id='word_1_715' title='bbox 2639 5288 2937 5344; x_wconf 87' lang='lat' dir='ltr'><strong>habuimus.</strong></span> <span class='ocrx_word' id='word_1_716' title='bbox 2985 5291 3297 5346; x_wconf 88' lang='lat' dir='ltr'><strong>Addidimus</strong></span> <span class='ocrx_word' id='word_1_717' title='bbox 3327 5310 3434 5348; x_wconf 90' lang='lat' dir='ltr'><strong>non</strong></span> <span class='ocrx_word' id='word_1_718' title='bbox 3463 5297 3665 5353; x_wconf 78' lang='lat' dir='ltr'><strong>dixisse</strong></span> 
     </span>
    </p>
   </div>
   <div class='ocr_carea' id='block_1_106' title="bbox 2077 5372 3664 5448">
    <p class='ocr_par' dir='ltr' id='par_1_106' title="bbox 2077 5372 3664 5448">
     <span class='ocr_line' id='line_1_107' title="bbox 2077 5372 3664 5448; baseline 0.009 -21"><span class='ocrx_word' id='word_1_719' title='bbox 2077 5372 2319 5441; x_wconf 88' lang='lat' dir='ltr'><strong>Paulum,</strong></span> <span class='ocrx_word' id='word_1_720' title='bbox 2349 5376 2515 5432; x_wconf 90' lang='lat' dir='ltr'><strong>Deum</strong></span> <span class='ocrx_word' id='word_1_721' title='bbox 2548 5393 2668 5433; x_wconf 91' lang='lat' dir='ltr'><strong>esse</strong></span> <span class='ocrx_word' id='word_1_722' title='bbox 2697 5379 2868 5434; x_wconf 89' lang='lat' dir='ltr'><strong>lucem</strong></span> <span class='ocrx_word' id='word_1_723' title='bbox 2896 5380 3334 5448; x_wconf 81' lang='lat' dir='ltr'><strong>inaccessibilem,</strong></span> <span class='ocrx_word' id='word_1_724' title='bbox 3378 5386 3475 5439; x_wconf 87' lang='lat' dir='ltr'><strong>sed</strong></span> <span class='ocrx_word' id='word_1_725' title='bbox 3505 5388 3664 5441; x_wconf 72' lang='lat' dir='ltr'><strong>larem</strong></span> 
     </span>
    </p>
   </div>
   <div class='ocr_carea' id='block_1_107' title="bbox 2078 5467 3666 5543">
    <p class='ocr_par' dir='ltr' id='par_1_107' title="bbox 2078 5467 3666 5543">
     <span class='ocr_line' id='line_1_108' title="bbox 2078 5467 3666 5543; baseline 0.008 -23"><span class='ocrx_word' id='word_1_726' title='bbox 2078 5467 2303 5522; x_wconf 79' lang='lat' dir='ltr'><strong>habitare</strong></span> <span class='ocrx_word' id='word_1_727' title='bbox 2337 5471 2726 5524; x_wconf 72' lang='lat' dir='ltr'><strong>inaccessibilem</strong></span> <span class='ocrx_word' id='word_1_728' title='bbox 2756 5486 2775 5526; x_wconf 90' lang='lat'><strong><em>:</em></strong></span> <span class='ocrx_word' id='word_1_729' title='bbox 2813 5471 2954 5542; x_wconf 91' lang='lat' dir='ltr'><strong>quod</strong></span> <span class='ocrx_word' id='word_1_730' title='bbox 2992 5471 3036 5526; x_wconf 91' lang='lat' dir='ltr'><strong>si</strong></span> <span class='ocrx_word' id='word_1_731' title='bbox 3060 5472 3250 5527; x_wconf 88' lang='lat' dir='ltr'><strong>domus</strong></span> <span class='ocrx_word' id='word_1_732' title='bbox 3277 5475 3387 5543; x_wconf 86' lang='lat' dir='ltr'><strong>ipsa</strong></span> <span class='ocrx_word' id='word_1_733' title='bbox 3413 5475 3488 5529; x_wconf 89' lang='lat' dir='ltr'><strong>sit</strong></span> <span class='ocrx_word' id='word_1_734' title='bbox 3523 5477 3666 5531; x_wconf 79' lang='lat' dir='ltr'><strong>inae-</strong></span> 
     </span>
    </p>
   </div>
   <div class='ocr_carea' id='block_1_108' title="bbox 2077 5557 3666 5632">
    <p class='ocr_par' dir='ltr' id='par_1_108' title="bbox 2077 5557 3666 5632">
     <span class='ocr_line' id='line_1_109' title="bbox 2077 5557 3666 5632; baseline 0.006 -20"><span class='ocrx_word' id='word_1_735' title='bbox 2077 5557 2355 5625; x_wconf 90' lang='lat' dir='ltr'><strong>eessibilis,</strong></span> <span class='ocrx_word' id='word_1_736' title='bbox 2399 5558 2565 5614; x_wconf 91' lang='lat' dir='ltr'><strong>multo</strong></span> <span class='ocrx_word' id='word_1_737' title='bbox 2594 5560 2759 5632; x_wconf 86' lang='lat' dir='ltr'><strong>magis</strong></span> <span class='ocrx_word' id='word_1_738' title='bbox 2797 5561 2885 5632; x_wconf 92' lang='lat' dir='ltr'><strong>qui</strong></span> <span class='ocrx_word' id='word_1_739' title='bbox 2912 5562 2963 5616; x_wconf 92' lang='lat' dir='ltr'><strong>in</strong></span> <span class='ocrx_word' id='word_1_740' title='bbox 2992 5561 3077 5617; x_wconf 90' lang='lat' dir='ltr'><strong>illa</strong></span> <span class='ocrx_word' id='word_1_741' title='bbox 3107 5561 3306 5617; x_wconf 79' lang='lat' dir='ltr'><strong>habitat</strong></span> <span class='ocrx_word' id='word_1_742' title='bbox 3339 5563 3506 5620; x_wconf 81' lang='lat' dir='ltr'><strong>Deus.</strong></span> <span class='ocrx_word' id='word_1_743' title='bbox 3544 5566 3666 5622; x_wconf 62' lang='lat' dir='ltr'><strong>lite</strong></span> 
     </span>
    </p>
   </div>
   <div class='ocr_carea' id='block_1_109' title="bbox 2142 5731 2589 5796">
    <p class='ocr_par' dir='ltr' id='par_1_109' title="bbox 2142 5731 2589 5796">
     <span class='ocr_line' id='line_1_110' title="bbox 2142 5731 2589 5796; baseline 0.007 -17"><span class='ocrx_word' id='word_1_744' title='bbox 2142 5733 2158 5763; x_wconf 72' lang='grc' dir='ltr'>ί</span> <span class='ocrx_word' id='word_1_745' title='bbox 2193 5731 2298 5792; x_wconf 78' lang='lat' dir='ltr'><strong>Alit,</strong></span> <span class='ocrx_word' id='word_1_746' title='bbox 2315 5731 2589 5796; x_wconf 74' lang='lat' dir='ltr'><strong>explorare.</strong></span> 
     </span>
    </p>
   </div>
  </div>
