3854 6222
131 247 248 302 727

127 380 252 420 των
281 363 537 434 δεόμεθα.
567 361 662 425 οὓς
697 361 860 424 αὐτὸς
885 361 1098 431 φθάσας
1149 361 1324 422 οὕτως
1356 361 1644 433 ἀγαπῆσαι
1697 379 1830 418 κατ·

127 453 402 521 ηξὶωσας,
421 450 496 515 ὡς
513 451 612 518 τὴν
637 449 818 520 ψυχὴν
843 450 1119 506 ἐπιδοῦναι
1135 451 1234 521 τὴν
1261 449 1491 504 σεαυτοῦ
1513 467 1527 480 ·
1547 451 1689 521 ὑπὲρ
1711 450 1852 504 106--

127 555 253 593 των
293 539 562 610 ἐκχέομεν
595 538 697 600 τάς
747 537 1055 610 ἱκετηρίας,
1089 539 1229 609 ὑπὲρ
1285 532 1361 592 ὧν
1401 538 1564 602 αὑτὸς
1591 539 1653 592 τὸ
1686 534 1826 609 αἷμα

127 627 363 700 ἐξέχεας
382 644 396 657 ·
432 627 571 699 ὑπὲρ
597 627 806 680 τούτων
855 627 1308 698 παρακαλοῦμεν,
1343 628 1484 699 ὑπὲρ
1527 622 1602 682 ὧν
1624 628 1686 682 τὸ
1715 629 1824 683 σῶ-

131 733 221 786 μα
248 716 407 770 τοῦτο
427 715 753 779 κατέθυσας.
790 716 890 769 Διά
929 715 1091 769 τοῦτο
1116 717 1210 769 καὶ
1237 717 1364 780 τοὺς
1394 717 1826 788 ἐνεργουμένους

129 807 262 862 κατ’
301 807 508 858 ἐκεῖνον
536 805 721 874 ἵστησι
760 803 853 857 τὸν
900 804 1093 875 καιρὸν
1119 805 1148 856 6
1177 803 1445 868 διάκονος,
1481 805 1576 858 καὶ
1610 805 1824 861 κελεύει

129 893 318 947 κλῖναι
344 893 444 964 τὴν
477 891 722 963 κεφαλὴν
771 892 956 962 μόνον,
1004 892 1096 944 καὶ
1135 891 1215 962 τῷ
1245 893 1486 963 σχήματι
1511 893 1606 946 τοῦ
1632 892 1822 964 σώμα-

127 997 230 1045 τος
270 980 539 1034 ποιεῖσθαι
587 981 687 1043 τὰς
747 979 1062 1050 ἱκετηρίας·
1110 977 1366 1049 εύχεσθαι
1413 979 1524 1051 γὰρ
1577 981 1820 1046 αύτοὶδςει

130 1068 284 1139 μετὰ
313 1066 408 1122 τοῦ
443 1067 623 1122 κοινοῦ
662 1067 921 1135 συλλόγου
961 1066 1069 1120 τῶν
1123 1066 1368 1136 ἀδελφῶν
1416 1068 1477 1120 ού
1507 1067 1685 1140 θέμις.
1723 1069 1822 1123 Διά

127 1156 296 1210 τοῦτο
335 1156 533 1219 αὐτοὺς
560 1156 795 1226 ἵστησιν,
837 1154 924 1208 ἵνα
953 1153 1106 1226 [471]
1132 1154 1472 1224 κατελεήσας
1497 1157 1701 1220 αὑτοὺς
1725 1158 1820 1211 καὶ

127 1243 237 1313 τῆς
255 1243 540 1313 συμφορᾶς
562 1243 658 1296 καὶ
675 1241 776 1312 τῆς
798 1241 1065 1310 ἀφωνίας,
1093 1244 1159 1313 τῇ
1181 1242 1358 1313 οἰκείᾳ
1386 1242 1668 1316 παρρησίᾳ
1685 1244 1820 1315 πρὸς

125 1329 235 1399 τὴν
278 1330 503 1383 ἐκείνων
538 1329 830 1400 ἀποχρήσῃ
865 1328 1228 1399 προστασίαν.
1282 1328 1447 1383 Ταῦτ’
1477 1327 1570 1383 οὖν
1600 1331 1819 1386 ᾶπαντα

125 1415 445 1480 ἐννοοῦντες
502 1416 888 1486 συντρέχωμεν
948 1416 1092 1470 κατὰ
1142 1416 1241 1486 τὴν
1269 1417 1418 1488 ὥραν
1463 1419 1698 1490 ἐκείνην,
1733 1421 1819 1476 ἵνα

125 1502 573 1574 ἐπισπασώμεθα
608 1503 778 1573 ἔλεον,
811 1504 904 1558 καὶ
939 1505 1100 1576 χάριν
1137 1503 1390 1575 εὕρωμεν
1425 1507 1519 1559 καὶ⁵
1562 1506 1817 1580 εὔκαιρον

198 1669 228 1702 ⁸
246 1668 346 1719 Alii
364 1671 539 1728 αὐτοῖς.

207 1806 440 1819 __,__..__—.

1173 247 1262 300 DE
1303 245 2006 303 INCOMPREHENSIBILI
2044 247 2155 302 DEI
2192 245 2502 304 NATURA.
2541 247 2632 303 IV.
3502 253 3606 310 τιὸ

1935 362 2210 433 βοήθειαν.
2249 362 2584 436 Ἐπῃνέσατε
2619 363 2688 416 τὰ
2715 365 3014 436 εἰρημένα·
3048 365 3186 436 μετά
3219 365 3415 420 πολλοῦ
3445 367 3608 440 θορύ-

1931 450 2026 503 ϐου
2078 450 2174 503 καὶ
2214 449 2410 521 κρότου
2458 451 2557 520 τὴν
2605 451 2929 522 παραίνεσιν
2975 452 3249 518 ἐδέξασθε.
3295 454 3434 507 Ἀλλ’
3455 457 3608 523 ὅπως

1930 538 2062 607 ἡμῖν
2097 537 2190 590 ἐπὶ
2215 537 2324 590 τῶν
2356 536 2534 609 ἔργων
2565 537 2910 612 ἐπιδείξησθε
2932 541 3058 605 τοὺς
3091 542 3372 607 ἐπαίνους,
3403 544 3467 599 οὑ
3497 561 3604 614 μα-

1929 623 2060 693 κρὸς
2096 626 2124 678 6
2157 624 2348 695 χρόνος
2376 624 2478 693 τῆς
2523 625 2856 692 ἀποδείξεως
2885 629 2982 700 τῆς
3014 627 3157 682 κατά
3182 629 3282 699 τὴν
3328 630 3600 702 ὑπακοήν.

1927 707 2082 762 Μετὰ
2107 710 2209 781 τὴν
2249 711 2574 780 παραίνεσιν
2602 712 2810 776 εὐθέως
2839 714 2996 785 εὐχή.
3037 715 3274 768 Ἐκεῖνον
3317 715 3468 787 ζητῶ
3511 715 3606 772 τόν

1926 796 2168 861 ἔπαινον,
2209 798 2416 860 ἐκεῖνον
2457 797 2548 852 τὸν
2592 799 2784 870 κρότον
2823 801 2912 854 τὸν
2941 800 3030 855 διά
3055 801 3167 855 τῶν
3193 802 3370 874 ἔργων
3397 804 3602 859 αὐτῶν.

1925 884 2374 955 Παρακελεύεσθε
2399 888 2580 942 τοίνυν
2605 889 2860 961 ἀλλήλοις
2891 891 3138 958 ἐστάναι,
3168 891 3421 964 καθάπερ
3443 893 3602 965 ἐστή-

1924 989 2089 1026 κατε·
2120 972 2224 1026 κᾶν
2259 973 2585 1046 διασαλευθῇ
2615 993 2700 1040 τις
2735 977 2835 1047 τῆς
2881 978 3110 1044 τάξεως,
3164 979 3427 1050 κατέχετε
3463 982 3602 1052 μετά

1921 1060 2234 1131 ἀκριϐείας.
2270 1060 2358 1114 ἵνα
2384 1063 2476 1115 καὶ
2503 1063 2601 1133 τῆς
2628 1063 2837 1128 οἰκείας
2863 1067 3099 1137 σπουδῆς
3121 1068 3216 1120 καὶ
3240 1067 3342 1135 τῆς
3370 1069 3450 1132 είς
3476 1070 3600 1134 τοὺς

1920 1147 2182 1216 ἀδελφοὺς
2212 1147 2539 1219 κηδεμονίας
2565 1149 2787 1204 διπλοῦν
2829 1152 3086 1218 λαϐόντες
3108 1155 3200 1208 τὸν
3229 1155 3422 1226 μισθὸν
3461 1158 3600 1227 μετά

1922 1233 2169 1298 πλείονος
2197 1233 2296 1304 τῆς
2321 1237 2636 1307 παρρησίας
2665 1238 2765 1303 τὰς
2800 1239 3082 1312 ἱκετηρίας
3098 1243 3348 1313 ἐκχέητε,
3386 1245 3481 1297 καὶ
3508 1245 3598 1298 τὸν

1919 1320 2050 1373 Θεὸν
2100 1321 2231 1375 ’ίλεω
2265 1325 2618 1393 ποιήσαντες,
2653 1327 2749 1379 καὶ
2793 1327 2903 1380 τῶν
2944 1328 3181 1383 ἐνταῦθα
3208 1329 3303 1384 καὶ
3335 1330 3444 1384 τῶν
3473 1331 3600 1401 μελ-

1917 1407 2116 1462 λόντων
2145 1409 2411 1481 δυνηθῆτε
2455 1413 2636 1482 τυχεῖν
2678 1413 2920 1482 ἀγαθῶν,
2958 1416 3139 1488 χάριτι
3169 1419 3265 1470 καὶ
3297 1417 3599 1488 φιλανθρω-

1917 1497 2018 1568 πίᾳ
2052 1497 2147 1550 τοῦ
2196 1498 2405 1570 Κυρίου
2435 1499 2595 1569 ἡμῶν
2640 1500 2816 1571 Ἰησοῦ
2851 1503 3111 1570 Χριστοῦ,
3149 1502 3270 1573 μεθ’
3290 1498 3352 1558 οῦ
3380 1503 3458 1574 τῷ
3483 1506 3598 1558 Πα-

1915 1585 2008 1656 τρὶ⁸
2055 1586 2151 1653 σὺν
2187 1585 2266 1655 τῷ
2321 1587 2462 1657 ἀγίῳ
2494 1587 2772 1658 Πνεύματι
2805 1590 2838 1658 ή
2866 1589 2994 1656 δόξα
3025 1591 3122 1644 καὶ
3167 1590 3228 1644 τὸ
3275 1592 3478 1663 κράτος
3512 1593 3597 1655 είς

1915 1670 2041 1733 τοὺς
2067 1671 2272 1734 αἰῶνας
2298 1672 2406 1724 τῶν
2430 1671 2661 1726 αἰώνων.
2699 1674 2891 1744 ’Δμήν.

613 1913 930 2030 ΤΟΥ.
970 1916 1466 2032 ΑΥΤΟΥ
1523 1919 1885 2032 ΠΕΡΙ
1941 1917 3114 2040 ΑΚΑΤΑΛΗΠΤΟΥ

1447 2123 1626 2174 ΠΡΟΣ
1655 2122 1834 2176 ΤοΥΣ
1871 2081 2296 2176 ΑΝοΜοιοΥΣ.

746 2350 940 2419 Λόγος
978 2351 1281 2419 τέταρτος.

200 2465 274 2513 α’.
310 2457 507 2528 Ἤρκει
541 2456 639 2526 μὲν
674 2451 766 2508 οὖν
795 2455 1044 2522 δείξαντα
1067 2455 1258 2527 πρώην
1283 2456 1588 2528 ἀνθρώποις
1609 2457 1812 2511 ἀκατά-

118 2547 335 2617 ληπτον
364 2545 493 2598 ὅντα
522 2543 613 2596 τὸν
637 2543 792 2609 Θεὸν,
817 2543 898 2596 ἐτι
925 2544 981 2597 δὲ
1009 2545 1104 2598 καὶ
1130 2549 1242 2610 τοῖς
1263 2545 1566 2617 Χερουϐὶμ,
1586 2547 1812 2610 καὶτοῖς

117 2633 404 2704 Σεραφὶμ,
434 2631 778 2702 ἀπηλλάχθαι
810 2631 1173 2703 πραγμάτων,
1196 2633 1291 2686 καὶ
1315 2633 1480 2704 μηδὲν
1502 2635 1812 2704 περαιτέρω

119 2724 338 2775 κινεῖν·
393 2720 509 2774 ἀλλ’
546 2720 732 2790 ἐπειδὴ
761 2719 1042 2790 προθυμία
1073 2720 1168 2772 καὶ
1219 2720 1424 2790 σπουδὴ
1458 2722 1607 2773 πᾶσα
1655 2723 1809 2791 ἡμῖν,

115 2810 252 2879 οὐχὶ
277 2809 385 2863 τῶν
415 2807 671 2863 ἐναντίων
701 2807 1020 2879 ἀπορῤἀψαι
1064 2808 1134 2862 τὰ
1172 2807 1417 2878 στόματα
1460 2809 1642 2880 μόνον,
1670 2808 1808 2862 ἀλλά

118 2899 224 2952 καὶ
246 2897 346 2968 τὴν
373 2896 645 2968 ὑμετέραν
670 2897 892 2966 ἀγάπην
925 2897 1018 2949 ἐπὶ¹
1051 2895 1231 2949 πλεῖον
1256 2895 1494 2963 σοφίσαι,
1525 2896 1686 2950 πάλιν
1713 2897 1810 2966 τῆς

117 2985 304 3055 αὐτῆς
344 2985 652 3048 ὑποθέσεως
684 2984 1004 3054 ἁπτόμεθα,
1044 2983 1140 3036 καὶ
1175 2984 1486 3054 περαιτέρω
1514 2984 1608 3037 τὸν
1652 2984 1811 3052 λόγον

119 3075 470 3145 προάγομεν.
497 3073 563 3126 Ἡ
579 3072 688 3144 γὰρ
711 3074 768 3125 ἐν
797 3071 1013 3135 τούτοις
1034 3071 1286 3142 διατριϐὴ
1314 3074 1408 3125 καὶ
1435 3073 1580 3137 ὑμᾶς
1610 3072 1810 3125 εἰδέναι

119 3164 347 3234 ποιήσει
393 3162 637 3226 πλείονα,
687 3162 783 3215 καὶ
832 3162 964 3233 ἡμῖν
996 3160 1352 3232 λαμπρότερα
1401 3161 1693 3231 ἐργάσεται
1741 3161 1812 3214 τά

119 3251 448 3322 νικητήρια,
496 3251 547 3302 εί
580 3249 676 3303 καί
722 3267 775 3302 τι
805 3248 1061 3318 λείψανον
1103 3248 1488 3301 ὑπολέλειπται
1546 3247 1808 3302 ἐκκαθαί-

122 3354 324 3410 ρουσα.
368 3337 523 3392 Ἐπεὶ
551 3338 644 3390 καὶ
673 3335 773 3399 τὰς
791 3337 1036 3406 πονηρὰς
1054 3336 1284 3406 βοτάνας
1311 3336 1410 3388 οὐκ
1443 3336 1648 3390 ἄνωθεν
1676 3337 1812 3389 ἀπο-

122 3427 345 3497 κείρειν
369 3426 475 3495 χρὴ
512 3425 672 3496 μόνον
722 3425 906 3494 (πάλιν
934 3424 1044 3495 γάρ
1091 3423 1449 3494 βλαστάνουσι
1483 3425 1591 3476 τῶν
1642 3423 1811 3495 ῥιζῶν

120 3514 289 3568 κάτω
333 3512 660 3583 κειμένων),
695 3512 811 3566 ἀλλ’
843 3512 902 3578 ἐξ
951 3511 1131 3565 αὑτῶν
1158 3511 1267 3564 τῶν
1300 3511 1542 3580 λαγόνων
1575 3511 1674 3581 τῆς
1707 3512 1810 3581 γῆς

122 3601 232 3655 καὶ
260 3598 370 3652 τῶν
407 3597 623 3652 κόλπων
656 3599 908 3670 ἀνασπᾷν
954 3599 1050 3651 καὶ
1103 3597 1319 3669 γυμνὰς
1373 3598 1688 3670 προτιθέναι
1741 3600 1807 3670 τῇ

121 3687 317 3758 θέρμῃ
344 3685 443 3756 τῆς
496 3687 735 3749 ἀκτῖνος,
786 3685 926 3739 ὥστε
987 3684 1475 3756 καταμαρανθῆναι
1511 3684 1708 3756 ῥᾳδίως
1758 3698 1807 3738 ο.

120 3775 272 3843 Φέρε
305 3770 398 3826 οὖν
423 3774 519 3827 ἐπὶ
537 3773 629 3826 τὸν
661 3773 889 3844 οὐρανὸν
914 3774 1056 3844 ὑμᾶς
1077 3772 1515 3842 ἐπαναγάγωμεν
1547 3771 1626 3842 τῷ
1663 3773 1809 3843 λόγῳ

124 3861 319 3923 πάλιν,
347 3860 469 3931 οὐχὶ
496 3860 986 3932 περιεργαζόμενοι
1027 3859 1148 3912 οὑδὲ
1191 3859 1806 3930 πολυπραγμονοῦντες,

123 3949 273 4004 ἀλλὰ
309 3947 416 4002 τῶν
463 3948 566 4000 οὐκ
609 3947 988 4017 ἐπισταμένων
1040 3947 1268 4010 ἑαυτοὺς
1305 3946 1427 3999 οὑδὲ
1465 3947 1808 4017 ἀνεχομένων

123 4035 340 4091 εἰδέναι
371 4028 546 4104 μέτρα
575 4033 788 4104 φύσεως
811 4034 1160 4106 ἀνθρωπίνης
1191 4033 1288 4104 τὴν
1320 4034 1550 4102 ἄκαιρον
1586 4033 1812 4100 φιλονει-

126 4123 265 4178 κιαν
305 4121 608 4176 καταλῦσαι
647 4121 986 4184 σπεύδοντες.
1027 4122 1125 4174 Διά
1153 4121 1264 4190 γὰρ
1301 4121 1460 4173 τοῦτο
1489 4122 1555 4172 ἐκ
1606 4120 1808 4191 πολλῆς

123 4211 239 4280 τῆς
273 4209 590 4280 περιουσίας
626 4209 748 4279 οὑχὶ¹
786 4208 922 4262 Θεοῦ
956 4209 1278 4277 ἐπιφάνειαν
1319 4208 1502 4278 μόνον,
1540 4207 1677 4260 ἀλλά
1713 4209 1810 4262 καὶ

121 4297 385 4367 ἀγγέλων
439 4296 722 4367 ἐδείξαμεν
775 4297 1045 4368 ἀφόρητον
1099 4292 1265 4350 οὖσαν
1313 4296 1390 4366 τῷ
1446 4297 1641 4367 δικαίῳ
1685 4297 1807 4350 τότε

124 4384 362 4454 ἐκείνῳ,
405 4384 494 4438 ὅτε
535 4385 628 4438 καὶ
662 4384 765 4454 τὴν
808 4384 1047 4455 ἱστορίαν
1088 4385 1216 4454 ὑμῖν
1250 4385 1434 4436 πᾶσαν
1466 4384 1805 4454 ἀνέγνωμεν,

127 4475 233 4528 καὶ
265 4472 506 4541 συνεχῶς
534 4472 847 4542 ἐδείκνυμεν
867 4473 958 4525 τὸν
991 4472 1257 4541 μακάριον
1287 4471 1486 4542 Δανιὴλ
1499 4472 1806 4543 ὠχριῶντα,

125 4561 430 4632 τρέμοντα,
448 4559 557 4612 τῶν
581 4558 1076 4630 ψυχορραγούντων
1108 4558 1260 4610 οὐδὲν
1290 4558 1514 4628 ἄμεινον
1533 4559 1809 4630 διακείμε-

127 4664 251 4711 νον,
284 4647 385 4716 τῆς
406 4645 585 4717 ψυχῆς
611 4647 974 4716 ἐπειγομένης
1008 4645 1316 4716 ἀπορρῆξαι
1351 4645 1442 4698 τὸν
1472 4649 1571 4716 τῆς
1606 4647 1807 4718 σαρκὸς

124 4735 357 4805 δεσμόν.
392 4733 662 4806 Καθάπερ
695 4734 804 4806 γὰρ
838 4734 1136 4805 περιστερά
1159 4734 1449 4804 χειροήθης
1480 4735 1575 4787 καὶ
1602 4734 1808 4804 ἥμερος

127 4827 196 4878 ἐν
223 4823 454 4893 οἰκίσκῳ
479 4823 587 4876 τινὶ
610 4822 984 4893 διατρίϐουσα,
1020 4823 1150 4876 ὅταν
1200 4822 1329 4874 ποτε
1375 4820 1632 4892 αἴσθηταί
1663 4839 1808 4882 τινος

128 4910 331 4981 φόϐου.
363 4909 661 4981 πτοηθεῑσα
693 4908 842 4980 [472]
871 4912 1006 4982 πρδς
1037 4909 1135 4980 τὴν
1168 4909 1372 4979 ὀροφὴν
1420 4909 1668 4968 ἴπταται,
1714 4909 1808 4962 καὶ

123 4998 222 5053 διὰ
273 4997 384 5050 τῶν
421 4997 654 5068 θυρίδων
685 4996 807 5050 τινὰ
860 4996 1038 5072 ἔξοδον
1085 4996 1370 5066 ἐπιζητεῖ,
1422 4995 1522 5064 τῆς
1567 4995 1806 5063 ἀγωνίας

125 5085 514 5155 ἀπαλλαγῆναι
552 5084 884 5155 ἐπιζητοῦσα
911 5085 974 5124 1³·
1018 5084 1161 5137 οὕτω
1196 5083 1261 5154 δὴ
1310 5082 1404 5135 καὶ
1448 5085 1482 5154 ή
1514 5082 1659 5152 ψυχὴ
1711 5083 1805 5136 τοῦ

130 5175 415 5243 μακαρίου
457 5171 580 5224 τότε
626 5171 835 5225 ἐκείνου
885 5172 948 5224 ἐκ
998 5170 1092 5223 τοῦ
1139 5168 1390 5240 σώματος
1438 5168 1743 5238 ἀναπτῆναι
1779 5178 1801 5206 ο

125 5260 388 5322 ἔσπευδε,
401 5259 640 5330 καὶπρὸς
654 5259 722 5312 τά
747 5259 850 5325 ἐξω
880 5258 1140 5312 πάντοθεν
1157 5251 1438 5328 ⁴ἠπείγετο,
1472 5256 1565 5308 καὶ
1582 5255 1804 5325 ἐξῆλθεν

197 5455 218 5521 ἦ
255 5456 409 5521 savii.
435 5459 492 5521 ~in
530 5471 683 5521 marg.
709 5457 893 5521 eliduo
925 5457 1033 5505 cod.
1063 5455 1249 5521 ῥᾳδίως.
1283 5451 1429 5521 Ἀλλά
1456 5452 1716 5521 προσέχετε
1736 5452 1808 5501 ὅτι

124 5519 254 5596 πρὸς
399 5519 595 5596 οὐρανὸν
637 5515 928 5596 ἐπανάγομεν
947 5515 1074 5581 ὑμᾶς
1104 5515 1262 5565 πάλιν.
1294 5515 1389 5563 Καὶ
1409 5515 1552 5561 τοῦτο
1581 5515 1809 5575 ποιοῦμεν

128 5584 801 5689 «τί

203 5658 230 5681 ιι
255 5658 353 5688 mn
380 5658 686 5702 επιυυμουσα.
1694 5694 1704 5704 .
1733 5693 1743 5703 .

203 5703 230 5733 ε
264 5700 433 5762 Ἀθη-Ι.
458 5704 680 5762 σώματος
701 5703 947 5760 ἀναϐῆναι,
973 5701 1054 5762 αηῆ
1087 5701 1310 5762 σώματος
1332 5699 1526 5762 ἐκϐῆναι
1568 5696 1803 5757 (Similia-

128 5777 252 5817 Mm
265 5761 520 5872 ιλξιέξωωωι
538 5760 807 5822 ἀναπτῆναι
831 5760 1137 5824 recevimus).
1175 5761 1300 5811 lum
1323 5761 1406 5810 alii
1427 5761 1453 5808 6
1476 5761 1670 5822 ἅγγελος
1686 5775 1802 5820 προ-

129 5841 264 5877 κατα
355 5840 438 5872 ων.

1921 2348 1990 2402 ἂν
2018 2350 2110 2437 καὶ
2140 2349 2359 2421 ἀπέπτη
2389 2352 2482 2404 καὶ
2510 2351 2571 2405 τὸ
2606 2353 2763 2425 σῶμα
2802 2354 3092 2410 κατέλιπεν
3139 2357 3364 2430 ἔρημον,
3421 2363 3469 2414 εἰ
3515 2364 3592 2437 μὴ

1914 2436 2120 2506 ταχέως
2135 2439 2163 2487 ὁ
2177 2438 2405 2504 ἄγγελος
2422 2439 2707 2509 προλαϐὼν
2723 2443 2892 2514 αὐτὴν
2907 2443 3186 2514 ἀπήλλαξε
3207 2446 3308 2518 τῆς
3326 2436 3590 2517 ἀγωνίας,

1915 2523 2006 2575 καὶ
2046 2524 2182 2592 πρὸς
2209 2524 2270 2576 τὸ
2291 2528 2487 2579 οἰκεῖον
2526 2527 2688 2581 πάλιν
2734 2531 3051 2601 ἐπανήγαγε
3088 2534 3452 2604 καταγώγιον.
3493 2541 3594 2594 Διά

1911 2609 2068 2663 τοῦτο
2090 2610 2147 2663 δὲ
2173 2611 2344 2664 ταῦτα
2371 2611 2631 2682 ἐλέγομεν
2661 2613 2803 2678 τότε,
2834 2616 2920 2669 ἵνα
2954 2618 3240 2688 μαθόντες,
3269 2622 3392 2675 ὅσον
3421 2623 3592 2693 ἀγγε-

1912 2696 2002 2760 λος
2024 2696 2312 2769 ἀνθρώπου
2329 2699 2595 2767 διαφέρει,
2611 2701 2708 2754 καὶ
2734 2703 2791 2755 ἐν
2817 2706 2884 2774 τῇ
2915 2704 3008 2756 τοῦ
3033 2706 3320 2762 συνδούλου
3345 2711 3588 2784 ὑπεροχῇ

1916 2785 2399 2856 σωφρονισθέντες,
2433 2787 2532 2858 τῆς
2565 2790 2707 2844 κατὰ
2733 2789 2826 2842 τοῦ
2860 2793 3133 2848 Δεσπότου
3174 2797 3372 2867 μανίας
3410 2800 3589 2854 ἀπαλ-

1913 2871 2174 2940 λαγῶσιν.
2209 2873 2268 2926 Ὁ
2299 2873 2507 2938 δίκαιος
2546 2875 2773 2945 ἄγγελον
2805 2877 2931 2931 ἰδεῖν
2959 2880 3060 2934 οὑκ
3092 2883 3344 2952 ήνεγκεν,
3390 2887 3417 2939 6
3450 2892 3586 2958 παρ-

1914 2958 2110 3029 ρησίαν
2135 2958 2404 3028 τοσαύτην
2438 2959 2598 3030 έχων,
2657 2964 2750 3015 καὶ
2800 2965 2850 3016 οἱ
2905 2965 3160 3022 τοσοῦτον
3212 2971 3589 3043 ἀφεστηκότες

1912 3044 2078 3098 αὑτοῦ
2130 3045 2228 3116 τῆς
2260 3046 2481 3117 ἀρετῆς,
2541 3050 2659 3119 οὐχὶ
2712 3051 2965 3118 ἄγγελον,
3018 3053 3132 3107 ἀλλ’
3160 3057 3325 3110 αὑτὸν
3359 3059 3451 3111 τὸν
3478 3061 3589 3118 τῶν

1911 3132 2159 3200 ἀγγέλων
2204 3134 2482 3205 Δεσπότην
2529 3136 3002 3208 περιεργάζονται.
3067 3142 3302 3207 Ἐκεῖνος
3358 3145 3587 3202 λεόντων

1912 3219 2082 3289 θυμὸν
2119 3219 2389 3290 ἐδάμασεν
2410 3239 2424 3252 ·
2445 3223 2606 3292 ἡμεῖς
2632 3224 2688 3276 δὲ
2716 3225 2838 3278 ούδέ
2864 3225 3167 3281 ἀλωπέκων
3199 3233 3586 3301 περιγενέσθαι

1911 3305 2214 3376 δυνάμεθα·
2247 3309 2454 3372 ἐκεῖνος
2478 3310 2748 3381 δράκοντα
2778 3311 2941 3381 μέσον
2962 3313 3181 3386 ἔρρηξε,
3219 3319 3313 3370 καὶ
3356 3320 3456 3389 τῆς
3489 3321 3584 3374 τοῦ

1911 3391 2102 3464 θηρίου
2129 3392 2343 3462 φύσεως
2376 3395 2649 3467 ἐκράτησε
2674 3397 2762 3451 διὰ
2780 3402 2879 3469 τῆς
2911 3401 3047 3471 πρὸς
3080 3401 3170 3455 τὸν
3203 3404 3337 3458 Θεὸν
3363 3410 3583 3478 παρρη-

1912 3479 2034 3542 σίας
2054 3494 2067 3508 ·
2098 3480 2258 3550 ἡμεῖς
2279 3480 2335 3533 δὲ
2368 3482 2462 3534 καὶ
2491 3482 2561 3535 τὰ
2605 3483 2735 3552 ψιλά
2768 3485 2972 3556 ἑρπετὰ
2998 3486 3346 3560 δεδοίκαμεν·
3379 3492 3586 3559 ἐκεῖνος

1914 3566 2136 3636 βασιλέα
2190 3567 2530 3638 θυμούμενον
2559 3570 2809 3643 καθάπερ
2843 3572 3034 3628 λέοντα
3081 3575 3299 3646 ἔστησε,
3351 3579 3448 3632 καὶ
3483 3580 3583 3652 τὴν

1910 3652 2004 3705 τοῦ
2037 3653 2504 3728 Ναϐουχοδονόσορ
2531 3657 2699 3728 ὀργήν
2731 3659 2926 3728 φλογὸς
2971 3662 3193 3734 ἀπάσης
3227 3666 3585 3738 σφοδρότερον

1913 3741 2004 3793 ἐπὶ
2031 3740 2099 3794 τὰ
2140 3741 2451 3812 βαρϐαρικὰ
2475 3745 2817 3814 στρατόπεδα
2845 3749 3156 3820 φερομένην
3193 3752 3358 3822 μέσος
3390 3755 3584 3822 φανεὶς

1911 3829 2204 3891 ἀνέστειλε,
2252 3831 2347 3882 καὶ
2370 3829 2438 3882 τά
2475 3833 2841 3903 ἐσκοτισμένα
2874 3835 3052 3888 πάντα
3081 3837 3369 3906 ἐφώτισεν.

1983 3909 2292 3979 ’Δλλόῦτος
2321 3919 2348 3969 6
2371 3917 2611 3986 φωτίσας
2640 3919 2869 3988 ἄγγελον
2903 3921 3127 3976 ἐλθόντα
3167 3924 3290 3978 ίδὼν
3313 3927 3451 3996 πρὸς
3481 3929 3582 3982 αύ-

1909 4003 2020 4065 τὸν,
2069 4003 2371 4073 σκοτοδινία
2421 4005 2704 4075 κατείχετο
2735 4007 2968 4079 χαλεπῇ.
3030 4011 3165 4064 Τίνα
3217 4008 3310 4064 οὖν
3362 4013 3579 4080 ἕξουσιν

1911 4087 2208 4156 ἀπολογίαν
2257 4091 2304 4141 οἱ
2358 4089 2457 4160 τὴν
2493 4093 2768 4164 μακαρίαν
2797 4095 3012 4166 ἐκείνην
3060 4096 3222 4164 φύσιν
3254 4101 3585 4170 ἐμϐατεύειν

1910 4175 2312 4245 ἐπιχειροῦντες
2347 4175 2407 4240 d;
2469 4178 2660 4248 Ἡμεῖς
2720 4181 2775 4233 δέ
2823 4181 2945 4234 οὑδέ
2997 4183 3231 4237 ἐνταῦθα
3286 4185 3378 4238 τὸν
3425 4186 3581 4256 λόγον

1910 4261 2220 4332 ἐστήσαμεν
2255 4263 2397 4326 τότε,
2449 4265 2584 4317 ἀλλά
2613 4267 2709 4319 καὶ
2742 4268 2836 4321 ἐπὶ
2873 4269 2970 4332 τὰς
3023 4271 3194 4339 σοφάς
3235 4273 3454 4338 ἐκείνας
3487 4276 3581 4327 ἀν-

1908 4351 2188 4419 ηγάγομεν
2202 4351 2460 4422 δυνάμεις
2477 4352 2574 4424 τὴν
2591 4355 2843 4425 διήγησιν
2863 4373 2876 4386 ·
2900 4356 3180 4430 ἐδείξαμεν
3201 4359 3299 4430 τὴν
3320 4361 3579 4432 ἀποστρο-

1910 4435 2014 4507 φὴν
2047 4437 2155 4489 τῶν
2183 4437 2498 4508 ὀφθαλμῶν,
2531 4439 2629 4510 τὴν
2665 4441 2936 4513 προϐολὴν
2972 4444 3080 4497 τῶν
3129 4446 3438 4517 πτερύγων,
3479 4449 3580 4519 τήν

1908 4523 2173 4595 ὀρθότητα
2202 4523 2309 4578 τῶν
2344 4525 2575 4589 σκελῶν,
2610 4528 2708 4598 τὴν
2740 4527 2870 4598 βοὴν
2920 4531 3020 4602 τὴν
3071 4532 3315 4603 διηνεκῆ,
3362 4534 3456 4587 καὶ⁸
3498 4534 3580 4589 ὅτι

1907 4609 1995 4663 διὰ
2016 4610 2232 4664 πάντων
2248 4613 2346 4681 τὴν
2373 4612 2631 4682 ἔκπληξιν
2657 4615 2826 4667 καὶτὸ
2849 4615 3056 4687 θάμϐος
3070 4619 3424 4687 ἐμφαίνουσιν
3447 4622 3581 4691 ἡμῖν

1908 4697 1964 4748 αἱ
1994 4697 2273 4768 ἀσώματοι
2293 4698 2551 4768 δυνάμεις
2578 4701 2815 4763 ἐκεῖναι·
2841 4703 2951 4773 ὃσῳ
2977 4705 3086 4770 γάρ
3109 4705 3213 4756 εἰσι
3248 4705 3432 4774 σοφαὶ,
3465 4707 3577 4778 ὅσῳ

1905 4785 2062 4853 ἡμῶν
2107 4783 2399 4856 ἐγγύτεραί
2431 4787 2536 4838 εἱσι
2579 4787 2643 4858 τῇ
2687 4788 2914 4860 ἀρρήτῳ
2965 4791 3059 4843 καὶ
3118 4791 3365 4864 μακαρίᾳ
3417 4793 3576 4866 οὐσία

1911 4871 2118 4944 ἐκείνῃ,
2171 4872 2411 4942 τοσούτῳ
2464 4872 2664 4943 μᾶλλον
2697 4875 2853 4945 ήμῶν
2879 4875 2941 4929 τὸ
2973 4877 3357 4949 ἀκατάληπτον
3379 4880 3578 4936 ίσασιν.

1922 4955 1989 5011 Ἦ
2014 4958 2121 5029 γὰρ
2160 4957 2410 5021 ἐπίτασις
2435 4959 2536 5029 τῆς
2587 4961 2774 5029 σοφίας
2811 4963 3062 5018 ἐπίτασιν
3097 4968 3243 5018 ποιεῖ
3263 4966 3576 5032 εὐλαϐείας.

1915 5044 2155 5117 Εἴπομεν
2183 5047 2313 5116 ὑμῖν
2339 5046 2392 5098 τί
2427 5047 2555 5099 ποτέ
2605 5051 2720 5100 ἐστι
2753 5049 2813 5102 τὸ
2837 5050 3151 5120 ἀπρόσιτον,
3203 5052 3298 5105 καὶ
3341 5053 3423 5106 ὅτι
3480 5053 3576 5108 τοῦ

1912 5133 2298 5200 ἀκαταλήπτου
2326 5133 2506 5203 πολλῷ
2564 5134 2748 5205 μεῖζόν
2779 5137 2914 5200 ἐστι,
2946 5137 3041 5190 καὶ
3068 5138 3168 5209 τὴν
3195 5138 3376 5192 αἰτίαν
3409 5157 3578 5210 προσ-

1910 5218 2210 5288 εθήκαμεν,
2233 5219 2316 5271 ὅτι
2347 5219 2408 5271 τὸ
2439 5219 2538 5290 μὲν
2566 5221 2950 5291 ἀκατάληπτον
2975 5223 3113 5293 μετὰ
3131 5224 3194 5276 τὸ
3223 5225 3580 5295 ἐρευνηθῆναι

1911 5305 2293 5374 ἀκατάληπτον
2346 5306 2616 5372 φαίνεται,
2645 5308 2709 5360 τὸ
2749 5309 2807 5361 δὲ
2862 5309 3154 5378 ἀπρόσιτον
3192 5310 3312 5363 οὑδὲ
3350 5310 3580 5382 ἐρεύνης

1911 5390 2196 5460 ἀνέχεται,
2246 5390 2364 5444 ούδέ
2413 5392 2674 5461 προσόδου
2703 5405 2726 5432 e
2744 5395 2842 5465 τὴν
2867 5395 3061 5466 ἀρχὴν,
3105 5396 3193 5447 ὅτε
3223 5396 3317 5448 καὶ
3345 5395 3440 5464 τῆς
3479 5398 3577 5452 τοῦ

1913 5477 2178 5546 πελάγους
2203 5478 2408 5541 εἰκόνος
2443 5479 2762 5550 ἐδεήθημεν.
2791 5481 3030 5551 Εἴπομεν
3057 5481 3138 5534 ὅτι
3157 5480 3258 5534 οὑκ
3284 5476 3426 5547 εἷπε,
3460 5483 3579 5554 φῶς

1909 5565 1984 5620 ὢν
2024 5567 2339 5636 ἀπρόσιτον,
2390 5567 2524 5620 ἀλλά
2556 5568 2685 5634 Φῶς
2729 5567 2907 5622 οἰκῶν
2949 5569 3316 5637 ἀπρόσιτον·
3361 5571 3411 5624 εί
3460 5572 3518 5625 δὲ
3548 5575 3579 5625 6

1907 5653 2054 5719 οἶκος
2085 5656 2379 5726 ἀπρόσιτος
2413 5656 2592 5726 πολλῷ
2641 5656 2842 5727 μᾶλλον
2870 5656 2898 5708 6
2933 5657 3159 5710 ἐνοικῶν
3201 5656 3356 5722 Θεός.
3390 5659 3579 5716 Ταῦτα

1972 5758 1998 5797 ἀ
2023 5758 2120 5808 Ᾱίὶἱ
2155 5758 2292 5822 φύσιν
2316 5760 2537 5815 ἐξετάζειν
2558 5761 2682 5822 ἐπιχ.

1981 5834 2004 5862 α
2030 5822 2127 5871 Alii
2149 5821 2256 5870 οὐδὲ
2281 5821 2466 5884 ἐφόδου.
2491 5820 2687 5871 Edilum
2714 5822 2873 5872 [uelat
2893 5821 3116 5887 προόδου.
3141 5820 3299 5883 Enna.
