3838 6220
281 241 384 298 τίε

279 361 337 416 δέ
370 359 553 428 ἔλεγεν
581 356 609 410 6
647 357 880 420 Παῦλος,
913 356 1013 426 οὐχ
1047 357 1134 410 ἵνα
1150 354 1301 425 τόπῳ
1331 351 1643 426 περιγράψῃ
1665 352 1757 406 τὸν
1783 351 1938 415 Θεὸν,

279 449 396 504 ἀλλ’
423 448 508 501 ἵνα
537 448 601 499 ἐκ
635 444 832 498 πολλοῦ
871 443 964 496 τοῦ
997 443 1276 513 περιόντος
1298 442 1359 495 τὸ
1387 441 1746 512 ἀπερινόητον
1776 437 1941 493 αὐτοῦ

280 537 376 591 καὶ
407 536 466 588 τδ
501 514 791 602 ἀπρόσιτον
827 530 1178 602 καταλάμψῃ.
1217 529 1620 600 Παρηγάγομεν
1644 540 1670 568 ⁸
1705 527 1798 580 καὶ
1823 526 1944 580 ἐτέ-

283 641 383 695 ρας
423 623 701 692 δυνάμεις,
736 619 806 673 τά
833 618 1133 689 Χερουϐὶμ,
1159 617 1255 671 καὶ
1288 616 1569 688 ἐδείξαμεν
1601 615 1720 678 πῶς
1757 615 1944 668 ἐπάνω

279 711 460 764 αὐτῶν
496 709 802 780 στερέωμα,
833 707 947 769 πῶς
971 706 1112 770 λίθος
1149 705 1509 776 κρυστάλλου,
1542 704 1658 767 πῶς
1690 704 1944 774 ὁμοίωμα

279 797 489 870 θρόνου,
509 797 603 850 καὶ
628 792 765 859 εἶδος
790 792 1100 864 ἀνθρώπου,
1137 794 1230 845 καὶ
1252 792 1538 863 ἤλεκτρον,
1572 791 1668 846 καὶ
1690 791 1825 862 πῦρ,
1847 791 1943 844 xal

277 885 452 949 τόξον,
486 885 579 937 καὶ
597 883 734 953 μετά
767 883 942 936 πάντα
971 880 1155 934 ἐκεῖνά
1186 897 1348 950 φησιν
1379 883 1408 934 6
1433 881 1718 950 προφήτης
1736 893 1753 912 ο
1777 877 1940 944 Αὐτὴ

273 972 315 1040 ἡ
341 972 547 1040 ὅρασις
573 969 933 1038 ὸμοιώματος
953 967 1139 1034 δόξης
1166 968 1406 1034 Κυρίου,
1456 966 1552 1019 καὶ
1595 966 1682 1018 διὰ
1724 965 1940 1019 πάντων

274 1059 479 1112 τούτων
512 1057 824 1127 ἐδείκνυμεν
854 1057 981 1125 ὑμῖν
1004 1054 1096 1107 τοῦ
1115 1055 1248 1108 Θεοῦ
1278 1055 1376 1125 τὴν
1404 1054 1828 1122 συγκατάϐασιν,
1849 1053 1942 1105 καὶ

273 1147 476 1214 ταύτην
502 1145 671 1214 αὐτὴν
708 1144 978 1213 ἀφόρητον
1011 1138 1174 1195 οὖσαν
1209 1143 1301 1195 καὶ
1332 1145 1452 1205 ταῖς
1479 1143 1591 1196 ἄνω
1625 1141 1938 1211 δυνάμεσιν.

339 1227 501 1308 H73]
527 1233 592 1302 β’.
625 1233 736 1301 Οὐχ
772 1230 954 1293 ἁπλῶς
983 1231 1039 1283 δέ
1074 1230 1245 1283 ταῦτα
1273 1228 1806 1300 ἀνακεφαλαιοῦμαι·
1828 1229 1940 1282 ἀλλ’

277 1322 460 1392 ἐπειδὴ
489 1321 647 1392 χρέος
677 1320 806 1388 ὑμῖν
830 1318 1027 1386 ὀφείλω
1052 1318 1149 1388 τῆς
1179 1317 1524 1386 ὑποσχέσεως
1558 1317 1791 1388 ἐκείνης,
1826 1316 1944 1388 βού-

275 1411 438 1479 λομαι
474 1407 660 1478 μαθεῖν
698 1405 836 1476 μετὰ
869 1405 1170 1474 ἀκριϐείας,
1204 1405 1256 1456 τί
1301 1405 1398 1474 μὲν
1438 1404 1757 1466 κατέϐαλον,
1793 1405 1846 1457 τί
1884 1405 1940 1458 δὲ

275 1501 677 1552 ὑπολέλειπται.
737 1495 892 1548 Οὕτω
940 1497 1032 1548 καὶ
1077 1498 1125 1548 οί
1161 1496 1229 1548 τὰ
1268 1496 1600 1567 δανείσματα
1637 1497 1942 1566 ὀψείλοντες

275 1589 508 1651 ποιοῦσι,
539 1589 599 1638 τὸ
632 1587 1013 1656 γραμματεῖον
1063 1587 1123 1648 ἐς
1165 1584 1328 1654 μέσον
1373 1587 1694 1653 ἀγαγόντες,
1739 1585 1866 1640 ἔνθα
1913 1588 1942 1640 6

273 1677 429 1742 λόγος
459 1675 565 1735 πᾶς
595 1673 990 1744 ἐγγέγραπται,
1015 1672 1110 1723 καὶ
1133 1673 1243 1734 τοῖς
1269 1671 1575 1735 δανεισταῖς
1593 1675 1705 1735 τοῖς
1733 1673 1942 1727 ἑαυτῶν

273 1759 658 1825 ἐπιδείξαντες,
692 1758 761 1810 τὰ
792 1758 1089 1828 λειπόμενα
1111 1757 1526 1812 καταϐάλλουσι.
1556 1761 1667 1812 Kal
1696 1760 1806 1828 ἐγὼ
1831 1761 1946 1814 τοί-

273 1865 368 1900 νυν
415 1846 665 1918 καθάπερ
711 1845 912 1914 βιϐλίον
941 1844 1255 1911 ἀναπτύξας
1302 1845 1400 1916 τὴν
1432 1847 1655 1918 μνήμην
1697 1848 1796 1917 τῆς
1827 1847 1944 1903 δια-

273 1937 420 2000 νοίας
446 1936 543 2006 τῆς
588 1935 878 2005 ὑμετέρας,
919 1934 1107 2004 ὥσπερ
1139 1933 1388 2004 δακτύλῳ
1434 1935 1538 1988 τινὶ
1571 1935 1649 2005 τῷ
1691 1935 1834 2008 λόγῳ
1873 1937 1943 1990 τά

273 2023 681 2093 καταϐληθέντα
699 2020 988 2086 ἐπιδείξας,
1009 2022 1103 2075 ἐπὶ
1116 2022 1185 2076 τά
1198 2022 1492 2092 λειπόμενα
1511 2021 1801 2094 βαδιοῦμαι
1828 2024 1940 2076 λοι-

274 2106 574 2163 πόν.Τίοῦν
588 2105 654 2180 ἦν
670 2109 730 2162 τὸ
757 2108 1212 2178 ὑπολελειμμένον
1233 2125 1248 2174 ;
1273 2108 1472 2173 Δεῖξαι,
1503 2109 1584 2162 ὅτι
1605 2108 1728 2162 οὔτε
1755 2112 1940 2180 ἀρχαὶ,

273 2197 398 2250 οὐτε
429 2196 685 2263 ἐξουσίαι,
712 2195 835 2250 οὐτε
866 2196 1206 2267 κυριότητες,
1227 2197 1350 2249 οὐτε
1377 2195 1532 2259 εἴτις
1556 2197 1718 2268 ἑτέρα
1749 2198 1942 2270 κτιστὴ

274 2283 503 2356 δύναμίς
537 2287 704 2349 ἐστιν,
744 2286 776 2353 ἠ
809 2283 921 2352 ἔχει
951 2281 1046 2336 τοῦ
1075 2282 1210 2335 Θεοῦ
1243 2282 1340 2354 τὴν
1367 2283 1572 2354 ἀκριϐῆ
1614 2285 1939 2356 κατάληψιν.

275 2373 396 2424 Εἰσὶ
424 2373 554 2443 γάρ,
587 2371 692 2424 είσὶ
715 2370 808 2424 καὶ
837 2371 1020 2442 ἕτεραι
1050 2370 1327 2440 δυνάμεις,
1359 2363 1434 2424 ὧν
1466 2371 1585 2425 οὐδὲ
1608 2371 1678 2425 τὰ
1704 2373 1943 2444 ὀνόματα

275 2461 453 2530 [σμεν.
507 2459 825 2530 Ἐννοήσατε
875 2457 974 2528 τὴν
1025 2458 1281 2512 ἀπόνοιαν
1325 2459 1434 2510 τῶν
1480 2460 1802 2530 αίρετικῶνο
1835 2461 1942 2514 τῶν

273 2547 476 2600 δούλων
513 2545 633 2600 οὐδὲ
658 2545 727 2598 τά
751 2546 996 2616 ὀνόματα
1027 2545 1205 2616 ἴσμεν,
1233 2549 1327 2599 καὶ
1354 2545 1448 2598 τοῦ
1473 2547 1742 2600 Δεσπότου
1775 2549 1944 2620 αὐτὴν

275 2633 372 2704 τὴν
405 2633 592 2686 οὐσίαν
622 2633 1094 2704 περιεργάζονται.
1132 2632 1251 2685 Είσὶ
1297 2633 1396 2702 μέν
1427 2632 1535 2704 γάρ
1579 2634 1820 2702 ἄγγελοι,
1850 2637 1944 2689 καὶ

275 2718 625 2788 ἀρχάγγελοι.
657 2719 750 2772 καὶ
779 2718 980 2788 θρόνοι,
1012 2719 1106 2771 καὶ
1139 2719 1476 2790 κυριότητες,
1509 2720 1602 2772 καὶ
1635 2722 1821 2791 ἀρχαὶ,
1849 2723 1944 2776 καὶ

278 2807 515 2871 ἐξουσίαι
539 2822 552 2835 ο
582 2805 694 2858 ἀλλ’
724 2805 821 2876 οὐχ
853 2798 997 2859 οῦτοι
1029 2806 1178 2876 μόνοι
1205 2808 1253 2858 οί
1281 2807 1440 2877 δῆμοι
1468 2810 1526 2862 ἐν
1559 2811 1668 2872 τοῖς
1697 2810 1944 2881 οὐρανοῖς

276 2897 436 2956 εἰσιν,
465 2893 580 2947 ἀλλ’
614 2893 816 2964 ἄπειρα
841 2892 965 2963 ἔθνη
999 2894 1094 2946 καὶ
1122 2893 1262 2962 φῦλα
1308 2894 1583 2965 ἀμύθητα,
1617 2896 1760 2968 άπερ
1789 2897 1944 2967 λόγος

275 2981 449 3044 οὐδεὶς
497 2981 844 3051 παραστῆσαι
890 2980 1132 3035 δύναται.
1172 2983 1281 3035 Kal
1318 2981 1482 3035 πόθεν
1531 2983 1688 3054 δῆλον
1731 2986 1814 3038 ὅτι
1850 2988 1944 3040 καὶ

275 3068 480 3122 τούτων
503 3067 716 3132 πλείους
733 3069 837 3122 είσὶ
861 3068 1138 3139 δυνάμεις,
1161 3062 1234 3122 ὧν
1253 3068 1373 3122 οὐδέ
1404 3070 1469 3123 τὰ
1493 3070 1730 3141 ὀνόματα
1755 3073 1940 3144 ἴσμεν;

289 3157 348 3209 Ὀ
377 3157 547 3210 ταῦτα
568 3159 804 3228 εἰρηκὼς
830 3156 1040 3221 Παῦλος
1062 3157 1155 3210 xal
1182 3157 1336 3209 τοῦτό
1362 3174 1525 3228 φησιν
1549 3159 1748 3212 οὑτωσὶ
1771 3160 1942 3228 λέγων

277 3245 406 3315 περὶ
435 3244 529 3299 τοῦ
560 3245 793 3314 Χριστοῦ
811 3261 824 3273 '
861 3243 1180 3298 Ἐκάθισεν
1209 3243 1397 3297 αὐτὸν
1426 3245 1701 3312 ὑπεράνω
1742 3248 1945 3315 πάσης

275 3328 490 3399 ἀρχῆς,
515 3331 611 3384 καὶ
641 3329 944 3396 ἐξουσίας,
969 3331 1064 3383 καὶ
1089 3329 1417 3398 δυνάμεως,
1448 3333 1545 3385 καὶ
1565 3335 1790 3400 παντὸς
1815 3337 1946 3390 ὀνό-

273 3433 462 3486 ματος
491 3415 944 3485 ὀνομαζομένου,
979 3418 1052 3470 οὐ
1080 3419 1274 3484 μόνον
1307 3419 1376 3471 ἐν
1406 3418 1486 3484 τῷ
1523 3419 1690 3475 αίῶνι
1736 3424 1942 3490 τούτῳ,

278 3503 439 3558 ἀλλὰ
469 3503 568 3558 καὶ
593 3503 664 3557 ἐν
692 3501 771 3568 τῷ
793 3505 1104 3572 μέλλοντι.
1147 3505 1363 3575 Ὀράτε,
1391 3507 1472 3559 ὅτι
1506 3509 1630 3561 τινά
1659 3510 1807 3562 ἐστιν
1831 3512 1948 3563 όνό-

286 3609 434 3662 ματα
458 3594 574 3645 ἐκεῖ
600 3591 861 3662 μέλλοντα
885 3591 1136 3661 γνώριμα
1163 3593 1428 3661 γίνεσθαι,
1457 3595 1599 3666 άπερ
1633 3597 1806 3668 ἄδηλά
1831 3601 1947 3652 ἐστι

286 3677 414 3742 νῦν;
449 3680 546 3733 Διά
575 3678 732 3732 τοῦτο
761 3675 933 3744 εἶπεν,
967 3681 1039 3732 Οὐ
1070 3680 1227 3750 μόνον
1260 3681 1317 3734 ἐν
1341 3681 1418 3752 τῷ
1448 3683 1604 3737 αίῶνι
1625 3685 1800 3756 τούτῳ
1825 3689 1946 3740 όνο-

289 3765 592 3834 μαζόμενα,
619 3766 752 3820 ἀλλά
781 3767 874 3820 καὶ
903 3769 961 3820 ἐν
986 3767 1062 3838 τῷ
1091 3767 1358 3838 μέλλοντι.
1392 3770 1503 3824 Καὶ
1527 3771 1579 3823 τί
1613 3771 1946 3842 θαυμαστὸν,

281 3853 331 3904 εί
362 3852 462 3920 τῆς
491 3853 674 3916 οὐσίας
697 3855 795 3924 τὴν
828 3855 1030 3925 ἀκριϐῆ
1078 3856 1380 3927 κατάληψιν
1407 3858 1507 3910 οὐκ
1544 3858 1762 3928 έχουσις
1791 3860 1949 3915 τοῦτο

280 3938 390 4010 γὰρ
421 3939 570 3994 οὐδὲν
613 3941 753 4010 μέγα
796 3941 1092 4006 ἀποδεῖξαι.
1132 3944 1252 3996 Τῶν
1281 3943 1389 4014 γάρ
1421 3946 1742 4016 οίκονομιῶν
1782 3947 1948 4001 αὐτοῦ

280 4024 482 4089 πολλὰς
510 4025 608 4078 οὐκ
634 4027 811 4080 ῐσασιν
838 4030 892 4080 al
921 4029 1033 4082 ἄνω
1061 4029 1316 4100 δυνάμεις
1341 4023 1519 4093 αῦται,
1547 4033 1604 4085 αἱ
1632 4033 1818 4103 ἀρχαὶ,
1854 4035 1949 4088 καὶ

281 4116 542 4181 ἐξουσίαι,
587 4117 682 4170 καὶ
722 4119 1055 4190 κυριότητες.
1109 4122 1218 4174 Kal
1256 4121 1414 4174 τοῦτο
1445 4122 1606 4176 πάλιν
1639 4124 1735 4178 ἀπ’
1769 4125 1950 4179 αὐτῶν

280 4204 390 4256 τῶν
418 4203 786 4258 ἀποστολικῶν
811 4205 1164 4276 ἀποδείξομεν
1197 4207 1480 4278 ῥημάτων,
1516 4210 1599 4264 ὃτι
1637 4212 1950 4283 οἰκονομίας

283 4289 446 4344 αὐτοῦ
473 4307 625 4354 τινας
649 4291 766 4360 μεθ’
795 4291 951 4361 ἡμῶν
979 4291 1199 4362 ἔμαθον,
1236 4295 1330 4346 καὶ
1369 4294 1474 4366 πρὸ
1501 4296 1659 4366 ἡμῶν
1686 4298 1786 4351 οὐκ
1826 4299 1950 4370 ᾕδε-

286 4394 386 4430 σαν
406 4391 422 4408 °
459 4377 520 4430 οὐ
555 4376 715 4447 μόνον
739 4377 795 4430 δέ
823 4377 940 4447 μεθ’
969 4378 1125 4450 ἡμῶν
1145 4378 1366 4450 ἔμαθον,
1399 4381 1535 4435 ἀλλὰ
1559 4384 1653 4437 καὶ
1675 4384 1742 4437 δι’
1766 4386 1946 4456 ἡμῶν.

295 4461 556 4530 Ἐτέραις
583 4462 692 4532 γὰρ
720 4464 948 4532 γενεαῖς
980 4467 1090 4518 οὐκ
1115 4465 1464 4535 ἐγνωρίσθη,
1511 4472 1696 4539 φησὶν,
1726 4471 1808 4537 ὡς
1832 4472 1952 4525 νῦν

283 4547 676 4618 ἀπεκαλύφθη
709 4550 831 4616 τοῖς
850 4551 1039 4620 ἁγίοις
1069 4552 1434 4620 ἀποστόλοις
1457 4555 1644 4610 αὐτοῦ
1672 4559 1770 4612 καί
1803 4576 1947 4626 προ-

283 4632 518 4701 φήταις,
551 4631 700 4689 εἶναι
733 4636 806 4690 τὰ
832 4637 978 4707 ἔθνη
1023 4641 1486 4710 συγκληρόνομα
1525 4642 1623 4696 καὶ
1651 4645 1950 4714 σύσσωμα

284 4721 382 4773 καὶ
408 4721 755 4793 συμμέτοχα
785 4723 894 4792 τῆς
916 4725 1276 4795 ἐπαγγελίας
1301 4729 1484 4783 αὐτοῦ
1516 4731 1592 4789 (αἱ
1625 4731 1680 4785 δὲ
1713 4735 1950 4803 ἐπαγγε-

285 4807 393 4861 λίαι
423 4811 536 4871 τοῖς
590 4809 862 4875 Ἰουδαίοις
899 4807 1041 4882 ἦσαν
1072 4813 1373 4884 δεδομέναι)
1419 4817 1516 4872 διὰ
1540 4819 1647 4873 τοῦ
1685 4824 1948 4892 Εὐαγγε-

285 4899 442 4962 λίου,
472 4894 547 4953 οὗ
580 4899 874 4970 ἐγενόμην
897 4903 1012 4972 ἐγὼ
1047 4903 1288 4970 Παῦλος
1314 4904 1611 4974 διάκονος.
1645 4909 1756 4962 Kal
1785 4911 2028 4978 πόθενιυ
2056 4894 2181 4972 θείς
2207 4894 2426 4942 ww“
2458 4894 2695 4930 πωποτε
2725 4894 2744 4940 ἶ
2786 4894 2892 4932 VWG
2921 4894 3098 4952 μαυῃς
3135 4894 3216 4934 οτι
3254 4894 3355 4980 inv
3388 4894 3727 4987 “plains—

285 4983 442 5036 τοῦτο
459 4983 614 5039 δῆλον
628 4986 708 5039 ὅτι
733 4987 826 5039 νῦν
847 4987 1048 5039 ἔμαθον
1070 4990 1126 5039 αἱ
1143 4989 1255 5039 ἄνω
1272 4990 1558 5039 δυνάμειςξ
1584 4993 1654 5039 τὰ
1673 4993 1782 5039 ’γὰο
1806 4999 1950 5039 ρίητι.
1992 4984 2018 5003 ’
2055 4978 2148 5014 του
2183 4961 2485 5032 κατάληψιν
2514 4964 2605 5016 καὶ
2628 4964 2728 5034 τὴν
2752 4967 3167 5038 τετρανωμένην
3187 4984 3390 5036 γνωσιν
3412 4969 3578 5039 λέγει·
3625 4979 3727 5027 Οτι

283 4983 442 5036 τοῦτο
459 4983 614 5055 δῆλον
628 4986 708 5039 ὅτι
733 4987 826 5040 νῦν
847 4987 1048 5058 ἔμαθον
1070 4990 1126 5042 αἱ
1143 4989 1255 5043 άνω
1272 4990 1558 5062 δυνάμεις;
1584 4993 1654 5046 τά
1673 4993 1782 5066 γὰρ
1806 4999 1950 5068 εἰρη-

288 5070 426 5139 μένα
453 5073 580 5144 περὶ
619 5073 918 5145 ἀνθρώπων
951 5075 1186 5146 εἴρηται.
1223 5076 1485 5131 ’Ἄκουσον
1515 5075 1629 5136 οῦν.
1678 5081 1838 5151 Ἐμοί
1871 5082 1949 5148 τῷ

281 5157 731 5230 ἐλαχιστοτέρῳ,
776 5161 928 5231 φησὶ,
964 5161 1205 5215 πάντων
1235 5163 1418 5230 ἁγίων
1447 5165 1473 5203 δ
1501 5164 1676 5236 ἐδόθη
1707 5167 1745 5234 1}
1775 5169 1948 5237 χάρις

281 5244 454 5311 αῦτη,
488 5249 988 5314 εὐαγγελίσασθαι
1009 5249 1078 5300 ἐν
1104 5247 1228 5313 τοῖς
1257 5249 1460 5303 ἔθνεσι
1481 5251 1588 5304 τὸν
1608 5253 1755 5317 άνεξ
1760 5272 1773 5304 ι
1781 5256 1948 5320 χνίιι-

281 5340 433 5381 στον
468 5330 734 5385 πλοῦτον
772 5331 877 5384 τοῦ
912 5333 1188 5398 Χριστοῦ.
1225 5334 1290 5386 Τί
1321 5333 1467 5387 ἔστιν
1507 5337 1944 5405 ἀνεξιχνίαστον;

280 5413 373 5484 Μὴ
417 5415 716 5486 δυνάμενον
767 5416 1098 5488 ζητηθῆναιο
1143 5420 1202 5472 οὐ
1240 5421 1398 5487 μόνον
1435 5421 1492 5473 δέ
1531 5423 1606 5492 μὴ
1652 5423 1946 5494 δυνάμενον

281 5496 586 5568 εὑρεθῆναι,
617 5500 731 5552 ἀλλ’
759 5500 882 5553 οὐδέ
923 5502 1321 5572 ἀνιχνευθῆναι.
1354 5505 1737 5563 ,Ἀκουέτωσαν
1781 5510 1945 5564 πάλιν

340 5619 369 5698 ξ
389 5621 616 5698 ﬁlium!!!
636 5623 1024 5698 Sav:_o::1tpéaltoy
1038 5627 1340 5698 παραστήσῃ.
1366 5628 1730 5698 Πειρηγάγομεν.

278 5679 370 5788 ἂνξ
395 5679 545 5755 ξδγίι.
572 5688 624 5731 (ιι
651 5682 793 5733 mulli
817 5679 930 5732 mss.
955 5679 1140 5733 πάντων
1176 5679 1339 5749 ἁγίων,
1382 5679 1733 5742 Mdu-61.613!“
1754 5693 1943 5743 πάντων

363 5755 552 5788 οωπων.

363 5755 552 5804 ρωπων.

1054 239 1110 294 S.
1135 237 1419 296 JOANNSS
1456 234 1942 293 CHRYSOSTOMI
1980 233 2304 293 ARCIIIEP.
2345 238 2898 298 CONSTANTINOP.

3617 245 3725 303 730

2051 351 2166 416 πῶς
2197 356 2378 409 πυκνὰ
2425 358 2518 410 καὶ
2569 357 2844 428 ἐπάλληλα
2893 357 3107 411 δίδωσιν
3146 359 3326 424 αὐτοῖς
3361 361 3429 414 τὰ
3468 361 3625 432 βὲλη.
3656 365 3718 418 ει

2049 438 2159 509 γάρ
2199 441 2228 493 6
2270 441 2496 506 πλοῦτος
2535 443 2956 513 ἀνεξιχνίαστος,
2989 445 3105 509 πῶς
3133 447 3162 500 6
3197 445 3586 518 δωρησάμενος
3626 451 3718 502 τὸν

2052 526 2280 581 πλοῦτον
2309 528 2411 582 οὐκ
2437 529 2835 600 ἀνεξιχνίαστος
2854 547 2870 597 ;
2891 531 2998 586 Καί
3028 533 3279 600 φωτίσαι
3310 534 3543 602 πάντας
3567 538 3656 602 τίς
3677 538 3716 605 ἠ

2049 615 2356 684 οἰκονομία
2378 615 2484 670 τοῦ
2510 619 2851 686 μυστηρίου
2879 619 2988 673 τοῦ
3009 621 3545 691 ἀποκεκρυμμένου
3569 624 3720 697 [474]

2048 702 2120 754 ἐν
2145 701 2224 766 τῷ
2262 703 2404 765 Θεῷ,
2444 703 2544 757 ἵνα
2579 704 2879 773 γνωρισθῇ
2903 706 3021 760 νῦν
3047 707 3176 774 ταῖς
3212 709 3423 778 ἀρχαῖς
3450 710 3551 764 καὶ
3589 713 3721 778 ταῖς

2048 788 2358 856 ἐξουσίαις
2385 790 2481 844 διὰ
2510 790 2618 859 τῆς
2651 793 3016 862 Ἐκκλησίας
3048 796 3086 862 ἠ
3135 799 3576 866 πολυποίκιλος
3615 816 3723 855 σο-

2049 877 2157 943 φία
2194 876 2300 930 τοῦ
2335 877 2503 932 Θεοῦ.
2540 881 2816 943 Ἤκουσας
2860 881 2978 945 πῶς
3025 881 3139 950 νῦν,
3170 883 3291 954 οὐχὶ
3335 886 3443 957 πρὸ
3502 889 3718 952 τούτου,

2050 965 2292 1033 ἔγνωσαν
2321 969 2376 1020 αἱ
2414 967 2672 1040 δυνάμεις
2716 971 2922 1026 ἐκεῖναι
2953 973 3161 1038 ταῦτα;
3197 976 3262 1026 Ἃ
3305 975 3415 1046 γὰρ
3462 976 3723 1048 βασιλεὺς

2051 1052 2382 1122 βουλεύεται,
2409 1057 2437 1108 6
2455 1055 2801 1132 ὑπασπιστής
2814 1059 2912 1112 οὐκ
2938 1060 3243 1116 ἐπίσταται.
3265 1063 3397 1116 Ἵνα
3417 1065 3726 1136 γνωρισθῇ

2048 1140 2166 1194 νῦν
2197 1141 2326 1208 ταῖς
2351 1142 2563 1211 ἀρχαῖς
2588 1145 2684 1198 καὶ
2705 1145 2833 1212 ταῖς
2857 1147 3186 1214 ἐξουσίαις,
3215 1149 3311 1203 διὰ
3330 1149 3442 1218 τῆς
3471 1154 3726 1221 Ἐκκλη-

2048 1229 2190 1294 σίος
2222 1231 2260 1298 ἡ
2295 1232 2732 1298 πολυποίκιλος
2757 1235 2942 1303 σοφία
2971 1236 3075 1289 τοῦ
3099 1237 3266 1292 Θεοῦ.
3295 1239 3432 1312 Ὀρα
3461 1241 3565 1312 ὅση
3588 1243 3724 1314 τιμὴ

2051 1317 2186 1390 πρὸς
2217 1317 2315 1389 τὴν
2342 1320 2689 1390 ἀνθρωπίνην
2715 1321 2930 1390 ἐγένετο
2958 1323 3140 1393 φύσιν,
3168 1326 3249 1378 ὅτι
3287 1327 3380 1378 καὶ
3416 1328 3538 1397 μεθ’
3561 1331 3724 1402 ήμῶν

2049 1405 2144 1457 καὶ
2170 1404 2238 1457 δι’
2261 1406 2420 1476 ήμῶν
2448 1408 2504 1458 αί
2533 1408 2647 1462 ἀνω
2667 1408 2926 1480 δυνάμεις
2955 1410 3196 1480 ἔγνωσαν
3223 1414 3290 1468 τά
3309 1415 3604 1488 ἀπόρρητα
3627 1419 3724 1472 τοῦ

2051 1491 2346 1562 βασιλέως*
2409 1495 2569 1549 Ἀλλά
2613 1496 2776 1550 πόθεν
2802 1497 2980 1568 δῆλον,
3030 1501 3111 1554 ὅτι
3157 1503 3287 1573 περὶ
3336 1505 3561 1557 ἐκείνων
3611 1511 3729 1559 τῶν

2050 1582 2385 1651 ἐπουρανίων
2410 1583 2591 1652 λέγεις
2616 1583 2722 1637 Kal
2747 1585 2857 1658 γὰρ
2881 1586 3057 1657 ἀρχάς
3085 1589 3178 1641 καὶ
3201 1589 3449 1654 ἐξουσίας
3473 1597 3573 1646 καὶ
3597 1596 3730 1660 τοὺς

2049 1668 2309 1752 δαίμονας
2337 1665 2444 1722 οἶδε
2479 1671 2664 1724 καλεῖν
2689 1672 2860 1741 λέγων
2887 1691 2900 1705 ·
2942 1677 3061 1730 Οὐκ
3089 1679 3260 1731 ἐστιν
3295 1679 3441 1748 ἡμῖν
3477 1682 3518 1750 ἠ
3554 1681 3729 1752 πάλη

2049 1755 2202 1823 πρὸς
2232 1751 2376 1825 οἶμα
2397 1757 2496 1810 καὶ
2543 1757 2760 1826 σάρκα,
2792 1760 2950 1814 ἀλλὰ
2990 1763 3141 1831 πρὸς
3185 1763 3291 1831 τὰς
3321 1766 3536 1836 ἀρχὰς,
3574 1751 3732 1838 πρὸς

2049 1841 2158 1910 τὰς
2183 1842 2492 1909 ἐξουσίας,
2539 1847 2689 1913 πρὸς
2717 1846 2860 1912 τοὺς
2905 1850 3390 1920 κοσμοκράτορας
3435 1856 3547 1909 τοῦ
3584 1859 3734 1909 σκόο

2049 1945 2192 1996 τους
2218 1929 2326 1985 τοῦ
2358 1930 2572 1999 αἰῶνος
2617 1936 2850 1988 τούτου.
2892 1931 3038 2007 Ἀρα
3083 1933 3176 1991 οῦν
3229 1940 3304 2010 μὴ
3351 1943 3447 1996 καὶ
3483 1944 3734 1998 ἐνταῦθα

2049 2017 2208 2070 τοῦτο
2248 2017 2394 2087 λέγει
2436 2019 2518 2073 ὅτι
2556 2022 2604 2073 οί
2633 2021 2884 2093 δαίμονες
2933 2025 3054 2078 τότε
3107 2025 3379 2094 ἐγνωσανς
3429 2030 3729 2100 Οὐδαμῶς,

2050 2104 2187 2158 ἀλλά
2220 2107 2349 2176 περὶ
2383 2107 2606 2161 ἐκείνων
2634 2109 2742 2162 τῶν
2770 2110 2882 2164 ἀνω
2906 2110 3186 2182 δυνάμεων
3206 2131 3218 2144 ·
3257 2113 3427 2169 εἰπὼν
3473 2113 3590 2189 γὰρ
3624 2121 3735 2185 τὰς

2049 2191 2239 2260 ἀρχὰς
2269 2193 2366 2244 καί
2405 2193 2513 2260 τὰς
2548 2194 2855 2262 ἐξουσίας,
2901 2198 3202 2270 ἐπήγαγεν,
3257 2202 3358 2256 Ἐν
3386 2201 3514 2268 τοῖς
3547 2205 3734 2260 ἐπου-

2041 2278 2294 2344 ρανίοις.
2343 2280 2579 2334 Ἐκεῖναι
2614 2283 2714 2352 μὲν
2747 2283 2859 2355 γάρ
2892 2286 2949 2338 αἱ
2974 2287 3140 2357 ἀρχαὶ
3167 2289 3260 2341 καὶ
3290 2289 3531 2356 ἐξουσίαι
3562 2293 3733 2346 ἐπου-

2055 2365 2245 2436 ράνιοι,
2277 2359 2434 2421 αὗται
2465 2368 2521 2422 δὲ
2544 2372 2602 2422 αί
2629 2371 2795 2442 ἀρχαὶ
2822 2373 2916 2426 καὶ
2939 2373 3175 2438 ἐξουσίαι
3203 2375 3308 2429 ὑπὸ
3337 2378 3428 2430 τὸν
3456 2379 3694 2449 οὐρανόν
3713 2397 3728 2412 ο

2050 2453 2137 2506 διὰ
2167 2453 2325 2506 τοῦτο
2360 2457 2452 2509 καὶ
2484 2460 2930 2531 κοσμοκράτορας
2959 2462 3154 2526 αὐτοὺς
3185 2464 3360 2525 καλεῖ,
3399 2465 3624 2530 δεικνὺς
3647 2469 3731 2522 ὅτι

2050 2541 2250 2607 ἄϐατος
2273 2545 2456 2608 αὐτοῖς
2479 2545 2627 2599 ἐστιν
2649 2549 2678 2600 6
2705 2549 2948 2619 οὐρανὸς,
2979 2551 3072 2602 καὶ
3103 2551 3202 2622 τὴν
3225 2553 3516 2623 τυραννίδα
3543 2557 3730 2612 πᾶσαν

2051 2631 2110 2682 ἐν
2130 2629 2210 2700 τῷ
2243 2631 2472 2704 παρόντι
2493 2633 2682 2705 κόσμῳ
2713 2635 3113 2691 ἐπιδείκνυνται
3145 2639 3326 2709 μόνον.

2119 2784 2186 2846 γ’.
2218 2777 2371 2842 Εἶδες
2401 2779 2519 2843 πῶς
2547 2780 2643 2834 xal
2673 2781 2790 2852 μεθ’
2827 2783 2982 2854 ἡμῶν
3040 2785 3135 2838 καὶ
3177 2785 3242 2840 δι’
3272 2787 3433 2858 ἡμῶν
3477 2789 3731 2859 ἔγνωσαν

2048 2863 2253 2931 ταῦτα;
2293 2866 2430 2920 Ἀλλ’
2457 2867 2550 2920 ἐπὶ
2579 2869 2679 2936 τὴν
2717 2869 2809 2921 τοῦ
2842 2871 3036 2940 χρέους
3071 2871 3255 2927 λοιπὸν
3289 2875 3603 2947 καταϐολὴν
3637 2878 3732 2930 τὸν

2051 2951 2207 3020 λόγον
2250 2954 2565 3024 ἀγάγωμεν,
2605 2954 2910 3018 δεικνύντες
2946 2959 3026 3010 ὅτι
3071 2960 3170 3014 οὐκ
3212 2961 3390 3014 ῐσασιν
3421 2963 3592 3016 αὐτοῦ
3629 2964 3731 3035 τὴν

2050 3039 2238 3093 οὐσίαν
2263 3039 2386 3094 οὐτε
2416 3041 2602 3112 ἀρχαὶ,
2636 3041 2759 3096 οὐτε
2791 3044 3046 3111 ἐξουσίαι.
3077 3046 3172 3110 Τίς
3204 3044 3296 3104 οὖν
3324 3049 3500 3105 ταῦτά
3521 3067 3727 3122 φησινς

2051 3126 2246 3180 Οὐκέτι
2283 3126 2513 3192 Παῦλος,
2554 3129 2739 3182 οὐκέτι
2775 3132 3024 3196 Ἡσαΐας,
3069 3134 3248 3188 οὐκέτι
3293 3135 3575 3209 Ἰεζεκιὴλ,
3613 3140 3730 3192 ἀλλ’

2051 3211 2237 3282 ἕτερον
2269 3213 2460 3278 σκεῦος
2493 3216 2667 3284 ἀγιον,
2709 3217 2869 3281 αὐτὸς
2895 3222 2923 3272 6
2960 3219 3060 3288 τῆς
3095 3221 3320 3294 βροντῆς
3351 3224 3486 3288 υίὸς,
3521 3227 3552 3278 6
3589 3227 3732 3292 ἀγα-

2053 3300 2224 3370 πητὸς
2253 3301 2347 3354 τοῦ
2389 3301 2626 3374 Χριστοῦ
2669 3306 2942 3378 Ἰωάννης,
2978 3312 3005 3364 6
3029 3311 3126 3364 ἐπὶ
3167 3311 3228 3364 τὸ
3261 3312 3454 3382 στῆθος
3494 3315 3732 3367 ἀνακλι-

2054 3388 2167 3451 θεὶς
2193 3389 2255 3442 τὸ
2286 3392 2630 3453 Δεσποτικὺν,
2657 3395 2752 3448 καὶ
2787 3395 2886 3459 τὰς
2930 3397 3079 3462 θείας
3121 3399 3304 3470 πηγὰς
3347 3400 3561 3453 ἐκεῖθεν
3586 3403 3731 3472 ἀρυ-

2056 3476 2304 3547 σάμενος.
2376 3479 2442 3532 Τί
2491 3475 2583 3534 οῦν
2637 3477 2791 3546 οῦτός
2844 3501 3006 3553 φησι;
3057 3486 3208 3539 Θεὸν
3255 3487 3453 3554 οὐδεὶς
3501 3489 3732 3556 ἑώρακε

2052 3563 2307 3618 πώποτε.
2345 3567 2550 3629 Ὀντως
2581 3567 2808 3639 βροντῆς
2835 3571 2980 3633 υἱός·
3017 3571 3314 3640 σάλπιγγος
3339 3574 3446 3645 γὰρ
3474 3573 3732 3645 λαμπρο-

2053 3651 2220 3722 τέραν
2270 3652 2450 3724 ἀφῆκε
2485 3655 2668 3726 φωνὴν
2721 3657 2912 3726 ἱκανὴν
2959 3659 3314 3730 καταισχῦναι
3345 3663 3557 3725 πάντας
3599 3664 3732 3724 τοὺς

2056 3738 2511 3805 φιλονεικοῦντας.
2578 3742 2716 3796 Ἀλλ’
2774 3743 2973 3813 ἴδωμεν
3033 3745 3126 3799 καὶ
3174 3747 3236 3799 τὸ
3285 3748 3624 3818 ἀντικροῦον.
3661 3751 3731 3803 Τί

2055 3827 2256 3895 λέγεις,
2295 3829 2416 3882 είπέ
2463 3847 2576 3900 μοι,
2623 3831 2879 3902 Ἰωάννης
2917 3833 3066 3886 Θεὸν
3103 3835 3305 3901 οὐδεὶς
3340 3835 3561 3904 ἑώρακε
3605 3838 3729 3891 πώ-

2057 3927 2239 3978 ποτε;
2297 3914 2350 3968 τί
2401 3910 2494 3968 οῦν
2551 3916 2852 3988 ποιήσομεν
2895 3922 3007 3983 τοῖς
3065 3921 3374 3992 προφήταις
3433 3922 3727 3992 λέγουσιν,

2056 4001 2137 4054 δτι
2169 3995 2309 4056 εἶδον
2333 4001 2424 4055 τὸν
2463 4001 2635 4068 Θεόν;
2681 4004 2740 4058 '0
2773 4006 2871 4076 μὲν
2906 4007 3011 4079 γὰρ
3053 4009 3278 4074 Ἡσαΐας
3307 4009 3490 4080 φησὶν,
3542 4007 3734 4065 Εἶδον

2057 4089 2164 4143 τὸν
2209 4091 2431 4158 Κύριον
2494 4091 2839 4161 καθήμενον
2888 4095 2987 4148 ἐπὶ
3039 4097 3258 4163 θρόνου
3306 4099 3556 4166 ὑψηλοῦ
3624 4101 3733 4153 καὶ

2055 4176 2392 4245 ἐπηρμένου
2417 4193 2432 4210 °
2487 4177 2517 4230 6
2548 4177 2602 4231 δέ
2645 4179 2843 4249 Δανιὴλ
2885 4181 3066 4245 πάλιν,
3100 4181 3285 4238 Εἶδον
3323 4185 3434 4251 ἕως
3469 4183 3543 4242 οὗ
3585 4191 3728 4256 θρό-

2055 4280 2150 4316 νοι
2201 4264 2518 4330 ἐτέθησαν.
2578 4266 2678 4319 καὶ
2735 4268 2770 4320 ὁ
2813 4269 3076 4335 Παλαιὸς
3133 4269 3254 4323 τῶν
3302 4271 3538 4341 ἠμί-φῶν
3584 4276 3733 4330 ἑκά.

2057 4353 2234 4416 θητο·
2271 4353 2382 4405 Kal
2418 4353 2448 4405 6
2485 4351 2753 4421 Μιχαίας,
2802 4349 2986 4408 Εἶδον
3021 4359 3129 4410 τὸν
3165 4359 3384 4426 Κύριον
3427 4361 3537 4414 τὸν
3572 4365 3736 4418 Θεέν

2055 4439 2162 4492 τοῦ
2189 4438 2440 4507 Ἰσραὴλ
2483 4439 2825 4508 καθήμενον
2851 4441 2950 4496 ἐπὶ
2990 4443 3096 4498 τοῦ
3129 4447 3345 4512 θρόνου
3372 4449 3561 4502 αὐτοῦ
3587 4467 3603 4481 ο
3628 4454 3732 4505 καὶ

2056 4525 2242 4598 ἕτερος
2270 4527 2554 4598 προφήτης
2582 4527 2766 4593 πάλιν,
2796 4525 2978 4583 Εἶδον
2999 4529 3105 4583 τὸν
3134 4533 3352 4600 Κύριον
3373 4534 3605 4591 ἑστῶτα
3624 4539 3732 4592 ἐπὶ

2057 4613 2164 4667 τοῦ
2222 4615 2674 4682 θυσιαστηρίου,
2722 4616 2819 4668 καὶ
2858 4611 2989 4670 εἶπέ
3034 4635 3164 4685 μοι’
3203 4619 3476 4684 πάταξον
3510 4623 3612 4675 ἐπὶ
3657 4627 3730 4679 τὸ

2057 4698 2429 4768 ἱλαστήριον.
2475 4701 2584 4754 Kal
2617 4701 2818 4766 πολλὰς
2856 4703 3108 4768 τοιαύτας
3147 4705 3264 4760 ἔστι
3295 4708 3548 4776 συνάγειν
3579 4728 3731 4782 μαρ-

2057 4788 2268 4856 τυρίας.
2304 4787 2428 4850 Πῶς
2457 4785 2549 4843 οῦν
2575 4789 2605 4840 6
2646 4789 2895 4860 Ἰωάννης
2929 4791 3125 4860 φησὶν,
3153 4793 3236 4846 ὅτι
3289 4794 3399 4848 Τὸν
3436 4795 3588 4849 Θεὸν
3626 4802 3732 4851 οὺ-

2056 4873 2181 4939 δεὶς
2207 4875 2426 4942 ἑώρακε
2458 4875 2695 4930 πώποτε
2725 4892 2744 4940 ;
2775 4877 2892 4932 Ἷνα
2921 4877 3098 4952 μάθῃς
3135 4881 3216 4934 ὅτι
3254 4881 3355 4952 τὴν
3388 4884 3594 4954 ἀκριϐῆ
3626 4887 3731 4940 αὐ-

2056 5047 2163 5116 γάρ
2193 5047 2368 5102 πάντα
2420 5050 2601 5104 ἐκεῖνα
2637 5052 3044 5119 συγκατάϐασις
3067 5049 3157 5124 ἦν,
3189 5055 3284 5108 καὶ
3311 5055 3590 5127 ἀκραιφνῆ
3624 5060 3729 5130 τὴν

2055 5133 2242 5187 οὐσίαν
2268 5135 2441 5199 οὐδεὶς
2471 5133 2608 5190 εἶδεν
2643 5136 2884 5199 ἐκείνων,
2915 5137 3075 5207 δῆλον
3105 5141 3169 5192 ἐκ
3195 5139 3288 5193 τοῦ
3313 5141 3585 5214 διαφόρως
3601 5145 3730 5198 Exa-

2057 5236 2181 5273 στον
2240 5223 2392 5292 όρᾷν.
2451 5222 2510 5276 Ὀ
2549 5221 2657 5293 γὰρ
2701 5223 2831 5288 Θεὸς
2885 5224 3089 5289 ἁπλοῦς
3145 5226 3239 5280 καὶ
3299 5227 3591 5293 ἀσύνθετος
3630 5234 3728 5286 καὶ

2055 5310 2490 5380 ἀσχημάτιστοςο
2517 5307 2659 5365 οῦτοι
2703 5310 2760 5364 δέ
2789 5312 3026 5376 ἅπαντες
3066 5315 3322 5383 σχήματα
3350 5315 3576 5370 ἔϐλεπον
3602 5319 3729 5372 διά-

2055 5413 2217 5465 φορα.
2245 5396 2415 5449 Τοῦτο
2451 5397 2580 5464 γοῦν
2615 5397 2747 5451 αὐτὸ
2781 5398 2846 5451 δι’
2887 5399 3072 5469 ἐτέρου
3122 5401 3400 5472 προφήτου
3443 5403 3729 5473 ἐμφαίνων

2055 5482 2253 5548 πάλιν,
2293 5484 2388 5536 καὶ
2421 5483 2622 5536 πείθων
2667 5485 2862 5546 αὐτοὺς
2902 5484 2978 5548 ὡς
3013 5487 3114 5538 οὐκ
3147 5487 3350 5558 ἀκριϐῆ
3395 5490 3497 5560 τὴν
3535 5491 3726 5545 οὐσίαν

2053 5566 2212 5634 εἶδον,
2247 5570 2430 5640 ἔλεγεν
2455 5589 2466 5602 ο
2496 5570 2638 5638 Ἐγὼ
2681 5574 2922 5639 δράσεις
2959 5573 3296 5640 ἐπλήθυνα,
3321 5575 3418 5628 καί
3457 5576 3529 5628 ἐν
3550 5579 3723 5645 χερσὶ

2054 5657 2376 5724 προφητῶν
2405 5656 2728 5725 ὡμοιώθην.
2757 5659 2873 5712 Οὐκ
2893 5659 3062 5730 αὐτὴν
3084 5659 3182 5730 τὴν
3206 5659 3394 5713 οὐσίαν
3417 5661 3594 5726 ἐδειξα
3623 5665 3724 5733 τὴν

2053 5743 2212 5814 ἐμὴν,
2243 5743 2378 5798 ἀλλά
2419 5744 2782 5816 συγκατέϐην,
2823 5747 2989 5816 φησι,
3027 5747 3163 5818 πρὸς
3191 5747 3291 5818 τὴν
3319 5748 3428 5801 τῶν
3471 5749 3725 5824 ὁρώντων
