  <div class='ocr_page' id='page_1' title='image "/cluster/home/n/w/nwhite01/storage/ocr_20150623/48/nnc1.0046978267/210.png"; bbox 0 0 3854 6222; ppageno 0'>
   <div class='ocr_carea' id='block_1_1' title="bbox 251 279 358 335">
    <p class='ocr_par' dir='ltr' id='par_1_1' title="bbox 251 279 358 335">
     <span class='ocr_line' id='line_1_1' title="bbox 251 279 358 335; baseline 0.009 -6"><span class='ocrx_word' id='word_1_1' title='bbox 251 279 358 335; x_wconf 70' lang='lat'><strong>79.9</strong></span> 
     </span>
    </p>
   </div>
   <div class='ocr_carea' id='block_1_2' title="bbox 251 385 1823 465">
    <p class='ocr_par' dir='ltr' id='par_1_2' title="bbox 251 385 1823 465">
     <span class='ocr_line' id='line_1_2' title="bbox 251 385 1823 465; baseline -0.004 -19"><span class='ocrx_word' id='word_1_2' title='bbox 251 409 413 465; x_wconf 76' lang='lat' dir='ltr'><strong>porro</strong></span> <span class='ocrx_word' id='word_1_3' title='bbox 437 392 569 447; x_wconf 75' lang='lat' dir='ltr'><strong>dixit</strong></span> <span class='ocrx_word' id='word_1_4' title='bbox 589 390 804 457; x_wconf 75' lang='lat' dir='ltr'><strong>Paulus,</strong></span> <span class='ocrx_word' id='word_1_5' title='bbox 829 405 931 445; x_wconf 85' lang='lat' dir='ltr'><strong>non</strong></span> <span class='ocrx_word' id='word_1_6' title='bbox 950 398 1006 443; x_wconf 94' lang='lat' dir='ltr'><strong>ut</strong></span> <span class='ocrx_word' id='word_1_7' title='bbox 1027 390 1191 443; x_wconf 89' lang='lat' dir='ltr'><strong>Deum</strong></span> <span class='ocrx_word' id='word_1_8' title='bbox 1211 389 1330 443; x_wconf 90' lang='lat' dir='ltr'><strong>loco</strong></span> <span class='ocrx_word' id='word_1_9' title='bbox 1345 385 1823 448; x_wconf 83' lang='lat' dir='ltr'><strong>circumscriberet,</strong></span> 
     </span>
    </p>
   </div>
   <div class='ocr_carea' id='block_1_3' title="bbox 251 475 1833 551">
    <p class='ocr_par' dir='ltr' id='par_1_3' title="bbox 251 475 1833 551">
     <span class='ocr_line' id='line_1_3' title="bbox 251 475 1833 551; baseline -0.003 -18"><span class='ocrx_word' id='word_1_10' title='bbox 251 483 346 536; x_wconf 81' lang='lat' dir='ltr'><strong>sed</strong></span> <span class='ocrx_word' id='word_1_11' title='bbox 373 491 428 536; x_wconf 76' lang='grc' dir='ltr'><strong>ιιι</strong></span> <span class='ocrx_word' id='word_1_12' title='bbox 452 483 620 551; x_wconf 81' lang='lat' dir='ltr'><strong>magis</strong></span> <span class='ocrx_word' id='word_1_13' title='bbox 650 483 920 550; x_wconf 87' lang='lat' dir='ltr'><strong>magisque</strong></span> <span class='ocrx_word' id='word_1_14' title='bbox 939 480 1162 548; x_wconf 77' lang='lat' dir='ltr'><strong>liqueret</strong></span> <span class='ocrx_word' id='word_1_15' title='bbox 1180 478 1349 532; x_wconf 91' lang='lat' dir='ltr'><strong>Deum</strong></span> <span class='ocrx_word' id='word_1_16' title='bbox 1370 492 1467 531; x_wconf 89' lang='lat' dir='ltr'><strong>nec</strong></span> <span class='ocrx_word' id='word_1_17' title='bbox 1493 475 1712 547; x_wconf 86' lang='lat' dir='ltr'><strong>cogitari</strong></span> <span class='ocrx_word' id='word_1_18' title='bbox 1735 490 1833 529; x_wconf 89' lang='lat' dir='ltr'><strong>nec</strong></span> 
     </span>
    </p>
   </div>
   <div class='ocr_carea' id='block_1_4' title="bbox 249 567 1833 641">
    <p class='ocr_par' dir='ltr' id='par_1_4' title="bbox 249 567 1833 641">
     <span class='ocr_line' id='line_1_4' title="bbox 249 567 1833 641; baseline -0.005 -15"><span class='ocrx_word' id='word_1_19' title='bbox 249 574 388 626; x_wconf 90' lang='lat' dir='ltr'><strong>adiri</strong></span> <span class='ocrx_word' id='word_1_20' title='bbox 432 587 608 641; x_wconf 88' lang='lat' dir='ltr'><strong>posse.</strong></span> <span class='ocrx_word' id='word_1_21' title='bbox 647 571 790 625; x_wconf 84' lang='lat' dir='ltr'><strong>Alias</strong></span> <span class='ocrx_word' id='word_1_22' title='bbox 833 572 956 624; x_wconf 88' lang='lat' dir='ltr'><strong>item</strong></span> <span class='ocrx_word' id='word_1_23' title='bbox 997 570 1217 623; x_wconf 74' lang='lat' dir='ltr'><strong>virtutes</strong></span> <span class='ocrx_word' id='word_1_24' title='bbox 1258 567 1587 634; x_wconf 73' lang='lat' dir='ltr'><strong>indusimus,</strong></span> <span class='ocrx_word' id='word_1_25' title='bbox 1642 581 1833 634; x_wconf 86' lang='lat' dir='ltr'><strong>nempe</strong></span> 
     </span>
    </p>
   </div>
   <div class='ocr_carea' id='block_1_5' title="bbox 254 657 1835 729">
    <p class='ocr_par' dir='ltr' id='par_1_5' title="bbox 254 657 1835 729">
     <span class='ocr_line' id='line_1_5' title="bbox 254 657 1835 729; baseline -0.004 -13"><span class='ocrx_word' id='word_1_26' title='bbox 254 662 561 726; x_wconf 77' lang='lat' dir='ltr'><strong>Cherubim,</strong></span> <span class='ocrx_word' id='word_1_27' title='bbox 591 660 1080 729; x_wconf 82' lang='lat' dir='ltr'><strong>tloclaravimusque</strong></span> <span class='ocrx_word' id='word_1_28' title='bbox 1110 658 1377 728; x_wconf 90' lang='lat' dir='ltr'><strong>quomodo</strong></span> <span class='ocrx_word' id='word_1_29' title='bbox 1417 673 1573 727; x_wconf 89' lang='lat' dir='ltr'><strong>supra</strong></span> <span class='ocrx_word' id='word_1_30' title='bbox 1617 657 1730 712; x_wconf 87' lang='lat' dir='ltr'><strong>illas</strong></span> <span class='ocrx_word' id='word_1_31' title='bbox 1766 658 1835 711; x_wconf 92' lang='lat' dir='ltr'><strong>sit</strong></span> 
     </span>
    </p>
   </div>
   <div class='ocr_carea' id='block_1_6' title="bbox 253 748 1835 819">
    <p class='ocr_par' dir='ltr' id='par_1_6' title="bbox 253 748 1835 819">
     <span class='ocr_line' id='line_1_6' title="bbox 253 748 1835 819; baseline -0.003 -13"><span class='ocrx_word' id='word_1_32' title='bbox 253 755 666 817; x_wconf 86' lang='lat' dir='ltr'><strong>ﬁrmamentum,</strong></span> <span class='ocrx_word' id='word_1_33' title='bbox 709 751 840 819; x_wconf 81' lang='lat' dir='ltr'><strong>lapis</strong></span> <span class='ocrx_word' id='word_1_34' title='bbox 893 749 1150 818; x_wconf 71' lang='lat' dir='ltr'><strong>crystalli,</strong></span> <span class='ocrx_word' id='word_1_35' title='bbox 1204 748 1494 803; x_wconf 75' lang='lat' dir='ltr'><strong>similitudo</strong></span> <span class='ocrx_word' id='word_1_36' title='bbox 1539 748 1736 812; x_wconf 88' lang='lat' dir='ltr'><strong>throni,</strong></span> <span class='ocrx_word' id='word_1_37' title='bbox 1780 757 1835 802; x_wconf 87' lang='lat' dir='ltr'><strong>et</strong></span> 
     </span>
    </p>
   </div>
   <div class='ocr_carea' id='block_1_7' title="bbox 253 837 1836 913">
    <p class='ocr_par' dir='ltr' id='par_1_7' title="bbox 253 837 1836 913">
     <span class='ocr_line' id='line_1_7' title="bbox 253 837 1836 913; baseline -0.004 -15"><span class='ocrx_word' id='word_1_38' title='bbox 253 845 464 913; x_wconf 69' lang='lat' dir='ltr'><strong>species</strong></span> <span class='ocrx_word' id='word_1_39' title='bbox 487 842 738 907; x_wconf 84' lang='lat' dir='ltr'><strong>hominis,</strong></span> <span class='ocrx_word' id='word_1_40' title='bbox 765 841 1042 904; x_wconf 79' lang='lat' dir='ltr'><strong>electrum,</strong></span> <span class='ocrx_word' id='word_1_41' title='bbox 1070 839 1224 909; x_wconf 85' lang='lat' dir='ltr'><strong>ignis,</strong></span> <span class='ocrx_word' id='word_1_42' title='bbox 1255 854 1432 904; x_wconf 86' lang='lat' dir='ltr'><strong>arcus,</strong></span> <span class='ocrx_word' id='word_1_43' title='bbox 1459 847 1515 893; x_wconf 89' lang='lat' dir='ltr'><strong>et</strong></span> <span class='ocrx_word' id='word_1_44' title='bbox 1545 837 1686 908; x_wconf 90' lang='lat' dir='ltr'><strong>quod</strong></span> <span class='ocrx_word' id='word_1_45' title='bbox 1719 844 1836 906; x_wconf 86' lang='lat' dir='ltr'><strong>post</strong></span> 
     </span>
    </p>
   </div>
   <div class='ocr_carea' id='block_1_8' title="bbox 256 927 1836 1004">
    <p class='ocr_par' dir='ltr' id='par_1_8' title="bbox 256 927 1836 1004">
     <span class='ocr_line' id='line_1_8' title="bbox 256 927 1836 1004; baseline -0.004 -15"><span class='ocrx_word' id='word_1_46' title='bbox 256 937 374 989; x_wconf 74' lang='lat' dir='ltr'><strong>hzcc</strong></span> <span class='ocrx_word' id='word_1_47' title='bbox 393 934 567 988; x_wconf 86' lang='lat' dir='ltr'><strong>omnia</strong></span> <span class='ocrx_word' id='word_1_48' title='bbox 595 931 851 1004; x_wconf 83' lang='lat' dir='ltr'><strong>propheta</strong></span> <span class='ocrx_word' id='word_1_49' title='bbox 879 931 1039 997; x_wconf 80' lang='lat' dir='ltr'><strong>dicat,</strong></span> <span class='ocrx_word' id='word_1_50' title='bbox 1068 930 1192 985; x_wconf 74' lang='lat' dir='ltr'><strong>Itazc</strong></span> <span class='ocrx_word' id='word_1_51' title='bbox 1219 931 1342 984; x_wconf 81' lang='lat' dir='ltr'><strong>visio</strong></span> <span class='ocrx_word' id='word_1_52' title='bbox 1371 929 1716 984; x_wconf 87' lang='lat' dir='ltr'><strong>similitudinis</strong></span> <span class='ocrx_word' id='word_1_53' title='bbox 1734 927 1836 982; x_wconf 89' lang='lat' dir='ltr'><strong>Do-</strong></span> 
     </span>
    </p>
   </div>
   <div class='ocr_carea' id='block_1_9' title="bbox 254 1021 1838 1095">
    <p class='ocr_par' dir='ltr' id='par_1_9' title="bbox 254 1021 1838 1095">
     <span class='ocr_line' id='line_1_9' title="bbox 254 1021 1838 1095; baseline -0.001 -20"><span class='ocrx_word' id='word_1_54' title='bbox 254 1026 382 1080; x_wconf 83' lang='lat' dir='ltr'><strong>mini</strong></span> <span class='ocrx_word' id='word_1_55' title='bbox 410 1024 618 1095; x_wconf 75' lang='lat' dir='ltr'><strong>(Ezech.</strong></span> <span class='ocrx_word' id='word_1_56' title='bbox 645 1024 699 1076; x_wconf 99' lang='grc'><strong>2.</strong></span> <span class='ocrx_word' id='word_1_57' title='bbox 734 1022 786 1094; x_wconf 92' lang='grc'><strong>1)</strong></span> <span class='ocrx_word' id='word_1_58' title='bbox 820 1041 833 1076; x_wconf 85' lang='grc'>;</span> <span class='ocrx_word' id='word_1_59' title='bbox 861 1032 1022 1093; x_wconf 86' lang='lat' dir='ltr'><strong>atque</strong></span> <span class='ocrx_word' id='word_1_60' title='bbox 1045 1038 1108 1075; x_wconf 77' lang='lat' dir='ltr'><strong>ex</strong></span> <span class='ocrx_word' id='word_1_61' title='bbox 1141 1021 1224 1076; x_wconf 86' lang='lat' dir='ltr'><strong>his</strong></span> <span class='ocrx_word' id='word_1_62' title='bbox 1252 1021 1498 1075; x_wconf 90' lang='lat' dir='ltr'><strong>omnibus</strong></span> <span class='ocrx_word' id='word_1_63' title='bbox 1527 1021 1617 1075; x_wconf 90' lang='lat' dir='ltr'><strong>Dei</strong></span> <span class='ocrx_word' id='word_1_64' title='bbox 1646 1030 1838 1075; x_wconf 89' lang='lat' dir='ltr'><strong>attem-</strong></span> 
     </span>
    </p>
   </div>
   <div class='ocr_carea' id='block_1_10' title="bbox 257 1112 1835 1182">
    <p class='ocr_par' dir='ltr' id='par_1_10' title="bbox 257 1112 1835 1182">
     <span class='ocr_line' id='line_1_10' title="bbox 257 1112 1835 1182; baseline 0.003 -18"><span class='ocrx_word' id='word_1_65' title='bbox 257 1115 584 1182; x_wconf 67' lang='lat' dir='ltr'><strong>pcntinnetn</strong></span> <span class='ocrx_word' id='word_1_66' title='bbox 639 1113 790 1168; x_wconf 92' lang='lat' dir='ltr'><strong>vobis</strong></span> <span class='ocrx_word' id='word_1_67' title='bbox 830 1112 1342 1175; x_wconf 74' lang='lat' dir='ltr'><strong>demonstravimus,</strong></span> <span class='ocrx_word' id='word_1_68' title='bbox 1383 1128 1607 1182; x_wconf 85' lang='lat' dir='ltr'><strong>eamque</strong></span> <span class='ocrx_word' id='word_1_69' title='bbox 1662 1123 1835 1168; x_wconf 91' lang='lat' dir='ltr'><strong>tamen</strong></span> 
     </span>
    </p>
   </div>
   <div class='ocr_carea' id='block_1_11' title="bbox 254 1203 1836 1274">
    <p class='ocr_par' dir='ltr' id='par_1_11' title="bbox 254 1203 1836 1274">
     <span class='ocr_line' id='line_1_11' title="bbox 254 1203 1836 1274; baseline 0.001 -16"><span class='ocrx_word' id='word_1_70' title='bbox 254 1205 543 1274; x_wconf 86' lang='lat' dir='ltr'><strong>ejusmodi,</strong></span> <span class='ocrx_word' id='word_1_71' title='bbox 571 1219 688 1274; x_wconf 79' lang='lat' dir='ltr'><strong>quae</strong></span> <span class='ocrx_word' id='word_1_72' title='bbox 718 1218 816 1258; x_wconf 91' lang='lat' dir='ltr'><strong>nec</strong></span> <span class='ocrx_word' id='word_1_73' title='bbox 841 1219 872 1258; x_wconf 91' lang='lat' dir='ltr'><strong>a</strong></span> <span class='ocrx_word' id='word_1_74' title='bbox 911 1204 1154 1272; x_wconf 88' lang='lat' dir='ltr'><strong>supernis</strong></span> <span class='ocrx_word' id='word_1_75' title='bbox 1181 1203 1460 1259; x_wconf 76' lang='lat' dir='ltr'><strong>virtutibus</strong></span> <span class='ocrx_word' id='word_1_76' title='bbox 1499 1203 1622 1258; x_wconf 79' lang='lat' dir='ltr'><strong>t‘erri</strong></span> <span class='ocrx_word' id='word_1_77' title='bbox 1651 1203 1836 1274; x_wconf 89' lang='lat' dir='ltr'><strong>possit.</strong></span> 
     </span>
    </p>
   </div>
   <div class='ocr_carea' id='block_1_12' title="bbox 331 1297 1840 1368">
    <p class='ocr_par' dir='ltr' id='par_1_12' title="bbox 331 1297 1840 1368">
     <span class='ocr_line' id='line_1_12' title="bbox 331 1297 1840 1368; baseline 0 -16"><span class='ocrx_word' id='word_1_78' title='bbox 331 1299 386 1352; x_wconf 87' lang='grc'><strong>2.</strong></span> <span class='ocrx_word' id='word_1_79' title='bbox 419 1299 542 1353; x_wconf 77' lang='lat' dir='ltr'><strong>lla-c</strong></span> <span class='ocrx_word' id='word_1_80' title='bbox 583 1313 687 1351; x_wconf 89' lang='lat' dir='ltr'><strong>non</strong></span> <span class='ocrx_word' id='word_1_81' title='bbox 727 1299 842 1352; x_wconf 89' lang='lat' dir='ltr'><strong>sine</strong></span> <span class='ocrx_word' id='word_1_82' title='bbox 875 1313 1035 1353; x_wconf 86' lang='lat' dir='ltr'><strong>causa</strong></span> <span class='ocrx_word' id='word_1_83' title='bbox 1071 1306 1282 1366; x_wconf 87' lang='lat' dir='ltr'><strong>repeto;</strong></span> <span class='ocrx_word' id='word_1_84' title='bbox 1313 1297 1405 1352; x_wconf 90' lang='lat' dir='ltr'><strong>sed</strong></span> <span class='ocrx_word' id='word_1_85' title='bbox 1439 1298 1563 1367; x_wconf 85' lang='lat' dir='ltr'><strong>quia</strong></span> <span class='ocrx_word' id='word_1_86' title='bbox 1595 1313 1680 1352; x_wconf 91' lang='lat' dir='ltr'><strong>me</strong></span> <span class='ocrx_word' id='word_1_87' title='bbox 1718 1313 1840 1368; x_wconf 90' lang='lat' dir='ltr'><strong>pro-</strong></span> 
     </span>
    </p>
   </div>
   <div class='ocr_carea' id='block_1_13' title="bbox 257 1389 1836 1459">
    <p class='ocr_par' dir='ltr' id='par_1_13' title="bbox 257 1389 1836 1459">
     <span class='ocr_line' id='line_1_13' title="bbox 257 1389 1836 1459; baseline 0 -16"><span class='ocrx_word' id='word_1_88' title='bbox 257 1392 410 1446; x_wconf 80' lang='lat' dir='ltr'><strong>missi</strong></span> <span class='ocrx_word' id='word_1_89' title='bbox 457 1391 749 1446; x_wconf 74' lang='lat' dir='ltr'><strong>debitorem</strong></span> <span class='ocrx_word' id='word_1_90' title='bbox 804 1391 948 1455; x_wconf 89' lang='lat' dir='ltr'><strong>novi,</strong></span> <span class='ocrx_word' id='word_1_91' title='bbox 997 1391 1136 1445; x_wconf 90' lang='lat' dir='ltr'><strong>scire</strong></span> <span class='ocrx_word' id='word_1_92' title='bbox 1181 1390 1333 1457; x_wconf 89' lang='lat' dir='ltr'><strong>volo,</strong></span> <span class='ocrx_word' id='word_1_93' title='bbox 1379 1389 1508 1459; x_wconf 88' lang='lat' dir='ltr'><strong>quid</strong></span> <span class='ocrx_word' id='word_1_94' title='bbox 1562 1389 1836 1456; x_wconf 89' lang='lat' dir='ltr'><strong>solverim,</strong></span> 
     </span>
    </p>
   </div>
   <div class='ocr_carea' id='block_1_14' title="bbox 254 1479 1840 1551">
    <p class='ocr_par' dir='ltr' id='par_1_14' title="bbox 254 1479 1840 1551">
     <span class='ocr_line' id='line_1_14' title="bbox 254 1479 1840 1551; baseline -0.003 -15"><span class='ocrx_word' id='word_1_95' title='bbox 254 1482 490 1551; x_wconf 83' lang='lat' dir='ltr'><strong>quidque</strong></span> <span class='ocrx_word' id='word_1_96' title='bbox 523 1480 834 1534; x_wconf 87' lang='lat' dir='ltr'><strong>solvendum</strong></span> <span class='ocrx_word' id='word_1_97' title='bbox 873 1480 1126 1550; x_wconf 88' lang='lat' dir='ltr'><strong>supersit.</strong></span> <span class='ocrx_word' id='word_1_98' title='bbox 1159 1480 1248 1535; x_wconf 91' lang='lat' dir='ltr'><strong>Sic</strong></span> <span class='ocrx_word' id='word_1_99' title='bbox 1275 1489 1330 1534; x_wconf 89' lang='lat' dir='ltr'><strong>et</strong></span> <span class='ocrx_word' id='word_1_100' title='bbox 1354 1481 1476 1534; x_wconf 76' lang='lat' dir='ltr'><strong>teris</strong></span> <span class='ocrx_word' id='word_1_101' title='bbox 1506 1479 1662 1534; x_wconf 92' lang='lat' dir='ltr'><strong>alieni</strong></span> <span class='ocrx_word' id='word_1_102' title='bbox 1689 1480 1840 1535; x_wconf 90' lang='lat' dir='ltr'><strong>debi-</strong></span> 
     </span>
    </p>
   </div>
   <div class='ocr_carea' id='block_1_15' title="bbox 257 1572 1840 1642">
    <p class='ocr_par' dir='ltr' id='par_1_15' title="bbox 257 1572 1840 1642">
     <span class='ocr_line' id='line_1_15' title="bbox 257 1572 1840 1642; baseline 0.001 -18"><span class='ocrx_word' id='word_1_103' title='bbox 257 1585 406 1630; x_wconf 74' lang='lat' dir='ltr'><strong>tores</strong></span> <span class='ocrx_word' id='word_1_104' title='bbox 437 1574 652 1641; x_wconf 82' lang='lat' dir='ltr'><strong>faciunt,</strong></span> <span class='ocrx_word' id='word_1_105' title='bbox 684 1573 904 1628; x_wconf 89' lang='lat' dir='ltr'><strong>tabellas</strong></span> <span class='ocrx_word' id='word_1_106' title='bbox 935 1574 985 1626; x_wconf 87' lang='lat' dir='ltr'><strong>itt</strong></span> <span class='ocrx_word' id='word_1_107' title='bbox 1015 1573 1248 1627; x_wconf 87' lang='lat' dir='ltr'><strong>medium</strong></span> <span class='ocrx_word' id='word_1_108' title='bbox 1279 1572 1583 1642; x_wconf 80' lang='lat' dir='ltr'><strong>proferunt.</strong></span> <span class='ocrx_word' id='word_1_109' title='bbox 1611 1572 1700 1627; x_wconf 90' lang='lat' dir='ltr'><strong>ubi</strong></span> <span class='ocrx_word' id='word_1_110' title='bbox 1740 1572 1840 1626; x_wconf 88' lang='lat' dir='ltr'><strong>de-</strong></span> 
     </span>
    </p>
   </div>
   <div class='ocr_carea' id='block_1_16' title="bbox 258 1664 1841 1735">
    <p class='ocr_par' dir='ltr' id='par_1_16' title="bbox 258 1664 1841 1735">
     <span class='ocr_line' id='line_1_16' title="bbox 258 1664 1841 1735; baseline 0 -15"><span class='ocrx_word' id='word_1_111' title='bbox 258 1667 356 1720; x_wconf 87' lang='lat' dir='ltr'><strong>biti</strong></span> <span class='ocrx_word' id='word_1_112' title='bbox 376 1666 508 1719; x_wconf 86' lang='lat' dir='ltr'><strong>ratio</strong></span> <span class='ocrx_word' id='word_1_113' title='bbox 527 1665 810 1734; x_wconf 88' lang='lat' dir='ltr'><strong>descripta,</strong></span> <span class='ocrx_word' id='word_1_114' title='bbox 831 1665 1021 1735; x_wconf 84' lang='lat' dir='ltr'><strong>quibus</strong></span> <span class='ocrx_word' id='word_1_115' title='bbox 1039 1664 1344 1721; x_wconf 72' lang='lat' dir='ltr'><strong>fmtteratori</strong></span> <span class='ocrx_word' id='word_1_116' title='bbox 1361 1665 1610 1720; x_wconf 78' lang='lat' dir='ltr'><strong>exhibitis</strong></span> <span class='ocrx_word' id='word_1_117' title='bbox 1628 1665 1841 1720; x_wconf 89' lang='lat' dir='ltr'><strong>residua</strong></span> 
     </span>
    </p>
   </div>
   <div class='ocr_carea' id='block_1_17' title="bbox 259 1755 1843 1826">
    <p class='ocr_par' dir='ltr' id='par_1_17' title="bbox 259 1755 1843 1826">
     <span class='ocr_line' id='line_1_17' title="bbox 259 1755 1843 1826; baseline 0.003 -20"><span class='ocrx_word' id='word_1_118' title='bbox 259 1765 567 1810; x_wconf 84' lang='lat' dir='ltr'><strong>numerant.</strong></span> <span class='ocrx_word' id='word_1_119' title='bbox 623 1755 734 1824; x_wconf 88' lang='lat' dir='ltr'><strong>Ego</strong></span> <span class='ocrx_word' id='word_1_120' title='bbox 788 1755 1053 1822; x_wconf 89' lang='lat' dir='ltr'><strong>similiter,</strong></span> <span class='ocrx_word' id='word_1_121' title='bbox 1105 1765 1290 1826; x_wconf 92' lang='lat' dir='ltr'><strong>aperto</strong></span> <span class='ocrx_word' id='word_1_122' title='bbox 1341 1756 1614 1810; x_wconf 72' lang='lat' dir='ltr'><strong>memorim</strong></span> <span class='ocrx_word' id='word_1_123' title='bbox 1650 1765 1843 1810; x_wconf 78' lang='lat' dir='ltr'><strong>vestra:</strong></span> 
     </span>
    </p>
   </div>
   <div class='ocr_carea' id='block_1_18' title="bbox 259 1847 1842 1918">
    <p class='ocr_par' dir='ltr' id='par_1_18' title="bbox 259 1847 1842 1918">
     <span class='ocr_line' id='line_1_18' title="bbox 259 1847 1842 1918; baseline 0.001 -16"><span class='ocrx_word' id='word_1_124' title='bbox 259 1849 420 1914; x_wconf 91' lang='lat' dir='ltr'><strong>libro,</strong></span> <span class='ocrx_word' id='word_1_125' title='bbox 446 1857 604 1916; x_wconf 88' lang='lat' dir='ltr'><strong>atque</strong></span> <span class='ocrx_word' id='word_1_126' title='bbox 635 1848 696 1900; x_wconf 91' lang='lat' dir='ltr'><strong>iis</strong></span> <span class='ocrx_word' id='word_1_127' title='bbox 733 1862 851 1916; x_wconf 78' lang='lat' dir='ltr'><strong>qua:</strong></span> <span class='ocrx_word' id='word_1_128' title='bbox 871 1848 981 1917; x_wconf 86' lang='lat' dir='ltr'><strong>jam</strong></span> <span class='ocrx_word' id='word_1_129' title='bbox 1021 1848 1191 1902; x_wconf 88' lang='lat' dir='ltr'><strong>soluta</strong></span> <span class='ocrx_word' id='word_1_130' title='bbox 1215 1855 1341 1903; x_wconf 91' lang='lat' dir='ltr'><strong>sunt</strong></span> <span class='ocrx_word' id='word_1_131' title='bbox 1376 1848 1525 1918; x_wconf 89' lang='lat' dir='ltr'><strong>quasi</strong></span> <span class='ocrx_word' id='word_1_132' title='bbox 1554 1847 1720 1916; x_wconf 87' lang='lat' dir='ltr'><strong>digito</strong></span> <span class='ocrx_word' id='word_1_133' title='bbox 1745 1848 1842 1903; x_wconf 76' lang='lat' dir='ltr'><strong>de-</strong></span> 
     </span>
    </p>
   </div>
   <div class='ocr_carea' id='block_1_19' title="bbox 260 1937 1844 2008">
    <p class='ocr_par' dir='ltr' id='par_1_19' title="bbox 260 1937 1844 2008">
     <span class='ocr_line' id='line_1_19' title="bbox 260 1937 1844 2008; baseline 0.002 -18"><span class='ocrx_word' id='word_1_134' title='bbox 260 1938 594 2001; x_wconf 85' lang='lat' dir='ltr'><strong>monstratis,</strong></span> <span class='ocrx_word' id='word_1_135' title='bbox 624 1938 690 1990; x_wconf 93' lang='lat' dir='ltr'><strong>ad</strong></span> <span class='ocrx_word' id='word_1_136' title='bbox 733 1938 930 2007; x_wconf 88' lang='lat' dir='ltr'><strong>reliqua</strong></span> <span class='ocrx_word' id='word_1_137' title='bbox 968 1937 1184 1992; x_wconf 91' lang='lat' dir='ltr'><strong>demum</strong></span> <span class='ocrx_word' id='word_1_138' title='bbox 1225 1953 1474 2008; x_wconf 89' lang='lat' dir='ltr'><strong>propero.</strong></span> <span class='ocrx_word' id='word_1_139' title='bbox 1508 1938 1645 2006; x_wconf 89' lang='lat' dir='ltr'><strong>Quid</strong></span> <span class='ocrx_word' id='word_1_140' title='bbox 1686 1939 1844 2008; x_wconf 83' lang='lat' dir='ltr'><strong>igitur</strong></span> 
     </span>
    </p>
   </div>
   <div class='ocr_carea' id='block_1_20' title="bbox 259 2027 1839 2101">
    <p class='ocr_par' dir='ltr' id='par_1_20' title="bbox 259 2027 1839 2101">
     <span class='ocr_line' id='line_1_20' title="bbox 259 2027 1839 2101; baseline 0.001 -19"><span class='ocrx_word' id='word_1_141' title='bbox 259 2029 532 2082; x_wconf 87' lang='lat' dir='ltr'><strong>residuum</strong></span> <span class='ocrx_word' id='word_1_142' title='bbox 561 2028 710 2082; x_wconf 85' lang='lat' dir='ltr'><strong>erat?</strong></span> <span class='ocrx_word' id='word_1_143' title='bbox 744 2027 808 2083; x_wconf 90' lang='lat' dir='ltr'><strong>Ut</strong></span> <span class='ocrx_word' id='word_1_144' title='bbox 835 2029 1259 2094; x_wconf 84' lang='lat' dir='ltr'><strong>ostenderemus,</strong></span> <span class='ocrx_word' id='word_1_145' title='bbox 1290 2044 1464 2100; x_wconf 88' lang='lat' dir='ltr'><strong>neque</strong></span> <span class='ocrx_word' id='word_1_146' title='bbox 1493 2031 1839 2101; x_wconf 85' lang='lat' dir='ltr'><strong>principatus,</strong></span> 
     </span>
    </p>
   </div>
   <div class='ocr_carea' id='block_1_21' title="bbox 261 2120 1842 2191">
    <p class='ocr_par' dir='ltr' id='par_1_21' title="bbox 261 2120 1842 2191">
     <span class='ocr_line' id='line_1_21' title="bbox 261 2120 1842 2191; baseline 0.001 -18"><span class='ocrx_word' id='word_1_147' title='bbox 261 2136 437 2188; x_wconf 85' lang='lat' dir='ltr'><strong>neque</strong></span> <span class='ocrx_word' id='word_1_148' title='bbox 476 2128 782 2189; x_wconf 88' lang='lat' dir='ltr'><strong>potestates,</strong></span> <span class='ocrx_word' id='word_1_149' title='bbox 815 2135 989 2191; x_wconf 88' lang='lat' dir='ltr'><strong>neque</strong></span> <span class='ocrx_word' id='word_1_150' title='bbox 1025 2120 1435 2186; x_wconf 84' lang='lat' dir='ltr'><strong>dominationes,</strong></span> <span class='ocrx_word' id='word_1_151' title='bbox 1480 2137 1649 2191; x_wconf 86' lang='lat' dir='ltr'><strong>neque</strong></span> <span class='ocrx_word' id='word_1_152' title='bbox 1686 2122 1842 2176; x_wconf 89' lang='lat' dir='ltr'><strong>aliam</strong></span> 
     </span>
    </p>
   </div>
   <div class='ocr_carea' id='block_1_22' title="bbox 261 2210 1846 2282">
    <p class='ocr_par' dir='ltr' id='par_1_22' title="bbox 261 2210 1846 2282">
     <span class='ocr_line' id='line_1_22' title="bbox 261 2210 1846 2282; baseline 0.004 -20"><span class='ocrx_word' id='word_1_153' title='bbox 261 2210 424 2263; x_wconf 86' lang='lat' dir='ltr'><strong>ullam</strong></span> <span class='ocrx_word' id='word_1_154' title='bbox 471 2220 703 2264; x_wconf 88' lang='lat' dir='ltr'><strong>creatam</strong></span> <span class='ocrx_word' id='word_1_155' title='bbox 750 2211 997 2266; x_wconf 79' lang='lat' dir='ltr'><strong>virtutem</strong></span> <span class='ocrx_word' id='word_1_156' title='bbox 1049 2227 1188 2276; x_wconf 87' lang='lat' dir='ltr'><strong>csse,</strong></span> <span class='ocrx_word' id='word_1_157' title='bbox 1238 2227 1356 2281; x_wconf 72' lang='lat' dir='ltr'><strong>qua:</strong></span> <span class='ocrx_word' id='word_1_158' title='bbox 1402 2213 1566 2267; x_wconf 89' lang='lat' dir='ltr'><strong>Deum</strong></span> <span class='ocrx_word' id='word_1_159' title='bbox 1612 2213 1846 2282; x_wconf 85' lang='lat' dir='ltr'><strong>perfecte</strong></span> 
     </span>
    </p>
   </div>
   <div class='ocr_carea' id='block_1_23' title="bbox 260 2299 1842 2372">
    <p class='ocr_par' dir='ltr' id='par_1_23' title="bbox 260 2299 1842 2372">
     <span class='ocr_line' id='line_1_23' title="bbox 260 2299 1842 2372; baseline 0.005 -20"><span class='ocrx_word' id='word_1_160' title='bbox 260 2299 701 2368; x_wconf 86' lang='lat' dir='ltr'><strong>comprehendat.</strong></span> <span class='ocrx_word' id='word_1_161' title='bbox 729 2300 866 2354; x_wconf 91' lang='lat' dir='ltr'><strong>Sunt</strong></span> <span class='ocrx_word' id='word_1_162' title='bbox 891 2303 1035 2357; x_wconf 88' lang='lat' dir='ltr'><strong>enim</strong></span> <span class='ocrx_word' id='word_1_163' title='bbox 1057 2303 1171 2358; x_wconf 90' lang='lat' dir='ltr'><strong>sine</strong></span> <span class='ocrx_word' id='word_1_164' title='bbox 1191 2303 1354 2358; x_wconf 91' lang='lat' dir='ltr'><strong>dubio</strong></span> <span class='ocrx_word' id='word_1_165' title='bbox 1378 2312 1432 2358; x_wconf 89' lang='lat' dir='ltr'><strong>et</strong></span> <span class='ocrx_word' id='word_1_166' title='bbox 1456 2304 1574 2358; x_wconf 74' lang='lat' dir='ltr'><strong>alite</strong></span> <span class='ocrx_word' id='word_1_167' title='bbox 1603 2305 1842 2372; x_wconf 82' lang='lat' dir='ltr'><strong>virtutes,</strong></span> 
     </span>
    </p>
   </div>
   <div class='ocr_carea' id='block_1_24' title="bbox 259 2391 1842 2464">
    <p class='ocr_par' dir='ltr' id='par_1_24' title="bbox 259 2391 1842 2464">
     <span class='ocr_line' id='line_1_24' title="bbox 259 2391 1842 2464; baseline 0.006 -24"><span class='ocrx_word' id='word_1_168' title='bbox 259 2406 489 2460; x_wconf 85' lang='lat' dir='ltr'><strong>quarum</strong></span> <span class='ocrx_word' id='word_1_169' title='bbox 517 2406 582 2444; x_wconf 91' lang='lat' dir='ltr'><strong>ne</strong></span> <span class='ocrx_word' id='word_1_170' title='bbox 607 2391 819 2444; x_wconf 84' lang='lat' dir='ltr'><strong>nomina</strong></span> <span class='ocrx_word' id='word_1_171' title='bbox 846 2392 1058 2461; x_wconf 87' lang='lat' dir='ltr'><strong>quidem</strong></span> <span class='ocrx_word' id='word_1_172' title='bbox 1083 2394 1344 2448; x_wconf 85' lang='lat' dir='ltr'><strong>novimus.</strong></span> <span class='ocrx_word' id='word_1_173' title='bbox 1365 2394 1681 2464; x_wconf 86' lang='lat' dir='ltr'><strong>Perpendite</strong></span> <span class='ocrx_word' id='word_1_174' title='bbox 1703 2396 1842 2449; x_wconf 86' lang='lat' dir='ltr'><strong>insa-</strong></span> 
     </span>
    </p>
   </div>
   <div class='ocr_carea' id='block_1_25' title="bbox 261 2480 1846 2558">
    <p class='ocr_par' dir='ltr' id='par_1_25' title="bbox 261 2480 1846 2558">
     <span class='ocr_line' id='line_1_25' title="bbox 261 2480 1846 2558; baseline 0.006 -24"><span class='ocrx_word' id='word_1_175' title='bbox 261 2496 390 2534; x_wconf 87' lang='lat' dir='ltr'><strong>nam</strong></span> <span class='ocrx_word' id='word_1_176' title='bbox 422 2480 790 2535; x_wconf 72' lang='lat' dir='ltr'><strong>hmreticorum</strong></span> <span class='ocrx_word' id='word_1_177' title='bbox 816 2486 1172 2554; x_wconf 79' lang='lat' dir='ltr'><strong>arrogantiam</strong></span> <span class='ocrx_word' id='word_1_178' title='bbox 1201 2503 1215 2540; x_wconf 89' lang='lat'><strong>:</strong></span> <span class='ocrx_word' id='word_1_179' title='bbox 1239 2501 1306 2541; x_wconf 91' lang='lat' dir='ltr'><strong>ne</strong></span> <span class='ocrx_word' id='word_1_180' title='bbox 1331 2501 1605 2541; x_wconf 87' lang='lat' dir='ltr'><strong>servorum</strong></span> <span class='ocrx_word' id='word_1_181' title='bbox 1633 2487 1846 2558; x_wconf 87' lang='lat' dir='ltr'><strong>quidem</strong></span> 
     </span>
    </p>
   </div>
   <div class='ocr_carea' id='block_1_26' title="bbox 262 2572 1846 2649">
    <p class='ocr_par' dir='ltr' id='par_1_26' title="bbox 262 2572 1846 2649">
     <span class='ocr_line' id='line_1_26' title="bbox 262 2572 1846 2649; baseline 0.007 -26"><span class='ocrx_word' id='word_1_182' title='bbox 262 2572 481 2624; x_wconf 85' lang='lat' dir='ltr'><strong>nomina</strong></span> <span class='ocrx_word' id='word_1_183' title='bbox 522 2573 794 2637; x_wconf 86' lang='lat' dir='ltr'><strong>novimus,</strong></span> <span class='ocrx_word' id='word_1_184' title='bbox 825 2581 880 2627; x_wconf 90' lang='lat' dir='ltr'><strong>et</strong></span> <span class='ocrx_word' id='word_1_185' title='bbox 908 2574 1073 2645; x_wconf 82' lang='lat' dir='ltr'><strong>ipsam</strong></span> <span class='ocrx_word' id='word_1_186' title='bbox 1110 2577 1317 2632; x_wconf 90' lang='lat' dir='ltr'><strong>Domini</strong></span> <span class='ocrx_word' id='word_1_187' title='bbox 1347 2579 1696 2633; x_wconf 83' lang='lat' dir='ltr'><strong>substantiam</strong></span> <span class='ocrx_word' id='word_1_188' title='bbox 1728 2596 1846 2649; x_wconf 86' lang='lat' dir='ltr'><strong>per-</strong></span> 
     </span>
    </p>
   </div>
   <div class='ocr_carea' id='block_1_27' title="bbox 261 2663 1848 2739">
    <p class='ocr_par' dir='ltr' id='par_1_27' title="bbox 261 2663 1848 2739">
     <span class='ocr_line' id='line_1_27' title="bbox 261 2663 1848 2739; baseline 0.004 -21"><span class='ocrx_word' id='word_1_189' title='bbox 261 2671 588 2718; x_wconf 86' lang='lat' dir='ltr'><strong>scrutantur.</strong></span> <span class='ocrx_word' id='word_1_190' title='bbox 616 2663 750 2718; x_wconf 90' lang='lat' dir='ltr'><strong>Sttnt</strong></span> <span class='ocrx_word' id='word_1_191' title='bbox 780 2665 923 2720; x_wconf 89' lang='lat' dir='ltr'><strong>enim</strong></span> <span class='ocrx_word' id='word_1_192' title='bbox 950 2667 1142 2737; x_wconf 81' lang='lat' dir='ltr'><strong>angeli,</strong></span> <span class='ocrx_word' id='word_1_193' title='bbox 1171 2669 1498 2739; x_wconf 84' lang='lat' dir='ltr'><strong>archangeli,</strong></span> <span class='ocrx_word' id='word_1_194' title='bbox 1523 2671 1718 2735; x_wconf 88' lang='lat' dir='ltr'><strong>throni,</strong></span> <span class='ocrx_word' id='word_1_195' title='bbox 1749 2672 1848 2724; x_wconf 39' lang='lat' dir='ltr'><strong>do,</strong></span> 
     </span>
    </p>
   </div>
   <div class='ocr_carea' id='block_1_28' title="bbox 264 2753 1846 2826">
    <p class='ocr_par' dir='ltr' id='par_1_28' title="bbox 264 2753 1846 2826">
     <span class='ocr_line' id='line_1_28' title="bbox 264 2753 1846 2826; baseline 0.003 -16"><span class='ocrx_word' id='word_1_196' title='bbox 264 2758 606 2821; x_wconf 86' lang='lat' dir='ltr'><strong>minationes,</strong></span> <span class='ocrx_word' id='word_1_197' title='bbox 637 2753 962 2826; x_wconf 83' lang='lat' dir='ltr'><strong>principatus</strong></span> <span class='ocrx_word' id='word_1_198' title='bbox 999 2767 1052 2811; x_wconf 92' lang='lat' dir='ltr'><strong>ct</strong></span> <span class='ocrx_word' id='word_1_199' title='bbox 1079 2768 1388 2826; x_wconf 76' lang='lat' dir='ltr'><strong>potestates.</strong></span> <span class='ocrx_word' id='word_1_200' title='bbox 1416 2762 1485 2813; x_wconf 83' lang='lat' dir='ltr'><strong>At</strong></span> <span class='ocrx_word' id='word_1_201' title='bbox 1521 2776 1626 2815; x_wconf 90' lang='lat' dir='ltr'><strong>non</strong></span> <span class='ocrx_word' id='word_1_202' title='bbox 1667 2761 1719 2815; x_wconf 93' lang='lat' dir='ltr'><strong>hi</strong></span> <span class='ocrx_word' id='word_1_203' title='bbox 1749 2763 1846 2816; x_wconf 91' lang='lat' dir='ltr'><strong>soli</strong></span> 
     </span>
    </p>
   </div>
   <div class='ocr_carea' id='block_1_29' title="bbox 264 2850 1851 2921">
    <p class='ocr_par' dir='ltr' id='par_1_29' title="bbox 264 2850 1851 2921">
     <span class='ocr_line' id='line_1_29' title="bbox 264 2850 1851 2921; baseline 0.002 -16"><span class='ocrx_word' id='word_1_204' title='bbox 264 2853 322 2906; x_wconf 90' lang='lat' dir='ltr'><strong>in</strong></span> <span class='ocrx_word' id='word_1_205' title='bbox 353 2851 482 2905; x_wconf 84' lang='lat' dir='ltr'><strong>c.t:lo</strong></span> <span class='ocrx_word' id='word_1_206' title='bbox 511 2861 634 2904; x_wconf 90' lang='lat' dir='ltr'><strong>sunt</strong></span> <span class='ocrx_word' id='word_1_207' title='bbox 664 2851 863 2921; x_wconf 91' lang='lat' dir='ltr'><strong>populi,</strong></span> <span class='ocrx_word' id='word_1_208' title='bbox 891 2850 982 2906; x_wconf 91' lang='lat' dir='ltr'><strong>sed</strong></span> <span class='ocrx_word' id='word_1_209' title='bbox 1013 2850 1230 2905; x_wconf 66' lang='lat' dir='ltr'><strong>inﬁnite</strong></span> <span class='ocrx_word' id='word_1_210' title='bbox 1259 2860 1464 2921; x_wconf 87' lang='lat' dir='ltr'><strong>gentes,</strong></span> <span class='ocrx_word' id='word_1_211' title='bbox 1499 2853 1666 2907; x_wconf 89' lang='lat' dir='ltr'><strong>tribus</strong></span> <span class='ocrx_word' id='word_1_212' title='bbox 1696 2855 1851 2908; x_wconf 87' lang='lat' dir='ltr'><strong>innu-</strong></span> 
     </span>
    </p>
   </div>
   <div class='ocr_carea' id='block_1_30' title="bbox 263 2941 1846 3012">
    <p class='ocr_par' dir='ltr' id='par_1_30' title="bbox 263 2941 1846 3012">
     <span class='ocr_line' id='line_1_30' title="bbox 263 2941 1846 3012; baseline 0.002 -17"><span class='ocrx_word' id='word_1_213' title='bbox 263 2958 452 3008; x_wconf 79' lang='lat' dir='ltr'><strong>ntcrze,</strong></span> <span class='ocrx_word' id='word_1_214' title='bbox 477 2957 607 3012; x_wconf 91' lang='lat' dir='ltr'><strong>quas</strong></span> <span class='ocrx_word' id='word_1_215' title='bbox 635 2942 809 2996; x_wconf 89' lang='lat' dir='ltr'><strong>nullus</strong></span> <span class='ocrx_word' id='word_1_216' title='bbox 836 2957 1016 2997; x_wconf 90' lang='lat' dir='ltr'><strong>sermo</strong></span> <span class='ocrx_word' id='word_1_217' title='bbox 1040 2941 1313 2996; x_wconf 89' lang='lat' dir='ltr'><strong>declarare</strong></span> <span class='ocrx_word' id='word_1_218' title='bbox 1342 2953 1537 3012; x_wconf 79' lang='lat' dir='ltr'><strong>p0test.</strong></span> <span class='ocrx_word' id='word_1_219' title='bbox 1569 2943 1846 2998; x_wconf 89' lang='lat' dir='ltr'><strong>Undenam</strong></span> 
     </span>
    </p>
   </div>
   <div class='ocr_carea' id='block_1_31' title="bbox 261 3032 1851 3106">
    <p class='ocr_par' dir='ltr' id='par_1_31' title="bbox 261 3032 1851 3106">
     <span class='ocr_line' id='line_1_31' title="bbox 261 3032 1851 3106; baseline 0.001 -20"><span class='ocrx_word' id='word_1_220' title='bbox 261 3039 479 3086; x_wconf 88' lang='lat' dir='ltr'><strong>constat</strong></span> <span class='ocrx_word' id='word_1_221' title='bbox 517 3032 695 3099; x_wconf 88' lang='lat' dir='ltr'><strong>plures</strong></span> <span class='ocrx_word' id='word_1_222' title='bbox 736 3046 857 3086; x_wconf 90' lang='lat' dir='ltr'><strong>esse</strong></span> <span class='ocrx_word' id='word_1_223' title='bbox 896 3033 1141 3094; x_wconf 85' lang='lat' dir='ltr'><strong>virtutes,</strong></span> <span class='ocrx_word' id='word_1_224' title='bbox 1179 3048 1400 3100; x_wconf 90' lang='lat' dir='ltr'><strong>quarum</strong></span> <span class='ocrx_word' id='word_1_225' title='bbox 1448 3034 1660 3089; x_wconf 91' lang='lat' dir='ltr'><strong>nomina</strong></span> <span class='ocrx_word' id='word_1_226' title='bbox 1701 3036 1851 3106; x_wconf 88' lang='lat' dir='ltr'><strong>igno-</strong></span> 
     </span>
    </p>
   </div>
   <div class='ocr_carea' id='block_1_32' title="bbox 265 3121 1848 3192">
    <p class='ocr_par' dir='ltr' id='par_1_32' title="bbox 265 3121 1848 3192">
     <span class='ocr_line' id='line_1_32' title="bbox 265 3121 1848 3192; baseline 0.003 -14"><span class='ocrx_word' id='word_1_227' title='bbox 265 3122 489 3178; x_wconf 87' lang='lat' dir='ltr'><strong>ramus?</strong></span> <span class='ocrx_word' id='word_1_228' title='bbox 519 3121 710 3176; x_wconf 82' lang='lat' dir='ltr'><strong>Paulus</strong></span> <span class='ocrx_word' id='word_1_229' title='bbox 739 3124 828 3192; x_wconf 90' lang='lat' dir='ltr'><strong>qui</strong></span> <span class='ocrx_word' id='word_1_230' title='bbox 861 3123 947 3176; x_wconf 90' lang='lat' dir='ltr'><strong>illa</strong></span> <span class='ocrx_word' id='word_1_231' title='bbox 985 3123 1196 3177; x_wconf 80' lang='lat' dir='ltr'><strong>dixerat</strong></span> <span class='ocrx_word' id='word_1_232' title='bbox 1235 3123 1335 3178; x_wconf 90' lang='lat' dir='ltr'><strong>hoc</strong></span> <span class='ocrx_word' id='word_1_233' title='bbox 1370 3125 1526 3179; x_wconf 88' lang='lat' dir='ltr'><strong>etiam</strong></span> <span class='ocrx_word' id='word_1_234' title='bbox 1568 3126 1744 3191; x_wconf 89' lang='lat' dir='ltr'><strong>docet,</strong></span> <span class='ocrx_word' id='word_1_235' title='bbox 1778 3127 1848 3182; x_wconf 88' lang='lat' dir='ltr'><strong>ita</strong></span> 
     </span>
    </p>
   </div>
   <div class='ocr_carea' id='block_1_33' title="bbox 261 3212 1852 3286">
    <p class='ocr_par' dir='ltr' id='par_1_33' title="bbox 261 3212 1852 3286">
     <span class='ocr_line' id='line_1_33' title="bbox 261 3212 1852 3286; baseline 0.003 -20"><span class='ocrx_word' id='word_1_236' title='bbox 261 3213 338 3266; x_wconf 85' lang='lat' dir='ltr'><strong>de</strong></span> <span class='ocrx_word' id='word_1_237' title='bbox 365 3212 576 3268; x_wconf 88' lang='lat' dir='ltr'><strong>Christo</strong></span> <span class='ocrx_word' id='word_1_238' title='bbox 596 3213 818 3282; x_wconf 89' lang='lat' dir='ltr'><strong>loquens</strong></span> <span class='ocrx_word' id='word_1_239' title='bbox 841 3230 855 3266; x_wconf 88' lang='lat'><strong>:</strong></span> <span class='ocrx_word' id='word_1_240' title='bbox 879 3213 1145 3267; x_wconf 80' lang='lat' dir='ltr'><strong>Constituit</strong></span> <span class='ocrx_word' id='word_1_241' title='bbox 1172 3231 1285 3266; x_wconf 90' lang='lat' dir='ltr'><strong>cum</strong></span> <span class='ocrx_word' id='word_1_242' title='bbox 1310 3232 1462 3284; x_wconf 96' lang='lat' dir='ltr'><strong>super</strong></span> <span class='ocrx_word' id='word_1_243' title='bbox 1485 3232 1679 3270; x_wconf 84' lang='lat' dir='ltr'><strong>onmem</strong></span> <span class='ocrx_word' id='word_1_244' title='bbox 1711 3219 1852 3286; x_wconf 84' lang='lat' dir='ltr'><strong>prin-</strong></span> 
     </span>
    </p>
   </div>
   <div class='ocr_carea' id='block_1_34' title="bbox 263 3305 1849 3374">
    <p class='ocr_par' dir='ltr' id='par_1_34' title="bbox 263 3305 1849 3374">
     <span class='ocr_line' id='line_1_34' title="bbox 263 3305 1849 3374; baseline 0.004 -18"><span class='ocrx_word' id='word_1_245' title='bbox 263 3305 512 3371; x_wconf 81' lang='lat' dir='ltr'><strong>cipatum,</strong></span> <span class='ocrx_word' id='word_1_246' title='bbox 561 3311 606 3356; x_wconf 89' lang='lat' dir='ltr'><strong>et</strong></span> <span class='ocrx_word' id='word_1_247' title='bbox 649 3313 974 3374; x_wconf 85' lang='lat' dir='ltr'><strong>potestatem,</strong></span> <span class='ocrx_word' id='word_1_248' title='bbox 1021 3315 1066 3358; x_wconf 90' lang='lat' dir='ltr'><strong>ct</strong></span> <span class='ocrx_word' id='word_1_249' title='bbox 1102 3305 1352 3370; x_wconf 82' lang='lat' dir='ltr'><strong>virtutem,</strong></span> <span class='ocrx_word' id='word_1_250' title='bbox 1395 3315 1445 3358; x_wconf 91' lang='lat' dir='ltr'><strong>et</strong></span> <span class='ocrx_word' id='word_1_251' title='bbox 1483 3323 1628 3360; x_wconf 87' lang='lat' dir='ltr'><strong>omne</strong></span> <span class='ocrx_word' id='word_1_252' title='bbox 1671 3324 1849 3363; x_wconf 82' lang='lat' dir='ltr'><strong>nomen</strong></span> 
     </span>
    </p>
   </div>
   <div class='ocr_carea' id='block_1_35' title="bbox 263 3393 1850 3462">
    <p class='ocr_par' dir='ltr' id='par_1_35' title="bbox 263 3393 1850 3462">
     <span class='ocr_line' id='line_1_35' title="bbox 263 3393 1850 3462; baseline 0.004 -18"><span class='ocrx_word' id='word_1_253' title='bbox 263 3396 404 3462; x_wconf 86' lang='lat' dir='ltr'><strong>quod</strong></span> <span class='ocrx_word' id='word_1_254' title='bbox 430 3393 716 3445; x_wconf 77' lang='lat' dir='ltr'><strong>nominatur</strong></span> <span class='ocrx_word' id='word_1_255' title='bbox 743 3409 845 3447; x_wconf 87' lang='lat' dir='ltr'><strong>non</strong></span> <span class='ocrx_word' id='word_1_256' title='bbox 881 3394 1041 3446; x_wconf 91' lang='lat' dir='ltr'><strong>solum</strong></span> <span class='ocrx_word' id='word_1_257' title='bbox 1071 3395 1122 3447; x_wconf 89' lang='lat' dir='ltr'><strong>in</strong></span> <span class='ocrx_word' id='word_1_258' title='bbox 1158 3394 1252 3448; x_wconf 87' lang='lat' dir='ltr'><strong>hoc</strong></span> <span class='ocrx_word' id='word_1_259' title='bbox 1278 3395 1480 3456; x_wconf 81' lang='lat' dir='ltr'><strong>sa&#39;culo,</strong></span> <span class='ocrx_word' id='word_1_260' title='bbox 1511 3397 1597 3449; x_wconf 86' lang='lat' dir='ltr'><strong>sed</strong></span> <span class='ocrx_word' id='word_1_261' title='bbox 1623 3398 1772 3450; x_wconf 87' lang='lat' dir='ltr'><strong>etiam</strong></span> <span class='ocrx_word' id='word_1_262' title='bbox 1796 3400 1850 3452; x_wconf 86' lang='lat' dir='ltr'><strong>in</strong></span> 
     </span>
    </p>
   </div>
   <div class='ocr_carea' id='block_1_36' title="bbox 267 3481 1851 3553">
    <p class='ocr_par' dir='ltr' id='par_1_36' title="bbox 267 3481 1851 3553">
     <span class='ocr_line' id='line_1_36' title="bbox 267 3481 1851 3553; baseline 0.004 -20"><span class='ocrx_word' id='word_1_263' title='bbox 267 3487 444 3553; x_wconf 85' lang='lat' dir='ltr'><strong>futuro</strong></span> <span class='ocrx_word' id='word_1_264' title='bbox 482 3481 707 3553; x_wconf 86' lang='lat' dir='ltr'><strong>(Ephes.</strong></span> <span class='ocrx_word' id='word_1_265' title='bbox 751 3485 804 3536; x_wconf 96' lang='grc'><strong>1.</strong></span> <span class='ocrx_word' id='word_1_266' title='bbox 845 3482 962 3552; x_wconf 91' lang='grc'><strong>21).</strong></span> <span class='ocrx_word' id='word_1_267' title='bbox 1007 3483 1207 3537; x_wconf 85' lang='lat' dir='ltr'><strong>Videtis</strong></span> <span class='ocrx_word' id='word_1_268' title='bbox 1243 3484 1417 3553; x_wconf 89' lang='lat' dir='ltr'><strong>aliqua</strong></span> <span class='ocrx_word' id='word_1_269' title='bbox 1458 3485 1564 3539; x_wconf 88' lang='lat' dir='ltr'><strong>illic</strong></span> <span class='ocrx_word' id='word_1_270' title='bbox 1600 3501 1720 3540; x_wconf 83' lang='lat' dir='ltr'><strong>esse</strong></span> <span class='ocrx_word' id='word_1_271' title='bbox 1757 3488 1851 3540; x_wconf 88' lang='lat' dir='ltr'><strong>ali-</strong></span> 
     </span>
    </p>
   </div>
   <div class='ocr_carea' id='block_1_37' title="bbox 263 3573 1851 3646">
    <p class='ocr_par' dir='ltr' id='par_1_37' title="bbox 263 3573 1851 3646">
     <span class='ocr_line' id='line_1_37' title="bbox 263 3573 1851 3646; baseline 0.006 -21"><span class='ocrx_word' id='word_1_272' title='bbox 263 3573 483 3644; x_wconf 85' lang='lat' dir='ltr'><strong>quando</strong></span> <span class='ocrx_word' id='word_1_273' title='bbox 525 3575 913 3644; x_wconf 85' lang='lat' dir='ltr'><strong>cognoscenda,</strong></span> <span class='ocrx_word' id='word_1_274' title='bbox 958 3592 1076 3644; x_wconf 69' lang='lat' dir='ltr'><strong>quae</strong></span> <span class='ocrx_word' id='word_1_275' title='bbox 1125 3593 1264 3630; x_wconf 89' lang='lat' dir='ltr'><strong>nunc</strong></span> <span class='ocrx_word' id='word_1_276' title='bbox 1313 3577 1490 3646; x_wconf 88' lang='lat' dir='ltr'><strong>ignota</strong></span> <span class='ocrx_word' id='word_1_277' title='bbox 1528 3581 1688 3633; x_wconf 88' lang='lat' dir='ltr'><strong>sunt?</strong></span> <span class='ocrx_word' id='word_1_278' title='bbox 1728 3581 1851 3635; x_wconf 89' lang='lat' dir='ltr'><strong>Ideo</strong></span> 
     </span>
    </p>
   </div>
   <div class='ocr_carea' id='block_1_38' title="bbox 263 3667 1849 3738">
    <p class='ocr_par' dir='ltr' id='par_1_38' title="bbox 263 3667 1849 3738">
     <span class='ocr_line' id='line_1_38' title="bbox 263 3667 1849 3738; baseline 0.004 -16"><span class='ocrx_word' id='word_1_279' title='bbox 263 3668 425 3729; x_wconf 77' lang='lat' dir='ltr'><strong>dixit,</strong></span> <span class='ocrx_word' id='word_1_280' title='bbox 454 3683 569 3735; x_wconf 68' lang='lat' dir='ltr'><strong>qum</strong></span> <span class='ocrx_word' id='word_1_281' title='bbox 601 3684 703 3720; x_wconf 88' lang='lat' dir='ltr'><strong>non</strong></span> <span class='ocrx_word' id='word_1_282' title='bbox 735 3667 894 3720; x_wconf 91' lang='lat' dir='ltr'><strong>modo</strong></span> <span class='ocrx_word' id='word_1_283' title='bbox 925 3668 976 3720; x_wconf 92' lang='lat' dir='ltr'><strong>in</strong></span> <span class='ocrx_word' id='word_1_284' title='bbox 1007 3667 1106 3724; x_wconf 90' lang='lat' dir='ltr'><strong>hoc</strong></span> <span class='ocrx_word' id='word_1_285' title='bbox 1135 3669 1330 3722; x_wconf 67' lang='lat' dir='ltr'><strong>saaculo</strong></span> <span class='ocrx_word' id='word_1_286' title='bbox 1365 3672 1724 3738; x_wconf 89' lang='lat' dir='ltr'><strong>nominantur,</strong></span> <span class='ocrx_word' id='word_1_287' title='bbox 1756 3675 1849 3728; x_wconf 89' lang='lat' dir='ltr'><strong>sed</strong></span> 
     </span>
    </p>
   </div>
   <div class='ocr_carea' id='block_1_39' title="bbox 265 3759 1848 3827">
    <p class='ocr_par' dir='ltr' id='par_1_39' title="bbox 265 3759 1848 3827">
     <span class='ocr_line' id='line_1_39' title="bbox 265 3759 1848 3827; baseline 0.004 -15"><span class='ocrx_word' id='word_1_288' title='bbox 265 3759 432 3812; x_wconf 87' lang='lat' dir='ltr'><strong>etiam</strong></span> <span class='ocrx_word' id='word_1_289' title='bbox 473 3759 524 3811; x_wconf 91' lang='lat' dir='ltr'><strong>in</strong></span> <span class='ocrx_word' id='word_1_290' title='bbox 567 3759 758 3812; x_wconf 76' lang='lat' dir='ltr'><strong>futuro.</strong></span> <span class='ocrx_word' id='word_1_291' title='bbox 797 3759 996 3827; x_wconf 83' lang='lat' dir='ltr'><strong>Ecquid</strong></span> <span class='ocrx_word' id='word_1_292' title='bbox 1039 3760 1231 3813; x_wconf 91' lang='lat' dir='ltr'><strong>mirum</strong></span> <span class='ocrx_word' id='word_1_293' title='bbox 1270 3761 1314 3815; x_wconf 89' lang='lat' dir='ltr'><strong>si</strong></span> <span class='ocrx_word' id='word_1_294' title='bbox 1353 3761 1702 3817; x_wconf 88' lang='lat' dir='ltr'><strong>substantiam</strong></span> <span class='ocrx_word' id='word_1_295' title='bbox 1743 3781 1848 3819; x_wconf 89' lang='lat' dir='ltr'><strong>non</strong></span> 
     </span>
    </p>
   </div>
   <div class='ocr_carea' id='block_1_40' title="bbox 267 3845 1852 3918">
    <p class='ocr_par' dir='ltr' id='par_1_40' title="bbox 267 3845 1852 3918">
     <span class='ocr_line' id='line_1_40' title="bbox 267 3845 1852 3918; baseline 0.006 -18"><span class='ocrx_word' id='word_1_296' title='bbox 267 3849 504 3918; x_wconf 81' lang='lat' dir='ltr'><strong>peticcte</strong></span> <span class='ocrx_word' id='word_1_297' title='bbox 548 3847 1046 3916; x_wconf 88' lang='lat' dir='ltr'><strong>comprehendunt?</strong></span> <span class='ocrx_word' id='word_1_298' title='bbox 1100 3847 1232 3903; x_wconf 87' lang='lat' dir='ltr'><strong>Illud</strong></span> <span class='ocrx_word' id='word_1_299' title='bbox 1283 3845 1425 3905; x_wconf 87' lang='lat' dir='ltr'><strong>enim</strong></span> <span class='ocrx_word' id='word_1_300' title='bbox 1483 3851 1852 3910; x_wconf 89' lang='lat' dir='ltr'><strong>demonstrare</strong></span> 
     </span>
    </p>
   </div>
   <div class='ocr_carea' id='block_1_41' title="bbox 267 3937 1852 4010">
    <p class='ocr_par' dir='ltr' id='par_1_41' title="bbox 267 3937 1852 4010">
     <span class='ocr_line' id='line_1_41' title="bbox 267 3937 1852 4010; baseline 0.003 -16"><span class='ocrx_word' id='word_1_301' title='bbox 267 3955 379 3994; x_wconf 90' lang='lat' dir='ltr'><strong>non</strong></span> <span class='ocrx_word' id='word_1_302' title='bbox 402 3938 621 3992; x_wconf 87' lang='lat' dir='ltr'><strong>arduum</strong></span> <span class='ocrx_word' id='word_1_303' title='bbox 648 3947 749 3992; x_wconf 92' lang='lat' dir='ltr'><strong>est.</strong></span> <span class='ocrx_word' id='word_1_304' title='bbox 780 3937 911 3993; x_wconf 85' lang='lat' dir='ltr'><strong>Nam</strong></span> <span class='ocrx_word' id='word_1_305' title='bbox 941 3938 1397 4008; x_wconf 89' lang='lat' dir='ltr'><strong>dispensationum</strong></span> <span class='ocrx_word' id='word_1_306' title='bbox 1423 3942 1539 4010; x_wconf 89' lang='lat' dir='ltr'><strong>ejus</strong></span> <span class='ocrx_word' id='word_1_307' title='bbox 1569 3943 1760 3998; x_wconf 91' lang='lat' dir='ltr'><strong>multas</strong></span> <span class='ocrx_word' id='word_1_308' title='bbox 1786 3960 1852 4000; x_wconf 90' lang='lat' dir='ltr'><strong>ne</strong></span> 
     </span>
    </p>
   </div>
   <div class='ocr_carea' id='block_1_42' title="bbox 266 4029 1842 4103">
    <p class='ocr_par' dir='ltr' id='par_1_42' title="bbox 266 4029 1842 4103">
     <span class='ocr_line' id='line_1_42' title="bbox 266 4029 1842 4103; baseline 0.005 -24"><span class='ocrx_word' id='word_1_309' title='bbox 266 4029 484 4097; x_wconf 85' lang='lat' dir='ltr'><strong>quidem</strong></span> <span class='ocrx_word' id='word_1_310' title='bbox 512 4042 755 4098; x_wconf 72' lang='lat' dir='ltr'><strong>superna:</strong></span> <span class='ocrx_word' id='word_1_311' title='bbox 781 4029 1000 4084; x_wconf 85' lang='lat' dir='ltr'><strong>virtutes</strong></span> <span class='ocrx_word' id='word_1_312' title='bbox 1022 4039 1248 4096; x_wconf 89' lang='lat' dir='ltr'><strong>norunt,</strong></span> <span class='ocrx_word' id='word_1_313' title='bbox 1267 4045 1368 4085; x_wconf 92' lang='lat' dir='ltr'><strong>nec</strong></span> <span class='ocrx_word' id='word_1_314' title='bbox 1389 4031 1732 4100; x_wconf 88' lang='lat' dir='ltr'><strong>principatus,</strong></span> <span class='ocrx_word' id='word_1_315' title='bbox 1755 4049 1842 4103; x_wconf 86' lang='lat' dir='ltr'><strong>po-</strong></span> 
     </span>
    </p>
   </div>
   <div class='ocr_carea' id='block_1_43' title="bbox 271 4120 1851 4191">
    <p class='ocr_par' dir='ltr' id='par_1_43' title="bbox 271 4120 1851 4191">
     <span class='ocr_line' id='line_1_43' title="bbox 271 4120 1851 4191; baseline 0.003 -17"><span class='ocrx_word' id='word_1_316' title='bbox 271 4129 494 4174; x_wconf 80' lang='lat' dir='ltr'><strong>testates</strong></span> <span class='ocrx_word' id='word_1_317' title='bbox 520 4128 574 4174; x_wconf 92' lang='lat' dir='ltr'><strong>et</strong></span> <span class='ocrx_word' id='word_1_318' title='bbox 590 4121 1000 4175; x_wconf 90' lang='lat' dir='ltr'><strong>dominationes.</strong></span> <span class='ocrx_word' id='word_1_319' title='bbox 1034 4120 1195 4191; x_wconf 89' lang='lat' dir='ltr'><strong>quue</strong></span> <span class='ocrx_word' id='word_1_320' title='bbox 1225 4137 1433 4176; x_wconf 90' lang='lat' dir='ltr'><strong>rursum</strong></span> <span class='ocrx_word' id='word_1_321' title='bbox 1461 4137 1527 4176; x_wconf 85' lang='lat' dir='ltr'><strong>ex</strong></span> <span class='ocrx_word' id='word_1_322' title='bbox 1549 4124 1851 4191; x_wconf 88' lang='lat' dir='ltr'><strong>apostolicis</strong></span> 
     </span>
    </p>
   </div>
   <div class='ocr_carea' id='block_1_44' title="bbox 267 4211 1851 4283">
    <p class='ocr_par' dir='ltr' id='par_1_44' title="bbox 267 4211 1851 4283">
     <span class='ocr_line' id='line_1_44' title="bbox 267 4211 1851 4283; baseline 0.004 -19"><span class='ocrx_word' id='word_1_323' title='bbox 267 4211 451 4265; x_wconf 85' lang='lat' dir='ltr'><strong>verbis</strong></span> <span class='ocrx_word' id='word_1_324' title='bbox 501 4211 712 4280; x_wconf 90' lang='lat' dir='ltr'><strong>planum</strong></span> <span class='ocrx_word' id='word_1_325' title='bbox 752 4211 1028 4279; x_wconf 84' lang='lat' dir='ltr'><strong>faciemus,</strong></span> <span class='ocrx_word' id='word_1_326' title='bbox 1078 4223 1272 4283; x_wconf 86' lang='lat' dir='ltr'><strong>nempe</strong></span> <span class='ocrx_word' id='word_1_327' title='bbox 1315 4215 1508 4270; x_wconf 89' lang='lat' dir='ltr'><strong>multas</strong></span> <span class='ocrx_word' id='word_1_328' title='bbox 1549 4231 1613 4269; x_wconf 84' lang='lat' dir='ltr'><strong>ex</strong></span> <span class='ocrx_word' id='word_1_329' title='bbox 1659 4216 1851 4272; x_wconf 88' lang='lat' dir='ltr'><strong>divinis</strong></span> 
     </span>
    </p>
   </div>
   <div class='ocr_carea' id='block_1_45' title="bbox 266 4301 1850 4377">
    <p class='ocr_par' dir='ltr' id='par_1_45' title="bbox 266 4301 1850 4377">
     <span class='ocr_line' id='line_1_45' title="bbox 266 4301 1850 4377; baseline 0.005 -23"><span class='ocrx_word' id='word_1_330' title='bbox 266 4301 758 4370; x_wconf 89' lang='lat' dir='ltr'><strong>dispensationibus</strong></span> <span class='ocrx_word' id='word_1_331' title='bbox 777 4303 1050 4358; x_wconf 85' lang='lat' dir='ltr'><strong>nobiscum</strong></span> <span class='ocrx_word' id='word_1_332' title='bbox 1071 4303 1372 4370; x_wconf 85' lang='lat' dir='ltr'><strong>edidicisse,</strong></span> <span class='ocrx_word' id='word_1_333' title='bbox 1396 4320 1529 4374; x_wconf 91' lang='lat' dir='ltr'><strong>quas</strong></span> <span class='ocrx_word' id='word_1_334' title='bbox 1551 4315 1672 4361; x_wconf 85' lang='lat' dir='ltr'><strong>ante</strong></span> <span class='ocrx_word' id='word_1_335' title='bbox 1692 4323 1850 4377; x_wconf 87' lang='lat' dir='ltr'><strong>quam</strong></span> 
     </span>
    </p>
   </div>
   <div class='ocr_carea' id='block_1_46' title="bbox 269 4393 1852 4464">
    <p class='ocr_par' dir='ltr' id='par_1_46' title="bbox 269 4393 1852 4464">
     <span class='ocr_line' id='line_1_46' title="bbox 269 4393 1852 4464; baseline 0.004 -17"><span class='ocrx_word' id='word_1_336' title='bbox 269 4407 375 4447; x_wconf 90' lang='lat' dir='ltr'><strong>nos</strong></span> <span class='ocrx_word' id='word_1_337' title='bbox 416 4393 742 4448; x_wconf 88' lang='lat' dir='ltr'><strong>disceremus</strong></span> <span class='ocrx_word' id='word_1_338' title='bbox 788 4393 1122 4464; x_wconf 87' lang='lat' dir='ltr'><strong>ignorabant.</strong></span> <span class='ocrx_word' id='word_1_339' title='bbox 1163 4395 1279 4449; x_wconf 89' lang='lat' dir='ltr'><strong>Non</strong></span> <span class='ocrx_word' id='word_1_340' title='bbox 1317 4397 1486 4450; x_wconf 91' lang='lat' dir='ltr'><strong>solum</strong></span> <span class='ocrx_word' id='word_1_341' title='bbox 1524 4407 1703 4452; x_wconf 92' lang='lat' dir='ltr'><strong>autem</strong></span> <span class='ocrx_word' id='word_1_342' title='bbox 1752 4415 1852 4453; x_wconf 90' lang='lat' dir='ltr'><strong>no-</strong></span> 
     </span>
    </p>
   </div>
   <div class='ocr_carea' id='block_1_47' title="bbox 270 4482 1848 4556">
    <p class='ocr_par' dir='ltr' id='par_1_47' title="bbox 270 4482 1848 4556">
     <span class='ocr_line' id='line_1_47' title="bbox 270 4482 1848 4556; baseline 0.005 -22"><span class='ocrx_word' id='word_1_343' title='bbox 270 4483 478 4535; x_wconf 84' lang='lat' dir='ltr'><strong>biscum</strong></span> <span class='ocrx_word' id='word_1_344' title='bbox 517 4482 834 4549; x_wconf 90' lang='lat' dir='ltr'><strong>didicerunt,</strong></span> <span class='ocrx_word' id='word_1_345' title='bbox 875 4483 968 4538; x_wconf 87' lang='lat' dir='ltr'><strong>sed</strong></span> <span class='ocrx_word' id='word_1_346' title='bbox 1013 4485 1173 4538; x_wconf 88' lang='lat' dir='ltr'><strong>etiam</strong></span> <span class='ocrx_word' id='word_1_347' title='bbox 1221 4500 1250 4538; x_wconf 89' lang='lat' dir='ltr'><strong>a</strong></span> <span class='ocrx_word' id='word_1_348' title='bbox 1293 4487 1446 4540; x_wconf 91' lang='lat' dir='ltr'><strong>nobis</strong></span> <span class='ocrx_word' id='word_1_349' title='bbox 1487 4487 1615 4556; x_wconf 86' lang='lat' dir='ltr'><strong>ipsis</strong></span> <span class='ocrx_word' id='word_1_350' title='bbox 1657 4489 1848 4555; x_wconf 81' lang='lat' dir='ltr'><strong>:Aliis,</strong></span> 
     </span>
    </p>
   </div>
   <div class='ocr_carea' id='block_1_48' title="bbox 269 4573 1851 4647">
    <p class='ocr_par' dir='ltr' id='par_1_48' title="bbox 269 4573 1851 4647">
     <span class='ocr_line' id='line_1_48' title="bbox 269 4573 1851 4647; baseline 0.006 -20"><span class='ocrx_word' id='word_1_351' title='bbox 269 4573 466 4641; x_wconf 79' lang='lat' dir='ltr'><strong>inquit,</strong></span> <span class='ocrx_word' id='word_1_352' title='bbox 493 4576 889 4643; x_wconf 76' lang='lat' dir='ltr'><strong>generationibus</strong></span> <span class='ocrx_word' id='word_1_353' title='bbox 909 4593 1008 4628; x_wconf 79' lang='lat' dir='ltr'><strong>non</strong></span> <span class='ocrx_word' id='word_1_354' title='bbox 1036 4587 1104 4629; x_wconf 89' lang='lat' dir='ltr'><strong>est</strong></span> <span class='ocrx_word' id='word_1_355' title='bbox 1125 4578 1372 4647; x_wconf 85' lang='lat' dir='ltr'><strong>agnitum,</strong></span> <span class='ocrx_word' id='word_1_356' title='bbox 1395 4581 1525 4632; x_wconf 80' lang='lat' dir='ltr'><strong>sicut</strong></span> <span class='ocrx_word' id='word_1_357' title='bbox 1552 4597 1686 4634; x_wconf 90' lang='lat' dir='ltr'><strong>nunc</strong></span> <span class='ocrx_word' id='word_1_358' title='bbox 1711 4601 1851 4637; x_wconf 84' lang='lat' dir='ltr'><strong>reve-</strong></span> 
     </span>
    </p>
   </div>
   <div class='ocr_carea' id='block_1_49' title="bbox 269 4665 1850 4743">
    <p class='ocr_par' dir='ltr' id='par_1_49' title="bbox 269 4665 1850 4743">
     <span class='ocr_line' id='line_1_49' title="bbox 269 4665 1850 4743; baseline 0.006 -25"><span class='ocrx_word' id='word_1_359' title='bbox 269 4665 434 4718; x_wconf 80' lang='lat' dir='ltr'><strong>latum</strong></span> <span class='ocrx_word' id='word_1_360' title='bbox 462 4673 532 4718; x_wconf 88' lang='lat' dir='ltr'><strong>est</strong></span> <span class='ocrx_word' id='word_1_361' title='bbox 564 4667 751 4720; x_wconf 75' lang='lat' dir='ltr'><strong>sanctis</strong></span> <span class='ocrx_word' id='word_1_362' title='bbox 781 4669 1020 4735; x_wconf 72' lang='lat' dir='ltr'><strong>apostolis</strong></span> <span class='ocrx_word' id='word_1_363' title='bbox 1051 4669 1156 4739; x_wconf 84' lang='lat' dir='ltr'><strong>ejus</strong></span> <span class='ocrx_word' id='word_1_364' title='bbox 1182 4678 1228 4721; x_wconf 85' lang='lat' dir='ltr'><strong>et</strong></span> <span class='ocrx_word' id='word_1_365' title='bbox 1268 4670 1523 4740; x_wconf 85' lang='lat' dir='ltr'><strong>prophetis</strong></span> <span class='ocrx_word' id='word_1_366' title='bbox 1555 4673 1607 4725; x_wconf 88' lang='lat' dir='ltr'><strong>in</strong></span> <span class='ocrx_word' id='word_1_367' title='bbox 1638 4677 1850 4743; x_wconf 88' lang='lat' dir='ltr'><strong>spiritu,</strong></span> 
     </span>
    </p>
   </div>
   <div class='ocr_carea' id='block_1_50' title="bbox 269 4756 1853 4835">
    <p class='ocr_par' dir='ltr' id='par_1_50' title="bbox 269 4756 1853 4835">
     <span class='ocr_line' id='line_1_50' title="bbox 269 4756 1853 4835; baseline 0.009 -30"><span class='ocrx_word' id='word_1_368' title='bbox 269 4769 384 4806; x_wconf 87' lang='lat' dir='ltr'><strong>esse</strong></span> <span class='ocrx_word' id='word_1_369' title='bbox 410 4765 576 4822; x_wconf 84' lang='lat' dir='ltr'><strong>gentes</strong></span> <span class='ocrx_word' id='word_1_370' title='bbox 601 4756 866 4808; x_wconf 81' lang='lat' dir='ltr'><strong>coheredes</strong></span> <span class='ocrx_word' id='word_1_371' title='bbox 895 4767 940 4809; x_wconf 90' lang='lat' dir='ltr'><strong>et</strong></span> <span class='ocrx_word' id='word_1_372' title='bbox 965 4759 1364 4826; x_wconf 88' lang='lat' dir='ltr'><strong>concorporales,</strong></span> <span class='ocrx_word' id='word_1_373' title='bbox 1395 4769 1441 4814; x_wconf 89' lang='lat' dir='ltr'><strong>et</strong></span> <span class='ocrx_word' id='word_1_374' title='bbox 1467 4765 1853 4835; x_wconf 88' lang='lat' dir='ltr'><strong>comparticipes</strong></span> 
     </span>
    </p>
   </div>
   <div class='ocr_carea' id='block_1_51' title="bbox 272 4845 1852 4918">
    <p class='ocr_par' dir='ltr' id='par_1_51' title="bbox 272 4845 1852 4918">
     <span class='ocr_line' id='line_1_51' title="bbox 272 4845 1852 4918; baseline 0.009 -22"><span class='ocrx_word' id='word_1_375' title='bbox 272 4845 620 4910; x_wconf 86' lang='lat' dir='ltr'><strong>promissionis</strong></span> <span class='ocrx_word' id='word_1_376' title='bbox 658 4847 768 4916; x_wconf 84' lang='lat' dir='ltr'><strong>ejus</strong></span> <span class='ocrx_word' id='word_1_377' title='bbox 802 4845 994 4918; x_wconf 76' lang='lat' dir='ltr'><strong>(Ep/tes</strong></span> <span class='ocrx_word' id='word_1_378' title='bbox 1047 4849 1098 4902; x_wconf 92' lang='lat'><strong>5.</strong></span> <span class='ocrx_word' id='word_1_379' title='bbox 1137 4849 1212 4917; x_wconf 80' lang='lat'><strong>5).</strong></span> <span class='ocrx_word' id='word_1_380' title='bbox 1247 4848 1636 4907; x_wconf 86' lang='lat' dir='ltr'><strong>Promissiuncs</strong></span> <span class='ocrx_word' id='word_1_381' title='bbox 1675 4865 1852 4910; x_wconf 88' lang='lat' dir='ltr'><strong>autem</strong></span> 
     </span>
    </p>
   </div>
   <div class='ocr_carea' id='block_1_52' title="bbox 268 4935 1854 5018">
    <p class='ocr_par' dir='ltr' id='par_1_52' title="bbox 268 4935 1854 5018">
     <span class='ocr_line' id='line_1_52' title="bbox 268 4935 1854 5018; baseline 0.008 -27"><span class='ocrx_word' id='word_1_382' title='bbox 268 4935 473 4991; x_wconf 68' lang='lat' dir='ltr'><strong>Judteis</strong></span> <span class='ocrx_word' id='word_1_383' title='bbox 515 4936 652 4991; x_wconf 79' lang='lat' dir='ltr'><strong>datte</strong></span> <span class='ocrx_word' id='word_1_384' title='bbox 691 4938 941 4993; x_wconf 78' lang='lat' dir='ltr'><strong>fuerant:</strong></span> <span class='ocrx_word' id='word_1_385' title='bbox 976 4939 1079 4993; x_wconf 90' lang='lat' dir='ltr'><strong>Per</strong></span> <span class='ocrx_word' id='word_1_386' title='bbox 1107 4940 1457 5013; x_wconf 85' lang='lat' dir='ltr'><strong>Evangelium,</strong></span> <span class='ocrx_word' id='word_1_387' title='bbox 1500 4947 1646 5016; x_wconf 85' lang='lat' dir='ltr'><strong>cujus</strong></span> <span class='ocrx_word' id='word_1_388' title='bbox 1687 4953 1854 5018; x_wconf 89' lang='lat' dir='ltr'><strong>factus</strong></span> 
     </span>
    </p>
   </div>
   <div class='ocr_carea' id='block_1_53' title="bbox 270 5026 1855 5109">
    <p class='ocr_par' dir='ltr' id='par_1_53' title="bbox 270 5026 1855 5109">
     <span class='ocr_line' id='line_1_53' title="bbox 270 5026 1855 5109; baseline 0.009 -30"><span class='ocrx_word' id='word_1_389' title='bbox 270 5042 390 5079; x_wconf 83' lang='lat' dir='ltr'><strong>sunt</strong></span> <span class='ocrx_word' id='word_1_390' title='bbox 414 5041 506 5096; x_wconf 86' lang='lat' dir='ltr'><strong>ego</strong></span> <span class='ocrx_word' id='word_1_391' title='bbox 536 5026 732 5082; x_wconf 84' lang='lat' dir='ltr'><strong>Paulus</strong></span> <span class='ocrx_word' id='word_1_392' title='bbox 760 5029 1004 5083; x_wconf 84' lang='lat' dir='ltr'><strong>minister.</strong></span> <span class='ocrx_word' id='word_1_393' title='bbox 1037 5029 1312 5087; x_wconf 89' lang='lat' dir='ltr'><strong>Undenam</strong></span> <span class='ocrx_word' id='word_1_394' title='bbox 1344 5035 1642 5092; x_wconf 90' lang='lat' dir='ltr'><strong>ostenditur</strong></span> <span class='ocrx_word' id='word_1_395' title='bbox 1669 5054 1855 5109; x_wconf 91' lang='lat' dir='ltr'><strong>super-</strong></span> 
     </span>
    </p>
   </div>
   <div class='ocr_carea' id='block_1_54' title="bbox 272 5118 1857 5196">
    <p class='ocr_par' dir='ltr' id='par_1_54' title="bbox 272 5118 1857 5196">
     <span class='ocr_line' id='line_1_54' title="bbox 272 5118 1857 5196; baseline 0.011 -26"><span class='ocrx_word' id='word_1_396' title='bbox 272 5132 371 5170; x_wconf 85' lang='lat' dir='ltr'><strong>nas</strong></span> <span class='ocrx_word' id='word_1_397' title='bbox 399 5118 621 5173; x_wconf 86' lang='lat' dir='ltr'><strong>virtutes</strong></span> <span class='ocrx_word' id='word_1_398' title='bbox 652 5119 701 5172; x_wconf 91' lang='lat' dir='ltr'><strong>id</strong></span> <span class='ocrx_word' id='word_1_399' title='bbox 743 5129 866 5174; x_wconf 92' lang='lat' dir='ltr'><strong>tunc</strong></span> <span class='ocrx_word' id='word_1_400' title='bbox 909 5122 1226 5178; x_wconf 84' lang='lat' dir='ltr'><strong>edidicisse?</strong></span> <span class='ocrx_word' id='word_1_401' title='bbox 1257 5125 1387 5179; x_wconf 86' lang='lat' dir='ltr'><strong>Nam</strong></span> <span class='ocrx_word' id='word_1_402' title='bbox 1415 5143 1533 5196; x_wconf 66' lang='lat' dir='ltr'><strong>quae</strong></span> <span class='ocrx_word' id='word_1_403' title='bbox 1562 5128 1702 5185; x_wconf 90' lang='lat' dir='ltr'><strong>dicta</strong></span> <span class='ocrx_word' id='word_1_404' title='bbox 1732 5141 1857 5188; x_wconf 89' lang='lat' dir='ltr'><strong>sunt</strong></span> 
     </span>
    </p>
   </div>
   <div class='ocr_carea' id='block_1_55' title="bbox 267 5205 1854 5277">
    <p class='ocr_par' dir='ltr' id='par_1_55' title="bbox 267 5205 1854 5277">
     <span class='ocr_line' id='line_1_55' title="bbox 267 5205 1854 5277; baseline 0.011 -19"><span class='ocrx_word' id='word_1_405' title='bbox 267 5205 340 5258; x_wconf 81' lang='lat' dir='ltr'><strong>ad</strong></span> <span class='ocrx_word' id='word_1_406' title='bbox 371 5206 612 5262; x_wconf 90' lang='lat' dir='ltr'><strong>homines</strong></span> <span class='ocrx_word' id='word_1_407' title='bbox 637 5218 901 5277; x_wconf 85' lang='lat' dir='ltr'><strong>spectant.</strong></span> <span class='ocrx_word' id='word_1_408' title='bbox 935 5212 1070 5267; x_wconf 86' lang='lat' dir='ltr'><strong>Audi</strong></span> <span class='ocrx_word' id='word_1_409' title='bbox 1103 5228 1116 5266; x_wconf 91' lang='lat'><strong>:</strong></span> <span class='ocrx_word' id='word_1_410' title='bbox 1141 5213 1272 5268; x_wconf 81' lang='lat' dir='ltr'><strong>Mihi</strong></span> <span class='ocrx_word' id='word_1_411' title='bbox 1301 5218 1524 5272; x_wconf 86' lang='lat' dir='ltr'><strong>omnium</strong></span> <span class='ocrx_word' id='word_1_412' title='bbox 1554 5220 1808 5276; x_wconf 86' lang='lat' dir='ltr'><strong>hominum</strong></span> <span class='ocrx_word' id='word_1_413' title='bbox 1836 5225 1854 5256; x_wconf 84' lang='grc'>¹</span> 
     </span>
    </p>
   </div>
   <div class='ocr_carea' id='block_1_56' title="bbox 268 5298 1855 5384">
    <p class='ocr_par' dir='ltr' id='par_1_56' title="bbox 268 5298 1855 5384">
     <span class='ocr_line' id='line_1_56' title="bbox 268 5298 1855 5384; baseline 0.012 -34"><span class='ocrx_word' id='word_1_414' title='bbox 268 5298 480 5351; x_wconf 88' lang='lat' dir='ltr'><strong>minimo</strong></span> <span class='ocrx_word' id='word_1_415' title='bbox 516 5300 636 5354; x_wconf 89' lang='lat' dir='ltr'><strong>data</strong></span> <span class='ocrx_word' id='word_1_416' title='bbox 655 5311 729 5355; x_wconf 89' lang='lat' dir='ltr'><strong>est</strong></span> <span class='ocrx_word' id='word_1_417' title='bbox 756 5303 921 5373; x_wconf 84' lang='lat' dir='ltr'><strong>gratia</strong></span> <span class='ocrx_word' id='word_1_418' title='bbox 950 5305 1077 5372; x_wconf 80' lang='lat' dir='ltr'><strong>lucc,</strong></span> <span class='ocrx_word' id='word_1_419' title='bbox 1106 5309 1456 5378; x_wconf 40' lang='lat' dir='ltr'><strong>,evangelizare</strong></span> <span class='ocrx_word' id='word_1_420' title='bbox 1480 5314 1708 5368; x_wconf 88' lang='lat' dir='ltr'><strong>omnibus</strong></span> <span class='ocrx_word' id='word_1_421' title='bbox 1730 5333 1855 5384; x_wconf 84' lang='lat' dir='ltr'><strong>gen-</strong></span> 
     </span>
    </p>
   </div>
   <div class='ocr_carea' id='block_1_57' title="bbox 267 5393 1854 5477">
    <p class='ocr_par' dir='ltr' id='par_1_57' title="bbox 267 5393 1854 5477">
     <span class='ocr_line' id='line_1_57' title="bbox 267 5393 1854 5477; baseline 0.013 -34"><span class='ocrx_word' id='word_1_422' title='bbox 267 5393 405 5446; x_wconf 83' lang='lat' dir='ltr'><strong>tibus</strong></span> <span class='ocrx_word' id='word_1_423' title='bbox 443 5394 810 5466; x_wconf 83' lang='lat' dir='ltr'><strong>investigabiles</strong></span> <span class='ocrx_word' id='word_1_424' title='bbox 836 5397 1035 5451; x_wconf 85' lang='lat' dir='ltr'><strong>divitias</strong></span> <span class='ocrx_word' id='word_1_425' title='bbox 1070 5398 1255 5454; x_wconf 84' lang='lat' dir='ltr'><strong>Christi</strong></span> <span class='ocrx_word' id='word_1_426' title='bbox 1294 5401 1506 5472; x_wconf 81' lang='lat' dir='ltr'><strong>(Ep/tes.</strong></span> <span class='ocrx_word' id='word_1_427' title='bbox 1536 5407 1590 5459; x_wconf 88' lang='lat'><strong>5.</strong></span> <span class='ocrx_word' id='word_1_428' title='bbox 1621 5406 1697 5477; x_wconf 92' lang='grc'><strong>8).</strong></span> <span class='ocrx_word' id='word_1_429' title='bbox 1719 5409 1854 5475; x_wconf 84' lang='lat' dir='ltr'><strong>Quid</strong></span> 
     </span>
    </p>
   </div>
   <div class='ocr_carea' id='block_1_58' title="bbox 269 5481 1857 5561">
    <p class='ocr_par' dir='ltr' id='par_1_58' title="bbox 269 5481 1857 5561">
     <span class='ocr_line' id='line_1_58' title="bbox 269 5481 1857 5561; baseline 0.013 -27"><span class='ocrx_word' id='word_1_430' title='bbox 269 5490 358 5534; x_wconf 90' lang='lat' dir='ltr'><strong>est</strong></span> <span class='ocrx_word' id='word_1_431' title='bbox 385 5481 784 5554; x_wconf 87' lang='lat' dir='ltr'><strong>investigabile?</strong></span> <span class='ocrx_word' id='word_1_432' title='bbox 809 5485 960 5552; x_wconf 85' lang='lat' dir='ltr'><strong>Quod</strong></span> <span class='ocrx_word' id='word_1_433' title='bbox 985 5489 1218 5559; x_wconf 91' lang='lat' dir='ltr'><strong>perqttiri</strong></span> <span class='ocrx_word' id='word_1_434' title='bbox 1241 5494 1442 5561; x_wconf 89' lang='lat' dir='ltr'><strong>nequit,</strong></span> <span class='ocrx_word' id='word_1_435' title='bbox 1468 5510 1565 5549; x_wconf 87' lang='lat' dir='ltr'><strong>nec</strong></span> <span class='ocrx_word' id='word_1_436' title='bbox 1588 5498 1745 5552; x_wconf 90' lang='lat' dir='ltr'><strong>modo</strong></span> <span class='ocrx_word' id='word_1_437' title='bbox 1772 5515 1857 5554; x_wconf 89' lang='lat' dir='ltr'><strong>re-</strong></span> 
     </span>
    </p>
   </div>
   <div class='ocr_carea' id='block_1_59' title="bbox 341 5679 1852 5762">
    <p class='ocr_par' dir='ltr' id='par_1_59' title="bbox 341 5679 1852 5762">
     <span class='ocr_line' id='line_1_59' title="bbox 341 5679 1852 5762; baseline 0.012 -31"><span class='ocrx_word' id='word_1_438' title='bbox 341 5679 535 5762; x_wconf 34' lang='lat' dir='ltr'><strong>flavit].</strong></span> <span class='ocrx_word' id='word_1_439' title='bbox 546 5684 763 5762; x_wconf 33' lang='lat' dir='ltr'><strong>gignunt</strong></span> <span class='ocrx_word' id='word_1_440' title='bbox 788 5692 915 5747; x_wconf 71' lang='lat' dir='ltr'><strong>Mss,</strong></span> <span class='ocrx_word' id='word_1_441' title='bbox 935 5701 1142 5740; x_wconf 74' lang='lat' dir='ltr'><strong>omnium</strong></span> <span class='ocrx_word' id='word_1_442' title='bbox 1163 5699 1450 5746; x_wconf 85' lang='lat' dir='ltr'><strong>sanctorum.</strong></span> <span class='ocrx_word' id='word_1_443' title='bbox 1485 5697 1647 5747; x_wconf 73' lang='lat' dir='ltr'><strong>Morel.</strong></span> <span class='ocrx_word' id='word_1_444' title='bbox 1677 5706 1726 5750; x_wconf 90' lang='lat' dir='ltr'><strong>ct</strong></span> <span class='ocrx_word' id='word_1_445' title='bbox 1758 5700 1852 5762; x_wconf 81' lang='lat' dir='ltr'><strong>alii,</strong></span> 
     </span>
    </p>
   </div>
   <div class='ocr_carea' id='block_1_60' title="bbox 269 5741 763 5794">
    <p class='ocr_par' dir='ltr' id='par_1_60' title="bbox 269 5741 763 5794">
     <span class='ocr_line' id='line_1_60' title="bbox 269 5741 763 5794; baseline 0.006 -3"><span class='ocrx_word' id='word_1_446' title='bbox 269 5753 484 5791; x_wconf 61' lang='lat' dir='ltr'><strong>«tantum</strong></span> <span class='ocrx_word' id='word_1_447' title='bbox 506 5741 763 5794; x_wconf 70' lang='lat' dir='ltr'><strong>haninum.</strong></span> 
     </span>
    </p>
   </div>
   <div class='ocr_carea' id='block_1_61' title="bbox 1203 268 2612 329">
    <p class='ocr_par' dir='ltr' id='par_1_61' title="bbox 1203 268 2612 329">
     <span class='ocr_line' id='line_1_61' title="bbox 1203 268 2612 329; baseline -0.002 -1"><span class='ocrx_word' id='word_1_448' title='bbox 1203 273 1291 328; x_wconf 86' lang='lat' dir='ltr'><strong>DE</strong></span> <span class='ocrx_word' id='word_1_449' title='bbox 1330 268 2004 329; x_wconf 79' lang='lat' dir='ltr'><strong>INCOMPBEHENSIBILI</strong></span> <span class='ocrx_word' id='word_1_450' title='bbox 2043 268 2154 325; x_wconf 88' lang='lat' dir='ltr'><strong>DEI</strong></span> <span class='ocrx_word' id='word_1_451' title='bbox 2189 269 2491 328; x_wconf 73' lang='lat' dir='ltr'><strong>NATURA.</strong></span> <span class='ocrx_word' id='word_1_452' title='bbox 2525 270 2612 325; x_wconf 93' lang='lat' dir='ltr'><strong>IV.</strong></span> 
     </span>
    </p>
   </div>
   <div class='ocr_carea' id='block_1_62' title="bbox 3415 276 3518 334">
    <p class='ocr_par' dir='ltr' id='par_1_62' title="bbox 3415 276 3518 334">
     <span class='ocr_line' id='line_1_62' title="bbox 3415 276 3518 334; baseline 0 0"><span class='ocrx_word' id='word_1_453' title='bbox 3415 276 3518 334; x_wconf 64' lang='grc' dir='ltr'><strong>τω</strong></span> 
     </span>
    </p>
   </div>
   <div class='ocr_carea' id='block_1_63' title="bbox 1941 382 3517 456">
    <p class='ocr_par' dir='ltr' id='par_1_63' title="bbox 1941 382 3517 456">
     <span class='ocr_line' id='line_1_63' title="bbox 1941 382 3517 456; baseline 0.006 -20"><span class='ocrx_word' id='word_1_454' title='bbox 1941 382 2100 452; x_wconf 91' lang='lat' dir='ltr'><strong>periri</strong></span> <span class='ocrx_word' id='word_1_455' title='bbox 2151 399 2256 437; x_wconf 86' lang='lat' dir='ltr'><strong>non</strong></span> <span class='ocrx_word' id='word_1_456' title='bbox 2310 391 2503 453; x_wconf 90' lang='lat' dir='ltr'><strong>potest,</strong></span> <span class='ocrx_word' id='word_1_457' title='bbox 2550 384 2645 440; x_wconf 89' lang='lat' dir='ltr'><strong>sed</strong></span> <span class='ocrx_word' id='word_1_458' title='bbox 2698 400 2870 456; x_wconf 87' lang='lat' dir='ltr'><strong>neque</strong></span> <span class='ocrx_word' id='word_1_459' title='bbox 2913 386 3241 456; x_wconf 84' lang='lat' dir='ltr'><strong>investigari.</strong></span> <span class='ocrx_word' id='word_1_460' title='bbox 3289 389 3517 446; x_wconf 76' lang='lat' dir='ltr'><strong>Audiam</strong></span> 
     </span>
    </p>
   </div>
   <div class='ocr_carea' id='block_1_64' title="bbox 1938 475 3520 545">
    <p class='ocr_par' dir='ltr' id='par_1_64' title="bbox 1938 475 3520 545">
     <span class='ocr_line' id='line_1_64' title="bbox 1938 475 3520 545; baseline 0.001 -17"><span class='ocrx_word' id='word_1_461' title='bbox 1938 489 2096 544; x_wconf 90' lang='lat' dir='ltr'><strong>quam</strong></span> <span class='ocrx_word' id='word_1_462' title='bbox 2123 475 2308 529; x_wconf 89' lang='lat' dir='ltr'><strong>crebra</strong></span> <span class='ocrx_word' id='word_1_463' title='bbox 2335 475 2614 530; x_wconf 90' lang='lat' dir='ltr'><strong>adversum</strong></span> <span class='ocrx_word' id='word_1_464' title='bbox 2644 491 2701 529; x_wconf 89' lang='lat' dir='ltr'><strong>se</strong></span> <span class='ocrx_word' id='word_1_465' title='bbox 2724 475 2897 545; x_wconf 88' lang='lat' dir='ltr'><strong>jacula</strong></span> <span class='ocrx_word' id='word_1_466' title='bbox 2921 494 2949 530; x_wconf 91' lang='lat' dir='ltr'><strong>a</strong></span> <span class='ocrx_word' id='word_1_467' title='bbox 2977 478 3140 532; x_wconf 88' lang='lat' dir='ltr'><strong>Paulo</strong></span> <span class='ocrx_word' id='word_1_468' title='bbox 3167 478 3520 534; x_wconf 76' lang='lat' dir='ltr'><strong>emittantur?</strong></span> 
     </span>
    </p>
   </div>
   <div class='ocr_carea' id='block_1_65' title="bbox 1938 563 3520 642">
    <p class='ocr_par' dir='ltr' id='par_1_65' title="bbox 1938 563 3520 642">
     <span class='ocr_line' id='line_1_65' title="bbox 1938 563 3520 642; baseline 0.006 -24"><span class='ocrx_word' id='word_1_469' title='bbox 1938 563 2069 618; x_wconf 81' lang='lat' dir='ltr'><strong>Nam</strong></span> <span class='ocrx_word' id='word_1_470' title='bbox 2100 565 2144 618; x_wconf 92' lang='lat' dir='ltr'><strong>si</strong></span> <span class='ocrx_word' id='word_1_471' title='bbox 2182 564 2384 620; x_wconf 69' lang='lat' dir='ltr'><strong>divitiw</strong></span> <span class='ocrx_word' id='word_1_472' title='bbox 2415 566 2811 635; x_wconf 88' lang='lat' dir='ltr'><strong>investigabiles</strong></span> <span class='ocrx_word' id='word_1_473' title='bbox 2839 577 2985 634; x_wconf 88' lang='lat' dir='ltr'><strong>sunt,</strong></span> <span class='ocrx_word' id='word_1_474' title='bbox 3013 571 3282 638; x_wconf 89' lang='lat' dir='ltr'><strong>quomodo</strong></span> <span class='ocrx_word' id='word_1_475' title='bbox 3325 572 3396 635; x_wconf 88' lang='lat' dir='ltr'><strong>is,</strong></span> <span class='ocrx_word' id='word_1_476' title='bbox 3428 573 3520 642; x_wconf 84' lang='lat' dir='ltr'><strong>qui</strong></span> 
     </span>
    </p>
   </div>
   <div class='ocr_carea' id='block_1_66' title="bbox 1939 654 3524 728">
    <p class='ocr_par' dir='ltr' id='par_1_66' title="bbox 1939 654 3524 728">
     <span class='ocr_line' id='line_1_66' title="bbox 1939 654 3524 728; baseline 0.005 -20"><span class='ocrx_word' id='word_1_477' title='bbox 1939 655 2160 724; x_wconf 79' lang='lat' dir='ltr'><strong>largitur</strong></span> <span class='ocrx_word' id='word_1_478' title='bbox 2180 654 2212 709; x_wconf 91' lang='lat' dir='ltr'><strong>d</strong></span> <span class='ocrx_word' id='word_1_479' title='bbox 2244 655 2411 719; x_wconf 77' lang='lat' dir='ltr'><strong>vitias,</strong></span> <span class='ocrx_word' id='word_1_480' title='bbox 2439 671 2547 710; x_wconf 90' lang='lat' dir='ltr'><strong>non</strong></span> <span class='ocrx_word' id='word_1_481' title='bbox 2578 658 2964 728; x_wconf 85' lang='lat' dir='ltr'><strong>investigabilis</strong></span> <span class='ocrx_word' id='word_1_482' title='bbox 2998 661 3100 714; x_wconf 78' lang='lat' dir='ltr'><strong>sit?</strong></span> <span class='ocrx_word' id='word_1_483' title='bbox 3137 658 3204 714; x_wconf 88' lang='lat' dir='ltr'><strong>Et</strong></span> <span class='ocrx_word' id='word_1_484' title='bbox 3233 662 3524 716; x_wconf 80' lang='lat' dir='ltr'><strong>illuminare</strong></span> 
     </span>
    </p>
   </div>
   <div class='ocr_carea' id='block_1_67' title="bbox 1938 746 3523 816">
    <p class='ocr_par' dir='ltr' id='par_1_67' title="bbox 1938 746 3523 816">
     <span class='ocr_line' id='line_1_67' title="bbox 1938 746 3523 816; baseline 0.004 -16"><span class='ocrx_word' id='word_1_485' title='bbox 1938 762 2127 810; x_wconf 89' lang='lat' dir='ltr'><strong>omnes,</strong></span> <span class='ocrx_word' id='word_1_486' title='bbox 2149 761 2261 814; x_wconf 62' lang='lat' dir='ltr'><strong>que</strong></span> <span class='ocrx_word' id='word_1_487' title='bbox 2277 747 2345 800; x_wconf 85' lang='lat' dir='ltr'><strong>sit</strong></span> <span class='ocrx_word' id='word_1_488' title='bbox 2362 746 2671 816; x_wconf 84' lang='lat' dir='ltr'><strong>dispensatio</strong></span> <span class='ocrx_word' id='word_1_489' title='bbox 2687 752 2992 804; x_wconf 83' lang='lat' dir='ltr'><strong>sacramenti</strong></span> <span class='ocrx_word' id='word_1_490' title='bbox 3010 750 3290 806; x_wconf 88' lang='lat' dir='ltr'><strong>absconditi</strong></span> <span class='ocrx_word' id='word_1_491' title='bbox 3313 769 3345 806; x_wconf 90' lang='lat' dir='ltr'><strong>a</strong></span> <span class='ocrx_word' id='word_1_492' title='bbox 3360 770 3523 808; x_wconf 71' lang='lat' dir='ltr'><strong>saxu-</strong></span> 
     </span>
    </p>
   </div>
   <div class='ocr_carea' id='block_1_68' title="bbox 1940 834 3522 913">
    <p class='ocr_par' dir='ltr' id='par_1_68' title="bbox 1940 834 3522 913">
     <span class='ocr_line' id='line_1_68' title="bbox 1940 834 3522 913; baseline 0.006 -25"><span class='ocrx_word' id='word_1_493' title='bbox 1940 835 2003 889; x_wconf 89' lang='lat' dir='ltr'><strong>lis</strong></span> <span class='ocrx_word' id='word_1_494' title='bbox 2030 837 2084 889; x_wconf 89' lang='lat' dir='ltr'><strong>in</strong></span> <span class='ocrx_word' id='word_1_495' title='bbox 2110 834 2240 901; x_wconf 90' lang='lat' dir='ltr'><strong>Deo,</strong></span> <span class='ocrx_word' id='word_1_496' title='bbox 2264 847 2316 890; x_wconf 90' lang='lat' dir='ltr'><strong>ut</strong></span> <span class='ocrx_word' id='word_1_497' title='bbox 2338 839 2683 907; x_wconf 88' lang='lat' dir='ltr'><strong>manifestetur</strong></span> <span class='ocrx_word' id='word_1_498' title='bbox 2699 857 2834 894; x_wconf 88' lang='lat' dir='ltr'><strong>nunc</strong></span> <span class='ocrx_word' id='word_1_499' title='bbox 2858 842 3222 913; x_wconf 86' lang='lat' dir='ltr'><strong>principatibus</strong></span> <span class='ocrx_word' id='word_1_500' title='bbox 3241 855 3288 898; x_wconf 87' lang='lat' dir='ltr'><strong>et</strong></span> <span class='ocrx_word' id='word_1_501' title='bbox 3310 854 3522 913; x_wconf 52' lang='lat' dir='ltr'><strong>potestte.</strong></span> 
     </span>
    </p>
   </div>
   <div class='ocr_carea' id='block_1_69' title="bbox 1939 926 3518 1005">
    <p class='ocr_par' dir='ltr' id='par_1_69' title="bbox 1939 926 3518 1005">
     <span class='ocr_line' id='line_1_69' title="bbox 1939 926 3518 1005; baseline 0.006 -27"><span class='ocrx_word' id='word_1_502' title='bbox 1939 927 2071 980; x_wconf 88' lang='lat' dir='ltr'><strong>tibus</strong></span> <span class='ocrx_word' id='word_1_503' title='bbox 2108 943 2197 998; x_wconf 82' lang='lat' dir='ltr'><strong>per</strong></span> <span class='ocrx_word' id='word_1_504' title='bbox 2224 926 2506 982; x_wconf 84' lang='lat' dir='ltr'><strong>Ecclesium</strong></span> <span class='ocrx_word' id='word_1_505' title='bbox 2533 930 2864 1001; x_wconf 78' lang='lat' dir='ltr'><strong>multiformis</strong></span> <span class='ocrx_word' id='word_1_506' title='bbox 2890 935 3140 1002; x_wconf 85' lang='lat' dir='ltr'><strong>sapientia</strong></span> <span class='ocrx_word' id='word_1_507' title='bbox 3178 933 3274 988; x_wconf 88' lang='lat' dir='ltr'><strong>Dei</strong></span> <span class='ocrx_word' id='word_1_508' title='bbox 3302 933 3518 1005; x_wconf 82' lang='lat' dir='ltr'><strong>(Ep/tes.</strong></span> 
     </span>
    </p>
   </div>
   <div class='ocr_carea' id='block_1_70' title="bbox 1939 1016 3522 1092">
    <p class='ocr_par' dir='ltr' id='par_1_70' title="bbox 1939 1016 3522 1092">
     <span class='ocr_line' id='line_1_70' title="bbox 1939 1016 3522 1092; baseline 0.008 -22"><span class='ocrx_word' id='word_1_509' title='bbox 1939 1016 1993 1070; x_wconf 90' lang='lat'><strong>5.</strong></span> <span class='ocrx_word' id='word_1_510' title='bbox 2017 1017 2070 1072; x_wconf 89' lang='lat'><strong>9.</strong></span> <span class='ocrx_word' id='word_1_511' title='bbox 2101 1019 2215 1086; x_wconf 91' lang='grc'><strong>10).</strong></span> <span class='ocrx_word' id='word_1_512' title='bbox 2248 1019 2415 1074; x_wconf 81' lang='lat' dir='ltr'><strong>Audis</strong></span> <span class='ocrx_word' id='word_1_513' title='bbox 2451 1021 2594 1090; x_wconf 88' lang='lat' dir='ltr'><strong>quod</strong></span> <span class='ocrx_word' id='word_1_514' title='bbox 2633 1037 2795 1088; x_wconf 90' lang='lat' dir='ltr'><strong>nunc,</strong></span> <span class='ocrx_word' id='word_1_515' title='bbox 2837 1039 2942 1077; x_wconf 91' lang='lat' dir='ltr'><strong>non</strong></span> <span class='ocrx_word' id='word_1_516' title='bbox 2981 1034 3127 1092; x_wconf 87' lang='lat' dir='ltr'><strong>ante,</strong></span> <span class='ocrx_word' id='word_1_517' title='bbox 3161 1027 3263 1080; x_wconf 83' lang='lat' dir='ltr'><strong>ill:e</strong></span> <span class='ocrx_word' id='word_1_518' title='bbox 3301 1028 3522 1082; x_wconf 87' lang='lat' dir='ltr'><strong>virtutes</strong></span> 
     </span>
    </p>
   </div>
   <div class='ocr_carea' id='block_1_71' title="bbox 1941 1108 3522 1182">
    <p class='ocr_par' dir='ltr' id='par_1_71' title="bbox 1941 1108 3522 1182">
     <span class='ocr_line' id='line_1_71' title="bbox 1941 1108 3522 1182; baseline 0.005 -20"><span class='ocrx_word' id='word_1_519' title='bbox 1941 1108 2056 1164; x_wconf 59' lang='lat' dir='ltr'><strong>huic</strong></span> <span class='ocrx_word' id='word_1_520' title='bbox 2090 1113 2478 1180; x_wconf 85' lang='lat' dir='ltr'><strong>cognoverint?</strong></span> <span class='ocrx_word' id='word_1_521' title='bbox 2513 1112 2646 1167; x_wconf 85' lang='lat' dir='ltr'><strong>Nam</strong></span> <span class='ocrx_word' id='word_1_522' title='bbox 2684 1130 2804 1181; x_wconf 76' lang='lat' dir='ltr'><strong>qua:</strong></span> <span class='ocrx_word' id='word_1_523' title='bbox 2842 1131 2936 1170; x_wconf 82' lang='lat' dir='ltr'><strong>res</strong></span> <span class='ocrx_word' id='word_1_524' title='bbox 2971 1117 3259 1182; x_wconf 90' lang='lat' dir='ltr'><strong>consultat,</strong></span> <span class='ocrx_word' id='word_1_525' title='bbox 3307 1119 3522 1173; x_wconf 85' lang='lat' dir='ltr'><strong>satelles</strong></span> 
     </span>
    </p>
   </div>
   <div class='ocr_carea' id='block_1_72' title="bbox 1942 1202 3522 1280">
    <p class='ocr_par' dir='ltr' id='par_1_72' title="bbox 1942 1202 3522 1280">
     <span class='ocr_line' id='line_1_72' title="bbox 1942 1202 3522 1280; baseline 0.005 -24"><span class='ocrx_word' id='word_1_526' title='bbox 1942 1203 2115 1258; x_wconf 88' lang='lat' dir='ltr'><strong>nescit</strong></span> <span class='ocrx_word' id='word_1_527' title='bbox 2147 1220 2160 1258; x_wconf 95' lang='lat'>:</span> <span class='ocrx_word' id='word_1_528' title='bbox 2191 1202 2260 1259; x_wconf 88' lang='lat' dir='ltr'><strong>Ut</strong></span> <span class='ocrx_word' id='word_1_529' title='bbox 2282 1207 2634 1276; x_wconf 72' lang='lat' dir='ltr'><strong>manifestatur</strong></span> <span class='ocrx_word' id='word_1_530' title='bbox 2660 1223 2794 1260; x_wconf 90' lang='lat' dir='ltr'><strong>nunc</strong></span> <span class='ocrx_word' id='word_1_531' title='bbox 2830 1208 3197 1277; x_wconf 86' lang='lat' dir='ltr'><strong>principatibus</strong></span> <span class='ocrx_word' id='word_1_532' title='bbox 3224 1219 3272 1264; x_wconf 83' lang='lat' dir='ltr'><strong>et</strong></span> <span class='ocrx_word' id='word_1_533' title='bbox 3300 1220 3522 1280; x_wconf 85' lang='lat' dir='ltr'><strong>potestn-</strong></span> 
     </span>
    </p>
   </div>
   <div class='ocr_carea' id='block_1_73' title="bbox 1941 1291 3525 1367">
    <p class='ocr_par' dir='ltr' id='par_1_73' title="bbox 1941 1291 3525 1367">
     <span class='ocr_line' id='line_1_73' title="bbox 1941 1291 3525 1367; baseline 0.008 -24"><span class='ocrx_word' id='word_1_534' title='bbox 1941 1291 2070 1347; x_wconf 88' lang='lat' dir='ltr'><strong>tibus</strong></span> <span class='ocrx_word' id='word_1_535' title='bbox 2113 1309 2203 1362; x_wconf 89' lang='lat' dir='ltr'><strong>per</strong></span> <span class='ocrx_word' id='word_1_536' title='bbox 2244 1292 2525 1348; x_wconf 82' lang='lat' dir='ltr'><strong>Ecclesium</strong></span> <span class='ocrx_word' id='word_1_537' title='bbox 2567 1296 2895 1365; x_wconf 83' lang='lat' dir='ltr'><strong>multiformis</strong></span> <span class='ocrx_word' id='word_1_538' title='bbox 2937 1299 3187 1367; x_wconf 87' lang='lat' dir='ltr'><strong>sapientia</strong></span> <span class='ocrx_word' id='word_1_539' title='bbox 3229 1298 3342 1354; x_wconf 88' lang='lat' dir='ltr'><strong>Dei.</strong></span> <span class='ocrx_word' id='word_1_540' title='bbox 3390 1299 3525 1356; x_wconf 85' lang='lat' dir='ltr'><strong>Vide</strong></span> 
     </span>
    </p>
   </div>
   <div class='ocr_carea' id='block_1_74' title="bbox 1941 1385 3526 1462">
    <p class='ocr_par' dir='ltr' id='par_1_74' title="bbox 1941 1385 3526 1462">
     <span class='ocr_line' id='line_1_74' title="bbox 1941 1385 3526 1462; baseline 0.003 -25"><span class='ocrx_word' id='word_1_541' title='bbox 1941 1393 2196 1453; x_wconf 85' lang='lat' dir='ltr'><strong>quantum</strong></span> <span class='ocrx_word' id='word_1_542' title='bbox 2216 1385 2435 1440; x_wconf 89' lang='lat' dir='ltr'><strong>honoris</strong></span> <span class='ocrx_word' id='word_1_543' title='bbox 2451 1387 2699 1442; x_wconf 68' lang='lat' dir='ltr'><strong>humanae</strong></span> <span class='ocrx_word' id='word_1_544' title='bbox 2721 1395 2924 1444; x_wconf 67' lang='lat' dir='ltr'><strong>natura:</strong></span> <span class='ocrx_word' id='word_1_545' title='bbox 2938 1389 3188 1445; x_wconf 89' lang='lat' dir='ltr'><strong>collatum</strong></span> <span class='ocrx_word' id='word_1_546' title='bbox 3206 1391 3295 1457; x_wconf 89' lang='lat' dir='ltr'><strong>sit,</strong></span> <span class='ocrx_word' id='word_1_547' title='bbox 3313 1393 3526 1462; x_wconf 83' lang='lat' dir='ltr'><strong>quando</strong></span> 
     </span>
    </p>
   </div>
   <div class='ocr_carea' id='block_1_75' title="bbox 1942 1474 3522 1550">
    <p class='ocr_par' dir='ltr' id='par_1_75' title="bbox 1942 1474 3522 1550">
     <span class='ocr_line' id='line_1_75' title="bbox 1942 1474 3522 1550; baseline 0.004 -22"><span class='ocrx_word' id='word_1_548' title='bbox 1942 1474 2215 1529; x_wconf 88' lang='lat' dir='ltr'><strong>nobiscum</strong></span> <span class='ocrx_word' id='word_1_549' title='bbox 2254 1483 2310 1529; x_wconf 90' lang='lat' dir='ltr'><strong>et</strong></span> <span class='ocrx_word' id='word_1_550' title='bbox 2345 1490 2442 1545; x_wconf 92' lang='lat' dir='ltr'><strong>per</strong></span> <span class='ocrx_word' id='word_1_551' title='bbox 2469 1491 2567 1530; x_wconf 92' lang='lat' dir='ltr'><strong>nos</strong></span> <span class='ocrx_word' id='word_1_552' title='bbox 2603 1491 2850 1547; x_wconf 78' lang='lat' dir='ltr'><strong>superate</strong></span> <span class='ocrx_word' id='word_1_553' title='bbox 2887 1480 3106 1535; x_wconf 89' lang='lat' dir='ltr'><strong>virtutes</strong></span> <span class='ocrx_word' id='word_1_554' title='bbox 3145 1482 3284 1550; x_wconf 85' lang='lat' dir='ltr'><strong>regis</strong></span> <span class='ocrx_word' id='word_1_555' title='bbox 3313 1491 3522 1536; x_wconf 85' lang='lat' dir='ltr'><strong>secreta</strong></span> 
     </span>
    </p>
   </div>
   <div class='ocr_carea' id='block_1_76' title="bbox 1942 1564 3525 1637">
    <p class='ocr_par' dir='ltr' id='par_1_76' title="bbox 1942 1564 3525 1637">
     <span class='ocr_line' id='line_1_76' title="bbox 1942 1564 3525 1637; baseline 0.004 -21"><span class='ocrx_word' id='word_1_556' title='bbox 1942 1572 2326 1632; x_wconf 82' lang='lat' dir='ltr'><strong>cognoverunt.</strong></span> <span class='ocrx_word' id='word_1_557' title='bbox 2357 1564 2464 1619; x_wconf 88' lang='lat' dir='ltr'><strong>Sed</strong></span> <span class='ocrx_word' id='word_1_558' title='bbox 2484 1564 2760 1621; x_wconf 70' lang='lat' dir='ltr'><strong>,undenam</strong></span> <span class='ocrx_word' id='word_1_559' title='bbox 2791 1575 2969 1637; x_wconf 89' lang='lat' dir='ltr'><strong>pateat</strong></span> <span class='ocrx_word' id='word_1_560' title='bbox 2995 1568 3062 1625; x_wconf 88' lang='lat' dir='ltr'><strong>de</strong></span> <span class='ocrx_word' id='word_1_561' title='bbox 3089 1569 3393 1624; x_wconf 72' lang='lat' dir='ltr'><strong>cmlestibtts</strong></span> <span class='ocrx_word' id='word_1_562' title='bbox 3419 1571 3525 1626; x_wconf 87' lang='lat' dir='ltr'><strong>illis</strong></span> 
     </span>
    </p>
   </div>
   <div class='ocr_carea' id='block_1_77' title="bbox 1943 1650 3525 1730">
    <p class='ocr_par' dir='ltr' id='par_1_77' title="bbox 1943 1650 3525 1730">
     <span class='ocr_line' id='line_1_77' title="bbox 1943 1650 3525 1730; baseline 0.008 -25"><span class='ocrx_word' id='word_1_563' title='bbox 1943 1650 2089 1706; x_wconf 83' lang='lat' dir='ltr'><strong>dici?</strong></span> <span class='ocrx_word' id='word_1_564' title='bbox 2117 1653 2325 1707; x_wconf 87' lang='lat' dir='ltr'><strong>Etenim</strong></span> <span class='ocrx_word' id='word_1_565' title='bbox 2355 1653 2628 1710; x_wconf 75' lang='lat' dir='ltr'><strong>dtemonas</strong></span> <span class='ocrx_word' id='word_1_566' title='bbox 2653 1656 2810 1710; x_wconf 87' lang='lat' dir='ltr'><strong>etiam</strong></span> <span class='ocrx_word' id='word_1_567' title='bbox 2843 1657 3110 1714; x_wconf 91' lang='lat' dir='ltr'><strong>interdum</strong></span> <span class='ocrx_word' id='word_1_568' title='bbox 3141 1669 3295 1715; x_wconf 90' lang='lat' dir='ltr'><strong>vocat</strong></span> <span class='ocrx_word' id='word_1_569' title='bbox 3326 1663 3525 1730; x_wconf 88' lang='lat' dir='ltr'><strong>princi-</strong></span> 
     </span>
    </p>
   </div>
   <div class='ocr_carea' id='block_1_78' title="bbox 1945 1748 3528 1812">
    <p class='ocr_par' dir='ltr' id='par_1_78' title="bbox 1945 1748 3528 1812">
     <span class='ocr_line' id='line_1_78' title="bbox 1945 1748 3528 1812; baseline 0.012 -22"><span class='ocrx_word' id='word_1_570' title='bbox 1945 1750 2100 1811; x_wconf 80' lang='lat' dir='ltr'><strong>patus</strong></span> <span class='ocrx_word' id='word_1_571' title='bbox 2125 1752 2180 1797; x_wconf 91' lang='lat' dir='ltr'><strong>et</strong></span> <span class='ocrx_word' id='word_1_572' title='bbox 2209 1753 2518 1812; x_wconf 88' lang='lat' dir='ltr'><strong>potestates,</strong></span> <span class='ocrx_word' id='word_1_573' title='bbox 2552 1753 2611 1800; x_wconf 92' lang='lat' dir='ltr'><strong>ut</strong></span> <span class='ocrx_word' id='word_1_574' title='bbox 2637 1761 2758 1801; x_wconf 92' lang='lat' dir='ltr'><strong>cum</strong></span> <span class='ocrx_word' id='word_1_575' title='bbox 2785 1748 2916 1802; x_wconf 90' lang='lat' dir='ltr'><strong>dicit</strong></span> <span class='ocrx_word' id='word_1_576' title='bbox 2942 1766 2955 1802; x_wconf 90' lang='lat'><strong>:</strong></span> <span class='ocrx_word' id='word_1_577' title='bbox 2988 1750 3110 1805; x_wconf 86' lang='lat' dir='ltr'><strong>Non</strong></span> <span class='ocrx_word' id='word_1_578' title='bbox 3143 1761 3216 1806; x_wconf 88' lang='lat' dir='ltr'><strong>est</strong></span> <span class='ocrx_word' id='word_1_579' title='bbox 3241 1751 3383 1807; x_wconf 89' lang='lat' dir='ltr'><strong>nobis</strong></span> <span class='ocrx_word' id='word_1_580' title='bbox 3417 1755 3498 1808; x_wconf 85' lang='lat' dir='ltr'><strong>col</strong></span> <span class='ocrx_word' id='word_1_581' title='bbox 3510 1783 3528 1796; x_wconf 77' lang='grc' dir='ltr'><em>ο</em></span> 
     </span>
    </p>
   </div>
   <div class='ocr_carea' id='block_1_79' title="bbox 1946 1832 3529 1907">
    <p class='ocr_par' dir='ltr' id='par_1_79' title="bbox 1946 1832 3529 1907">
     <span class='ocr_line' id='line_1_79' title="bbox 1946 1832 3529 1907; baseline 0.01 -23"><span class='ocrx_word' id='word_1_582' title='bbox 1946 1832 2153 1886; x_wconf 88' lang='lat' dir='ltr'><strong>luctatio</strong></span> <span class='ocrx_word' id='word_1_583' title='bbox 2198 1833 2438 1889; x_wconf 81' lang='lat' dir='ltr'><strong>adversus</strong></span> <span class='ocrx_word' id='word_1_584' title='bbox 2477 1837 2772 1907; x_wconf 84' lang='lat' dir='ltr'><strong>sanguinem</strong></span> <span class='ocrx_word' id='word_1_585' title='bbox 2809 1847 2856 1892; x_wconf 87' lang='lat' dir='ltr'><strong>et</strong></span> <span class='ocrx_word' id='word_1_586' title='bbox 2893 1855 3117 1906; x_wconf 88' lang='lat' dir='ltr'><strong>carnem,</strong></span> <span class='ocrx_word' id='word_1_587' title='bbox 3155 1843 3246 1896; x_wconf 87' lang='lat' dir='ltr'><strong>sed</strong></span> <span class='ocrx_word' id='word_1_588' title='bbox 3288 1843 3529 1900; x_wconf 81' lang='lat' dir='ltr'><strong>adversus</strong></span> 
     </span>
    </p>
   </div>
   <div class='ocr_carea' id='block_1_80' title="bbox 1947 1926 3530 1996">
    <p class='ocr_par' dir='ltr' id='par_1_80' title="bbox 1947 1926 3530 1996">
     <span class='ocr_line' id='line_1_80' title="bbox 1947 1926 3530 1996; baseline 0.008 -20"><span class='ocrx_word' id='word_1_589' title='bbox 1947 1926 2260 1994; x_wconf 84' lang='lat' dir='ltr'><strong>principatus</strong></span> <span class='ocrx_word' id='word_1_590' title='bbox 2288 1936 2333 1980; x_wconf 88' lang='lat' dir='ltr'><strong>et</strong></span> <span class='ocrx_word' id='word_1_591' title='bbox 2360 1936 2650 1996; x_wconf 86' lang='lat' dir='ltr'><strong>potestates,</strong></span> <span class='ocrx_word' id='word_1_592' title='bbox 2677 1930 2917 1984; x_wconf 86' lang='lat' dir='ltr'><strong>adversus</strong></span> <span class='ocrx_word' id='word_1_593' title='bbox 2943 1933 3120 1986; x_wconf 85' lang='lat' dir='ltr'><strong>mundi</strong></span> <span class='ocrx_word' id='word_1_594' title='bbox 3153 1945 3367 1988; x_wconf 85' lang='lat' dir='ltr'><strong>rectores</strong></span> <span class='ocrx_word' id='word_1_595' title='bbox 3395 1944 3530 1988; x_wconf 89' lang='lat' dir='ltr'><strong>tene-</strong></span> 
     </span>
    </p>
   </div>
   <div class='ocr_carea' id='block_1_81' title="bbox 1947 2019 3528 2097">
    <p class='ocr_par' dir='ltr' id='par_1_81' title="bbox 1947 2019 3528 2097">
     <span class='ocr_line' id='line_1_81' title="bbox 1947 2019 3528 2097; baseline 0.008 -28"><span class='ocrx_word' id='word_1_596' title='bbox 1947 2021 2149 2070; x_wconf 85' lang='lat' dir='ltr'><strong>brarum</strong></span> <span class='ocrx_word' id='word_1_597' title='bbox 2177 2019 2349 2072; x_wconf 80' lang='lat' dir='ltr'><strong>steculi</strong></span> <span class='ocrx_word' id='word_1_598' title='bbox 2375 2020 2530 2090; x_wconf 80' lang='lat' dir='ltr'><strong>hujus</strong></span> <span class='ocrx_word' id='word_1_599' title='bbox 2551 2019 2765 2090; x_wconf 87' lang='lat' dir='ltr'><strong>(Ephes.</strong></span> <span class='ocrx_word' id='word_1_600' title='bbox 2799 2023 2851 2077; x_wconf 88' lang='lat'><strong>6.</strong></span> <span class='ocrx_word' id='word_1_601' title='bbox 2886 2023 2996 2093; x_wconf 88' lang='grc'><strong>12).</strong></span> <span class='ocrx_word' id='word_1_602' title='bbox 3029 2023 3292 2096; x_wconf 84' lang='lat' dir='ltr'><strong>Numquid</strong></span> <span class='ocrx_word' id='word_1_603' title='bbox 3321 2042 3450 2097; x_wconf 91' lang='lat' dir='ltr'><strong>ergo</strong></span> <span class='ocrx_word' id='word_1_604' title='bbox 3476 2028 3528 2081; x_wconf 86' lang='lat' dir='ltr'><strong>id</strong></span> 
     </span>
    </p>
   </div>
   <div class='ocr_carea' id='block_1_82' title="bbox 1948 2108 3532 2186">
    <p class='ocr_par' dir='ltr' id='par_1_82' title="bbox 1948 2108 3532 2186">
     <span class='ocr_line' id='line_1_82' title="bbox 1948 2108 3532 2186; baseline 0.008 -25"><span class='ocrx_word' id='word_1_605' title='bbox 1948 2122 2088 2162; x_wconf 92' lang='lat' dir='ltr'><strong>nunc</strong></span> <span class='ocrx_word' id='word_1_606' title='bbox 2123 2108 2284 2163; x_wconf 89' lang='lat' dir='ltr'><strong>etiam</strong></span> <span class='ocrx_word' id='word_1_607' title='bbox 2324 2109 2470 2174; x_wconf 92' lang='lat' dir='ltr'><strong>dicit,</strong></span> <span class='ocrx_word' id='word_1_608' title='bbox 2505 2125 2700 2181; x_wconf 88' lang='lat' dir='ltr'><strong>nempe</strong></span> <span class='ocrx_word' id='word_1_609' title='bbox 2725 2110 2997 2168; x_wconf 81' lang='lat' dir='ltr'><strong>dzemonas</strong></span> <span class='ocrx_word' id='word_1_610' title='bbox 3027 2123 3154 2169; x_wconf 90' lang='lat' dir='ltr'><strong>tunc</strong></span> <span class='ocrx_word' id='word_1_611' title='bbox 3180 2117 3532 2186; x_wconf 72' lang='lat' dir='ltr'><strong>cognovisse?</strong></span> 
     </span>
    </p>
   </div>
   <div class='ocr_carea' id='block_1_83' title="bbox 1947 2197 3528 2275">
    <p class='ocr_par' dir='ltr' id='par_1_83' title="bbox 1947 2197 3528 2275">
     <span class='ocr_line' id='line_1_83' title="bbox 1947 2197 3528 2275; baseline 0.007 -24"><span class='ocrx_word' id='word_1_612' title='bbox 1947 2197 2327 2269; x_wconf 78' lang='lat' dir='ltr'><strong>Nequaquam;</strong></span> <span class='ocrx_word' id='word_1_613' title='bbox 2367 2200 2461 2254; x_wconf 89' lang='lat' dir='ltr'><strong>sed</strong></span> <span class='ocrx_word' id='word_1_614' title='bbox 2505 2201 2573 2256; x_wconf 92' lang='lat' dir='ltr'><strong>de</strong></span> <span class='ocrx_word' id='word_1_615' title='bbox 2615 2204 2863 2271; x_wconf 88' lang='lat' dir='ltr'><strong>supernis</strong></span> <span class='ocrx_word' id='word_1_616' title='bbox 2907 2204 3013 2260; x_wconf 92' lang='lat' dir='ltr'><strong>illis</strong></span> <span class='ocrx_word' id='word_1_617' title='bbox 3049 2206 3158 2275; x_wconf 87' lang='lat' dir='ltr'><strong>agit</strong></span> <span class='ocrx_word' id='word_1_618' title='bbox 3198 2207 3481 2264; x_wconf 83' lang='lat' dir='ltr'><strong>virtutibus</strong></span> <span class='ocrx_word' id='word_1_619' title='bbox 3515 2228 3528 2262; x_wconf 91' lang='lat'><strong>:</strong></span> 
     </span>
    </p>
   </div>
   <div class='ocr_carea' id='block_1_84' title="bbox 1948 2291 3527 2370">
    <p class='ocr_par' dir='ltr' id='par_1_84' title="bbox 1948 2291 3527 2370">
     <span class='ocr_line' id='line_1_84' title="bbox 1948 2291 3527 2370; baseline 0.008 -25"><span class='ocrx_word' id='word_1_620' title='bbox 1948 2305 2067 2345; x_wconf 90' lang='lat' dir='ltr'><strong>cum</strong></span> <span class='ocrx_word' id='word_1_621' title='bbox 2108 2291 2250 2345; x_wconf 89' lang='lat' dir='ltr'><strong>enim</strong></span> <span class='ocrx_word' id='word_1_622' title='bbox 2287 2291 2528 2359; x_wconf 76' lang='lat' dir='ltr'><strong>dixisset,</strong></span> <span class='ocrx_word' id='word_1_623' title='bbox 2560 2294 2876 2364; x_wconf 86' lang='lat' dir='ltr'><strong>principatus</strong></span> <span class='ocrx_word' id='word_1_624' title='bbox 2914 2306 2962 2350; x_wconf 90' lang='lat' dir='ltr'><strong>et</strong></span> <span class='ocrx_word' id='word_1_625' title='bbox 2990 2308 3279 2367; x_wconf 85' lang='lat' dir='ltr'><strong>potestates,</strong></span> <span class='ocrx_word' id='word_1_626' title='bbox 3307 2301 3527 2370; x_wconf 87' lang='lat' dir='ltr'><strong>adjecit,</strong></span> 
     </span>
    </p>
   </div>
   <div class='ocr_carea' id='block_1_85' title="bbox 1947 2382 3533 2461">
    <p class='ocr_par' dir='ltr' id='par_1_85' title="bbox 1947 2382 3533 2461">
     <span class='ocr_line' id='line_1_85' title="bbox 1947 2382 3533 2461; baseline 0.009 -27"><span class='ocrx_word' id='word_1_627' title='bbox 1947 2383 2000 2434; x_wconf 89' lang='lat' dir='ltr'><strong>in</strong></span> <span class='ocrx_word' id='word_1_628' title='bbox 2041 2382 2342 2438; x_wconf 64' lang='lat' dir='ltr'><strong>cit-testibus.</strong></span> <span class='ocrx_word' id='word_1_629' title='bbox 2379 2383 2458 2438; x_wconf 92' lang='lat' dir='ltr'><strong>llli</strong></span> <span class='ocrx_word' id='word_1_630' title='bbox 2503 2399 2733 2455; x_wconf 89' lang='lat' dir='ltr'><strong>namque</strong></span> <span class='ocrx_word' id='word_1_631' title='bbox 2775 2387 3105 2457; x_wconf 88' lang='lat' dir='ltr'><strong>principatus</strong></span> <span class='ocrx_word' id='word_1_632' title='bbox 3150 2398 3206 2444; x_wconf 88' lang='lat' dir='ltr'><strong>et</strong></span> <span class='ocrx_word' id='word_1_633' title='bbox 3245 2400 3533 2461; x_wconf 89' lang='lat' dir='ltr'><strong>potestates</strong></span> 
     </span>
    </p>
   </div>
   <div class='ocr_carea' id='block_1_86' title="bbox 1949 2473 3531 2549">
    <p class='ocr_par' dir='ltr' id='par_1_86' title="bbox 1949 2473 3531 2549">
     <span class='ocr_line' id='line_1_86' title="bbox 1949 2473 3531 2549; baseline 0.008 -23"><span class='ocrx_word' id='word_1_634' title='bbox 1949 2474 2228 2539; x_wconf 75' lang='lat' dir='ltr'><strong>caelestes;</strong></span> <span class='ocrx_word' id='word_1_635' title='bbox 2277 2473 2330 2526; x_wconf 85' lang='grc' dir='ltr'><strong>Ιιὶ</strong></span> <span class='ocrx_word' id='word_1_636' title='bbox 2375 2489 2502 2529; x_wconf 87' lang='lat' dir='ltr'><strong>vero</strong></span> <span class='ocrx_word' id='word_1_637' title='bbox 2539 2475 2639 2530; x_wconf 91' lang='lat' dir='ltr'><strong>sub</strong></span> <span class='ocrx_word' id='word_1_638' title='bbox 2680 2477 2814 2531; x_wconf 72' lang='lat' dir='ltr'><strong>cado</strong></span> <span class='ocrx_word' id='word_1_639' title='bbox 2848 2488 2973 2532; x_wconf 88' lang='lat' dir='ltr'><strong>sunt</strong></span> <span class='ocrx_word' id='word_1_640' title='bbox 3005 2496 3018 2531; x_wconf 92' lang='lat'>:</span> <span class='ocrx_word' id='word_1_641' title='bbox 3050 2483 3396 2549; x_wconf 87' lang='lat' dir='ltr'><strong>quamobrem</strong></span> <span class='ocrx_word' id='word_1_642' title='bbox 3444 2499 3531 2538; x_wconf 88' lang='lat' dir='ltr'><strong>rc-</strong></span> 
     </span>
    </p>
   </div>
   <div class='ocr_carea' id='block_1_87' title="bbox 1949 2563 3532 2642">
    <p class='ocr_par' dir='ltr' id='par_1_87' title="bbox 1949 2563 3532 2642">
     <span class='ocr_line' id='line_1_87' title="bbox 1949 2563 3532 2642; baseline 0.009 -27"><span class='ocrx_word' id='word_1_643' title='bbox 1949 2573 2125 2617; x_wconf 88' lang='lat' dir='ltr'><strong>ctorcs</strong></span> <span class='ocrx_word' id='word_1_644' title='bbox 2149 2563 2328 2617; x_wconf 91' lang='lat' dir='ltr'><strong>mundi</strong></span> <span class='ocrx_word' id='word_1_645' title='bbox 2361 2575 2511 2619; x_wconf 86' lang='lat' dir='ltr'><strong>vocat</strong></span> <span class='ocrx_word' id='word_1_646' title='bbox 2530 2565 2669 2634; x_wconf 92' lang='lat' dir='ltr'><strong>illos,</strong></span> <span class='ocrx_word' id='word_1_647' title='bbox 2697 2569 2986 2624; x_wconf 88' lang='lat' dir='ltr'><strong>ostendens</strong></span> <span class='ocrx_word' id='word_1_648' title='bbox 3011 2571 3200 2626; x_wconf 69' lang='lat' dir='ltr'><strong>etelum</strong></span> <span class='ocrx_word' id='word_1_649' title='bbox 3225 2573 3353 2642; x_wconf 87' lang='lat' dir='ltr'><strong>ipsis</strong></span> <span class='ocrx_word' id='word_1_650' title='bbox 3383 2575 3532 2629; x_wconf 84' lang='lat' dir='ltr'><strong>inac-</strong></span> 
     </span>
    </p>
   </div>
   <div class='ocr_carea' id='block_1_88' title="bbox 1949 2664 3536 2732">
    <p class='ocr_par' dir='ltr' id='par_1_88' title="bbox 1949 2664 3536 2732">
     <span class='ocr_line' id='line_1_88' title="bbox 1949 2664 3536 2732; baseline 0.009 -26"><span class='ocrx_word' id='word_1_651' title='bbox 1949 2667 2157 2707; x_wconf 85' lang='lat' dir='ltr'><strong>cessum</strong></span> <span class='ocrx_word' id='word_1_652' title='bbox 2185 2668 2305 2709; x_wconf 89' lang='lat' dir='ltr'><strong>esse</strong></span> <span class='ocrx_word' id='word_1_653' title='bbox 2338 2673 2351 2708; x_wconf 91' lang='lat'><strong>:</strong></span> <span class='ocrx_word' id='word_1_654' title='bbox 2385 2665 2654 2724; x_wconf 89' lang='lat' dir='ltr'><strong>totamque</strong></span> <span class='ocrx_word' id='word_1_655' title='bbox 2686 2674 2782 2714; x_wconf 90' lang='lat' dir='ltr'><strong>eos</strong></span> <span class='ocrx_word' id='word_1_656' title='bbox 2809 2674 2960 2716; x_wconf 89' lang='lat' dir='ltr'><strong>suam</strong></span> <span class='ocrx_word' id='word_1_657' title='bbox 2995 2664 3328 2732; x_wconf 86' lang='lat' dir='ltr'><strong>tyrannidem</strong></span> <span class='ocrx_word' id='word_1_658' title='bbox 3357 2666 3408 2720; x_wconf 92' lang='lat' dir='ltr'><strong>in</strong></span> <span class='ocrx_word' id='word_1_659' title='bbox 3435 2667 3536 2722; x_wconf 87' lang='lat' dir='ltr'><strong>hoc</strong></span> 
     </span>
    </p>
   </div>
   <div class='ocr_carea' id='block_1_89' title="bbox 1951 2747 2644 2804">
    <p class='ocr_par' dir='ltr' id='par_1_89' title="bbox 1951 2747 2644 2804">
     <span class='ocr_line' id='line_1_89' title="bbox 1951 2747 2644 2804; baseline 0.007 -5"><span class='ocrx_word' id='word_1_660' title='bbox 1951 2747 2122 2800; x_wconf 89' lang='lat' dir='ltr'><strong>solum</strong></span> <span class='ocrx_word' id='word_1_661' title='bbox 2151 2747 2347 2802; x_wconf 91' lang='lat' dir='ltr'><strong>mundo</strong></span> <span class='ocrx_word' id='word_1_662' title='bbox 2374 2764 2644 2804; x_wconf 82' lang='lat' dir='ltr'><strong>exercere.</strong></span> 
     </span>
    </p>
   </div>
   <div class='ocr_carea' id='block_1_90' title="bbox 2021 2839 3536 2916">
    <p class='ocr_par' dir='ltr' id='par_1_90' title="bbox 2021 2839 3536 2916">
     <span class='ocr_line' id='line_1_90' title="bbox 2021 2839 3536 2916; baseline 0.009 -24"><span class='ocrx_word' id='word_1_663' title='bbox 2021 2839 2076 2893; x_wconf 83' lang='lat'><strong>5.</strong></span> <span class='ocrx_word' id='word_1_664' title='bbox 2112 2839 2353 2894; x_wconf 84' lang='lat' dir='ltr'><strong>Vidistiu‘</strong></span> <span class='ocrx_word' id='word_1_665' title='bbox 2381 2857 2487 2911; x_wconf 89' lang='lat' dir='ltr'><strong>quo</strong></span> <span class='ocrx_word' id='word_1_666' title='bbox 2513 2852 2665 2910; x_wconf 89' lang='lat' dir='ltr'><strong>pacto</strong></span> <span class='ocrx_word' id='word_1_667' title='bbox 2695 2844 2971 2900; x_wconf 90' lang='lat' dir='ltr'><strong>nobiscum</strong></span> <span class='ocrx_word' id='word_1_668' title='bbox 2999 2856 3051 2900; x_wconf 90' lang='lat' dir='ltr'><strong>et</strong></span> <span class='ocrx_word' id='word_1_669' title='bbox 3081 2861 3177 2916; x_wconf 85' lang='lat' dir='ltr'><strong>per</strong></span> <span class='ocrx_word' id='word_1_670' title='bbox 3205 2865 3304 2905; x_wconf 92' lang='lat' dir='ltr'><strong>nos</strong></span> <span class='ocrx_word' id='word_1_671' title='bbox 3329 2851 3416 2906; x_wconf 90' lang='lat' dir='ltr'><strong>illa</strong></span> <span class='ocrx_word' id='word_1_672' title='bbox 3443 2866 3536 2907; x_wconf 88' lang='lat' dir='ltr'><strong>co-</strong></span> 
     </span>
    </p>
   </div>
   <div class='ocr_carea' id='block_1_91' title="bbox 1950 2929 3533 3008">
    <p class='ocr_par' dir='ltr' id='par_1_91' title="bbox 1950 2929 3533 3008">
     <span class='ocr_line' id='line_1_91' title="bbox 1950 2929 3533 3008; baseline 0.011 -27"><span class='ocrx_word' id='word_1_673' title='bbox 1950 2929 2268 2996; x_wconf 78' lang='lat' dir='ltr'><strong>gnoverint?</strong></span> <span class='ocrx_word' id='word_1_674' title='bbox 2287 2929 2391 2986; x_wconf 87' lang='lat' dir='ltr'><strong>Sed</strong></span> <span class='ocrx_word' id='word_1_675' title='bbox 2413 2932 2478 2986; x_wconf 91' lang='lat' dir='ltr'><strong>ad</strong></span> <span class='ocrx_word' id='word_1_676' title='bbox 2498 2931 2733 2988; x_wconf 90' lang='lat' dir='ltr'><strong>debitum</strong></span> <span class='ocrx_word' id='word_1_677' title='bbox 2757 2936 2883 2990; x_wconf 92' lang='lat' dir='ltr'><strong>illud</strong></span> <span class='ocrx_word' id='word_1_678' title='bbox 2905 2937 3216 2994; x_wconf 88' lang='lat' dir='ltr'><strong>solvendum</strong></span> <span class='ocrx_word' id='word_1_679' title='bbox 3239 2943 3533 3008; x_wconf 81' lang='lat' dir='ltr'><strong>veniamus,</strong></span> 
     </span>
    </p>
   </div>
   <div class='ocr_carea' id='block_1_92' title="bbox 1951 3020 3535 3105">
    <p class='ocr_par' dir='ltr' id='par_1_92' title="bbox 1951 3020 3535 3105">
     <span class='ocr_line' id='line_1_92' title="bbox 1951 3020 3535 3105; baseline 0.011 -34"><span class='ocrx_word' id='word_1_680' title='bbox 1951 3035 2015 3074; x_wconf 91' lang='lat' dir='ltr'><strong>ac</strong></span> <span class='ocrx_word' id='word_1_681' title='bbox 2045 3020 2330 3089; x_wconf 90' lang='lat' dir='ltr'><strong>probemus</strong></span> <span class='ocrx_word' id='word_1_682' title='bbox 2368 3038 2539 3093; x_wconf 90' lang='lat' dir='ltr'><strong>neque</strong></span> <span class='ocrx_word' id='word_1_683' title='bbox 2567 3023 2896 3095; x_wconf 88' lang='lat' dir='ltr'><strong>principatus</strong></span> <span class='ocrx_word' id='word_1_684' title='bbox 2933 3043 3106 3098; x_wconf 91' lang='lat' dir='ltr'><strong>neque</strong></span> <span class='ocrx_word' id='word_1_685' title='bbox 3135 3041 3425 3100; x_wconf 86' lang='lat' dir='ltr'><strong>potestates</strong></span> <span class='ocrx_word' id='word_1_686' title='bbox 3453 3036 3535 3105; x_wconf 79' lang='lat' dir='ltr'><strong>ip-</strong></span> 
     </span>
    </p>
   </div>
   <div class='ocr_carea' id='block_1_93' title="bbox 1952 3111 3534 3196">
    <p class='ocr_par' dir='ltr' id='par_1_93' title="bbox 1952 3111 3534 3196">
     <span class='ocr_line' id='line_1_93' title="bbox 1952 3111 3534 3196; baseline 0.013 -34"><span class='ocrx_word' id='word_1_687' title='bbox 1952 3111 2065 3164; x_wconf 88' lang='lat' dir='ltr'><strong>sius</strong></span> <span class='ocrx_word' id='word_1_688' title='bbox 2113 3112 2462 3169; x_wconf 82' lang='lat' dir='ltr'><strong>substantiam</strong></span> <span class='ocrx_word' id='word_1_689' title='bbox 2511 3130 2687 3170; x_wconf 88' lang='lat' dir='ltr'><strong>nosse.</strong></span> <span class='ocrx_word' id='word_1_690' title='bbox 2733 3116 2865 3182; x_wconf 85' lang='lat' dir='ltr'><strong>Quis</strong></span> <span class='ocrx_word' id='word_1_691' title='bbox 2908 3118 3011 3174; x_wconf 88' lang='lat' dir='ltr'><strong>hoc</strong></span> <span class='ocrx_word' id='word_1_692' title='bbox 3057 3121 3228 3177; x_wconf 81' lang='lat' dir='ltr'><strong>dicit?</strong></span> <span class='ocrx_word' id='word_1_693' title='bbox 3268 3124 3382 3180; x_wconf 87' lang='lat' dir='ltr'><strong>Non</strong></span> <span class='ocrx_word' id='word_1_694' title='bbox 3424 3126 3534 3196; x_wconf 87' lang='lat' dir='ltr'><strong>jatn</strong></span> 
     </span>
    </p>
   </div>
   <div class='ocr_carea' id='block_1_94' title="bbox 1953 3199 3536 3276">
    <p class='ocr_par' dir='ltr' id='par_1_94' title="bbox 1953 3199 3536 3276">
     <span class='ocr_line' id='line_1_94' title="bbox 1953 3199 3536 3276; baseline 0.013 -23"><span class='ocrx_word' id='word_1_695' title='bbox 1953 3199 2167 3267; x_wconf 89' lang='lat' dir='ltr'><strong>Paulus,</strong></span> <span class='ocrx_word' id='word_1_696' title='bbox 2190 3213 2280 3256; x_wconf 90' lang='lat' dir='ltr'><strong>aut</strong></span> <span class='ocrx_word' id='word_1_697' title='bbox 2311 3203 2547 3270; x_wconf 85' lang='lat' dir='ltr'><strong>llesaias,</strong></span> <span class='ocrx_word' id='word_1_698' title='bbox 2575 3215 2669 3261; x_wconf 90' lang='lat' dir='ltr'><strong>aut</strong></span> <span class='ocrx_word' id='word_1_699' title='bbox 2697 3207 2965 3276; x_wconf 84' lang='lat' dir='ltr'><strong>Ezechiel,</strong></span> <span class='ocrx_word' id='word_1_700' title='bbox 2995 3212 3090 3266; x_wconf 88' lang='lat' dir='ltr'><strong>sed</strong></span> <span class='ocrx_word' id='word_1_701' title='bbox 3117 3213 3259 3268; x_wconf 89' lang='lat' dir='ltr'><strong>aliud</strong></span> <span class='ocrx_word' id='word_1_702' title='bbox 3287 3231 3380 3270; x_wconf 86' lang='lat' dir='ltr'><strong>vas</strong></span> <span class='ocrx_word' id='word_1_703' title='bbox 3407 3231 3536 3273; x_wconf 90' lang='lat' dir='ltr'><strong>san-</strong></span> 
     </span>
    </p>
   </div>
   <div class='ocr_carea' id='block_1_95' title="bbox 1952 3293 3534 3374">
    <p class='ocr_par' dir='ltr' id='par_1_95' title="bbox 1952 3293 3534 3374">
     <span class='ocr_line' id='line_1_95' title="bbox 1952 3293 3534 3374; baseline 0.011 -31"><span class='ocrx_word' id='word_1_704' title='bbox 1952 3299 2116 3355; x_wconf 91' lang='lat' dir='ltr'><strong>ctum,</strong></span> <span class='ocrx_word' id='word_1_705' title='bbox 2167 3293 2280 3360; x_wconf 92' lang='lat' dir='ltr'><strong>ipse</strong></span> <span class='ocrx_word' id='word_1_706' title='bbox 2321 3293 2538 3348; x_wconf 90' lang='lat' dir='ltr'><strong>tonitrui</strong></span> <span class='ocrx_word' id='word_1_707' title='bbox 2583 3295 2744 3360; x_wconf 88' lang='lat' dir='ltr'><strong>ﬁlius,</strong></span> <span class='ocrx_word' id='word_1_708' title='bbox 2785 3297 3010 3353; x_wconf 88' lang='lat' dir='ltr'><strong>dilectus</strong></span> <span class='ocrx_word' id='word_1_709' title='bbox 3048 3300 3243 3356; x_wconf 89' lang='lat' dir='ltr'><strong>Christi</strong></span> <span class='ocrx_word' id='word_1_710' title='bbox 3280 3303 3534 3374; x_wconf 85' lang='lat' dir='ltr'><strong>Joannes,</strong></span> 
     </span>
    </p>
   </div>
   <div class='ocr_carea' id='block_1_96' title="bbox 1953 3381 3536 3455">
    <p class='ocr_par' dir='ltr' id='par_1_96' title="bbox 1953 3381 3536 3455">
     <span class='ocr_line' id='line_1_96' title="bbox 1953 3381 3536 3455; baseline 0.015 -25"><span class='ocrx_word' id='word_1_711' title='bbox 1953 3381 2040 3448; x_wconf 87' lang='lat' dir='ltr'><strong>qui</strong></span> <span class='ocrx_word' id='word_1_712' title='bbox 2069 3396 2224 3450; x_wconf 90' lang='lat' dir='ltr'><strong>supra</strong></span> <span class='ocrx_word' id='word_1_713' title='bbox 2252 3393 2438 3452; x_wconf 91' lang='lat' dir='ltr'><strong>pectus</strong></span> <span class='ocrx_word' id='word_1_714' title='bbox 2462 3383 2786 3440; x_wconf 90' lang='lat' dir='ltr'><strong>dominicum</strong></span> <span class='ocrx_word' id='word_1_715' title='bbox 2811 3388 3072 3455; x_wconf 88' lang='lat' dir='ltr'><strong>recubuit,</strong></span> <span class='ocrx_word' id='word_1_716' title='bbox 3098 3399 3152 3446; x_wconf 90' lang='lat' dir='ltr'><strong>et</strong></span> <span class='ocrx_word' id='word_1_717' title='bbox 3177 3392 3385 3449; x_wconf 89' lang='lat' dir='ltr'><strong>divinos</strong></span> <span class='ocrx_word' id='word_1_718' title='bbox 3413 3397 3536 3453; x_wconf 88' lang='lat' dir='ltr'><strong>inde</strong></span> 
     </span>
    </p>
   </div>
   <div class='ocr_carea' id='block_1_97' title="bbox 1956 3472 3534 3546">
    <p class='ocr_par' dir='ltr' id='par_1_97' title="bbox 1956 3472 3534 3546">
     <span class='ocr_line' id='line_1_97' title="bbox 1956 3472 3534 3546; baseline 0.011 -21"><span class='ocrx_word' id='word_1_719' title='bbox 1956 3473 2126 3527; x_wconf 79' lang='lat' dir='ltr'><strong>fontes</strong></span> <span class='ocrx_word' id='word_1_720' title='bbox 2167 3472 2363 3527; x_wconf 87' lang='lat' dir='ltr'><strong>hausit.</strong></span> <span class='ocrx_word' id='word_1_721' title='bbox 2397 3475 2532 3540; x_wconf 89' lang='lat' dir='ltr'><strong>Quid</strong></span> <span class='ocrx_word' id='word_1_722' title='bbox 2563 3477 2723 3546; x_wconf 88' lang='lat' dir='ltr'><strong>igitur</strong></span> <span class='ocrx_word' id='word_1_723' title='bbox 2744 3478 2858 3533; x_wconf 85' lang='lat' dir='ltr'><strong>ait?</strong></span> <span class='ocrx_word' id='word_1_724' title='bbox 2879 3478 3049 3535; x_wconf 88' lang='lat' dir='ltr'><strong>Deum</strong></span> <span class='ocrx_word' id='word_1_725' title='bbox 3089 3500 3233 3538; x_wconf 87' lang='lat' dir='ltr'><strong>nemo</strong></span> <span class='ocrx_word' id='word_1_726' title='bbox 3270 3487 3392 3540; x_wconf 82' lang='lat' dir='ltr'><strong>vidit</strong></span> <span class='ocrx_word' id='word_1_727' title='bbox 3419 3505 3534 3542; x_wconf 89' lang='lat' dir='ltr'><strong>um-</strong></span> 
     </span>
    </p>
   </div>
   <div class='ocr_carea' id='block_1_98' title="bbox 1952 3565 3536 3642">
    <p class='ocr_par' dir='ltr' id='par_1_98' title="bbox 1952 3565 3536 3642">
     <span class='ocr_line' id='line_1_98' title="bbox 1952 3565 3536 3642; baseline 0.013 -27"><span class='ocrx_word' id='word_1_728' title='bbox 1952 3580 2104 3634; x_wconf 84' lang='lat' dir='ltr'><strong>quam</strong></span> <span class='ocrx_word' id='word_1_729' title='bbox 2148 3565 2327 3635; x_wconf 84' lang='lat' dir='ltr'><strong>(Joan.</strong></span> <span class='ocrx_word' id='word_1_730' title='bbox 2372 3568 2424 3622; x_wconf 94' lang='grc'><strong>1.</strong></span> <span class='ocrx_word' id='word_1_731' title='bbox 2465 3569 2571 3636; x_wconf 88' lang='grc'><strong>18).</strong></span> <span class='ocrx_word' id='word_1_732' title='bbox 2603 3568 2744 3626; x_wconf 88' lang='lat' dir='ltr'><strong>Vere</strong></span> <span class='ocrx_word' id='word_1_733' title='bbox 2789 3574 3008 3627; x_wconf 89' lang='lat' dir='ltr'><strong>tonitrui</strong></span> <span class='ocrx_word' id='word_1_734' title='bbox 3049 3575 3206 3642; x_wconf 86' lang='lat' dir='ltr'><strong>ﬁlius,</strong></span> <span class='ocrx_word' id='word_1_735' title='bbox 3254 3595 3374 3633; x_wconf 91' lang='lat' dir='ltr'><strong>nam</strong></span> <span class='ocrx_word' id='word_1_736' title='bbox 3416 3582 3536 3637; x_wconf 89' lang='lat' dir='ltr'><strong>tuba</strong></span> 
     </span>
    </p>
   </div>
   <div class='ocr_carea' id='block_1_99' title="bbox 1954 3654 3540 3734">
    <p class='ocr_par' dir='ltr' id='par_1_99' title="bbox 1954 3654 3540 3734">
     <span class='ocr_line' id='line_1_99' title="bbox 1954 3654 3540 3734; baseline 0.015 -28"><span class='ocrx_word' id='word_1_737' title='bbox 1954 3654 2235 3710; x_wconf 89' lang='lat' dir='ltr'><strong>clariorem</strong></span> <span class='ocrx_word' id='word_1_738' title='bbox 2287 3658 2466 3712; x_wconf 89' lang='lat' dir='ltr'><strong>emisit</strong></span> <span class='ocrx_word' id='word_1_739' title='bbox 2519 3675 2726 3725; x_wconf 88' lang='lat' dir='ltr'><strong>vocem,</strong></span> <span class='ocrx_word' id='word_1_740' title='bbox 2785 3678 2904 3732; x_wconf 66' lang='lat' dir='ltr'><strong>quae</strong></span> <span class='ocrx_word' id='word_1_741' title='bbox 2957 3667 3122 3734; x_wconf 87' lang='lat' dir='ltr'><strong>possit</strong></span> <span class='ocrx_word' id='word_1_742' title='bbox 3176 3672 3540 3729; x_wconf 88' lang='lat' dir='ltr'><strong>contentiosos</strong></span> 
     </span>
    </p>
   </div>
   <div class='ocr_carea' id='block_1_100' title="bbox 1954 3745 3538 3832">
    <p class='ocr_par' dir='ltr' id='par_1_100' title="bbox 1954 3745 3538 3832">
     <span class='ocr_line' id='line_1_100' title="bbox 1954 3745 3538 3832; baseline 0.014 -36"><span class='ocrx_word' id='word_1_743' title='bbox 1954 3758 2144 3799; x_wconf 92' lang='lat' dir='ltr'><strong>omnes</strong></span> <span class='ocrx_word' id='word_1_744' title='bbox 2182 3745 2533 3803; x_wconf 83' lang='lat' dir='ltr'><strong>confundere.</strong></span> <span class='ocrx_word' id='word_1_745' title='bbox 2571 3750 2674 3804; x_wconf 90' lang='lat' dir='ltr'><strong>Sed</strong></span> <span class='ocrx_word' id='word_1_746' title='bbox 2706 3751 2979 3808; x_wconf 88' lang='lat' dir='ltr'><strong>videamus</strong></span> <span class='ocrx_word' id='word_1_747' title='bbox 3005 3755 3131 3825; x_wconf 91' lang='lat' dir='ltr'><strong>quid</strong></span> <span class='ocrx_word' id='word_1_748' title='bbox 3167 3769 3350 3815; x_wconf 86' lang='lat' dir='ltr'><strong>contra</strong></span> <span class='ocrx_word' id='word_1_749' title='bbox 3381 3763 3538 3832; x_wconf 87' lang='lat' dir='ltr'><strong>objici</strong></span> 
     </span>
    </p>
   </div>
   <div class='ocr_carea' id='block_1_101' title="bbox 1957 3834 3540 3911">
    <p class='ocr_par' dir='ltr' id='par_1_101' title="bbox 1957 3834 3540 3911">
     <span class='ocr_line' id='line_1_101' title="bbox 1957 3834 3540 3911; baseline 0.015 -27"><span class='ocrx_word' id='word_1_750' title='bbox 1957 3835 2143 3901; x_wconf 87' lang='lat' dir='ltr'><strong>possit.</strong></span> <span class='ocrx_word' id='word_1_751' title='bbox 2167 3834 2302 3901; x_wconf 91' lang='lat' dir='ltr'><strong>Quid</strong></span> <span class='ocrx_word' id='word_1_752' title='bbox 2322 3877 2337 3900; x_wconf 93' lang='lat'><strong>,</strong></span> <span class='ocrx_word' id='word_1_753' title='bbox 2367 3852 2571 3906; x_wconf 68' lang='lat' dir='ltr'><strong>qumso,</strong></span> <span class='ocrx_word' id='word_1_754' title='bbox 2599 3838 2734 3894; x_wconf 87' lang='lat' dir='ltr'><strong>dicis</strong></span> <span class='ocrx_word' id='word_1_755' title='bbox 2749 3841 3014 3911; x_wconf 63' lang='lat' dir='ltr'><strong>Joannes,</strong></span> <span class='ocrx_word' id='word_1_756' title='bbox 3045 3845 3207 3901; x_wconf 87' lang='lat' dir='ltr'><strong>Deum</strong></span> <span class='ocrx_word' id='word_1_757' title='bbox 3241 3866 3384 3904; x_wconf 88' lang='lat' dir='ltr'><strong>nemo</strong></span> <span class='ocrx_word' id='word_1_758' title='bbox 3416 3855 3540 3908; x_wconf 80' lang='lat' dir='ltr'><strong>vidit</strong></span> 
     </span>
    </p>
   </div>
   <div class='ocr_carea' id='block_1_102' title="bbox 1955 3925 3537 4009">
    <p class='ocr_par' dir='ltr' id='par_1_102' title="bbox 1955 3925 3537 4009">
     <span class='ocr_line' id='line_1_102' title="bbox 1955 3925 3537 4009; baseline 0.015 -35"><span class='ocrx_word' id='word_1_759' title='bbox 1955 3925 2234 3990; x_wconf 86' lang='lat' dir='ltr'><strong>umquam?</strong></span> <span class='ocrx_word' id='word_1_760' title='bbox 2281 3925 2420 3992; x_wconf 91' lang='lat' dir='ltr'><strong>Quid</strong></span> <span class='ocrx_word' id='word_1_761' title='bbox 2468 3927 2535 3982; x_wconf 88' lang='lat' dir='ltr'><strong>de</strong></span> <span class='ocrx_word' id='word_1_762' title='bbox 2585 3929 2861 4000; x_wconf 86' lang='lat' dir='ltr'><strong>prophetis</strong></span> <span class='ocrx_word' id='word_1_763' title='bbox 2906 3949 3143 4004; x_wconf 84' lang='lat' dir='ltr'><strong>agamus,</strong></span> <span class='ocrx_word' id='word_1_764' title='bbox 3190 3941 3279 4009; x_wconf 87' lang='lat' dir='ltr'><strong>qui</strong></span> <span class='ocrx_word' id='word_1_765' title='bbox 3334 3942 3537 4009; x_wconf 87' lang='lat' dir='ltr'><strong>dicunt,</strong></span> 
     </span>
    </p>
   </div>
   <div class='ocr_carea' id='block_1_103' title="bbox 1971 4019 3536 4100">
    <p class='ocr_par' dir='ltr' id='par_1_103' title="bbox 1971 4019 3536 4100">
     <span class='ocr_line' id='line_1_103' title="bbox 1971 4019 3536 4100; baseline 0.008 -25"><span class='ocrx_word' id='word_1_766' title='bbox 1971 4019 2087 4075; x_wconf 83' lang='lat' dir='ltr'><strong>Vidi</strong></span> <span class='ocrx_word' id='word_1_767' title='bbox 2107 4019 2270 4074; x_wconf 87' lang='lat' dir='ltr'><strong>Deum</strong></span> <span class='ocrx_word' id='word_1_768' title='bbox 2285 4025 2311 4077; x_wconf 73' lang='lat'><strong>.9</strong></span> <span class='ocrx_word' id='word_1_769' title='bbox 2329 4021 2558 4078; x_wconf 79' lang='lat' dir='ltr'><strong>llesaias</strong></span> <span class='ocrx_word' id='word_1_770' title='bbox 2573 4026 2744 4088; x_wconf 88' lang='lat' dir='ltr'><strong>enim,</strong></span> <span class='ocrx_word' id='word_1_771' title='bbox 2774 4024 2893 4079; x_wconf 85' lang='lat' dir='ltr'><strong>Vidi</strong></span> <span class='ocrx_word' id='word_1_772' title='bbox 2916 4026 3216 4095; x_wconf 88' lang='lat' dir='ltr'><strong>Dominum,</strong></span> <span class='ocrx_word' id='word_1_773' title='bbox 3244 4031 3439 4100; x_wconf 90' lang='lat' dir='ltr'><strong>inquit,</strong></span> <span class='ocrx_word' id='word_1_774' title='bbox 3460 4041 3536 4088; x_wconf 57' lang='lat' dir='ltr'><strong>seé</strong></span> 
     </span>
    </p>
   </div>
   <div class='ocr_carea' id='block_1_104' title="bbox 1954 4113 3526 4194">
    <p class='ocr_par' dir='ltr' id='par_1_104' title="bbox 1954 4113 3526 4194">
     <span class='ocr_line' id='line_1_104' title="bbox 1954 4113 3526 4194; baseline 0.009 -30"><span class='ocrx_word' id='word_1_775' title='bbox 1954 4113 2161 4166; x_wconf 86' lang='lat' dir='ltr'><strong>dentem</strong></span> <span class='ocrx_word' id='word_1_776' title='bbox 2183 4128 2337 4181; x_wconf 86' lang='lat' dir='ltr'><strong>super</strong></span> <span class='ocrx_word' id='word_1_777' title='bbox 2365 4115 2554 4168; x_wconf 89' lang='lat' dir='ltr'><strong>solium</strong></span> <span class='ocrx_word' id='word_1_778' title='bbox 2577 4116 2840 4170; x_wconf 73' lang='lat' dir='ltr'><strong>excelsum</strong></span> <span class='ocrx_word' id='word_1_779' title='bbox 2861 4127 2909 4170; x_wconf 92' lang='lat' dir='ltr'><strong>et</strong></span> <span class='ocrx_word' id='word_1_780' title='bbox 2927 4118 3183 4172; x_wconf 80' lang='lat' dir='ltr'><strong>eleuatum</strong></span> <span class='ocrx_word' id='word_1_781' title='bbox 3215 4121 3269 4187; x_wconf 89' lang='grc'><strong>(1</strong></span> <span class='ocrx_word' id='word_1_782' title='bbox 3275 4140 3354 4176; x_wconf 85' lang='lat' dir='ltr'><strong>sa.</strong></span> <span class='ocrx_word' id='word_1_783' title='bbox 3383 4123 3526 4194; x_wconf 72' lang='lat'><strong>6.1);</strong></span> 
     </span>
    </p>
   </div>
   <div class='ocr_carea' id='block_1_105' title="bbox 1959 4194 3541 4280">
    <p class='ocr_par' dir='ltr' id='par_1_105' title="bbox 1959 4194 3541 4280">
     <span class='ocr_line' id='line_1_105' title="bbox 1959 4194 3541 4280; baseline 0.013 -33"><span class='ocrx_word' id='word_1_784' title='bbox 1959 4194 2141 4249; x_wconf 88' lang='lat' dir='ltr'><strong>Daniel</strong></span> <span class='ocrx_word' id='word_1_785' title='bbox 2170 4211 2321 4262; x_wconf 85' lang='lat' dir='ltr'><strong>vero,</strong></span> <span class='ocrx_word' id='word_1_786' title='bbox 2360 4196 2477 4251; x_wconf 83' lang='lat' dir='ltr'><strong>Vidi</strong></span> <span class='ocrx_word' id='word_1_787' title='bbox 2504 4199 2660 4253; x_wconf 88' lang='lat' dir='ltr'><strong>donec</strong></span> <span class='ocrx_word' id='word_1_788' title='bbox 2685 4202 2854 4256; x_wconf 86' lang='lat' dir='ltr'><strong>throni</strong></span> <span class='ocrx_word' id='word_1_789' title='bbox 2875 4205 3023 4272; x_wconf 85' lang='lat' dir='ltr'><strong>positi</strong></span> <span class='ocrx_word' id='word_1_790' title='bbox 3049 4216 3203 4272; x_wconf 89' lang='lat' dir='ltr'><strong>sunt,</strong></span> <span class='ocrx_word' id='word_1_791' title='bbox 3231 4219 3278 4262; x_wconf 88' lang='lat' dir='ltr'><strong>et</strong></span> <span class='ocrx_word' id='word_1_792' title='bbox 3307 4219 3541 4280; x_wconf 79' lang='lat' dir='ltr'><strong>antiquus</strong></span> 
     </span>
    </p>
   </div>
   <div class='ocr_carea' id='block_1_106' title="bbox 1957 4284 3541 4359">
    <p class='ocr_par' dir='ltr' id='par_1_106' title="bbox 1957 4284 3541 4359">
     <span class='ocr_line' id='line_1_106' title="bbox 1957 4284 3541 4359; baseline 0.013 -24"><span class='ocrx_word' id='word_1_793' title='bbox 1957 4284 2151 4337; x_wconf 87' lang='lat' dir='ltr'><strong>dierum</strong></span> <span class='ocrx_word' id='word_1_794' title='bbox 2183 4286 2310 4339; x_wconf 89' lang='lat' dir='ltr'><strong>sedit</strong></span> <span class='ocrx_word' id='word_1_795' title='bbox 2335 4284 2496 4358; x_wconf 90' lang='lat' dir='ltr'><strong>(Dan.</strong></span> <span class='ocrx_word' id='word_1_796' title='bbox 2521 4289 2575 4342; x_wconf 88' lang='lat'><strong>7.</strong></span> <span class='ocrx_word' id='word_1_797' title='bbox 2607 4289 2695 4359; x_wconf 88' lang='lat'><strong>9);</strong></span> <span class='ocrx_word' id='word_1_798' title='bbox 2728 4291 2976 4348; x_wconf 72' lang='lat' dir='ltr'><strong>Michteas</strong></span> <span class='ocrx_word' id='word_1_799' title='bbox 3005 4295 3131 4350; x_wconf 87' lang='lat' dir='ltr'><strong>item</strong></span> <span class='ocrx_word' id='word_1_800' title='bbox 3163 4315 3176 4352; x_wconf 88' lang='lat'>:</span> <span class='ocrx_word' id='word_1_801' title='bbox 3217 4296 3329 4351; x_wconf 87' lang='lat' dir='ltr'><strong>Vidi</strong></span> <span class='ocrx_word' id='word_1_802' title='bbox 3368 4298 3541 4355; x_wconf 84' lang='lat' dir='ltr'><strong>Domi-</strong></span> 
     </span>
    </p>
   </div>
   <div class='ocr_carea' id='block_1_107' title="bbox 1957 4376 3538 4462">
    <p class='ocr_par' dir='ltr' id='par_1_107' title="bbox 1957 4376 3538 4462">
     <span class='ocr_line' id='line_1_107' title="bbox 1957 4376 3538 4462; baseline 0.01 -32"><span class='ocrx_word' id='word_1_803' title='bbox 1957 4394 2076 4430; x_wconf 86' lang='lat' dir='ltr'><strong>num</strong></span> <span class='ocrx_word' id='word_1_804' title='bbox 2107 4376 2271 4432; x_wconf 87' lang='lat' dir='ltr'><strong>Deum</strong></span> <span class='ocrx_word' id='word_1_805' title='bbox 2297 4378 2460 4435; x_wconf 85' lang='lat' dir='ltr'><strong>Israel</strong></span> <span class='ocrx_word' id='word_1_806' title='bbox 2491 4383 2743 4436; x_wconf 87' lang='lat' dir='ltr'><strong>sedentem</strong></span> <span class='ocrx_word' id='word_1_807' title='bbox 2769 4401 2920 4452; x_wconf 86' lang='lat' dir='ltr'><strong>super</strong></span> <span class='ocrx_word' id='word_1_808' title='bbox 2939 4387 3120 4441; x_wconf 89' lang='lat' dir='ltr'><strong>solium</strong></span> <span class='ocrx_word' id='word_1_809' title='bbox 3145 4405 3290 4442; x_wconf 85' lang='lat' dir='ltr'><strong>suum</strong></span> <span class='ocrx_word' id='word_1_810' title='bbox 3313 4392 3387 4462; x_wconf 89' lang='lat'><strong>(5.</strong></span> <span class='ocrx_word' id='word_1_811' title='bbox 3408 4391 3538 4462; x_wconf 72' lang='lat' dir='ltr'><strong>Reg.</strong></span> 
     </span>
    </p>
   </div>
   <div class='ocr_carea' id='block_1_108' title="bbox 1955 4469 3543 4544">
    <p class='ocr_par' dir='ltr' id='par_1_108' title="bbox 1955 4469 3543 4544">
     <span class='ocr_line' id='line_1_108' title="bbox 1955 4469 3543 4544; baseline 0.009 -22"><span class='ocrx_word' id='word_1_812' title='bbox 1955 4469 2044 4523; x_wconf 84' lang='grc'><strong>22.</strong></span> <span class='ocrx_word' id='word_1_813' title='bbox 2076 4469 2198 4542; x_wconf 89' lang='grc'><strong>19);</strong></span> <span class='ocrx_word' id='word_1_814' title='bbox 2226 4471 2366 4527; x_wconf 89' lang='lat' dir='ltr'><strong>alius</strong></span> <span class='ocrx_word' id='word_1_815' title='bbox 2393 4488 2604 4528; x_wconf 90' lang='lat' dir='ltr'><strong>rursum</strong></span> <span class='ocrx_word' id='word_1_816' title='bbox 2637 4475 2894 4544; x_wconf 87' lang='lat' dir='ltr'><strong>propheta</strong></span> <span class='ocrx_word' id='word_1_817' title='bbox 2918 4477 3046 4531; x_wconf 88' lang='lat' dir='ltr'><strong>dicit</strong></span> <span class='ocrx_word' id='word_1_818' title='bbox 3074 4496 3088 4532; x_wconf 87' lang='lat'><strong>:</strong></span> <span class='ocrx_word' id='word_1_819' title='bbox 3126 4478 3242 4533; x_wconf 87' lang='lat' dir='ltr'><strong>Vidi</strong></span> <span class='ocrx_word' id='word_1_820' title='bbox 3267 4480 3543 4537; x_wconf 82' lang='lat' dir='ltr'><strong>Dominum</strong></span> 
     </span>
    </p>
   </div>
   <div class='ocr_carea' id='block_1_109' title="bbox 1956 4565 3543 4642">
    <p class='ocr_par' dir='ltr' id='par_1_109' title="bbox 1956 4565 3543 4642">
     <span class='ocr_line' id='line_1_109' title="bbox 1956 4565 3543 4642; baseline 0.008 -28"><span class='ocrx_word' id='word_1_821' title='bbox 1956 4573 2172 4617; x_wconf 84' lang='lat' dir='ltr'><strong>stantem</strong></span> <span class='ocrx_word' id='word_1_822' title='bbox 2191 4580 2344 4632; x_wconf 84' lang='lat' dir='ltr'><strong>super</strong></span> <span class='ocrx_word' id='word_1_823' title='bbox 2369 4565 2548 4630; x_wconf 87' lang='lat' dir='ltr'><strong>altare,</strong></span> <span class='ocrx_word' id='word_1_824' title='bbox 2575 4577 2622 4619; x_wconf 91' lang='lat' dir='ltr'><strong>et</strong></span> <span class='ocrx_word' id='word_1_825' title='bbox 2648 4565 2777 4620; x_wconf 71' lang='lat' dir='ltr'><strong>dixit</strong></span> <span class='ocrx_word' id='word_1_826' title='bbox 2806 4569 2961 4634; x_wconf 84' lang='lat' dir='ltr'><strong>mihi,</strong></span> <span class='ocrx_word' id='word_1_827' title='bbox 2988 4579 3188 4640; x_wconf 87' lang='lat' dir='ltr'><strong>percute</strong></span> <span class='ocrx_word' id='word_1_828' title='bbox 3221 4589 3373 4642; x_wconf 85' lang='lat' dir='ltr'><strong>super</strong></span> <span class='ocrx_word' id='word_1_829' title='bbox 3418 4590 3543 4640; x_wconf 84' lang='lat' dir='ltr'><strong>pro-</strong></span> 
     </span>
    </p>
   </div>
   <div class='ocr_carea' id='block_1_110' title="bbox 1959 4654 3542 4732">
    <p class='ocr_par' dir='ltr' id='par_1_110' title="bbox 1959 4654 3542 4732">
     <span class='ocr_line' id='line_1_110' title="bbox 1959 4654 3542 4732; baseline 0.011 -28"><span class='ocrx_word' id='word_1_830' title='bbox 1959 4654 2272 4722; x_wconf 87' lang='lat' dir='ltr'><strong>pitiatorium</strong></span> <span class='ocrx_word' id='word_1_831' title='bbox 2319 4654 2512 4723; x_wconf 80' lang='lat' dir='ltr'><strong>(Amos</strong></span> <span class='ocrx_word' id='word_1_832' title='bbox 2565 4656 2619 4710; x_wconf 88' lang='lat'><strong>9.</strong></span> <span class='ocrx_word' id='word_1_833' title='bbox 2679 4655 2775 4727; x_wconf 90' lang='grc'><strong>1).</strong></span> <span class='ocrx_word' id='word_1_834' title='bbox 2851 4657 3011 4713; x_wconf 81' lang='lat' dir='ltr'><strong>Multa</strong></span> <span class='ocrx_word' id='word_1_835' title='bbox 3069 4675 3199 4715; x_wconf 86' lang='lat' dir='ltr'><strong>sane</strong></span> <span class='ocrx_word' id='word_1_836' title='bbox 3237 4663 3542 4732; x_wconf 87' lang='lat' dir='ltr'><strong>hujusmodi</strong></span> 
     </span>
    </p>
   </div>
   <div class='ocr_carea' id='block_1_111' title="bbox 1961 4743 3541 4825">
    <p class='ocr_par' dir='ltr' id='par_1_111' title="bbox 1961 4743 3541 4825">
     <span class='ocr_line' id='line_1_111' title="bbox 1961 4743 3541 4825; baseline 0.011 -28"><span class='ocrx_word' id='word_1_837' title='bbox 1961 4743 2261 4798; x_wconf 87' lang='lat' dir='ltr'><strong>testimonia</strong></span> <span class='ocrx_word' id='word_1_838' title='bbox 2301 4745 2479 4814; x_wconf 85' lang='lat' dir='ltr'><strong>eolligi</strong></span> <span class='ocrx_word' id='word_1_839' title='bbox 2521 4756 2760 4814; x_wconf 88' lang='lat' dir='ltr'><strong>possunt.</strong></span> <span class='ocrx_word' id='word_1_840' title='bbox 2799 4750 2908 4804; x_wconf 88' lang='lat' dir='ltr'><strong>Cur</strong></span> <span class='ocrx_word' id='word_1_841' title='bbox 2958 4765 3087 4822; x_wconf 89' lang='lat' dir='ltr'><strong>ergo</strong></span> <span class='ocrx_word' id='word_1_842' title='bbox 3142 4753 3376 4812; x_wconf 81' lang='lat' dir='ltr'><strong>Joannes</strong></span> <span class='ocrx_word' id='word_1_843' title='bbox 3429 4758 3541 4825; x_wconf 90' lang='lat' dir='ltr'><strong>ait,</strong></span> 
     </span>
    </p>
   </div>
   <div class='ocr_carea' id='block_1_112' title="bbox 1959 4833 3542 4919">
    <p class='ocr_par' dir='ltr' id='par_1_112' title="bbox 1959 4833 3542 4919">
     <span class='ocr_line' id='line_1_112' title="bbox 1959 4833 3542 4919; baseline 0.012 -33"><span class='ocrx_word' id='word_1_844' title='bbox 1959 4833 2123 4888; x_wconf 87' lang='lat' dir='ltr'><strong>Deum</strong></span> <span class='ocrx_word' id='word_1_845' title='bbox 2169 4852 2312 4889; x_wconf 90' lang='lat' dir='ltr'><strong>nemo</strong></span> <span class='ocrx_word' id='word_1_846' title='bbox 2339 4836 2458 4890; x_wconf 89' lang='lat' dir='ltr'><strong>vidit</strong></span> <span class='ocrx_word' id='word_1_847' title='bbox 2492 4841 2770 4909; x_wconf 81' lang='lat' dir='ltr'><strong>umquam?</strong></span> <span class='ocrx_word' id='word_1_848' title='bbox 2813 4839 2884 4896; x_wconf 91' lang='lat' dir='ltr'><strong>Ut</strong></span> <span class='ocrx_word' id='word_1_849' title='bbox 2909 4842 3114 4898; x_wconf 86' lang='lat' dir='ltr'><strong>ediscas</strong></span> <span class='ocrx_word' id='word_1_850' title='bbox 3143 4861 3264 4900; x_wconf 88' lang='lat' dir='ltr'><strong>eum</strong></span> <span class='ocrx_word' id='word_1_851' title='bbox 3307 4848 3380 4903; x_wconf 82' lang='lat' dir='ltr'><strong>de</strong></span> <span class='ocrx_word' id='word_1_852' title='bbox 3417 4865 3542 4919; x_wconf 81' lang='lat' dir='ltr'><strong>per-</strong></span> 
     </span>
    </p>
   </div>
   <div class='ocr_carea' id='block_1_113' title="bbox 1962 4926 3542 5012">
    <p class='ocr_par' dir='ltr' id='par_1_113' title="bbox 1962 4926 3542 5012">
     <span class='ocr_line' id='line_1_113' title="bbox 1962 4926 3542 5012; baseline 0.012 -34"><span class='ocrx_word' id='word_1_853' title='bbox 1962 4926 2095 4979; x_wconf 83' lang='lat' dir='ltr'><strong>tecta</strong></span> <span class='ocrx_word' id='word_1_854' title='bbox 2161 4928 2640 4996; x_wconf 88' lang='lat' dir='ltr'><strong>comprehensione</strong></span> <span class='ocrx_word' id='word_1_855' title='bbox 2694 4939 2750 4986; x_wconf 91' lang='lat' dir='ltr'><strong>et</strong></span> <span class='ocrx_word' id='word_1_856' title='bbox 2805 4933 2949 4987; x_wconf 91' lang='lat' dir='ltr'><strong>clara</strong></span> <span class='ocrx_word' id='word_1_857' title='bbox 3011 4937 3315 5006; x_wconf 87' lang='lat' dir='ltr'><strong>cognitione</strong></span> <span class='ocrx_word' id='word_1_858' title='bbox 3377 4941 3542 5012; x_wconf 87' lang='lat' dir='ltr'><strong>loqui.</strong></span> 
     </span>
    </p>
   </div>
   <div class='ocr_carea' id='block_1_114' title="bbox 1960 5017 3542 5100">
    <p class='ocr_par' dir='ltr' id='par_1_114' title="bbox 1960 5017 3542 5100">
     <span class='ocr_line' id='line_1_114' title="bbox 1960 5017 3542 5100; baseline 0.015 -32"><span class='ocrx_word' id='word_1_859' title='bbox 1960 5017 2111 5085; x_wconf 89' lang='lat' dir='ltr'><strong>Quod</strong></span> <span class='ocrx_word' id='word_1_860' title='bbox 2137 5019 2278 5073; x_wconf 91' lang='lat' dir='ltr'><strong>enim</strong></span> <span class='ocrx_word' id='word_1_861' title='bbox 2303 5019 2388 5072; x_wconf 90' lang='lat' dir='ltr'><strong>illa</strong></span> <span class='ocrx_word' id='word_1_862' title='bbox 2415 5023 2591 5076; x_wconf 90' lang='lat' dir='ltr'><strong>omnia</strong></span> <span class='ocrx_word' id='word_1_863' title='bbox 2615 5039 2709 5091; x_wconf 91' lang='lat' dir='ltr'><strong>per</strong></span> <span class='ocrx_word' id='word_1_864' title='bbox 2728 5029 3223 5095; x_wconf 86' lang='lat' dir='ltr'><strong>attemperationem</strong></span> <span class='ocrx_word' id='word_1_865' title='bbox 3253 5032 3392 5088; x_wconf 82' lang='lat' dir='ltr'><strong>facta</strong></span> <span class='ocrx_word' id='word_1_866' title='bbox 3412 5035 3542 5100; x_wconf 88' lang='lat' dir='ltr'><strong>sint,</strong></span> 
     </span>
    </p>
   </div>
   <div class='ocr_carea' id='block_1_115' title="bbox 1963 5111 3546 5192">
    <p class='ocr_par' dir='ltr' id='par_1_115' title="bbox 1963 5111 3546 5192">
     <span class='ocr_line' id='line_1_115' title="bbox 1963 5111 3546 5192; baseline 0.015 -32"><span class='ocrx_word' id='word_1_867' title='bbox 1963 5125 2134 5178; x_wconf 70' lang='lat' dir='ltr'><strong>neque</strong></span> <span class='ocrx_word' id='word_1_868' title='bbox 2159 5125 2345 5178; x_wconf 92' lang='lat' dir='ltr'><strong>puram</strong></span> <span class='ocrx_word' id='word_1_869' title='bbox 2378 5111 2518 5166; x_wconf 92' lang='lat' dir='ltr'><strong>illius</strong></span> <span class='ocrx_word' id='word_1_870' title='bbox 2545 5114 2892 5172; x_wconf 89' lang='lat' dir='ltr'><strong>substantiam</strong></span> <span class='ocrx_word' id='word_1_871' title='bbox 2921 5121 3198 5192; x_wconf 90' lang='lat' dir='ltr'><strong>quisquam</strong></span> <span class='ocrx_word' id='word_1_872' title='bbox 3227 5125 3436 5181; x_wconf 90' lang='lat' dir='ltr'><strong>illorunt</strong></span> <span class='ocrx_word' id='word_1_873' title='bbox 3467 5130 3546 5182; x_wconf 86' lang='lat' dir='ltr'><strong>vi-</strong></span> 
     </span>
    </p>
   </div>
   <div class='ocr_carea' id='block_1_116' title="bbox 1965 5199 3542 5282">
    <p class='ocr_par' dir='ltr' id='par_1_116' title="bbox 1965 5199 3542 5282">
     <span class='ocr_line' id='line_1_116' title="bbox 1965 5199 3542 5282; baseline 0.011 -28"><span class='ocrx_word' id='word_1_874' title='bbox 1965 5199 2126 5266; x_wconf 87' lang='lat' dir='ltr'><strong>derit,</strong></span> <span class='ocrx_word' id='word_1_875' title='bbox 2173 5201 2299 5256; x_wconf 89' lang='lat' dir='ltr'><strong>hinc</strong></span> <span class='ocrx_word' id='word_1_876' title='bbox 2347 5201 2520 5271; x_wconf 90' lang='lat' dir='ltr'><strong>palam</strong></span> <span class='ocrx_word' id='word_1_877' title='bbox 2564 5212 2646 5260; x_wconf 89' lang='lat' dir='ltr'><strong>est</strong></span> <span class='ocrx_word' id='word_1_878' title='bbox 2692 5207 2833 5275; x_wconf 91' lang='lat' dir='ltr'><strong>quod</strong></span> <span class='ocrx_word' id='word_1_879' title='bbox 2871 5209 3019 5264; x_wconf 89' lang='lat' dir='ltr'><strong>varie</strong></span> <span class='ocrx_word' id='word_1_880' title='bbox 3064 5213 3289 5282; x_wconf 90' lang='lat' dir='ltr'><strong>quisque</strong></span> <span class='ocrx_word' id='word_1_881' title='bbox 3332 5215 3542 5272; x_wconf 90' lang='lat' dir='ltr'><strong>viderit.</strong></span> 
     </span>
    </p>
   </div>
   <div class='ocr_carea' id='block_1_117' title="bbox 1966 5292 3545 5377">
    <p class='ocr_par' dir='ltr' id='par_1_117' title="bbox 1966 5292 3545 5377">
     <span class='ocr_line' id='line_1_117' title="bbox 1966 5292 3545 5377; baseline 0.011 -30"><span class='ocrx_word' id='word_1_882' title='bbox 1966 5292 2174 5347; x_wconf 80' lang='lat' dir='ltr'><strong>Etenim</strong></span> <span class='ocrx_word' id='word_1_883' title='bbox 2205 5294 2349 5348; x_wconf 90' lang='lat' dir='ltr'><strong>Deus</strong></span> <span class='ocrx_word' id='word_1_884' title='bbox 2370 5295 2592 5365; x_wconf 80' lang='lat' dir='ltr'><strong>simplex</strong></span> <span class='ocrx_word' id='word_1_885' title='bbox 2617 5309 2718 5362; x_wconf 89' lang='lat' dir='ltr'><strong>est,</strong></span> <span class='ocrx_word' id='word_1_886' title='bbox 2743 5299 3143 5372; x_wconf 89' lang='lat' dir='ltr'><strong>incompositus,</strong></span> <span class='ocrx_word' id='word_1_887' title='bbox 3169 5315 3222 5359; x_wconf 90' lang='lat' dir='ltr'><strong>et</strong></span> <span class='ocrx_word' id='word_1_888' title='bbox 3249 5307 3429 5377; x_wconf 72' lang='lat' dir='ltr'><strong>ﬁgura:</strong></span> <span class='ocrx_word' id='word_1_889' title='bbox 3449 5324 3545 5365; x_wconf 78' lang='lat' dir='ltr'><strong>ex-</strong></span> 
     </span>
    </p>
   </div>
   <div class='ocr_carea' id='block_1_118' title="bbox 1965 5385 3544 5470">
    <p class='ocr_par' dir='ltr' id='par_1_118' title="bbox 1965 5385 3544 5470">
     <span class='ocr_line' id='line_1_118' title="bbox 1965 5385 3544 5470; baseline 0.011 -32"><span class='ocrx_word' id='word_1_890' title='bbox 1965 5398 2118 5454; x_wconf 84' lang='lat' dir='ltr'><strong>pers;</strong></span> <span class='ocrx_word' id='word_1_891' title='bbox 2149 5385 2219 5439; x_wconf 88' lang='lat' dir='ltr'><strong>illi</strong></span> <span class='ocrx_word' id='word_1_892' title='bbox 2248 5402 2375 5441; x_wconf 88' lang='lat' dir='ltr'><strong>vero</strong></span> <span class='ocrx_word' id='word_1_893' title='bbox 2403 5386 2598 5458; x_wconf 79' lang='lat' dir='ltr'><strong>figuras</strong></span> <span class='ocrx_word' id='word_1_894' title='bbox 2624 5389 2865 5446; x_wconf 88' lang='lat' dir='ltr'><strong>videruut</strong></span> <span class='ocrx_word' id='word_1_895' title='bbox 2888 5393 3085 5448; x_wconf 88' lang='lat' dir='ltr'><strong>varias.</strong></span> <span class='ocrx_word' id='word_1_896' title='bbox 3116 5395 3229 5451; x_wconf 78' lang='lat' dir='ltr'><strong>Hoc</strong></span> <span class='ocrx_word' id='word_1_897' title='bbox 3255 5397 3425 5465; x_wconf 90' lang='lat' dir='ltr'><strong>ipsum</strong></span> <span class='ocrx_word' id='word_1_898' title='bbox 3448 5414 3544 5470; x_wconf 89' lang='lat' dir='ltr'><strong>per</strong></span> 
     </span>
    </p>
   </div>
   <div class='ocr_carea' id='block_1_119' title="bbox 1965 5476 3621 5554">
    <p class='ocr_par' dir='ltr' id='par_1_119' title="bbox 1965 5476 3621 5554">
     <span class='ocr_line' id='line_1_119' title="bbox 1965 5476 3621 5554; baseline 0.011 -24"><span class='ocrx_word' id='word_1_899' title='bbox 1965 5476 2126 5530; x_wconf 91' lang='lat' dir='ltr'><strong>alium</strong></span> <span class='ocrx_word' id='word_1_900' title='bbox 2155 5476 2467 5546; x_wconf 85' lang='lat' dir='ltr'><strong>prophetam</strong></span> <span class='ocrx_word' id='word_1_901' title='bbox 2495 5479 2749 5547; x_wconf 89' lang='lat' dir='ltr'><strong>ostendit,</strong></span> <span class='ocrx_word' id='word_1_902' title='bbox 2779 5482 3014 5554; x_wconf 87' lang='lat' dir='ltr'><strong>ipsisque</strong></span> <span class='ocrx_word' id='word_1_903' title='bbox 3040 5487 3325 5554; x_wconf 88' lang='lat' dir='ltr'><strong>persuadet</strong></span> <span class='ocrx_word' id='word_1_904' title='bbox 3351 5505 3411 5545; x_wconf 87' lang='lat' dir='ltr'><strong>se</strong></span> <span class='ocrx_word' id='word_1_905' title='bbox 3439 5507 3546 5547; x_wconf 84' lang='lat' dir='ltr'><strong>non</strong></span> <span class='ocrx_word' id='word_1_906' title='bbox 3611 5506 3621 5514; x_wconf 90' lang='lat'>&#39;</span> 
     </span>
    </p>
   </div>
   <div class='ocr_carea' id='block_1_120' title="bbox 1966 5568 3547 5651">
    <p class='ocr_par' dir='ltr' id='par_1_120' title="bbox 1966 5568 3547 5651">
     <span class='ocr_line' id='line_1_120' title="bbox 1966 5568 3547 5651; baseline 0.011 -31"><span class='ocrx_word' id='word_1_907' title='bbox 1966 5568 2252 5638; x_wconf 81' lang='lat' dir='ltr'><strong>perfectam</strong></span> <span class='ocrx_word' id='word_1_908' title='bbox 2281 5570 2632 5626; x_wconf 89' lang='lat' dir='ltr'><strong>substantiam</strong></span> <span class='ocrx_word' id='word_1_909' title='bbox 2657 5573 2873 5636; x_wconf 89' lang='lat' dir='ltr'><strong>vidisse,</strong></span> <span class='ocrx_word' id='word_1_910' title='bbox 2903 5574 2984 5630; x_wconf 87' lang='lat' dir='ltr'><strong>his</strong></span> <span class='ocrx_word' id='word_1_911' title='bbox 3013 5578 3189 5634; x_wconf 88' lang='lat' dir='ltr'><strong>verbis</strong></span> <span class='ocrx_word' id='word_1_912' title='bbox 3218 5597 3232 5634; x_wconf 89' lang='lat'><strong>:</strong></span> <span class='ocrx_word' id='word_1_913' title='bbox 3264 5580 3373 5651; x_wconf 83' lang='lat' dir='ltr'><strong>Ego</strong></span> <span class='ocrx_word' id='word_1_914' title='bbox 3392 5583 3547 5638; x_wconf 73' lang='lat' dir='ltr'><strong>visio-</strong></span> 
     </span>
    </p>
   </div>
   <div class='ocr_carea' id='block_1_121' title="bbox 1966 5661 3547 5739">
    <p class='ocr_par' dir='ltr' id='par_1_121' title="bbox 1966 5661 3547 5739">
     <span class='ocr_line' id='line_1_121' title="bbox 1966 5661 3547 5739; baseline 0.011 -26"><span class='ocrx_word' id='word_1_915' title='bbox 1966 5677 2051 5713; x_wconf 83' lang='lat' dir='ltr'><strong>nes</strong></span> <span class='ocrx_word' id='word_1_916' title='bbox 2078 5661 2420 5729; x_wconf 86' lang='lat' dir='ltr'><strong>multiplicavi,</strong></span> <span class='ocrx_word' id='word_1_917' title='bbox 2452 5672 2496 5718; x_wconf 90' lang='lat' dir='ltr'><strong>et</strong></span> <span class='ocrx_word' id='word_1_918' title='bbox 2522 5665 2572 5718; x_wconf 87' lang='lat' dir='ltr'><strong>in</strong></span> <span class='ocrx_word' id='word_1_919' title='bbox 2602 5666 2831 5719; x_wconf 86' lang='lat' dir='ltr'><strong>manibus</strong></span> <span class='ocrx_word' id='word_1_920' title='bbox 2855 5667 3216 5739; x_wconf 86' lang='lat' dir='ltr'><strong>prophetarum</strong></span> <span class='ocrx_word' id='word_1_921' title='bbox 3239 5675 3547 5730; x_wconf 76' lang='lat' dir='ltr'><strong>assimilatas</strong></span> 
     </span>
    </p>
   </div>
   <div class='ocr_carea' id='block_1_122' title="bbox 1967 5752 3546 5828">
    <p class='ocr_par' dir='ltr' id='par_1_122' title="bbox 1967 5752 3546 5828">
     <span class='ocr_line' id='line_1_122' title="bbox 1967 5752 3546 5828; baseline 0.011 -23"><span class='ocrx_word' id='word_1_922' title='bbox 1967 5767 2078 5806; x_wconf 85' lang='lat' dir='ltr'><strong>sum</strong></span> <span class='ocrx_word' id='word_1_923' title='bbox 2113 5752 2262 5823; x_wconf 77' lang='lat' dir='ltr'><strong>(Osee</strong></span> <span class='ocrx_word' id='word_1_924' title='bbox 2301 5753 2386 5809; x_wconf 77' lang='grc'><strong>12.</strong></span> <span class='ocrx_word' id='word_1_925' title='bbox 2421 5754 2508 5825; x_wconf 87' lang='grc'><strong>10)</strong></span> <span class='ocrx_word' id='word_1_926' title='bbox 2555 5772 2566 5810; x_wconf 95' lang='lat'>:</span> <span class='ocrx_word' id='word_1_927' title='bbox 2621 5769 2728 5812; x_wconf 88' lang='lat' dir='ltr'><strong>non</strong></span> <span class='ocrx_word' id='word_1_928' title='bbox 2772 5757 2941 5828; x_wconf 88' lang='lat' dir='ltr'><strong>ipsam</strong></span> <span class='ocrx_word' id='word_1_929' title='bbox 2986 5774 3158 5816; x_wconf 89' lang='lat' dir='ltr'><strong>meam</strong></span> <span class='ocrx_word' id='word_1_930' title='bbox 3196 5763 3546 5822; x_wconf 80' lang='lat' dir='ltr'><strong>substantiam</strong></span> 
     </span>
    </p>
   </div>
  </div>
