3854 6222
318 242 416 297 73!

317 353 549 419 ostendi,
591 353 685 410 sed
737 354 1024 410 videntium
1069 353 1358 408 inﬁrmitati
1399 368 1484 408 me
1525 350 1893 420 attemperavi.

321 448 554 501 .loanues
579 463 706 518 ergo
727 463 832 502 non
859 448 926 502 de
948 447 1248 502 hominibus
1275 446 1375 501 hoc
1402 446 1550 512 dicit,
1579 444 1736 498 Deum
1757 461 1902 499 nemo

320 539 442 592 sidit
469 555 708 610 umquam
739 556 758 594 :
786 539 834 594 id
861 540 1002 595 enim
1044 541 1209 610 liquet
1236 554 1357 592 cmn
1385 553 1452 593 ex
1491 539 1577 601 iis,
1617 554 1734 608 qua:
1760 537 1899 591 dicta

320 641 471 695 sunt,
490 631 813 700 propheticis
841 645 1030 699 nempe
1055 630 1256 696 verbis,
1284 628 1395 700 Ego
1423 629 1634 682 uisiones
1656 628 1902 696 multipli-

321 721 432 776 cari
449 762 464 785 ,
493 731 538 775 et
564 721 616 774 in
645 721 873 787 manibus
903 721 1258 790 prophetarum
1286 720 1590 774 assimilatas
1613 735 1761 784 sum;
1790 728 1900 770 tum

318 831 382 866 ex
405 813 662 867 sententia
690 813 854 884 Moysi
883 814 1118 882 prolata;
1147 828 1268 866 emn
1295 813 1436 867 enim
1463 812 1551 866 ille
1578 812 1742 866 Deum
1771 811 1902 865 facie

318 906 384 961 ad
419 907 603 960 faciem
633 907 812 961 videre
839 915 1078 976 cuperet,
1107 907 1181 960 ait
1207 906 1343 960 Deus
1377 923 1390 958 :
1423 903 1588 958 Nemo
1608 903 1788 958 ridebit
1817 905 1902 972 fa-

320 1001 446 1051 ciem
471 1015 652 1062 meam,
683 1009 731 1053 et
758 1001 883 1054 viret
915 998 1106 1068 (Exod.
1141 1000 1231 1055 55.
1269 998 1382 1070 20).
1414 998 1692 1069 Liquidum
1725 999 1905 1068 itaque

319 1090 444 1144 illud
473 1099 632 1158 atque
664 1091 715 1144 in
741 1090 988 1145 confesso
1020 1100 1120 1145 est.
1153 1090 1267 1145 Non
1301 1105 1428 1159 ergo
1452 1091 1518 1145 de
1549 1090 1775 1144 lmmana
1806 1104 1901 1144 na-

319 1193 435 1238 tura
477 1194 700 1248 tantum,
731 1183 824 1237 sed
852 1185 1010 1237 etiam
1040 1184 1108 1238 de
1149 1183 1393 1252 supernis
1426 1183 1776 1252 potestatibus
1806 1183 1905 1235 hoc.

322 1276 416 1338 ait,
466 1275 626 1328 Deum
672 1292 817 1329 nemo
861 1276 981 1328 uidit
1021 1292 1258 1342 umquam
1293 1294 1311 1330 :
1341 1275 1687 1344 quamobrem
1732 1276 1901 1344 ipsum

327 1383 538 1437 quoque
569 1368 893 1436 unigenitum
923 1367 1080 1438 hujus
1117 1367 1373 1422 doctrinae
1407 1376 1790 1437 praeceptorem
1823 1367 1902 1420 in-

321 1457 489 1514 ducit.
523 1458 599 1513 Ne
626 1460 746 1528 quis
774 1459 913 1512 enim
941 1459 1164 1522 diceret,
1199 1459 1464 1514 undenam
1493 1459 1541 1513 id
1575 1459 1784 1528 liquet?
1808 1459 1905 1514 ad-

318 1554 387 1623 jea
410 1555 448 1608 it
490 1573 503 1608 :
540 1555 840 1625 Uuigenitus
885 1555 1045 1622 ﬁlius,
1087 1556 1174 1625 qui
1207 1565 1280 1610 est
1323 1555 1376 1608 iu
1413 1557 1527 1608 sinu
1567 1553 1769 1621 Patris,
1799 1555 1908 1624 ipse

321 1646 547 1713 expasuit
575 1644 751 1717 (Joau.
777 1646 827 1700 Ι.
853 1646 967 1711 l8),
991 1661 1052 1700 ac
1075 1645 1178 1699 lide
1197 1645 1413 1712 dignum
1434 1645 1696 1714 dogmatis
1719 1653 1906 1699 testem

321 1735 704 1805 doctoremque
732 1735 951 1790 inducit.
989 1737 1146 1806 Atqui
1184 1737 1228 1789 si
1263 1736 1489 1804 idipsum
1519 1736 1659 1804 quod
1701 1735 1910 1806 Moyses

323 1827 409 1881 hic
437 1828 737 1897 signiﬁcare
766 1829 945 1893 vellet,
970 1829 1164 1882 frustra
1192 1827 1467 1897 adjiceret,
1501 1826 1800 1898 Unigenitus
1822 1843 1908 1881 ea:-

324 1920 511 1986 posuit.
563 1917 669 1971 Sed
713 1919 874 1971 etiam
923 1919 1067 1986 prius
1116 1933 1273 1986 quam
1321 1917 1553 1972 Joannes
1599 1917 1712 1971 hzcc
1757 1917 1908 1986 quasi

322 2009 510 2061 doctus
534 2007 602 2062 ab
625 2008 899 2077 nnigenito
922 2007 1149 2072 diceret,
1181 2007 1230 2060 id
1263 2007 1416 2062 nobis
1442 2006 1701 2076 propheta
1730 2006 1912 2062 decla-

324 2109 517 2164 rasset,
564 2109 747 2169 utpote
785 2100 873 2169 qui
918 2114 948 2152 a
996 2099 1104 2152 Deo
1147 2098 1462 2168 accepisset.
1495 2098 1600 2153 Sed
1630 2098 1752 2168 quia
1794 2099 1912 2167 plus

324 2190 523 2260 aliquid
545 2231 560 2253 ,
590 2205 750 2260 quam
778 2198 907 2245 tunc
933 2189 1132 2244 dictum
1160 2187 1367 2252 fuisset,
1400 2188 1555 2243 nobis
1585 2189 1912 2243 revelaturus

324 2291 459 2343 erat,
493 2297 708 2350 nempe,
742 2299 810 2335 ne
837 2295 1096 2350 supernas
1125 2280 1337 2350 quidem
1367 2279 1590 2334 virtutes
1629 2281 1800 2348 ipsum
1834 2279 1916 2333 vi-

325 2376 476 2440 dere,
526 2373 646 2428 ideo
689 2374 1020 2443 unigenitum
1067 2373 1340 2428 doctorem
1388 2373 1606 2428 inducit.
1643 2373 1912 2429 Visionem

327 2482 488 2535 porro
529 2465 615 2520 hic
657 2466 1015 2533 cognitionem
1066 2477 1186 2518 esse
1237 2464 1495 2532 intellige.
1542 2465 1726 2534 Neque
1771 2465 1915 2520 enim

328 2557 560 2625 pupillzc,
585 2556 744 2615 oculi,
769 2555 1034 2625 palpebra:
1056 2554 1384 2624 incerporeis
1409 2555 1586 2608 insunt
1605 2555 1911 2615 virtutibus;

331 2645 425 2699 sed
466 2645 606 2714 quod
653 2646 808 2698 nobis
843 2655 925 2699 est
963 2647 1112 2709 visio,
1159 2646 1288 2713 ipsis
1327 2654 1411 2700 est
1451 2647 1704 2715 cognitio.
1739 2647 1916 2715 Itaque

329 2753 450 2790 cum
491 2738 677 2802 audis,
724 2736 882 2790 Deum
925 2753 1069 2790 nemo
1109 2737 1230 2789 vidit
1263 2752 1523 2804 umquam,
1567 2737 1618 2790 id
1660 2737 1914 2806 intellige,

331 2827 532 2882 nullum
573 2842 692 2882 esse
719 2826 808 2896 qui
843 2827 1006 2882 Deum
1043 2827 1462 2882 substantialiter
1491 2828 1507 2860 ¹
1535 2827 1757 2882 omnino
1795 2842 1916 2896 per—-

332 2917 470 2974 fecte
495 2925 800 2988 cOgnoscat.
829 2919 906 2972 Ac
931 2918 998 2972 de
1019 2917 1300 2986 Seraphim
1328 2933 1448 2972 cum
1478 2917 1630 2972 audis
1649 2933 1713 2972 ea
1733 2918 1920 2972 oculos

332 3011 607 3072 avertisse,
639 3017 694 3064 et
721 3010 926 3063 vultum
965 3009 1266 3076 obtexisse,
1304 3009 1479 3078 deque
1506 3007 1822 3075 Cheruhim,
1856 3023 1918 3062 ea

335 3103 472 3174 idem
501 3103 672 3172 ipsum
698 3101 906 3165 fecisse,
931 3116 998 3156 ne
1025 3103 1209 3156 oculos
1236 3102 1316 3156 vel
1347 3102 1569 3171 pupillas
1591 3101 1701 3172 ipsa
1725 3101 1922 3156 habere

337 3203 509 3260 putes,
540 3193 782 3262 corporis
815 3193 959 3247 enim
987 3200 1071 3246 est
1097 3191 1401 3260 hujusmodi
1434 3191 1623 3258 forma,
1653 3191 1748 3247 sed
1779 3191 1864 3246 his
1890 3207 1921 3246 a

337 3283 595 3354 propheta
637 3283 996 3352 cognitionem
1040 3281 1326 3352 signiﬁcari
1366 3279 1548 3336 crede.
1577 3281 1710 3336 Cum
1744 3282 1923 3350 itaque

337 3373 592 3442 propheta
621 3372 771 3438 dicit,
806 3371 922 3426 illas
961 3371 1187 3427 virtutes
1218 3371 1384 3425 Deum
1421 3371 1662 3441 quamvis
1694 3385 1813 3426 sese
1839 3380 1923 3426 at-

287 3463 296 3468 ’
337 3473 723 3534 temperantem
741 3477 846 3518 non
876 3463 1016 3518 ferre
1041 3463 1298 3532 potuisse,
1321 3464 1454 3518 nihil
1477 3464 1618 3518 aliud
1635 3465 1918 3535 signiﬁcat,

337 3569 494 3624 quam
521 3554 637 3624 ejus
659 3553 1018 3624 cognitionem
1040 3553 1240 3608 claram
1263 3563 1317 3609 et
1343 3563 1662 3620 accuratam,
1688 3569 1923 3625 compre-

341 3647 762 3716 hensionemque
791 3646 931 3702 ferre
960 3661 1066 3700 non
1099 3660 1278 3714 posse,
1312 3661 1484 3716 neque
1513 3646 1710 3702 audere
1737 3663 1922 3718 puram

340 3738 485 3794 illam
525 3737 920 3809 perfectamque
959 3738 1309 3793 substantiam
1355 3739 1570 3806 intueri,
1601 3755 1670 3794 ne
1708 3741 1923 3810 quidem

340 3847 464 3888 cum
501 3847 622 3887 sese
649 3839 988 3901 ottemperat.
1018 3829 1159 3886 Nihil
1197 3840 1374 3886 autem
1412 3831 1555 3886 aliud
1598 3841 1683 3888 est
1709 3833 1924 3900 intueri,

341 3938 503 3994 quam
529 3936 874 3993 cognoscere.
903 3921 1259 3988 Quamobrem
1292 3922 1652 3992 Evangelista,
1676 3938 1924 3993 comper-

345 4025 460 4072 tum
501 4015 705 4072 habens
740 4016 992 4072 humana:
1038 4030 1146 4068 non
1185 4030 1306 4070 esse
1353 4024 1558 4069 naturas
1601 4017 1725 4070 talia
1764 4017 1926 4083 scire,

345 4123 520 4178 neque
539 4107 786 4177 supernis
806 4108 936 4177 ipsis
959 4106 1242 4162 virtutibus
1257 4107 1791 4176 comprehensibilem
1810 4124 1929 4164 esse

348 4201 539 4265 Deum,
565 4215 687 4253 eum
720 4200 914 4270 ipsum,
940 4199 1030 4268 qui
1059 4199 1111 4252 in
1143 4198 1360 4252 dextera
1391 4198 1502 4268 ejus
1532 4199 1705 4263 sedet,
1730 4209 1784 4254 et
1813 4201 1930 4255 haec

348 4290 584 4360 perfecte
613 4291 780 4353 novit,
815 4289 972 4359 hujus
998 4289 1255 4344 doctrinae
1283 4301 1666 4359 praeceptorem
1706 4292 1927 4346 inducit.

345 4381 530 4449 Neque
556 4380 869 4450 simpliciter
895 4379 1047 4445 dixit,
1079 4380 1269 4446 Filius,
1296 4382 1539 4450 quamvis
1562 4382 1607 4437 si
1637 4383 1706 4436 ita
1735 4384 1926 4453 loquu-

348 4480 436 4525 tus
459 4482 624 4536 esset,
653 4471 783 4524 satis
814 4469 864 4524 id
900 4468 1085 4525 fuisset
1110 4471 1175 4523 ad
1216 4485 1310 4525 ora
1341 4472 1728 4541 impudentium
1757 4474 1928 4529 homi-

351 4576 479 4614 num
521 4560 836 4614 obturanda.
868 4561 1018 4615 Sicut
1056 4561 1200 4615 enim
1241 4561 1390 4615 multi
1428 4562 1622 4618 Christi
1661 4563 1930 4630 dicuntur,

354 4665 492 4706 unus
519 4661 696 4706 autem
727 4667 886 4706 verus
915 4651 1160 4707 Christus
1187 4662 1270 4707 est
1302 4671 1315 4706 :
1349 4664 1404 4708 et
1443 4655 1592 4709 multi
1621 4655 1822 4710 domini
1850 4658 1934 4712 di-

351 4753 566 4805 cuntur,
600 4760 737 4800 unus
765 4759 896 4799 vero
927 4745 1187 4799 Dominus
1221 4763 1232 4798 :
1262 4755 1318 4800 et
1358 4747 1509 4800 multi
1550 4747 1623 4802 dii
1663 4747 1932 4817 dicuntur,

354 4846 493 4888 unus
518 4848 645 4888 vero
675 4834 845 4895 Deus;
877 4835 953 4888 sic
978 4845 1032 4889 et
1057 4835 1205 4890 nmlti
1234 4835 1326 4890 ﬁlii
1355 4837 1625 4903 dicuntur,
1652 4855 1787 4893 unus
1811 4854 1940 4894 vvro

357 4923 541 4987 Filius,
572 4932 730 4992 atque
757 4923 867 4992 ipsa
893 4925 1099 4978 articuli
1121 4925 1322 4980 additio
1342 4927 1599 4997 unigeniti
1627 4930 1938 4997 praecellen-

359 5015 486 5068 tiant
513 5014 643 5067 satis
664 5013 883 5066 indicat.
911 5014 1158 5068 Attamen
1188 5031 1248 5070 ea
1276 5032 1334 5070 re
1359 5031 1463 5071 non
1485 5028 1786 5082 contentus,
1815 5035 1936 5075 cum

359 5106 606 5170 dixisset,
641 5103 802 5158 Deum
831 5121 975 5158 nemo
995 5107 1118 5160 vidit
1141 5124 1398 5177 umquam,
1426 5110 1719 5180 subjunxit,
1753 5111 1940 5184 Unige~

361 5200 496 5252 uitus
519 5196 702 5261 Filius,
730 5198 816 5266 qui
835 5207 909 5250 est
929 5198 980 5250 in
1002 5199 1116 5251 sinu
1140 5197 1334 5266 Patris,
1361 5201 1469 5270 ipse
1491 5205 1740 5273 exposuit.
1766 5206 1945 5260 Primo

364 5287 519 5353 dixit,
548 5286 852 5356 unigenitus,
871 5294 925 5340 et
952 5297 1158 5354 postea,
1191 5286 1376 5343 Filius.
1402 5289 1537 5344 Cttm
1563 5292 1705 5346 enim
1729 5305 1947 5363 prOptcr

366 5379 598 5434 nominis
636 5377 1092 5439 communitatem,
1136 5379 1360 5448 gloriam
1405 5381 1521 5450 ejus
1563 5384 1800 5455 plerique
1842 5389 1944 5441 mi-

369 5481 555 5536 nuant,
585 5487 746 5526 untun
769 5471 906 5526 inter
927 5471 1124 5525 multos
1151 5472 1294 5525 illum
1316 5487 1436 5528 esse
1464 5477 1565 5530 rati
1591 5495 1606 5530 :
1636 5475 1727 5531 ﬁlii
1753 5479 1952 5548 quippe

435 5604 452 5676 ξ
487 5606 560 5676 sic
574 5602 712 5676 savii.
741 5611 792 5654 et
819 5602 1042 5668 plerique
1081 5605 1224 5656 Codd.
1273 5613 1321 5655 tn
1350 5607 1513 5658 Morel.
1555 5609 1699 5661 deest
1729 5612 1954 5676 verbum,

379 5664 761 5715 stibstwuiuliter.

1029 239 1082 295 S.
1120 237 1396 294 JOANNIS
1432 232 1903 292 CllliYSOSTOMI
1945 231 2259 288 ARCIIIEP.
2301 230 2835 290 CONSTANTINOP.

3490 237 3600 292 75'!

2012 365 2205 404 nomen
2247 350 2495 405 omnibus
2535 365 2821 405 commune
2863 361 2943 404 est
2975 369 2990 404 :
3021 349 3143 404 ideo
3183 351 3323 421 quod
3366 363 3447 406 est
3495 354 3600 421 ipsi

2009 442 2330 509 przecipumn
2352 450 2407 495 et
2433 442 2718 510 peculiare.
2737 441 2802 495 ad
2827 442 3134 511 nullumque
3155 442 3315 496 alium
3342 444 3598 512 pertinet,

2009 532 2317 600 praeposuit,
2365 547 2558 600 nempe
2605 534 2936 602 unigeuilus;
2987 542 3042 586 ut
3090 532 3214 586 hinc
3255 533 3466 597 eredas,
3515 533 3603 585 vel

2006 637 2290 678 commune
2338 623 2466 691 illud
2511 639 2617 677 non
2667 639 2792 678 vere
2829 639 3111 678 commune
3157 637 3309 690 esse,
3358 623 3453 677 sed
3502 625 3604 692 ipsi

2009 717 2287 785 proprium
2315 726 2369 770 et
2394 717 2685 786 peculiare,
2715 718 3020 788 nemiuique
3048 717 3274 772 aliorum
3299 726 3352 770 ut
3377 716 3449 770 illi
3479 729 3610 769 con-

2017 823 2221 864 ventre.

2077 923 2130 976 4.
2173 922 2346 990 thue
2369 922 2562 977 clarius
2605 923 2655 977 id
2695 922 2921 986 evadat,
2967 937 3080 978 rem
3112 921 3274 976 fusius
3301 921 3612 992 explicabo.

2015 1013 2220 1069 Nomen
2255 1015 2382 1070 illud
2405 1057 2421 1081 ,
2452 1014 2642 1080 Filius,
2677 1027 2726 1070 et
2758 1014 3062 1071 hominibus
3089 1025 3144 1069 et
3168 1015 3377 1070 Christo
3401 1029 3612 1069 convc-

2010 1106 2124 1172 nit;
2152 1106 2245 1160 sed
2271 1107 2422 1161 nobis
2444 1106 2609 1161 abusu
2637 1106 2888 1175 quodam,
2923 1107 2994 1160 illi
3030 1120 3156 1160 vero
3181 1107 3393 1176 proprie
3425 1123 3438 1156 :
3471 1105 3490 1158 i
3515 1105 3610 1158 lud

2010 1206 2211 1263 autem,
2241 1200 2552 1269 unigenitus,
2584 1200 2682 1268 ipsi
2713 1201 2984 1268 proprium
3006 1211 3107 1262 est,
3137 1201 3441 1269 nemiuique
3465 1201 3610 1253 alio-

2018 1305 2132 1342 rum
2162 1290 2245 1344 vel
2273 1291 2491 1346 abusive
2535 1291 2803 1345 tribuitur.
2848 1291 2917 1347 Ut
2947 1292 3105 1361 igitur
3147 1292 3215 1346 ab
3252 1294 3614 1362 appellatione

2013 1385 2208 1441 nemini
2230 1395 2567 1454 competente
2591 1397 2938 1454 pneterquam
2969 1385 3063 1454 ipsi
3091 1387 3212 1450 soli,
3236 1387 3398 1440 etiam
3422 1385 3612 1452 aliam,

1991 1494 2129 1548 quae
2159 1477 2338 1531 multis
2367 1479 2636 1542 tribuitur,
2665 1478 2762 1547 ipsi
2785 1480 3054 1547 propriam
3082 1494 3202 1532 esse
3228 1489 3458 1547 putares.
3491 1480 3618 1532 ideo

2013 1572 2155 1641 prius
2171 1571 2320 1636 dixit,
2341 1573 2643 1642 unigenitus,
2672 1583 2956 1641 posteaque
2976 1571 3158 1625 Filius.
3175 1572 3325 1639 Quod
3342 1573 3386 1627 si
3412 1589 3480 1627 ne
3499 1573 3619 1626 lucc

2009 1663 2220 1732 quidem
2239 1663 2331 1716 tibi
2353 1664 2482 1717 satis
2497 1662 2622 1729 sint,
2639 1664 2853 1716 tertium
2873 1663 3062 1717 addant
3080 1705 3093 1726 ,
3115 1663 3349 1732 illudque
3367 1680 3612 1718 crassum

2010 1766 2062 1811 et
2091 1755 2380 1810 humanum
2405 1797 2418 1818 ,
2449 1755 2541 1810 sed
2569 1755 2709 1825 quod
2740 1755 2907 1824 pOSsit
2938 1765 3112 1810 tamen
3166 1755 3310 1809 humi
3361 1765 3617 1824 repentes

2012 1848 2076 1902 ad
2107 1849 2290 1918 gloriae
2319 1848 2576 1918 unigeniti
2604 1849 2844 1903 notitiam
2870 1849 3142 1904 reducere.
3167 1849 3302 1916 Quid
3328 1850 3454 1903 illud
3487 1862 3570 1903 est
3595 1834 3621 1886 τ

2015 1939 2115 2005 Qui
2142 1952 2212 1995 est
2241 1941 2292 1994 in
2317 1941 2431 1994 sinu
2458 1937 2652 1994 Patris.
2680 1941 2931 1995 Crassum
2973 1941 3098 1995 illud
3123 1941 3345 1996 verbum
3376 1951 3481 2001 est,
3513 1941 3611 1994 sed

2012 2033 2152 2103 quod
2177 2034 2304 2087 satis
2321 2032 2466 2087 sitad
2488 2033 2766 2103 genuinam
2785 2033 3042 2086 rationem
3063 2033 3622 2088 commonstrandamo

2016 2126 2061 2178 si
2088 2124 2536 2193 quemadmodum
2570 2125 2677 2178 Deo
2702 2123 2889 2180 deceat
2917 2123 3255 2194 intelligatur.
3294 2125 3441 2179 Sicut
3470 2125 3618 2178 enim

2015 2232 2137 2270 cum
2183 2217 2430 2270 thronum
2477 2215 2629 2269 audis
2674 2223 2728 2270 et
2773 2215 2953 2270 sedem
2981 2229 3009 2267 a
3041 2214 3279 2278 dextris,
3327 2229 3432 2268 non
3480 2230 3614 2269 vere

2018 2309 2267 2363 thronum
2292 2307 2546 2375 opinaris,
2576 2323 2674 2362 nec
2701 2307 2897 2372 locum,
2923 2322 3019 2361 nec
3041 2307 3620 2378 circumscriptionem,

2019 2398 2112 2453 sed
2141 2413 2170 2451 a
2202 2398 2379 2452 throni
2411 2397 2769 2466 appellatione
2799 2406 2854 2452 et
2880 2413 2908 2449 a
2935 2397 3078 2451 sedis
3109 2397 3362 2452 societate
3394 2400 3620 2452 honoris

2019 2489 2376 2558 aequalitatem
2399 2489 2785 2557 paritatemque
2808 2487 3088 2557 intelligis;
3116 2488 3193 2542 sic
3214 2499 3268 2542 et
3293 2503 3412 2542 cum
3443 2490 3625 2543 sinum

2020 2583 2191 2646 audis,
2216 2596 2282 2636 ne
2307 2582 2480 2634 sinum
2506 2589 2656 2647 putes
2681 2595 2820 2645 esse,
2853 2595 3024 2648 neque
3047 2579 3223 2634 locum
3248 2596 3263 2644 ;
3293 2579 3386 2634 sed
3413 2595 3441 2632 a
3472 2580 3627 2635 sinus

2021 2689 2151 2727 voce
2214 2673 2658 2742 prepinquitatetn
2709 2679 2764 2724 et
2817 2669 3062 2724 fiduciam
3125 2670 3264 2738 apud
3318 2671 3623 2736 genitorem

2021 2765 2213 2834 cogita.
2247 2763 2376 2818 Nam
2404 2761 2543 2832 quod
2576 2761 2626 2816 in
2659 2763 2777 2816 sinu
2815 2773 3058 2816 versetur
3079 2802 3095 2828 ,
3128 2761 3179 2815 id
3223 2761 3422 2816 clarius
3467 2762 3631 2816 nobis

2023 2853 2163 2922 quod
2189 2853 2418 2922 genitori
2448 2853 2776 2922 propinquus
2805 2852 2874 2905 sit
2899 2851 3249 2917 demonstrat,
3280 2867 3440 2921 quam
3466 2852 3614 2921 quod

2023 2963 2050 2998 a
2077 2946 2278 3000 dextris
2317 2945 2517 3000 sedeat.
2548 2945 2727 3014 Neque
2753 2945 2894 2999 enim
2920 2944 3075 2998 Pater
3101 2945 3153 2998 in
3199 2945 3318 2998 sinu
3346 2958 3446 2998 suo
3492 2961 3620 2999 esse

2026 3039 2218 3093 Filium
2239 3046 2530 3107 pateretur,
2556 3038 2653 3091 nisi
2677 3037 2915 3107 ejusdem
2939 3037 3248 3091 substantia:
3268 3046 3429 3101 esset,
3455 3053 3635 3107 neque

2024 3129 2136 3198 ipse
2165 3126 2352 3194 Filius,
2383 3129 2426 3181 si
2457 3128 2730 3183 inferioris
2755 3135 2901 3182 esset
2921 3139 3144 3193 natura},
3177 3127 3229 3181 in
3261 3138 3484 3197 paterno
3506 3131 3631 3183 sinu

2024 3221 2225 3276 versari
2250 3222 2556 3276 sustineret.
2593 3221 2658 3275 Ut
2690 3219 2853 3274 Filius
2882 3235 3009 3289 ergo
3031 3229 3084 3274 et
3114 3220 3437 3289 unigenitus,
3464 3231 3631 3289 atque

2026 3314 2078 3367 in
2107 3313 2226 3368 sinu
2257 3321 2480 3382 paterno
2519 3327 2758 3377 versans,
2787 3313 2963 3366 omnia
2991 3328 3109 3381 qua:
3140 3311 3313 3366 Patris
3340 3321 3463 3365 sunt
3509 3328 3632 3380 per-

2026 3405 2164 3461 fecte
2208 3405 2372 3459 novit.
2419 3405 2758 3474 Quapropter
2805 3403 2889 3458 his
2939 3404 3271 3473 EvangeliSIa
3317 3405 3497 3459 verbis
3545 3414 3628 3458 est

2024 3512 2175 3562 usus,
2208 3504 2265 3549 ut
2288 3494 2409 3550 Filii
2440 3504 2737 3550 accuratam
2771 3509 2927 3562 quam
2972 3492 3038 3548 de
3066 3495 3220 3548 Patre
3247 3494 3405 3549 habet
3429 3495 3618 3563 c0gui-

2028 3586 2228 3640 tionem
2257 3584 2553 3640 declararet
2595 3603 2608 3639 :
2665 3601 2784 3638 nam
2825 3585 2892 3639 de
2936 3583 3237 3654 cognitione
3279 3600 3461 3638 sermo
3491 3596 3630 3639 erat.

2027 3677 2180 3743 Quod
2223 3677 2324 3732 nisi
2369 3677 2438 3730 ita
2469 3686 2650 3739 esset,
2679 3692 2775 3730 cur
2815 3678 2963 3730 sinus
2991 3676 3358 3730 memoratur?
3403 3676 3541 3731 Nam
3588 3678 3633 3731 si

2027 3770 2166 3826 Deus
2187 3785 2290 3824 non
2314 3771 2380 3823 sit
2404 3783 2618 3838 corpus,
2649 3777 2705 3820 ut
2725 3783 2848 3821 vere
2872 3783 2976 3821 non
3005 3775 3106 3832 est,
3131 3781 3302 3835 neque
3322 3768 3635 3836 gen'tinitas

2027 3872 2083 3917 et
2144 3861 2508 3931 pr0pinquiuts
2562 3858 2678 3914 Filii
2735 3874 2858 3928 erga
2915 3857 3205 3928 genitorem
3259 3859 3635 3934 significetur.

2022 3953 2226 4010 frustra
2267 3966 2330 4005 ac
2355 3951 2470 4004 sine
2493 3965 2653 4004 causa
2682 3948 2784 4004 hoc
2813 3949 3009 4003 dictum
3050 3947 3300 4016 injectum
3333 3949 3428 4001 fuit
3455 3990 3468 4011 ,
3501 3963 3632 4002 cum

2029 4043 2228 4098 nullius
2250 4043 2401 4096 nobis
2425 4043 2495 4096 sit
2518 4057 2665 4096 usus.
2690 4041 2881 4097 Verum
2906 4055 3012 4095 non
3039 4039 3232 4094 frustra
3250 4039 3502 4110 injectum
3527 4053 3635 4096 est:

2030 4135 2202 4200 absit;
2232 4150 2403 4204 neque
2423 4134 2562 4187 enim
2593 4141 2789 4189 temere
2811 4132 3040 4202 Spiritus
3069 4132 3331 4200 loquitur;
3364 4131 3459 4186 scd
3488 4148 3621 4200 pro-

2031 4225 2377 4296 pinquitatem
2421 4223 2539 4278 Filii
2579 4239 2702 4293 erga
2753 4227 2962 4278 Patrem
2991 4222 3273 4292 signiﬁcat.
3305 4222 3436 4276 Cutn
3485 4223 3636 4276 enim

2034 4331 2147 4369 rem
2197 4329 2441 4384 magnam
2487 4313 2802 4368 asseruisset
2852 4313 3218 4382 Evangelista,
3271 4311 3411 4381 quod
3460 4328 3638 4382 neque

2035 4422 2264 4476 superna
2292 4415 2537 4461 creatura
2565 4405 2736 4473 ipsum
2764 4403 2976 4469 videat,
3029 4404 3080 4458 id
3109 4413 3194 4457 est
3216 4445 3231 4468 ,
3279 4401 3510 4473 perfecte
3543 4419 3644 4457 co-

2035 4505 2256 4570 gi-oscat
2278 4539 2293 4559 ,
2323 4507 2381 4552 ut
2408 4497 2508 4551 ﬁde
2550 4496 2765 4566 dignum
2799 4496 2954 4566 hujus
2997 4495 3069 4549 rei
3102 4497 3118 4526 ¹
3149 4495 3420 4549 doctorem
3467 4495 3642 4550 addu-

2038 4599 2206 4655 ceret,
2240 4589 2353 4644 haec
2399 4587 2562 4644 verba
2596 4588 2850 4656 protulit,
2883 4597 2938 4640 ut
2969 4586 3066 4656 ψδί
3089 4627 3104 4652 ,
3141 4595 3392 4655 tauquam
3442 4585 3552 4639 ﬁlio
3583 4595 3640 4640 et

2039 4681 2315 4750 unigenito
2363 4681 2417 4734 in
2459 4681 2685 4750 sinuque
2734 4688 2954 4748 paterno
2984 4680 3214 4731 versanti
3239 4717 3254 4740 ,
3288 4679 3339 4730 in
3385 4677 3641 4730 omnibus

2042 4771 2200 4826 ﬁdem
2230 4771 2473 4836 haberes,
2504 4785 2677 4839 neque
2706 4769 2930 4823 ulterius
2957 4767 3252 4822 dubitares.
3283 4766 3336 4821 Si
3366 4766 3486 4836 quis
3508 4782 3642 4818 vero

2043 4881 2143 4920 nec
2171 4863 2503 4919 contentiose
2524 4876 2622 4916 nec
2651 4859 2986 4930 impudenter
3013 4873 3170 4928 agere
3191 4858 3351 4918 velit,
3406 4855 3639 4923 idipsum

2043 4956 2395 5010 aeternitatem
2457 4952 2807 5020 comprobare
2867 4949 3116 5003 dixerim.
3169 4945 3638 5016 Quemadmodum

2045 5047 2186 5102 enim
2216 5062 2279 5100 ex
2305 5045 2394 5100 illo
2421 5044 2488 5098 ad
2507 5043 2723 5114 Moysen
2747 5042 2910 5108 dicto,
2946 5041 3054 5112 Ego
3078 5057 3188 5094 sum
3207 5041 3295 5111 qui
3315 5056 3448 5103 sum,
3475 5048 3645 5093 teter-

2049 5138 2266 5191 nitatem
2295 5135 2613 5198 ediscimus;
2642 5134 2719 5188 sic
2742 5140 2797 5188 et
2821 5148 2888 5187 ex
2913 5131 3003 5186 illo
3027 5172 3042 5196 ,
3067 5129 3166 5196 Qui
3193 5141 3264 5184 est
3289 5131 3340 5183 in
3369 5131 3484 5182 sinu
3515 5127 3638 5181 Pa-

2050 5229 2139 5282 tris
2164 5228 2183 5300 (
2209 5226 2376 5281 Exod.
2407 5227 2461 5282 '5.
2497 5225 2626 5294 l4);
2674 5225 2843 5293 ipsum
2870 5223 2938 5276 ab
2963 5233 3162 5277 aeterno
3206 5223 3256 5276 in
3301 5222 3418 5274 sinu
3465 5219 3646 5274 Patris

2050 5334 2170 5374 esse
2193 5333 2415 5388 arguere
2439 5331 2740 5386 possumus.
2768 5313 2920 5382 Quod
2949 5313 3123 5383 itaque
3143 5323 3399 5366 creaturae
3419 5311 3647 5365 cuilibet

2051 5407 2347 5464 substantia
2398 5407 2492 5462 Dei
2541 5407 2612 5461 sit
2655 5402 3204 5474 incomprehensibilis
3250 5401 3332 5456 bis
3388 5401 3645 5456 omnibus

2053 5501 2477 5557 demonstratum
2521 5509 2622 5554 est.
2666 5498 2852 5554 Restat
2893 5507 2948 5552 ut
2993 5495 3342 5553 ostendamus
3369 5493 3644 5549 Filitmet

2119 5655 2133 5685 ί
2171 5652 2278 5715 Alii,
2299 5650 2444 5714 huius
2466 5650 2719 5714 dogmatis.
