3838 6220
104 247 200 303 731

100 361 406 418 ἀσθένειαν.
452 363 510 416 '0
544 360 727 432 μέντοι
785 361 1039 433 Ἰωάννης
1074 363 1136 417 οὑ
1178 364 1308 434 περὶ
1343 363 1453 417 τῶν
1478 363 1784 436 ἀνθρώπων

102 450 240 519 φησὶ
266 450 425 520 μόνον
439 450 543 516 ὅτι,
572 450 682 503 Τὸν
709 450 860 504 Θεὸν
882 449 1082 515 οὐδεὶς
1104 449 1324 519 ἑώρακε
1347 451 1611 506 πώποτε⁹
1629 451 1788 506 τοῦτο

103 539 216 610 γὰρ
239 537 401 608 δῆλον
427 533 496 610 ἦν
528 537 642 592 ἀπό
685 554 747 591 τε
775 534 884 591 τῶν
913 537 1224 608 εἰρημένων
1247 539 1484 604 τούτων,
1519 540 1618 611 τῆς
1650 557 1787 611 προ-

105 627 344 696 φητικῆς
379 627 594 697 ρήσεως
621 624 768 694 λέγω
798 625 1002 697 ταύτης
1025 627 1124 696 τῆς
1151 626 1434 698 λεγούσης,
1469 629 1618 699 Ἐγὼ
1649 627 1790 697 ἀρά-

105 729 239 779 σεις
271 711 610 778 ἐπλήθυνα,
638 714 733 766 καί
754 713 826 767 ἐν
854 713 1025 781 χερσὶ
1050 713 1202 786 [475]
1232 715 1554 785 προφητῶν
1573 717 1789 786 ὠμοιώ-

107 804 245 868 θην,
279 801 376 855 καὶ
407 801 514 854 ἀπὸ
547 802 648 874 τῆς
678 801 815 872 πρὸς
853 801 946 855 τὸν
976 803 1218 857 Μωῦσέα
1249 805 1548 876 γενομένης
1576 807 1790 876 ἀποφά-

110 907 271 952 σεως.
310 891 552 944 Ἐκείνου
583 891 692 962 γὰρ
733 889 1130 961 ἐπιθυμοῦντος
1156 893 1318 946 αὑτὸν
1353 894 1480 946 ἰδεῖν
1514 893 1791 966 ὀφθαλμο-

110 977 317 1045 φανῶς,
341 978 505 1050 φησὶν
528 981 556 1031 6
580 979 732 1043 Θεὸς,
759 977 967 1044 Οὐδεὶς
988 979 1196 1047 ὄψεται
1219 978 1285 1033 τὸ
1311 983 1638 1051 πρόσωπόν
1648 1002 1790 1054 μου,

109 1066 208 1119 καὶ
238 1064 499 1133 ζήσεται.
533 1067 695 1120 Ὥστε
732 1067 893 1122 τοῦτο
931 1068 1092 1138 δῆλον
1117 1065 1184 1140 ἦν
1224 1071 1356 1142 ἡμῖν
1383 1075 1476 1127 καὶ
1507 1072 1788 1145 ὡμολογη-

116 1154 302 1224 μένον.
347 1155 422 1208 Οὑ
474 1156 655 1208 τοίνυν
689 1156 818 1227 περὶ
849 1157 947 1226 τῆς
977 1158 1256 1229 ἡμετέρας
1287 1159 1501 1228 φύσεώς
1533 1180 1666 1234 φησι
1699 1165 1794 1234 μό-

113 1257 213 1311 νης
244 1242 426 1306 τοῦτο,
469 1242 606 1296 ἀλλά
659 1242 755 1297 καὶ
789 1244 918 1315 περὶ
953 1246 1063 1298 τῶν
1091 1247 1204 1300 ἄνω
1227 1247 1510 1318 δυνάμεων
1535 1250 1616 1313 τὸ,
1647 1251 1796 1305 Θεὸν

113 1329 317 1396 οὐδεὶς
343 1330 568 1398 ἑώρακε
599 1330 866 1384 πώποτε·
891 1332 978 1386 διὰ
1007 1333 1164 1387 τοῦτο
1189 1336 1280 1388 καὶ
1305 1336 1398 1390 τὸν
1424 1337 1682 1411 μονογενῆ
1715 1340 1794 1394 δι-

112 1417 384 1471 δάσκαλον
422 1419 633 1488 εἰσάγει
663 1419 758 1473 τοῦ
785 1421 1076 1491 δόγματος.
1103 1421 1220 1476 Ἵνα
1248 1423 1356 1496 γὰρ
1397 1427 1468 1496 μή
1509 1444 1595 1490 τις
1621 1427 1754 1500 λέγῃ
1778 1444 1792 1458 ο

115 1503 284 1558 πόθεν
330 1505 494 1560 τοῦτο
526 1507 717 1577 δῆλονς
752 1510 1032 1578 ἐπήγαγεν
1055 1528 1068 1541 ·
1108 1511 1172 1564 '0
1196 1512 1536 1582 μονογενὴς
1571 1515 1723 1582 Υἱὸς,
1765 1518 1798 1569 ό

112 1592 200 1645 ὢν
233 1596 322 1659 εὶς
342 1595 452 1647 τὸν
481 1598 716 1650 κόλπον
743 1597 849 1651 τοῦ
886 1597 1136 1667 Πατρός,
1171 1601 1356 1667 αὐτὸς
1387 1601 1730 1672 ἐξηγήσατο
1747 1617 1795 1670 ο,

114 1681 431 1748 ἀξιόπιστον
459 1686 695 1755 εἰσάγων
729 1686 821 1740 τοῦ
845 1687 1112 1759 δόγματος
1145 1690 1398 1761 μάρτυρα
1423 1693 1515 1744 καὶ
1541 1693 1798 1747 διδάσκα-

113 1769 225 1825 λον.
260 1770 455 1826 Καίτοι
482 1775 529 1826 εί
560 1775 651 1827 καὶ
679 1775 737 1828 τὸ
756 1777 1036 1841 Μωῦσέως
1070 1779 1198 1848 ἡμῖν
1224 1778 1612 1850 παραδηλῶσαι
1642 1781 1799 1834 ἐϐού-

113 1859 258 1925 λετο,
281 1862 536 1933 περιττὸν
557 1860 624 1934 ἦν
652 1865 846 1929 εἰπεῖν,
871 1865 952 1919 ὅτι
986 1867 1014 1918 6
1049 1867 1342 1938 μονογενὴς
1382 1868 1710 1938 ἐξηγήσατο-⁸
1737 1871 1797 1922 οὑ

111 1949 222 2020 γὰρ
256 1951 291 2002 ό
320 1951 658 2020 μονογενὴς
687 1953 870 2019 αὐτὸς
897 1952 1240 2023 ἐξηγήσατο
1281 1956 1330 2018 δ,
1373 1955 1509 2009 ἀλλά
1544 1957 1637 2010 καὶ
1673 1957 1799 2028 πρὶν

113 2042 146 2112 ἢ
179 2042 272 2094 τὸν
318 2043 574 2114 Ἰωάννην
609 2045 786 2100 ταῦτα
824 2048 998 2100 είπεῖν
1018 2089 1032 2110 ,
1067 2048 1142 2112 ὡς
1175 2049 1327 2120 παρά
1354 2048 1446 2102 τοῦ
1478 2052 1800 2121 μονογενοῦς

113 2131 418 2200 ἀκηκοότα,
454 2131 614 2203 δῆλον
645 2135 778 2203 ἡμῖν
809 2135 838 2188 6
872 2136 1160 2206 προφήτης
1212 2137 1509 2208 πεποίηκεν
1544 2139 1619 2202 ὡς
1666 2141 1802 2210 ἀκη-

115 2218 260 2282 κοὼς
299 2220 454 2292 παρὰ
479 2222 576 2274 τοῦ
605 2221 765 2276 Θεοῦ.
789 2215 930 2276 Ἀλλ’
948 2226 1137 2295 ἐπειδὴ
1167 2225 1328 2279 πλέον
1357 2226 1466 2278 τῶν
1501 2228 1623 2280 τότε
1653 2230 1803 2299 εἰρη-

117 2307 301 2378 μένων
329 2309 558 2377 ἔμελλεν
593 2311 724 2380 ἡμῖν
762 2311 1146 2370 ἐκκαλύπτειν,
1167 2313 1250 2366 ὅτι
1279 2312 1401 2366 οὔτε
1434 2315 1487 2367 αἱ
1513 2315 1625 2368 ἀνω
1653 2314 1805 2368 δυνά·

119 2411 244 2464 μεις
273 2395 441 2448 αὑτὸν
474 2396 664 2468 ὁρῶσι,
691 2396 780 2450 διὰ
806 2397 967 2452 τοῦτο
1001 2401 1211 2469 εἰσάγει
1241 2401 1330 2454 τὸν
1365 2403 1630 2472 μονογενῆ
1657 2402 1800 2456 διδά-

117 2483 339 2535 σκαλον.
371 2483 604 2554 Ὅρασιν
646 2484 703 2537 δὲ
753 2485 992 2540 ἐνταῦθα
1033 2487 1132 2558 τὴν
1170 2487 1370 2556 γνῶσιν
1415 2485 1556 2542 εἶναι
1591 2491 1799 2559 νόμιζε.

116 2567 194 2621 Ού
227 2569 343 2640 γάρ
373 2570 438 2640 δὴ
464 2571 625 2642 κόραι
659 2572 754 2625 καὶ
787 2572 1012 2644 ὄμματα
1047 2575 1141 2626 καὶ
1187 2574 1510 2646 βλεφαρίδες
1540 2578 1668 2647 περὶ
1705 2578 1803 2642 τὰς

116 2648 449 2727 ἀσωμάτους
481 2659 771 2730 δυνάμειςο
800 2661 914 2714 ἀλλ’
936 2662 1073 2732 ὅπερ
1116 2664 1201 2730 ἐφ’
1231 2663 1390 2733 ήμῶν
1419 2666 1566 2717 ἐστιν
1591 2665 1800 2734 ὅρασις,

115 2745 280 2798 τοῦτο
313 2747 400 2798 ἐπ’
437 2747 660 2800 ἐκείνων
688 2747 909 2818 γνῶσις.
941 2750 1102 2802 Ὥστε
1133 2751 1261 2802 ὅταν
1282 2751 1519 2823 ἀκούσῃς
1552 2753 1634 2805 ὅτι
1657 2753 1806 2807 Θεὸν

117 2833 323 2899 οὐδεὶς
348 2834 570 2902 ἑώρακε
594 2835 854 2900 πώποτε,
883 2839 1064 2890 ἐκεῖνο
1087 2837 1276 2906 νόμιζε
1312 2838 1552 2902 ἀκούειν,
1593 2841 1676 2892 ὅτι
1716 2842 1805 2893 τὸν

118 2921 253 2974 Θεὸν
292 2922 470 2984 οὐδεὶς
518 2923 662 2991 ἔγνω
712 2924 987 2988 ούσιωδῶς
1014 2937 1036 2964 ε
1084 2928 1222 2996 μετά
1256 2927 1538 2997 ἀκριϐείας
1565 2928 1801 3000 ἀπάσης.

119 3009 232 3062 Καὶ
257 3009 392 3080 ’περὶ⁵
425 3010 534 3063 τῶν
564 3012 818 3083 Σεραφὶμ
837 3013 894 3065 δὲ
917 3012 1044 3066 ὅταν
1082 3013 1324 3086 ἀκούσῃς
1344 3016 1428 3068 ὅτι
1458 3015 1806 3087 ἀπέστρεψαν

118 3100 248 3162 τοὺς
271 3097 614 3169 ὀφθαλμοὺς,
644 3101 736 3152 καὶ
765 3101 864 3170 τὴν
893 3099 1016 3169 ὸψιν
1053 3101 1343 3171 ἐτείχισαν,
1369 3103 1463 3156 καὶ
1503 3104 1574 3156 τά
1598 3105 1807 3176 Χερου-

121 3188 224 3259 ϐὶμ
250 3188 334 3256 δὲ,
351 3189 433 3242 ὅτι
453 3188 517 3242 τὸ
541 3189 674 3242 αὑτὸ
693 3190 855 3244 τοῦτο
883 3191 1047 3244 πάλιν
1068 3192 1353 3263 ἐποίησαν,
1372 3193 1446 3266 μὴ
1471 3195 1802 3267 ὀφθαλμοὺς,

127 3275 264 3347 μηδέ
295 3277 468 3346 κόρας
494 3273 634 3331 εἶναι
657 3277 845 3348 νόμιζε
873 3295 887 3308 ο
922 3279 1193 3350 σωμάτων
1221 3281 1329 3352 γὰρ
1354 3275 1508 3346 οὗτος
1535 3285 1564 3336 6
1592 3300 1808 3354 σχημα-

121 3363 318 3435 τισμός
339 3380 354 3395 ο
381 3364 518 3418 ἀλλὰ
557 3364 645 3418 διὰ
671 3365 877 3419 τούτων
908 3366 1007 3438 τὴν
1037 3367 1238 3436 γνῶσιν
1265 3370 1445 3422 αὑτῶν
1473 3371 1806 3424 αἰνίττεσθαι

123 3450 352 3503 πίστευε
383 3450 474 3503 τὸν
509 3453 816 3523 προφήτην.
857 3455 1028 3508 ’Ὀταν
1065 3451 1159 3508 οὖν
1191 3455 1324 3527 λέγῃ
1357 3458 1384 3508 ὁ
1419 3459 1705 3528 προφήτης
1726 3459 1807 3512 ὃτι

124 3537 633 3607 συγκαταϐαίνοντα
661 3541 754 3592 τὸν
773 3541 907 3593 Θεὸν
934 3542 1061 3595 ἰδεῖν
1083 3544 1185 3596 οὑκ
1217 3544 1478 3614 ἤνεγκαν,
1503 3545 1655 3598 οὐδὲν
1681 3546 1808 3600 ἀλλο

121 3625 298 3694 λέγει,
335 3626 451 3679 ἀλλ’
477 3627 511 3697 ἢ
545 3627 628 3680 ὃτι
668 3628 768 3699 τὴν
797 3629 998 3696 γνῶσιν
1049 3630 1214 3684 αὑτοῦ
1249 3634 1668 3704 τετρανωμένην
1713 3636 1808 3688 καὶ

121 3714 333 3786 ἀκριϐῆ
359 3714 460 3785 τῆς
493 3716 852 3787 καταλήψεως
879 3719 1121 3786 ἐνεγκεῖν
1144 3719 1206 3772 ού
1235 3719 1511 3784 δύνανται,
1541 3721 1660 3774 οὑδέ
1690 3723 1810 3776 τολ-

127 3801 308 3874 μῶσιν
342 3803 534 3866 ἀτενὲς
571 3803 696 3856 ίδεῖν
725 3805 862 3876 πρὸς
889 3805 988 3874 τὴν
1004 3807 1278 3877 ἀκραιφνῆ
1308 3807 1403 3861 καὶ
1440 3807 1698 3879 ἀκέραιον
1719 3811 1808 3862 οὑ-

127 3889 275 3950 σίαν,
325 3890 441 3942 ἀλλ’
471 3890 590 3943 οὐδὲ
640 3890 778 3962 πρὸς
812 3892 982 3963 αὐτὴν
1025 3891 1124 3964 τὴν
1174 3893 1600 3961 συγκατάϐασιν.
1634 3895 1707 3948 Τὸ
1751 3897 1808 3950 δὲ

124 3977 322 4040 ἀτενὲς
355 3977 483 4031 ίδεῖν
512 3977 574 4031 τὸ
606 3978 808 4045 γνῶναι
840 3979 975 4034 ἐστί.
1007 3977 1107 4034 Διὰ
1143 3979 1300 4034 τοῦτο
1340 3983 1432 4035 καὶ
1463 3984 1491 4035 6
1528 3983 1810 4051 εὐαγγελι-

126 4066 264 4136 στὴς
320 4065 474 4128 εἰδὼς
531 4065 607 4130 ὼς
652 4066 751 4120 οὑκ
795 4067 943 4120 ἐστιν
997 4068 1345 4140 ἀνθρωπίνης
1397 4069 1610 4138 φύσεως
1641 4072 1699 4123 τὸ
1741 4071 1809 4125 τὰ

123 4150 358 4205 τοιαῦτα
397 4153 618 4218 εἰδέναι,
652 4155 745 4208 καὶ
774 4155 855 4208 ὅτι
895 4155 1015 4208 οὑδέ
1050 4159 1170 4219 ταῖς
1203 4156 1314 4210 ἀνω
1347 4156 1612 4228 δυνάμεσι
1641 4159 1811 4212 κατά-

124 4239 340 4310 ληπτός
372 4242 522 4295 ἐστιν
547 4243 576 4295 ὁ
626 4243 788 4308 Θεὸς,
821 4243 983 4296 αὑτὸν
1009 4243 1097 4297 τὸν
1139 4244 1205 4297 ἐκ
1239 4242 1428 4308 δεξιῶν
1473 4245 1638 4298 αὑτοῦ
1681 4246 1811 4300 καθ-

124 4329 158 4399 ή
168 4345 336 4398 μενον
365 4329 458 4382 καὶ
488 4329 664 4384 ταῦτα
687 4330 929 4402 ἀκριϐῶς
957 4333 1315 4402 ἐπιστάμενον
1342 4332 1578 4404 παράγει
1602 4332 1694 4386 τοῦ
1727 4335 1812 4387 δός

124 4431 346 4485 γματος
379 4416 512 4486 ἡμῖν
537 4417 726 4471 τούτου
757 4418 1101 4474 διδάσκαλον
1129 4420 1222 4472 καὶ
1261 4419 1382 4472 ούδέ
1411 4420 1598 4486 ἁπλῶς
1633 4417 1809 4484 εἶπεν,

124 4505 154 4554 6
184 4503 317 4566 Υἱός
342 4519 356 4533 ·
394 4504 571 4558 καίτοι
609 4507 704 4559 καὶ
730 4507 779 4559 εί
812 4506 974 4560 τοῦτο
999 4508 1232 4578 εἰρήκει,
1273 4507 1456 4560 ἱκανὸν
1496 4502 1563 4578 ἦν
1595 4507 1812 4562 ἐπιστοο

130 4591 294 4660 μίσαι
327 4590 395 4644 τὰ
421 4591 530 4644 τῶν
563 4594 932 4664 ἀναισχύντων
950 4597 1212 4665 στόματα.
1241 4595 1451 4664 ’Ὠσπερ
1490 4594 1598 4666 γὰρ
1627 4596 1813 4650 πολλοὶ

127 4678 349 4747 χριστοὶ
387 4675 691 4749 λεγόμενοι,
721 4682 750 4732 6
778 4681 834 4734 δὲ
859 4679 1070 4752 ἀληθὴς
1113 4681 1347 4754 Χριστὸς
1373 4677 1473 4745 εἷς,
1498 4683 1593 4736 καὶ
1628 4682 1813 4738 πολλοὶ

129 4763 318 4835 κύριοι
341 4763 645 4836 λεγόμενοι,
676 4769 704 4820 6
726 4767 785 4820 δὲ
813 4767 1018 4840 Κύριος
1052 4763 1151 4830 εἷς,
1195 4767 1288 4821 καὶ
1311 4768 1496 4821 πολλοὶ¹
1521 4769 1631 4823 θεοὶ
1659 4769 1814 4838 λεγό-

133 4869 314 4927 μενοι,
348 4852 378 4904 6
402 4853 458 4905 δὲ
486 4853 618 4918 Θεὸς
658 4849 738 4919 εἷς
759 4873 772 4886 ·
790 4854 932 4908 οὕτω
971 4856 1062 4908 καὶ
1110 4855 1293 4909 πολλοὶ
1321 4856 1426 4910 υἱοὶ
1453 4855 1758 4927 λεγόμενοι,
1787 4859 1817 4911 6

128 4938 187 4990 δὲ
218 4925 351 5002 Υἱὸς
388 4932 486 5005 εἷς,
519 4941 611 4994 καὶ
644 4943 677 5013 ἡ
708 4943 803 4996 τοῦ
831 4943 1033 5015 ἄρθρου
1072 4943 1354 5014 προσθήκη
1392 4943 1550 5015 ἱκανὴ
1577 4925 1637 4997 τὸ
1671 4945 1816 5012 ἐξαί-

134 5041 295 5096 ρετον
317 5025 486 5093 δεῖξαι
517 5026 612 5082 τοῦ
657 5030 1015 5098 Μονογενοῦς.
1062 5031 1214 5084 Ἀλλ’
1237 5032 1386 5102 ὅμως
1424 5033 1524 5086 οὑκ
1568 5033 1813 5106 ἠρκέσθη

128 5112 335 5184 τούτῳ,
367 5114 484 5167 ἀλλ’
509 5116 714 5184 εἰπὼν,
753 5118 902 5172 Θεὸν
933 5117 1133 5184 οὐδεὶς
1167 5118 1386 5187 ἑώρακε
1425 5119 1690 5184 πώποτε,
1719 5122 1811 5173 ἐπ-

132 5201 369 5270 ήγαγεν,
417 5203 480 5256 '0
497 5205 838 5274 μονογενὴς
865 5207 996 5273 Υἱὸς
1027 5209 1058 5260 ό
1088 5204 1173 5260 ῶν
1195 5208 1280 5272 είς
1310 5207 1419 5260 τὸν
1451 5207 1684 5262 κόλπον
1708 5207 1818 5262 τοῦ

131 5288 392 5357 Πατρός,
407 5292 592 5358 αὐτὸς
615 5293 977 5362 ἐξηγήσατο.
995 5293 1266 5366 Πρότερον
1296 5290 1418 5348 εἷπε
1440 5295 1813 5366 Μονογενὴς,

130 5378 229 5430 καὶ
250 5380 374 5432 τότε
409 5381 542 5446 Υἱός
563 5399 577 5413 ο
604 5383 790 5455 ἐπειδὴ
827 5384 937 5456 γὰρ
976 5385 1163 5438 πολλοὶ
1196 5384 1283 5438 διά
1317 5385 1417 5456 τὴν
1448 5385 1590 5458 πρὸς
1613 5386 1676 5440 τὸ
1700 5386 1818 5439 δνο-

135 5481 214 5534 μα
264 5469 554 5522 κοινωνίαν
585 5470 979 5543 ὑποτέμνονται
1019 5473 1185 5527 αὑτοῦ
1237 5472 1335 5544 τὴν
1363 5473 1553 5542 δόξαν,
1580 5475 1676 5529 ἕνα
1707 5473 1815 5529 τῶν

163 5653 166 5656 ι
194 5632 219 5656 ⁸
242 5627 326 5677 Sic
351 5631 562 5694 mgxima
585 5645 700 5694 pars
739 5647 858 5684 mss.
903 5632 1077 5683 Morel.
1115 5646 1236 5682 vero
1271 5639 1527 5694 μονογενὴς
1564 5631 1706 5686 αὐτὸς
1743 5631 1817 5694 ἐξῆ

131 5695 372 5767 ητήσατο.
402 5691 526 5742 Infra
550 5691 616 5750 ὡς
649 5695 890 5756 ἀκηκοώς,
933 5697 1005 5744 sic
1038 5695 1190 5744 iidem
1222 5691 1336 5744 mils.
1364 5691 1534 5744 Morel.
1583 5700 1750 5745 antem
1788 5693 1818 5741 6

133 5757 557 5881 ὲιξκιῖἓένεῲα,
580 5815 635 5864 οὑ
656 5817 800 5881 γὰρ...
830 5818 1111 5881 ἐξηγήσατο,
1134 5818 1442 5881 [gslilAuingus
1467 5811 1702 5881 στενοῦ.
1729 5812 1816 5862 E0.

201 5879 230 5913 ⁸
253 5877 340 5928 Sic
363 5875 514 5929 Savil.
544 5875 845 5944 etpl’eﬁque
865 5875 1037 5944 0066.;
1061 5875 1112 5929 ιιι
1135 5878 1307 5930 Μοῐθι.
1331 5878 1575 5935 οὖσιωδῶς
1595 5875 1758 5927 deest.

1133 245 1223 301 DE
1261 241 1964 303 INCOMPREHENSIBILI
2006 243 2118 301 DEI
2156 243 2468 303 NATURA.
2508 246 2601 303 IV.

3457 245 3565 301 7'52

1895 361 2105 415 πολλῶν
2121 359 2258 417 εἴναι
2283 363 2603 435 νομίζοντες
2623 361 2812 417 αὐτόν⁹
2845 362 2908 417 τὸ
2931 363 3038 437 γάρ
3067 364 3180 428 υίὸς
3200 363 3356 418 τοῦτο
3384 363 3564 442 κοινόν

1893 451 2039 502 ἐστιν
2071 449 2242 521 ὄνομα
2270 450 2419 524 [476]
2448 455 2664 506 πάντων
2689 452 2856 523 ’ὅπερ
2886 453 3034 504 ἐστὶν
3071 451 3348 522 ἐξαίρετον
3395 449 3564 504 αὑτοῦ

1893 540 1990 592 καὶ
2021 539 2149 592 τδιον
2175 541 2270 593 καὶ
2302 541 2478 593 οὐδενὶ
2508 540 2614 594 τῶν
2645 540 2826 594 ἄλλων
2856 541 3057 612 προσὸν
3078 581 3093 605 ,
3119 539 3332 594 τέθεικε
3367 539 3567 612 πρότε-

1899 646 2010 701 ρον,
2038 629 2100 683 τὸ
2120 629 2488 700 Μονογενὴς,
2513 631 2600 684 ἴνα
2633 632 2745 686 ἀπὸ
2782 629 2974 684 τούτου
3004 629 3326 704 πιστεύσῃς,
3360 632 3444 684 ὅτι
3473 630 3569 683 καὶ

1894 719 1957 772 τὸ
2004 720 2180 773 κοινὸν
2222 720 2379 774 τοῦτο
2421 723 2521 776 οὐκ
2571 723 2687 775 ἐστι
2728 720 2928 783 κοινὸν,
2960 719 3077 774 ἀλλ’
3113 721 3243 776 ἴδιον
3278 720 3442 776 αὐτοῦ
3477 723 3571 774 καὶ

1897 807 2086 878 κύριόν
2135 810 2274 875 ἐστι,
2311 810 2406 865 καὶ
2447 812 2623 866 οὐδενὶ
2664 809 2773 864 τῶν
2819 808 2995 862 ἀλλων
3033 809 3207 876 οὑτως
3255 812 3331 876 ὡς
3374 809 3572 880 ἐκείνῳ

1897 897 2120 972 προσόν.

1965 986 2028 1038 δ’.
2061 986 2170 1038 Καὶ
2211 985 2298 1038 ἵνα
2346 986 2675 1058 σαφέστερον
2711 987 2739 1040 6
2778 989 2920 1059 λέγω
2953 991 3198 1060 γένηται,
3238 984 3573 1055 πλατύτερον

1898 1073 2028 1127 αὑτὸ
2053 1073 2214 1128 πάλιν
2243 1073 2372 1145 ἐρῶ.
2400 1076 2473 1128 Τὸ
2496 1076 2624 1142 υίὸς
2654 1076 2823 1148 ὄνομα
2843 1079 3097 1150 πρόσεστι
3125 1075 3220 1129 καὶ
3245 1072 3571 1146 ἀνθρώποις,

1900 1164 2160 1234 πρόσεστι
2203 1165 2298 1217 καὶ
2345 1162 2421 1234 τῷ
2469 1164 2712 1237 Χριστῷ,
2761 1166 2874 1219 ἀλλ’
2916 1168 3047 1237 ⁴ήμῖν
3094 1160 3572 1235 καταχρηστικῶς,

1901 1251 2094 1324 ἐκείνῳ
2120 1253 2176 1306 δὲ
2208 1252 2430 1325 κυρίως·
2448 1253 2510 1306 τὸ
2528 1253 2584 1306 δὲ
2607 1253 2952 1324 Μονογενὴς
2974 1251 3138 1307 αὑτοῦ
3164 1252 3322 1323 μόνον
3349 1250 3463 1303 ἐστὶ
3482 1249 3574 1301 καὶ

1901 1341 2077 1394 οὐδενὶ
2109 1340 2219 1394 τῶν
2257 1342 2432 1396 ἀλλων
2465 1341 2586 1395 οὑδὲ
2614 1341 3070 1414 καταχρηστικῶς
3113 1339 3422 1413 πρόσεστιν.
3457 1337 3578 1389 Ἵνα

1901 1424 1995 1482 06v
2029 1429 2137 1482 ἀπὸ
2165 1429 2266 1500 τῆς
2301 1429 2672 1501 προσηγορίας
2710 1429 2809 1500 τῆς
2835 1430 3011 1484 οὐδενὶ
3046 1429 3378 1501 προσούσης,
3405 1426 3517 1480 ἀλλ’
3540 1425 3574 1495 ἢ

1903 1517 2051 1588 αὐτῷ
2085 1519 2250 1589 μόνῳ,
2276 1519 2368 1572 καὶ
2401 1519 2499 1589 τὴν
2533 1519 2700 1590 ἀλλην
2735 1518 2834 1590 τὴν
2865 1521 2979 1582 τοῖς
3013 1518 3228 1580 πολλοῖς
3269 1514 3579 1588 προσοῦσαν

1903 1607 2068 1660 αὑτοῦ
2102 1610 2296 1678 κυρίαν
2342 1605 2479 1661 εἶναι
2519 1607 2778 1680 νομίσῃς,
2807 1608 2897 1661 διὰ
2929 1607 3092 1660 τοῦτο
3134 1605 3399 1677 πρότερον
3424 1599 3578 1655 εἶπεν

1904 1691 1933 1743 6
1961 1690 2329 1762 Μονογενὴς,
2361 1692 2455 1744 καὶ
2480 1691 2599 1744 τότε
2640 1693 2790 1758 Υἱός.
2828 1693 2892 1746 Et
2924 1692 2980 1744 δὲ
3009 1693 3110 1746 οὑκ
3137 1693 3298 1763 ἀρκεῖ
3336 1705 3418 1741 σοι
3456 1685 3577 1738 οὐδὲ

1904 1779 2108 1844 ταῦτα,
2143 1780 2311 1850 φησὶ,
2357 1781 2502 1849 λέγω
2536 1780 2629 1834 καὶ
2667 1781 2856 1853 ἕτερον
2902 1781 3114 1855 τρίτον,
3156 1779 3300 1850 παχὺ
3347 1778 3444 1849 μὲν
3483 1775 3579 1828 καὶ

1906 1867 2263 1940 ἀνθρώπινον,
2290 1869 2472 1922 ἱκανὸν
2493 1869 2550 1922 δέ
2582 1872 2676 1923 καὶ
2708 1872 2833 1934 τοὺς
2863 1872 3039 1942 χαμαὶ
3068 1873 3334 1941 ἕρποντας
3368 1869 3448 1930 εἰς
3479 1865 3579 1934 τὴν

1906 1956 2112 2010 ἔννοιαν
2134 1957 2233 2028 τῆς
2254 1956 2346 2008 τοῦ
2379 1957 2702 2025 μονογενοῦς
2728 1957 2884 2028 δόξης
2911 1959 3225 2028 ἀναγαγεῖν.
3251 1954 3316 2007 Τί
3340 1953 3396 2007 δὲ
3424 1951 3580 2005 τοῦτό

1907 2045 2088 2109 ἐστιν;
2123 2045 2185 2097 '0
2225 2041 2310 2096 ὢν
2336 2047 2423 2110 εἷς
2471 2044 2578 2097 τὸν
2630 2046 2864 2098 κόλπον
2899 2044 3006 2098 τοῦ
3041 2044 3290 2113 Πατρός.
3335 2041 3488 2110 Παχῦ
3521 2037 3582 2093 τὸ

1912 2133 2082 2205 ῥῆμα,
2119 2131 2236 2186 ἀλλ’
2269 2133 2450 2186 ἱκανὸν
2482 2133 2818 2198 ἐνδείξασθαι
2849 2132 2944 2203 τὴν
2973 2131 3326 2204 γνησιότητα,
3367 2130 3431 2184 ἂν
3467 2128 3584 2182 θεο-

1909 2219 2138 2292 πρεπῶς
2176 2219 2519 2290 ἐκλάϐωμεν.
2565 2221 2772 2291 Ὥσπερ
2821 2219 2929 2292 γὰρ
2979 2217 3193 2273 ἀκούων
3235 2218 3446 2288 θρόνον,
3490 2217 3584 2268 καὶ

1910 2311 2004 2380 τὴν
2041 2311 2105 2362 ἐκ
2128 2309 2315 2374 δεξιῶν
2349 2309 2633 2378 καθέδραν,
2671 2309 2730 2362 οὑ
2761 2308 2950 2379 θρόνον
2997 2305 3425 2376 ὑπολαμϐάνεις,
3461 2302 3583 2356 ούδέ

1909 2397 2070 2450 τόπον
2094 2397 2188 2450 καὶ
2217 2397 2584 2468 περιγραφὴν,
2603 2397 2717 2450 ἀλλ’
2749 2399 2812 2450 ἐκ
2841 2398 2938 2466 τῆς
2965 2396 3060 2450 τοῦ
3085 2394 3276 2467 θρόνου
3308 2410 3584 2464 προσηγο-

1913 2486 2054 2556 ρίας,
2087 2487 2182 2539 καὶ
2233 2487 2332 2556 τῆς
2365 2485 2506 2539 κατά
2550 2488 2648 2559 τὴν
2698 2486 2965 2557 καθέδραν
3014 2484 3332 2547 κοινωνίας,
3383 2483 3442 2536 τὸ
3489 2482 3585 2552 τῆς

1910 2576 2079 2646 τιμῆς
2131 2575 2550 2645 ἀπαράλλακτον
2599 2577 2692 2629 καὶ
2746 2576 2890 2629 ἴσον·
2921 2575 3064 2628 οὑτω
3117 2575 3212 2628 καὶ
3252 2573 3345 2626 τὸν
3387 2573 3586 2625 κόλπον

1911 2663 2148 2725 ἀκούων,
2186 2664 2260 2736 μὴ
2291 2663 2492 2716 κόλπον
2520 2659 2660 2717 εἶναι
2690 2661 2898 2732 νόμιζε,
2935 2663 3070 2732 μηδέ
3109 2662 3294 2726 τόπον,
3336 2661 3454 2714 ἀλλ’
3479 2660 3587 2714 ἀπὸ

1909 2753 2010 2822 τῆς
2040 2750 2134 2803 τοῦ
2170 2751 2374 2804 κόλπου
2400 2749 2771 2822 προσηγορίας
2794 2749 2892 2822 τὴν
2920 2749 3056 2818 πρὸς
3090 2748 3180 2802 τὸν
3222 2748 3590 2820 γεγεννηκότα

1912 2837 2188 2908 ἐγγύτητα
2230 2838 2324 2891 καὶ
2363 2837 2462 2910 τὴν
2511 2837 2826 2909 παρρησίαν
2867 2836 3208 2907 ἐκλάμϐανε·
3249 2836 3340 2889 τοῦ
3381 2836 3488 2906 γὰρ
3526 2839 3589 2888 ἐκ

1911 2925 2101 2992 δεξιῶν
2132 2923 2404 2996 καθῆσθαι
2439 2926 2500 2977 τὸ
2529 2924 2605 2994 τῷ
2647 2925 2832 2994 κόλπῳ
2867 2923 3234 2978 ἐνδιαιτᾶσθαι
3269 2924 3452 2994 πολλῷ
3494 2941 3589 2976 σα-

1914 3015 2174 3086 φέστερον
2201 3016 2334 3085 ἡμῖν
2354 3013 2450 3084 τὴν
2482 3014 2618 3084 πρὸς
2638 3012 2729 3066 τὸν
2749 3013 3118 3083 γεγεννηκότα
3144 3011 3420 3082 ἐγγύτητα
3442 3005 3591 3082 δηλοῖ

1914 3102 2008 3154 καὶ
2037 3101 2380 3172 παρίστησιν.
2416 3099 2554 3153 Οὔτε
2585 3099 2694 3171 γὰρ
2733 3100 2798 3154 ἂν
2831 3102 2859 3154 6
2902 3099 3092 3170 Πατὴρ
3116 3099 3376 3170 ἠνέσχετο
3422 3099 3479 3151 ἐν
3512 3098 3594 3168 τῷ

1913 3190 2098 3260 κόλπῳ
2136 3189 2226 3242 τὸν
2267 3188 2394 3243 Υἱὸν
2442 3187 2616 3258 ἔχειν,
2668 3189 2717 3241 εί
2763 3189 2838 3258 μὴ
2880 3188 2979 3258 τῆς
3019 3187 3208 3258 αὑτῆς·
3245 3186 3436 3249 οὐσίας
3475 3181 3546 3258 ἦν
3570 3227 3588 3249 ,

1912 3277 2022 3331 οὔτ’
2068 3278 2134 3331 ἂν
2179 3279 2385 3340 ἐκεῖνος
2439 3276 2734 3347 ὑπέμεινεν
2783 3275 3181 3348 ὑποδεεστέρας
3249 3274 3467 3345 φύσεως
3511 3275 3590 3327 ὢν

1917 3363 2279 3417 ἐνδιαιτᾶσθαι
2322 3360 2418 3434 τῷ
2443 3363 2631 3434 κόλπῳ
2658 3362 2738 3433 τῷ
2790 3361 3060 3433 πατρικῷ.
3115 3363 3204 3426 Ὠς
3247 3362 3374 3426 Υἱὸς
3411 3361 3592 3415 τοίνυν

1914 3453 2008 3505 καὶ
2040 3451 2348 3522 Μονογενὴς
2376 3453 2470 3504 καὶ
2496 3453 2552 3503 ἐν
2593 3450 2672 3520 τῷ
2700 3450 2888 3522 κόλπῳ
2907 3449 3197 3522 διατρίϐων
3227 3449 3305 3521 τῷ
3338 3451 3592 3523 πατρικῷ

1914 3539 2092 3593 πάντα
2120 3540 2190 3592 τὰ
2209 3538 2302 3591 τοῦ
2333 3539 2545 3609 Ιίατρὸς
2573 3538 2860 3592 ἐπίσταται
2890 3537 3134 3608 ἀκριϐῶς
3155 3555 3166 3568 ’
3191 3538 3277 3592 διὰ
3312 3539 3470 3593 τοῦτο
3497 3542 3594 3592 καί⁵

1912 3629 2117 3681 τούτων
2158 3627 2352 3699 ἐδεήθη
2382 3628 2490 3680 τῶν
2535 3627 2795 3698 ῥημάτων
2835 3629 2863 3679 6
2905 3627 3328 3699 εὐαγγελιστὴς,
3373 3629 3461 3682 ἵνα
3493 3629 3592 3699 τὴν

1914 3716 2116 3788 ἀκριϐῆ
2155 3715 2247 3768 τοῦ
2281 3714 2410 3766 Υίοῦ
2455 3715 2781 3786 παραστήσῃ
2820 3714 3022 3782 γνῶσιν
3064 3715 3161 3786 τὴν
3195 3716 3325 3787 περὶ
3357 3715 3451 3768 τοῦ
3483 3717 3592 3769 Πα-

1913 3806 2058 3876 τρός.
2090 3804 2224 3874 Περὶ
2250 3803 2356 3874 γὰρ
2397 3803 2650 3870 γνώσεως
2686 3799 2754 3874 ἦν
2786 3805 2814 3857 ὁ
2855 3803 3041 3871 λόγος’
3071 3805 3196 3856 ἐπεὶ
3230 3807 3280 3857 εἰ
3321 3807 3395 3877 μὴ
3434 3807 3593 3862 τοῦτό

1915 3895 2050 3957 ἐστι,
2082 3892 2225 3955 τίνος
2265 3891 2496 3944 ἕνεκενὸ
2529 3891 2728 3954 κόλπος
2767 3892 3176 3962 παρείληπται;
3211 3893 3273 3946 Εἰ
3299 3894 3406 3966 γὰρ
3451 3898 3591 3966 μήτε

1918 3980 2079 4051 σῶμά
2103 3981 2250 4032 ἐστιν
2279 3981 2307 4032 6
2333 3978 2484 4042 Θεὸς,
2515 3977 2706 4047 ὥσπερ
2727 3975 2819 4032 οὖν
2847 3978 2970 4031 οὐδὲ
2999 3979 3136 4042 ἐστι,
3173 3984 3309 4051 μήτε
3336 3981 3435 4052 τὴν
3460 3998 3596 4053 γνη-

1917 4069 2142 4137 σιότητα
2174 4067 2267 4120 καὶ⁸
2298 4066 2398 4138 τὴν
2444 4065 2720 4134 ἐγγύτητα
2763 4065 2864 4136 τὴν
2903 4066 3041 4137 πρὸς
3085 4066 3177 4120 τὸν
3218 4070 3592 4139 γεγεννηκότα

1909 4155 2082 4224 δηλοῖ,
2118 4153 2306 4217 ἁπλῶς
2344 4153 2438 4206 καὶ
2486 4152 2610 4223 εἰκῆ
2643 4152 2704 4205 τὸ
2748 4153 2896 4224 ῥῆμα
2943 4153 3372 4226 προσέρῥιπται,
3404 4157 3593 4228 χρείαν

1917 4243 2046 4313 ἡμῖν
2077 4241 2334 4312 οὐδεμίαν
2363 4239 2623 4312 πληροῦν.
2659 4240 2798 4292 Ἀλλ’
2829 4241 2928 4311 οὐχ
2957 4241 3144 4306 ἀπλῶς
3167 4244 3588 4315 προσέρριπται,

1920 4331 1994 4401 μὴ
2028 4329 2236 4397 γένοιτο
2259 4345 2273 4360 ·
2304 4327 2454 4381 οὐδὲν
2484 4327 2591 4398 γὰρ
2623 4328 2744 4399 εἰκῆ
2777 4327 2837 4381 τὸ
2863 4328 3085 4399 Πνεῦμα
3113 4330 3427 4399 φθέγγεται,
3455 4331 3602 4389 ἀλλὰ

1905 4418 2014 4489 ’τὴν
2056 4417 2332 4486 ἐγγύτητα
2370 4414 2463 4468 τοῦ
2502 4415 2634 4467 Υἱοῦ
2677 4414 2774 4485 τὴν
2822 4415 2958 4486 πρὸς
3014 4416 3106 4468 τὸν
3150 4417 3367 4488 Πατέρα
3419 4418 3597 4490 δηλοῖ..

1930 4505 2148 4575 Ἐπειδὴ
2179 4505 2286 4574 γὰρ
2312 4503 2454 4573 μέγα
2486 4503 2803 4573 ἀπεφήνατο
2839 4505 2867 4556 6
2910 4502 3321 4574 εὑαγγελιστὴς.
3353 4505 3435 4558 ὅτι
3467 4505 3595 4567 οὒτε

1919 4594 1953 4666 ἡ
1976 4595 2088 4648 ἄνω
2115 4592 2288 4655 κτίσις
2317 4590 2479 4645 αὑτὸν
2498 4592 2619 4661 ὁρᾷ,
2643 4589 2785 4643 τοῦτ’
2812 4589 2948 4656 ἔστι,
2973 4588 3231 4659 γινώσκει
3261 4591 3422 4645 αὑτὸν
3453 4595 3601 4665 μετά

1918 4681 2235 4753 ἀκριϐείας,
2278 4678 2596 4750 βουλόμενος
2645 4676 2956 4742 ἀξιόπιστον
2991 4677 3284 4748 ἐπιστῆσαι
3323 4679 3416 4733 τοῦ
3453 4681 3604 4752 πρά-ι

1919 4783 2130 4838 γματος
2158 4765 2478 4819 διδάσκαλον
2508 4764 2556 4828 ά,
2592 4763 2764 4817 ταῦτα
2808 4763 2877 4817 τὰ
2909 4765 3132 4835 ῥήματα
3183 4765 3458 4829 τέθεικεν,
3507 4769 3606 4825 ἵνα.

1921 4857 2016 4910 καὶ
2049 4855 2123 4919 ὼς
2156 4853 2269 4924 Υἱῷ
2303 4852 2396 4906 καὶ
2431 4853 2506 4915 ὼς
2534 4853 2829 4919 Μονογενεϊ
2860 4853 2954 4905 καὶ
2995 4852 3071 4916 ὼς
3104 4852 3486 4924 ἐνδιατρίϐοντι
3517 4854 3600 4924 τῷ

1922 4943 2106 5013 κόλπῳ
2132 4940 2211 5012 τῷ
2251 4939 2502 5011 πατρικῷ
2537 4940 2666 5010 περὶ
2695 4939 2914 4994 πάντων
2939 4941 3259 5015 πιστεύσῃς,
3296 4943 3390 4994 καὶ
3430 4943 3600 5014 μηδὲν

1921 5031 2236 5103 ἀμφιϐἀλῃς
2263 5029 2467 5083 λοιπόν.
2491 5029 2555 5082 Εἰ
2581 5027 2639 5080 δέ
2670 5044 2754 5090 τις
2785 5027 2859 5099 μὴ
2892 5028 3242 5098 φιλονεικοίη,
3283 5029 3415 5100 μηδὲ
3447 5032 3598 5087 ἀναι-

1924 5122 2168 5192 σχυντεῖν
2193 5117 2453 5188 βούλοιτο,
2477 5115 2570 5170 καὶ
2595 5115 2688 5168 τοῦ
2722 5115 2892 5169 ἀϊδίου
2911 5115 3068 5170 τοῦτό
3094 5134 3235 5187 φημι
3258 5113 3397 5170 εἶναι
3422 5134 3596 5188 παρα-

1925 5207 2197 5262 στατικὸν.
2229 5206 2440 5276 Ὥσπερ
2468 5203 2576 5276 γὰρ
2623 5201 2682 5268 ἐξ
2712 5203 2928 5274 ἐκείνης
2955 5203 3056 5274 τῆς
3091 5205 3300 5276 ρήσεως
3329 5207 3427 5274 τῆς
3459 5206 3600 5276 πρὸς

1923 5299 2014 5351 τὸν
2038 5294 2240 5349 Μωσέα
2263 5293 2568 5364 λεχθείσης,
2606 5291 2747 5362 Ἐγώ
2771 5295 2888 5362 είμι
2911 5294 2945 5346 ό
2972 5291 3077 5356 ὢν,
3106 5291 3165 5344 τὸ
3191 5291 3358 5345 ἀΐδιον
3391 5293 3603 5364 ἐκλαμς

1924 5383 2179 5455 ϐἀνομεν,
2215 5381 2387 5444 οὕτως
2421 5381 2511 5434 καὶ
2541 5381 2605 5434 ἐκ
2647 5379 2746 5450 τῆς
2782 5380 2994 5450 ρήσεως
3040 5379 3246 5446 ταύτης
3289 5379 3596 5450 λεγούσης,

1934 5473 1988 5526 Ὁ
2012 5471 2098 5526 ὢν
2120 5473 2190 5526 ἐν
2214 5471 2338 5536 τοῖς
2373 5471 2624 5534 κόλποις
2649 5467 2758 5521 τοῦ
2783 5465 3033 5535 Πατρός,
3066 5466 3124 5519 τὸ
3151 5466 3336 5530 ἀῖδίως
3365 5463 3504 5521 εἶναι
3538 5469 3598 5522 ἐν

1922 5565 2035 5626 τοῖς
2065 5559 2288 5623 κόλποις
2322 5558 2417 5612 τοῦ
2465 5555 2612 5629 [477]
2647 5555 2862 5626 Πατρὸς
2894 5553 3118 5608 δυνατὸν
3155 5553 3429 5610 ἐκλαϐεῖν.
3473 5557 3598 5611 ’Ὀτι

1928 5650 2025 5720 μὲν
2053 5643 2147 5702 οὖν
2176 5649 2246 5718 τῇ
2280 5646 2454 5700 κτίσει
2486 5643 2636 5713 πάσῃ
2669 5642 3050 5713 ἀκατᾱληπτος
3076 5643 3110 5712 ἠ
3132 5641 3287 5696 οὐσία
3315 5641 3408 5696 τοῦ
3434 5642 3595 5708 Θεοῦ,

1993 5801 2022 5842 (ι
2045 5803 2142 5852 Alii
2166 5797 2251 5848 106
2273 5800 2547 5860 πράγματος
2572 5794 2880 5860 διδάσκαλον,
2903 5793 2990 5846 alii
3011 5791 3096 5844 106
3116 5795 3348 5859 δόγματος
3366 5795 3597 5848 διδάσκαο

1929 5868 2031 5919 λον.
2060 5865 2167 5916 Mox
2195 5861 2280 5913 alii
2300 5862 2360 5910 τὰ
2381 5857 2568 5928 ῥήματα
2587 5857 2764 5916 ἰθηκεν.
