3854 6222
204 246 314 303 733

204 364 462 434 Spiritum
482 372 723 421 sanctum
739 364 1013 421 dumtaxat
1029 367 1173 421 illum
1191 369 1589 426 accuratissime
1608 385 1805 439 cogno-

212 456 592 511 scere.Verum
613 472 676 513 ea
695 473 752 513 re
770 458 835 512 ad
853 458 1011 512 aliam
1033 458 1446 528 disputationem
1463 462 1711 524 remissa,
1741 476 1807 515 ue

205 546 472 602 dictorum
501 549 653 618 copia
685 550 993 604 memoriam
1019 550 1444 617 eonfundamus,
1491 552 1558 607 ad
1596 552 1806 606 solitam

207 636 636 694 exhortationem
674 654 973 693 sermonem
1009 649 1400 696 convcrtamus.
1429 643 1681 710 Quaenam
1721 643 1807 696 illa

212 730 376 783 solita
426 729 770 785 exhortatio?
797 730 862 787 Ut
890 731 1105 787 assidue
1148 734 1375 788 orationi
1418 744 1601 791 mente
1630 735 1807 789 sobria

211 819 468 887 vigilique
510 820 691 875 animo
714 822 1119 883 incumbamus.
1166 824 1375 878 Etenim
1406 840 1577 895 nuper
1602 824 1702 879 hac
1743 825 1811 879 de

212 924 276 963 re
306 924 400 965 vos
424 910 744 981 alloquutus,
767 927 957 969 omnes
993 915 1098 968 vidi
1126 924 1368 986 prompto
1395 917 1573 971 animo
1606 932 1809 972 moretn

213 1014 428 1067 gerere.
461 1000 763 1058 Ahsurdum
806 1019 936 1059 sane
960 1016 1143 1072 esset,
1174 1008 1219 1060 si
1246 1022 1366 1060 cum
1413 1008 1688 1078 segniores
1718 1023 1813 1063 vos

218 1088 383 1143 video
410 1090 684 1161 objurgem
709 1131 728 1157 ,
757 1107 877 1147 cum
905 1108 1032 1148 vero
1058 1105 1204 1150 recte
1223 1097 1378 1166 agitis
1409 1112 1513 1152 non
1541 1096 1775 1151 laudem.

295 1179 496 1234 Laudat
541 1182 897 1238 Antiocheuos
933 1186 1068 1255 quod
1115 1187 1317 1241 monitis
1367 1189 1471 1242 suis
1539 1188 1801 1256 obsequuti

219 1273 347 1327 sint.
367 1303 439 1313 —
456 1274 699 1330 Laudare
729 1276 886 1345 igitur
913 1292 1006 1331 vos
1038 1277 1193 1333 hodie
1222 1279 1362 1345 volo,
1393 1279 1696 1350 gratiasque
1718 1296 1812 1333 vo-

220 1362 309 1417 bis
332 1364 473 1420 illius
491 1365 851 1437 obsequentia:
876 1367 1130 1423 reddere:
1159 1371 1357 1439 gratias
1398 1379 1575 1425 autem
1600 1371 1667 1424 ita
1690 1370 1814 1424 red-

221 1454 414 1509 demus
436 1495 452 1521 ,
483 1457 530 1511 si
554 1473 651 1511 vos
673 1457 1041 1524 docuerimus,
1068 1474 1172 1530 qua
1209 1460 1276 1515 de
1304 1475 1465 1516 causa
1493 1462 1606 1516 hare
1645 1463 1815 1516 oratio

220 1554 418 1600 caetera
464 1549 765 1618 praecedat,
806 1559 861 1605 et
903 1566 997 1605 cur
1023 1551 1380 1607 daemoniacos
1421 1554 1475 1619 ³,
1520 1567 1584 1607 ac
1632 1562 1813 1607 mente

222 1646 412 1706 captos
434 1648 559 1694 tunc
576 1639 837 1694 Diaeonus
860 1640 1034 1696 induci
1058 1652 1131 1706 ,et
1149 1644 1319 1713 capita
1345 1643 1815 1713 inclinarejubeat.

222 1727 339 1781 Cur
362 1744 489 1799 ergo
512 1734 590 1785 sic
613 1734 751 1801 agit?
777 1732 911 1787 Mala
937 1734 1215 1803 gravisque
1246 1745 1431 1790 catena
1478 1743 1560 1790 est
1603 1736 1818 1806 agitatio

223 1818 531 1875 daemonum
556 1840 571 1887 ;
599 1833 807 1889 catena,
838 1825 1050 1893 inquam
1071 1864 1088 1891 ,
1117 1826 1258 1880 ferro
1286 1826 1528 1881 validior.
1555 1827 1820 1895 Quemad-

233 1914 454 1967 modum
484 1914 642 1983 igitur
656 1915 835 1985 judice
860 1917 1156 1986 prodituro,
1187 1928 1243 1971 ut
1266 1918 1318 1971 in
1339 1919 1550 1974 excelso
1572 1918 1819 1974 tribunali

224 2005 435 2074 sedeat,
459 2008 689 2062 carceris
714 2009 963 2063 custodes
1001 2010 1247 2066 detentus
1271 2027 1456 2067 omnes
1480 2012 1699 2067 eductos
1720 2012 1819 2067 do-

224 2098 429 2153 micilio
467 2108 591 2154 ante
634 2100 899 2154 cancellos
940 2110 995 2156 et
1034 2102 1309 2156 tribunalis
1358 2104 1476 2157 vela
1517 2102 1817 2167 collocant,

228 2191 527 2259 squalidos,
547 2192 841 2258 sordentes,
870 2193 1039 2263 passis
1059 2193 1263 2262 capillis
1281 2236 1296 2260 ,
1323 2194 1504 2248 sciSsis
1524 2193 1711 2263 pannis
1736 2192 1823 2247 iu-

232 2281 430 2345 dutos;
461 2282 529 2335 ita
556 2281 740 2338 Patres
762 2284 1057 2338 faciendum
1086 2292 1419 2351 statuerunt,
1444 2283 1656 2354 quando
1684 2282 1825 2337 futu-

229 2387 353 2426 runt
378 2381 540 2428 estut
562 2373 803 2429 Christus
825 2390 921 2429 ceu
953 2376 1003 2429 in
1035 2376 1249 2429 excelso
1272 2376 1519 2430 tribunali
1541 2375 1744 2442 sedeat,
1768 2375 1822 2429 iit

228 2462 465 2532 ipsisque
495 2466 761 2533 mysteriis
800 2474 1091 2535 appareat,
1124 2476 1183 2520 ut
1224 2467 1427 2521 scilicet
1469 2466 1822 2533 daemoniaci,

228 2554 382 2621 quasi
411 2554 573 2608 vincti
605 2554 819 2624 quidam
846 2556 1182 2623 inducantur,
1213 2573 1317 2611 non
1348 2566 1403 2611 ut
1434 2573 1590 2627 ptena
1616 2558 1823 2629 supplic

234 2643 430 2714 eioque
474 2642 801 2711 afficiantur,
832 2646 927 2701 sed
956 2656 1011 2700 ut
1056 2648 1250 2717 p0pulo
1288 2649 1524 2718 urbeque
1550 2658 1657 2703 tota
1684 2651 1827 2705 intus

230 2743 497 2803 praesente
523 2749 833 2792 communes
861 2739 1271 2807 supplicationes
1301 2739 1489 2794 lii-rent
1514 2780 1531 2805 ,
1579 2741 1829 2795 ontnihtts

229 2827 416 2881 animo
451 2844 555 2884 uno
581 2844 919 2887 communem
944 2833 1223 2887 Dominum
1270 2834 1482 2888 illorum
1508 2836 1678 2905 gratia
1709 2852 1827 2905 pre—

230 2922 479 2977 cantibus
500 2963 516 2989 ,
545 2939 839 2995 magnaque
866 2940 993 2981 voce
1017 2926 1435 2982 misericordiam
1464 2928 1824 2997 poscentibus.

319 3013 373 3067 5.
424 3013 601 3069 Talem
629 3016 789 3083 igitur
813 3017 1107 3071 orationem
1131 3018 1438 3074 deserentes
1464 3019 1823 3089 increpabam,

234 3104 329 3174 qui
359 3103 449 3157 illo
473 3113 713 3176 tempore
742 3106 873 3163 foris
895 3109 1262 3163 versabantur.
1290 3108 1438 3164 Nune
1461 3124 1555 3165 eos
1573 3110 1660 3180 qui
1689 3110 1830 3164 intus

234 3207 458 3251 manent
488 3198 728 3255 incusare
756 3201 913 3266 volo;
943 3215 1051 3255 non
1080 3201 1223 3272 quod
1249 3211 1501 3257 maneant
1519 3244 1533 3267 ,
1561 3202 1654 3257 sed
1687 3203 1830 3273 quod

234 3286 385 3342 intus
415 3288 569 3356 positi
596 3288 765 3345 nihilo
788 3290 1000 3354 melius,
1029 3306 1189 3360 quant
1222 3291 1258 3345 ii
1282 3292 1368 3361 qui
1396 3292 1612 3358 absunt,
1646 3308 1707 3348 se
1731 3293 1830 3347 ha-

242 3377 407 3433 beant
430 3418 445 3443 ,
477 3378 605 3433 dum
652 3380 921 3435 horrendo
947 3381 1041 3436 illo
1081 3392 1320 3452 tempore
1347 3392 1534 3437 mutuo
1571 3382 1829 3437 confabu-

240 3470 440 3525 lantur.
473 3471 607 3538 Quid
637 3473 749 3542 agis
773 3513 789 3538 ,
837 3489 871 3527 ο
896 3473 1097 3527 homo?
1124 3472 1226 3528 Tot
1254 3489 1319 3527 ex
1353 3472 1575 3528 fratrum
1619 3484 1827 3527 tuorum

236 3579 467 3618 numero
501 3564 704 3618 vinetus
733 3579 895 3634 prope
924 3566 1098 3619 cernis
1122 3606 1139 3632 ,
1166 3576 1219 3619 et
1245 3574 1301 3619 tu
1329 3565 1397 3620 de
1423 3566 1581 3620 rebus
1606 3563 1737 3618 nihil
1764 3564 1831 3619 ad

239 3664 298 3709 te
328 3655 710 3725 pertinentibus
733 3656 1022 3712 fabularis?
1054 3658 1133 3711 An
1162 3658 1242 3712 vel
1267 3660 1377 3726 ipse
1400 3658 1546 3712 solus
1571 3659 1645 3712 rei
1673 3672 1832 3726 aspe-

240 3755 363 3802 ctus
393 3761 498 3800 non
526 3756 577 3801 te
607 3757 780 3816 potest
802 3746 1073 3802 deterrere
1100 3755 1154 3801 et
1174 3746 1241 3802 ad
1270 3746 1689 3801 misericordiam
1713 3761 1833 3815 per-

241 3837 490 3894 trahere?
519 3839 707 3894 Frater
737 3848 856 3893 tuus
881 3840 932 3893 in
956 3839 1199 3903 vinculis,
1229 3848 1280 3893 et
1306 3848 1360 3892 tu
1391 3838 1442 3892 in
1464 3839 1688 3908 segnitie
1715 3854 1836 3892 ver-

242 3932 383 3986 ειη-ιε
402 3934 425 3981 ‘!
454 3931 587 3998 Qua,
614 3946 815 4001 quaeso,
842 3931 992 3985 venia
1018 3932 1206 4002 dignus
1237 3932 1361 3996 eris,
1393 3932 1471 3985 sic
1495 3931 1830 3995 inhumanus,

243 4022 656 4087 immisericors,
688 4021 890 4077 durus?
917 4024 1107 4076 Annon
1131 4022 1284 4076 times
1316 4037 1381 4075 ne
1417 4031 1469 4075 te
1493 4019 1836 4075 confabulan-

244 4123 379 4177 tem,
404 4114 636 4182 segniter
656 4120 921 4183 agentem,
946 4113 1321 4183 negligentem,
1344 4112 1552 4166 dteinon
1573 4112 1833 4181 quispiam

243 4203 375 4258 inde
399 4205 667 4269 exsilieus,
687 4216 962 4259 vacantem
979 4205 1262 4274 scopisquc
1281 4205 1587 4259 mandatam
1604 4205 1834 4258 animam

245 4305 396 4351 tuam
427 4296 578 4351 facile
605 4297 855 4363 invadat,
888 4306 1120 4352 reserata
1165 4297 1328 4350 domo
1355 4297 1599 4367 reperta?
1643 4298 1834 4351 Annon

243 4396 519 4455 oporteret
537 4403 723 4444 omnes
744 4389 833 4443 illo
854 4398 1092 4459 tempore
1115 4390 1374 4459 lacrymas
1394 4388 1664 4443 effundere
1687 4429 1701 4448 .
1727 4404 1838 4442 ma-

247 4479 496 4535 dentibus
514 4493 633 4536 eSSc
652 4480 842 4548 oculis,
866 4478 1021 4534 fletus
1038 4481 1371 4550 gemitusque
1405 4495 1497 4549 per
1537 4479 1828 4533 Ecclesiatn

250 4572 461 4626 audiri?
485 4573 605 4627 Post
632 4572 1006 4644 mysteriorum
1026 4575 1474 4634 communionem,
1504 4582 1619 4641 post
1644 4571 1838 4626 lavacri

252 4665 481 4718 fructum
505 4703 522 4729 ,
552 4675 670 4734 post
696 4666 881 4719 initam
925 4679 1046 4719 cum
1073 4663 1286 4719 Christo
1310 4665 1615 4718 societatem
1639 4703 1656 4729 ,
1686 4664 1839 4734 lupus

250 4757 344 4810 ille
370 4758 538 4825 potuit
560 4772 624 4812 ex
664 4758 786 4812 ovili
811 4772 976 4829 agnos
1004 4771 1212 4826 rapere,
1243 4764 1301 4810 et
1318 4770 1483 4825 penes
1502 4770 1562 4810 se
1587 4754 1835 4819 retinere;

256 4858 314 4901 ttt
348 4863 472 4902 vero
500 4857 702 4904 tantam
729 4864 958 4904 cernens
980 4849 1334 4904 calamitatem
1368 4863 1472 4902 non
1498 4846 1840 4918 lacrymaris?

250 4942 374 5006 Quo
398 4950 550 5009 pacto
571 4940 685 4995 haec
710 4942 913 5010 possint
932 4940 1215 4995 excusari?
1236 4939 1348 4994 Non
1375 4940 1454 4992 vis
1474 4937 1651 4992 fratris
1670 4937 1840 4991 vicom

248 5032 481 5088 dolere?
513 5032 711 5087 Saltem
753 5048 849 5102 pro
888 5041 939 5087 te
964 5040 1143 5087 metue
1167 5040 1220 5086 et
1248 5029 1638 5100 expergiscere.
1677 5027 1732 5083 Si
1757 5026 1842 5081 vi-

250 5123 364 5178 cini
392 5124 465 5177 tui
495 5123 712 5177 domum
740 5124 1065 5194 conflagrare
1094 5122 1305 5176 videres
1328 5163 1344 5187 ,
1388 5120 1594 5175 etiamsi
1637 5119 1683 5173 is
1720 5134 1842 5173 ont-

251 5219 403 5273 nium
430 5217 521 5273 tibi
551 5218 944 5272 inimicissimus
981 5232 1122 5272 esset
1144 5259 1158 5281 ,
1185 5231 1362 5270 annon
1389 5228 1697 5269 accurreres
1720 5253 1735 5278 ,
1783 5221 1840 5264 ut

249 5311 559 5365 incendium
586 5311 942 5381 restingueres
1008 5310 1210 5364 veritus
1238 5322 1303 5362 ne
1332 5305 1631 5361 incendium
1665 5302 1844 5372 paula-

253 5405 355 5458 tim
386 5417 605 5471 serpens
632 5401 780 5458 fores
815 5411 933 5456 tuas
974 5399 1281 5455 invaderet?
1312 5398 1543 5467 ldipsum
1570 5397 1619 5449 iu
1647 5395 1843 5449 daemo-

250 5496 429 5552 niacis
457 5495 631 5564 cogita
652 5535 666 5555 ,
696 5509 817 5549 nam
844 5493 1145 5547 daemonum
1175 5490 1393 5560 agitatio
1421 5504 1517 5544 ceu
1545 5486 1843 5542 incendium

324 5612 343 5642 ¹
381 5616 448 5658 De
466 5609 815 5671 energumenis
833 5615 884 5658 et
899 5606 1214 5671 daemoniaeis
1229 5604 1564 5671 in__Ecclesiatn
1593 5602 1845 5671 mysterio-

252 5685 368 5720 rum
390 5664 892 5733 temporétinductisa
929 5670 1133 5733 ltiacono
1170 5666 1386 5727 pluribus
1408 5678 1626 5731 agemus,
1661 5665 1741 5713 ubi
1781 5664 1845 5711 de

254 5730 454 5796 litin-gis
477 5730 529 5784 et
550 5732 880 5785 celebratione
904 5732 1259 5786 mysteriorum.

1129 249 1935 324 DElNCOMPREllENSlBlLI
1979 258 2086 314 DEI
2127 258 2429 316 NATURA.
2473 260 2565 317 ιν.

3380 266 3493 319 γει

1911 374 2175 443 quoddam
2205 378 2486 432 exitiosum
2519 388 2619 433 est.
2648 378 2789 434 Cave
2832 394 2961 449 ergo
2990 394 3058 434 ne
3096 378 3310 433 daemon
3360 387 3496 435 ultra

1912 479 2227 536 progressus
2248 469 2478 522 animam
2507 470 2719 523 invadat
2744 480 2884 524 luam
2907 488 2920 523 :
2944 485 3004 524 ac
3030 486 3149 524 cum
3182 480 3497 540 pm'sentem

1910 555 2108 610 videris
2135 597 2149 622 ,
2177 558 2457 628 diligenter
2497 560 2562 613 ad
2609 560 2890 614 Dominum
2928 560 3235 630 confugias:
3281 569 3339 615 ιιι
3378 576 3497 614 cum

1912 645 2121 701 dtemon
2150 656 2202 703 te
2229 651 2407 703 aninto
2432 650 2655 705 ferventi
2685 654 3019 722 excitatoqtte
3044 651 3268 718 viderit,
3299 652 3499 712 nullum

1913 741 2013 795 sibi
2047 742 2187 811 apud
2220 752 2270 798 te
2302 743 2501 798 aditum
2530 760 2646 799 esse
2689 746 2965 815 intelligat.
3008 746 3060 801 Si
3097 747 3237 801 enim
3278 756 3329 801 te
3359 746 3501 800 osci—

1915 843 2115 889 tantem
2157 845 2210 890 et
2238 852 2456 907 segnem
2499 837 2727 901 viderit,
2771 847 2829 892 ut
2852 838 3122 893 desertum
3153 837 3502 893 diversorium

1916 924 2160 992 invadet;
2192 926 2273 982 sin
2299 927 2603 998 vigilan'em
2628 937 2682 983 et
2712 929 2991 992 intentum,
3018 928 3264 995 canisque
3293 926 3495 979 lueren-

1918 1025 2045 1083 tem,
2075 1033 2143 1072 ne
2168 1018 2360 1071 intueri
2382 1018 2595 1088 quidem
2620 1018 2852 1073 audebit.
2877 1017 3057 1087 Itaque
3083 1017 3127 1072 si
3158 1016 3371 1071 fratrem
3401 1030 3504 1067 non

1915 1124 2110 1174 cunis,
2157 1096 2345 1165 saltem
2400 1111 2490 1164 tibi
2513 1110 2729 1164 consule
2761 1151 2776 1175 ,
2821 1110 3121 1178 animaeque
3165 1118 3268 1161 tuae
3306 1107 3505 1160 aditum

1917 1200 2148 1269 maligno
2167 1200 2398 1255 daemoni
2424 1201 2664 1256 occlude.
2688 1200 2827 1255 Nihil
2850 1209 3025 1255 autem
3053 1198 3273 1269 perinde
3302 1198 3398 1267 ipsi
3428 1198 3508 1251 in-

1917 1305 2158 1359 gressum
2186 1291 2252 1345 ad
2287 1306 2385 1347 nos
2413 1292 2698 1347 occludere
2726 1291 2884 1358 solet,
2916 1298 3075 1359 atque
3100 1290 3272 1345 oratio
3293 1298 3346 1344 et
3374 1304 3500 1356 sup-

1920 1381 2130 1450 plicatio
2148 1381 2381 1435 assidua.
2413 1380 2547 1435 Nam
2570 1381 2712 1451 quod
2741 1381 3003 1435 Diaeonus
3027 1379 3274 1434 omnibus
3318 1377 3511 1447 praeci-

1919 1472 2028 1540 piat
2052 1471 2134 1525 his
2158 1472 2368 1527 verbis:
2400 1471 2569 1526 Erecti
2594 1481 2778 1526 stemus
2803 1471 2952 1542 probe
2977 1471 2997 1541 (
3018 1468 3262 1540 Liturgiw
3293 1468 3439 1523 verba
3461 1464 3505 1537 ),

1920 1577 2024 1615 non
2055 1560 2250 1615 frustra
2283 1569 2586 1632 temereque
2616 1571 2869 1615 statutum
2897 1568 3013 1627 est;
3037 1558 3132 1614 sed
3159 1567 3219 1613 ut
3246 1556 3392 1611 humi
3421 1570 3511 1609 re-

1921 1661 2105 1723 pentes
2131 1653 2479 1722 cogitationes
2500 1652 2786 1722 erigamus,
2811 1659 2971 1721 utque
2995 1650 3273 1720 segnitiem
3302 1646 3513 1700 szecula.

1929 1744 2077 1800 ribus
2102 1744 2244 1798 euris
2275 1752 2476 1813 partam
2498 1743 2772 1813 ejicicntes
2791 1784 2805 1807 ,
2839 1750 3039 1797 rectam
3064 1755 3242 1795 coram
3269 1739 3377 1792 Deo
3402 1736 3515 1790 ani-

1922 1851 2063 1890 ntatn
2111 1845 2345 1888 nostram
2394 1843 2629 1889 statuere
2674 1834 2960 1902 possimus.
3000 1831 3152 1898 Quod
3190 1838 3368 1884 autem
3415 1827 3516 1883 hoc

1922 1942 2105 1980 verum
2138 1927 2225 1988 sit,
2254 1924 2499 1995 quodque
2524 1941 2631 1978 non
2656 1937 2851 1993 corpus
2878 1924 2993 1977 haec
3016 1921 3174 1976 verba
3204 1919 3515 1990 respiciant,

1924 2017 2016 2072 sed
2039 2018 2269 2070 animam
2291 2032 2449 2086 quam
2470 2015 2959 2086 erigerejubemur,
2980 2013 3257 2068 audiamus
3274 2010 3515 2074 Paulum,

1929 2111 2116 2164 eodem
2159 2109 2318 2163 modo
2360 2110 2446 2161 illa
2478 2108 2727 2177 loquendi
2756 2106 2978 2161 formula
3011 2121 3186 2159 nsum.
3214 2104 3348 2159 Cum
3375 2102 3516 2156 enim

1928 2201 2094 2271 lapsis
2134 2211 2184 2256 et
2229 2216 2584 2255 mrumnarum
2627 2200 2765 2254 mole
2790 2212 2926 2268 pene
2955 2194 3360 2265 desperantibus
3389 2192 3517 2246 scri-

1926 2292 2077 2347 beret
2097 2333 2112 2357 ,
2143 2291 2353 2346 dicebat
2386 2308 2398 2343 :
2430 2290 2639 2345 Solutus
2678 2305 2856 2341 manus
2885 2297 2930 2341 et
2950 2286 3115 2341 soluta
3136 2301 3298 2355 genua
3344 2283 3519 2353 erigite

1928 2382 2218 2452 (Heb.12.
2251 2382 2380 2449 12).
2423 2385 2503 2435 An
2547 2380 2838 2435 dixerimus
2882 2378 3029 2432 illum
3072 2376 3138 2431 de
3179 2373 3421 2429 manibus
3467 2382 3520 2428 ct

1926 2475 2150 2546 genibus
2174 2474 2447 2543 corporeis
2471 2472 2647 2543 loqui?
2674 2471 2889 2525 Minime
2930 2488 2943 2523 :
2973 2468 3146 2538 neque
3175 2467 3315 2521 enim
3344 2464 3519 2519 homi-

1930 2581 2026 2621 nes
2054 2565 2237 2619 cursui
2284 2575 2338 2618 et
2388 2562 2766 2618 certaminibus
2793 2560 3001 2615 deditos
3044 2559 3369 2627 alloquitur,
3424 2557 3518 2609 sed

1928 2657 2072 2711 vires
2096 2655 2474 2724 cogi.ationuiu
2506 2669 2535 2707 a
2562 2651 2941 2707 tentatiouibus
2966 2656 3260 2720 prostratas
3287 2647 3369 2701 his
3397 2662 3518 2699 vcr-

1929 2746 2011 2800 bis
2032 2746 2266 2803 excitare
2293 2744 2443 2814 jubet
2489 2743 2672 2813 Cogita
2708 2742 2794 2796 ctti
2823 2741 3064 2810 proxime
3087 2738 3283 2803 adstes,
3315 2751 3376 2791 ac
3405 2738 3519 2806 qui-

1930 2839 2151 2894 buscum
2185 2838 2350 2892 Deum
2376 2837 2714 2890 invocatums
2733 2834 2824 2896 sis,
2850 2832 3049 2886 scilicet
3072 2845 3191 2885 cum
3213 2828 3519 2884 Cherubiin.

1930 2928 2310 2983 Animadverte
2339 2943 2472 2997 quos
2515 2928 2711 2980 habeas
2754 2924 2927 2978 socios
2946 2963 2960 2986 ,
2990 2922 3148 2991 idque
3179 2920 3270 2976 tibi
3293 2920 3358 2974 ad
3388 2920 3520 2989 vigi-

1932 3022 2146 3076 lantiam
2193 3021 2324 3075 satis
2349 3020 2487 3087 erit,
2519 3033 2640 3073 cum
2670 3028 2845 3073 tecum
2892 3014 3217 3085 reputaveris
3262 3021 3315 3069 te
3358 3006 3521 3067 carne

1930 3115 2172 3170 indutum
2189 3122 2243 3167 et
2261 3128 2484 3183 corpore
2500 3127 2620 3166 cum
2644 3111 2971 3179 incorporeis
2990 3108 3272 3164 virtutibus
3290 3107 3355 3161 ad
3373 3120 3520 3160 tom-

1937 3220 2152 3260 munem
2176 3204 2454 3259 Dominum
2470 3200 2845 3258 celebrandum
2866 3198 3092 3255 adscribi
3110 3197 3334 3268 dignari.
3352 3194 3527 3251 Nemo

1933 3296 2095 3366 igitur
2129 3295 2308 3349 animo
2344 3293 2582 3349 resoluto
2610 3306 2791 3347 sacras
2815 3290 2933 3346 illas
2962 3298 3015 3345 et
3044 3287 3295 3359 mysticas
3338 3285 3523 3340 laudes

1934 3386 2127 3452 adeat;
2155 3401 2317 3440 nemo
2354 3384 2640 3438 saeculares
2668 3393 2793 3437 tunc
2820 3380 3074 3450 temporis
3097 3377 3443 3447 cogitationes
3468 3377 3521 3430 in

1934 3485 2113 3531 mente
2136 3484 2351 3531 verset:
2383 3474 2477 3529 sed
2511 3474 2740 3529 terrenis
2768 3471 3016 3527 omnibus
3044 3470 3299 3539 expulsis,
3336 3468 3388 3523 in
3415 3483 3524 3524 e1:-

1934 3569 2043 3623 lum
2071 3582 2130 3621 se
2155 3575 2321 3622 totum
2354 3564 2654 3629 transferat,
2685 3579 2749 3619 ac
2771 3562 2920 3634 quasi
2947 3560 3014 3617 ad
3043 3561 3292 3615 thronum
3334 3559 3521 3629 glori-.3

1934 3657 2182 3711 admotus
2203 3696 2216 3722 ,
2248 3670 2368 3711 cum
2399 3654 2679 3724 Serapbim
2727 3654 2932 3706 volaret
2955 3692 2971 3717 ,
3013 3650 3091 3704 sic
3128 3648 3522 3703 sanctissimum

1936 3749 2193 3819 hymnum
2251 3745 2533 3816 magnifico
2589 3742 3081 3815 gloriosissimoque
3128 3740 3238 3794 Deo
3295 3738 3522 3792 emittat.

1938 3847 2060 3901 Ideo
2088 3854 2211 3901 tunc
2241 3845 2494 3914 temporis
2518 3842 2682 3912 probe
2705 3851 2847 3897 stare
2870 3840 3137 3911 jubemur.
3162 3839 3336 3893 Probe
3377 3849 3527 3888 nam—

1938 3952 2044 4006 que
2074 3946 2216 3991 stare
2247 3935 2376 3988 nihil
2424 3934 2565 3986 aliud
2611 3940 2696 3987 est
2718 3975 2732 3999 ,
2765 3948 2923 4002 quam
2952 3932 3022 3985 ita
3050 3937 3192 3984 stare
3214 3968 3231 3994 ,
3274 3936 3332 3980 ut
3369 3924 3524 3979 decet

1938 4028 2208 4082 hominem
2235 4026 2446 4080 adstare
2495 4026 2635 4079 Deo:
2679 4037 2873 4092 nempe
2903 4036 3024 4076 cum
3076 4020 3298 4073 horrore
3334 4025 3388 4070 et
3415 4026 3523 4068 tre-

1940 4134 2110 4184 more,
2141 4133 2259 4172 cum
2281 4117 2459 4170 animo
2488 4116 2628 4186 vigili
2656 4123 2710 4169 et
2734 4114 2993 4184 diligenti.
3022 4112 3153 4167 Nam
3185 4112 3284 4164 hoc
3312 4123 3523 4178 quoque

1939 4210 2137 4263 dictum
2168 4208 2234 4262 ad
2258 4208 2489 4262 animam
2534 4207 2801 4277 pertinere
2838 4205 3034 4259 Paulus
3065 4216 3273 4256 rursum
3313 4197 3518 4269 signifi-

1938 4301 2075 4353 cavit
2101 4299 2182 4352 his
2206 4298 2401 4360 verbis,
2425 4297 2514 4351 Sic
2530 4306 2658 4351 state
2681 4296 2733 4349 in
2752 4290 3523 4362 Dontino,curissimi(Philipp.

1940 4393 1995 4446 4.
2026 4392 2112 4460 l).
2153 4388 2609 4458 Quemadmodum
2638 4388 2779 4442 enim
2816 4385 3120 4457 sagittarius
3163 4386 3206 4437 si
3236 4392 3381 4438 recte
3423 4383 3523 4434 tela

1941 4481 2163 4537 fundere
2194 4481 2339 4547 velit,
2374 4481 2543 4551 primo
2571 4479 2791 4551 gradum
2818 4478 3206 4545 stationentque
3241 4468 3529 4542 componat

1941 4581 2186 4645 oportet:
2212 4572 2405 4627 deinde
2433 4587 2463 4625 e
2492 4572 2706 4642 regione
2730 4569 2875 4638 scOpi
2895 4567 3175 4636 diligenter
3188 4566 3395 4639 positus
3426 4563 3526 4617 tela

1938 4665 2119 4732 jacere
2163 4663 2383 4727 nititur;
2412 4663 2490 4717 sic
2518 4672 2571 4715 et
2613 4671 2666 4715 tu
2692 4661 2940 4715 infestum
2971 4657 3164 4712 diaboli
3209 4663 3367 4735 caput
3412 4653 3534 4708 telis

1945 4757 2283 4826 impctiturus
2307 4795 2323 4820 ,
2369 4754 2748 4823 cogitationum
2798 4759 2993 4804 statum
3037 4749 3211 4818 primo
3249 4761 3442 4812 cures,
3475 4753 3536 4800 ιιι

1944 4861 2149 4904 rectum
2177 4848 2294 4901 sine
2318 4846 2471 4900 obice
2494 4843 2720 4915 gradum
2758 4852 2999 4897 statuens
3022 4881 3038 4906 ,
3069 4839 3233 4909 probe
3259 4845 3442 4893 contra
3471 4835 3535 4891 il-

1944 4942 2054 4996 lum
2083 4940 2182 4996 tela
2211 4940 2440 4995 emittas.

2018 5057 2071 5111 6.
2102 5054 2483 5123 Marsupiorum
2509 5058 2724 5105 sectores
2758 5048 2811 5101 in
2840 5044 3244 5101 couciane.—Et
3267 5043 3383 5098 ltzec
3415 5042 3528 5112 qui-

1948 5151 2071 5206 dem
2107 5149 2177 5203 de
2201 5147 2464 5201 oratione.
2513 5142 2645 5208 Quia
2689 5156 2819 5195 vero
2872 5149 3063 5209 prmter
3109 5135 3387 5206 segnitiem
3428 5135 3445 5165 ¹
3477 5133 3531 5187 in

1951 5243 2154 5298 orando
2181 5239 2324 5295 aliud
2349 5236 2617 5308 quidpiam
2645 5232 2933 5288 admodum
2962 5229 3316 5299 perniciosum
3346 5222 3530 5278 diabo-

1952 5338 2031 5389 lus
2060 5332 2404 5402 excogitavit,
2434 5328 2521 5382 hic
2547 5340 2759 5396 quoque
2794 5323 2969 5377 aditus
2996 5320 3093 5391 ipsi
3128 5313 3528 5385 prmcludeudus

1951 5438 2051 5483 est.
2083 5426 2219 5494 Quid
2245 5438 2373 5491 ergo
2399 5421 2522 5476 mali
2551 5419 2885 5474 machinatus
2909 5425 2989 5468 est
3008 5411 3278 5481 improbus
3308 5408 3398 5461 ille
3422 5406 3530 5459 dse-

1951 5520 2119 5576 tnon?
2152 5518 2255 5571 Vos
2283 5530 2506 5570 cernens
2529 5523 2793 5581 tamquam
2817 5524 2923 5562 uno
2948 5518 3174 5573 corpore
3201 5509 3530 5570 compactos,

2021 5697 2034 5726 ³
2072 5700 2173 5743 Duo
2213 5691 2412 5748 habent,
2455 5694 2630 5752 pra’tcr
2670 5694 2865 5735 sacrum
2902 5676 3151 5750 gaudium.
