3854 6222
377 353 646 421 multoque
671 349 846 404 studio
865 349 1020 404 dictis
1044 349 1396 416 attendentes,
1431 366 1534 404 non
1561 365 1720 406 ausus
1739 351 1950 420 quidem

378 451 459 496 est
488 457 553 496 ex
581 441 838 494 ministris
864 442 974 494 suis
1001 439 1204 510 aliquos
1231 441 1460 503 mittere,
1496 441 1587 510 qui
1610 456 1702 495 vos
1731 442 1954 496 consilio

380 531 693 600 hnrtatuque
721 545 818 585 suo
843 545 870 582 a
902 531 1242 585 concionibus
1269 530 1609 598 abducerent,
1637 547 1834 602 gnarus
1860 548 1950 586 ve-

379 637 544 676 strtttn
575 623 839 676 neminem
869 623 969 676 tale
992 623 1268 676 consilium
1290 623 1645 676 admissurum
1676 639 1794 677 esse
1819 641 1832 677 :
1863 623 1955 677 sed

378 712 633 782 quosdam
651 713 972 766 latrunculos
984 721 1035 765 et
1051 713 1436 783 marsupiorum
1458 724 1691 768 sectores
1718 715 1954 767 multitu-

379 805 488 857 dini
525 803 840 865 immiscuit,
872 805 1178 873 curavitque
1196 813 1252 857 ut
1282 805 1458 858 multis
1489 807 1575 859 hic
1596 808 1955 876 congregatis,

378 909 588 959 aurum,
617 894 756 961 quod
791 894 1007 964 ligatum
1040 895 1362 960 servabant,
1395 894 1787 965 subriperetur,
1817 897 1954 966 quod

378 1002 522 1054 smpe
545 986 827 1054 multisque
856 985 1095 1054 comigit.
1122 985 1197 1040 Ne
1226 987 1379 1054 igitur
1405 987 1472 1039 ita
1504 1002 1714 1056 semper
1746 988 1956 1041 contin-

381 1086 489 1146 gat,
527 1092 658 1130 neve
695 1077 1036 1144 pecuniarum
1072 1078 1278 1146 jactura
1317 1079 1562 1133 audiendi
1605 1079 1832 1132 studium
1861 1096 1956 1133 ex-

383 1169 634 1237 stinguat,
665 1169 844 1222 multis
874 1169 922 1222 in
965 1168 1070 1223 tale
1099 1168 1348 1222 damnum
1376 1169 1748 1235 incidentibus,
1777 1169 1961 1224 hortor

383 1273 479 1311 vos
499 1268 787 1328 auctorque
814 1272 932 1313 Sum
962 1259 1109 1313 vobis
1140 1259 1407 1320 omnibus,
1436 1275 1502 1314 ne
1531 1276 1717 1315 aurum
1751 1261 1850 1314 huc
1875 1261 1956 1314 af-

387 1347 566 1402 feratis
589 1389 602 1411 ,
647 1363 714 1401 ne
745 1357 974 1401 vestrum
1017 1350 1342 1403 auscultandi
1371 1350 1610 1404 studium
1644 1365 1826 1404 ansam
1856 1352 1961 1406 illis

387 1438 622 1506 pnrlieat
651 1439 788 1492 male
811 1440 1035 1508 agendi,
1067 1456 1197 1493 neve
1224 1441 1494 1510 voluptas,
1525 1457 1678 1512 quam
1718 1441 1803 1496 hic
1841 1458 1962 1497 ver-

385 1534 563 1580 santes
592 1529 895 1596 pereipitis,
927 1530 1037 1581 auri
1086 1528 1227 1583 furto
1271 1530 1602 1585 obturbetur.
1655 1531 1862 1586 Etenim
1909 1533 1959 1586 id

386 1617 626 1672 diabolus
652 1619 864 1670 molitur
905 1635 1006 1672 non
1038 1629 1209 1674 utvos
1236 1621 1576 1690 pauperiores
1619 1621 1826 1688 reddat,
1867 1625 1960 1678 sed

391 1718 449 1762 ut
477 1711 710 1779 pecunia)
727 1711 953 1779 jactura,
981 1727 1262 1767 maerorem
1292 1715 1533 1784 pariens,
1565 1717 1631 1768 ab
1655 1716 1960 1770 auscultan-

386 1801 437 1854 di
469 1801 754 1870 cupiditate
776 1817 867 1856 vos
891 1803 1133 1858 abducat.
1161 1803 1292 1857 Nam
1324 1813 1378 1859 et
1400 1805 1499 1860 Job
1530 1823 1633 1860 nou
1661 1808 1781 1861 ideo
1812 1809 1964 1862 bonis

389 1892 636 1946 nnmibus
663 1892 933 1961 spoliavit,
966 1903 1020 1946 ut
1049 1897 1413 1963 pauperiorem
1440 1898 1696 1964 efﬁceret,
1727 1899 1820 1953 sed
1848 1910 1904 1953 ut
1932 1917 1961 1954 a

389 1983 584 2051 pietate
608 1983 915 2038 deturbaret
943 2000 956 2035 :
989 2001 1089 2040 non
1121 1986 1194 2040 illi
1224 2003 1417 2057 scopus
1447 1999 1595 2056 erat,
1624 2000 1681 2044 ut
1715 1992 1964 2060 pecunias

387 2072 641 2138 auferret,
670 2074 862 2144 quippe
886 2077 975 2144 qui
1004 2077 1134 2131 nihil
1157 2078 1206 2132 id
1227 2095 1346 2134 esse
1375 2081 1556 2148 sciret,
1584 2083 1678 2136 sed
1710 2094 1763 2136 ut
1796 2085 1965 2138 facul-

392 2173 555 2220 tatum
578 2167 856 2236 dispendio
882 2170 936 2223 in
962 2181 1232 2239 peceatum
1257 2173 1546 2228 induceret.
1576 2175 1726 2242 Quod
1753 2178 1965 2246 quidem

390 2257 436 2310 si
468 2256 639 2312 facere
669 2270 914 2330 nequeat,
945 2278 1228 2331 numquam
1251 2280 1308 2318 se
1330 2281 1444 2318 rem
1467 2265 1602 2321 bene
1621 2269 1850 2338 gessisse
1869 2286 1968 2339 pu-

391 2351 540 2405 tabit.
572 2351 704 2406 Cum
733 2369 859 2423 ergo
885 2355 1002 2424 ejus
1030 2371 1246 2425 scopum
1278 2366 1476 2422 teneas,
1515 2361 1811 2428 carissime,
1844 2377 1964 2416 cum

392 2451 446 2495 te
477 2443 555 2497 vel
585 2442 756 2498 furum
780 2462 960 2515 opera,
991 2449 1073 2502 vel
1101 2449 1202 2502 alia
1227 2450 1412 2518 quavis
1437 2452 1638 2506 ratione
1667 2469 1796 2508 auro
1825 2455 1966 2508 mul-

391 2538 613 2588 ctaverit
633 2578 646 2597 ,
669 2537 888 2605 gloriam
918 2534 1142 2593 Domino
1161 2540 1382 2605 referas,
1413 2553 1464 2596 et
1484 2544 1710 2612 amplius
1736 2545 1968 2600 lucratus

395 2624 576 2691 fueris,
628 2627 999 2698 duplicemque
1045 2631 1140 2700 ipsi
1175 2631 1376 2700 plagam
1411 2633 1649 2703 inﬂiges,
1691 2636 1830 2704 quod
1863 2653 1970 2690 non

394 2713 620 2770 moleste
637 2716 839 2783 tuleris,
859 2718 1100 2789 quodque
1131 2722 1326 2790 gratias
1337 2723 1528 2792 egeris.
1548 2722 1678 2776 Nam
1693 2725 1734 2778 si
1753 2733 1803 2778 te
1821 2725 1970 2779 vide-

395 2805 465 2860 rit
484 2805 677 2859 damno
703 2810 1046 2876 pecuniarum
1075 2809 1265 2881 frangi,
1294 2828 1463 2882 eoque
1487 2814 1675 2869 adduci
1707 2827 1762 2869 ut
1793 2817 1970 2871 Domi-

398 2909 469 2949 no
496 2895 761 2964 irascaris,
787 2915 1069 2969 numquam
1096 2903 1252 2955 finem
1277 2901 1431 2957 faciet
1452 2904 1501 2957 id
1523 2907 1744 2975 agendi;
1773 2910 1853 2961 sin
1882 2908 1972 2962 ad-

1083 235 1139 292 S.
1179 232 1451 291 JOANNIS
1488 235 1959 293 CHRYSOSTOlll
2004 238 2317 296 ARCIIIEP.
2359 241 2887 299 CONSTANTINOP.

3527 249 3640 304 ’138

2059 363 2229 408 vertat
2257 363 2309 410 te
2334 371 2436 408 nou
2469 355 2628 411 modo
2674 373 2778 411 non
2821 357 3186 427 blasphemare
3221 359 3383 413 Deum
3405 402 3420 426 ,
3459 362 3551 430 qui
3587 371 3642 414 te

2058 444 2276 506 creavit,
2302 444 2394 497 sed
2415 446 2572 498 etiam
2602 445 2700 514 ipsi
2728 445 2796 501 de
2820 447 3022 514 jactura
3045 449 3241 517 gratias
3264 464 3440 518 agere,
3465 465 3496 502 a
3519 459 3630 504 ten-

2059 535 2350 593 tationibus
2373 535 2662 590 inferendis
2683 537 2924 602 absistet,
2949 553 3143 608 gnatus
3162 541 3524 594 mo'estiarum
3543 557 3642 595 ex-

2058 627 2410 694 perimentum
2437 628 2527 681 tibi
2549 629 2834 696 gratiarum
2860 630 3081 683 actionis
3102 641 3468 698 argumentum
3491 645 3640 695 esse,

2059 732 2122 770 ac
2150 717 2565 784 splendidiorem
2603 718 2693 771 tibi
2722 733 2974 773 coronam
3001 720 3255 790 pluraque
3296 721 3514 791 praemia
3545 736 3644 790 pa-

2059 822 2197 861 rere.
2224 808 2375 873 Quod
2405 809 2562 862 etiam
2593 808 2692 876 ipsi
2720 807 2820 863 Job
2844 809 3054 864 accidit.
3080 811 3212 866 Cum
3237 813 3378 865 enim
3409 810 3645 866 sublatis

2060 897 2270 966 Opibus,
2303 899 2682 969 vulneratoque
2700 914 2946 969 corpore,
2969 900 3101 954 vidit
3121 901 3266 955 illum
3291 902 3490 971 gratias
3512 915 3646 970 age-

2061 1005 2140 1054 re,
2173 1004 2277 1044 non
2306 991 2440 1044 ultra
2491 990 2662 1062 ipsum
2704 991 2916 1060 aggredi
2946 1007 3107 1046 ausus
3133 1001 3243 1057 est;
3294 993 3388 1048 sed
3416 995 3558 1062 turpi
3587 1004 3647 1048 et

2063 1079 2410 1148 ignominiosa
2426 1081 2576 1134 clade
2597 1080 2902 1150 profligatus
2921 1082 3198 1147 abscessit,
3211 1097 3331 1137 cum
3353 1083 3442 1137 Dei
3460 1084 3644 1138 athle-

2061 1176 2169 1221 tam
2218 1169 2557 1223 illustriorem
2605 1171 2942 1226 reddidisset.
2988 1171 3123 1226 llmc
3147 1173 3304 1243 igitur
3347 1187 3468 1226 cum
3497 1174 3645 1228 scia-

2063 1273 2202 1323 mus,
2234 1274 2397 1312 unum
2427 1260 2700 1314 dumtaxat
2735 1269 3062 1327 metuamus,
3097 1272 3368 1331 peccatum
3395 1278 3592 1331 netnpe
3626 1282 3646 1317 :

2063 1356 2258 1402 caetera
2284 1364 2411 1404 vero
2436 1360 2652 1405 strenue
2678 1351 2986 1417 toleremus,
3034 1352 3150 1406 sive
3177 1354 3520 1421 pecuniarum
3560 1354 3649 1423 ja-

2066 1450 2293 1507 cturam,
2321 1442 2433 1496 sive
2455 1444 2694 1510 corporis
2713 1444 3104 1512 aegritudinem,
3134 1445 3245 1498 sive
3271 1446 3608 1498 calamitates
3628 1487 3644 1510 ,

2065 1533 2177 1585 sive
2205 1531 2395 1586 damna
2422 1540 2476 1586 et
2500 1533 2892 1603 sycophantias,
2917 1533 3027 1586 sive
3057 1534 3196 1586 aliud
3226 1534 3495 1604 quidpiam
3525 1549 3648 1587 mo-

2069 1621 2258 1674 lestum
2302 1621 2579 1676 inferatur.
2625 1622 2751 1676 llaec
2775 1624 2970 1692 quippe
2996 1632 3180 1677 natura
3209 1637 3301 1677 sua
3332 1639 3437 1678 non
3468 1624 3649 1678 solum

2069 1729 2164 1767 nos
2184 1714 2502 1768 detrimento
2521 1714 2729 1769 allicere
2742 1717 3058 1784 nequeunt‘,
3075 1715 3164 1770 sed
3187 1717 3344 1770 etiam
3356 1715 3652 1770 admodum

2061 1804 2339 1874 juvabunt,
2369 1803 2494 1859 dum
2523 1806 2720 1874 gratias
2753 1805 2958 1874 agendo
2983 1805 3213 1860 feramus
3233 1845 3246 1869 ,
3279 1807 3656 1874 majoremqne

2070 1897 2222 1950 nobis
2263 1894 2488 1950 afferent
2516 1896 2835 1950 mercedem.
2878 1896 3036 1952 Vides
3070 1898 3266 1966 quippe
3306 1898 3479 1965 ipsum
3511 1895 3652 1959 Job.

2069 1998 2345 2058 postquam
2375 1989 2640 2055 patientia:
2681 1997 2735 2042 et
2771 1988 2978 2042 virtutis
3005 2003 3202 2042 corona
3232 1988 3515 2042 redimitus
3541 1997 3652 2053 est,

2069 2089 2131 2135 ea
2157 2097 2276 2150 qua:
2303 2082 2552 2135 amiserat
2581 2081 2737 2149 dupla
2768 2082 3055 2150 recepisse.
3082 2080 3160 2134 'l‘u
3184 2096 3314 2136 vero
3331 2094 3436 2134 non
3462 2081 3654 2148 dupla,

2070 2183 2157 2226 aut
2177 2173 2424 2242 triplicia,
2454 2171 2547 2225 sed
2575 2171 2821 2241 centupla
2845 2173 3021 2226 omnia
3047 2171 3290 2239 recipies,
3317 2171 3360 2225 si
3383 2185 3658 2240 generose

2073 2261 2241 2326 feras,
2282 2270 2336 2315 et
2384 2261 2544 2314 vitam
2576 2272 2828 2315 aeternam
2881 2261 2933 2315 in
2986 2261 3345 2315 [nereditatem
3397 2262 3656 2328 accipies,

2071 2368 2228 2422 quam
2281 2353 2480 2406 utinam
2528 2367 2715 2407 omnes
2753 2367 3176 2421 consequamur,
3203 2353 3372 2421 gratia
3399 2363 3457 2408 et
3505 2353 3661 2407 beni-

2072 2447 2272 2516 gnitate
2304 2446 2512 2499 Domini
2542 2445 2708 2498 nostri
2737 2443 2862 2498 Jesu
2891 2443 3124 2509 Christi,
3154 2443 3239 2497 cui
3262 2442 3430 2512 gloria
3469 2453 3529 2496 et
3557 2445 3662 2496 im-

2073 2541 2278 2610 perium
2325 2552 2465 2592 nunc
2509 2549 2561 2593 et
2588 2552 2819 2606 semper,
2859 2545 2918 2590 et
2955 2535 3007 2589 in
3051 2534 3240 2589 saecula
3282 2535 3610 2589 seculorum
3642 2575 3661 2602 ,

2075 2631 2266 2685 Amen.

2137 2799 2153 2825 ι
2183 2799 2269 2840 Pro
2293 2791 2473 2855 verbis,
2506 2790 2602 2839 sive
2624 2787 2779 2855 aliud.
2812 2783 3059 2855 quidpiam
3101 2783 3356 2855 ngolfstimt
3387 2782 3664 2855 inferatur,

2072 2855 2169 2903 duo
2185 2855 2374 2904 codices
2395 2846 2574 2914 ferunt,
2594 2848 2690 2899 sive
2713 2846 2846 2897 aliud
2865 2846 3108 2914 quoddam
3129 2846 3442 2914 infortunium
3455 2846 3668 2914 ingruit

2073 2916 2215 2968 vobis.
2243 2925 2420 2965 uorum
2443 2912 2568 2962 enim
2596 2917 2768 2960 natura
2790 2906 2886 2958 nou
2904 2907 3055 2959 solum
3073 2906 3196 2957 vobis
3217 2919 3308 2954 non
3331 2906 3541 2962 nocebit,
3568 2912 3665 2954 etc.

399 3019 3665 3053 ._—_____________‘___________________________

1051 3110 1266 3213 DE
1320 3106 3025 3223 INCOMPREHENSIBILI,

1719 3333 1962 3377 CONTRA
2004 3333 2328 3378 ANOMOEOS
2339 3360 2353 3373 .

1675 3455 2392 3493 mammume

932 3589 1145 3628 ιιοιιιιιΑ
1182 3589 1398 3638 ρυικτλ.

478 3731 529 3784 1.
571 3730 668 3797 Qui
697 3729 952 3800 prolixius
978 3740 1344 3800 argumentum
1365 3771 1380 3794 ,
1409 3729 1694 3799 multisque
1720 3731 1985 3785 sermoni-

406 3819 505 3875 bus
534 3834 693 3889 egens
721 3832 1064 3888 aggressurus
1084 3829 1183 3885 est,
1217 3818 1358 3888 quod
1395 3833 1497 3872 non
1522 3835 1626 3873 uno
1652 3818 1855 3874 duobus
1887 3821 1984 3874 tri-

407 3911 573 3967 busve
612 3910 705 3966 sed
754 3911 906 3980 longe
937 3909 1175 3980 pluribus
1225 3911 1414 3966 diebus
1458 3911 1734 3966 absolvere
1782 3913 1982 3981 possit,

408 4001 530 4057 huic
557 4002 807 4071 expedire
840 4010 970 4072 puto
991 4042 1007 4067 ,
1039 4011 1097 4056 ut
1125 4016 1228 4056 non
1259 4010 1423 4056 totam
1471 4000 1752 4056 confertim
1781 4003 1987 4056 doctri-

409 4109 532 4147 nam
561 4092 612 4146 in
633 4092 928 4146 auditorum
956 4091 1162 4145 animos
1189 4091 1444 4156 effundat,
1475 4091 1570 4146 sed
1593 4101 1649 4145 ut
1679 4100 1844 4146 totum
1867 4092 1986 4160 plu-

408 4181 574 4236 resin
599 4191 774 4251 partes
813 4180 1117 4245 dividendo,
1149 4181 1245 4235 hac
1283 4181 1654 4237 distributione
1681 4183 1847 4236 levius
1869 4182 1991 4236 red-

410 4270 502 4325 dat
521 4270 775 4324 orationis
801 4284 954 4323 onus.
1003 4268 1134 4323 Nam
1167 4269 1362 4338 lingua,
1394 4269 1626 4334 auditus,
1657 4279 1712 4324 et
1735 4284 1986 4324 sensuum

413 4370 719 4416 nostrorum
745 4360 955 4429 singuli,
989 4360 1226 4426 modum,
1272 4361 1479 4429 regulas
1509 4361 1864 4429 terminosque
1888 4360 1987 4413 ha-

411 4450 568 4515 bent,
612 4462 746 4520 quos
774 4449 818 4505 si
846 4451 962 4519 quis
1002 4431 1294 4519 transgredi
1320 4449 1486 4513 velit,
1517 4465 1545 4502 a
1579 4458 1841 4518 praesente
1888 4450 1989 4504 sibi

414 4545 659 4600 facultate
691 4544 955 4615 dejicitur.
1000 4543 1134 4611 Quid
1161 4544 1300 4597 eni'n
1321 4554 1354 4610 ,‘
1383 4557 1580 4611 qu:eso,
1609 4542 1724 4596 luce
1748 4541 1992 4596 dulcius?

415 4637 552 4705 Quid
593 4636 743 4690 radio
777 4634 1109 4706 jucundius?
1157 4639 1402 4688 Attamen
1455 4632 1570 4687 haec
1597 4633 1848 4699 suavitas,
1874 4633 1994 4687 haac

417 4728 694 4797 voluptas,
723 4727 766 4781 si
811 4727 946 4780 ultra
989 4725 1204 4780 modum
1233 4725 1286 4778 in
1323 4723 1492 4778 oculis
1518 4734 1778 4786 versetur,
1821 4723 1994 4792 gravis

417 4819 745 4888 molestaque
795 4817 1040 4871 efficitur.
1087 4814 1443 4884 Quamobrem
1490 4814 1628 4869 Deus
1653 4813 1756 4868 diei
1785 4823 1992 4866 uectem

417 4911 704 4967 succedere
745 4910 929 4976 voluit,
959 4919 1013 4965 ut
1045 4909 1286 4981 fatigatos
1313 4909 1495 4964 oculos
1520 4907 1766 4962 demissis
1807 4906 1993 4977 palpe-

421 5002 531 5056 bris
558 5001 810 5071 opcriret,
868 5001 1092 5070 pupillas
1142 5001 1374 5071 sopiret,
1421 4999 1860 5067 laborantemque
1888 4997 1995 5051 vim

418 5093 695 5148 oculorum
720 5091 880 5161 quieti
919 5093 1090 5156 daret,
1129 5101 1183 5147 et
1225 5091 1290 5145 ad
1320 5090 1592 5161 sequentis
1628 5090 1732 5145 diei
1765 5089 1995 5143 ofﬁcium

417 5185 676 5255 aptiorem
723 5183 988 5238 redderet.
1041 5181 1163 5236 Ideo
1205 5180 1381 5252 vigilia
1428 5189 1482 5235 et
1509 5193 1729 5235 somnus
1779 5179 1999 5232 interse

418 5275 683 5332 contraria
726 5289 791 5329 ex
821 5273 1095 5328 moderato
1121 5285 1217 5327 usu
1246 5285 1430 5341 parem
1449 5269 1832 5339 jucunditatem
1869 5265 1999 5321 alre-

421 5375 564 5432 runt,
594 5378 820 5433 cumque
843 5364 1012 5418 lucem
1031 5377 1246 5417 suavem
1268 5375 1538 5424 vocemus,
1561 5373 1776 5414 suavem
1801 5357 2002 5427 pariter

420 5473 674 5513 vocamus
701 5471 947 5512 somnum
991 5455 1078 5525 qui
1111 5469 1210 5510 nos
1236 5453 1449 5508 abducit
1474 5467 1505 5506 a
1533 5451 1667 5506 luce.
1701 5451 1775 5506 Ita
1802 5451 1998 5505 immo‘

418 5550 639 5610 deratus
659 5563 787 5603 usus
815 5546 1009 5616 ubique
1033 5545 1210 5615 gravis
1239 5544 1596 5612 molestusque
1615 5551 1717 5607 est,
1746 5541 1996 5596 modera-

425 5650 509 5696 tus
529 5647 716 5695 contra
735 5636 927 5703 dulcis.
953 5635 1096 5693 utilis
1115 5648 1169 5693 et
1197 5635 1390 5692 suavis.
1418 5632 1617 5692 Idcirco
1640 5645 1739 5689 nos
1758 5641 1998 5704 quartam

2088 3577 2391 3646 quintamve
2415 3573 2556 3628 diem
2579 3569 2778 3625 emensi
2799 3569 2845 3632 ί,
2873 3581 2940 3622 ex
2965 3580 3072 3636 quo
3103 3565 3168 3620 de
3207 3564 3669 3630 incumin-hemi-

2091 3667 2182 3722 bili
2211 3680 2367 3734 agere
2393 3663 2652 3731 coepimus
2670 3701 2685 3725 ,
2731 3673 2798 3712 ne
2835 3657 3046 3726 quidem
3071 3654 3225 3709 hodie
3251 3654 3674 3722 disputationem

2091 3757 2369 3811 absolvere
2412 3750 2821 3814 destinavimus,
2859 3747 2953 3802 sed
2980 3755 3254 3814 postquam
3292 3758 3354 3798 ea
3386 3760 3508 3810 qtm-
3543 3744 3676 3796 satis

2091 3849 2196 3902 sint
2211 3855 2398 3902 vestra:
2421 3841 2625 3898 caritati
2644 3837 3071 3901 disseruerimus,
3087 3848 3270 3888 rursus
3288 3833 3454 3886 menti
3476 3843 3676 3884 vestra:

2093 3937 2328 3992 inducias
2349 3933 2477 3988 dare
2505 3931 2861 3985 decrevimus.
2894 3925 3118 3981 Ubinam
3145 3939 3270 3992 ergo
3293 3938 3464 3991 nuper
3486 3923 3678 3988 dispu—

2094 4027 2236 4083 tandi
2267 4026 2423 4080 finem
2455 4021 2704 4076 fecimus?
2751 4017 2880 4071 Nam
2909 4016 3030 4070 inde
3052 4028 3350 4068 sermonem
3394 4026 3678 4065 resumere

2094 4116 2378 4179 convenit,
2403 4128 2505 4166 una
2535 4109 2792 4180 siquidem
2840 4116 2924 4161 est
2950 4105 3202 4160 doctrinm
3229 4102 3417 4156 series.
3442 4101 3678 4153 Diceba~

2093 4225 2211 4265 mus
2241 4219 2367 4263 tunc
2393 4206 2508 4260 htee
2531 4218 2650 4259 esse
2674 4202 2763 4256 filii
2787 4199 3000 4255 tonitrui
3025 4197 3204 4259 verba,
3237 4186 3399 4247 Deum
3428 4208 3580 4244 nemo
3607 4194 3676 4243 tu“-

2094 4301 2166 4354 dit
2203 4313 2439 4366 umquam
2465 4313 2482 4349 :
2515 4293 2816 4362 Unigeuitus
2846 4288 3028 4350 Filius,
3050 4286 3132 4354 qui
3159 4294 3230 4339 est
3251 4284 3302 4336 iu
3328 4283 3444 4336 sinu
3473 4279 3682 4344 Patris,

2094 4393 2202 4462 ipse
2229 4387 2458 4458 exposuit
2486 4385 2662 4455 (Joan.
2699 4383 2740 4436 Ι.
2795 4379 2904 4448 18).
2933 4377 3100 4432 Hodie
3125 4390 3229 4444 quo
3258 4374 3374 4426 loco
3400 4372 3526 4462 ipse
3555 4370 3684 4462 uni-

2094 4459 2302 4552 genitus
2329 4477 2496 4531 Filius
2537 4470 2841 4544 exposuerit
2873 4468 3052 4522 dicere
3075 4478 3251 4552 operae
3276 4460 3508 4552 pretium
3551 4459 3661 4512 erit

2099 4547 2396 4640 liespondiI,
2427 4565 2628 4636 inquit,
2657 4561 2856 4616 Iudaeis
2885 4569 2930 4613 et
2956 4556 3088 4610 dixit
3118 4570 3136 4606 :
3178 4551 3295 4606 Non
3320 4550 3441 4618 quia
3466 4547 3684 4640 ξαίνειν,

2096 4635 2216 4714 vidit
2241 4659 2523 4730 quisquam,
2546 4653 2641 4707 nisi
2665 4652 2728 4718 is,
2759 4649 2844 4719 qui
2864 4657 2934 4702 est
2964 4662 3024 4700 ea:
3049 4644 3186 4706 Deo;
3215 4643 3293 4694 hic
3317 4639 3438 4692 vidit
3463 4635 3686 4690 Patrem

2100 4754 2209 4825 (Id.
2232 4753 2286 4807 6.
2311 4749 2382 4806 46
2405 4749 2459 4818 ).
2506 4746 2774 4800 Visionem
2806 4742 2892 4795 hic
2918 4753 3098 4794 rursus
3117 4733 3473 4825 cognitionem
3495 4731 3688 4799 appet-

2101 4823 2174 4900 lat
2203 4859 2217 4895 :
2250 4856 2350 4897 nec
2373 4837 2680 4906 simpliciter
2707 4832 2861 4896 dixit,
2913 4827 3077 4882 Nemo
3107 4826 3227 4878 vidit
3271 4823 3496 4884 Patrem,
3534 4830 3688 4887 post-

2099 4948 2267 5004 eaque
2289 4930 2471 4995 tacuit,
2500 4942 2567 4982 ne
2593 4924 2710 4994 quis
2743 4922 2810 4977 de
2839 4917 3141 4974 hominibus
3179 4923 3380 5004 tantum
3409 4909 3530 4962 haec
3557 4925 3686 4963 eum

2099 5001 2297 5080 dixisse
2325 5027 2558 5090 putaret;
2602 5013 2696 5069 sed
2733 5026 2850 5067 cum
2881 5006 3161 5063 ostendere
3186 5001 3343 5057 vellet
3376 5013 3557 5068 neque
3583 5015 3685 5051 an-

2100 5119 2268 5192 gelos,
2299 5131 2475 5187 neque
2523 5108 2886 5181 archangelos,
2938 5117 3110 5172 neque
3165 5109 3421 5168 supernas
3458 5093 3689 5147 virtutes

2167 5272 2184 5302 ⁸
2221 5277 2333 5317 cum
2376 5265 2490 5316 dicit
2527 5264 2884 5326 Chrysostomus
2923 5270 2978 5307 se
3010 5255 3108 5326 jam
3141 5247 3690 5326 quartam‘quigtamv‘e

2100 5312 2513 5391 diem'agerereﬁx
2554 5312 2652 5387 qui)
2671 5323 2744 5391 de
2774 5312 3692 5391 Ineomprebengsibili-smfmnug-

2101 5370 2233 5443 iis}?
2245 5370 2656 5450 So‘éiiéi-it'fm‘ve
2668 5370 2812 5446 putes
2853 5382 2906 5429 in
2932 5370 3025 5426 hoc
3041 5377 3283 5450 aditique
3290 5370 3690 5450 dierlum_

2104 5428 2494 5513 ὲίἶὶῶᾝῖιῖιίεἶῐιῖ
2518 5428 2808 5513 ῖοὶιὶίόιῖεξῐιῖ
2843 5428 3447 5513 eotnprehepdig‘figando
3482 5428 3691 5513 ,ξι-Ἠξῗῖιέ

2490 5550 3012 5625 ἶΙῙοἿὶἶιῖᾖῖῘᾶὲιιιιύίέ.
3037 5558 3128 5606 Sed
3151 5569 3180 5605 a
3208 5550 3429 5625 secunda
3455 5550 3588 5625 lum]
3608 5550 3684 5595 dir

2104 5614 2638 5697 ioE‘aEiiié'r'iét
2655 5614 2868 5692 quinque
2890 5624 3078 5673 dierum
3100 5618 3304 5682 spatium
3325 5614 3508 5674 men-it.
