3854 6222
97 290 212 350 735

98 407 362 478 καθάπερ
380 404 439 460 ἓν
461 406 624 478 σῶμα
653 405 1137 479 συνεσφιγμένους,
1167 413 1263 465 καὶ
1289 412 1428 482 μετά
1458 411 1661 483 πολλῆς
1676 412 1777 482 τῆς

95 494 393 568 ἀκριϐείας
415 497 531 558 τοῖς
555 495 870 566 λεγομένοις
898 498 1378 569 προσηλωμένους,
1399 500 1646 554 καθεῖναι
1677 502 1778 572 μέν

95 600 258 646 τινας
290 583 401 636 τῶν
435 583 602 637 αὐτοῦ
627 583 891 638 διακόνων
917 585 1044 650 τούς
1076 585 1166 639 διά
1190 587 1500 658 συμϐουλῆς
1529 589 1623 642 καὶ
1645 606 1779 662 παρ-

95 671 364 734 αινέσεως
400 670 707 735 ἀπάξοντας
741 673 887 743 ὑμᾶς
922 673 1023 743 τῆς
1057 676 1376 746 ἀκροάσεως
1417 677 1518 730 οὐκ
1547 677 1778 750 ἐτόλμη-

95 773 195 809 σεν
214 773 228 786 ·
266 757 381 827 ᾔδει
405 758 515 829 γάρ
542 759 618 820 ὡς
646 759 820 821 οὐδεὶς
847 759 1001 830 ὑμῶν
1026 761 1276 825 ἀνέξεται
1302 761 1412 815 τῶν
1439 763 1613 816 ταῦτα
1641 782 1779 836 συμ-

94 844 488 898 ϐουλευόντωνο
510 846 716 917 λῃστάς
741 847 799 900 δέ
827 865 980 910 τινας
999 850 1092 901 καὶ
1129 849 1582 921 βαλαντιοτόμους
1610 856 1777 921 ἐγκα-

91 929 337 1000 ταμίξας
361 932 440 1002 τῷ
474 933 690 1004 πλήθει,
725 935 1106 1005 παρεσκεύασε
1140 937 1293 1007 παρὰ
1321 937 1532 992 πολλῶν
1571 940 1770 996 ⁸τιολλά-

92 1036 187 1081 κις
236 1019 347 1072 τῶν
399 1020 634 1074 ἐνταῦθα
689 1022 1100 1094 συλλεγομένων
1151 1025 1394 1096 χρυσίον,
1443 1027 1580 1100 ὅπερ
1630 1025 1775 1100 εἶχον

89 1107 512 1178 ἀποδεδεμένον,
585 1109 912 1179 ὑφελέσθαι·
980 1113 1077 1164 καὶ
1129 1112 1291 1166 τοῦτο
1352 1114 1614 1180 πολλάκις
1678 1120 1772 1173 καὶ

88 1195 190 1248 ἐπὶ
216 1194 427 1249 πολλῶν
446 1195 678 1272 ἐνταῦθα
703 1198 925 1270 συνέϐη.
952 1200 1048 1254 Ἵν*
1074 1195 1167 1253 οὖν
1193 1201 1328 1271 μηδὲ
1353 1203 1510 1256 τοῦτο
1531 1206 1768 1276 γίνηται,

92 1283 238 1352 μηδέ
277 1283 374 1354 τὴν
403 1284 532 1355 περὶ
560 1285 662 1355 τὴν
698 1288 962 1356 ἀκρόασιν
1005 1288 1316 1358 προθυμίαν
1346 1291 1379 1361 ή
1414 1291 1523 1344 τῶν
1557 1294 1775 1365 χρημά-

88 1387 205 1422 των
235 1370 407 1440 ζημία
435 1372 744 1444 κατασϐέσῃ
772 1373 850 1440 τῷ
877 1375 1074 1446 χρόνῳ,
1105 1376 1315 1430 πολλῶν
1345 1377 1504 1432 τοῦτο
1536 1381 1774 1452 πασχόν-

89 1474 226 1518 των,
258 1460 511 1528 παραινῶ
533 1460 627 1514 καὶ
654 1461 1006 1532 συμϐουλεύω
1034 1465 1200 1518 πᾶσιν
1222 1466 1373 1535 ὑμῖν,
1408 1467 1612 1538 μηδένα
1639 1486 1774 1540 χρυ-

90 1545 212 1597 σίον
255 1547 654 1618 ἐπιφερόμενον
687 1550 889 1604 ἐσιέναι
919 1551 1174 1616 ἐνταῦθα,
1217 1551 1358 1606 ὥστε
1391 1554 1466 1627 μὴ
1498 1556 1597 1627 τὴν
1632 1557 1772 1629 ὑμε-

86 1633 262 1704 τέραν
292 1636 546 1706 σπουδήν,
583 1636 683 1708 τὴν
715 1639 844 1708 περί
868 1639 966 1708 τὴν
990 1640 1275 1711 ἀκρόασιν,
1304 1642 1513 1710 ἐφόδιον
1543 1645 1774 1710 ἐκείνοις

85 1720 350 1786 γενέσθαι
381 1723 478 1793 τῆς
518 1725 878 1795 κακουργίας,
922 1727 1058 1797 μηδέ
1092 1727 1190 1799 τὴν
1218 1729 1413 1800 ἡδονὴν
1459 1729 1558 1802 τὴν
1584 1733 1649 1786 ἐκ
1671 1733 1773 1805 τῆς

83 1810 329 1864 ἐνταῦθα
357 1812 642 1884 διατριϐῆς
672 1815 1028 1888 ἐγγινομένην
1059 1818 1209 1887 ὑμῖν,
1238 1821 1305 1888 τῇ
1333 1819 1444 1873 τῶν
1473 1823 1773 1893 χρημάτων

82 1899 491 1970 ἀμαυρωοῆναι
520 1901 696 1973 κλοπῇ
725 1904 822 1972 (a).
854 1905 962 1957 Καὶ
984 1904 1094 1976 γάρ
1117 1906 1146 1959 ό
1171 1905 1417 1971 διάϐολος
1450 1909 1608 1963 τοῦτο
1641 1928 1774 1965 κατ-

81 1987 416 2052 εσκεύασεν,
437 1990 535 2060 οὐχ
557 1990 642 2043 ἴνα
666 1990 811 2062 ὑμᾶς
831 1994 1188 2065 πενεστέρους
1204 1995 1528 2066 ἐργάσηται,
1547 1998 1662 2052 ἀλλ’
1685 2001 1773 2055 ἵνα

82 2077 118 2144 ἡ
157 2076 270 2127 τῶν
304 2077 604 2146 χρημάτων
639 2077 905 2147 ἀπώλεια,
945 2083 1025 2145 εἰς
1055 2082 1246 2152 ἀηδίαν
1281 2085 1427 2154 ὑμᾶς
1459 2085 1773 2156 ἐμϐαλοῦσα

81 2161 320 2230 πολλὴν,
347 2163 447 2233 τῆς
468 2164 776 2236 προθυμίας
798 2169 1064 2242 ἀπαγάγῃ
1083 2170 1183 2240 τῆς
1213 2187 1279 2223 πε
1288 2172 1340 2242 ρί
1359 2171 1458 2243 τὴν
1483 2173 1768 2245 ἀκρόασιν.

95 2252 262 2304 Ἐπεὶ
283 2251 377 2304 καὶ
410 2253 500 2306 τὸν
540 2253 660 2307 Ἰὼϐ
685 2254 794 2308 τῶν
822 2259 1118 2328 χρημάτων
1149 2259 1466 2330 ἐγύμνωσεν
1493 2263 1769 2331 ἀπάντων,

79 2340 190 2409 οὐχ
226 2340 314 2392 ἴνα
362 2341 688 2412 πενέστερον
732 2345 1058 2416 ἐργάσηται,
1108 2346 1222 2400 ἀλλ’
1254 2348 1341 2400 ἵνα
1379 2350 1642 2422 γυμνώσῃ
1675 2353 1772 2423 τῆς

79 2425 396 2490 εὐσεϐείας.
433 2429 506 2482 Τὸ
546 2431 654 2502 γάρ
688 2431 1122 2502 σπουδαζόμενον
1150 2435 1364 2505 ἐκείνῳ,
1409 2436 1470 2488 οὐ
1509 2439 1772 2509 χρήματα

80 2519 388 2587 ἀφελέσθαι
408 2521 426 2589 (
444 2515 549 2574 οἵδε
577 2521 686 2591 γάρ
707 2521 860 2574 οὐδὲν
891 2521 1047 2576 τοῦτο
1063 2523 1178 2592 δν),
1217 2525 1330 2577 ἀλλ’
1356 2525 1444 2579 ἵνα
1462 2525 1534 2594 (ὁ)
1563 2527 1651 2582 διὰ
1673 2529 1772 2600 τῆς

85 2603 198 2656 τῶν
220 2603 520 2674 χρημάτων
545 2605 891 2675 ἀφαιρέσεως
913 2607 992 2669 εἰς
1015 2607 1292 2678 ἁμαρτίαν
1321 2607 1500 2680 ψυχῆς
1523 2611 1738 2685 ἐμϐάλῃ
1753 2630 1768 2645 ο

72 2690 197 2743 κᾶν
231 2691 307 2761 μὴ
339 2691 498 2745 τοῦτο
536 2691 729 2762 ἰσχύσῃ
767 2694 1010 2763 ποιῆσαι,
1045 2695 1195 2747 οὐδὲν
1239 2696 1504 2767 ἡγήσεται
1551 2716 1772 2770 κατωρ-

79 2777 326 2830 θωκέναι
372 2779 521 2832 ποτέ.
567 2779 740 2843 Εἰδὼς
773 2780 952 2833 τοίνυν
995 2781 1161 2834 αὐτοῦ
1197 2782 1298 2852 τὴν
1347 2783 1595 2855 γνώμην,
1627 2786 1770 2853 ἀγα-

77 2865 256 2934 πητὲ,
290 2867 421 2920 ὅταν
467 2867 739 2937 ἀφέληταί
771 2885 864 2921 σου
898 2869 1140 2940 χρυσίον,
1170 2869 1203 2940 ἡ
1242 2869 1330 2924 διά
1363 2870 1596 2944 λῃστῶν,
1635 2873 1668 2944 ἡ
1701 2874 1768 2926 δι’

78 2952 286 3022 ἐτέρας
333 2953 478 3017 τινὸς
525 2954 870 3025 προφάσεως,
931 2954 1152 3019 δόξασον
1199 2955 1290 3009 τὸν
1341 2959 1642 3030 Δεσπότην,
1676 2961 1771 3014 καὶ

151 3063 183 3092 ⁸
213 3063 297 3136 εἰς
319 3064 469 3136 ξθῗίῃ
496 3066 911 3136 egplurimﬂmss.
951 3069 1126 3136 Morel.
1161 3072 1248 3129 τὴν
1287 3073 1383 3119 τῶν
1405 3073 1664 3136 χρημάτων
1687 3081 1771 3134 τῆς

81 3129 258 3192 (εἶπαι.
272 3127 507 3192 agmen.
546 3127 597 3177 Ἀ
605 3133 903 3192 μαυρωθῆναι
918 3133 1120 3188 κλοπήν.

150 3188 182 3231 ιο
206 3188 290 3237 Sic
309 3188 462 3238 Savil.
483 3195 536 3238 et
560 3188 767 3240 maxima
790 3205 901 3254 pars
917 3207 1034 3243 mss.
1056 3193 1228 3244 Morel.
1252 3196 1374 3244 ἀλλὰ
1405 3195 1500 3244 διά.

1135 295 1224 350 DE
1263 295 1957 354 INCOMPREHENSIBILI
1995 294 2100 352 DEI
2140 293 2447 353 NATURA.
2487 295 2548 352 ν.

3444 285 3562 347 τὀϐ

1881 411 2042 465 πλέον
2073 410 2170 484 ιἔσῃ
2202 410 2571 483 κεκερδηκὼς,
2602 411 2695 466 καί
2715 411 2908 484 διπλῆν
2933 409 3123 476 δώσεις
3146 410 3226 482 τῷ
3251 409 3430 481 ἐχθρῷ
3449 409 3550 480 τὴν

1879 499 2112 570 πληγὴν,
2136 499 2217 552 ὅτι
2240 515 2298 551 τε
2332 500 2432 552 οὐκ
2464 497 2849 571 ἐδυσχέρανας,
2883 499 2976 553 καὶ
3004 500 3086 552 ὅτι
3111 498 3545 569 ηὐχαρίστησας.

1879 591 1976 642 Ἂν
2013 591 2109 661 μὲν
2144 589 2252 659 γάρ
2287 588 2391 660 ίδῃ,
2423 589 2504 641 ὅτι
2539 606 2598 642 σε
2627 591 2878 642 ταπεινοῖ
2907 589 3016 642 τῶν
3051 587 3348 660 χρημάτων
3378 586 3412 656 ἡ
3451 585 3551 654 ζη-

1880 679 1996 749 μία,
2028 679 2121 732 καὶ
2161 677 2336 731 πείθει
2373 678 2514 732 κατά
2545 677 2640 730 τοῦ
2694 677 2966 730 Δεσπότου
3007 677 3362 747 δυσχερᾶναι,
3395 671 3549 725 οὐδέ-

1878 783 2006 820 ποτε
2029 767 2394 835 ἀποστήσεται
2429 763 2586 818 τοῦτο
2622 764 3015 836 ἐργαζόμενοςο
3057 762 3123 817 ἂν
3160 762 3217 816 δέ
3258 761 3546 828 θεάσηται,

1874 853 1956 906 ὅτι
1996 853 2057 905 οὐ
2099 851 2257 922 μόνον
2299 853 2359 906 οὐ
2410 852 2751 922 βλασφημεῖς
2783 853 2875 906 τὸν
2923 847 3262 922 πεποιηκότα
3293 865 3352 901 σε
3386 846 3545 911 Θεὸν,

1873 939 2009 994 ἀλλά
2034 940 2126 994 καί
2155 940 2496 1014 εὐχαριστεῖς
2526 939 2673 1011 αὐτῷ
2711 941 2796 1010 ἐφ’
2828 941 3041 1011 ἐκάστῳ
3079 939 3184 992 τῶν
3221 932 3547 1006 συμϐαινόν-

1874 1044 1981 1080 των
2003 1025 2209 1090 δεινῶν,
2238 1029 2606 1100 ἀποστήσεται
2628 1027 2775 1099 [480]
2794 1029 3013 1094 ἐπάγων
3038 1027 3161 1086 τούς
3183 1019 3542 1094 πειρασμούς,

1873 1113 2028 1178 εἰδὼς
2057 1115 2138 1169 ὅτι
2163 1115 2509 1186 εὐχαριστίας
2537 1133 2621 1169 σοι
2652 1114 2904 1178 ὑπόθεσις
2929 1114 3137 1182 γίνεται
3163 1110 3269 1164 τῶν
3294 1107 3482 1162 δεινῶν
3507 1108 3540 1175 ἡ

1873 1203 2058 1271 πεῖρα,
2085 1202 2178 1254 καί
2204 1201 2616 1273 λαμπροτέρους
2638 1201 2928 1272 ἐργάζεταί
2959 1218 3039 1254 σοι
3065 1200 3192 1262 τούς
3222 1194 3542 1264 στεφάνους,

1871 1288 1966 1340 καὶ
2000 1289 2220 1342 πλείονα
2250 1290 2317 1343 τά
2348 1289 2594 1360 βραϐεῖα.
2631 1290 2807 1359 Ὅπερ
2850 1284 2942 1342 οὖν
2991 1289 3084 1341 καὶ
3145 1285 3236 1338 ἐπὶ
3269 1281 3366 1336 τοῦ
3421 1278 3545 1333 Ἰὼϐ

1870 1374 2114 1444 γέγονεν.
2157 1377 2374 1447 Ἐπειδὴ
2419 1377 2527 1448 γάρ
2574 1377 2905 1446 ἀφελόμενος
2951 1373 3115 1427 αὐτοῦ
3157 1371 3226 1425 τά
3263 1369 3544 1441 χρήματα,

1871 1465 1967 1517 καὶ
1992 1465 2053 1518 τὸ
2082 1463 2242 1535 σῶμα
2266 1465 2532 1532 πατάξας,
2564 1461 2703 1518 εἶδεν
2738 1465 3058 1534 εὐχάριστον
3083 1461 3396 1531 γενόμενον,
3417 1459 3546 1511 οὐκ·

1872 1549 1954 1603 έτι
2002 1550 2322 1622 προσελθεῖν
2359 1552 2682 1624 ἐτόλμησεν,
2728 1551 2844 1604 ἀλλ’
2877 1549 3111 1620 αίσχράν
3137 1548 3232 1602 καὶ
3258 1546 3546 1613 άσύγγνω·

1874 1655 1998 1692 στον
2023 1639 2323 1710 ὑπομείνας
2342 1635 2510 1712 ἧτταν
2533 1639 2720 1710 ἀπῄει,
2750 1637 3132 1708 λαμπρότερον
3167 1634 3543 1707 ἐργασάμενος

1871 1724 1966 1778 τοῦ
1992 1725 2127 1780 Θεοῦ
2169 1727 2261 1780 τὸν
2285 1727 2546 1798 ἀθλητήν.
2579 1725 2763 1780 Ταῦτα
2807 1720 2901 1778 οὖν
2934 1725 3028 1777 καί
3061 1724 3222 1792 ἡμεῖς
3253 1719 3453 1782 εἰδότες
3484 1717 3542 1771 ἐν

1875 1818 2035 1889 μόνον
2065 1816 2379 1888 φοϐώμεθα,
2420 1817 2520 1887 τὴν
2571 1816 2866 1887 ἁμαρτίαν,
2900 1813 2968 1867 τὰ
3011 1813 3070 1866 δὲ
3105 1811 3242 1866 ἀλλα
3281 1807 3546 1878 γενναίως

1872 1906 2146 1977 φέρωμεν,
2167 1905 2270 1958 κᾶν
2288 1905 2585 1975 χρημάτων
2605 1903 2798 1975 ζημία,
2831 1903 2936 1956 κᾶν
2958 1901 3111 1964 νόσος
3131 1897 3418 1968 σωμάτων,
3443 1894 3546 1949 κάν

1870 1993 2221 2065 περιστάσεις
2250 1992 2612 2062 πραγμάτων,
2642 1990 2743 2044 κάν
2773 1991 3026 2060 ἐπήρεια,
3061 1986 3163 2040 κᾶν
3190 1981 3548 2054 συκοφαντία,

1871 2079 1974 2133 κᾶν
1993 2079 2123 2134 ἀλλο
2156 2079 2333 2132 ὁτιοῦν
2362 2079 2633 2149 ἐπάγηται
2659 2077 2829 2131 δεινὸν
2859 2078 2991 2147 ἡμῖν
3021 2075 3114 2145 (6)·
3141 2073 3350 2126 τούτων
3373 2069 3484 2141 γάρ
3510 2070 3545 2140 ἡ

1871 2166 2031 2238 φύσις
2057 2167 2118 2219 οὐ
2161 2167 2320 2238 μόνον
2360 2168 2507 2237 ἡμᾶς
2547 2166 2607 2218 οὐ
2641 2163 3022 2235 παραϐλάψει,
3052 2160 3189 2214 ἀλλά
3223 2157 3318 2213 καὶ
3345 2157 3414 2211 τά
3447 2155 3546 2227 μέ-

1870 2273 2032 2326 γιστα
2068 2254 2346 2325 ὠφελῆσαι
2392 2253 2702 2323 δυνήσεται,
2757 2252 2822 2306 ἂν
2873 2251 2988 2321 μετ’
3024 2247 3374 2319 εὐχαριστίας
3407 2242 3549 2298 αὐτά

1872 2341 2147 2412 φέρωμεν,
2195 2343 2290 2394 καὶ
2338 2340 2591 2402 πλείονας
2633 2341 2766 2410 ἡμῖν
2799 2338 3095 2409 ἐργάσεται
3123 2336 3251 2398 τούς
3298 2331 3545 2404 μισθούς.

1882 2429 2044 2500 Ὁρᾷς
2091 2428 2223 2498 γοῦν
2269 2429 2366 2482 καὶ
2402 2429 2496 2481 τὸν
2539 2426 2660 2480 Ἰὼϐ
2703 2425 2842 2497 μετά
2869 2426 2930 2480 τὸ
2957 2427 3079 2488 τοὺς
3113 2422 3411 2492 στεφάνους
3447 2421 3548 2490 τῆς

1872 2517 2147 2588 ὑπομονῆς
2175 2518 2268 2570 καὶ
2293 2516 2394 2586 τῆς
2421 2516 2671 2586 ἀνδρείας
2696 2514 2942 2576 ἅπαντας
2967 2510 3362 2582 ἀναδήσασθαι,
3382 2507 3549 2562 διπλᾶ

1869 2604 1938 2656 τά
1962 2602 2278 2660 ἀπολωλότα
2309 2602 2649 2673 ἀπειληφότα
2672 2601 2910 2654 ἅπαντα.
2942 2600 3014 2652 Σὺ
3043 2599 3100 2652 δὲ
3119 2598 3239 2668 οὐχὶ
3267 2595 3429 2650 διπλᾶ
3451 2595 3546 2648 καὶ

1869 2691 2093 2762 τριπλᾶ,
2133 2690 2247 2743 ἀλλ’
2279 2688 2811 2743 ἑκατονταπλασίονα
2843 2686 3020 2740 πάντα
3051 2684 3328 2755 ἀπολήψῃ,
3357 2682 3422 2736 ἂν
3450 2682 3546 2750 φέ-

1875 2793 1975 2850 ρῃς
2006 2778 2290 2844 γενναίως,
2319 2777 2412 2830 καί.
2443 2776 2588 2848 ζωὴν
2616 2775 2832 2829 αἰώνιον
2866 2774 3296 2846 κληρονομήσεις
3316 2787 3328 2799 ·
3358 2766 3426 2842 ἦς
3451 2770 3548 2838 γέ-

1871 2881 2016 2917 νοιτο
2048 2864 2254 2927 πάντας
2289 2865 2433 2935 ἡμᾶς
2477 2865 2776 2933 ἐπιτυχεῖν,
2812 2862 2996 2933 χάριτι
3027 2861 3120 2915 καὶ
3165 2858 3548 2930 φιλανθρωπίᾳ

1875 2950 1970 3003 τοῦ
1999 2951 2206 3021 Κυρίου
2232 2951 2392 3020 ἡμῶν
2437 2951 2611 3020 Ἰησοῦ
2641 2949 2900 3021 Χριστοῦ,
2925 2942 2968 3016 ᾧ
2995 2950 3028 3015 ἡ
3054 2946 3181 3010 δόξα
3206 2947 3298 2998 καὶ
3327 2944 3388 2997 τὺ
3412 2944 3548 3014 κρά-

1873 3053 1986 3101 τος,
2011 3036 2106 3090 νῦν
2129 3038 2224 3092 καὶ
2243 3037 2349 3100 ἀεὶ,
2376 3037 2468 3089 καὶ
2489 3037 2568 3101 εἰς
2594 3038 2718 3100 τοὺς
2739 3035 2942 3099 αἰῶνας
2961 3035 3067 3086 τῶν
3091 3033 3321 3086 αἰώνων,
3353 3031 3545 3102 Ἀμήν.

1939 3143 1961 3171 °
1987 3140 2138 3190 Savil.
2159 3141 2318 3190 etduo
2329 3141 2523 3190 codices
2543 3142 2630 3190 κᾶν
2653 3141 2772 3198 άλλη
2797 3158 2866 3196 τις
2889 3140 2998 3202 ὑμῖν
3026 3138 3319 3202 έπεγείρηται
3340 3137 3549 3194 δυσ-κλη-

1876 3201 1969 3264 ρία.
1998 3203 2192 3251 Τούτων
2213 3204 2302 3266 γάρ
2320 3205 2350 3260 ἡ
2382 3203 2518 3265 φύσις
2544 3204 2598 3251 οὐ
2626 3203 2766 3264 μόνον
2787 3204 2909 3263 ὑμᾶς
2931 3201 2986 3249 οὐ
3017 3201 3198 3263 βλάψει.

179 3308 3392 3342 .___.________________________________________

1017 3409 1372 3522 ΠΕΡΙ
1426 3409 2604 3532 ΑΚΑΤΑΛΗΠΤΟΥ

1401 3581 1580 3634 ΠΡΟΣ
1618 3582 1794 3637 ΤΟΥΣ
1831 3585 1927 3640 AN
1931 3586 2232 3640 ΟΜΟΙΟΥΣ

667 3809 860 3877 Λόγος
897 3807 1186 3878 πέμπτος.

154 3903 230 3952 α’.
286 3894 537 3949 Ἐπειδὰν
563 3893 733 3966 μέλλῃ
764 3912 848 3959 τις
875 3897 1206 3967 μικροτέρας
1253 3895 1564 3961 ὑποθέσεως
1610 3899 1776 3952 ἀπτε-

73 3989 250 4047 σΟαι.
281 3987 376 4040 καὶ
405 3985 616 4038 πολλῶν
643 3984 904 4055 δεομένης
938 3983 1242 4053 λόγων,καὶ
1255 3985 1353 4040 οὐκ
1368 3985 1440 4038 ,ἐν
1461 3983 1646 4057 ἡμέρᾳ
1678 3989 1776 4058 μιᾷ

74 4078 188 4132 καὶ
210 4075 305 4129 δύο
330 4075 424 4128 καὶ
443 4073 640 4144 τρισὶν,
666 4073 781 4126 ἀλλ’
812 4075 870 4127 ἐν
904 4071 1082 4142 πολλῷ
1112 4072 1320 4124 πλείοσι
1347 4073 1772 4145 περαιουμένης,

73 4165 390 4231 ἀναγκαῖον
434 4157 572 4215 εἶναι
617 4160 822 4229 νομίζω
864 4158 943 4230 τῷ
972 4159 1201 4228 τοιούτῳ
1233 4157 1309 4230 μὴ
1351 4161 1533 4212 πᾶσαν
1563 4159 1774 4230 ἀθρόως

77 4250 232 4324 μηδὲ
272 4249 362 4317 ὑφ’
405 4249 464 4300 ἐν
511 4246 812 4300 ἐπιτιθέναι
856 4248 923 4316 τῇ
964 4245 1076 4298 τῶν
1108 4245 1392 4316 ἀκροατῶν
1429 4246 1642 4318 διανοίᾳ
1670 4247 1772 4318 τὴν

67 4335 461 4398 διδασκαλίαν,
489 4334 605 4388 ἀλλ’
628 4336 708 4396 εἰς
739 4331 913 4386 πολλά
935 4333 996 4386 τὸ
1020 4331 1139 4385 ὅλον
1164 4332 1577 4402 κατατέμνοντα
1604 4332 1669 4403 μέ
1680 4351 1771 4406 ρη,

72 4426 301 4494 κοῦφον
334 4423 428 4478 καὶ
463 4420 729 4492 εὐληπτον
755 4419 834 4492 τῷ
875 4419 1385 4490 κατακερματισμῷ
1410 4418 1569 4472 τοῦτο
1597 4423 1772 4474 ποιεῖν

73 4515 148 4568 τὸ
173 4511 272 4564 τοῦ
301 4509 463 4578 λόγου
484 4509 722 4581 φορτίον.
756 4507 865 4562 Καὶ
887 4508 997 4577 γάρ
1024 4507 1115 4558 καὶ
1136 4505 1351 4574 γλῶττα
1387 4507 1483 4560 καὶ
1509 4506 1649 4577 ἀκοὴ
1673 4509 1772 4560 καὶ

73 4602 334 4656 ἕκαστον
361 4595 470 4648 τῶν
496 4595 872 4666 αἰσθητηρίων
899 4592 1055 4664 ἡμῶν
1084 4593 1258 4664 μέτρα
1289 4594 1382 4646 καὶ
1411 4594 1646 4657 κανόνας
1681 4597 1774 4648 καὶ

71 4691 260 4760 ὄρους
288 4683 399 4753 ἔχει
425 4683 732 4752 κειμένους,
760 4681 862 4736 κᾶν
887 4681 1212 4751 ἐπιχειρήσῃ
1240 4697 1322 4742 τις
1350 4679 1573 4744 τούτους
1600 4683 1772 4753 ὑπερ-

73 4771 261 4844 ϐῆναί
292 4787 421 4824 ποτε
463 4770 590 4834 τοὺς
634 4770 816 4840 ὄρους,
861 4768 1084 4836 καὶτῆς
1117 4766 1284 4837 οὔσης
1328 4769 1584 4822 ἐκπίπτει
1609 4771 1774 4824 δυνά-

77 4871 267 4931 μεως.
311 4852 377 4907 Τί
411 4853 518 4924 γάρ
551 4851 884 4923 γλυκύτερον
911 4850 1111 4920 φωτὸς,
1141 4848 1264 4901 εἰπέ
1302 4867 1428 4920 μοις
1457 4851 1512 4904 τί
1541 4851 1599 4904 δὲ
1622 4852 1772 4923 ἡδιον

71 4947 348 5006 ἀκτῖνος;
392 4942 507 4995 ἀλλ’
536 4942 685 5012 ὅμως
712 4941 774 4994 τὸ
800 4941 973 5009 γλυκύ
1004 4942 1164 4996 τοῦτο
1193 4942 1290 4995 καὶ
1315 4941 1436 5011 ἡδὺ,
1475 4941 1604 4994 ὅταν
1633 4941 1774 5012 ὑπὲρ

71 5031 147 5084 τὸ
173 5026 378 5098 μέτρον
406 5025 564 5096 ἡμῶν
590 5027 830 5097 ὁμιλήσῃ
856 5029 968 5089 τοῖς
994 5027 1260 5097 ὄμμασιν,
1300 5024 1537 5094 ἐπαχθὲς
1563 5025 1771 5093 γίνεται

72 5119 194 5170 καὶ
243 5113 522 5184 φορτικόν.
583 5113 682 5166 Διά
734 5114 893 5167 τοῦτο
948 5116 1043 5168 καὶ
1092 5116 1122 5168 ὁ
1180 5113 1312 5176 Θεδς
1363 5112 1534 5166 νύκτα
1585 5115 1775 5184 ἐνομο-

73 5206 330 5272 θέτησεν
357 5197 494 5254 εἶναι
536 5201 674 5272 μετά
707 5201 807 5270 τὴν
841 5203 1078 5273 ἡμέραν,
1111 5202 1199 5256 ἵνα
1246 5201 1626 5272 πεπονηκότας
1671 5217 1774 5254 πα-

73 5288 412 5367 ραλαϐοῦσα
454 5290 580 5352 τοὺς
622 5288 954 5358 ὀφθαλμοὺς,
1000 5288 1332 5360 καταστείλῃ
1375 5288 1444 5341 τά
1505 5286 1772 5359 βλέφαρα,

68 5378 346 5447 κοιμήσῃ
365 5376 463 5438 τὰς
489 5375 678 5448 κόρας,
707 5375 997 5447 ἀναπαύσῃ
1017 5375 1303 5447 καμοῦσαν
1334 5377 1468 5447 ἡμῖν
1492 5375 1592 5448 τὴν
1615 5377 1768 5430 ὀπτι-

71 5469 197 5538 κὴο
223 5463 478 5533 δύναμιν,
510 5463 606 5515 καὶ
634 5462 771 5532 πρὸς
805 5462 902 5534 τὴν
932 5463 1034 5533 τῆς
1071 5463 1373 5534 μελλούσης
1395 5464 1609 5537 ἡμέρας
1638 5464 1775 5518 θεω-

74 5559 222 5631 ρίαν
255 5549 694 5621 ἐπιτηδειοτέραν
719 5550 1135 5623 παρασκευάσῃ.
1167 5551 1267 5605 Διά
1295 5551 1452 5604 τοῦτο
1480 5552 1576 5605 καὶ
1603 5553 1775 5624 ἐγρή-

72 5655 293 5714 γορσις
332 5638 425 5690 καὶ
458 5636 626 5700 ῦπνος
655 5637 875 5691 ἐναντία
902 5637 1034 5691 ὄντα
1066 5637 1338 5710 ἀλλήλοις,
1369 5638 1480 5692 ἀπὸ
1507 5638 1610 5709 τῆς
1637 5656 1776 5711 συε-

79 5725 333 5805 μετρίας
376 5725 577 5794 ὁμοίως
620 5723 873 5797 ἀλλήλοις
920 5725 1116 5795 ἥδιστα
1159 5725 1388 5794 γίνεται,
1447 5725 1542 5778 καὶ
1600 5725 1776 5800 γλυκὺ

75 5811 396 5875 καλοῦντες
445 5811 510 5864 τὸ
550 5810 689 5883 φῶς,
739 5811 943 5884 γλυκὺν
983 5812 1187 5885 ὁμοίως
1231 5811 1504 5884 καλοῦμεν
1539 5813 1634 5867 καὶ
1686 5813 1777 5867 τὸν

1878 3813 2046 3867 ῦπνον
2091 3815 2182 3867 τὸν
2233 3815 2516 3882 ἀπάγοντα
2567 3816 2718 3884 ἡμᾶς
2766 3815 2862 3868 τοῦ
2913 3816 3110 3884 φωτός.
3179 3815 3366 3880 Οὕτως
3401 3815 3555 3890 [481]

1877 3902 1912 3971 ἡ
1958 3901 2196 3972 ἀμετρία
2249 3901 2529 3972 πανταχοῦ
2565 3901 2703 3972 βαρύ
2748 3903 2844 3954 καὶ
2873 3901 3129 3971 ἐπαχθὲς,
3180 3904 3274 3956 καὶ
3319 3902 3382 3956 τὸ
3417 3903 3557 3974 σύμ-

1880 4005 2077 4059 μέτρον
2131 3988 2226 4058 ἡδὺ
2289 3989 2384 4042 καὶ
2448 3990 2715 4059 χρήσιμον
2769 3990 2901 4059 ἡμῖν
2952 3989 3046 4042 καὶ
3105 3989 3394 4060 προσηνές.
3453 3990 3554 4044 Διά

1876 4075 1940 4146 δὴ
1996 4075 2157 4128 τοῦτο
2203 4075 2298 4128 καί
2340 4077 2502 4146 ἡμεῖς
2549 4075 2817 4147 τετάρτην
2851 4075 2882 4146 ἢ
2913 4077 3007 4130 καὶ
3045 4076 3304 4148 πέμπτην
3339 4077 3556 4150 ἡμέραν

1875 4162 2090 4232 ἔχοντες
2140 4162 2350 4226 λοιπὸν,
2391 4163 2452 4228 ἐξ
2487 4156 2548 4217 οῦ
2586 4163 2679 4216 τὸν
2718 4163 2847 4232 περὶ
2878 4163 3266 4235 ἀκαταλήπτου
3295 4164 3555 4236 κινοῦμεν

1874 4249 2049 4319 λόγον,
2087 4250 2298 4317 οὐδέπω
2327 4250 2424 4304 καὶ
2443 4253 2678 4322 τήμερον
2700 4249 2862 4304 αὐτὸν
2885 4251 3186 4322 ἀπαρτίσαι
3217 4252 3558 4322 παρεσκευά-

1877 4333 2071 4405 σμεθα,
2113 4331 2249 4386 ἀλλά
2293 4332 2363 4386 τά
2393 4333 2687 4405 σύμμετρα
2720 4334 2858 4404 πρὸς
2896 4334 2996 4407 τὴν
3024 4334 3298 4407 ὑμετέραν
3327 4335 3554 4405 ἀγάπην

1874 4418 2138 4482 εἰπόντες,
2169 4416 2328 4472 πάλιν
2355 4417 2668 4472 ἀναπαῦσαι
2700 4419 2800 4488 τὴν
2827 4417 3064 4471 διάνοιαν
3092 4417 3248 4488 ὑμῶν
3283 4417 3552 4489 ἔγνωμεν.

1874 4501 1984 4553 Ποῦ
2022 4500 2199 4556 τοίνυν
2231 4499 2425 4572 πρώην
2450 4501 2541 4553 τὸν
2578 4501 2732 4570 λόγον
2772 4500 3163 4571 κατελίπομενς
3203 4489 3418 4570 ἀνάγκη
3446 4502 3558 4573 γάρ

1873 4588 2034 4641 αὐτὸν
2071 4587 2278 4641 ἐκεῖθεν
2329 4587 2612 4642 ἀνελέσθαι
2658 4588 2839 4652 πάλιν,
2883 4587 3068 4658 ἐπειδὴ
3098 4587 3196 4659 μία
3225 4588 3307 4651 τίς
3333 4590 3450 4641 ἐστι
3475 4589 3552 4642 διο

1872 4675 2168 4740 δασκαλίας
2200 4676 2510 4731 ἀκολουθία.
2547 4675 2836 4747 Ἐλέγομεν
2868 4676 3012 4739 τότε,
3048 4676 3129 4729 ὃτι
3152 4675 3249 4746 τῆς
3271 4674 3500 4746 βροντῆς
3525 4677 3556 4730 ὀ

1876 4767 1989 4826 υἱὸς
2021 4759 2196 4826 εἷπεν,
2223 4765 2305 4816 ὅτι
2339 4763 2489 4818 Θεὸν
2534 4764 2733 4828 οὐδεὶς
2755 4763 2977 4831 ἑώρακε
3011 4760 3248 4816 πώποτε
3270 4779 3283 4792 ⁸
3317 4765 3349 4817 ό
3370 4780 3554 4832 μονο-

1875 4851 2057 4924 γενὴς
2104 4853 2256 4916 Υἱὸς,
2305 4855 2340 4904 ὀ
2391 4852 2476 4903 ῶν
2518 4851 2588 4903 ἐν
2647 4850 2772 4916 τοῖς
2803 4851 3057 4916 κόλποις
3095 4862 3121 4890 ιι
3160 4850 3268 4904 τοῦ
3300 4850 3550 4919 Πατρός,

1873 4940 2054 5005 αὐτὸς
2113 4938 2477 5008 ἐξηγήσατο.
2527 4939 2773 5008 Σήμερον
2830 4937 3124 5005 ἀναγκαῖον
3187 4937 3398 5009 μαθεῖν,
3449 4937 3556 4992 ποῦ

1875 5026 2032 5080 τοῦτο
2057 5027 2217 5090 αὐτὸς
2245 5025 2547 5096 ἐξηγήσατο
2567 5025 2595 5076 ὁ
2625 5025 2915 5096 μονογενὴς
2946 5023 3074 5088 Υίὺς
3092 5023 3188 5077 τοῦ
3223 5023 3380 5081 Θεοῦ.
3426 5026 3556 5079 Ἆπ-

1875 5116 2104 5184 εκρίθη,
2131 5113 2286 5183 φησί,
2319 5112 2443 5178 τοῖς
2481 5112 2806 5179 Ἰουδαίοις,
2826 5112 2924 5166 καί
2957 5109 3156 5167 εἶπεν·
3192 5115 3305 5181 οὐχ
3332 5113 3419 5166 ὅτι
3445 5112 3556 5166 τὸν

1876 5202 2109 5272 Πατέρα
2135 5221 2223 5269 τις
2251 5201 2533 5270 ἑώρακεν,
2567 5205 2620 5256 εί
2635 5201 2722 5272 μὴ
2756 5205 2788 5256 ό
2812 5202 2898 5254 ὢν
2932 5201 3001 5255 ἐκ
3039 5200 3145 5256 τοῦ
3168 5201 3338 5264 Θεοῦ,
3373 5197 3554 5266 οὗτος

1877 5292 2096 5360 ἑώρακε
2119 5291 2227 5345 τὸν
2246 5289 2494 5360 Πατέρα.
2530 5291 2759 5362 Ὃρασιν
2779 5289 2940 5344 πάλιν
2971 5288 3204 5344 ἐνταῦθα
3225 5291 3322 5359 τὴν
3351 5289 3556 5355 γνῶσιν

1876 5379 2044 5448 λέγει.
2073 5380 2182 5433 Καὶ
2205 5379 2306 5433 οὐκ
2346 5375 2499 5432 εἶπεν
2541 5379 2750 5442 ἁπλῶς,
2788 5379 2871 5432 ὅτι
2900 5376 3108 5442 Οὐδείς
3139 5372 3261 5430 οἵδε
3299 5376 3406 5429 τὸν
3437 5379 3556 5429 Ha-

1883 5466 2042 5535 τέρα,
2101 5468 2196 5520 καὶ
2249 5467 2524 5537 ἐσίγησεν,
2557 5467 2642 5521 ῖνα
2669 5467 2744 5536 μή
2795 5481 2880 5528 τις
2908 5465 3035 5534 περί
3069 5461 3372 5532 ἀνθρώπων
3397 5461 3560 5515 τοῦτο

1883 5554 2132 5624 λέγεσθαι
2154 5554 2353 5629 νομίζῃ
2389 5555 2570 5626 μόνον,
2598 5553 2736 5607 ἀλλά
2755 5552 3078 5624 βουλόμενος
3098 5550 3288 5618 δεῖξαι,
3328 5551 3409 5603 ὅτι
3431 5549 3554 5604 οὐτε

1935 5759 1996 5833 ξ’
2018 5759 2148 5868 ξίνιι
2191 5761 2245 5809 ει
2267 5756 2466 5822 quidam
2489 5770 2605 5808 mss.
2633 5757 2698 5814 εἰς
2741 5759 2822 5807 τὸν
2861 5757 3058 5819 κόλπον,
3087 5754 3260 5806 Morel.
3303 5758 3358 5806 et
3376 5751 3464 5806 alii
3509 5753 3557 5802 ιν

1935 5839 1983 5868 ιι(
1997 5837 2055 5868 κο
2083 5836 2137 5868 π.

1883 5838 1983 5880 τοις
1997 5836 2137 5870 κολπ.
