  <div class='ocr_page' id='page_1' title='image "/cluster/home/n/w/nwhite01/storage/ocr_20150623/48/nnc1.0046978267/217.png"; bbox 0 0 3854 6222; ppageno 0'>
   <div class='ocr_carea' id='block_1_1' title="bbox 308 258 413 314">
    <p class='ocr_par' dir='ltr' id='par_1_1' title="bbox 308 258 413 314">
     <span class='ocr_line' id='line_1_1' title="bbox 308 258 413 314; baseline -0.019 0"><span class='ocrx_word' id='word_1_1' title='bbox 308 258 413 314; x_wconf 65' lang='grc'>757</span> 
     </span>
    </p>
   </div>
   <div class='ocr_carea' id='block_1_2' title="bbox 302 366 1976 448">
    <p class='ocr_par' dir='ltr' id='par_1_2' title="bbox 302 366 1976 448">
     <span class='ocr_line' id='line_1_2' title="bbox 302 366 1976 448; baseline -0.001 -21"><span class='ocrx_word' id='word_1_2' title='bbox 302 371 545 442; x_wconf 72' lang='grc' dir='ltr'>ἄγγελοι,</span> <span class='ocrx_word' id='word_1_3' title='bbox 583 369 706 424; x_wconf 83' lang='grc' dir='ltr'>οὔτε</span> <span class='ocrx_word' id='word_1_4' title='bbox 767 367 1121 442; x_wconf 84' lang='grc' dir='ltr'>ἀρχάγγελοι,</span> <span class='ocrx_word' id='word_1_5' title='bbox 1160 366 1285 421; x_wconf 82' lang='grc' dir='ltr'>οὐτε</span> <span class='ocrx_word' id='word_1_6' title='bbox 1332 369 1389 420; x_wconf 89' lang='grc' dir='ltr'>αί</span> <span class='ocrx_word' id='word_1_7' title='bbox 1435 367 1554 422; x_wconf 82' lang='grc' dir='ltr'>ἀνω</span> <span class='ocrx_word' id='word_1_8' title='bbox 1587 369 1866 442; x_wconf 88' lang='grc' dir='ltr'>δυνάμεις,</span> <span class='ocrx_word' id='word_1_9' title='bbox 1909 379 1976 448; x_wconf 83' lang='grc' dir='ltr'>τῇ</span> 
     </span>
    </p>
   </div>
   <div class='ocr_carea' id='block_1_3' title="bbox 301 462 1981 539">
    <p class='ocr_par' dir='ltr' id='par_1_3' title="bbox 301 462 1981 539">
     <span class='ocr_line' id='line_1_3' title="bbox 301 462 1981 539; baseline 0.01 -31"><span class='ocrx_word' id='word_1_10' title='bbox 301 469 568 539; x_wconf 61' lang='grc' dir='ltr'>ἐπαγωγῇ</span> <span class='ocrx_word' id='word_1_11' title='bbox 618 465 776 520; x_wconf 82' lang='grc' dir='ltr'>τοῦτο</span> <span class='ocrx_word' id='word_1_12' title='bbox 827 465 986 536; x_wconf 85' lang='grc' dir='ltr'>δῆλον</span> <span class='ocrx_word' id='word_1_13' title='bbox 1034 465 1309 536; x_wconf 86' lang='grc' dir='ltr'>ἐποίησεν.</span> <span class='ocrx_word' id='word_1_14' title='bbox 1342 462 1527 517; x_wconf 82' lang='grc' dir='ltr'>Είπὼν</span> <span class='ocrx_word' id='word_1_15' title='bbox 1573 465 1703 537; x_wconf 86' lang='grc' dir='ltr'>γὰρ,</span> <span class='ocrx_word' id='word_1_16' title='bbox 1745 470 1868 538; x_wconf 84' lang='grc' dir='ltr'>οὐχ</span> <span class='ocrx_word' id='word_1_17' title='bbox 1891 469 1981 524; x_wconf 85' lang='grc' dir='ltr'>ὅτι</span> 
     </span>
    </p>
   </div>
   <div class='ocr_carea' id='block_1_4' title="bbox 302 558 1982 632">
    <p class='ocr_par' dir='ltr' id='par_1_4' title="bbox 302 558 1982 632">
     <span class='ocr_line' id='line_1_4' title="bbox 302 558 1982 632; baseline 0.001 -14"><span class='ocrx_word' id='word_1_18' title='bbox 302 564 411 618; x_wconf 85' lang='grc' dir='ltr'>τὸν</span> <span class='ocrx_word' id='word_1_19' title='bbox 430 561 660 632; x_wconf 80' lang='grc' dir='ltr'>Πατέρα</span> <span class='ocrx_word' id='word_1_20' title='bbox 686 579 776 628; x_wconf 87' lang='grc' dir='ltr'>τις</span> <span class='ocrx_word' id='word_1_21' title='bbox 799 560 1017 628; x_wconf 69' lang='grc' dir='ltr'>ἑώρακε</span> <span class='ocrx_word' id='word_1_22' title='bbox 1045 558 1298 624; x_wconf 78' lang='grc' dir='ltr'>πώποτε,</span> <span class='ocrx_word' id='word_1_23' title='bbox 1317 561 1619 632; x_wconf 81' lang='grc' dir='ltr'>ἐπήγαγεν,</span> <span class='ocrx_word' id='word_1_24' title='bbox 1647 563 1718 616; x_wconf 78' lang='lat' dir='ltr'><em>El</em></span> <span class='ocrx_word' id='word_1_25' title='bbox 1737 562 1824 631; x_wconf 82' lang='grc' dir='ltr'>μὴ</span> <span class='ocrx_word' id='word_1_26' title='bbox 1844 567 1878 619; x_wconf 82' lang='grc' dir='ltr'>ό</span> <span class='ocrx_word' id='word_1_27' title='bbox 1894 565 1982 618; x_wconf 83' lang='grc' dir='ltr'>ὢν</span> 
     </span>
    </p>
   </div>
   <div class='ocr_carea' id='block_1_5' title="bbox 299 653 1982 732">
    <p class='ocr_par' dir='ltr' id='par_1_5' title="bbox 299 653 1982 732">
     <span class='ocr_line' id='line_1_5' title="bbox 299 653 1982 732; baseline 0.001 -19"><span class='ocrx_word' id='word_1_28' title='bbox 299 660 370 713; x_wconf 78' lang='grc' dir='ltr'>ἐκ</span> <span class='ocrx_word' id='word_1_29' title='bbox 398 659 503 714; x_wconf 88' lang='grc' dir='ltr'>τοῦ</span> <span class='ocrx_word' id='word_1_30' title='bbox 528 657 698 723; x_wconf 83' lang='grc' dir='ltr'>Θεοῦ,</span> <span class='ocrx_word' id='word_1_31' title='bbox 729 653 907 722; x_wconf 80' lang='grc' dir='ltr'>οὗτος</span> <span class='ocrx_word' id='word_1_32' title='bbox 962 655 1185 724; x_wconf 80' lang='grc' dir='ltr'>ἑώρακε</span> <span class='ocrx_word' id='word_1_33' title='bbox 1223 657 1330 710; x_wconf 87' lang='grc' dir='ltr'>τὸν</span> <span class='ocrx_word' id='word_1_34' title='bbox 1350 656 1605 726; x_wconf 82' lang='grc' dir='ltr'>Πατέρα.</span> <span class='ocrx_word' id='word_1_35' title='bbox 1640 658 1704 712; x_wconf 89' lang='grc' dir='ltr'>Εί</span> <span class='ocrx_word' id='word_1_36' title='bbox 1741 659 1840 730; x_wconf 88' lang='grc' dir='ltr'>μὲν</span> <span class='ocrx_word' id='word_1_37' title='bbox 1872 659 1982 732; x_wconf 75' lang='grc' dir='ltr'>γὰρ</span> 
     </span>
    </p>
   </div>
   <div class='ocr_carea' id='block_1_6' title="bbox 301 748 1982 817">
    <p class='ocr_par' dir='ltr' id='par_1_6' title="bbox 301 748 1982 817">
     <span class='ocr_line' id='line_1_6' title="bbox 301 748 1982 817; baseline 0 -11"><span class='ocrx_word' id='word_1_38' title='bbox 301 748 457 806; x_wconf 80' lang='grc' dir='ltr'>εἶπεν</span> <span class='ocrx_word' id='word_1_39' title='bbox 493 751 700 817; x_wconf 81' lang='grc' dir='ltr'>ἁπλῶς,</span> <span class='ocrx_word' id='word_1_40' title='bbox 731 750 948 816; x_wconf 74' lang='grc' dir='ltr'>οὐδεὶς,</span> <span class='ocrx_word' id='word_1_41' title='bbox 991 749 1176 804; x_wconf 73' lang='grc' dir='ltr'>πολλοὶ</span> <span class='ocrx_word' id='word_1_42' title='bbox 1224 749 1332 802; x_wconf 88' lang='grc' dir='ltr'>τῶν</span> <span class='ocrx_word' id='word_1_43' title='bbox 1374 751 1722 804; x_wconf 81' lang='grc' dir='ltr'>ἀκουσάντων</span> <span class='ocrx_word' id='word_1_44' title='bbox 1755 750 1884 816; x_wconf 72' lang='grc' dir='ltr'>ἴσως</span> <span class='ocrx_word' id='word_1_45' title='bbox 1915 752 1982 806; x_wconf 80' lang='grc' dir='ltr'>ἂν</span> 
     </span>
    </p>
   </div>
   <div class='ocr_carea' id='block_1_7' title="bbox 301 845 1985 921">
    <p class='ocr_par' dir='ltr' id='par_1_7' title="bbox 301 845 1985 921">
     <span class='ocr_line' id='line_1_7' title="bbox 301 845 1985 921; baseline 0.001 -20"><span class='ocrx_word' id='word_1_46' title='bbox 301 849 548 921; x_wconf 75' lang='grc' dir='ltr'>περὶτῆς</span> <span class='ocrx_word' id='word_1_47' title='bbox 572 847 850 920; x_wconf 82' lang='grc' dir='ltr'>ἡμετέρας</span> <span class='ocrx_word' id='word_1_48' title='bbox 899 847 1157 917; x_wconf 83' lang='grc' dir='ltr'>ἐνόμισαν</span> <span class='ocrx_word' id='word_1_49' title='bbox 1186 846 1318 900; x_wconf 90' lang='grc' dir='ltr'>αὐτὸ</span> <span class='ocrx_word' id='word_1_50' title='bbox 1349 847 1564 916; x_wconf 82' lang='grc' dir='ltr'>φύσεως</span> <span class='ocrx_word' id='word_1_51' title='bbox 1604 845 1856 918; x_wconf 75' lang='grc' dir='ltr'>εἰρῆσθαι</span> <span class='ocrx_word' id='word_1_52' title='bbox 1890 849 1985 919; x_wconf 83' lang='grc' dir='ltr'>μό-</span> 
     </span>
    </p>
   </div>
   <div class='ocr_carea' id='block_1_8' title="bbox 299 944 1980 1016">
    <p class='ocr_par' dir='ltr' id='par_1_8' title="bbox 299 944 1980 1016">
     <span class='ocr_line' id='line_1_8' title="bbox 299 944 1980 1016; baseline -0.001 -16"><span class='ocrx_word' id='word_1_53' title='bbox 299 964 418 1000; x_wconf 79' lang='grc' dir='ltr'>νονο</span> <span class='ocrx_word' id='word_1_54' title='bbox 439 946 534 1000; x_wconf 90' lang='grc' dir='ltr'>νῦν</span> <span class='ocrx_word' id='word_1_55' title='bbox 565 946 619 1000; x_wconf 85' lang='grc' dir='ltr'>δὲ</span> <span class='ocrx_word' id='word_1_56' title='bbox 646 946 836 1010; x_wconf 84' lang='grc' dir='ltr'>είπὼν,</span> <span class='ocrx_word' id='word_1_57' title='bbox 872 945 1101 1012; x_wconf 75' lang='grc' dir='ltr'>Οὐδεὶς,</span> <span class='ocrx_word' id='word_1_58' title='bbox 1129 947 1225 999; x_wconf 74' lang='grc' dir='ltr'>καὶ</span> <span class='ocrx_word' id='word_1_59' title='bbox 1244 944 1522 1016; x_wconf 74' lang='grc' dir='ltr'>προσθεὶς,</span> <span class='ocrx_word' id='word_1_60' title='bbox 1548 947 1617 999; x_wconf 82' lang='lat' dir='ltr'>El</span> <span class='ocrx_word' id='word_1_61' title='bbox 1639 945 1724 1014; x_wconf 80' lang='grc' dir='ltr'>μὴ</span> <span class='ocrx_word' id='word_1_62' title='bbox 1755 949 1787 999; x_wconf 85' lang='grc' dir='ltr'>ό</span> <span class='ocrx_word' id='word_1_63' title='bbox 1825 947 1980 1014; x_wconf 75' lang='grc' dir='ltr'>Υἱὸς,</span> 
     </span>
    </p>
   </div>
   <div class='ocr_carea' id='block_1_9' title="bbox 297 1040 1979 1114">
    <p class='ocr_par' dir='ltr' id='par_1_9' title="bbox 297 1040 1979 1114">
     <span class='ocr_line' id='line_1_9' title="bbox 297 1040 1979 1114; baseline 0 -18"><span class='ocrx_word' id='word_1_64' title='bbox 297 1046 366 1114; x_wconf 78' lang='grc' dir='ltr'>τῇ</span> <span class='ocrx_word' id='word_1_65' title='bbox 390 1042 678 1114; x_wconf 83' lang='grc' dir='ltr'>προσθήκῃ</span> <span class='ocrx_word' id='word_1_66' title='bbox 695 1043 788 1096; x_wconf 89' lang='grc' dir='ltr'>τοῦ</span> <span class='ocrx_word' id='word_1_67' title='bbox 812 1041 1152 1110; x_wconf 87' lang='grc' dir='ltr'>Μονογενοῦς</span> <span class='ocrx_word' id='word_1_68' title='bbox 1167 1045 1345 1095; x_wconf 78' lang='grc' dir='ltr'>πᾶσαν</span> <span class='ocrx_word' id='word_1_69' title='bbox 1363 1040 1460 1112; x_wconf 82' lang='grc' dir='ltr'>τὴν</span> <span class='ocrx_word' id='word_1_70' title='bbox 1472 1041 1647 1094; x_wconf 89' lang='grc' dir='ltr'>κτίσιν</span> <span class='ocrx_word' id='word_1_71' title='bbox 1665 1041 1979 1096; x_wconf 88' lang='grc' dir='ltr'>ἀπέκλεισε.</span> 
     </span>
    </p>
   </div>
   <div class='ocr_carea' id='block_1_10' title="bbox 299 1131 1982 1205">
    <p class='ocr_par' dir='ltr' id='par_1_10' title="bbox 299 1131 1982 1205">
     <span class='ocr_line' id='line_1_10' title="bbox 299 1131 1982 1205; baseline 0.001 -19"><span class='ocrx_word' id='word_1_72' title='bbox 299 1135 363 1186; x_wconf 84' lang='grc' dir='ltr'>Τί</span> <span class='ocrx_word' id='word_1_73' title='bbox 390 1131 502 1198; x_wconf 79' lang='grc' dir='ltr'>οὖν,</span> <span class='ocrx_word' id='word_1_74' title='bbox 532 1134 685 1205; x_wconf 80' lang='grc' dir='ltr'>φησὶ,</span> <span class='ocrx_word' id='word_1_75' title='bbox 717 1137 810 1187; x_wconf 77' lang='grc' dir='ltr'>καὶ</span> <span class='ocrx_word' id='word_1_76' title='bbox 857 1133 918 1186; x_wconf 82' lang='grc' dir='ltr'>τὸ</span> <span class='ocrx_word' id='word_1_77' title='bbox 951 1132 1174 1203; x_wconf 79' lang='grc' dir='ltr'>Πνεῦμα</span> <span class='ocrx_word' id='word_1_78' title='bbox 1205 1133 1264 1184; x_wconf 88' lang='grc' dir='ltr'>τὸ</span> <span class='ocrx_word' id='word_1_79' title='bbox 1299 1131 1492 1199; x_wconf 80' lang='grc' dir='ltr'>ἇγιον;</span> <span class='ocrx_word' id='word_1_80' title='bbox 1535 1131 1802 1201; x_wconf 81' lang='grc' dir='ltr'>Οὐδαμῶς</span> <span class='ocrx_word' id='word_1_81' title='bbox 1825 1151 1839 1164; x_wconf 66' lang='grc'><strong>⁸</strong></span> <span class='ocrx_word' id='word_1_82' title='bbox 1860 1134 1982 1187; x_wconf 88' lang='grc' dir='ltr'>οὐδέ</span> 
     </span>
    </p>
   </div>
   <div class='ocr_carea' id='block_1_11' title="bbox 297 1224 1981 1303">
    <p class='ocr_par' dir='ltr' id='par_1_11' title="bbox 297 1224 1981 1303">
     <span class='ocr_line' id='line_1_11' title="bbox 297 1224 1981 1303; baseline -0.001 -19"><span class='ocrx_word' id='word_1_83' title='bbox 297 1231 407 1303; x_wconf 85' lang='grc' dir='ltr'>γὰρ</span> <span class='ocrx_word' id='word_1_84' title='bbox 442 1232 543 1302; x_wconf 84' lang='grc' dir='ltr'>τῆς</span> <span class='ocrx_word' id='word_1_85' title='bbox 567 1231 795 1292; x_wconf 80' lang='grc' dir='ltr'>κτίσεως</span> <span class='ocrx_word' id='word_1_86' title='bbox 821 1229 979 1282; x_wconf 86' lang='grc' dir='ltr'>τοῦτο</span> <span class='ocrx_word' id='word_1_87' title='bbox 1003 1229 1166 1300; x_wconf 81' lang='grc' dir='ltr'>μέρος</span> <span class='ocrx_word' id='word_1_88' title='bbox 1185 1244 1198 1258; x_wconf 89' lang='grc'><strong>·</strong></span> <span class='ocrx_word' id='word_1_89' title='bbox 1227 1228 1288 1281; x_wconf 87' lang='grc' dir='ltr'>τὸ</span> <span class='ocrx_word' id='word_1_90' title='bbox 1317 1228 1394 1289; x_wconf 82' lang='grc' dir='ltr'>δὲ,</span> <span class='ocrx_word' id='word_1_91' title='bbox 1443 1224 1665 1290; x_wconf 76' lang='grc' dir='ltr'>οὐδεὶς,</span> <span class='ocrx_word' id='word_1_92' title='bbox 1705 1226 1862 1281; x_wconf 88' lang='grc' dir='ltr'>τοῦτο</span> <span class='ocrx_word' id='word_1_93' title='bbox 1894 1230 1981 1282; x_wconf 78' lang='grc' dir='ltr'>ἀεὶ</span> 
     </span>
    </p>
   </div>
   <div class='ocr_carea' id='block_1_12' title="bbox 300 1322 1714 1396">
    <p class='ocr_par' dir='ltr' id='par_1_12' title="bbox 300 1322 1714 1396">
     <span class='ocr_line' id='line_1_12' title="bbox 300 1322 1714 1396; baseline -0.003 -18"><span class='ocrx_word' id='word_1_94' title='bbox 300 1324 436 1396; x_wconf 85' lang='grc' dir='ltr'>πρὸς</span> <span class='ocrx_word' id='word_1_95' title='bbox 467 1324 873 1393; x_wconf 81' lang='grc' dir='ltr'>ἀντιδιαστολὴν</span> <span class='ocrx_word' id='word_1_96' title='bbox 911 1324 1010 1394; x_wconf 81' lang='grc' dir='ltr'>τῆς</span> <span class='ocrx_word' id='word_1_97' title='bbox 1043 1322 1271 1386; x_wconf 81' lang='grc' dir='ltr'>κτίσεως</span> <span class='ocrx_word' id='word_1_98' title='bbox 1311 1325 1488 1376; x_wconf 88' lang='grc' dir='ltr'>κεῖται</span> <span class='ocrx_word' id='word_1_99' title='bbox 1524 1323 1714 1394; x_wconf 89' lang='grc' dir='ltr'>μόνης.</span> 
     </span>
    </p>
   </div>
   <div class='ocr_carea' id='block_1_13' title="bbox 366 1519 1978 1596">
    <p class='ocr_par' dir='ltr' id='par_1_13' title="bbox 366 1519 1978 1596">
     <span class='ocr_line' id='line_1_13' title="bbox 366 1519 1978 1596; baseline -0.005 -15"><span class='ocrx_word' id='word_1_100' title='bbox 366 1529 476 1581; x_wconf 78' lang='grc' dir='ltr'>Καὶ</span> <span class='ocrx_word' id='word_1_101' title='bbox 503 1527 649 1590; x_wconf 84' lang='grc' dir='ltr'>οὐτε,</span> <span class='ocrx_word' id='word_1_102' title='bbox 684 1525 750 1580; x_wconf 82' lang='grc' dir='ltr'>ἂν</span> <span class='ocrx_word' id='word_1_103' title='bbox 779 1525 908 1596; x_wconf 72' lang='grc' dir='ltr'>περὶ</span> <span class='ocrx_word' id='word_1_104' title='bbox 941 1523 1153 1596; x_wconf 88' lang='grc' dir='ltr'>Πατρὸς</span> <span class='ocrx_word' id='word_1_105' title='bbox 1179 1523 1426 1594; x_wconf 83' lang='grc' dir='ltr'>λέγηται,</span> <span class='ocrx_word' id='word_1_106' title='bbox 1461 1521 1552 1575; x_wconf 86' lang='grc' dir='ltr'>τὸν</span> <span class='ocrx_word' id='word_1_107' title='bbox 1589 1521 1720 1575; x_wconf 88' lang='grc' dir='ltr'>Υίὸν</span> <span class='ocrx_word' id='word_1_108' title='bbox 1756 1519 1978 1586; x_wconf 80' lang='grc' dir='ltr'>ἐξωθεῖ·</span> 
     </span>
    </p>
   </div>
   <div class='ocr_carea' id='block_1_14' title="bbox 298 1618 1982 1693">
    <p class='ocr_par' dir='ltr' id='par_1_14' title="bbox 298 1618 1982 1693">
     <span class='ocr_line' id='line_1_14' title="bbox 298 1618 1982 1693; baseline -0.004 -15"><span class='ocrx_word' id='word_1_109' title='bbox 298 1641 408 1687; x_wconf 87' lang='grc' dir='ltr'>ται,</span> <span class='ocrx_word' id='word_1_110' title='bbox 437 1623 582 1686; x_wconf 79' lang='grc' dir='ltr'>οὐτε,</span> <span class='ocrx_word' id='word_1_111' title='bbox 620 1622 687 1676; x_wconf 84' lang='grc' dir='ltr'>ἂν</span> <span class='ocrx_word' id='word_1_112' title='bbox 736 1624 866 1693; x_wconf 81' lang='grc' dir='ltr'>περὶ</span> <span class='ocrx_word' id='word_1_113' title='bbox 919 1621 1074 1684; x_wconf 87' lang='grc' dir='ltr'>Υίοῦ,</span> <span class='ocrx_word' id='word_1_114' title='bbox 1102 1622 1163 1674; x_wconf 87' lang='grc' dir='ltr'>τὸ</span> <span class='ocrx_word' id='word_1_115' title='bbox 1192 1620 1417 1691; x_wconf 78' lang='grc' dir='ltr'>Πνεῦμα</span> <span class='ocrx_word' id='word_1_116' title='bbox 1459 1618 1732 1676; x_wconf 81' lang='grc' dir='ltr'>ἐκϐάλλει.</span> <span class='ocrx_word' id='word_1_117' title='bbox 1760 1621 1870 1672; x_wconf 73' lang='grc' dir='ltr'>Καὶ</span> <span class='ocrx_word' id='word_1_118' title='bbox 1895 1619 1982 1672; x_wconf 78' lang='grc' dir='ltr'>ἵνα</span> 
     </span>
    </p>
   </div>
   <div class='ocr_carea' id='block_1_15' title="bbox 299 1715 1984 1790">
    <p class='ocr_par' dir='ltr' id='par_1_15' title="bbox 299 1715 1984 1790">
     <span class='ocr_line' id='line_1_15' title="bbox 299 1715 1984 1790; baseline -0.004 -15"><span class='ocrx_word' id='word_1_119' title='bbox 299 1721 431 1775; x_wconf 86' lang='grc' dir='ltr'>αὐτὸ</span> <span class='ocrx_word' id='word_1_120' title='bbox 457 1721 614 1774; x_wconf 88' lang='grc' dir='ltr'>τοῦτο</span> <span class='ocrx_word' id='word_1_121' title='bbox 662 1719 912 1773; x_wconf 86' lang='grc' dir='ltr'>ἐντεῦθεν</span> <span class='ocrx_word' id='word_1_122' title='bbox 953 1718 1055 1790; x_wconf 77' lang='grc' dir='ltr'>ήδη</span> <span class='ocrx_word' id='word_1_123' title='bbox 1103 1719 1318 1788; x_wconf 89' lang='grc' dir='ltr'>ποιήσω</span> <span class='ocrx_word' id='word_1_124' title='bbox 1352 1716 1607 1786; x_wconf 81' lang='grc' dir='ltr'>φανερὸν,</span> <span class='ocrx_word' id='word_1_125' title='bbox 1635 1716 1718 1769; x_wconf 85' lang='grc' dir='ltr'>ὃτι</span> <span class='ocrx_word' id='word_1_126' title='bbox 1761 1715 1842 1781; x_wconf 86' lang='grc' dir='ltr'>τὸ,</span> <span class='ocrx_word' id='word_1_127' title='bbox 1878 1717 1984 1770; x_wconf 86' lang='grc' dir='ltr'>οὐ-</span> 
     </span>
    </p>
   </div>
   <div class='ocr_carea' id='block_1_16' title="bbox 295 1813 1980 1890">
    <p class='ocr_par' dir='ltr' id='par_1_16' title="bbox 295 1813 1980 1890">
     <span class='ocr_line' id='line_1_16' title="bbox 295 1813 1980 1890; baseline -0.004 -18"><span class='ocrx_word' id='word_1_128' title='bbox 295 1819 442 1885; x_wconf 76' lang='grc' dir='ltr'>δεὶς,</span> <span class='ocrx_word' id='word_1_129' title='bbox 475 1819 535 1871; x_wconf 93' lang='grc' dir='ltr'>οὐ</span> <span class='ocrx_word' id='word_1_130' title='bbox 577 1817 715 1890; x_wconf 86' lang='grc' dir='ltr'>πρὸς</span> <span class='ocrx_word' id='word_1_131' title='bbox 752 1816 1012 1887; x_wconf 83' lang='grc' dir='ltr'>ἀθέτησιν</span> <span class='ocrx_word' id='word_1_132' title='bbox 1049 1815 1144 1869; x_wconf 86' lang='grc' dir='ltr'>τοῦ</span> <span class='ocrx_word' id='word_1_133' title='bbox 1172 1815 1512 1885; x_wconf 83' lang='grc' dir='ltr'>Πνεύματος,</span> <span class='ocrx_word' id='word_1_134' title='bbox 1549 1813 1685 1868; x_wconf 90' lang='grc' dir='ltr'>ἀλλά</span> <span class='ocrx_word' id='word_1_135' title='bbox 1721 1813 1857 1884; x_wconf 88' lang='grc' dir='ltr'>πρὸς</span> <span class='ocrx_word' id='word_1_136' title='bbox 1883 1814 1980 1866; x_wconf 82' lang='grc' dir='ltr'>ἀν-</span> 
     </span>
    </p>
   </div>
   <div class='ocr_carea' id='block_1_17' title="bbox 295 1909 1982 1986">
    <p class='ocr_par' dir='ltr' id='par_1_17' title="bbox 295 1909 1982 1986">
     <span class='ocr_line' id='line_1_17' title="bbox 295 1909 1982 1986; baseline -0.005 -18"><span class='ocrx_word' id='word_1_137' title='bbox 295 1915 633 1986; x_wconf 79' lang='grc' dir='ltr'>τιδιαστολὴν</span> <span class='ocrx_word' id='word_1_138' title='bbox 674 1915 775 1986; x_wconf 85' lang='grc' dir='ltr'>τῆς</span> <span class='ocrx_word' id='word_1_139' title='bbox 809 1915 1041 1977; x_wconf 81' lang='grc' dir='ltr'>κτίσεως</span> <span class='ocrx_word' id='word_1_140' title='bbox 1087 1912 1326 1984; x_wconf 78' lang='grc' dir='ltr'>εἴρηται,</span> <span class='ocrx_word' id='word_1_141' title='bbox 1382 1911 1511 1982; x_wconf 71' lang='grc' dir='ltr'>περὶ</span> <span class='ocrx_word' id='word_1_142' title='bbox 1551 1911 1722 1981; x_wconf 85' lang='grc' dir='ltr'>αὐτῆς</span> <span class='ocrx_word' id='word_1_143' title='bbox 1776 1909 1982 1979; x_wconf 87' lang='grc' dir='ltr'>ταύτης</span> 
     </span>
    </p>
   </div>
   <div class='ocr_carea' id='block_1_18' title="bbox 298 2003 1980 2084">
    <p class='ocr_par' dir='ltr' id='par_1_18' title="bbox 298 2003 1980 2084">
     <span class='ocr_line' id='line_1_18' title="bbox 298 2003 1980 2084; baseline -0.005 -18"><span class='ocrx_word' id='word_1_144' title='bbox 298 2014 396 2084; x_wconf 82' lang='grc' dir='ltr'>τῆς</span> <span class='ocrx_word' id='word_1_145' title='bbox 426 2011 704 2081; x_wconf 82' lang='grc' dir='ltr'>γνώσεως,</span> <span class='ocrx_word' id='word_1_146' title='bbox 737 2013 803 2082; x_wconf 79' lang='grc' dir='ltr'>ἢν</span> <span class='ocrx_word' id='word_1_147' title='bbox 853 2009 1016 2080; x_wconf 86' lang='grc' dir='ltr'>μόνου</span> <span class='ocrx_word' id='word_1_148' title='bbox 1049 2009 1144 2062; x_wconf 88' lang='grc' dir='ltr'>τοῦ</span> <span class='ocrx_word' id='word_1_149' title='bbox 1183 2007 1312 2061; x_wconf 86' lang='grc' dir='ltr'>Υίοῦ</span> <span class='ocrx_word' id='word_1_150' title='bbox 1339 2025 1504 2079; x_wconf 80' lang='grc' dir='ltr'>φησιν</span> <span class='ocrx_word' id='word_1_151' title='bbox 1536 2003 1697 2070; x_wconf 78' lang='grc' dir='ltr'>εῖναι,</span> <span class='ocrx_word' id='word_1_152' title='bbox 1732 2007 1980 2060; x_wconf 87' lang='grc' dir='ltr'>ἀκούσω-</span> 
     </span>
    </p>
   </div>
   <div class='ocr_carea' id='block_1_19' title="bbox 299 2093 1980 2174">
    <p class='ocr_par' dir='ltr' id='par_1_19' title="bbox 299 2093 1980 2174">
     <span class='ocr_line' id='line_1_19' title="bbox 299 2093 1980 2174; baseline -0.003 -18"><span class='ocrx_word' id='word_1_153' title='bbox 299 2121 402 2173; x_wconf 85' lang='grc' dir='ltr'>μεν</span> <span class='ocrx_word' id='word_1_154' title='bbox 446 2104 500 2157; x_wconf 89' lang='grc' dir='ltr'>τί</span> <span class='ocrx_word' id='word_1_155' title='bbox 530 2103 908 2174; x_wconf 84' lang='grc' dir='ltr'>διαλεγόμενος</span> <span class='ocrx_word' id='word_1_156' title='bbox 940 2104 968 2156; x_wconf 95' lang='lat'>6</span> <span class='ocrx_word' id='word_1_157' title='bbox 1000 2100 1211 2164; x_wconf 88' lang='grc' dir='ltr'>Παῦλος</span> <span class='ocrx_word' id='word_1_158' title='bbox 1252 2098 1559 2170; x_wconf 83' lang='grc' dir='ltr'>Κορινθίοις</span> <span class='ocrx_word' id='word_1_159' title='bbox 1602 2098 1757 2170; x_wconf 84' lang='grc' dir='ltr'>φησί.</span> <span class='ocrx_word' id='word_1_160' title='bbox 1792 2099 1856 2151; x_wconf 87' lang='grc' dir='ltr'>Τί</span> <span class='ocrx_word' id='word_1_161' title='bbox 1887 2093 1980 2151; x_wconf 75' lang='grc' dir='ltr'>οὖν</span> 
     </span>
    </p>
   </div>
   <div class='ocr_carea' id='block_1_20' title="bbox 297 2192 1979 2269">
    <p class='ocr_par' dir='ltr' id='par_1_20' title="bbox 297 2192 1979 2269">
     <span class='ocr_line' id='line_1_20' title="bbox 297 2192 1979 2269; baseline -0.003 -18"><span class='ocrx_word' id='word_1_162' title='bbox 297 2215 463 2269; x_wconf 79' lang='grc' dir='ltr'>φησι;</span> <span class='ocrx_word' id='word_1_163' title='bbox 511 2197 606 2263; x_wconf 88' lang='grc' dir='ltr'>Τίς</span> <span class='ocrx_word' id='word_1_164' title='bbox 647 2196 758 2266; x_wconf 76' lang='grc' dir='ltr'>γὰρ</span> <span class='ocrx_word' id='word_1_165' title='bbox 804 2192 928 2250; x_wconf 78' lang='grc' dir='ltr'>οἵδε</span> <span class='ocrx_word' id='word_1_166' title='bbox 981 2209 1006 2236; x_wconf 71' lang='grc' dir='ltr'>ο</span> <span class='ocrx_word' id='word_1_167' title='bbox 1056 2196 1128 2248; x_wconf 80' lang='grc' dir='ltr'>τὰ</span> <span class='ocrx_word' id='word_1_168' title='bbox 1173 2193 1279 2248; x_wconf 88' lang='grc' dir='ltr'>τοῦ</span> <span class='ocrx_word' id='word_1_169' title='bbox 1319 2193 1658 2262; x_wconf 78' lang='grc' dir='ltr'>ἀνθρώπου,</span> <span class='ocrx_word' id='word_1_170' title='bbox 1702 2195 1754 2246; x_wconf 86' lang='grc' dir='ltr'>εί</span> <span class='ocrx_word' id='word_1_171' title='bbox 1788 2192 1875 2263; x_wconf 71' lang='grc' dir='ltr'>μὴ</span> <span class='ocrx_word' id='word_1_172' title='bbox 1913 2192 1979 2246; x_wconf 86' lang='grc' dir='ltr'>τὸ</span> 
     </span>
    </p>
   </div>
   <div class='ocr_carea' id='block_1_21' title="bbox 297 2284 1980 2360">
    <p class='ocr_par' dir='ltr' id='par_1_21' title="bbox 297 2284 1980 2360">
     <span class='ocr_line' id='line_1_21' title="bbox 297 2284 1980 2360; baseline -0.002 -17"><span class='ocrx_word' id='word_1_173' title='bbox 297 2292 535 2360; x_wconf 79' lang='grc' dir='ltr'>πνεῦμα</span> <span class='ocrx_word' id='word_1_174' title='bbox 568 2289 673 2344; x_wconf 88' lang='grc' dir='ltr'>τοῦ</span> <span class='ocrx_word' id='word_1_175' title='bbox 694 2285 1010 2357; x_wconf 83' lang='grc' dir='ltr'>ἀνθρώπου</span> <span class='ocrx_word' id='word_1_176' title='bbox 1045 2285 1109 2339; x_wconf 87' lang='grc' dir='ltr'>τὸ</span> <span class='ocrx_word' id='word_1_177' title='bbox 1138 2287 1208 2339; x_wconf 76' lang='grc' dir='ltr'>ἐν</span> <span class='ocrx_word' id='word_1_178' title='bbox 1232 2284 1392 2352; x_wconf 83' lang='grc' dir='ltr'>αὐτῷ</span> <span class='ocrx_word' id='word_1_179' title='bbox 1413 2303 1432 2351; x_wconf 88' lang='grc'><strong><em>;</em></strong></span> <span class='ocrx_word' id='word_1_180' title='bbox 1450 2285 1614 2338; x_wconf 84' lang='grc' dir='ltr'>Οὕτω</span> <span class='ocrx_word' id='word_1_181' title='bbox 1641 2285 1739 2338; x_wconf 80' lang='grc' dir='ltr'>καὶ</span> <span class='ocrx_word' id='word_1_182' title='bbox 1772 2285 1845 2339; x_wconf 89' lang='grc' dir='ltr'>τὰ</span> <span class='ocrx_word' id='word_1_183' title='bbox 1873 2285 1980 2340; x_wconf 88' lang='grc' dir='ltr'>τοῦ</span> 
     </span>
    </p>
   </div>
   <div class='ocr_carea' id='block_1_22' title="bbox 299 2380 1981 2453">
    <p class='ocr_par' dir='ltr' id='par_1_22' title="bbox 299 2380 1981 2453">
     <span class='ocr_line' id='line_1_22' title="bbox 299 2380 1981 2453; baseline -0.004 -13"><span class='ocrx_word' id='word_1_184' title='bbox 299 2386 447 2440; x_wconf 93' lang='grc' dir='ltr'>Θεοῦ</span> <span class='ocrx_word' id='word_1_185' title='bbox 463 2385 661 2452; x_wconf 72' lang='grc' dir='ltr'>οὐδεὶς</span> <span class='ocrx_word' id='word_1_186' title='bbox 678 2380 861 2448; x_wconf 75' lang='grc' dir='ltr'>οἶδεν,</span> <span class='ocrx_word' id='word_1_187' title='bbox 892 2386 944 2437; x_wconf 84' lang='grc' dir='ltr'>εί</span> <span class='ocrx_word' id='word_1_188' title='bbox 968 2381 1054 2453; x_wconf 79' lang='grc' dir='ltr'>μὴ</span> <span class='ocrx_word' id='word_1_189' title='bbox 1081 2381 1146 2435; x_wconf 83' lang='grc' dir='ltr'>τὸ</span> <span class='ocrx_word' id='word_1_190' title='bbox 1171 2382 1414 2451; x_wconf 85' lang='grc' dir='ltr'>Πνεῦμα</span> <span class='ocrx_word' id='word_1_191' title='bbox 1433 2382 1540 2436; x_wconf 88' lang='grc' dir='ltr'>τοῦ</span> <span class='ocrx_word' id='word_1_192' title='bbox 1573 2380 1741 2435; x_wconf 86' lang='grc' dir='ltr'>Θεοῦ.</span> <span class='ocrx_word' id='word_1_193' title='bbox 1767 2381 1981 2452; x_wconf 79' lang='grc' dir='ltr'>Ὠσπερ</span> 
     </span>
    </p>
   </div>
   <div class='ocr_carea' id='block_1_23' title="bbox 295 2477 1974 2549">
    <p class='ocr_par' dir='ltr' id='par_1_23' title="bbox 295 2477 1974 2549">
     <span class='ocr_line' id='line_1_23' title="bbox 295 2477 1974 2549; baseline -0.005 -13"><span class='ocrx_word' id='word_1_194' title='bbox 295 2480 387 2536; x_wconf 64' lang='grc' dir='ltr'>οὖν</span> <span class='ocrx_word' id='word_1_195' title='bbox 409 2482 647 2536; x_wconf 88' lang='grc' dir='ltr'>ἐνταῦθα</span> <span class='ocrx_word' id='word_1_196' title='bbox 676 2481 736 2534; x_wconf 84' lang='grc' dir='ltr'>τὸ</span> <span class='ocrx_word' id='word_1_197' title='bbox 765 2480 964 2546; x_wconf 75' lang='grc' dir='ltr'>οὐδεὶς</span> <span class='ocrx_word' id='word_1_198' title='bbox 989 2478 1282 2549; x_wconf 90' lang='grc' dir='ltr'>λεγόμενον</span> <span class='ocrx_word' id='word_1_199' title='bbox 1303 2478 1405 2531; x_wconf 93' lang='grc' dir='ltr'>οὐκ</span> <span class='ocrx_word' id='word_1_200' title='bbox 1433 2477 1687 2531; x_wconf 89' lang='grc' dir='ltr'>ἐκϐάλλει</span> <span class='ocrx_word' id='word_1_201' title='bbox 1707 2477 1798 2530; x_wconf 89' lang='grc' dir='ltr'>τὸν</span> <span class='ocrx_word' id='word_1_202' title='bbox 1821 2477 1974 2538; x_wconf 73' lang='grc' dir='ltr'>Υἱὸν,</span> 
     </span>
    </p>
   </div>
   <div class='ocr_carea' id='block_1_24' title="bbox 295 2572 1980 2647">
    <p class='ocr_par' dir='ltr' id='par_1_24' title="bbox 295 2572 1980 2647">
     <span class='ocr_line' id='line_1_24' title="bbox 295 2572 1980 2647; baseline -0.004 -16"><span class='ocrx_word' id='word_1_203' title='bbox 295 2577 439 2632; x_wconf 83' lang='grc' dir='ltr'>οὐτω</span> <span class='ocrx_word' id='word_1_204' title='bbox 459 2579 554 2632; x_wconf 78' lang='grc' dir='ltr'>καὶ</span> <span class='ocrx_word' id='word_1_205' title='bbox 584 2578 676 2630; x_wconf 74' lang='grc' dir='ltr'>ἐπὶ</span> <span class='ocrx_word' id='word_1_206' title='bbox 699 2575 792 2630; x_wconf 90' lang='grc' dir='ltr'>τοῦ</span> <span class='ocrx_word' id='word_1_207' title='bbox 825 2574 1062 2647; x_wconf 78' lang='grc' dir='ltr'>Χριστοῦ</span> <span class='ocrx_word' id='word_1_208' title='bbox 1083 2574 1144 2626; x_wconf 91' lang='grc' dir='ltr'>τὸ</span> <span class='ocrx_word' id='word_1_209' title='bbox 1165 2572 1364 2639; x_wconf 80' lang='grc' dir='ltr'>οὐδεὶς</span> <span class='ocrx_word' id='word_1_210' title='bbox 1386 2572 1540 2626; x_wconf 86' lang='grc' dir='ltr'>τεθὲν</span> <span class='ocrx_word' id='word_1_211' title='bbox 1569 2573 1668 2625; x_wconf 92' lang='grc' dir='ltr'>οὐκ</span> <span class='ocrx_word' id='word_1_212' title='bbox 1696 2573 1980 2637; x_wconf 76' lang='grc' dir='ltr'>ἐξωθεῖται</span> 
     </span>
    </p>
   </div>
   <div class='ocr_carea' id='block_1_25' title="bbox 295 2667 1978 2745">
    <p class='ocr_par' dir='ltr' id='par_1_25' title="bbox 295 2667 1978 2745">
     <span class='ocr_line' id='line_1_25' title="bbox 295 2667 1978 2745; baseline -0.005 -17"><span class='ocrx_word' id='word_1_213' title='bbox 295 2675 356 2728; x_wconf 84' lang='grc' dir='ltr'>τὸ</span> <span class='ocrx_word' id='word_1_214' title='bbox 381 2674 606 2745; x_wconf 82' lang='grc' dir='ltr'>Πνεῦμα</span> <span class='ocrx_word' id='word_1_215' title='bbox 639 2673 700 2726; x_wconf 90' lang='grc' dir='ltr'>τὸ</span> <span class='ocrx_word' id='word_1_216' title='bbox 728 2672 905 2742; x_wconf 81' lang='grc' dir='ltr'>ἆγιον.</span> <span class='ocrx_word' id='word_1_217' title='bbox 941 2669 1104 2723; x_wconf 86' lang='grc' dir='ltr'>Ὅθεν</span> <span class='ocrx_word' id='word_1_218' title='bbox 1137 2669 1296 2739; x_wconf 76' lang='grc' dir='ltr'>δῆλον</span> <span class='ocrx_word' id='word_1_219' title='bbox 1319 2669 1394 2732; x_wconf 86' lang='grc' dir='ltr'>ὡς</span> <span class='ocrx_word' id='word_1_220' title='bbox 1431 2667 1631 2739; x_wconf 83' lang='grc' dir='ltr'>ἀληθὲς</span> <span class='ocrx_word' id='word_1_221' title='bbox 1663 2667 1724 2721; x_wconf 87' lang='grc' dir='ltr'>τὸ</span> <span class='ocrx_word' id='word_1_222' title='bbox 1748 2667 1978 2739; x_wconf 85' lang='grc' dir='ltr'>είρημέ-</span> 
     </span>
    </p>
   </div>
   <div class='ocr_carea' id='block_1_26' title="bbox 297 2762 1976 2839">
    <p class='ocr_par' dir='ltr' id='par_1_26' title="bbox 297 2762 1976 2839">
     <span class='ocr_line' id='line_1_26' title="bbox 297 2762 1976 2839; baseline -0.005 -16"><span class='ocrx_word' id='word_1_223' title='bbox 297 2787 406 2823; x_wconf 93' lang='grc' dir='ltr'>νον.</span> <span class='ocrx_word' id='word_1_224' title='bbox 451 2768 513 2822; x_wconf 85' lang='grc' dir='ltr'>Εί</span> <span class='ocrx_word' id='word_1_225' title='bbox 536 2769 646 2839; x_wconf 86' lang='grc' dir='ltr'>γὰρ</span> <span class='ocrx_word' id='word_1_226' title='bbox 683 2767 879 2836; x_wconf 89' lang='grc' dir='ltr'>λέγων,</span> <span class='ocrx_word' id='word_1_227' title='bbox 931 2766 1014 2819; x_wconf 85' lang='grc' dir='ltr'>ὅτι</span> <span class='ocrx_word' id='word_1_228' title='bbox 1062 2765 1272 2831; x_wconf 76' lang='grc' dir='ltr'>Οὐδείς</span> <span class='ocrx_word' id='word_1_229' title='bbox 1319 2763 1542 2832; x_wconf 76' lang='grc' dir='ltr'>ἑώρακε</span> <span class='ocrx_word' id='word_1_230' title='bbox 1579 2763 1686 2817; x_wconf 87' lang='grc' dir='ltr'>τὸν</span> <span class='ocrx_word' id='word_1_231' title='bbox 1722 2762 1976 2830; x_wconf 78' lang='grc' dir='ltr'>Πατέρα,</span> 
     </span>
    </p>
   </div>
   <div class='ocr_carea' id='block_1_27' title="bbox 295 2860 1978 2936">
    <p class='ocr_par' dir='ltr' id='par_1_27' title="bbox 295 2860 1978 2936">
     <span class='ocr_line' id='line_1_27' title="bbox 295 2860 1978 2936; baseline -0.005 -16"><span class='ocrx_word' id='word_1_232' title='bbox 295 2869 348 2920; x_wconf 81' lang='grc' dir='ltr'>ει</span> <span class='ocrx_word' id='word_1_233' title='bbox 367 2867 452 2936; x_wconf 73' lang='grc' dir='ltr'>μὴ</span> <span class='ocrx_word' id='word_1_234' title='bbox 481 2869 512 2920; x_wconf 89' lang='grc' dir='ltr'><em>ὀ</em></span> <span class='ocrx_word' id='word_1_235' title='bbox 539 2867 607 2918; x_wconf 78' lang='grc' dir='ltr'>ἐκ</span> <span class='ocrx_word' id='word_1_236' title='bbox 643 2865 748 2918; x_wconf 89' lang='grc' dir='ltr'>τοῦ</span> <span class='ocrx_word' id='word_1_237' title='bbox 785 2863 932 2918; x_wconf 87' lang='grc' dir='ltr'>Θεοῦ</span> <span class='ocrx_word' id='word_1_238' title='bbox 984 2861 1089 2926; x_wconf 89' lang='grc' dir='ltr'>ὢν,</span> <span class='ocrx_word' id='word_1_239' title='bbox 1120 2862 1182 2914; x_wconf 91' lang='grc' dir='ltr'>τὸ</span> <span class='ocrx_word' id='word_1_240' title='bbox 1210 2861 1436 2932; x_wconf 84' lang='grc' dir='ltr'>Πνεῦμα</span> <span class='ocrx_word' id='word_1_241' title='bbox 1473 2860 1745 2928; x_wconf 81' lang='grc' dir='ltr'>ἐξωθεῖτο,</span> <span class='ocrx_word' id='word_1_242' title='bbox 1787 2876 1978 2929; x_wconf 85' lang='grc' dir='ltr'>περιτ-</span> 
     </span>
    </p>
   </div>
   <div class='ocr_carea' id='block_1_28' title="bbox 296 2953 1979 3028">
    <p class='ocr_par' dir='ltr' id='par_1_28' title="bbox 296 2953 1979 3028">
     <span class='ocr_line' id='line_1_28' title="bbox 296 2953 1979 3028; baseline -0.004 -13"><span class='ocrx_word' id='word_1_243' title='bbox 296 2963 404 3027; x_wconf 85' lang='grc' dir='ltr'>τῶς</span> <span class='ocrx_word' id='word_1_244' title='bbox 449 2967 476 3017; x_wconf 85' lang='grc' dir='ltr'>ὁ</span> <span class='ocrx_word' id='word_1_245' title='bbox 515 2961 727 3024; x_wconf 86' lang='grc' dir='ltr'>Παῦλος</span> <span class='ocrx_word' id='word_1_246' title='bbox 775 2959 981 3028; x_wconf 76' lang='grc' dir='ltr'>ἔλεγεν,</span> <span class='ocrx_word' id='word_1_247' title='bbox 1015 2959 1096 3010; x_wconf 83' lang='grc' dir='ltr'>ὅτι</span> <span class='ocrx_word' id='word_1_248' title='bbox 1140 2957 1329 3028; x_wconf 88' lang='grc' dir='ltr'>ῶσπερ</span> <span class='ocrx_word' id='word_1_249' title='bbox 1360 2957 1646 3026; x_wconf 80' lang='grc' dir='ltr'>ἄνθρωπος</span> <span class='ocrx_word' id='word_1_250' title='bbox 1675 2956 1745 3009; x_wconf 90' lang='grc' dir='ltr'>τά</span> <span class='ocrx_word' id='word_1_251' title='bbox 1777 2953 1979 3009; x_wconf 82' lang='grc' dir='ltr'>ἑαυτοῦ</span> 
     </span>
    </p>
   </div>
   <div class='ocr_carea' id='block_1_29' title="bbox 295 3043 1981 3134">
    <p class='ocr_par' dir='ltr' id='par_1_29' title="bbox 295 3043 1981 3134">
     <span class='ocr_line' id='line_1_29' title="bbox 295 3043 1981 3134; baseline -0.006 -18"><span class='ocrx_word' id='word_1_252' title='bbox 295 3059 457 3126; x_wconf 80' lang='grc' dir='ltr'>οἶδεν,</span> <span class='ocrx_word' id='word_1_253' title='bbox 489 3059 630 3114; x_wconf 80' lang='grc' dir='ltr'>οὕτω</span> <span class='ocrx_word' id='word_1_254' title='bbox 662 3059 757 3113; x_wconf 71' lang='grc' dir='ltr'>καὶ</span> <span class='ocrx_word' id='word_1_255' title='bbox 800 3057 862 3111; x_wconf 88' lang='grc' dir='ltr'>τὸ</span> <span class='ocrx_word' id='word_1_256' title='bbox 896 3055 1120 3134; x_wconf 83' lang='grc' dir='ltr'>Πνεῦμα</span> <span class='ocrx_word' id='word_1_257' title='bbox 1165 3055 1226 3108; x_wconf 91' lang='grc' dir='ltr'>τὸ</span> <span class='ocrx_word' id='word_1_258' title='bbox 1259 3055 1414 3124; x_wconf 77' lang='grc' dir='ltr'>ἅγιον</span> <span class='ocrx_word' id='word_1_259' title='bbox 1453 3053 1523 3108; x_wconf 82' lang='grc' dir='ltr'>τὰ</span> <span class='ocrx_word' id='word_1_260' title='bbox 1555 3053 1646 3106; x_wconf 92' lang='grc' dir='ltr'>τοῦ</span> <span class='ocrx_word' id='word_1_261' title='bbox 1676 3052 1812 3106; x_wconf 88' lang='grc' dir='ltr'>Θεοῦ</span> <span class='ocrx_word' id='word_1_262' title='bbox 1839 3043 1981 3123; x_wconf 84' lang='grc' dir='ltr'>μετά</span> 
     </span>
    </p>
   </div>
   <div class='ocr_carea' id='block_1_30' title="bbox 297 3146 1980 3230">
    <p class='ocr_par' dir='ltr' id='par_1_30' title="bbox 297 3146 1980 3230">
     <span class='ocr_line' id='line_1_30' title="bbox 297 3146 1980 3230; baseline -0.006 -18"><span class='ocrx_word' id='word_1_263' title='bbox 297 3156 584 3230; x_wconf 90' lang='grc' dir='ltr'>ἀκριϐείας</span> <span class='ocrx_word' id='word_1_264' title='bbox 610 3155 922 3210; x_wconf 87' lang='grc' dir='ltr'>ἐπίσταται.</span> <span class='ocrx_word' id='word_1_265' title='bbox 954 3152 1112 3207; x_wconf 76' lang='grc' dir='ltr'>Οὕτω</span> <span class='ocrx_word' id='word_1_266' title='bbox 1141 3153 1234 3205; x_wconf 76' lang='grc' dir='ltr'>καὶ</span> <span class='ocrx_word' id='word_1_267' title='bbox 1265 3151 1325 3205; x_wconf 87' lang='grc' dir='ltr'>τὸ</span> <span class='ocrx_word' id='word_1_268' title='bbox 1345 3146 1433 3218; x_wconf 78' lang='grc' dir='ltr'>εἷς</span> <span class='ocrx_word' id='word_1_269' title='bbox 1459 3151 1674 3222; x_wconf 83' lang='grc' dir='ltr'>είρηται</span> <span class='ocrx_word' id='word_1_270' title='bbox 1695 3165 1709 3182; x_wconf 77' lang='lat'>&#39;</span> <span class='ocrx_word' id='word_1_271' title='bbox 1737 3150 1839 3221; x_wconf 81' lang='grc' dir='ltr'>τὴν</span> <span class='ocrx_word' id='word_1_272' title='bbox 1871 3147 1980 3219; x_wconf 87' lang='grc' dir='ltr'>γὰρ</span> 
     </span>
    </p>
   </div>
   <div class='ocr_carea' id='block_1_31' title="bbox 299 3234 1982 3326">
    <p class='ocr_par' dir='ltr' id='par_1_31' title="bbox 299 3234 1982 3326">
     <span class='ocr_line' id='line_1_31' title="bbox 299 3234 1982 3326; baseline -0.003 -18"><span class='ocrx_word' id='word_1_273' title='bbox 299 3256 471 3326; x_wconf 80' lang='grc' dir='ltr'>αὐτὴν</span> <span class='ocrx_word' id='word_1_274' title='bbox 523 3253 678 3324; x_wconf 81' lang='grc' dir='ltr'>ίσχύν</span> <span class='ocrx_word' id='word_1_275' title='bbox 735 3253 848 3322; x_wconf 76' lang='grc' dir='ltr'>ἔχει</span> <span class='ocrx_word' id='word_1_276' title='bbox 877 3251 1053 3322; x_wconf 69' lang='grc' dir='ltr'>τούτῳ</span> <span class='ocrx_word' id='word_1_277' title='bbox 1092 3252 1185 3304; x_wconf 78' lang='grc' dir='ltr'>καὶ</span> <span class='ocrx_word' id='word_1_278' title='bbox 1221 3249 1472 3319; x_wconf 84' lang='grc' dir='ltr'>δύναμιν.</span> <span class='ocrx_word' id='word_1_279' title='bbox 1515 3248 1715 3300; x_wconf 86' lang='grc' dir='ltr'>Σκόπει</span> <span class='ocrx_word' id='word_1_280' title='bbox 1748 3247 1836 3300; x_wconf 78' lang='grc' dir='ltr'>δέ⁹</span> <span class='ocrx_word' id='word_1_281' title='bbox 1875 3234 1982 3304; x_wconf 81' lang='grc' dir='ltr'>Εἷς</span> 
     </span>
    </p>
   </div>
   <div class='ocr_carea' id='block_1_32' title="bbox 303 3340 1980 3421">
    <p class='ocr_par' dir='ltr' id='par_1_32' title="bbox 303 3340 1980 3421">
     <span class='ocr_line' id='line_1_32' title="bbox 303 3340 1980 3421; baseline -0.006 -15"><span class='ocrx_word' id='word_1_282' title='bbox 303 3352 468 3418; x_wconf 85' lang='grc' dir='ltr'>Θεὸς,</span> <span class='ocrx_word' id='word_1_283' title='bbox 496 3352 680 3421; x_wconf 78' lang='grc' dir='ltr'>φησὶν,</span> <span class='ocrx_word' id='word_1_284' title='bbox 703 3353 736 3405; x_wconf 83' lang='grc' dir='ltr'><em>ὀ</em></span> <span class='ocrx_word' id='word_1_285' title='bbox 752 3351 955 3418; x_wconf 73' lang='grc' dir='ltr'>Πατὴρ</span> <span class='ocrx_word' id='word_1_286' title='bbox 979 3349 1046 3412; x_wconf 81' lang='grc' dir='ltr'>ἐξ</span> <span class='ocrx_word' id='word_1_287' title='bbox 1073 3343 1144 3403; x_wconf 83' lang='grc' dir='ltr'>οὗ</span> <span class='ocrx_word' id='word_1_288' title='bbox 1175 3348 1249 3400; x_wconf 88' lang='grc' dir='ltr'>τὰ</span> <span class='ocrx_word' id='word_1_289' title='bbox 1268 3345 1487 3408; x_wconf 80' lang='grc' dir='ltr'>πάντα,</span> <span class='ocrx_word' id='word_1_290' title='bbox 1528 3345 1625 3398; x_wconf 75' lang='grc' dir='ltr'>καὶ</span> <span class='ocrx_word' id='word_1_291' title='bbox 1652 3340 1740 3410; x_wconf 84' lang='grc' dir='ltr'>εἷς</span> <span class='ocrx_word' id='word_1_292' title='bbox 1763 3343 1980 3412; x_wconf 84' lang='grc' dir='ltr'>Κύριος</span> 
     </span>
    </p>
   </div>
   <div class='ocr_carea' id='block_1_33' title="bbox 311 3437 1984 3514">
    <p class='ocr_par' dir='ltr' id='par_1_33' title="bbox 311 3437 1984 3514">
     <span class='ocr_line' id='line_1_33' title="bbox 311 3437 1984 3514; baseline -0.006 -14"><span class='ocrx_word' id='word_1_293' title='bbox 311 3445 552 3514; x_wconf 79' lang='grc' dir='ltr'>Ἰησοῦς</span> <span class='ocrx_word' id='word_1_294' title='bbox 584 3444 837 3512; x_wconf 84' lang='grc' dir='ltr'>Χριστὸς</span> <span class='ocrx_word' id='word_1_295' title='bbox 868 3443 944 3496; x_wconf 79' lang='grc' dir='ltr'>δι’</span> <span class='ocrx_word' id='word_1_296' title='bbox 973 3438 1045 3498; x_wconf 88' lang='grc' dir='ltr'>οὗ</span> <span class='ocrx_word' id='word_1_297' title='bbox 1083 3441 1156 3495; x_wconf 88' lang='grc' dir='ltr'>τὰ</span> <span class='ocrx_word' id='word_1_298' title='bbox 1183 3439 1399 3494; x_wconf 84' lang='grc' dir='ltr'>πάντα.</span> <span class='ocrx_word' id='word_1_299' title='bbox 1439 3439 1503 3493; x_wconf 67' lang='lat' dir='ltr'>Et</span> <span class='ocrx_word' id='word_1_300' title='bbox 1540 3439 1649 3511; x_wconf 86' lang='grc' dir='ltr'>γὰρ</span> <span class='ocrx_word' id='word_1_301' title='bbox 1682 3439 1742 3492; x_wconf 89' lang='grc' dir='ltr'>τὸ</span> <span class='ocrx_word' id='word_1_302' title='bbox 1770 3439 1867 3492; x_wconf 85' lang='grc' dir='ltr'>’ἐνα</span> <span class='ocrx_word' id='word_1_303' title='bbox 1894 3437 1984 3490; x_wconf 87' lang='grc' dir='ltr'>λέ-</span> 
     </span>
    </p>
   </div>
   <div class='ocr_carea' id='block_1_34' title="bbox 299 3535 1980 3610">
    <p class='ocr_par' dir='ltr' id='par_1_34' title="bbox 299 3535 1980 3610">
     <span class='ocr_line' id='line_1_34' title="bbox 299 3535 1980 3610; baseline -0.004 -16"><span class='ocrx_word' id='word_1_304' title='bbox 299 3540 492 3610; x_wconf 88' lang='grc' dir='ltr'>γεσθαι</span> <span class='ocrx_word' id='word_1_305' title='bbox 528 3539 663 3592; x_wconf 89' lang='grc' dir='ltr'>Θεὸν</span> <span class='ocrx_word' id='word_1_306' title='bbox 691 3539 782 3592; x_wconf 85' lang='grc' dir='ltr'>τὸν</span> <span class='ocrx_word' id='word_1_307' title='bbox 819 3537 1060 3609; x_wconf 78' lang='grc' dir='ltr'>Πατέρα,</span> <span class='ocrx_word' id='word_1_308' title='bbox 1094 3535 1348 3590; x_wconf 89' lang='grc' dir='ltr'>ἐκϐάλλει</span> <span class='ocrx_word' id='word_1_309' title='bbox 1379 3535 1470 3588; x_wconf 80' lang='grc' dir='ltr'>τὸν</span> <span class='ocrx_word' id='word_1_310' title='bbox 1500 3535 1630 3588; x_wconf 81' lang='grc' dir='ltr'>Υίὸν</span> <span class='ocrx_word' id='word_1_311' title='bbox 1661 3535 1760 3606; x_wconf 85' lang='grc' dir='ltr'>τῆς</span> <span class='ocrx_word' id='word_1_312' title='bbox 1789 3535 1980 3605; x_wconf 88' lang='grc' dir='ltr'>θεότη-</span> 
     </span>
    </p>
   </div>
   <div class='ocr_carea' id='block_1_35' title="bbox 299 3631 1981 3705">
    <p class='ocr_par' dir='ltr' id='par_1_35' title="bbox 299 3631 1981 3705">
     <span class='ocr_line' id='line_1_35' title="bbox 299 3631 1981 3705; baseline -0.004 -14"><span class='ocrx_word' id='word_1_313' title='bbox 299 3653 414 3703; x_wconf 85' lang='grc' dir='ltr'>τος,</span> <span class='ocrx_word' id='word_1_314' title='bbox 445 3636 624 3689; x_wconf 76' lang='grc' dir='ltr'>καὶτὸ</span> <span class='ocrx_word' id='word_1_315' title='bbox 647 3635 743 3688; x_wconf 68' lang='grc' dir='ltr'>ἕνα</span> <span class='ocrx_word' id='word_1_316' title='bbox 771 3634 1026 3703; x_wconf 79' lang='grc' dir='ltr'>λέγεσθαι</span> <span class='ocrx_word' id='word_1_317' title='bbox 1059 3634 1265 3705; x_wconf 82' lang='grc' dir='ltr'>Κύριον</span> <span class='ocrx_word' id='word_1_318' title='bbox 1296 3632 1449 3705; x_wconf 73' lang='grc'>[482]</span> <span class='ocrx_word' id='word_1_319' title='bbox 1476 3633 1567 3686; x_wconf 86' lang='grc' dir='ltr'>τὸν</span> <span class='ocrx_word' id='word_1_320' title='bbox 1597 3632 1745 3696; x_wconf 83' lang='grc' dir='ltr'>Υίὸν,</span> <span class='ocrx_word' id='word_1_321' title='bbox 1777 3631 1981 3685; x_wconf 84' lang='grc' dir='ltr'>ἐκϐάλ-</span> 
     </span>
    </p>
   </div>
   <div class='ocr_carea' id='block_1_36' title="bbox 301 3725 1981 3800">
    <p class='ocr_par' dir='ltr' id='par_1_36' title="bbox 301 3725 1981 3800">
     <span class='ocr_line' id='line_1_36' title="bbox 301 3725 1981 3800; baseline -0.003 -17"><span class='ocrx_word' id='word_1_322' title='bbox 301 3731 382 3784; x_wconf 87' lang='grc' dir='ltr'>λει</span> <span class='ocrx_word' id='word_1_323' title='bbox 408 3730 500 3784; x_wconf 90' lang='grc' dir='ltr'>τὸν</span> <span class='ocrx_word' id='word_1_324' title='bbox 532 3729 750 3800; x_wconf 82' lang='grc' dir='ltr'>Πατέρα</span> <span class='ocrx_word' id='word_1_325' title='bbox 785 3729 882 3800; x_wconf 82' lang='grc' dir='ltr'>τῆς</span> <span class='ocrx_word' id='word_1_326' title='bbox 911 3728 1262 3800; x_wconf 78' lang='grc' dir='ltr'>κυριότητος·</span> <span class='ocrx_word' id='word_1_327' title='bbox 1293 3726 1430 3780; x_wconf 83' lang='grc' dir='ltr'>ἀλλά</span> <span class='ocrx_word' id='word_1_328' title='bbox 1457 3726 1564 3798; x_wconf 81' lang='grc' dir='ltr'>μὴν</span> <span class='ocrx_word' id='word_1_329' title='bbox 1597 3726 1698 3779; x_wconf 90' lang='grc' dir='ltr'>οὐκ</span> <span class='ocrx_word' id='word_1_330' title='bbox 1729 3725 1981 3779; x_wconf 88' lang='grc' dir='ltr'>ἐκϐάλλει</span> 
     </span>
    </p>
   </div>
   <div class='ocr_carea' id='block_1_37' title="bbox 299 3816 1983 3897">
    <p class='ocr_par' dir='ltr' id='par_1_37' title="bbox 299 3816 1983 3897">
     <span class='ocr_line' id='line_1_37' title="bbox 299 3816 1983 3897; baseline -0.002 -18"><span class='ocrx_word' id='word_1_331' title='bbox 299 3826 399 3897; x_wconf 79' lang='grc' dir='ltr'>τῆς</span> <span class='ocrx_word' id='word_1_332' title='bbox 426 3826 748 3896; x_wconf 78' lang='grc' dir='ltr'>κυριότητος</span> <span class='ocrx_word' id='word_1_333' title='bbox 768 3824 859 3877; x_wconf 82' lang='grc' dir='ltr'>τὸν</span> <span class='ocrx_word' id='word_1_334' title='bbox 883 3823 1100 3895; x_wconf 78' lang='grc' dir='ltr'>Πατέρα</span> <span class='ocrx_word' id='word_1_335' title='bbox 1126 3823 1188 3876; x_wconf 91' lang='grc' dir='ltr'>τὸ</span> <span class='ocrx_word' id='word_1_336' title='bbox 1211 3821 1486 3892; x_wconf 86' lang='grc' dir='ltr'>λέγεσθαι,</span> <span class='ocrx_word' id='word_1_337' title='bbox 1509 3823 1590 3876; x_wconf 85' lang='grc' dir='ltr'>ὅτι</span> <span class='ocrx_word' id='word_1_338' title='bbox 1625 3816 1732 3888; x_wconf 83' lang='grc' dir='ltr'>Εἷς</span> <span class='ocrx_word' id='word_1_339' title='bbox 1769 3823 1983 3889; x_wconf 81' lang='grc' dir='ltr'>Κύριος</span> 
     </span>
    </p>
   </div>
   <div class='ocr_carea' id='block_1_38' title="bbox 313 3917 1982 3991">
    <p class='ocr_par' dir='ltr' id='par_1_38' title="bbox 313 3917 1982 3991">
     <span class='ocr_line' id='line_1_38' title="bbox 313 3917 1982 3991; baseline -0.002 -16"><span class='ocrx_word' id='word_1_340' title='bbox 313 3921 546 3990; x_wconf 86' lang='grc' dir='ltr'>Ἰησοῦς</span> <span class='ocrx_word' id='word_1_341' title='bbox 596 3921 852 3989; x_wconf 85' lang='grc' dir='ltr'>Χριστός</span> <span class='ocrx_word' id='word_1_342' title='bbox 876 3936 888 3948; x_wconf 86' lang='grc'><strong>·</strong></span> <span class='ocrx_word' id='word_1_343' title='bbox 935 3919 1036 3973; x_wconf 90' lang='grc' dir='ltr'>οὐκ</span> <span class='ocrx_word' id='word_1_344' title='bbox 1081 3919 1192 3991; x_wconf 79' lang='grc' dir='ltr'>ἄρα</span> <span class='ocrx_word' id='word_1_345' title='bbox 1247 3918 1368 3972; x_wconf 88' lang='grc' dir='ltr'>οὐδέ</span> <span class='ocrx_word' id='word_1_346' title='bbox 1401 3919 1496 3973; x_wconf 90' lang='grc' dir='ltr'>τὸν</span> <span class='ocrx_word' id='word_1_347' title='bbox 1546 3919 1674 3972; x_wconf 87' lang='grc' dir='ltr'>Υίὸν</span> <span class='ocrx_word' id='word_1_348' title='bbox 1730 3917 1982 3972; x_wconf 87' lang='grc' dir='ltr'>ἐκϐάλλει</span> 
     </span>
    </p>
   </div>
   <div class='ocr_carea' id='block_1_39' title="bbox 299 4007 1774 4088">
    <p class='ocr_par' dir='ltr' id='par_1_39' title="bbox 299 4007 1774 4088">
     <span class='ocr_line' id='line_1_39' title="bbox 299 4007 1774 4088; baseline -0.002 -18"><span class='ocrx_word' id='word_1_349' title='bbox 299 4017 396 4088; x_wconf 78' lang='grc' dir='ltr'>τῆς</span> <span class='ocrx_word' id='word_1_350' title='bbox 423 4017 674 4088; x_wconf 84' lang='grc' dir='ltr'>θεότητος</span> <span class='ocrx_word' id='word_1_351' title='bbox 715 4015 776 4069; x_wconf 89' lang='grc' dir='ltr'>τὸ</span> <span class='ocrx_word' id='word_1_352' title='bbox 813 4014 1090 4084; x_wconf 82' lang='grc' dir='ltr'>λέγεσθαι,</span> <span class='ocrx_word' id='word_1_353' title='bbox 1123 4014 1208 4068; x_wconf 86' lang='grc' dir='ltr'>ὃτι</span> <span class='ocrx_word' id='word_1_354' title='bbox 1243 4007 1324 4078; x_wconf 75' lang='grc' dir='ltr'>εἷς</span> <span class='ocrx_word' id='word_1_355' title='bbox 1353 4012 1486 4077; x_wconf 89' lang='grc' dir='ltr'>Θεὸς</span> <span class='ocrx_word' id='word_1_356' title='bbox 1507 4014 1537 4067; x_wconf 96' lang='lat'>6</span> <span class='ocrx_word' id='word_1_357' title='bbox 1561 4013 1774 4084; x_wconf 88' lang='grc' dir='ltr'>Πατήρ.</span> 
     </span>
    </p>
   </div>
   <div class='ocr_carea' id='block_1_40' title="bbox 372 4106 1983 4184">
    <p class='ocr_par' dir='ltr' id='par_1_40' title="bbox 372 4106 1983 4184">
     <span class='ocr_line' id='line_1_40' title="bbox 372 4106 1983 4184; baseline -0.002 -18"><span class='ocrx_word' id='word_1_358' title='bbox 372 4111 436 4184; x_wconf 79' lang='grc' dir='ltr'>β’.</span> <span class='ocrx_word' id='word_1_359' title='bbox 459 4114 523 4166; x_wconf 81' lang='grc' dir='ltr'>Εἰ</span> <span class='ocrx_word' id='word_1_360' title='bbox 542 4113 598 4166; x_wconf 90' lang='grc' dir='ltr'>δέ</span> <span class='ocrx_word' id='word_1_361' title='bbox 631 4113 837 4181; x_wconf 80' lang='grc' dir='ltr'>λέγοιεν</span> <span class='ocrx_word' id='word_1_362' title='bbox 868 4112 1053 4177; x_wconf 84' lang='grc' dir='ltr'>πάλιν,</span> <span class='ocrx_word' id='word_1_363' title='bbox 1086 4111 1167 4165; x_wconf 84' lang='grc' dir='ltr'>ὅτι</span> <span class='ocrx_word' id='word_1_364' title='bbox 1199 4109 1287 4163; x_wconf 82' lang='grc' dir='ltr'>διὰ</span> <span class='ocrx_word' id='word_1_365' title='bbox 1315 4109 1474 4163; x_wconf 87' lang='grc' dir='ltr'>τοῦτο</span> <span class='ocrx_word' id='word_1_366' title='bbox 1500 4106 1580 4173; x_wconf 73' lang='grc' dir='ltr'>εἷς</span> <span class='ocrx_word' id='word_1_367' title='bbox 1611 4109 1742 4173; x_wconf 90' lang='grc' dir='ltr'>Θεὸς</span> <span class='ocrx_word' id='word_1_368' title='bbox 1762 4109 1983 4178; x_wconf 85' lang='grc' dir='ltr'>λέγεται</span> 
     </span>
    </p>
   </div>
   <div class='ocr_carea' id='block_1_41' title="bbox 299 4205 1983 4279">
    <p class='ocr_par' dir='ltr' id='par_1_41' title="bbox 299 4205 1983 4279">
     <span class='ocr_line' id='line_1_41' title="bbox 299 4205 1983 4279; baseline -0.001 -17"><span class='ocrx_word' id='word_1_369' title='bbox 299 4211 330 4262; x_wconf 89' lang='lat'>6</span> <span class='ocrx_word' id='word_1_370' title='bbox 354 4209 563 4279; x_wconf 84' lang='grc' dir='ltr'>Πατὴρ,</span> <span class='ocrx_word' id='word_1_371' title='bbox 595 4209 784 4278; x_wconf 82' lang='grc' dir='ltr'>ἐπειδὴ</span> <span class='ocrx_word' id='word_1_372' title='bbox 814 4207 946 4270; x_wconf 82' lang='grc' dir='ltr'>Θεὸς</span> <span class='ocrx_word' id='word_1_373' title='bbox 979 4207 1078 4277; x_wconf 81' lang='grc' dir='ltr'>μέν</span> <span class='ocrx_word' id='word_1_374' title='bbox 1120 4208 1268 4260; x_wconf 87' lang='grc' dir='ltr'>ἐστιν</span> <span class='ocrx_word' id='word_1_375' title='bbox 1301 4207 1330 4259; x_wconf 89' lang='lat'>6</span> <span class='ocrx_word' id='word_1_376' title='bbox 1375 4206 1523 4271; x_wconf 77' lang='grc' dir='ltr'>Υίὸς,</span> <span class='ocrx_word' id='word_1_377' title='bbox 1555 4207 1616 4260; x_wconf 91' lang='grc' dir='ltr'>οὐ</span> <span class='ocrx_word' id='word_1_378' title='bbox 1646 4205 1887 4270; x_wconf 78' lang='grc' dir='ltr'>τοιοῦτος</span> <span class='ocrx_word' id='word_1_379' title='bbox 1925 4207 1983 4260; x_wconf 81' lang='grc' dir='ltr'>δὲ</span> 
     </span>
    </p>
   </div>
   <div class='ocr_carea' id='block_1_42' title="bbox 299 4299 1981 4375">
    <p class='ocr_par' dir='ltr' id='par_1_42' title="bbox 299 4299 1981 4375">
     <span class='ocr_line' id='line_1_42' title="bbox 299 4299 1981 4375; baseline 0 -16"><span class='ocrx_word' id='word_1_380' title='bbox 299 4305 454 4368; x_wconf 84' lang='grc' dir='ltr'>Θεὸς,</span> <span class='ocrx_word' id='word_1_381' title='bbox 485 4301 596 4368; x_wconf 80' lang='grc' dir='ltr'>οίος</span> <span class='ocrx_word' id='word_1_382' title='bbox 629 4307 659 4358; x_wconf 82' lang='lat'>6</span> <span class='ocrx_word' id='word_1_383' title='bbox 692 4303 901 4375; x_wconf 76' lang='grc' dir='ltr'>Πατήρ,</span> <span class='ocrx_word' id='word_1_384' title='bbox 945 4303 1141 4358; x_wconf 73' lang='grc' dir='ltr'>ἕπεται</span> <span class='ocrx_word' id='word_1_385' title='bbox 1179 4305 1358 4357; x_wconf 88' lang='grc' dir='ltr'>ἐκεῖνο</span> <span class='ocrx_word' id='word_1_386' title='bbox 1389 4306 1586 4368; x_wconf 76' lang='grc' dir='ltr'>εἰπεῖν,</span> <span class='ocrx_word' id='word_1_387' title='bbox 1620 4304 1681 4369; x_wconf 82' lang='grc' dir='ltr'>ἐξ</span> <span class='ocrx_word' id='word_1_388' title='bbox 1717 4299 1794 4358; x_wconf 81' lang='grc' dir='ltr'>ὧν</span> <span class='ocrx_word' id='word_1_389' title='bbox 1822 4305 1981 4359; x_wconf 75' lang='grc' dir='ltr'>αὐτοὶ</span> 
     </span>
    </p>
   </div>
   <div class='ocr_carea' id='block_1_43' title="bbox 299 4399 1984 4472">
    <p class='ocr_par' dir='ltr' id='par_1_43' title="bbox 299 4399 1984 4472">
     <span class='ocr_line' id='line_1_43' title="bbox 299 4399 1984 4472; baseline 0 -18"><span class='ocrx_word' id='word_1_390' title='bbox 299 4401 515 4455; x_wconf 87' lang='grc' dir='ltr'>τιθέασι</span> <span class='ocrx_word' id='word_1_391' title='bbox 568 4401 876 4471; x_wconf 86' lang='grc' dir='ltr'>λημμάτων</span> <span class='ocrx_word' id='word_1_392' title='bbox 922 4401 1004 4470; x_wconf 90' lang='grc' dir='ltr'>(οὐ</span> <span class='ocrx_word' id='word_1_393' title='bbox 1037 4400 1147 4472; x_wconf 84' lang='grc' dir='ltr'>γὰρ</span> <span class='ocrx_word' id='word_1_394' title='bbox 1169 4399 1236 4470; x_wconf 78' lang='grc' dir='ltr'>δὴ</span> <span class='ocrx_word' id='word_1_395' title='bbox 1275 4401 1437 4471; x_wconf 80' lang='grc' dir='ltr'>ἡμεῖς</span> <span class='ocrx_word' id='word_1_396' title='bbox 1467 4399 1535 4453; x_wconf 83' lang='grc' dir='ltr'>ἂν</span> <span class='ocrx_word' id='word_1_397' title='bbox 1572 4400 1871 4470; x_wconf 76' lang='grc' dir='ltr'>εἴποιμεν),</span> <span class='ocrx_word' id='word_1_398' title='bbox 1899 4403 1984 4455; x_wconf 88' lang='grc' dir='ltr'>ὅτι</span> 
     </span>
    </p>
   </div>
   <div class='ocr_carea' id='block_1_44' title="bbox 298 4493 1983 4568">
    <p class='ocr_par' dir='ltr' id='par_1_44' title="bbox 298 4493 1983 4568">
     <span class='ocr_line' id='line_1_44' title="bbox 298 4493 1983 4568; baseline -0.001 -17"><span class='ocrx_word' id='word_1_399' title='bbox 298 4495 563 4551; x_wconf 83' lang='grc' dir='ltr'>διάτοῦτο</span> <span class='ocrx_word' id='word_1_400' title='bbox 591 4496 808 4565; x_wconf 86' lang='grc' dir='ltr'>λέγεται</span> <span class='ocrx_word' id='word_1_401' title='bbox 841 4493 922 4560; x_wconf 76' lang='grc' dir='ltr'>εἷς</span> <span class='ocrx_word' id='word_1_402' title='bbox 959 4497 1163 4568; x_wconf 86' lang='grc' dir='ltr'>Κύριος</span> <span class='ocrx_word' id='word_1_403' title='bbox 1186 4497 1383 4560; x_wconf 86' lang='grc' dir='ltr'>ὁΥἱὸς,</span> <span class='ocrx_word' id='word_1_404' title='bbox 1418 4496 1608 4568; x_wconf 84' lang='grc' dir='ltr'>ἐπειδὴ</span> <span class='ocrx_word' id='word_1_405' title='bbox 1643 4496 1849 4568; x_wconf 87' lang='grc' dir='ltr'>Κύριος</span> <span class='ocrx_word' id='word_1_406' title='bbox 1884 4499 1983 4568; x_wconf 83' lang='grc' dir='ltr'>μὲν</span> 
     </span>
    </p>
   </div>
   <div class='ocr_carea' id='block_1_45' title="bbox 299 4588 1986 4664">
    <p class='ocr_par' dir='ltr' id='par_1_45' title="bbox 299 4588 1986 4664">
     <span class='ocr_line' id='line_1_45' title="bbox 299 4588 1986 4664; baseline 0.002 -20"><span class='ocrx_word' id='word_1_407' title='bbox 299 4592 330 4644; x_wconf 87' lang='lat'>6</span> <span class='ocrx_word' id='word_1_408' title='bbox 358 4593 567 4664; x_wconf 81' lang='grc' dir='ltr'>Πατὴρ,</span> <span class='ocrx_word' id='word_1_409' title='bbox 597 4593 659 4646; x_wconf 92' lang='grc' dir='ltr'>οὐ</span> <span class='ocrx_word' id='word_1_410' title='bbox 682 4593 924 4658; x_wconf 90' lang='grc' dir='ltr'>τοιοῦτος</span> <span class='ocrx_word' id='word_1_411' title='bbox 943 4593 999 4646; x_wconf 83' lang='grc' dir='ltr'>δὲ</span> <span class='ocrx_word' id='word_1_412' title='bbox 1027 4592 1250 4663; x_wconf 89' lang='grc' dir='ltr'>Κύριος,</span> <span class='ocrx_word' id='word_1_413' title='bbox 1282 4588 1394 4656; x_wconf 75' lang='grc' dir='ltr'>οἶος</span> <span class='ocrx_word' id='word_1_414' title='bbox 1415 4592 1444 4642; x_wconf 83' lang='grc' dir='ltr'>ὁ</span> <span class='ocrx_word' id='word_1_415' title='bbox 1483 4593 1624 4656; x_wconf 86' lang='grc' dir='ltr'>Υἱός.</span> <span class='ocrx_word' id='word_1_416' title='bbox 1656 4594 1718 4647; x_wconf 72' lang='lat' dir='ltr'>El</span> <span class='ocrx_word' id='word_1_417' title='bbox 1751 4593 1808 4647; x_wconf 85' lang='grc' dir='ltr'>δέ</span> <span class='ocrx_word' id='word_1_418' title='bbox 1825 4594 1986 4647; x_wconf 89' lang='grc' dir='ltr'>τοῦτο</span> 
     </span>
    </p>
   </div>
   <div class='ocr_carea' id='block_1_46' title="bbox 301 4687 1984 4762">
    <p class='ocr_par' dir='ltr' id='par_1_46' title="bbox 301 4687 1984 4762">
     <span class='ocr_line' id='line_1_46' title="bbox 301 4687 1984 4762; baseline -0.001 -19"><span class='ocrx_word' id='word_1_419' title='bbox 301 4689 520 4755; x_wconf 74' lang='grc' dir='ltr'>ἀσεϐὲς,</span> <span class='ocrx_word' id='word_1_420' title='bbox 553 4691 676 4744; x_wconf 88' lang='grc' dir='ltr'>οὐδέ</span> <span class='ocrx_word' id='word_1_421' title='bbox 702 4691 763 4743; x_wconf 88' lang='grc' dir='ltr'>τὸ</span> <span class='ocrx_word' id='word_1_422' title='bbox 796 4690 1063 4761; x_wconf 77' lang='grc' dir='ltr'>πρότερον</span> <span class='ocrx_word' id='word_1_423' title='bbox 1106 4688 1172 4744; x_wconf 81' lang='grc' dir='ltr'>ἂν</span> <span class='ocrx_word' id='word_1_424' title='bbox 1200 4687 1314 4762; x_wconf 73' lang='grc' dir='ltr'>ἔχοι</span> <span class='ocrx_word' id='word_1_425' title='bbox 1345 4688 1502 4757; x_wconf 88' lang='grc' dir='ltr'>λόγον</span> <span class='ocrx_word' id='word_1_426' title='bbox 1523 4707 1536 4721; x_wconf 84' lang='grc'><em>’</em></span> <span class='ocrx_word' id='word_1_427' title='bbox 1573 4689 1689 4743; x_wconf 83' lang='grc' dir='ltr'>ἀλλ’</span> <span class='ocrx_word' id='word_1_428' title='bbox 1712 4688 1902 4760; x_wconf 88' lang='grc' dir='ltr'>ῶσπερ</span> <span class='ocrx_word' id='word_1_429' title='bbox 1923 4690 1984 4742; x_wconf 88' lang='grc' dir='ltr'>τὸ</span> 
     </span>
    </p>
   </div>
   <div class='ocr_carea' id='block_1_47' title="bbox 299 4781 1984 4858">
    <p class='ocr_par' dir='ltr' id='par_1_47' title="bbox 299 4781 1984 4858">
     <span class='ocr_line' id='line_1_47' title="bbox 299 4781 1984 4858; baseline -0.001 -19"><span class='ocrx_word' id='word_1_430' title='bbox 299 4781 402 4851; x_wconf 76' lang='grc' dir='ltr'>Εἷς</span> <span class='ocrx_word' id='word_1_431' title='bbox 431 4787 644 4855; x_wconf 81' lang='grc' dir='ltr'>Κύριος</span> <span class='ocrx_word' id='word_1_432' title='bbox 704 4787 805 4839; x_wconf 90' lang='grc' dir='ltr'>οὐκ</span> <span class='ocrx_word' id='word_1_433' title='bbox 847 4786 1130 4850; x_wconf 82' lang='grc' dir='ltr'>ἐξωθεῖται</span> <span class='ocrx_word' id='word_1_434' title='bbox 1165 4786 1257 4840; x_wconf 88' lang='grc' dir='ltr'>τὸν</span> <span class='ocrx_word' id='word_1_435' title='bbox 1292 4785 1516 4858; x_wconf 86' lang='grc' dir='ltr'>Πατέρα</span> <span class='ocrx_word' id='word_1_436' title='bbox 1581 4787 1680 4856; x_wconf 86' lang='grc' dir='ltr'>τῆς</span> <span class='ocrx_word' id='word_1_437' title='bbox 1719 4785 1984 4856; x_wconf 86' lang='grc' dir='ltr'>ἀκριϐοῦς</span> 
     </span>
    </p>
   </div>
   <div class='ocr_carea' id='block_1_48' title="bbox 303 4881 1979 4954">
    <p class='ocr_par' dir='ltr' id='par_1_48' title="bbox 303 4881 1979 4954">
     <span class='ocr_line' id='line_1_48' title="bbox 303 4881 1979 4954; baseline -0.001 -18"><span class='ocrx_word' id='word_1_438' title='bbox 303 4882 645 4952; x_wconf 84' lang='grc' dir='ltr'>κυριότητος,</span> <span class='ocrx_word' id='word_1_439' title='bbox 675 4881 795 4934; x_wconf 82' lang='grc' dir='ltr'>οὐδὲ</span> <span class='ocrx_word' id='word_1_440' title='bbox 826 4885 904 4945; x_wconf 87' lang='grc' dir='ltr'>εἰς</span> <span class='ocrx_word' id='word_1_441' title='bbox 929 4881 1018 4935; x_wconf 87' lang='grc' dir='ltr'>τὸν</span> <span class='ocrx_word' id='word_1_442' title='bbox 1043 4881 1173 4936; x_wconf 83' lang='grc' dir='ltr'>Υἱὸν</span> <span class='ocrx_word' id='word_1_443' title='bbox 1199 4883 1541 4954; x_wconf 87' lang='grc' dir='ltr'>περιίστησιν</span> <span class='ocrx_word' id='word_1_444' title='bbox 1567 4883 1740 4954; x_wconf 71' lang='grc' dir='ltr'>αὐτὴν</span> <span class='ocrx_word' id='word_1_445' title='bbox 1781 4883 1942 4954; x_wconf 91' lang='grc' dir='ltr'>μόνον</span> <span class='ocrx_word' id='word_1_446' title='bbox 1965 4899 1979 4912; x_wconf 87' lang='grc'><strong>·</strong></span> 
     </span>
    </p>
   </div>
   <div class='ocr_carea' id='block_1_49' title="bbox 305 4972 1985 5050">
    <p class='ocr_par' dir='ltr' id='par_1_49' title="bbox 305 4972 1985 5050">
     <span class='ocr_line' id='line_1_49' title="bbox 305 4972 1985 5050; baseline 0.001 -20"><span class='ocrx_word' id='word_1_447' title='bbox 305 4976 479 5040; x_wconf 72' lang='grc' dir='ltr'>οὕτως</span> <span class='ocrx_word' id='word_1_448' title='bbox 510 4976 630 5029; x_wconf 88' lang='grc' dir='ltr'>οὐδέ</span> <span class='ocrx_word' id='word_1_449' title='bbox 650 4975 711 5029; x_wconf 86' lang='grc' dir='ltr'>τὸ</span> <span class='ocrx_word' id='word_1_450' title='bbox 739 4972 844 5042; x_wconf 83' lang='grc' dir='ltr'>Εἷς</span> <span class='ocrx_word' id='word_1_451' title='bbox 867 4977 1010 5042; x_wconf 83' lang='grc' dir='ltr'>Θεὸς</span> <span class='ocrx_word' id='word_1_452' title='bbox 1042 4977 1295 5031; x_wconf 87' lang='grc' dir='ltr'>ἐκϐάλλει</span> <span class='ocrx_word' id='word_1_453' title='bbox 1325 4977 1416 5031; x_wconf 86' lang='grc' dir='ltr'>τὸν</span> <span class='ocrx_word' id='word_1_454' title='bbox 1449 4978 1578 5030; x_wconf 86' lang='grc' dir='ltr'>Υίὸν</span> <span class='ocrx_word' id='word_1_455' title='bbox 1614 4978 1714 5048; x_wconf 82' lang='grc' dir='ltr'>τῆς</span> <span class='ocrx_word' id='word_1_456' title='bbox 1748 4979 1985 5050; x_wconf 81' lang='grc' dir='ltr'>ἀληθοῦς</span> 
     </span>
    </p>
   </div>
   <div class='ocr_carea' id='block_1_50' title="bbox 306 5074 1984 5146">
    <p class='ocr_par' dir='ltr' id='par_1_50' title="bbox 306 5074 1984 5146">
     <span class='ocr_line' id='line_1_50' title="bbox 306 5074 1984 5146; baseline 0.002 -19"><span class='ocrx_word' id='word_1_457' title='bbox 306 5076 400 5127; x_wconf 75' lang='grc' dir='ltr'>καὶ</span> <span class='ocrx_word' id='word_1_458' title='bbox 427 5074 656 5144; x_wconf 81' lang='grc' dir='ltr'>γνησίας</span> <span class='ocrx_word' id='word_1_459' title='bbox 694 5075 786 5128; x_wconf 78' lang='grc' dir='ltr'>καὶ</span> <span class='ocrx_word' id='word_1_460' title='bbox 811 5075 1148 5146; x_wconf 80' lang='grc' dir='ltr'>ἀκραιφνοῦς</span> <span class='ocrx_word' id='word_1_461' title='bbox 1185 5076 1215 5116; x_wconf 76' lang='grc' dir='ltr'>ι)</span> <span class='ocrx_word' id='word_1_462' title='bbox 1252 5075 1528 5146; x_wconf 87' lang='grc' dir='ltr'>θεότητος,</span> <span class='ocrx_word' id='word_1_463' title='bbox 1571 5075 1692 5128; x_wconf 82' lang='grc' dir='ltr'>οὐδὲ</span> <span class='ocrx_word' id='word_1_464' title='bbox 1743 5076 1839 5130; x_wconf 90' lang='grc' dir='ltr'>τοῦ</span> <span class='ocrx_word' id='word_1_465' title='bbox 1874 5078 1984 5131; x_wconf 88' lang='grc' dir='ltr'>Πα-</span> 
     </span>
    </p>
   </div>
   <div class='ocr_carea' id='block_1_51' title="bbox 303 5172 1985 5244">
    <p class='ocr_par' dir='ltr' id='par_1_51' title="bbox 303 5172 1985 5244">
     <span class='ocr_line' id='line_1_51' title="bbox 303 5172 1985 5244; baseline 0.001 -18"><span class='ocrx_word' id='word_1_466' title='bbox 303 5172 433 5243; x_wconf 86' lang='grc' dir='ltr'>τρὸς</span> <span class='ocrx_word' id='word_1_467' title='bbox 468 5172 600 5226; x_wconf 81' lang='grc' dir='ltr'>αὐτὸ</span> <span class='ocrx_word' id='word_1_468' title='bbox 633 5173 790 5243; x_wconf 83' lang='grc' dir='ltr'>μόνον</span> <span class='ocrx_word' id='word_1_469' title='bbox 815 5173 1347 5226; x_wconf 89' lang='grc' dir='ltr'>ἀποδείκνυσιν.”οτι</span> <span class='ocrx_word' id='word_1_470' title='bbox 1365 5173 1475 5244; x_wconf 86' lang='grc' dir='ltr'>γὰρ</span> <span class='ocrx_word' id='word_1_471' title='bbox 1497 5173 1630 5236; x_wconf 91' lang='grc' dir='ltr'>Θεὸς</span> <span class='ocrx_word' id='word_1_472' title='bbox 1649 5176 1677 5227; x_wconf 92' lang='lat'>6</span> <span class='ocrx_word' id='word_1_473' title='bbox 1700 5173 1848 5238; x_wconf 87' lang='grc' dir='ltr'>Υίὸς,</span> <span class='ocrx_word' id='word_1_474' title='bbox 1889 5177 1985 5228; x_wconf 73' lang='grc' dir='ltr'>καὶ</span> 
     </span>
    </p>
   </div>
   <div class='ocr_carea' id='block_1_52' title="bbox 307 5265 1983 5342">
    <p class='ocr_par' dir='ltr' id='par_1_52' title="bbox 307 5265 1983 5342">
     <span class='ocr_line' id='line_1_52' title="bbox 307 5265 1983 5342; baseline 0 -16"><span class='ocrx_word' id='word_1_475' title='bbox 307 5271 544 5336; x_wconf 86' lang='grc' dir='ltr'>τοιοῦτος</span> <span class='ocrx_word' id='word_1_476' title='bbox 570 5269 705 5334; x_wconf 85' lang='grc' dir='ltr'>Θεὸς</span> <span class='ocrx_word' id='word_1_477' title='bbox 728 5265 840 5334; x_wconf 76' lang='grc' dir='ltr'>οἷος</span> <span class='ocrx_word' id='word_1_478' title='bbox 869 5273 899 5324; x_wconf 90' lang='lat'>6</span> <span class='ocrx_word' id='word_1_479' title='bbox 935 5269 1146 5341; x_wconf 80' lang='grc' dir='ltr'>Πατὴρ,</span> <span class='ocrx_word' id='word_1_480' title='bbox 1189 5270 1366 5340; x_wconf 85' lang='grc' dir='ltr'>μένων</span> <span class='ocrx_word' id='word_1_481' title='bbox 1395 5271 1582 5342; x_wconf 85' lang='grc' dir='ltr'>μέντοι</span> <span class='ocrx_word' id='word_1_482' title='bbox 1610 5272 1756 5336; x_wconf 79' lang='grc' dir='ltr'>Υἱὸς,</span> <span class='ocrx_word' id='word_1_483' title='bbox 1796 5273 1855 5337; x_wconf 81' lang='grc' dir='ltr'>ἐξ</span> <span class='ocrx_word' id='word_1_484' title='bbox 1883 5274 1983 5326; x_wconf 89' lang='grc' dir='ltr'>αὐ-</span> 
     </span>
    </p>
   </div>
   <div class='ocr_carea' id='block_1_53' title="bbox 369 5447 1982 5512">
    <p class='ocr_par' dir='ltr' id='par_1_53' title="bbox 369 5447 1982 5512">
     <span class='ocr_line' id='line_1_53' title="bbox 369 5447 1982 5512; baseline 0.002 -16"><span class='ocrx_word' id='word_1_485' title='bbox 369 5447 576 5512; x_wconf 68' lang='lat' dir='ltr'>&#39;_Savil_.</span> <span class='ocrx_word' id='word_1_486' title='bbox 603 5453 657 5496; x_wconf 75' lang='lat' dir='ltr'><strong>et</strong></span> <span class='ocrx_word' id='word_1_487' title='bbox 679 5448 886 5512; x_wconf 73' lang='lat' dir='ltr'>maxima</span> <span class='ocrx_word' id='word_1_488' title='bbox 914 5460 1038 5512; x_wconf 59' lang='lat' dir='ltr'>parg</span> <span class='ocrx_word' id='word_1_489' title='bbox 1061 5461 1175 5512; x_wconf 72' lang='lat' dir='ltr'>tpss.</span> <span class='ocrx_word' id='word_1_490' title='bbox 1215 5447 1502 5512; x_wconf 77' lang='grc' dir='ltr'>ἀκούσωμεν</span> <span class='ocrx_word' id='word_1_491' title='bbox 1522 5449 1568 5512; x_wconf 80' lang='grc' dir='ltr'>τί</span> <span class='ocrx_word' id='word_1_492' title='bbox 1587 5450 1916 5512; x_wconf 84' lang='grc' dir='ltr'>διαλεγόμενος</span> <span class='ocrx_word' id='word_1_493' title='bbox 1954 5454 1982 5500; x_wconf 88' lang='lat'>6</span> 
     </span>
    </p>
   </div>
   <div class='ocr_carea' id='block_1_54' title="bbox 305 5506 1983 5579">
    <p class='ocr_par' dir='ltr' id='par_1_54' title="bbox 305 5506 1983 5579">
     <span class='ocr_line' id='line_1_54' title="bbox 305 5506 1983 5579; baseline 0.002 -22"><span class='ocrx_word' id='word_1_494' title='bbox 305 5506 504 5579; x_wconf 58' lang='grc' dir='ltr'>Παῦλος</span> <span class='ocrx_word' id='word_1_495' title='bbox 526 5506 787 5579; x_wconf 49' lang='grc' dir='ltr'>Κοριῄίοις</span> <span class='ocrx_word' id='word_1_496' title='bbox 807 5506 940 5579; x_wconf 46' lang='lat' dir='ltr'>fugi:</span> <span class='ocrx_word' id='word_1_497' title='bbox 965 5509 1022 5579; x_wconf 65' lang='grc' dir='ltr'>Τί</span> <span class='ocrx_word' id='word_1_498' title='bbox 1046 5508 1128 5579; x_wconf 72' lang='grc' dir='ltr'>οὐν</span> <span class='ocrx_word' id='word_1_499' title='bbox 1150 5525 1264 5570; x_wconf 82' lang='grc' dir='ltr'>φησι</span> <span class='ocrx_word' id='word_1_500' title='bbox 1280 5527 1294 5579; x_wconf 64' lang='grc' dir='ltr'>ξ</span> <span class='ocrx_word' id='word_1_501' title='bbox 1308 5509 1389 5579; x_wconf 53' lang='grc' dir='ltr'>Τ-ςς</span> <span class='ocrx_word' id='word_1_502' title='bbox 1411 5506 1500 5579; x_wconf 63' lang='grc' dir='ltr'>γάρ</span> <span class='ocrx_word' id='word_1_503' title='bbox 1519 5511 1634 5579; x_wconf 69' lang='grc' dir='ltr'>οἶδε.</span> <span class='ocrx_word' id='word_1_504' title='bbox 1663 5506 1838 5579; x_wconf 55' lang='grc' dir='ltr'>Μργέι.</span> <span class='ocrx_word' id='word_1_505' title='bbox 1865 5506 1983 5579; x_wconf 74' lang='lat' dir='ltr'>vérp</span> 
     </span>
    </p>
   </div>
   <div class='ocr_carea' id='block_1_55' title="bbox 306 5569 1981 5638">
    <p class='ocr_par' dir='ltr' id='par_1_55' title="bbox 306 5569 1981 5638">
     <span class='ocr_line' id='line_1_55' title="bbox 306 5569 1981 5638; baseline 0.003 -21"><span class='ocrx_word' id='word_1_506' title='bbox 306 5569 832 5638; x_wconf 41' lang='lat' dir='ltr'>{gaﬁqugy&#39;ﬂﬁtdz‘</span> <span class='ocrx_word' id='word_1_507' title='bbox 857 5571 974 5638; x_wconf 17' lang='grc' dir='ltr'>οἶδεν</span> <span class='ocrx_word' id='word_1_508' title='bbox 998 5569 1299 5638; x_wconf 39' lang='grc' dir='ltr'>λεγόμενον-ό</span> <span class='ocrx_word' id='word_1_509' title='bbox 1332 5569 1522 5638; x_wconf 77' lang='grc' dir='ltr'>Παῦλος</span> <span class='ocrx_word' id='word_1_510' title='bbox 1560 5573 1818 5638; x_wconf 73' lang='grc' dir='ltr'>Κορινθίοις</span> <span class='ocrx_word' id='word_1_511' title='bbox 1849 5575 1981 5638; x_wconf 75' lang='grc' dir='ltr'>φησί·</span> 
     </span>
    </p>
   </div>
   <div class='ocr_carea' id='block_1_56' title="bbox 1089 248 2954 328">
    <p class='ocr_par' dir='ltr' id='par_1_56' title="bbox 1089 248 2954 328">
     <span class='ocr_line' id='line_1_56' title="bbox 1089 248 2954 328; baseline 0.006 -21"><span class='ocrx_word' id='word_1_512' title='bbox 1089 249 1147 308; x_wconf 88' lang='lat' dir='ltr'>S.</span> <span class='ocrx_word' id='word_1_513' title='bbox 1190 248 1474 328; x_wconf 75' lang='lat' dir='ltr'>JOANNIS</span> <span class='ocrx_word' id='word_1_514' title='bbox 1508 249 1998 311; x_wconf 68' lang='lat' dir='ltr'>CHRYSOSTOHI</span> <span class='ocrx_word' id='word_1_515' title='bbox 2040 258 2360 316; x_wconf 71' lang='lat' dir='ltr'>ARCHIEP.</span> <span class='ocrx_word' id='word_1_516' title='bbox 2401 257 2954 319; x_wconf 77' lang='lat' dir='ltr'>CONSTANTINOP.</span> 
     </span>
    </p>
   </div>
   <div class='ocr_carea' id='block_1_57' title="bbox 3669 272 3772 328">
    <p class='ocr_par' dir='ltr' id='par_1_57' title="bbox 3669 272 3772 328">
     <span class='ocr_line' id='line_1_57' title="bbox 3669 272 3772 328; baseline 0.029 -3"><span class='ocrx_word' id='word_1_517' title='bbox 3669 272 3772 328; x_wconf 78' lang='lat'>753</span> 
     </span>
    </p>
   </div>
   <div class='ocr_carea' id='block_1_58' title="bbox 2083 378 3780 454">
    <p class='ocr_par' dir='ltr' id='par_1_58' title="bbox 2083 378 3780 454">
     <span class='ocr_line' id='line_1_58' title="bbox 2083 378 3780 454; baseline 0.006 -24"><span class='ocrx_word' id='word_1_518' title='bbox 2083 378 2182 449; x_wconf 84' lang='grc' dir='ltr'>τῆς</span> <span class='ocrx_word' id='word_1_519' title='bbox 2205 378 2306 448; x_wconf 81' lang='grc' dir='ltr'>τῆς</span> <span class='ocrx_word' id='word_1_520' title='bbox 2336 379 2650 450; x_wconf 82' lang='grc' dir='ltr'>προσθήκης</span> <span class='ocrx_word' id='word_1_521' title='bbox 2667 379 2846 450; x_wconf 79' lang='grc' dir='ltr'>δῆλον.</span> <span class='ocrx_word' id='word_1_522' title='bbox 2885 379 2952 434; x_wconf 87' lang='grc' dir='ltr'><strong>Εἰ</strong></span> <span class='ocrx_word' id='word_1_523' title='bbox 2990 378 3100 451; x_wconf 82' lang='grc' dir='ltr'>γὰρ</span> <span class='ocrx_word' id='word_1_524' title='bbox 3136 379 3198 434; x_wconf 90' lang='grc' dir='ltr'>τὸ</span> <span class='ocrx_word' id='word_1_525' title='bbox 3235 382 3380 446; x_wconf 84' lang='grc' dir='ltr'>Θεὸς</span> <span class='ocrx_word' id='word_1_526' title='bbox 3413 382 3592 454; x_wconf 72' lang='grc' dir='ltr'>ὄνομα</span> <span class='ocrx_word' id='word_1_527' title='bbox 3620 385 3780 441; x_wconf 70' lang='grc' dir='ltr'>τοῦτο</span> 
     </span>
    </p>
   </div>
   <div class='ocr_carea' id='block_1_59' title="bbox 2082 464 3780 544">
    <p class='ocr_par' dir='ltr' id='par_1_59' title="bbox 2082 464 3780 544">
     <span class='ocr_line' id='line_1_59' title="bbox 2082 464 3780 544; baseline 0.006 -25"><span class='ocrx_word' id='word_1_528' title='bbox 2082 467 2176 520; x_wconf 86' lang='grc' dir='ltr'>τοῦ</span> <span class='ocrx_word' id='word_1_529' title='bbox 2221 467 2432 538; x_wconf 86' lang='grc' dir='ltr'>Πατρὸς</span> <span class='ocrx_word' id='word_1_530' title='bbox 2469 469 2628 538; x_wconf 87' lang='grc' dir='ltr'>μόνον</span> <span class='ocrx_word' id='word_1_531' title='bbox 2686 464 2776 538; x_wconf 82' lang='grc' dir='ltr'>ἦν,</span> <span class='ocrx_word' id='word_1_532' title='bbox 2823 469 2920 522; x_wconf 77' lang='grc' dir='ltr'>καὶ</span> <span class='ocrx_word' id='word_1_533' title='bbox 2966 469 3134 540; x_wconf 77' lang='grc' dir='ltr'>ἄλλην</span> <span class='ocrx_word' id='word_1_534' title='bbox 3169 470 3270 523; x_wconf 90' lang='grc' dir='ltr'>οὐκ</span> <span class='ocrx_word' id='word_1_535' title='bbox 3311 471 3548 540; x_wconf 78' lang='grc' dir='ltr'>ἠδύνατο</span> <span class='ocrx_word' id='word_1_536' title='bbox 3577 474 3780 544; x_wconf 72' lang='grc' dir='ltr'>δηλοῦν</span> 
     </span>
    </p>
   </div>
   <div class='ocr_carea' id='block_1_60' title="bbox 2083 555 3776 630">
    <p class='ocr_par' dir='ltr' id='par_1_60' title="bbox 2083 555 3776 630">
     <span class='ocr_line' id='line_1_60' title="bbox 2083 555 3776 630; baseline 0.004 -22"><span class='ocrx_word' id='word_1_537' title='bbox 2083 557 2215 626; x_wconf 85' lang='grc' dir='ltr'>ἡμῖν</span> <span class='ocrx_word' id='word_1_538' title='bbox 2255 555 2573 621; x_wconf 80' lang='grc' dir='ltr'>ὑπόστασιν,</span> <span class='ocrx_word' id='word_1_539' title='bbox 2618 555 2733 609; x_wconf 87' lang='grc' dir='ltr'>ἀλλ’</span> <span class='ocrx_word' id='word_1_540' title='bbox 2773 556 2991 626; x_wconf 87' lang='grc' dir='ltr'>ἐκείνην</span> <span class='ocrx_word' id='word_1_541' title='bbox 3021 556 3191 627; x_wconf 85' lang='grc' dir='ltr'>μόνην</span> <span class='ocrx_word' id='word_1_542' title='bbox 3223 558 3323 629; x_wconf 83' lang='grc' dir='ltr'>τὴν</span> <span class='ocrx_word' id='word_1_543' title='bbox 3346 559 3658 630; x_wconf 79' lang='grc' dir='ltr'>ἀγέννητον</span> <span class='ocrx_word' id='word_1_544' title='bbox 3682 565 3776 615; x_wconf 78' lang='grc' dir='ltr'>καὶ</span> 
     </span>
    </p>
   </div>
   <div class='ocr_carea' id='block_1_61' title="bbox 2084 645 3778 720">
    <p class='ocr_par' dir='ltr' id='par_1_61' title="bbox 2084 645 3778 720">
     <span class='ocr_line' id='line_1_61' title="bbox 2084 645 3778 720; baseline 0.004 -22"><span class='ocrx_word' id='word_1_545' title='bbox 2084 645 2329 716; x_wconf 73' lang='grc' dir='ltr'>πρώτην,</span> <span class='ocrx_word' id='word_1_546' title='bbox 2384 647 2461 710; x_wconf 82' lang='grc' dir='ltr'>ὡς</span> <span class='ocrx_word' id='word_1_547' title='bbox 2517 647 2648 700; x_wconf 74' lang='grc' dir='ltr'>ἴδιον</span> <span class='ocrx_word' id='word_1_548' title='bbox 2703 647 2877 717; x_wconf 81' lang='grc' dir='ltr'>αὐτῆς</span> <span class='ocrx_word' id='word_1_549' title='bbox 2925 648 3095 719; x_wconf 89' lang='grc' dir='ltr'>μόνης</span> <span class='ocrx_word' id='word_1_550' title='bbox 3137 647 3196 701; x_wconf 81' lang='grc' dir='ltr'>ὃν</span> <span class='ocrx_word' id='word_1_551' title='bbox 3233 650 3326 701; x_wconf 78' lang='grc' dir='ltr'>καὶ</span> <span class='ocrx_word' id='word_1_552' title='bbox 3381 653 3778 720; x_wconf 80' lang='grc' dir='ltr'>γνωριστικὸν,</span> 
     </span>
    </p>
   </div>
   <div class='ocr_carea' id='block_1_62' title="bbox 2086 734 3778 809">
    <p class='ocr_par' dir='ltr' id='par_1_62' title="bbox 2086 734 3778 809">
     <span class='ocr_line' id='line_1_62' title="bbox 2086 734 3778 809; baseline 0.014 -25"><span class='ocrx_word' id='word_1_553' title='bbox 2086 734 2356 804; x_wconf 78' lang='grc' dir='ltr'>περιττῶς</span> <span class='ocrx_word' id='word_1_554' title='bbox 2385 735 2419 805; x_wconf 82' lang='grc' dir='ltr'><strong>ἡ</strong></span> <span class='ocrx_word' id='word_1_555' title='bbox 2461 734 2556 788; x_wconf 91' lang='grc' dir='ltr'>τοῦ</span> <span class='ocrx_word' id='word_1_556' title='bbox 2594 735 2810 806; x_wconf 87' lang='grc' dir='ltr'>Πατρὸς</span> <span class='ocrx_word' id='word_1_557' title='bbox 2852 737 3029 789; x_wconf 88' lang='grc' dir='ltr'>κεῖται</span> <span class='ocrx_word' id='word_1_558' title='bbox 3083 736 3404 806; x_wconf 81' lang='grc' dir='ltr'>προσθήκη⁶</span> <span class='ocrx_word' id='word_1_559' title='bbox 3448 738 3622 807; x_wconf 71' lang='grc' dir='ltr'>ἤρκει</span> <span class='ocrx_word' id='word_1_560' title='bbox 3669 740 3778 809; x_wconf 74' lang='grc' dir='ltr'>γὰρ</span> 
     </span>
    </p>
   </div>
   <div class='ocr_carea' id='block_1_63' title="bbox 2084 817 3780 894">
    <p class='ocr_par' dir='ltr' id='par_1_63' title="bbox 2084 817 3780 894">
     <span class='ocr_line' id='line_1_63' title="bbox 2084 817 3780 894; baseline 0.004 -20"><span class='ocrx_word' id='word_1_561' title='bbox 2084 824 2256 875; x_wconf 81' lang='grc' dir='ltr'>εἰπεῖν</span> <span class='ocrx_word' id='word_1_562' title='bbox 2291 817 2395 886; x_wconf 74' lang='grc' dir='ltr'>Εἷς</span> <span class='ocrx_word' id='word_1_563' title='bbox 2424 821 2590 889; x_wconf 82' lang='grc' dir='ltr'>Θεὸς,</span> <span class='ocrx_word' id='word_1_564' title='bbox 2642 824 2736 876; x_wconf 74' lang='grc' dir='ltr'>καὶ</span> <span class='ocrx_word' id='word_1_565' title='bbox 2769 823 3138 892; x_wconf 74' lang='grc' dir='ltr'>ἐγνωρίζομεν</span> <span class='ocrx_word' id='word_1_566' title='bbox 3167 823 3252 886; x_wconf 89' lang='grc' dir='ltr'>τίς</span> <span class='ocrx_word' id='word_1_567' title='bbox 3279 819 3346 894; x_wconf 83' lang='grc' dir='ltr'>ήν</span> <span class='ocrx_word' id='word_1_568' title='bbox 3380 824 3410 876; x_wconf 85' lang='lat'>6</span> <span class='ocrx_word' id='word_1_569' title='bbox 3436 824 3747 892; x_wconf 83' lang='grc' dir='ltr'>λεγόμενος</span> <span class='ocrx_word' id='word_1_570' title='bbox 3767 845 3780 858; x_wconf 90' lang='grc'><strong>·</strong></span> 
     </span>
    </p>
   </div>
   <div class='ocr_carea' id='block_1_64' title="bbox 2085 910 3778 984">
    <p class='ocr_par' dir='ltr' id='par_1_64' title="bbox 2085 910 3778 984">
     <span class='ocr_line' id='line_1_64' title="bbox 2085 910 3778 984; baseline 0.004 -22"><span class='ocrx_word' id='word_1_571' title='bbox 2085 910 2197 962; x_wconf 72' lang='grc' dir='ltr'>ἀλλ’</span> <span class='ocrx_word' id='word_1_572' title='bbox 2237 910 2426 982; x_wconf 82' lang='grc' dir='ltr'>ἐπειδὴ</span> <span class='ocrx_word' id='word_1_573' title='bbox 2448 911 2510 964; x_wconf 90' lang='grc' dir='ltr'>τὸ</span> <span class='ocrx_word' id='word_1_574' title='bbox 2532 910 2662 975; x_wconf 88' lang='grc' dir='ltr'>Θεὸς</span> <span class='ocrx_word' id='word_1_575' title='bbox 2695 911 2868 980; x_wconf 81' lang='grc' dir='ltr'>ὸνομα</span> <span class='ocrx_word' id='word_1_576' title='bbox 2907 911 3085 965; x_wconf 87' lang='grc' dir='ltr'>κοινὸν</span> <span class='ocrx_word' id='word_1_577' title='bbox 3114 911 3325 984; x_wconf 82' lang='grc' dir='ltr'>Πατρὸς</span> <span class='ocrx_word' id='word_1_578' title='bbox 3349 913 3442 967; x_wconf 74' lang='grc' dir='ltr'>καὶ</span> <span class='ocrx_word' id='word_1_579' title='bbox 3477 913 3649 978; x_wconf 82' lang='grc' dir='ltr'>Υίοῦ,</span> <span class='ocrx_word' id='word_1_580' title='bbox 3681 917 3778 969; x_wconf 77' lang='grc' dir='ltr'>καὶ</span> 
     </span>
    </p>
   </div>
   <div class='ocr_carea' id='block_1_65' title="bbox 2085 993 3783 1069">
    <p class='ocr_par' dir='ltr' id='par_1_65' title="bbox 2085 993 3783 1069">
     <span class='ocr_line' id='line_1_65' title="bbox 2085 993 3783 1069; baseline 0.003 -19"><span class='ocrx_word' id='word_1_581' title='bbox 2085 997 2254 1050; x_wconf 88' lang='grc' dir='ltr'>είπὼν</span> <span class='ocrx_word' id='word_1_582' title='bbox 2294 993 2397 1064; x_wconf 78' lang='grc' dir='ltr'>Εἷς</span> <span class='ocrx_word' id='word_1_583' title='bbox 2433 998 2597 1064; x_wconf 86' lang='grc' dir='ltr'>Θεὸς.</span> <span class='ocrx_word' id='word_1_584' title='bbox 2626 999 2726 1052; x_wconf 89' lang='grc' dir='ltr'>οὐκ</span> <span class='ocrx_word' id='word_1_585' title='bbox 2755 999 2946 1069; x_wconf 75' lang='grc' dir='ltr'>ἐδήλου</span> <span class='ocrx_word' id='word_1_586' title='bbox 2976 998 3101 1052; x_wconf 90' lang='grc' dir='ltr'>τίνα</span> <span class='ocrx_word' id='word_1_587' title='bbox 3147 999 3313 1069; x_wconf 78' lang='grc' dir='ltr'>φησὶν</span> <span class='ocrx_word' id='word_1_588' title='bbox 3339 1000 3370 1052; x_wconf 88' lang='grc' dir='ltr'>ό</span> <span class='ocrx_word' id='word_1_589' title='bbox 3405 999 3654 1063; x_wconf 83' lang='grc' dir='ltr'>Παῦλος.</span> <span class='ocrx_word' id='word_1_590' title='bbox 3692 1003 3783 1056; x_wconf 71' lang='grc' dir='ltr'>διὰ</span> 
     </span>
    </p>
   </div>
   <div class='ocr_carea' id='block_1_66' title="bbox 2084 1084 3784 1160">
    <p class='ocr_par' dir='ltr' id='par_1_66' title="bbox 2084 1084 3784 1160">
     <span class='ocr_line' id='line_1_66' title="bbox 2084 1084 3784 1160; baseline 0.001 -22"><span class='ocrx_word' id='word_1_591' title='bbox 2084 1085 2241 1138; x_wconf 90' lang='grc' dir='ltr'>τοῦτο</span> <span class='ocrx_word' id='word_1_592' title='bbox 2262 1085 2455 1156; x_wconf 84' lang='grc' dir='ltr'>ἐδεήθη</span> <span class='ocrx_word' id='word_1_593' title='bbox 2509 1087 2608 1156; x_wconf 81' lang='grc' dir='ltr'>τῆς</span> <span class='ocrx_word' id='word_1_594' title='bbox 2636 1085 2731 1138; x_wconf 88' lang='grc' dir='ltr'>τοῦ</span> <span class='ocrx_word' id='word_1_595' title='bbox 2762 1085 2977 1156; x_wconf 84' lang='grc' dir='ltr'>Πατρὸς</span> <span class='ocrx_word' id='word_1_596' title='bbox 3024 1084 3364 1158; x_wconf 83' lang='grc' dir='ltr'>προσθήκης,</span> <span class='ocrx_word' id='word_1_597' title='bbox 3397 1087 3490 1142; x_wconf 80' lang='grc' dir='ltr'>ἵνα</span> <span class='ocrx_word' id='word_1_598' title='bbox 3529 1087 3784 1160; x_wconf 72' lang='grc' dir='ltr'>δηλώσῃ,</span> 
     </span>
    </p>
   </div>
   <div class='ocr_carea' id='block_1_67' title="bbox 2083 1173 3785 1246">
    <p class='ocr_par' dir='ltr' id='par_1_67' title="bbox 2083 1173 3785 1246">
     <span class='ocr_line' id='line_1_67' title="bbox 2083 1173 3785 1246; baseline 0.001 -19"><span class='ocrx_word' id='word_1_599' title='bbox 2083 1175 2164 1227; x_wconf 86' lang='grc' dir='ltr'>ὅτι</span> <span class='ocrx_word' id='word_1_600' title='bbox 2191 1176 2322 1244; x_wconf 73' lang='grc' dir='ltr'>περὶ</span> <span class='ocrx_word' id='word_1_601' title='bbox 2358 1176 2457 1244; x_wconf 84' lang='grc' dir='ltr'>τῆς</span> <span class='ocrx_word' id='word_1_602' title='bbox 2501 1173 2725 1244; x_wconf 80' lang='grc' dir='ltr'>πρώτης</span> <span class='ocrx_word' id='word_1_603' title='bbox 2756 1174 3109 1237; x_wconf 78' lang='grc' dir='ltr'>ὑποστάσεως</span> <span class='ocrx_word' id='word_1_604' title='bbox 3138 1174 3234 1226; x_wconf 64' lang='grc' dir='ltr'>κει.)⁸</span> <span class='ocrx_word' id='word_1_605' title='bbox 3271 1175 3579 1246; x_wconf 84' lang='grc' dir='ltr'>ἀγεννήτου</span> <span class='ocrx_word' id='word_1_606' title='bbox 3604 1177 3785 1244; x_wconf 78' lang='grc' dir='ltr'>λέγει,</span> 
     </span>
    </p>
   </div>
   <div class='ocr_carea' id='block_1_68' title="bbox 2082 1255 3786 1330">
    <p class='ocr_par' dir='ltr' id='par_1_68' title="bbox 2082 1255 3786 1330">
     <span class='ocr_line' id='line_1_68' title="bbox 2082 1255 3786 1330; baseline 0.002 -22"><span class='ocrx_word' id='word_1_607' title='bbox 2082 1257 2157 1319; x_wconf 79' lang='grc' dir='ltr'>ὡς</span> <span class='ocrx_word' id='word_1_608' title='bbox 2185 1258 2284 1310; x_wconf 85' lang='grc' dir='ltr'>οὐκ</span> <span class='ocrx_word' id='word_1_609' title='bbox 2315 1257 2593 1328; x_wconf 88' lang='grc' dir='ltr'>ἀρκούσης</span> <span class='ocrx_word' id='word_1_610' title='bbox 2636 1259 2736 1328; x_wconf 84' lang='grc' dir='ltr'>τῆς</span> <span class='ocrx_word' id='word_1_611' title='bbox 2768 1255 2864 1309; x_wconf 87' lang='grc' dir='ltr'>τοῦ</span> <span class='ocrx_word' id='word_1_612' title='bbox 2901 1255 3036 1309; x_wconf 89' lang='grc' dir='ltr'>Θεοῦ</span> <span class='ocrx_word' id='word_1_613' title='bbox 3077 1257 3449 1329; x_wconf 79' lang='grc' dir='ltr'>προσηγορίας</span> <span class='ocrx_word' id='word_1_614' title='bbox 3487 1261 3673 1330; x_wconf 79' lang='grc' dir='ltr'>αὐτὴν</span> <span class='ocrx_word' id='word_1_615' title='bbox 3706 1263 3786 1312; x_wconf 78' lang='grc' dir='ltr'>ὲν·</span> 
     </span>
    </p>
   </div>
   <div class='ocr_carea' id='block_1_69' title="bbox 2083 1341 3784 1414">
    <p class='ocr_par' dir='ltr' id='par_1_69' title="bbox 2083 1341 3784 1414">
     <span class='ocr_line' id='line_1_69' title="bbox 2083 1341 3784 1414; baseline 0 -15"><span class='ocrx_word' id='word_1_616' title='bbox 2083 1344 2378 1411; x_wconf 78' lang='grc' dir='ltr'>δείξασθαι,</span> <span class='ocrx_word' id='word_1_617' title='bbox 2407 1345 2598 1413; x_wconf 79' lang='grc' dir='ltr'>ἐπειδὴ</span> <span class='ocrx_word' id='word_1_618' title='bbox 2627 1343 2805 1397; x_wconf 86' lang='grc' dir='ltr'>κοινὸν</span> <span class='ocrx_word' id='word_1_619' title='bbox 2838 1341 2997 1396; x_wconf 88' lang='grc' dir='ltr'>τοῦτο</span> <span class='ocrx_word' id='word_1_620' title='bbox 3016 1343 3164 1414; x_wconf 87' lang='grc' dir='ltr'>αὐτῴ</span> <span class='ocrx_word' id='word_1_621' title='bbox 3189 1344 3324 1414; x_wconf 87' lang='grc' dir='ltr'>πρὸς</span> <span class='ocrx_word' id='word_1_622' title='bbox 3351 1344 3442 1398; x_wconf 89' lang='grc' dir='ltr'>τὸν</span> <span class='ocrx_word' id='word_1_623' title='bbox 3469 1345 3628 1398; x_wconf 83' lang='grc' dir='ltr'>Υἰόν.</span> <span class='ocrx_word' id='word_1_624' title='bbox 3658 1348 3784 1399; x_wconf 82' lang='grc' dir='ltr'>Τῶν</span> 
     </span>
    </p>
   </div>
   <div class='ocr_carea' id='block_1_70' title="bbox 2058 1431 3786 1507">
    <p class='ocr_par' dir='ltr' id='par_1_70' title="bbox 2058 1431 3786 1507">
     <span class='ocr_line' id='line_1_70' title="bbox 2058 1431 3786 1507; baseline 0.004 -27"><span class='ocrx_word' id='word_1_625' title='bbox 2058 1477 2060 1480; x_wconf 76' lang='grc'>,</span> <span class='ocrx_word' id='word_1_626' title='bbox 2084 1434 2192 1507; x_wconf 92' lang='grc' dir='ltr'>γάρ</span> <span class='ocrx_word' id='word_1_627' title='bbox 2232 1433 2517 1504; x_wconf 85' lang='grc' dir='ltr'>ὀνομάτων</span> <span class='ocrx_word' id='word_1_628' title='bbox 2536 1432 2604 1486; x_wconf 81' lang='grc' dir='ltr'>τὰ</span> <span class='ocrx_word' id='word_1_629' title='bbox 2633 1432 2732 1502; x_wconf 82' lang='grc' dir='ltr'>μέν</span> <span class='ocrx_word' id='word_1_630' title='bbox 2760 1433 2876 1484; x_wconf 89' lang='grc' dir='ltr'>ἐστι</span> <span class='ocrx_word' id='word_1_631' title='bbox 2899 1431 3076 1489; x_wconf 78' lang='grc' dir='ltr'>κοινὰ.</span> <span class='ocrx_word' id='word_1_632' title='bbox 3101 1431 3169 1483; x_wconf 77' lang='grc' dir='ltr'>τὰ</span> <span class='ocrx_word' id='word_1_633' title='bbox 3190 1431 3246 1484; x_wconf 81' lang='grc' dir='ltr'>δὲ</span> <span class='ocrx_word' id='word_1_634' title='bbox 3278 1431 3386 1484; x_wconf 85' lang='grc' dir='ltr'>ῐδια</span> <span class='ocrx_word' id='word_1_635' title='bbox 3404 1450 3416 1463; x_wconf 68' lang='grc'><strong>⁸</strong></span> <span class='ocrx_word' id='word_1_636' title='bbox 3448 1434 3616 1487; x_wconf 75' lang='grc' dir='ltr'>κοινὰ</span> <span class='ocrx_word' id='word_1_637' title='bbox 3656 1437 3786 1506; x_wconf 78' lang='grc' dir='ltr'>μὲν,</span> 
     </span>
    </p>
   </div>
   <div class='ocr_carea' id='block_1_71' title="bbox 2085 1518 3789 1593">
    <p class='ocr_par' dir='ltr' id='par_1_71' title="bbox 2085 1518 3789 1593">
     <span class='ocr_line' id='line_1_71' title="bbox 2085 1518 3789 1593; baseline 0.002 -21"><span class='ocrx_word' id='word_1_638' title='bbox 2085 1519 2172 1574; x_wconf 80' lang='grc' dir='ltr'>ἵνα</span> <span class='ocrx_word' id='word_1_639' title='bbox 2204 1521 2264 1574; x_wconf 87' lang='grc' dir='ltr'>τὸ</span> <span class='ocrx_word' id='word_1_640' title='bbox 2287 1519 2705 1590; x_wconf 87' lang='grc' dir='ltr'>ἀπαράλλακτον</span> <span class='ocrx_word' id='word_1_641' title='bbox 2741 1519 2891 1591; x_wconf 79' lang='grc' dir='ltr'>δείξῃ</span> <span class='ocrx_word' id='word_1_642' title='bbox 2931 1519 3030 1589; x_wconf 81' lang='grc' dir='ltr'>τῆς</span> <span class='ocrx_word' id='word_1_643' title='bbox 3059 1518 3268 1583; x_wconf 81' lang='grc' dir='ltr'>οὐσίας,</span> <span class='ocrx_word' id='word_1_644' title='bbox 3299 1518 3407 1572; x_wconf 84' lang='grc' dir='ltr'>ἴδια</span> <span class='ocrx_word' id='word_1_645' title='bbox 3444 1519 3529 1585; x_wconf 83' lang='grc' dir='ltr'>δὲ,</span> <span class='ocrx_word' id='word_1_646' title='bbox 3559 1521 3658 1574; x_wconf 82' lang='grc' dir='ltr'>ἵνα</span> <span class='ocrx_word' id='word_1_647' title='bbox 3687 1523 3789 1593; x_wconf 71' lang='grc' dir='ltr'>τὴν</span> 
     </span>
    </p>
   </div>
   <div class='ocr_carea' id='block_1_72' title="bbox 2087 1608 3266 1682">
    <p class='ocr_par' dir='ltr' id='par_1_72' title="bbox 2087 1608 3266 1682">
     <span class='ocr_line' id='line_1_72' title="bbox 2087 1608 3266 1682; baseline 0.002 -20"><span class='ocrx_word' id='word_1_648' title='bbox 2087 1610 2324 1680; x_wconf 87' lang='grc' dir='ltr'>ίδιότητα</span> <span class='ocrx_word' id='word_1_649' title='bbox 2345 1609 2729 1682; x_wconf 81' lang='grc' dir='ltr'>χαρακτηρίσῃ</span> <span class='ocrx_word' id='word_1_650' title='bbox 2754 1608 2865 1662; x_wconf 89' lang='grc' dir='ltr'>τῶν</span> <span class='ocrx_word' id='word_1_651' title='bbox 2890 1608 3266 1665; x_wconf 88' lang='grc' dir='ltr'>ὑποστάσεων.</span> 
     </span>
    </p>
   </div>
   <div class='ocr_carea' id='block_1_73' title="bbox 2154 1797 3784 1873">
    <p class='ocr_par' dir='ltr' id='par_1_73' title="bbox 2154 1797 3784 1873">
     <span class='ocr_line' id='line_1_73' title="bbox 2154 1797 3784 1873; baseline 0.004 -20"><span class='ocrx_word' id='word_1_652' title='bbox 2154 1802 2227 1854; x_wconf 91' lang='grc' dir='ltr'>Τὸ</span> <span class='ocrx_word' id='word_1_653' title='bbox 2256 1801 2355 1871; x_wconf 85' lang='grc' dir='ltr'>μὲν</span> <span class='ocrx_word' id='word_1_654' title='bbox 2375 1797 2467 1854; x_wconf 82' lang='grc' dir='ltr'>οὗν</span> <span class='ocrx_word' id='word_1_655' title='bbox 2496 1800 2685 1873; x_wconf 77' lang='grc' dir='ltr'>Πατὴρ</span> <span class='ocrx_word' id='word_1_656' title='bbox 2727 1802 2822 1854; x_wconf 72' lang='grc' dir='ltr'>καὶ</span> <span class='ocrx_word' id='word_1_657' title='bbox 2868 1800 3018 1864; x_wconf 79' lang='grc' dir='ltr'>Υἱὸς,</span> <span class='ocrx_word' id='word_1_658' title='bbox 3075 1801 3205 1855; x_wconf 80' lang='grc' dir='ltr'>ἴδιον</span> <span class='ocrx_word' id='word_1_659' title='bbox 3249 1803 3492 1873; x_wconf 78' lang='grc' dir='ltr'>ἑκάστης</span> <span class='ocrx_word' id='word_1_660' title='bbox 3537 1806 3784 1860; x_wconf 75' lang='grc' dir='ltr'>ὑποστά-</span> 
     </span>
    </p>
   </div>
   <div class='ocr_carea' id='block_1_74' title="bbox 2088 1887 3786 1960">
    <p class='ocr_par' dir='ltr' id='par_1_74' title="bbox 2088 1887 3786 1960">
     <span class='ocr_line' id='line_1_74' title="bbox 2088 1887 3786 1960; baseline 0.002 -18"><span class='ocrx_word' id='word_1_661' title='bbox 2088 1906 2251 1952; x_wconf 86' lang='grc' dir='ltr'>σεως,</span> <span class='ocrx_word' id='word_1_662' title='bbox 2283 1889 2343 1942; x_wconf 86' lang='grc' dir='ltr'>τὸ</span> <span class='ocrx_word' id='word_1_663' title='bbox 2375 1889 2431 1941; x_wconf 83' lang='grc' dir='ltr'>δὲ</span> <span class='ocrx_word' id='word_1_664' title='bbox 2461 1889 2593 1952; x_wconf 83' lang='grc' dir='ltr'>Θεὸς</span> <span class='ocrx_word' id='word_1_665' title='bbox 2635 1890 2728 1942; x_wconf 80' lang='grc' dir='ltr'>καὶ</span> <span class='ocrx_word' id='word_1_666' title='bbox 2767 1888 2989 1960; x_wconf 87' lang='grc' dir='ltr'>Κύριος,</span> <span class='ocrx_word' id='word_1_667' title='bbox 3021 1889 3216 1944; x_wconf 87' lang='grc' dir='ltr'>κοινόν.</span> <span class='ocrx_word' id='word_1_668' title='bbox 3257 1890 3411 1943; x_wconf 78' lang='grc' dir='ltr'>Ἐπεὶ</span> <span class='ocrx_word' id='word_1_669' title='bbox 3436 1887 3537 1944; x_wconf 81' lang='grc' dir='ltr'>οῦν</span> <span class='ocrx_word' id='word_1_670' title='bbox 3564 1894 3786 1946; x_wconf 78' lang='grc' dir='ltr'>τέθεικε</span> 
     </span>
    </p>
   </div>
   <div class='ocr_carea' id='block_1_75' title="bbox 2082 1972 3786 2048">
    <p class='ocr_par' dir='ltr' id='par_1_75' title="bbox 2082 1972 3786 2048">
     <span class='ocr_line' id='line_1_75' title="bbox 2082 1972 3786 2048; baseline 0.002 -19"><span class='ocrx_word' id='word_1_671' title='bbox 2082 1977 2260 2029; x_wconf 87' lang='grc' dir='ltr'>κοινὸν</span> <span class='ocrx_word' id='word_1_672' title='bbox 2281 1976 2454 2047; x_wconf 80' lang='grc' dir='ltr'>ϐνομα</span> <span class='ocrx_word' id='word_1_673' title='bbox 2477 1976 2538 2029; x_wconf 90' lang='grc' dir='ltr'>τὸ</span> <span class='ocrx_word' id='word_1_674' title='bbox 2564 1972 2668 2041; x_wconf 79' lang='grc' dir='ltr'>Εἷς</span> <span class='ocrx_word' id='word_1_675' title='bbox 2691 1975 2856 2042; x_wconf 86' lang='grc' dir='ltr'>Θεὸς,</span> <span class='ocrx_word' id='word_1_676' title='bbox 2885 1975 3080 2048; x_wconf 65' lang='grc' dir='ltr'>ἐδεήθη</span> <span class='ocrx_word' id='word_1_677' title='bbox 3107 1976 3314 2030; x_wconf 76' lang='grc' dir='ltr'>καὶτοῦ</span> <span class='ocrx_word' id='word_1_678' title='bbox 3347 1977 3683 2046; x_wconf 75' lang='grc' dir='ltr'>ίδιάζοντος,</span> <span class='ocrx_word' id='word_1_679' title='bbox 3706 1983 3786 2033; x_wconf 75' lang='grc' dir='ltr'>ῖνι</span> 
     </span>
    </p>
   </div>
   <div class='ocr_carea' id='block_1_76' title="bbox 2081 2063 3788 2139">
    <p class='ocr_par' dir='ltr' id='par_1_76' title="bbox 2081 2063 3788 2139">
     <span class='ocr_line' id='line_1_76' title="bbox 2081 2063 3788 2139; baseline 0.003 -24"><span class='ocrx_word' id='word_1_680' title='bbox 2081 2065 2355 2136; x_wconf 80' lang='grc' dir='ltr'>γνωρίσῃς</span> <span class='ocrx_word' id='word_1_681' title='bbox 2375 2065 2498 2118; x_wconf 87' lang='grc' dir='ltr'>τίνα</span> <span class='ocrx_word' id='word_1_682' title='bbox 2522 2065 2708 2134; x_wconf 70' lang='grc' dir='ltr'>φησὶν,</span> <span class='ocrx_word' id='word_1_683' title='bbox 2734 2063 2876 2118; x_wconf 89' lang='grc' dir='ltr'>ῶστε</span> <span class='ocrx_word' id='word_1_684' title='bbox 2901 2067 3048 2136; x_wconf 81' lang='grc' dir='ltr'>ἡμᾶς</span> <span class='ocrx_word' id='word_1_685' title='bbox 3069 2065 3144 2135; x_wconf 83' lang='grc' dir='ltr'>μὴ</span> <span class='ocrx_word' id='word_1_686' title='bbox 3161 2067 3421 2136; x_wconf 85' lang='grc' dir='ltr'>ἐμπεσεῖν</span> <span class='ocrx_word' id='word_1_687' title='bbox 3445 2069 3532 2131; x_wconf 88' lang='grc' dir='ltr'>είς</span> <span class='ocrx_word' id='word_1_688' title='bbox 3553 2068 3663 2139; x_wconf 83' lang='grc' dir='ltr'>τὴν</span> <span class='ocrx_word' id='word_1_689' title='bbox 3688 2070 3788 2120; x_wconf 83' lang='grc' dir='ltr'>Σα-</span> 
     </span>
    </p>
   </div>
   <div class='ocr_carea' id='block_1_77' title="bbox 2082 2151 3784 2224">
    <p class='ocr_par' dir='ltr' id='par_1_77' title="bbox 2082 2151 3784 2224">
     <span class='ocr_line' id='line_1_77' title="bbox 2082 2151 3784 2224; baseline 0.002 -20"><span class='ocrx_word' id='word_1_690' title='bbox 2082 2151 2297 2205; x_wconf 86' lang='grc' dir='ltr'>ϐελλίου</span> <span class='ocrx_word' id='word_1_691' title='bbox 2322 2152 2524 2222; x_wconf 91' lang='grc' dir='ltr'>μανίαν</span> <span class='ocrx_word' id='word_1_692' title='bbox 2578 2153 2700 2206; x_wconf 82' lang='grc' dir='ltr'>Ὅτι</span> <span class='ocrx_word' id='word_1_693' title='bbox 2735 2153 2844 2224; x_wconf 84' lang='grc' dir='ltr'>γὰρ</span> <span class='ocrx_word' id='word_1_694' title='bbox 2872 2152 2996 2206; x_wconf 82' lang='grc' dir='ltr'>οὐτε</span> <span class='ocrx_word' id='word_1_695' title='bbox 3015 2153 3073 2205; x_wconf 86' lang='grc' dir='ltr'>τὸ</span> <span class='ocrx_word' id='word_1_696' title='bbox 3097 2152 3242 2218; x_wconf 89' lang='grc' dir='ltr'>Θεὸς</span> <span class='ocrx_word' id='word_1_697' title='bbox 3271 2153 3444 2224; x_wconf 83' lang='grc' dir='ltr'>ὄνομα</span> <span class='ocrx_word' id='word_1_698' title='bbox 3476 2155 3677 2224; x_wconf 80' lang='grc' dir='ltr'>μεῖζον</span> <span class='ocrx_word' id='word_1_699' title='bbox 3693 2157 3784 2208; x_wconf 88' lang='grc' dir='ltr'>τοῦ</span> 
     </span>
    </p>
   </div>
   <div class='ocr_carea' id='block_1_78' title="bbox 2079 2237 3767 2310">
    <p class='ocr_par' dir='ltr' id='par_1_78' title="bbox 2079 2237 3767 2310">
     <span class='ocr_line' id='line_1_78' title="bbox 2079 2237 3767 2310; baseline 0.003 -19"><span class='ocrx_word' id='word_1_700' title='bbox 2079 2239 2318 2306; x_wconf 83' lang='grc' dir='ltr'>Κύριος,</span> <span class='ocrx_word' id='word_1_701' title='bbox 2335 2237 2459 2291; x_wconf 74' lang='grc' dir='ltr'>οὔτε</span> <span class='ocrx_word' id='word_1_702' title='bbox 2483 2238 2543 2291; x_wconf 89' lang='grc' dir='ltr'>τὸ</span> <span class='ocrx_word' id='word_1_703' title='bbox 2566 2240 2780 2306; x_wconf 82' lang='grc' dir='ltr'>Κύριος</span> <span class='ocrx_word' id='word_1_704' title='bbox 2797 2239 3016 2293; x_wconf 74' lang='grc' dir='ltr'>ἔλαττον</span> <span class='ocrx_word' id='word_1_705' title='bbox 3046 2239 3138 2292; x_wconf 90' lang='grc' dir='ltr'>τοῦ</span> <span class='ocrx_word' id='word_1_706' title='bbox 3163 2241 3326 2306; x_wconf 86' lang='grc' dir='ltr'>Θεὸς,</span> <span class='ocrx_word' id='word_1_707' title='bbox 3341 2241 3510 2310; x_wconf 85' lang='grc' dir='ltr'>δῆλον</span> <span class='ocrx_word' id='word_1_708' title='bbox 3524 2242 3767 2296; x_wconf 84' lang='grc' dir='ltr'>ἐκεῖθεν.</span> 
     </span>
    </p>
   </div>
   <div class='ocr_carea' id='block_1_79' title="bbox 2093 2325 3782 2398">
    <p class='ocr_par' dir='ltr' id='par_1_79' title="bbox 2093 2325 3782 2398">
     <span class='ocr_line' id='line_1_79' title="bbox 2093 2325 3782 2398; baseline 0.002 -20"><span class='ocrx_word' id='word_1_709' title='bbox 2093 2326 2182 2379; x_wconf 87' lang='grc' dir='ltr'>Ἐν</span> <span class='ocrx_word' id='word_1_710' title='bbox 2207 2327 2274 2397; x_wconf 80' lang='grc' dir='ltr'>τῇ</span> <span class='ocrx_word' id='word_1_711' title='bbox 2311 2325 2530 2397; x_wconf 83' lang='grc' dir='ltr'>Παλαιᾷ</span> <span class='ocrx_word' id='word_1_712' title='bbox 2555 2326 2708 2398; x_wconf 80' lang='grc' dir='ltr'>πάσῃ</span> <span class='ocrx_word' id='word_1_713' title='bbox 2743 2326 2983 2396; x_wconf 87' lang='grc' dir='ltr'>συνεχῶς</span> <span class='ocrx_word' id='word_1_714' title='bbox 3005 2329 3034 2380; x_wconf 93' lang='lat'>6</span> <span class='ocrx_word' id='word_1_715' title='bbox 3064 2327 3254 2398; x_wconf 86' lang='grc' dir='ltr'>Πατὴρ</span> <span class='ocrx_word' id='word_1_716' title='bbox 3283 2327 3496 2396; x_wconf 86' lang='grc' dir='ltr'>Κύριος</span> <span class='ocrx_word' id='word_1_717' title='bbox 3516 2327 3782 2395; x_wconf 77' lang='grc' dir='ltr'>λέγεταιο</span> 
     </span>
    </p>
   </div>
   <div class='ocr_carea' id='block_1_80' title="bbox 2079 2409 3778 2483">
    <p class='ocr_par' dir='ltr' id='par_1_80' title="bbox 2079 2409 3778 2483">
     <span class='ocr_line' id='line_1_80' title="bbox 2079 2409 3778 2483; baseline 0.001 -18"><span class='ocrx_word' id='word_1_718' title='bbox 2079 2413 2296 2480; x_wconf 84' lang='grc' dir='ltr'>Κύριος</span> <span class='ocrx_word' id='word_1_719' title='bbox 2317 2415 2350 2466; x_wconf 83' lang='grc' dir='ltr'>ό</span> <span class='ocrx_word' id='word_1_720' title='bbox 2378 2414 2523 2478; x_wconf 88' lang='grc' dir='ltr'>Θεός</span> <span class='ocrx_word' id='word_1_721' title='bbox 2538 2427 2678 2478; x_wconf 89' lang='grc' dir='ltr'>σου,</span> <span class='ocrx_word' id='word_1_722' title='bbox 2706 2413 2861 2483; x_wconf 76' lang='grc' dir='ltr'>φησὶ,</span> <span class='ocrx_word' id='word_1_723' title='bbox 2892 2415 3107 2481; x_wconf 82' lang='grc' dir='ltr'>Κύριος</span> <span class='ocrx_word' id='word_1_724' title='bbox 3127 2409 3213 2478; x_wconf 82' lang='grc' dir='ltr'>εἷς</span> <span class='ocrx_word' id='word_1_725' title='bbox 3231 2415 3407 2468; x_wconf 84' lang='grc' dir='ltr'>ἐστιν</span> <span class='ocrx_word' id='word_1_726' title='bbox 3426 2432 3439 2443; x_wconf 92' lang='grc'><strong>·</strong></span> <span class='ocrx_word' id='word_1_727' title='bbox 3466 2415 3568 2468; x_wconf 72' lang='grc' dir='ltr'>καὶ</span> <span class='ocrx_word' id='word_1_728' title='bbox 3596 2417 3778 2482; x_wconf 67' lang='grc' dir='ltr'>πάλιν,</span> 
     </span>
    </p>
   </div>
   <div class='ocr_carea' id='block_1_81' title="bbox 2080 2495 3777 2567">
    <p class='ocr_par' dir='ltr' id='par_1_81' title="bbox 2080 2495 3777 2567">
     <span class='ocr_line' id='line_1_81' title="bbox 2080 2495 3777 2567; baseline 0.002 -15"><span class='ocrx_word' id='word_1_729' title='bbox 2080 2500 2301 2566; x_wconf 81' lang='grc' dir='ltr'>Κύριον</span> <span class='ocrx_word' id='word_1_730' title='bbox 2350 2500 2460 2553; x_wconf 87' lang='grc' dir='ltr'>τὸν</span> <span class='ocrx_word' id='word_1_731' title='bbox 2506 2501 2654 2553; x_wconf 82' lang='grc' dir='ltr'>Θεόν</span> <span class='ocrx_word' id='word_1_732' title='bbox 2714 2517 2831 2554; x_wconf 90' lang='grc' dir='ltr'>σου</span> <span class='ocrx_word' id='word_1_733' title='bbox 2897 2500 3390 2567; x_wconf 75' lang='grc' dir='ltr'>προσκυνήσεις,</span> <span class='ocrx_word' id='word_1_734' title='bbox 3460 2495 3777 2566; x_wconf 78' lang='grc' dir='ltr'>καὶάὐτῷ</span> 
     </span>
    </p>
   </div>
   <div class='ocr_carea' id='block_1_82' title="bbox 2075 2586 3776 2658">
    <p class='ocr_par' dir='ltr' id='par_1_82' title="bbox 2075 2586 3776 2658">
     <span class='ocr_line' id='line_1_82' title="bbox 2075 2586 3776 2658; baseline 0.002 -19"><span class='ocrx_word' id='word_1_735' title='bbox 2075 2587 2242 2654; x_wconf 78' lang='grc' dir='ltr'>μόνῳ</span> <span class='ocrx_word' id='word_1_736' title='bbox 2307 2587 2697 2655; x_wconf 70' lang='grc' dir='ltr'>λατρεύσεις·</span> <span class='ocrx_word' id='word_1_737' title='bbox 2778 2589 2874 2642; x_wconf 73' lang='grc' dir='ltr'>καὶ</span> <span class='ocrx_word' id='word_1_738' title='bbox 2918 2589 3118 2650; x_wconf 85' lang='grc' dir='ltr'>πάλιν,</span> <span class='ocrx_word' id='word_1_739' title='bbox 3186 2586 3388 2656; x_wconf 73' lang='grc' dir='ltr'>Μέγας</span> <span class='ocrx_word' id='word_1_740' title='bbox 3465 2591 3505 2642; x_wconf 80' lang='grc' dir='ltr'>ό</span> <span class='ocrx_word' id='word_1_741' title='bbox 3568 2592 3776 2658; x_wconf 62' lang='grc' dir='ltr'>Κύρια-</span> 
     </span>
    </p>
   </div>
   <div class='ocr_carea' id='block_1_83' title="bbox 2078 2673 3774 2744">
    <p class='ocr_par' dir='ltr' id='par_1_83' title="bbox 2078 2673 3774 2744">
     <span class='ocr_line' id='line_1_83' title="bbox 2078 2673 3774 2744; baseline 0.002 -18"><span class='ocrx_word' id='word_1_742' title='bbox 2078 2673 2270 2743; x_wconf 72' lang='grc' dir='ltr'>ῆμῶν,</span> <span class='ocrx_word' id='word_1_743' title='bbox 2304 2675 2401 2728; x_wconf 76' lang='grc' dir='ltr'>καὶ</span> <span class='ocrx_word' id='word_1_744' title='bbox 2427 2675 2664 2744; x_wconf 71' lang='grc' dir='ltr'>μεγάλη</span> <span class='ocrx_word' id='word_1_745' title='bbox 2689 2677 2726 2744; x_wconf 70' lang='grc' dir='ltr'>ἡ</span> <span class='ocrx_word' id='word_1_746' title='bbox 2752 2675 2936 2744; x_wconf 72' lang='grc' dir='ltr'>ἰσχὺς</span> <span class='ocrx_word' id='word_1_747' title='bbox 2959 2675 3171 2740; x_wconf 84' lang='grc' dir='ltr'>αὐτοῦ,</span> <span class='ocrx_word' id='word_1_748' title='bbox 3203 2675 3433 2744; x_wconf 78' lang='grc' dir='ltr'>καὶτῆς</span> <span class='ocrx_word' id='word_1_749' title='bbox 3459 2678 3774 2742; x_wconf 61' lang='grc' dir='ltr'>συνέσει(-</span> 
     </span>
    </p>
   </div>
   <div class='ocr_carea' id='block_1_84' title="bbox 2078 2761 3772 2832">
    <p class='ocr_par' dir='ltr' id='par_1_84' title="bbox 2078 2761 3772 2832">
     <span class='ocr_line' id='line_1_84' title="bbox 2078 2761 3772 2832; baseline 0.002 -18"><span class='ocrx_word' id='word_1_750' title='bbox 2078 2761 2266 2816; x_wconf 80' lang='grc' dir='ltr'>αὐτοῦ</span> <span class='ocrx_word' id='word_1_751' title='bbox 2291 2765 2404 2817; x_wconf 80' lang='grc' dir='ltr'>οὐκ</span> <span class='ocrx_word' id='word_1_752' title='bbox 2433 2763 2607 2816; x_wconf 75' lang='grc' dir='ltr'>ἐστιν</span> <span class='ocrx_word' id='word_1_753' title='bbox 2637 2764 2884 2832; x_wconf 80' lang='grc' dir='ltr'>ἀριθμός</span> <span class='ocrx_word' id='word_1_754' title='bbox 2904 2782 2918 2796; x_wconf 89' lang='grc'><strong>·</strong></span> <span class='ocrx_word' id='word_1_755' title='bbox 2954 2765 3046 2818; x_wconf 81' lang='grc' dir='ltr'>καὶ</span> <span class='ocrx_word' id='word_1_756' title='bbox 3079 2763 3261 2828; x_wconf 84' lang='grc' dir='ltr'>πάλιν,</span> <span class='ocrx_word' id='word_1_757' title='bbox 3306 2766 3670 2821; x_wconf 72' lang='grc' dir='ltr'>Γνιὶιτωσαν</span> <span class='ocrx_word' id='word_1_758' title='bbox 3695 2767 3772 2818; x_wconf 80' lang='grc' dir='ltr'>ὅτι</span> 
     </span>
    </p>
   </div>
   <div class='ocr_carea' id='block_1_85' title="bbox 2081 2846 3769 2920">
    <p class='ocr_par' dir='ltr' id='par_1_85' title="bbox 2081 2846 3769 2920">
     <span class='ocr_line' id='line_1_85' title="bbox 2081 2846 3769 2920; baseline 0.002 -19"><span class='ocrx_word' id='word_1_759' title='bbox 2081 2848 2270 2918; x_wconf 82' lang='grc' dir='ltr'>ὄνομά</span> <span class='ocrx_word' id='word_1_760' title='bbox 2299 2865 2400 2903; x_wconf 90' lang='grc' dir='ltr'>σοι</span> <span class='ocrx_word' id='word_1_761' title='bbox 2438 2851 2654 2917; x_wconf 87' lang='grc' dir='ltr'>Κύριος</span> <span class='ocrx_word' id='word_1_762' title='bbox 2673 2866 2686 2880; x_wconf 78' lang='grc' dir='ltr'>ο</span> <span class='ocrx_word' id='word_1_763' title='bbox 2720 2850 2802 2903; x_wconf 87' lang='grc' dir='ltr'>σὺ</span> <span class='ocrx_word' id='word_1_764' title='bbox 2835 2846 2895 2903; x_wconf 81' lang='grc' dir='ltr'>εἶ</span> <span class='ocrx_word' id='word_1_765' title='bbox 2909 2851 3101 2920; x_wconf 81' lang='grc' dir='ltr'>μόνος</span> <span class='ocrx_word' id='word_1_766' title='bbox 3134 2851 3398 2918; x_wconf 73' lang='grc' dir='ltr'>ὕψιστος</span> <span class='ocrx_word' id='word_1_767' title='bbox 3437 2852 3543 2905; x_wconf 75' lang='grc' dir='ltr'>ἐπὶ</span> <span class='ocrx_word' id='word_1_768' title='bbox 3574 2852 3769 2906; x_wconf 65' lang='grc' dir='ltr'>πᾶσαν</span> 
     </span>
    </p>
   </div>
   <div class='ocr_carea' id='block_1_86' title="bbox 2080 2933 3767 3007">
    <p class='ocr_par' dir='ltr' id='par_1_86' title="bbox 2080 2933 3767 3007">
     <span class='ocr_line' id='line_1_86' title="bbox 2080 2933 3767 3007; baseline 0 -18"><span class='ocrx_word' id='word_1_769' title='bbox 2080 2935 2194 3003; x_wconf 73' lang='grc' dir='ltr'>τὴν</span> <span class='ocrx_word' id='word_1_770' title='bbox 2218 2935 2356 3005; x_wconf 70' lang='grc' dir='ltr'>γῆν.</span> <span class='ocrx_word' id='word_1_771' title='bbox 2381 2936 2572 2989; x_wconf 84' lang='grc' dir='ltr'>Καίτοι</span> <span class='ocrx_word' id='word_1_772' title='bbox 2603 2953 2664 3004; x_wconf 92' lang='grc' dir='ltr'>γε</span> <span class='ocrx_word' id='word_1_773' title='bbox 2694 2937 2743 2988; x_wconf 88' lang='grc' dir='ltr'>εἰ</span> <span class='ocrx_word' id='word_1_774' title='bbox 2768 2936 2988 2990; x_wconf 80' lang='grc' dir='ltr'>ἔλαττον</span> <span class='ocrx_word' id='word_1_775' title='bbox 3018 2937 3115 2990; x_wconf 89' lang='grc' dir='ltr'>τοῦ</span> <span class='ocrx_word' id='word_1_776' title='bbox 3148 2938 3293 3004; x_wconf 90' lang='grc' dir='ltr'>Θεὸς</span> <span class='ocrx_word' id='word_1_777' title='bbox 3319 2933 3390 3007; x_wconf 78' lang='grc' dir='ltr'>ἦν</span> <span class='ocrx_word' id='word_1_778' title='bbox 3414 2938 3520 2990; x_wconf 78' lang='grc' dir='ltr'>καὶ</span> <span class='ocrx_word' id='word_1_779' title='bbox 3556 2939 3767 3003; x_wconf 78' lang='grc' dir='ltr'>ἀνάξιον</span> 
     </span>
    </p>
   </div>
   <div class='ocr_carea' id='block_1_87' title="bbox 2080 3023 3768 3095">
    <p class='ocr_par' dir='ltr' id='par_1_87' title="bbox 2080 3023 3768 3095">
     <span class='ocr_line' id='line_1_87' title="bbox 2080 3023 3768 3095; baseline 0.001 -19"><span class='ocrx_word' id='word_1_780' title='bbox 2080 3027 2180 3095; x_wconf 85' lang='grc' dir='ltr'>τῆς</span> <span class='ocrx_word' id='word_1_781' title='bbox 2213 3023 2401 3086; x_wconf 82' lang='grc' dir='ltr'>οὐσίας</span> <span class='ocrx_word' id='word_1_782' title='bbox 2435 3023 2668 3094; x_wconf 88' lang='grc' dir='ltr'>ἐκείνης,</span> <span class='ocrx_word' id='word_1_783' title='bbox 2709 3024 2811 3076; x_wconf 87' lang='grc' dir='ltr'>οὐκ</span> <span class='ocrx_word' id='word_1_784' title='bbox 2851 3023 2961 3077; x_wconf 83' lang='grc' dir='ltr'>ἐδει</span> <span class='ocrx_word' id='word_1_785' title='bbox 2990 3023 3267 3091; x_wconf 87' lang='grc' dir='ltr'>λέγεσθαι,</span> <span class='ocrx_word' id='word_1_786' title='bbox 3309 3027 3359 3077; x_wconf 88' lang='grc' dir='ltr'><em>Γ</em></span> <span class='ocrx_word' id='word_1_787' title='bbox 3363 3023 3670 3080; x_wconf 69' lang='grc' dir='ltr'>νώτωσαν</span> <span class='ocrx_word' id='word_1_788' title='bbox 3695 3027 3768 3079; x_wconf 75' lang='grc' dir='ltr'>ὅτι</span> 
     </span>
    </p>
   </div>
   <div class='ocr_carea' id='block_1_88' title="bbox 2081 3108 3771 3183">
    <p class='ocr_par' dir='ltr' id='par_1_88' title="bbox 2081 3108 3771 3183">
     <span class='ocr_line' id='line_1_88' title="bbox 2081 3108 3771 3183; baseline 0.002 -18"><span class='ocrx_word' id='word_1_789' title='bbox 2081 3112 2268 3181; x_wconf 80' lang='grc' dir='ltr'>ὄνομὰ</span> <span class='ocrx_word' id='word_1_790' title='bbox 2289 3127 2387 3167; x_wconf 90' lang='grc' dir='ltr'>σοι</span> <span class='ocrx_word' id='word_1_791' title='bbox 2413 3114 2646 3181; x_wconf 80' lang='grc' dir='ltr'>Κύριος.</span> <span class='ocrx_word' id='word_1_792' title='bbox 2673 3111 2842 3166; x_wconf 89' lang='grc' dir='ltr'>Πάλιν</span> <span class='ocrx_word' id='word_1_793' title='bbox 2870 3115 2918 3166; x_wconf 85' lang='grc' dir='ltr'>εί</span> <span class='ocrx_word' id='word_1_794' title='bbox 2944 3112 3006 3166; x_wconf 87' lang='grc' dir='ltr'>τὸ</span> <span class='ocrx_word' id='word_1_795' title='bbox 3037 3113 3180 3178; x_wconf 88' lang='grc' dir='ltr'>Θεὸς</span> <span class='ocrx_word' id='word_1_796' title='bbox 3208 3110 3397 3182; x_wconf 81' lang='grc' dir='ltr'>μεῖξον</span> <span class='ocrx_word' id='word_1_797' title='bbox 3446 3108 3524 3183; x_wconf 78' lang='grc' dir='ltr'>ἦν</span> <span class='ocrx_word' id='word_1_798' title='bbox 3562 3113 3658 3168; x_wconf 90' lang='grc' dir='ltr'>τοῦ</span> <span class='ocrx_word' id='word_1_799' title='bbox 3675 3115 3771 3168; x_wconf 79' lang='grc' dir='ltr'>Κύ-</span> 
     </span>
    </p>
   </div>
   <div class='ocr_carea' id='block_1_89' title="bbox 2072 3199 3769 3271">
    <p class='ocr_par' dir='ltr' id='par_1_89' title="bbox 2072 3199 3769 3271">
     <span class='ocr_line' id='line_1_89' title="bbox 2072 3199 3769 3271; baseline 0.003 -21"><span class='ocrx_word' id='word_1_800' title='bbox 2072 3217 2206 3266; x_wconf 81' lang='grc' dir='ltr'>ριος</span> <span class='ocrx_word' id='word_1_801' title='bbox 2245 3199 2339 3252; x_wconf 72' lang='grc' dir='ltr'>καὶ</span> <span class='ocrx_word' id='word_1_802' title='bbox 2371 3199 2717 3271; x_wconf 88' lang='grc' dir='ltr'>σεμνότερον,</span> <span class='ocrx_word' id='word_1_803' title='bbox 2747 3200 2847 3253; x_wconf 91' lang='grc' dir='ltr'>οὐκ</span> <span class='ocrx_word' id='word_1_804' title='bbox 2873 3199 2979 3252; x_wconf 78' lang='grc' dir='ltr'>ἔδει</span> <span class='ocrx_word' id='word_1_805' title='bbox 3006 3199 3095 3252; x_wconf 86' lang='grc' dir='ltr'>τὸν</span> <span class='ocrx_word' id='word_1_806' title='bbox 3124 3200 3245 3253; x_wconf 87' lang='grc' dir='ltr'>κατ’</span> <span class='ocrx_word' id='word_1_807' title='bbox 3269 3200 3478 3263; x_wconf 80' lang='grc' dir='ltr'>αὐτοὺς</span> <span class='ocrx_word' id='word_1_808' title='bbox 3519 3200 3769 3255; x_wconf 63' lang='grc' dir='ltr'>ἐλάττονα</span> 
     </span>
    </p>
   </div>
   <div class='ocr_carea' id='block_1_90' title="bbox 2083 3286 3767 3359">
    <p class='ocr_par' dir='ltr' id='par_1_90' title="bbox 2083 3286 3767 3359">
     <span class='ocr_line' id='line_1_90' title="bbox 2083 3286 3767 3359; baseline 0.001 -19"><span class='ocrx_word' id='word_1_809' title='bbox 2083 3288 2210 3340; x_wconf 80' lang='grc' dir='ltr'>Υίὸν</span> <span class='ocrx_word' id='word_1_810' title='bbox 2228 3287 2337 3340; x_wconf 89' lang='grc' dir='ltr'>ἀπὸ</span> <span class='ocrx_word' id='word_1_811' title='bbox 2354 3286 2448 3340; x_wconf 91' lang='grc' dir='ltr'>τοῦ</span> <span class='ocrx_word' id='word_1_812' title='bbox 2480 3288 2852 3359; x_wconf 84' lang='grc' dir='ltr'>προσήκοντος</span> <span class='ocrx_word' id='word_1_813' title='bbox 2878 3287 3145 3357; x_wconf 82' lang='grc' dir='ltr'>ὀνόματος</span> <span class='ocrx_word' id='word_1_814' title='bbox 3173 3286 3249 3356; x_wconf 85' lang='grc' dir='ltr'>τῷ</span> <span class='ocrx_word' id='word_1_815' title='bbox 3269 3288 3445 3358; x_wconf 69' lang='grc' dir='ltr'>Πατρὶ</span> <span class='ocrx_word' id='word_1_816' title='bbox 3465 3289 3767 3348; x_wconf 73' lang='grc' dir='ltr'>καλεῖσθαι,</span> 
     </span>
    </p>
   </div>
   <div class='ocr_carea' id='block_1_91' title="bbox 2081 3370 3770 3446">
    <p class='ocr_par' dir='ltr' id='par_1_91' title="bbox 2081 3370 3770 3446">
     <span class='ocr_line' id='line_1_91' title="bbox 2081 3370 3770 3446; baseline 0.002 -20"><span class='ocrx_word' id='word_1_817' title='bbox 2081 3375 2109 3426; x_wconf 80' lang='grc' dir='ltr'>ὃ</span> <span class='ocrx_word' id='word_1_818' title='bbox 2137 3375 2232 3428; x_wconf 81' lang='grc' dir='ltr'>καὶ</span> <span class='ocrx_word' id='word_1_819' title='bbox 2265 3375 2425 3446; x_wconf 87' lang='grc' dir='ltr'>μόνον</span> <span class='ocrx_word' id='word_1_820' title='bbox 2453 3374 2583 3428; x_wconf 86' lang='grc' dir='ltr'>ίδιον</span> <span class='ocrx_word' id='word_1_821' title='bbox 2609 3370 2678 3445; x_wconf 85' lang='grc' dir='ltr'>ἦν</span> <span class='ocrx_word' id='word_1_822' title='bbox 2713 3374 2944 3427; x_wconf 87' lang='grc' dir='ltr'>ἐκείνου.</span> <span class='ocrx_word' id='word_1_823' title='bbox 2999 3375 3140 3426; x_wconf 86' lang='grc' dir='ltr'>Ἀλλ’</span> <span class='ocrx_word' id='word_1_824' title='bbox 3165 3375 3266 3427; x_wconf 90' lang='grc' dir='ltr'>οὐκ</span> <span class='ocrx_word' id='word_1_825' title='bbox 3293 3373 3414 3426; x_wconf 80' lang='grc' dir='ltr'>ἐστι</span> <span class='ocrx_word' id='word_1_826' title='bbox 3449 3377 3657 3438; x_wconf 84' lang='grc' dir='ltr'>ταῦτα,</span> <span class='ocrx_word' id='word_1_827' title='bbox 3684 3379 3770 3429; x_wconf 75' lang='grc' dir='ltr'>οὐκ</span> 
     </span>
    </p>
   </div>
   <div class='ocr_carea' id='block_1_92' title="bbox 2081 3460 3767 3534">
    <p class='ocr_par' dir='ltr' id='par_1_92' title="bbox 2081 3460 3767 3534">
     <span class='ocr_line' id='line_1_92' title="bbox 2081 3460 3767 3534; baseline 0.001 -19"><span class='ocrx_word' id='word_1_828' title='bbox 2081 3463 2246 3516; x_wconf 78' lang='grc' dir='ltr'>ἔστιν.</span> <span class='ocrx_word' id='word_1_829' title='bbox 2310 3461 2447 3516; x_wconf 80' lang='grc' dir='ltr'>Οὔτε</span> <span class='ocrx_word' id='word_1_830' title='bbox 2499 3463 2611 3533; x_wconf 79' lang='grc' dir='ltr'>γὰρ</span> <span class='ocrx_word' id='word_1_831' title='bbox 2641 3465 2669 3515; x_wconf 89' lang='lat'>6</span> <span class='ocrx_word' id='word_1_832' title='bbox 2714 3461 2840 3525; x_wconf 83' lang='grc' dir='ltr'>Υἱὸς</span> <span class='ocrx_word' id='word_1_833' title='bbox 2877 3461 2970 3514; x_wconf 83' lang='grc' dir='ltr'>τοῦ</span> <span class='ocrx_word' id='word_1_834' title='bbox 2998 3460 3154 3534; x_wconf 72' lang='grc'>[485]</span> <span class='ocrx_word' id='word_1_835' title='bbox 3190 3463 3408 3532; x_wconf 81' lang='grc' dir='ltr'>Πατρὸς</span> <span class='ocrx_word' id='word_1_836' title='bbox 3452 3465 3767 3518; x_wconf 80' lang='grc' dir='ltr'>ὑποδεέστε-</span> 
     </span>
    </p>
   </div>
   <div class='ocr_carea' id='block_1_93' title="bbox 2083 3548 3764 3623">
    <p class='ocr_par' dir='ltr' id='par_1_93' title="bbox 2083 3548 3764 3623">
     <span class='ocr_line' id='line_1_93' title="bbox 2083 3548 3764 3623; baseline 0.002 -21"><span class='ocrx_word' id='word_1_837' title='bbox 2083 3567 2175 3621; x_wconf 92' lang='grc' dir='ltr'>ρος</span> <span class='ocrx_word' id='word_1_838' title='bbox 2203 3562 2250 3616; x_wconf 82' lang='grc' dir='ltr'>ο,</span> <span class='ocrx_word' id='word_1_839' title='bbox 2309 3548 2434 3602; x_wconf 86' lang='grc' dir='ltr'>οὐτε</span> <span class='ocrx_word' id='word_1_840' title='bbox 2471 3549 2532 3602; x_wconf 87' lang='grc' dir='ltr'>τὸ</span> <span class='ocrx_word' id='word_1_841' title='bbox 2579 3549 2780 3619; x_wconf 88' lang='grc' dir='ltr'>Κύριος</span> <span class='ocrx_word' id='word_1_842' title='bbox 2833 3550 3007 3615; x_wconf 75' lang='grc' dir='ltr'>ὄνομα</span> <span class='ocrx_word' id='word_1_843' title='bbox 3056 3548 3149 3602; x_wconf 86' lang='grc' dir='ltr'>τοῦ</span> <span class='ocrx_word' id='word_1_844' title='bbox 3175 3549 3308 3612; x_wconf 85' lang='grc' dir='ltr'>Θεὸς</span> <span class='ocrx_word' id='word_1_845' title='bbox 3361 3551 3764 3623; x_wconf 78' lang='grc' dir='ltr'>εὐτελέστερον.</span> 
     </span>
    </p>
   </div>
   <div class='ocr_carea' id='block_1_94' title="bbox 2082 3637 3762 3712">
    <p class='ocr_par' dir='ltr' id='par_1_94' title="bbox 2082 3637 3762 3712">
     <span class='ocr_line' id='line_1_94' title="bbox 2082 3637 3762 3712; baseline 0.002 -22"><span class='ocrx_word' id='word_1_846' title='bbox 2082 3637 2180 3690; x_wconf 74' lang='grc' dir='ltr'>Δια</span> <span class='ocrx_word' id='word_1_847' title='bbox 2209 3637 2368 3691; x_wconf 87' lang='grc' dir='ltr'>τοῦτο</span> <span class='ocrx_word' id='word_1_848' title='bbox 2396 3637 2491 3691; x_wconf 70' lang='grc' dir='ltr'>καὶ</span> <span class='ocrx_word' id='word_1_849' title='bbox 2512 3637 2604 3689; x_wconf 74' lang='grc' dir='ltr'>ἐπὶ</span> <span class='ocrx_word' id='word_1_850' title='bbox 2631 3637 2843 3706; x_wconf 89' lang='grc' dir='ltr'>Πατρὸς</span> <span class='ocrx_word' id='word_1_851' title='bbox 2881 3637 2976 3690; x_wconf 77' lang='grc' dir='ltr'>καὶ</span> <span class='ocrx_word' id='word_1_852' title='bbox 3015 3637 3109 3689; x_wconf 78' lang='grc' dir='ltr'>ἐπὶ</span> <span class='ocrx_word' id='word_1_853' title='bbox 3134 3637 3228 3690; x_wconf 90' lang='grc' dir='ltr'>τοῦ</span> <span class='ocrx_word' id='word_1_854' title='bbox 3259 3637 3390 3690; x_wconf 82' lang='grc' dir='ltr'>Υἱοῦ</span> <span class='ocrx_word' id='word_1_855' title='bbox 3424 3639 3762 3712; x_wconf 66' lang='grc' dir='ltr'>ἀδιαφόρως.</span> 
     </span>
    </p>
   </div>
   <div class='ocr_carea' id='block_1_95' title="bbox 2081 3724 3767 3797">
    <p class='ocr_par' dir='ltr' id='par_1_95' title="bbox 2081 3724 3767 3797">
     <span class='ocr_line' id='line_1_95' title="bbox 2081 3724 3767 3797; baseline 0.001 -18"><span class='ocrx_word' id='word_1_856' title='bbox 2081 3726 2307 3790; x_wconf 80' lang='grc' dir='ltr'>ταύταις</span> <span class='ocrx_word' id='word_1_857' title='bbox 2333 3725 2597 3796; x_wconf 84' lang='grc' dir='ltr'>κέχρηται</span> <span class='ocrx_word' id='word_1_858' title='bbox 2627 3727 2746 3788; x_wconf 88' lang='grc' dir='ltr'>ταῖς</span> <span class='ocrx_word' id='word_1_859' title='bbox 2771 3724 3221 3796; x_wconf 86' lang='grc' dir='ltr'>προσηγορίαιςή</span> <span class='ocrx_word' id='word_1_860' title='bbox 3247 3725 3468 3797; x_wconf 74' lang='grc' dir='ltr'>Γραφή.</span> <span class='ocrx_word' id='word_1_861' title='bbox 3516 3730 3767 3797; x_wconf 70' lang='grc' dir='ltr'>Καθάπερ</span> 
     </span>
    </p>
   </div>
   <div class='ocr_carea' id='block_1_96' title="bbox 2081 3809 3770 3885">
    <p class='ocr_par' dir='ltr' id='par_1_96' title="bbox 2081 3809 3770 3885">
     <span class='ocr_line' id='line_1_96' title="bbox 2081 3809 3770 3885; baseline 0 -20"><span class='ocrx_word' id='word_1_862' title='bbox 2081 3809 2176 3865; x_wconf 83' lang='grc' dir='ltr'>οῦν</span> <span class='ocrx_word' id='word_1_863' title='bbox 2195 3809 2466 3880; x_wconf 74' lang='grc' dir='ltr'>ἠκούσατε</span> <span class='ocrx_word' id='word_1_864' title='bbox 2501 3810 2704 3881; x_wconf 83' lang='grc' dir='ltr'>Κύριον</span> <span class='ocrx_word' id='word_1_865' title='bbox 2739 3811 2830 3863; x_wconf 87' lang='grc' dir='ltr'>τὸν</span> <span class='ocrx_word' id='word_1_866' title='bbox 2865 3810 3085 3881; x_wconf 86' lang='grc' dir='ltr'>Πατέρα</span> <span class='ocrx_word' id='word_1_867' title='bbox 3113 3811 3478 3882; x_wconf 86' lang='grc' dir='ltr'>καλούμενον,</span> <span class='ocrx_word' id='word_1_868' title='bbox 3517 3816 3658 3885; x_wconf 75' lang='grc' dir='ltr'>φέρε</span> <span class='ocrx_word' id='word_1_869' title='bbox 3685 3816 3770 3867; x_wconf 65' lang='lat' dir='ltr'>azi-</span> 
     </span>
    </p>
   </div>
   <div class='ocr_carea' id='block_1_97' title="bbox 2083 3897 3770 3971">
    <p class='ocr_par' dir='ltr' id='par_1_97' title="bbox 2083 3897 3770 3971">
     <span class='ocr_line' id='line_1_97' title="bbox 2083 3897 3770 3971; baseline 0.004 -20"><span class='ocrx_word' id='word_1_870' title='bbox 2083 3900 2264 3970; x_wconf 82' lang='grc' dir='ltr'>ξωμεν</span> <span class='ocrx_word' id='word_1_871' title='bbox 2286 3900 2418 3970; x_wconf 84' lang='grc' dir='ltr'>ὑμῖν</span> <span class='ocrx_word' id='word_1_872' title='bbox 2448 3898 2543 3951; x_wconf 78' lang='grc' dir='ltr'>καὶ</span> <span class='ocrx_word' id='word_1_873' title='bbox 2579 3897 2670 3951; x_wconf 91' lang='grc' dir='ltr'>τὸν</span> <span class='ocrx_word' id='word_1_874' title='bbox 2699 3897 2827 3951; x_wconf 86' lang='grc' dir='ltr'>Υίὸν</span> <span class='ocrx_word' id='word_1_875' title='bbox 2855 3897 3149 3969; x_wconf 87' lang='grc' dir='ltr'>λεγόμενον</span> <span class='ocrx_word' id='word_1_876' title='bbox 3170 3899 3323 3956; x_wconf 88' lang='grc' dir='ltr'>Θεόν.</span> <span class='ocrx_word' id='word_1_877' title='bbox 3373 3900 3535 3956; x_wconf 83' lang='grc' dir='ltr'>Ἰδοὺ</span> <span class='ocrx_word' id='word_1_878' title='bbox 3569 3905 3609 3971; x_wconf 79' lang='grc' dir='ltr'>ή</span> <span class='ocrx_word' id='word_1_879' title='bbox 3640 3920 3770 3971; x_wconf 66' lang='grc' dir='ltr'>καρ-</span> 
     </span>
    </p>
   </div>
   <div class='ocr_carea' id='block_1_98' title="bbox 2083 3985 3770 4055">
    <p class='ocr_par' dir='ltr' id='par_1_98' title="bbox 2083 3985 3770 4055">
     <span class='ocr_line' id='line_1_98' title="bbox 2083 3985 3770 4055; baseline 0.002 -13"><span class='ocrx_word' id='word_1_880' title='bbox 2083 3987 2256 4051; x_wconf 85' lang='grc' dir='ltr'>Οένος</span> <span class='ocrx_word' id='word_1_881' title='bbox 2295 3987 2365 4040; x_wconf 82' lang='grc' dir='ltr'>ἐν</span> <span class='ocrx_word' id='word_1_882' title='bbox 2403 3985 2615 4055; x_wconf 78' lang='grc' dir='ltr'>γαστρί</span> <span class='ocrx_word' id='word_1_883' title='bbox 2642 3985 2787 4050; x_wconf 77' lang='grc' dir='ltr'>ἕξει,</span> <span class='ocrx_word' id='word_1_884' title='bbox 2839 3986 2939 4039; x_wconf 77' lang='grc' dir='ltr'>καὶ</span> <span class='ocrx_word' id='word_1_885' title='bbox 2985 3985 3217 4051; x_wconf 81' lang='grc' dir='ltr'>τέξεται</span> <span class='ocrx_word' id='word_1_886' title='bbox 3246 3989 3407 4052; x_wconf 75' lang='grc' dir='ltr'>υἱὸν,</span> <span class='ocrx_word' id='word_1_887' title='bbox 3456 3991 3569 4043; x_wconf 76' lang='grc' dir='ltr'>καί</span> <span class='ocrx_word' id='word_1_888' title='bbox 3603 3991 3770 4044; x_wconf 58' lang='lat' dir='ltr'>1a.“-</span> 
     </span>
    </p>
   </div>
   <div class='ocr_carea' id='block_1_99' title="bbox 2082 4073 3772 4150">
    <p class='ocr_par' dir='ltr' id='par_1_99' title="bbox 2082 4073 3772 4150">
     <span class='ocr_line' id='line_1_99' title="bbox 2082 4073 3772 4150; baseline 0 -23"><span class='ocrx_word' id='word_1_889' title='bbox 2082 4087 2268 4127; x_wconf 85' lang='grc' dir='ltr'>σουσι</span> <span class='ocrx_word' id='word_1_890' title='bbox 2296 4073 2362 4126; x_wconf 87' lang='grc' dir='ltr'>τὸ</span> <span class='ocrx_word' id='word_1_891' title='bbox 2393 4073 2581 4142; x_wconf 79' lang='grc' dir='ltr'>ὄνομα</span> <span class='ocrx_word' id='word_1_892' title='bbox 2613 4073 3224 4150; x_wconf 73' lang='grc' dir='ltr'>αὑτοῦἘμμανουὴλ,</span> <span class='ocrx_word' id='word_1_893' title='bbox 3255 4073 3288 4127; x_wconf 86' lang='grc' dir='ltr'><strong><em>ὃ</em></strong></span> <span class='ocrx_word' id='word_1_894' title='bbox 3314 4075 3450 4129; x_wconf 83' lang='grc' dir='ltr'>ἔστι</span> <span class='ocrx_word' id='word_1_895' title='bbox 3477 4084 3772 4146; x_wconf 69' lang='grc' dir='ltr'>μεθερμη-</span> 
     </span>
    </p>
   </div>
   <div class='ocr_carea' id='block_1_100' title="bbox 2082 4157 3772 4236">
    <p class='ocr_par' dir='ltr' id='par_1_100' title="bbox 2082 4157 3772 4236">
     <span class='ocr_line' id='line_1_100' title="bbox 2082 4157 3772 4236; baseline 0.001 -22"><span class='ocrx_word' id='word_1_896' title='bbox 2082 4160 2577 4230; x_wconf 80' lang='grc' dir='ltr'>νευόμενον,Μεθ’</span> <span class='ocrx_word' id='word_1_897' title='bbox 2593 4159 2762 4230; x_wconf 80' lang='grc' dir='ltr'>ἡμῶν</span> <span class='ocrx_word' id='word_1_898' title='bbox 2785 4163 2817 4214; x_wconf 86' lang='grc' dir='ltr'>ό</span> <span class='ocrx_word' id='word_1_899' title='bbox 2836 4161 3005 4227; x_wconf 89' lang='grc' dir='ltr'>Θεός.</span> <span class='ocrx_word' id='word_1_900' title='bbox 3032 4157 3189 4226; x_wconf 83' lang='grc' dir='ltr'>Εἶδες</span> <span class='ocrx_word' id='word_1_901' title='bbox 3213 4162 3332 4225; x_wconf 83' lang='grc' dir='ltr'>πῶς</span> <span class='ocrx_word' id='word_1_902' title='bbox 3363 4163 3460 4216; x_wconf 81' lang='grc' dir='ltr'>καὶ</span> <span class='ocrx_word' id='word_1_903' title='bbox 3485 4165 3574 4235; x_wconf 81' lang='grc' dir='ltr'>τῷ</span> <span class='ocrx_word' id='word_1_904' title='bbox 3607 4167 3772 4236; x_wconf 61' lang='lat' dir='ltr'>Ila-.92</span> 
     </span>
    </p>
   </div>
   <div class='ocr_carea' id='block_1_101' title="bbox 2083 4217 3816 4323">
    <p class='ocr_par' dir='ltr' id='par_1_101' title="bbox 2083 4217 3816 4323">
     <span class='ocr_line' id='line_1_101' title="bbox 2083 4217 3816 4323; baseline 0.002 -21"><span class='ocrx_word' id='word_1_905' title='bbox 2083 4217 2256 4320; x_wconf 77' lang='grc' dir='ltr'>δνομά</span> <span class='ocrx_word' id='word_1_906' title='bbox 2277 4248 2337 4301; x_wconf 87' lang='grc' dir='ltr'>τὸ</span> <span class='ocrx_word' id='word_1_907' title='bbox 2353 4217 2593 4315; x_wconf 79' lang='grc' dir='ltr'>Κύριος,</span> <span class='ocrx_word' id='word_1_908' title='bbox 2613 4217 2709 4301; x_wconf 61' lang='grc' dir='ltr'>καί</span> <span class='ocrx_word' id='word_1_909' title='bbox 2731 4248 2809 4318; x_wconf 87' lang='grc' dir='ltr'>τῷ</span> <span class='ocrx_word' id='word_1_910' title='bbox 2830 4248 2945 4317; x_wconf 81' lang='grc' dir='ltr'>Υίῷ</span> <span class='ocrx_word' id='word_1_911' title='bbox 2961 4217 3145 4319; x_wconf 52' lang='grc' dir='ltr'>’ὄνομα</span> <span class='ocrx_word' id='word_1_912' title='bbox 3161 4217 3222 4302; x_wconf 74' lang='grc' dir='ltr'>τὸ</span> <span class='ocrx_word' id='word_1_913' title='bbox 3237 4217 3407 4316; x_wconf 61' lang='grc' dir='ltr'>Θεὸςξ</span> <span class='ocrx_word' id='word_1_914' title='bbox 3429 4217 3772 4323; x_wconf 21' lang='grc' dir='ltr'>ὨσστερὟγάρ</span> <span class='ocrx_word' id='word_1_915' title='bbox 3813 4217 3816 4307; x_wconf 63' lang='grc' dir='ltr'>ί</span> 
     </span>
    </p>
   </div>
   <div class='ocr_carea' id='block_1_102' title="bbox 2084 4335 3813 4452">
    <p class='ocr_par' dir='ltr' id='par_1_102' title="bbox 2084 4335 3813 4452">
     <span class='ocr_line' id='line_1_102' title="bbox 2084 4335 3813 4452; baseline 0.002 -63"><span class='ocrx_word' id='word_1_916' title='bbox 2084 4337 2202 4390; x_wconf 83' lang='grc' dir='ltr'>ἐκεῖ</span> <span class='ocrx_word' id='word_1_917' title='bbox 2218 4354 2371 4407; x_wconf 79' lang='grc' dir='ltr'>φησι,</span> <span class='ocrx_word' id='word_1_918' title='bbox 2391 4337 2730 4390; x_wconf 85' lang='grc' dir='ltr'>Γνὼτωσαν</span> <span class='ocrx_word' id='word_1_919' title='bbox 2746 4335 2837 4390; x_wconf 87' lang='grc' dir='ltr'>ὅτι</span> <span class='ocrx_word' id='word_1_920' title='bbox 2854 4336 3043 4404; x_wconf 82' lang='grc' dir='ltr'>ὄνομά</span> <span class='ocrx_word' id='word_1_921' title='bbox 3057 4353 3156 4392; x_wconf 90' lang='grc' dir='ltr'>σοι</span> <span class='ocrx_word' id='word_1_922' title='bbox 3170 4338 3404 4407; x_wconf 77' lang='grc' dir='ltr'>Κύριος,</span> <span class='ocrx_word' id='word_1_923' title='bbox 3417 4338 3573 4393; x_wconf 76' lang='grc' dir='ltr'>οὕτω</span> <span class='ocrx_word' id='word_1_924' title='bbox 3586 4343 3686 4394; x_wconf 77' lang='grc' dir='ltr'>καὶ</span> <span class='ocrx_word' id='word_1_925' title='bbox 3701 4344 3774 4392; x_wconf 77' lang='grc' dir='ltr'>ἐν·</span> <span class='ocrx_word' id='word_1_926' title='bbox 3811 4363 3813 4452; x_wconf 35' lang='grc' dir='ltr'>ι</span> 
     </span>
     <span class='ocr_line' id='line_1_103' title="bbox 2084 4421 3752 4452; baseline 0 0"><span class='ocrx_word' id='word_1_927' title='bbox 2084 4423 2257 4452; x_wconf 64' lang='grc' dir='ltr'>-..ΠΩᾶ</span> <span class='ocrx_word' id='word_1_928' title='bbox 2283 4438 2412 4452; x_wconf 60' lang='grc' dir='ltr'><strong>..-ιη</strong></span> <span class='ocrx_word' id='word_1_929' title='bbox 2476 4426 2556 4452; x_wconf 76' lang='grc' dir='ltr'>νη</span> <span class='ocrx_word' id='word_1_930' title='bbox 2577 4421 2815 4452; x_wconf 57' lang='grc' dir='ltr'>τέλη-...ηρ</span> <span class='ocrx_word' id='word_1_931' title='bbox 2851 4423 2919 4452; x_wconf 70' lang='grc' dir='ltr'>,Α</span> <span class='ocrx_word' id='word_1_932' title='bbox 2944 4424 3129 4452; x_wconf 57' lang='lat'>1..-...-</span> <span class='ocrx_word' id='word_1_933' title='bbox 3150 4424 3332 4452; x_wconf 60' lang='lat' dir='ltr'>n.’.-n.‘.</span> <span class='ocrx_word' id='word_1_934' title='bbox 3362 4426 3716 4452; x_wconf 66' lang='grc' dir='ltr'>νο...-...---.ι</span> <span class='ocrx_word' id='word_1_935' title='bbox 3737 4431 3752 4452; x_wconf 67' lang='grc' dir='ltr'><strong>ι</strong></span> 
     </span>
    </p>
   </div>
   <div class='ocr_carea' id='block_1_103' title="bbox 2083 4421 3770 4494">
    <p class='ocr_par' dir='ltr' id='par_1_103' title="bbox 2083 4421 3770 4494">
     <span class='ocr_line' id='line_1_104' title="bbox 2083 4421 3770 4494; baseline 0.005 -21"><span class='ocrx_word' id='word_1_936' title='bbox 2083 4423 2259 4476; x_wconf 87' lang='grc' dir='ltr'>ταῦθά</span> <span class='ocrx_word' id='word_1_937' title='bbox 2283 4438 2437 4492; x_wconf 83' lang='grc' dir='ltr'>φησι,</span> <span class='ocrx_word' id='word_1_938' title='bbox 2469 4421 2818 4476; x_wconf 77' lang='grc' dir='ltr'>Καλέσουσι</span> <span class='ocrx_word' id='word_1_939' title='bbox 2851 4423 2919 4478; x_wconf 87' lang='grc' dir='ltr'>τὸ</span> <span class='ocrx_word' id='word_1_940' title='bbox 2941 4424 3130 4494; x_wconf 82' lang='grc' dir='ltr'>ὄνομα</span> <span class='ocrx_word' id='word_1_941' title='bbox 3147 4424 3332 4478; x_wconf 78' lang='grc' dir='ltr'>αὑτοῦ</span> <span class='ocrx_word' id='word_1_942' title='bbox 3362 4426 3770 4494; x_wconf 69' lang='grc' dir='ltr'>Ἐμμανουήλ.</span> 
     </span>
    </p>
   </div>
   <div class='ocr_carea' id='block_1_104' title="bbox 2085 4510 3765 4586">
    <p class='ocr_par' dir='ltr' id='par_1_104' title="bbox 2085 4510 3765 4586">
     <span class='ocr_line' id='line_1_105' title="bbox 2085 4510 3765 4586; baseline 0.004 -22"><span class='ocrx_word' id='word_1_943' title='bbox 2085 4512 2193 4565; x_wconf 76' lang='grc' dir='ltr'>Καὶ</span> <span class='ocrx_word' id='word_1_944' title='bbox 2207 4510 2388 4573; x_wconf 89' lang='grc' dir='ltr'>πάλιν,</span> <span class='ocrx_word' id='word_1_945' title='bbox 2403 4511 2952 4582; x_wconf 74' lang='grc' dir='ltr'>Παιδίονέγεννήθη</span> <span class='ocrx_word' id='word_1_946' title='bbox 2972 4510 3272 4582; x_wconf 67' lang='grc' dir='ltr'>ἡμῖν-,υίὸς</span> <span class='ocrx_word' id='word_1_947' title='bbox 3287 4513 3385 4567; x_wconf 78' lang='grc' dir='ltr'>καί</span> <span class='ocrx_word' id='word_1_948' title='bbox 3403 4514 3595 4582; x_wconf 74' lang='grc' dir='ltr'>ἐδόόη</span> <span class='ocrx_word' id='word_1_949' title='bbox 3613 4517 3765 4586; x_wconf 73' lang='grc' dir='ltr'>ἡμῖν.</span> 
     </span>
    </p>
   </div>
   <div class='ocr_carea' id='block_1_105' title="bbox 2084 4593 3769 4670">
    <p class='ocr_par' dir='ltr' id='par_1_105' title="bbox 2084 4593 3769 4670">
     <span class='ocr_line' id='line_1_106' title="bbox 2084 4593 3769 4670; baseline 0.004 -23"><span class='ocrx_word' id='word_1_950' title='bbox 2084 4595 2185 4649; x_wconf 80' lang='grc' dir='ltr'>καὶ</span> <span class='ocrx_word' id='word_1_951' title='bbox 2217 4593 2482 4649; x_wconf 73' lang='grc' dir='ltr'>καλεῖται</span> <span class='ocrx_word' id='word_1_952' title='bbox 2516 4594 2582 4648; x_wconf 90' lang='grc' dir='ltr'>τὸ</span> <span class='ocrx_word' id='word_1_953' title='bbox 2625 4595 2813 4664; x_wconf 78' lang='grc' dir='ltr'>ὄνομα</span> <span class='ocrx_word' id='word_1_954' title='bbox 2845 4596 3033 4650; x_wconf 83' lang='grc' dir='ltr'>αὐτοῦ</span> <span class='ocrx_word' id='word_1_955' title='bbox 3073 4597 3345 4666; x_wconf 71' lang='grc' dir='ltr'>μεγάλης</span> <span class='ocrx_word' id='word_1_956' title='bbox 3382 4597 3641 4667; x_wconf 73' lang='grc' dir='ltr'>βουλῆς</span> <span class='ocrx_word' id='word_1_957' title='bbox 3672 4603 3769 4670; x_wconf 57' lang='grc' dir='ltr'>ἅτε</span> 
     </span>
    </p>
   </div>
   <div class='ocr_carea' id='block_1_106' title="bbox 2083 4683 3771 4758">
    <p class='ocr_par' dir='ltr' id='par_1_106' title="bbox 2083 4683 3771 4758">
     <span class='ocr_line' id='line_1_107' title="bbox 2083 4683 3771 4758; baseline 0.003 -22"><span class='ocrx_word' id='word_1_958' title='bbox 2083 4686 2279 4750; x_wconf 75' lang='grc' dir='ltr'>τελος,</span> <span class='ocrx_word' id='word_1_959' title='bbox 2317 4683 2462 4747; x_wconf 84' lang='grc' dir='ltr'>Θεὸς</span> <span class='ocrx_word' id='word_1_960' title='bbox 2509 4683 2778 4752; x_wconf 83' lang='grc' dir='ltr'>ίσχυρὸς.</span> <span class='ocrx_word' id='word_1_961' title='bbox 2814 4683 3244 4750; x_wconf 73' lang='grc' dir='ltr'>ἐξουσιαστής.</span> <span class='ocrx_word' id='word_1_962' title='bbox 3301 4685 3412 4737; x_wconf 78' lang='grc' dir='ltr'>Καὶ</span> <span class='ocrx_word' id='word_1_963' title='bbox 3446 4687 3654 4740; x_wconf 84' lang='grc' dir='ltr'>σκόπει</span> <span class='ocrx_word' id='word_1_964' title='bbox 3690 4704 3771 4758; x_wconf 78' lang='grc' dir='ltr'>μοι</span> 
     </span>
    </p>
   </div>
   <div class='ocr_carea' id='block_1_107' title="bbox 2085 4769 3770 4844">
    <p class='ocr_par' dir='ltr' id='par_1_107' title="bbox 2085 4769 3770 4844">
     <span class='ocr_line' id='line_1_108' title="bbox 2085 4769 3770 4844; baseline 0.004 -23"><span class='ocrx_word' id='word_1_965' title='bbox 2085 4769 2380 4841; x_wconf 81' lang='grc' dir='ltr'>προφητῶν</span> <span class='ocrx_word' id='word_1_966' title='bbox 2423 4769 2664 4833; x_wconf 89' lang='grc' dir='ltr'>σύνεσιν,</span> <span class='ocrx_word' id='word_1_967' title='bbox 2697 4770 2793 4822; x_wconf 85' lang='grc' dir='ltr'>καὶ</span> <span class='ocrx_word' id='word_1_968' title='bbox 2825 4771 3204 4842; x_wconf 86' lang='grc' dir='ltr'>πνευματικὴν</span> <span class='ocrx_word' id='word_1_969' title='bbox 3245 4771 3462 4840; x_wconf 80' lang='grc' dir='ltr'>σοφίαν.</span> <span class='ocrx_word' id='word_1_970' title='bbox 3513 4775 3638 4827; x_wconf 84' lang='grc' dir='ltr'>Ἵνα</span> <span class='ocrx_word' id='word_1_971' title='bbox 3672 4777 3770 4844; x_wconf 66' lang='grc' dir='ltr'>γὰρ</span> 
     </span>
    </p>
   </div>
   <div class='ocr_carea' id='block_1_108' title="bbox 2087 4857 3770 4930">
    <p class='ocr_par' dir='ltr' id='par_1_108' title="bbox 2087 4857 3770 4930">
     <span class='ocr_line' id='line_1_109' title="bbox 2087 4857 3770 4930; baseline 0.003 -20"><span class='ocrx_word' id='word_1_972' title='bbox 2087 4858 2161 4928; x_wconf 84' lang='grc' dir='ltr'>μὴ</span> <span class='ocrx_word' id='word_1_973' title='bbox 2190 4857 2378 4920; x_wconf 82' lang='grc' dir='ltr'>ἁπλῶς</span> <span class='ocrx_word' id='word_1_974' title='bbox 2421 4857 2664 4920; x_wconf 75' lang='grc' dir='ltr'>εἰπόντες</span> <span class='ocrx_word' id='word_1_975' title='bbox 2707 4857 2876 4919; x_wconf 86' lang='grc' dir='ltr'>Θεὸν,</span> <span class='ocrx_word' id='word_1_976' title='bbox 2917 4857 3217 4927; x_wconf 87' lang='grc' dir='ltr'>νομισθῶσι</span> <span class='ocrx_word' id='word_1_977' title='bbox 3252 4858 3382 4928; x_wconf 78' lang='grc' dir='ltr'>περὶ</span> <span class='ocrx_word' id='word_1_978' title='bbox 3425 4859 3525 4913; x_wconf 89' lang='grc' dir='ltr'>τοῦ</span> <span class='ocrx_word' id='word_1_979' title='bbox 3559 4861 3770 4930; x_wconf 60' lang='grc' dir='ltr'>Πατρὶς</span> 
     </span>
    </p>
   </div>
   <div class='ocr_carea' id='block_1_109' title="bbox 2083 4943 3805 5034">
    <p class='ocr_par' dir='ltr' id='par_1_109' title="bbox 2083 4943 3805 5034">
     <span class='ocr_line' id='line_1_110' title="bbox 2083 4943 3805 5034; baseline 0 -36"><span class='ocrx_word' id='word_1_980' title='bbox 2083 4944 2282 5014; x_wconf 89' lang='grc' dir='ltr'>λέγειν,</span> <span class='ocrx_word' id='word_1_981' title='bbox 2302 4946 2402 5016; x_wconf 84' lang='grc' dir='ltr'>τῆς</span> <span class='ocrx_word' id='word_1_982' title='bbox 2420 4945 2731 5015; x_wconf 88' lang='grc' dir='ltr'>οίκονομίας</span> <span class='ocrx_word' id='word_1_983' title='bbox 2761 4943 3028 5016; x_wconf 85' lang='grc' dir='ltr'>πρότερον</span> <span class='ocrx_word' id='word_1_984' title='bbox 3061 4944 3396 5014; x_wconf 72' lang='grc' dir='ltr'>μέμνηνταιο</span> <span class='ocrx_word' id='word_1_985' title='bbox 3421 4946 3483 4997; x_wconf 92' lang='grc' dir='ltr'>οὐ</span> <span class='ocrx_word' id='word_1_986' title='bbox 3514 4949 3630 5017; x_wconf 72' lang='grc' dir='ltr'>γάρ</span> <span class='ocrx_word' id='word_1_987' title='bbox 3659 4950 3722 5016; x_wconf 71' lang='grc' dir='ltr'>δὴ</span> <span class='ocrx_word' id='word_1_988' title='bbox 3803 4943 3805 5034; x_wconf 45' lang='grc' dir='ltr'>ί</span> 
     </span>
    </p>
   </div>
   <div class='ocr_carea' id='block_1_110' title="bbox 2085 5033 3763 5106">
    <p class='ocr_par' dir='ltr' id='par_1_110' title="bbox 2085 5033 3763 5106">
     <span class='ocr_line' id='line_1_111' title="bbox 2085 5033 3763 5106; baseline -0.001 -18"><span class='ocrx_word' id='word_1_989' title='bbox 2085 5036 2275 5106; x_wconf 83' lang='grc' dir='ltr'>Πατὴρ</span> <span class='ocrx_word' id='word_1_990' title='bbox 2311 5033 2398 5088; x_wconf 82' lang='grc' dir='ltr'>διὰ</span> <span class='ocrx_word' id='word_1_991' title='bbox 2442 5035 2712 5105; x_wconf 87' lang='grc' dir='ltr'>παρθένου</span> <span class='ocrx_word' id='word_1_992' title='bbox 2759 5033 3046 5104; x_wconf 85' lang='grc' dir='ltr'>ἐγεννήθη,</span> <span class='ocrx_word' id='word_1_993' title='bbox 3101 5033 3224 5087; x_wconf 85' lang='grc' dir='ltr'>οὐδέ</span> <span class='ocrx_word' id='word_1_994' title='bbox 3269 5034 3482 5088; x_wconf 86' lang='grc' dir='ltr'>παιδίον</span> <span class='ocrx_word' id='word_1_995' title='bbox 3531 5037 3763 5104; x_wconf 59' lang='grc' dir='ltr'>ἐγένετο.</span> 
     </span>
    </p>
   </div>
   <div class='ocr_carea' id='block_1_111' title="bbox 2086 5120 3762 5193">
    <p class='ocr_par' dir='ltr' id='par_1_111' title="bbox 2086 5120 3762 5193">
     <span class='ocr_line' id='line_1_112' title="bbox 2086 5120 3762 5193; baseline 0.001 -18"><span class='ocrx_word' id='word_1_996' title='bbox 2086 5123 2254 5176; x_wconf 77' lang='grc' dir='ltr'>Πάλιν</span> <span class='ocrx_word' id='word_1_997' title='bbox 2283 5122 2470 5192; x_wconf 74' lang='grc' dir='ltr'>ἕτερος</span> <span class='ocrx_word' id='word_1_998' title='bbox 2518 5123 2806 5193; x_wconf 78' lang='grc' dir='ltr'>προφήτης</span> <span class='ocrx_word' id='word_1_999' title='bbox 2838 5120 3039 5174; x_wconf 80' lang='grc' dir='ltr'>οὑτωσί</span> <span class='ocrx_word' id='word_1_1000' title='bbox 3075 5120 3193 5185; x_wconf 82' lang='grc' dir='ltr'>πῶς</span> <span class='ocrx_word' id='word_1_1001' title='bbox 3231 5137 3361 5191; x_wconf 76' lang='grc' dir='ltr'>φησι</span> <span class='ocrx_word' id='word_1_1002' title='bbox 3407 5123 3545 5192; x_wconf 79' lang='grc' dir='ltr'>περὶ</span> <span class='ocrx_word' id='word_1_1003' title='bbox 3570 5123 3762 5176; x_wconf 75' lang='grc' dir='ltr'>αὐτοῦ·</span> 
     </span>
    </p>
   </div>
   <div class='ocr_carea' id='block_1_112' title="bbox 2087 5206 3762 5278">
    <p class='ocr_par' dir='ltr' id='par_1_112' title="bbox 2087 5206 3762 5278">
     <span class='ocr_line' id='line_1_113' title="bbox 2087 5206 3762 5278; baseline -0.001 -15"><span class='ocrx_word' id='word_1_1004' title='bbox 2087 5206 2278 5276; x_wconf 84' lang='grc' dir='ltr'>Οὗτος</span> <span class='ocrx_word' id='word_1_1005' title='bbox 2301 5212 2334 5264; x_wconf 86' lang='grc' dir='ltr'><em>ὀ</em></span> <span class='ocrx_word' id='word_1_1006' title='bbox 2383 5209 2528 5274; x_wconf 89' lang='grc' dir='ltr'>Θεὸς</span> <span class='ocrx_word' id='word_1_1007' title='bbox 2569 5207 2758 5277; x_wconf 72' lang='grc' dir='ltr'>ἡμῶν,</span> <span class='ocrx_word' id='word_1_1008' title='bbox 2793 5210 2866 5261; x_wconf 87' lang='grc' dir='ltr'>οὐ</span> <span class='ocrx_word' id='word_1_1009' title='bbox 2897 5207 3331 5278; x_wconf 76' lang='grc' dir='ltr'>λογισθήσεται</span> <span class='ocrx_word' id='word_1_1010' title='bbox 3365 5208 3579 5277; x_wconf 73' lang='grc' dir='ltr'>ἔτερος</span> <span class='ocrx_word' id='word_1_1011' title='bbox 3621 5211 3762 5278; x_wconf 67' lang='grc' dir='ltr'>πρὸς</span> 
     </span>
    </p>
   </div>
   <div class='ocr_carea' id='block_1_113' title="bbox 2083 5292 3758 5368">
    <p class='ocr_par' dir='ltr' id='par_1_113' title="bbox 2083 5292 3758 5368">
     <span class='ocr_line' id='line_1_114' title="bbox 2083 5292 3758 5368; baseline 0.001 -20"><span class='ocrx_word' id='word_1_1012' title='bbox 2083 5298 2289 5351; x_wconf 81' lang='grc' dir='ltr'>αὐτόν.</span> <span class='ocrx_word' id='word_1_1013' title='bbox 2345 5295 2454 5348; x_wconf 72' lang='grc' dir='ltr'>Καὶ</span> <span class='ocrx_word' id='word_1_1014' title='bbox 2481 5296 2612 5364; x_wconf 77' lang='grc' dir='ltr'>περὶ</span> <span class='ocrx_word' id='word_1_1015' title='bbox 2642 5295 2787 5358; x_wconf 88' lang='grc' dir='ltr'>τίνος</span> <span class='ocrx_word' id='word_1_1016' title='bbox 2810 5295 2968 5348; x_wconf 88' lang='grc' dir='ltr'>τοῦτό</span> <span class='ocrx_word' id='word_1_1017' title='bbox 2995 5311 3160 5365; x_wconf 86' lang='grc' dir='ltr'>φησιν</span> <span class='ocrx_word' id='word_1_1018' title='bbox 3187 5313 3202 5360; x_wconf 90' lang='lat'><strong>;</strong></span> <span class='ocrx_word' id='word_1_1019' title='bbox 3260 5292 3370 5367; x_wconf 82' lang='grc' dir='ltr'>ἆρα</span> <span class='ocrx_word' id='word_1_1020' title='bbox 3397 5296 3474 5367; x_wconf 77' lang='grc' dir='ltr'>μὴ</span> <span class='ocrx_word' id='word_1_1021' title='bbox 3515 5300 3649 5368; x_wconf 84' lang='grc' dir='ltr'>περὶ</span> <span class='ocrx_word' id='word_1_1022' title='bbox 3679 5297 3758 5349; x_wconf 77' lang='grc' dir='ltr'>τοῦ</span> 
     </span>
    </p>
   </div>
   <div class='ocr_carea' id='block_1_114' title="bbox 2085 5377 3757 5455">
    <p class='ocr_par' dir='ltr' id='par_1_114' title="bbox 2085 5377 3757 5455">
     <span class='ocr_line' id='line_1_115' title="bbox 2085 5377 3757 5455; baseline -0.001 -18"><span class='ocrx_word' id='word_1_1023' title='bbox 2085 5384 2326 5455; x_wconf 90' lang='grc' dir='ltr'>Πατρός;</span> <span class='ocrx_word' id='word_1_1024' title='bbox 2371 5383 2671 5454; x_wconf 86' lang='grc' dir='ltr'>Οὐδαμῶς·</span> <span class='ocrx_word' id='word_1_1025' title='bbox 2731 5383 2963 5436; x_wconf 79' lang='grc' dir='ltr'>ἄκουσον</span> <span class='ocrx_word' id='word_1_1026' title='bbox 3005 5381 3116 5454; x_wconf 78' lang='grc' dir='ltr'>γάρ</span> <span class='ocrx_word' id='word_1_1027' title='bbox 3148 5381 3268 5446; x_wconf 88' lang='grc' dir='ltr'>πῶς</span> <span class='ocrx_word' id='word_1_1028' title='bbox 3315 5384 3412 5435; x_wconf 73' lang='grc' dir='ltr'>καὶ</span> <span class='ocrx_word' id='word_1_1029' title='bbox 3451 5377 3615 5446; x_wconf 75' lang='grc' dir='ltr'>οὗτος</span> <span class='ocrx_word' id='word_1_1030' title='bbox 3644 5387 3757 5455; x_wconf 71' lang='grc' dir='ltr'>περὶ</span> 
     </span>
    </p>
   </div>
   <div class='ocr_carea' id='block_1_115' title="bbox 2083 5466 3757 5544">
    <p class='ocr_par' dir='ltr' id='par_1_115' title="bbox 2083 5466 3757 5544">
     <span class='ocr_line' id='line_1_116' title="bbox 2083 5466 3757 5544; baseline 0.003 -20"><span class='ocrx_word' id='word_1_1031' title='bbox 2083 5472 2183 5542; x_wconf 83' lang='grc' dir='ltr'>τῆς</span> <span class='ocrx_word' id='word_1_1032' title='bbox 2226 5470 2535 5540; x_wconf 87' lang='grc' dir='ltr'>οἰκονομίας</span> <span class='ocrx_word' id='word_1_1033' title='bbox 2583 5470 2866 5544; x_wconf 81' lang='grc' dir='ltr'>ἐμνήσθη’</span> <span class='ocrx_word' id='word_1_1034' title='bbox 2924 5468 3096 5524; x_wconf 86' lang='grc' dir='ltr'>είπὼν</span> <span class='ocrx_word' id='word_1_1035' title='bbox 3137 5469 3268 5543; x_wconf 85' lang='grc' dir='ltr'>γὰρ,</span> <span class='ocrx_word' id='word_1_1036' title='bbox 3320 5466 3517 5537; x_wconf 81' lang='grc' dir='ltr'>Οὗτος</span> <span class='ocrx_word' id='word_1_1037' title='bbox 3548 5475 3586 5528; x_wconf 78' lang='grc' dir='ltr'><em>ὁ</em></span> <span class='ocrx_word' id='word_1_1038' title='bbox 3620 5476 3757 5538; x_wconf 76' lang='grc' dir='ltr'>Θεὸς</span> 
     </span>
    </p>
   </div>
   <div class='ocr_carea' id='block_1_116' title="bbox 307 5629 1829 5702">
    <p class='ocr_par' dir='ltr' id='par_1_116' title="bbox 307 5629 1823 5702">
     <span class='ocr_line' id='line_1_117' title="bbox 307 5629 1823 5702; baseline 0.003 -19"><span class='ocrx_word' id='word_1_1039' title='bbox 307 5630 393 5702; x_wconf 71' lang='grc' dir='ltr'>Τίς</span> <span class='ocrx_word' id='word_1_1040' title='bbox 410 5629 633 5702; x_wconf 72' lang='grc' dir='ltr'>γᾲρόίδε.</span> <span class='ocrx_word' id='word_1_1041' title='bbox 647 5629 820 5702; x_wconf 68' lang='lat' dir='ltr'>_Sa_wilii</span> <span class='ocrx_word' id='word_1_1042' title='bbox 833 5629 1122 5702; x_wconf 52' lang='lat' dir='ltr'>script.de</span> <span class='ocrx_word' id='word_1_1043' title='bbox 1149 5631 1292 5702; x_wconf 54' lang='lat' dir='ltr'>Igbe</span> <span class='ocrx_word' id='word_1_1044' title='bbox 1311 5630 1543 5702; x_wconf 48' lang='lat' dir='ltr'>recipgrq</span> <span class='ocrx_word' id='word_1_1045' title='bbox 1557 5629 1823 5702; x_wconf 70' lang='lat' dir='ltr'>vi§i1m__est_.</span> 
     </span>
    </p>
   </div>
   <div class='ocr_carea' id='block_1_117' title="bbox 571 5629 2093 5702">
    <p class='ocr_par' dir='ltr' id='par_1_117' title="bbox 571 5629 2093 5702">
     <span class='ocr_line' id='line_1_118' title="bbox 571 5629 2093 5702; baseline 0.005 -23"><span class='ocrx_word' id='word_1_1046' title='bbox 571 5632 633 5680; x_wconf 76' lang='grc' dir='ltr'>Βε.</span> <span class='ocrx_word' id='word_1_1047' title='bbox 647 5629 1122 5702; x_wconf 56' lang='grc' dir='ltr'>βενίιὶἰεοῆριυτεερ</span> <span class='ocrx_word' id='word_1_1048' title='bbox 1149 5631 1292 5702; x_wconf 54' lang='lat' dir='ltr'>Igbe</span> <span class='ocrx_word' id='word_1_1049' title='bbox 1311 5629 1823 5702; x_wconf 44' lang='lat' dir='ltr'>recipgrqvigshmpst,</span> <span class='ocrx_word' id='word_1_1050' title='bbox 1847 5629 1978 5684; x_wconf 73' lang='grc' dir='ltr'>Εοιτ.</span> <span class='ocrx_word' id='word_1_1051' title='bbox 2077 5681 2093 5692; x_wconf 84' lang='grc'>,.</span> 
     </span>
    </p>
   </div>
   <div class='ocr_carea' id='block_1_118' title="bbox 374 5691 1976 5756">
    <p class='ocr_par' dir='ltr' id='par_1_118' title="bbox 374 5691 1976 5756">
     <span class='ocr_line' id='line_1_119' title="bbox 374 5691 1976 5756; baseline 0.001 -14"><span class='ocrx_word' id='word_1_1052' title='bbox 374 5691 404 5733; x_wconf 71' lang='grc' dir='ltr'>δ</span> <span class='ocrx_word' id='word_1_1053' title='bbox 425 5691 562 5754; x_wconf 57' lang='grc' dir='ltr'>Πῶς,</span> <span class='ocrx_word' id='word_1_1054' title='bbox 582 5693 663 5742; x_wconf 83' lang='grc' dir='ltr'>καὶ</span> <span class='ocrx_word' id='word_1_1055' title='bbox 680 5691 982 5756; x_wconf 77' lang='grc' dir='ltr'>ἀκραιφνοῦς,</span> <span class='ocrx_word' id='word_1_1056' title='bbox 995 5693 1046 5743; x_wconf 90' lang='lat' dir='ltr'><strong>in</strong></span> <span class='ocrx_word' id='word_1_1057' title='bbox 1069 5693 1253 5747; x_wconf 76' lang='lat' dir='ltr'>Savilio</span> <span class='ocrx_word' id='word_1_1058' title='bbox 1274 5699 1328 5745; x_wconf 79' lang='grc' dir='ltr'>ει</span> <span class='ocrx_word' id='word_1_1059' title='bbox 1344 5695 1393 5744; x_wconf 85' lang='lat' dir='ltr'><strong>in</strong></span> <span class='ocrx_word' id='word_1_1060' title='bbox 1417 5691 1642 5756; x_wconf 63' lang='lat' dir='ltr'>plurimis</span> <span class='ocrx_word' id='word_1_1061' title='bbox 1661 5696 1976 5747; x_wconf 68' lang='lat' dir='ltr'>aiiisdcsunl.</span> 
     </span>
    </p>
   </div>
   <div class='ocr_carea' id='block_1_119' title="bbox 2151 5698 2804 5763">
    <p class='ocr_par' dir='ltr' id='par_1_119' title="bbox 2151 5698 2804 5763">
     <span class='ocr_line' id='line_1_120' title="bbox 2151 5698 2804 5763; baseline 0 -17"><span class='ocrx_word' id='word_1_1062' title='bbox 2151 5702 2172 5728; x_wconf 68' lang='grc' dir='ltr'>’τ</span> <span class='ocrx_word' id='word_1_1063' title='bbox 2199 5699 2406 5758; x_wconf 83' lang='lat' dir='ltr'>Quidam</span> <span class='ocrx_word' id='word_1_1064' title='bbox 2424 5698 2804 5763; x_wconf 73' lang='grc' dir='ltr'>καταδεέστερος.</span> 
     </span>
    </p>
   </div>
  </div>
