3854 6222
404 248 508 304 739

409 363 548 417 enim
575 359 819 421 dixisset,
851 358 952 414 Hic
978 359 1112 414 Deus
1138 367 1324 422 noster,
1357 375 1458 412 non
1497 357 1828 412 (estimabitur
1851 355 1985 408 alius

408 451 646 505 adversus
671 467 802 514 etim,
832 450 903 504 ita
931 450 1120 520 pergit,
1149 449 1350 504 Invenit
1369 464 1567 501 omnem
1591 447 1722 500 viam
1747 445 1986 510 scientia,

407 550 454 595 et
480 540 618 594 dedit
659 557 769 594 eam
813 539 974 594 Jacob
1017 556 1170 611 puero
1210 555 1336 600 suo,
1373 549 1420 593 et
1459 537 1624 592 Israel
1666 538 1846 590 dilecto
1875 553 1987 589 suo.

412 630 540 683 Post
567 632 673 683 hac
698 631 751 683 in
779 631 925 684 terris
954 631 1086 684 visus
1113 640 1186 682 est
1211 670 1226 694 ,
1255 639 1302 682 et
1325 645 1441 682 cum
1467 627 1752 681 hominibus
1787 641 1994 680 conuer-

409 732 548 775 satus
577 729 648 774 est
678 719 902 792 (Ba-ruch
929 717 1079 776 5.57.
1105 717 1436 785 58).Paulus
1451 731 1580 772 vero
1630 735 1646 771 :
1693 714 1780 770 Es:
1814 715 1994 785 quibus

409 810 638 864 Christus
663 808 935 862 secundum
963 824 1166 861 carnem
1185 847 1201 874 ,
1241 809 1326 877 qui
1359 815 1433 860 est
1471 823 1622 877 super
1659 807 1830 859 omnia
1853 803 1994 859 Deus

414 899 698 952 benedictus
722 899 775 952 in
804 897 1024 964 stecula,
1052 915 1201 951 amen
1233 899 1249 967 (
1278 899 1429 953 Rom.
1457 897 1510 953 9.
1539 895 1611 968 5)
1637 914 1649 950 :
1677 905 1733 952 et
1762 911 1989 959 rursum,

416 987 593 1040 Omnis
619 989 916 1057 fornicator,
961 998 1052 1041 aut
1093 1003 1276 1042 avarus
1305 1004 1407 1041 non
1447 986 1644 1040 habebit
1670 985 1995 1040 hereditatem

413 1081 464 1132 in
494 1097 644 1151 regno
669 1080 856 1135 Christi
880 1090 927 1133 et
962 1080 1053 1134 Dei
1079 1080 1309 1151 (Ep/tes.
1341 1081 1392 1135 5.
1418 1078 1524 1149 5):
1550 1080 1864 1147 iterumque,
1894 1074 1996 1130 Per

413 1173 683 1224 adventum
721 1174 892 1242 magni
937 1171 1031 1225 Dei
1078 1183 1123 1226 et
1168 1171 1449 1227 Saluatoris
1478 1171 1634 1224 nostri
1659 1169 1784 1222 Jcsu
1811 1167 1998 1221 Christi

419 1264 437 1330 (
485 1261 591 1315 Tit.
645 1262 698 1315 2.
759 1263 829 1317 l5
871 1263 910 1334 ).
943 1263 1177 1318 Joannes
1203 1279 1413 1332 quoque
1450 1263 1527 1317 sic
1567 1263 1808 1316 nominat
1830 1275 1951 1314 eum
1978 1301 1992 1323 ,

416 1367 537 1404 cum
566 1352 716 1414 dicit,
749 1351 815 1406 ln
858 1354 1113 1422 principio
1140 1364 1250 1408 erat
1290 1353 1504 1407 Verbum
1524 1395 1537 1418 ,
1566 1363 1612 1407 et
1649 1352 1865 1406 Verbum
1889 1361 1996 1404 erat

416 1442 555 1511 apud
575 1441 758 1507 Deum,
782 1453 826 1495 et
853 1441 992 1496 Deus
1018 1454 1123 1496 erat
1161 1443 1374 1498 Verbum
1401 1442 1577 1513 (Joan.
1612 1443 1663 1498 l.
1690 1441 1765 1513 l).

489 1533 542 1586 5.
571 1532 683 1586 Hoc
713 1533 901 1599 fateor,
932 1533 1140 1603 inquies
1163 1575 1178 1600 ,
1205 1534 1300 1588 sed
1330 1534 1454 1589 illud
1491 1533 1711 1588 ostende
1735 1573 1749 1596 ,
1784 1531 1995 1586 ubinam

418 1630 541 1668 cum
571 1616 728 1670 Patre
759 1615 950 1670 Filium
981 1617 1330 1686 conjungens,
1361 1618 1640 1671 Dominum
1669 1617 1877 1671 Patrem
1899 1631 1994 1684 ap-

423 1708 600 1776 pellet.
633 1708 742 1778 Ego
764 1725 891 1764 vero
921 1724 1026 1763 non
1055 1710 1106 1763 id
1135 1719 1339 1764 tantum
1361 1709 1664 1771 ostendam,
1691 1708 1784 1763 sed
1812 1708 1994 1771 etiam,

419 1803 558 1872 quod
583 1803 856 1858 Dominum
881 1804 1112 1870 Patrem,
1139 1812 1194 1859 et
1222 1804 1499 1858 Dominum
1526 1802 1718 1856 Filium
1741 1801 1993 1872 appellet,

419 1895 688 1961 etiamque
719 1893 926 1946 Patrem
959 1894 1122 1947 Deum
1150 1904 1204 1948 et
1229 1893 1422 1947 Filium
1453 1893 1639 1956 Deum,
1670 1901 1890 1960 utraque
1921 1891 1998 1943 sin

421 1985 531 2040 mul
560 1986 772 2038 nomina
807 2000 1030 2054 ponens.
1069 1983 1291 2040 Ubinam
1324 1983 1437 2038 hate
1475 1982 1845 2052 reperiuntur?
1867 1979 1996 2034 Cum

418 2077 618 2132 Judzris
653 2076 938 2145 aliquando
974 2077 1250 2145 disputans
1287 2076 1532 2131 Christus
1559 2075 1668 2128 ait:
1701 2074 1837 2140 Quid
1863 2072 1999 2126 vobis

399 2167 614 2230 uidetur
634 2168 696 2219 de
719 2165 917 2220 Christo
934 2168 959 2220 .9
985 2166 1141 2232 Cuius
1168 2165 1306 2234 ﬁlius
1334 2165 1444 2220 est?
1475 2163 1663 2217 Dicunt
1691 2165 1735 2217 ei
1763 2179 1782 2217 :
1810 2162 1996 2215 David.

426 2255 558 2308 Dicit
583 2256 652 2308 eis
675 2273 693 2309 :
726 2256 990 2322 Quomodo
1028 2271 1145 2326 ergo
1174 2255 1341 2308 David
1382 2255 1434 2307 in
1475 2254 1656 2323 spiritu
1705 2261 1846 2306 vocat
1887 2269 2000 2305 eum

426 2346 716 2412 Dominum,
747 2348 915 2399 dicens
933 2362 951 2399 :
981 2346 1120 2398 Dixit
1146 2345 1395 2399 Dominus
1425 2343 1642 2396 Domino
1667 2360 1796 2408 meo,
1827 2343 1942 2396 sede
1969 2359 2001 2395 a

398 2437 611 2493 dextris
641 2438 761 2491 meis
792 2436 1012 2508 (Matth.
1058 2435 1148 2490 ‘22.
1189 2436 1258 2489 ΔΞ).
1281 2435 1386 2489 -44
1407 2434 1464 2505 )?
1484 2435 1623 2488 Ecce
1664 2433 1919 2490 Dominus
1947 2443 2001 2488 et

425 2529 702 2582 Dominus.
739 2529 896 2582 Visne
936 2528 1144 2581 discere
1184 2527 1270 2580 tibi
1296 2526 1509 2581 Patrem
1537 2537 1591 2581 et
1620 2526 1809 2580 Filium
1839 2525 1999 2579 simul

425 2622 620 2688 positos
651 2620 814 2674 Deum
840 2628 894 2673 et
921 2621 1081 2672 Deum
1113 2618 1304 2673 vocet?
1332 2617 1467 2672 Audi
1495 2617 1807 2687 prophetam
1832 2615 1995 2670 David

421 2722 476 2766 et
504 2713 799 2780 apostolum
830 2711 1051 2764 Paulum
1081 2711 1180 2764 hoc
1230 2710 1401 2778 ipsum
1436 2709 1590 2763 nobis
1627 2709 1995 2763 declarantes:

427 2801 656 2856 Thronus
680 2813 795 2855 tuus
819 2800 952 2856 Deus
975 2803 1026 2854 in
1052 2801 1293 2856 steculum
1319 2801 1509 2866 saeculi,
1531 2804 1672 2870 virga
1691 2801 1995 2865 directionis,

437 2889 584 2955 virga
622 2886 767 2954 regni
797 2889 894 2938 tui.
923 2884 1452 2955 Dilexistijustitiam
1479 2897 1530 2941 et
1562 2889 1724 2942 odisti
1755 2889 2006 2958 iniquita-

421 2986 558 3028 tem:
584 2985 859 3043 propterea
885 2978 1032 3028 unxit
1059 2986 1107 3029 te
1131 2977 1292 3039 Deus,
1330 2978 1466 3031 Deus
1491 2987 1633 3039 tuus,
1658 2979 1770 3033 oleo
1795 2979 2000 3032 ltetitire

417 3084 528 3136 prie
545 3068 873 3123 consortibus
897 3069 1002 3122 tuis
1025 3070 1201 3135 (Psal.
1219 3069 1380 3136 44.7;
1399 3069 1528 3123 lleb.
1552 3072 1599 3124 Ι.
1622 3072 1676 3125 8.
1701 3070 1777 3140 9).
1800 3069 2003 3126 Paulus

420 3175 640 3213 rursum
677 3159 781 3215 hoc
797 3160 1168 3215 testimonium
1195 3161 1417 3216 adducit
1438 3162 1524 3216 his
1555 3162 1772 3217 verbis:
1801 3163 1881 3216 Ad
1904 3180 2003 3216 an-

419 3253 558 3320 gelos
583 3252 794 3321 quidem
815 3252 980 3305 dicit:
1004 3253 1108 3318 Qui
1127 3253 1256 3320 facit
1279 3253 1492 3323 angelos
1525 3271 1648 3307 suos
1676 3254 1918 3322 spiritus;
1936 3253 2004 3306 ad

415 3342 620 3396 Filium
640 3352 841 3398 autem:
861 3344 1102 3399 Thronus
1123 3354 1265 3410 tuus,
1292 3346 1452 3409 Deus,
1469 3348 1524 3400 in
1542 3346 1795 3400 swculum
1815 3347 2002 3401 swculi

417 3433 603 3500 (Hebr.
640 3436 688 3488 l.
739 3436 770 3487 7
802 3437 921 3496 -9).
960 3436 1077 3502 Qua
1112 3437 1181 3491 de
1216 3453 1383 3492 causa
1425 3439 1535 3498 hic.
1589 3438 1790 3508 inquit,
1837 3439 2002 3492 Deum

426 3521 640 3576 Patrem
666 3526 900 3579 vocavit.
929 3523 1122 3578 Filium
1150 3541 1280 3579 vero
1308 3527 1595 3583 Dominum
1619 3530 1641 3580 Υ

497 3606 650 3660 Pauli
677 3607 943 3676 prudentia
975 3610 1029 3661 in
1073 3608 1312 3663 docendo.
1339 3639 1410 3649 —
1433 3609 1547 3664 Non
1576 3621 1792 3673 temere.
1825 3627 1997 3681 neque

422 3697 614 3750 frustra
645 3697 696 3750 id
728 3696 829 3751 hoc
855 3697 974 3753 loco
1003 3697 1156 3762 fecit;
1185 3698 1281 3752 sed
1324 3699 1446 3768 quia
1492 3699 1746 3754 adversus
1769 3702 1997 3770 gentiles

422 3787 611 3856 agebat
637 3787 858 3840 deorum
889 3788 1290 3855 inultiplicitatis
1332 3788 1518 3842 inorbo
1560 3789 1881 3844 laborantes.
1919 3790 1996 3845 Ne

423 3879 600 3947 itaque
642 3878 738 3946 ipsi
783 3879 1019 3932 dicerent
1052 3896 1066 3933 ε
1102 3879 1235 3932 Dum
1267 3894 1362 3933 nos
1392 3879 1602 3935 incusas
1628 3880 1769 3949 quod
1799 3882 1995 3935 multos

419 3971 549 4024 deos
574 3970 834 4036 dicamus,
859 3980 914 4025 et
941 3971 1134 4026 inultos
1159 3971 1422 4034 dominos,
1453 3980 1506 4026 tu
1538 3972 1650 4040 ipse
1676 3971 1861 4026 iisdem
1886 3971 1993 4025 cri-

419 4063 647 4116 minibus
689 4062 954 4117 obnoxius
999 4063 1452 4132 deprehenderis,
1503 4063 1628 4118 dum
1675 4064 1840 4132 deos,
1887 4081 1992 4118 non

417 4158 578 4209 deum
620 4155 752 4208 dicis
782 4172 794 4207 :
831 4155 950 4208 ideo
980 4154 1190 4208 illorum
1236 4154 1528 4207 inlirmitati
1575 4169 1693 4208 sese
1730 4163 1992 4223 attempe-

419 4261 544 4298 rans
586 4245 808 4311 Filium,
842 4247 944 4299 vim
990 4246 1228 4300 eamdem
1275 4246 1588 4310 habentem,
1632 4247 1738 4300 alio
1777 4248 1993 4302 nomine

421 4338 644 4391 vocavit.
679 4337 830 4404 Quod
857 4347 1032 4392 autem
1057 4337 1183 4391 illud
1213 4338 1282 4392 sit
1313 4354 1516 4402 verum,
1545 4340 1588 4393 si
1621 4339 1794 4395 locum
1833 4341 1993 4394 altius

419 4439 718 4498 repetamus
764 4430 908 4484 clare
951 4430 1284 4498 intelligetis,
1333 4446 1434 4484 non
1481 4447 1550 4485 ex
1593 4441 1768 4485 nostra
1799 4433 1992 4502 quippe

415 4523 720 4589 conjectura
751 4522 1051 4590 loquimur:
1083 4521 1161 4575 De
1180 4523 1241 4574 iis
1261 4531 1458 4587 autent,
1487 4539 1599 4594 quas
1622 4523 1770 4577 idolis
1798 4524 1993 4589 sacriﬁ-

415 4626 632 4681 cautur,
677 4616 862 4667 scimus
898 4614 1134 4682 quoniam
1159 4629 1331 4668 omnes
1384 4615 1643 4667 scientiam
1691 4615 1928 4668 habemus
1949 4615 1987 4667 ι.

417 4705 641 4757 Scientia
668 4705 843 4772 inﬂat,
874 4704 1060 4757 caritas
1091 4719 1206 4757 vero
1240 4705 1478 4771 adiﬁcat.
1516 4704 1590 4758 De
1629 4705 1754 4759 escis
1781 4716 1985 4770 autent,

413 4809 528 4862 quis
571 4793 722 4847 idolis
753 4795 1127 4861 sacriﬁcantur,
1167 4797 1354 4849 scimus
1382 4797 1616 4864 quoniam
1642 4795 1768 4848 nihil
1780 4805 1853 4849 est
1878 4797 1991 4848 ido-

418 4885 521 4935 lum
548 4885 600 4936 in
616 4884 824 4944 wimdo,
847 4893 892 4936 et
907 4885 1144 4953 quoniam
1163 4883 1334 4938 nullus
1354 4885 1487 4937 Deus
1509 4885 1607 4937 nisi
1629 4901 1756 4938 unus
1774 4886 1849 4955 (l.
1867 4884 1984 4938 Cor.

417 4975 470 5026 8.
507 4974 558 5027 1.
589 4974 668 5042 4).
706 4972 863 5030 Vides
896 4990 1018 5029 eum
1065 4975 1318 5030 adversus
1357 4990 1450 5029 eos
1493 4974 1653 5044 loqui,
1682 4975 1770 5044 qui
1812 4975 1989 5043 plures

412 5065 544 5119 deos
570 5080 691 5120 esse
716 5068 997 5134 putarent?
1020 5066 1157 5120 Nam
1186 5069 1276 5120 etsi
1301 5077 1418 5121 sunt
1448 5067 1612 5133 multi,
1643 5068 1728 5135 qui
1753 5068 1990 5122 dicuntur

413 5155 506 5220 dii,
555 5166 598 5208 et
644 5156 835 5210 domini
861 5158 1023 5218 multi,
1049 5159 1150 5211 sive
1174 5157 1227 5210 in
1253 5157 1402 5219 celo,
1433 5157 1536 5210 sive
1557 5158 1610 5210 in
1638 5168 1769 5210 terra
1812 5156 1876 5230 (1
1882 5159 1988 5212 bid.

411 5259 460 5298 υ.
501 5243 590 5316 5);
614 5261 797 5300 rursus
817 5261 909 5300 eos
927 5247 995 5300 ita
1022 5247 1292 5316 impugnat
1315 5263 1328 5300 :
1356 5245 1423 5302 Ut
1447 5257 1579 5301 certe
1597 5256 1713 5302 sunt
1731 5248 1802 5301 dii
1823 5248 1986 5316 multi,

415 5345 461 5388 ct
490 5336 682 5390 domini
708 5338 892 5402 multi;
923 5337 974 5391 id
1006 5347 1106 5402 est,
1133 5339 1222 5407 qui
1257 5339 1334 5393 sic
1357 5338 1628 5404 dicuntur,
1654 5340 1796 5393 nobis
1821 5349 1986 5394 tamen

415 5443 546 5482 unus
569 5428 706 5483 Deus
730 5428 908 5496 Pater,
933 5445 995 5483 es:
1018 5445 1114 5499 quo
1134 5431 1302 5483 omnia
1323 5445 1343 5484 :
1363 5439 1409 5484 et
1425 5446 1555 5485 unus
1571 5429 1820 5485 Dominus
1837 5429 1870 5484 J
1876 5447 1987 5486 esus

415 5561 799 5679 ἰηῆηἶτθὲωθιεδ.
835 5563 1018 5614 habent
1063 5579 1078 5615 :
1111 5564 1161 5616 Si
1199 5563 1448 5616 scientiam
1490 5564 1750 5629 habemus,
1782 5569 1980 5620 scientia

553 5665 565 5688 ’
612 5659 706 5674 vw-

1122 246 1180 301 S.
1219 243 1496 302 JOANNIS
1531 240 1993 300 ειιῐιγεοδτωιι

2100 239 2360 296 RCHIEP.
2400 239 2934 297 CONS‘I'ANTINOP.

2100 353 2351 419 Christus,
2379 371 2469 424 per
2495 370 2640 422 quem
2667 355 2854 407 omnia.
2886 353 3008 408 Ideo
3039 352 3163 406 illiti]
3190 353 3365 415 etiam,
3400 368 3562 414 unus,
3599 354 3701 405 ad-

2094 445 2241 512 jecit,
2266 460 2332 497 ne
2371 459 2582 498 rursum
2627 444 2702 498 illi
2747 443 3189 511 multiplicitatem
3233 443 3456 497 deorum
3501 443 3702 496 induci

2099 543 2382 603 putarent:
2411 549 2680 604 unumque
2728 535 2893 588 Deum
2936 533 3148 587 Patrem
3197 533 3433 598 vocavit,
3475 548 3596 587 non
3647 545 3704 585 ut

2098 624 2314 694 ejiceret
2341 624 2528 680 Filium
2555 640 2584 679 a
2615 625 2814 679 deitate
2843 642 2858 689 ;
2888 625 3024 680 sicut
3043 633 3097 678 et
3128 624 3312 677 Filium
3339 665 3354 687 ,
3385 640 3556 677 unum
3585 623 3701 676 Do.

2098 717 2322 783 miuum,
2348 732 2452 771 non
2481 725 2539 771 ut
2564 718 2783 785 ejiceret
2809 717 3018 771 Patrem
3045 732 3075 770 a
3096 716 3475 779 dominatione,
3498 715 3610 768 sui
3645 723 3704 766 ut

2101 809 2310 862 illorum
2343 809 2702 864 inﬁrmitatem
2730 809 3060 874 emendaret,
3085 809 3388 877 nullamque
3418 809 3526 862 illis
3550 822 3695 876 prm-

2100 898 2251 953 beret
2289 913 2491 952 ansam.
2534 899 2686 967 Quod
2733 901 2904 969 ipsum
2936 899 2987 952 in
3023 913 3180 953 causa
3211 898 3310 952 fuit
3335 912 3431 951 cur
3455 896 3697 961 Judzeis,

2101 1005 2207 1043 non
2251 989 2395 1044 clare
2435 999 2488 1044 et
2530 992 2836 1054 manifeste,
2867 989 2961 1045 sed
2997 989 3222 1044 obscure
3259 1003 3483 1058 raroque
3508 987 3701 1042 Filius

2101 1079 2194 1134 Dei
2238 1095 2270 1134 a
2313 1081 2586 1149 prophetis
2615 1080 3024 1150 significaretur.
3051 1079 3182 1133 Cum
3219 1079 3361 1132 enim
3404 1092 3586 1147 nuper
3627 1076 3700 1130 ab

2101 1187 2284 1225 errore
2312 1171 2538 1239 plurium
2566 1172 2786 1225 deorum
2810 1171 3024 1224 abducti
3052 1179 3251 1234 essent,
3276 1169 3320 1222 si
3350 1183 3568 1222 rursum
3591 1182 3700 1220 au-

2100 1261 2325 1324 di~sent,
2343 1262 2502 1316 deum
2526 1272 2578 1316 et
2599 1263 2778 1326 deum,
2803 1276 2986 1315 rursus
3009 1261 3060 1314 in
3082 1261 3325 1315 eumdem
3340 1260 3697 1322 recidissent,

2102 1354 2364 1406 morbum.
2393 1352 2521 1408 Ideo
2550 1351 2861 1422 frequenter
2889 1352 3164 1423 propheta:
3199 1351 3400 1414 dicunt,
3437 1349 3593 1404 Unus
3624 1359 3699 1402 est

2107 1444 2258 1510 Deus,
2289 1454 2336 1497 et
2365 1453 2544 1514 prater
2564 1461 2676 1498 eum
2707 1445 2875 1498 nullus
2904 1454 2974 1497 est
2997 1442 3172 1511 (Deut.
3197 1444 3250 1497 4.
3274 1443 3361 1497 55.
3389 1440 3573 1494 llesai.
3598 1440 3696 1494 45.

2102 1537 2156 1590 5.
2179 1537 2240 1589 2i
2256 1538 2294 1605 ).
2313 1535 2428 1589 Non
2453 1536 2595 1605 quod
2617 1535 2809 1590 Filium
2843 1544 3063 1604 negent;
3089 1535 3248 1598 absit,
3273 1533 3364 1587 sed
3387 1542 3444 1586 ut
3464 1532 3698 1586 illorum

2103 1628 2463 1682 inﬁrmitatem
2490 1637 2761 1690 curarent,
2796 1627 3031 1696 ipsisque
3060 1625 3271 1679 interim
3294 1623 3614 1686 suaderent,
3642 1633 3702 1675 ut

2101 1735 2130 1772 a
2160 1719 2443 1772 multorum
2475 1735 2574 1774 nec
2600 1733 2724 1773 vere
2758 1718 3130 1772 assistentium
3171 1718 3390 1769 deorum
3429 1713 3704 1783 opinione

2101 1811 2445 1866 absisterent.
2477 1811 2610 1866 Cum
2639 1811 2796 1880 igitur
2818 1809 3029 1872 audies,
3059 1824 3191 1861 unus
3214 1817 3269 1861 et
3291 1806 3464 1858 nullus
3483 1847 3497 1870 ,
3523 1815 3588 1859 et
3619 1805 3701 1858 si-

2104 1905 2267 1967 milia,
2301 1919 2367 1957 ne
2397 1903 2670 1957 Trinitatis
2689 1903 2906 1973 gloriam
2939 1901 3178 1961 minuas,
3225 1899 3315 1952 sed
3354 1906 3564 1967 quanto
3615 1895 3702 1948 in-

2104 1996 2324 2050 tervallo
2346 2011 2375 2048 a
2403 2005 2643 2048 creatura
2685 1994 2846 2048 distet
2889 1993 3012 2047 hinc
3058 1991 3282 2046 ediscas.
3316 1989 3527 2044 Etenim
3560 1988 3698 2042 alibi

2102 2102 2310 2155 quoque
2335 2086 2460 2140 dicit
2491 2104 2503 2139 :
2539 2085 2663 2149 Quis
2691 2085 2822 2137 enim
2847 2085 2981 2136 novit
3005 2098 3204 2137 sensum
3233 2079 3439 2132 Domini
3464 2079 3482 2147 (
3503 2077 3694 2131 Πρωὶ.

2104 2180 2190 2235 40.
2221 2181 2308 2234 l3.
2354 2177 2506 2232 Rom.
2535 2179 2623 2232 Η.
2661 2175 2810 2249 54)?
2845 2175 2994 2243 Quod
3034 2183 3209 2228 autem
3251 2188 3317 2225 ne
3339 2171 3423 2224 hic
3471 2185 3697 2239 quoque

2103 2275 2292 2328 Filium
2320 2275 2400 2327 vel
2423 2273 2674 2342 Spiritum
2706 2282 2944 2328 sanctum
2970 2272 3036 2326 ab
3065 2271 3150 2325 illa
3179 2269 3482 2339 cognitione
3502 2268 3696 2324 exclu-

2103 2365 2212 2428 dat,
2239 2366 2347 2433 jam
2378 2379 2535 2432 supra
2564 2364 2983 2418 demonstratum
3015 2372 3096 2417 eat
3119 2403 3132 2427 ,
3166 2360 3375 2431 quando
3405 2359 3510 2414 hac
3540 2359 3696 2412 testi-

2103 2457 2338 2509 monium
2365 2455 2681 2508 adduximus
2712 2472 2725 2508 :
2762 2454 2885 2520 Quis
2912 2455 3043 2506 enim
3068 2453 3199 2506 novit
3226 2467 3340 2520 quis
3364 2461 3484 2504 sunt
3519 2451 3694 2503 homi—

2103 2549 2209 2612 nis,
2242 2547 2339 2600 nisi
2364 2549 2571 2617 spiritus
2611 2547 2860 2612 hominis,
2892 2548 2976 2617 qui
3003 2555 3074 2598 est
3111 2546 3161 2598 in
3199 2545 3307 2612 ipso
3326 2544 3352 2597 ?
3394 2542 3478 2596 Ita
3506 2554 3552 2596 et
3579 2558 3694 2612 qua

2105 2638 2196 2693 Dei
2225 2647 2338 2694 sunt
2368 2639 2540 2694 nullus
2563 2640 2808 2708 cognorit,
2836 2640 2932 2691 nisi
2960 2637 3183 2705 Spiritus
3223 2635 3320 2688 Dei
3361 2636 3450 2702 (l.
3481 2636 3603 2688 Cor.
3633 2635 3690 2688 2.

2101 2728 2192 2801 11)
2219 2747 2232 2784 :
2260 2746 2323 2784 ac
2352 2745 2561 2784 rursum
2595 2728 2759 2782 Filius
2784 2729 2858 2780 ait
2886 2745 2900 2779 :
2934 2725 3099 2779 Nemo
3142 2726 3275 2777 norit
3310 2723 3502 2776 Filium
3527 2764 3544 2789 ,
3592 2725 3691 2776 nisi

2107 2822 2259 2877 Pater
2285 2839 2304 2877 :
2330 2839 2485 2893 neque
2513 2821 2716 2875 Patrem
2743 2822 2852 2890 quis
2878 2819 3012 2873 norit
3031 2861 3046 2884 ,
3075 2820 3173 2872 nisi
3202 2817 3368 2871 Filius
3394 2821 3410 2886 (
3433 2817 3567 2871 Luc.
3601 2818 3688 2870 l0.

2101 2913 2225 2983 ξιξ).
2267 2914 2353 2967 Sic
2375 2923 2426 2967 et
2449 2911 2548 2967 hoc
2574 2912 2728 2966 loco:
2755 2910 2873 2964 Non
2898 2913 3013 2980 quia
3044 2908 3247 2962 Patrem
3275 2911 3386 2979 quis
3405 2909 3562 2972 vidit,
3592 2909 3687 2961 nis'

2100 3005 2186 3075 qui
2209 3014 2281 3057 est
2307 3020 2369 3056 ea:
2401 3002 2502 3056 Deo
2533 3019 2551 3056 :
2575 3003 2658 3055 hic
2687 3003 2807 3055 vidit
2840 3000 3043 3054 Patrem
3071 3001 3253 3070 (Joan.
3279 2999 3330 3054 6.
3361 2999 3475 3068 46).
3512 2999 3687 3055 SiinLl

2101 3096 2241 3149 enim
2271 3103 2324 3149 et
2350 3095 2580 3164 perfecte
2613 3094 2755 3146 illum
2786 3107 2974 3155 nosse,
3016 3100 3070 3145 et
3112 3105 3326 3145 causam
3358 3105 3455 3144 cur
3481 3105 3688 3160 cogno-

2100 3195 2234 3248 scat,
2265 3187 2500 3254 apponit.
2527 3185 2779 3252 Qumnam
2827 3183 2940 3238 huic
3001 3182 3199 3236 causa?
3227 3182 3489 3248 Quoniam
3520 3197 3595 3235 ex
3623 3197 3688 3232 eo

2101 3289 2180 3331 est
2213 3294 2226 3330 :
2257 3293 2324 3331 ex
2366 3293 2431 3329 eo
2459 3288 2636 3330 autem
2664 3289 2784 3330 esse
2815 3289 3026 3328 rursum
3057 3273 3455 3327 demonstratur
3483 3287 3552 3326 ex
3584 3288 3682 3333 eo,

2099 3367 2240 3436 quod
2269 3367 2440 3435 ipsum
2471 3375 2779 3436 cognoscat.
2812 3365 3013 3418 Idcirco
3038 3373 3213 3418 autem
3247 3364 3391 3417 illum
3418 3364 3563 3417 clare
3589 3379 3685 3415 no-

2099 3461 2192 3518 vit,
2216 3458 2338 3527 quia
2365 3472 2429 3511 ex
2464 3457 2578 3527 ipso
2603 3466 2720 3519 est;
2768 3457 2976 3525 signum
3008 3469 3135 3508 vero
3162 3453 3304 3522 quod
3341 3468 3407 3506 ex
3451 3453 3570 3519 ipso
3619 3453 3684 3506 sit

2100 3549 2226 3602 illud
2268 3562 2384 3614 eet,
2428 3547 2570 3618 quod
2617 3549 2759 3602 clare
2800 3554 3084 3615 cognoscat
3128 3545 3318 3613 ipsum.
3369 3542 3680 3597 Subslantia

2098 3642 2291 3710 quippe
2317 3641 2664 3695 substantiam
2691 3640 3022 3710 superiorem
3053 3653 3158 3691 non
3198 3637 3364 3705 probe
3395 3650 3559 3689 nosse
3591 3650 3680 3702 po-

2101 3739 2202 3784 test
2222 3771 2237 3795 ,
2266 3731 2472 3785 etiamsi
2504 3745 2668 3799 parvo
2694 3729 2973 3784 intervallo
2999 3729 3179 3781 distet.
3205 3727 3339 3780 Audi
3377 3726 3522 3780 enim
3554 3726 3678 3797 quid

2098 3822 2164 3876 de
2196 3822 2397 3890 angelis
2425 3821 2680 3890 propheta
2713 3821 2873 3885 dicat,
2907 3819 3170 3888 simulque
3203 3817 3270 3871 de
3308 3818 3540 3870 humana
3584 3834 3677 3870 na-

2097 3921 2249 3976 tura,
2298 3911 2438 3980 quod
2483 3911 2748 3965 modicum
2797 3910 2865 3962 sit
2909 3909 3048 3961 inter
3094 3916 3374 3975 utramque
3431 3915 3677 3959 naturam

2095 4003 2405 4056 discrimen.
2448 4001 2578 4056 Cum
2623 4001 2764 4054 enim
2811 4000 3050 4064 dixisset,
3079 3998 3215 4062 Quid
3237 4008 3310 4052 est
3339 3998 3514 4063 homo,
3546 3999 3678 4067 quod

2096 4111 2286 4147 memor
2322 4110 2373 4146 es
2421 4094 2567 4164 ejus?
2614 4103 2701 4145 aut
2745 4093 2880 4160 ﬁlius
2929 4090 3182 4155 hominis,
3208 4090 3446 4160 quoniam
3472 4102 3678 4160 reputas

2095 4200 2206 4236 eum
2233 4182 2402 4252 (Psal.
2430 4185 2482 4238 8.
2511 4183 2564 4238 5.
2593 4183 2682 4252 6)?
2710 4182 2903 4250 adjecit
2930 4198 2944 4234 :
2978 4181 3205 4234 Minuisti
3240 4195 3353 4233 eum
3394 4179 3554 4248 paulo
3580 4181 3676 4229 mi-

2095 4293 2190 4328 nus
2215 4276 2274 4329 ab
2305 4274 2514 4346 angelis.
2541 4275 2786 4328 Attamen
2821 4273 2946 4328 licet
2977 4272 3189 4341 paulum
3216 4271 3283 4324 sit
3307 4269 3640 4322 discriminis
3658 4309 3672 4332 ,

2093 4371 2214 4439 quia
2260 4377 2439 4423 tamen
2477 4365 2688 4435 aliquod
2739 4366 2957 4419 interest
3002 4362 3321 4426 discrimen,
3364 4361 3674 4428 angelorum

2094 4461 2443 4515 Substantiam
2473 4475 2577 4513 non
2605 4467 2851 4513 accurate
2897 4458 3164 4517 novimus.
3208 4454 3435 4523 licetque
3479 4453 3675 4507 millies

2097 4553 2555 4623 philosophentur,
2588 4552 2825 4620 reperire
2855 4565 2960 4604 non
2995 4561 3294 4618 possumus.

2163 4646 2217 4698 4.
2251 4644 2368 4698 Non
2424 4644 2725 4714 Angelorum
2773 4641 2950 4706 modo,
3009 4639 3097 4694 sed
3146 4655 3208 4691 ne
3243 4636 3426 4690 animi:
3470 4637 3675 4707 quidem

2095 4747 2278 4790 nostris
2305 4736 2636 4789 substantiam
2683 4729 3157 4787 novimus.—Sed
3204 4744 3299 4782 cur
3347 4727 3415 4780 de
3469 4727 3674 4796 angelis

2094 4829 2280 4898 loquor
2308 4869 2322 4891 ,
2372 4843 2490 4880 cum
2524 4841 2591 4881 ne
2619 4825 2810 4879 anima:
2840 4823 3052 4893 quidem
3081 4829 3276 4875 nostr:e
3319 4818 3671 4872 substantiam

2096 4919 2230 4972 bene
2258 4932 2539 4972 nosc.unus
2561 4959 2576 4982 ,
2611 4918 2717 4970 imo
2745 4931 2873 4970 vero
2895 4912 3231 4968 nullatenus?
3255 4911 3404 4978 Quod
3431 4909 3473 4963 si
3507 4911 3585 4964 illi
3614 4925 3670 4964 se

2097 5023 2252 5062 nosse
2278 5007 2639 5071 contendant,
2670 5006 2932 5073 interroga
2958 5019 3075 5072 qua:
3101 5002 3172 5054 sit
3197 5001 3386 5054 anima:
3413 5001 3668 5054 subsun-

2095 5099 2163 5151 tia
2184 5139 2199 5162 ,
2229 5111 2352 5150 num
2381 5111 2474 5149 aer
2501 5134 2517 5159 ,
2551 5109 2674 5148 num
2704 5093 2939 5163 spiritus,
2961 5108 3026 5144 an
3057 5100 3243 5143 ventus
3265 5129 3280 5153 ,
3333 5102 3399 5140 an
3449 5088 3593 5155 ignis
3614 5088 3670 5138 '1'

2091 5189 2228 5244 Nihil
2245 5203 2428 5243 eorum
2455 5185 2630 5239 dicent
2654 5203 2668 5239 :
2701 5185 2812 5237 haec
2847 5183 3040 5252 quippe
3063 5178 3238 5233 omnia
3265 5191 3488 5246 corpora
3512 5185 3665 5242 sum,

2092 5281 2178 5335 illa
2209 5295 2336 5333 vero
2363 5279 2692 5346 incorporea.
2725 5274 2953 5342 Angelos
2978 5287 3082 5326 non
3132 5279 3422 5334 noverunt,
3454 5284 3559 5323 nec
3587 5268 3664 5336 ip-

2091 5386 2178 5426 sas
2226 5372 2431 5424 animas
2460 5381 2584 5421 suas
2634 5373 2891 5428 noscunt,
2929 5361 3115 5416 herum
3154 5370 3330 5414 autem
3383 5358 3663 5412 dominum

2090 5471 2143 5518 et
2171 5469 2464 5518 creatorem
2509 5473 2569 5514 se
2595 5455 2826 5528 perfecte
2877 5468 3037 5511 nosse
3065 5449 3390 5508 contendunt
3427 5447 3667 5520 :ecquid

2155 5625 2173 5658 ί
2208 5627 2370 5682 Deest,
2394 5632 2458 5671 ait
2489 5616 2629 5682 ἔστιξε,
2653 5617 2700 5667 in
2725 5616 2941 5680 ptui-linis
2964 5610 3313 5673 manumque.

3585 239 3708 293 τι»
