3838 6220
131 241 244 297 σεε)

131 355 326 423 ἡμῶν,
374 362 446 412 οὐ
478 358 908 429 λογισθήσεται
943 359 1145 428 ἕτερος
1181 363 1332 428 πρὸς
1361 365 1568 424 αὐτὸν,
1600 367 1810 436 ἐπήγα-

127 460 258 510 γεν·
324 445 565 513 Ἔξεῦρε
613 446 820 500 πᾶσαν
857 446 1003 501 όδὸν
1033 448 1390 517 ἐπιστήμης,
1440 453 1536 503 καί
1589 452 1810 505 ἔδωκεν

127 531 333 598 αὐτὴν
368 533 566 586 Ἰακὼϐ
597 533 675 598 τῷ
708 534 874 590 παιδὶ
905 535 1114 597 αὐτοῦ,
1149 536 1248 590 καὶ
1290 538 1529 605 Ἰσραὴλ
1564 537 1642 602 τῷ
1666 540 1809 607 ἠγα-

129 620 384 687 πημένφ
419 622 519 674 ὑπ’
557 622 766 676 αὐτοῦ.
808 622 969 676 Μετὰ
1007 625 1192 679 ταῦτα
1223 625 1321 678 ἐπὶ
1349 625 1458 692 τῆς
1497 625 1608 695 γῆς
1640 627 1806 695 ὤφθη

129 707 232 758 καὶ
259 708 382 772 τοῖς
407 708 738 776 ἀνθρώποις
762 711 1253 780 συνανεστράρη.
1288 713 1347 766 '0
1378 713 1587 776 Παῦλος
1607 715 1683 778 δὲ,
1712 715 1808 778 Ἐξ

126 785 220 846 ὧν
252 797 287 848 ό
314 795 586 862 Χριστὸς,
620 797 683 850 τὸ
708 797 858 850 κατὰ
891 797 1109 865 σάρκα,
1143 800 1328 868 φησὶν,
1363 802 1395 853 ό
1421 799 1508 853 ὢν
1531 801 1626 853 ἐπὶ
1659 801 1808 854 πάν-

129 897 254 933 των
283 883 771 956 Θεὸςεὺλογητὸς
807 887 894 951 εἰς
920 885 1064 952 τοὺς
1090 885 1332 951 αἰῶνας,
1366 887 1528 956 ἀμήν
1545 904 1560 920 ο
1587 889 1681 941 καὶ
1702 889 1807 942 πά-

128 966 237 1031 λιν,
258 969 384 1036 Πᾶς
409 972 631 1040 πόρνος
664 972 702 1041 ἢ
730 973 1099 1040 πλεονέκτης
1115 977 1224 1028 οὐκ
1252 973 1376 1042 ἔχει
1402 977 1806 1044 κληρονομίαν

125 1055 203 1107 ἐν
233 1056 310 1124 τῇ
345 1059 633 1125 βασιλείᾳ
661 1058 767 1112 τοῦ
801 1058 1058 1127 Χριστοῦ
1101 1059 1198 1112 καί
1248 1060 1395 1113 Θεοῦ
1415 1077 1428 1090 ·
1481 1062 1575 1113 καὶ
1605 1062 1764 1115 πάλιν
1787 1078 1802 1093 ο

128 1145 298 1198 Κατὰ
333 1145 449 1213 τὴν
475 1146 828 1215 ἐπιφάνειαν
865 1145 972 1200 τοῦ
1000 1146 1269 1216 μεγάλου
1307 1147 1455 1201 Θεοῦ
1484 1148 1580 1201 καί
1609 1146 1805 1217 Σωτῆ-

116 1247 230 1298 ρος
280 1232 449 1300 ἡμῶν
490 1235 683 1301 Ἰησοῦ
732 1233 1012 1302 Χριστοῦ,
1071 1235 1181 1287 Καὶ
1224 1235 1477 1306 Ἰωάννης
1530 1236 1587 1289 δὲ
1633 1235 1804 1301 οὕτως

125 1318 295 1371 αὑτὸν
325 1319 477 1372 καλεί
503 1321 706 1388 λέγων·
767 1323 862 1374 Ἐν
894 1320 1054 1390 ἀρχῇ
1087 1319 1161 1391 ἦν
1198 1325 1230 1375 ό
1264 1323 1474 1391 Λόγος,
1505 1321 1605 1375 καί
1634 1325 1669 1375 ό
1695 1321 1804 1376 Λό-

123 1422 234 1472 γος
266 1402 342 1474 ἦν
366 1407 515 1474 πρὸς
544 1407 650 1462 τὸν
677 1405 845 1472 Θεὸν,
879 1409 976 1461 καὶ
1005 1409 1148 1474 Θεὸς
1172 1405 1250 1479 ἦν
1283 1413 1317 1463 ό
1350 1415 1389 1463 Λ
1402 1410 1560 1479 ό-γος.

195 1499 267 1561 γ’.
288 1495 411 1558 Ναὶ,
440 1495 630 1566 φησίν’
655 1496 769 1550 ἀλλ’
790 1498 964 1548 ἐκεῖνο
983 1494 1176 1560 δεῖξον,
1197 1497 1297 1548 ποῦ
1323 1496 1459 1566 μετά
1480 1495 1572 1549 τοῦ
1591 1497 1804 1567 Πατρὸς

123 1578 292 1632 αὑτὸν
314 1583 679 1635 συντάττουσα
712 1585 745 1653 ἠ
773 1583 984 1654 Γραφὴ,
1019 1583 1222 1652 Κύριον
1259 1583 1348 1636 τὸν
1379 1583 1600 1653 Πατέρα
1627 1583 1799 1638 καλεῖ.

136 1664 283 1734 Ἐγὼ
324 1667 381 1719 δὲ
419 1670 479 1721 00
510 1669 669 1722 τοῦτο
710 1670 957 1740 δείκνυμι
1001 1671 1181 1741 μόνον,
1212 1670 1324 1723 ἀλλ’
1355 1670 1434 1723 ὅτι
1474 1671 1568 1722 καὶ
1600 1667 1802 1740 Κύριον

121 1751 216 1806 τὸν
248 1753 467 1825 Πατέρα
505 1756 677 1818 καλεῖ,
721 1758 814 1810 καὶ
844 1756 1050 1828 Κύριον
1100 1758 1191 1810 τὸν
1221 1757 1369 1820 Υἰὸν,
1418 1757 1510 1810 καὶ
1557 1757 1637 1809 ὅτι
1672 1756 1803 1810 Θεὸν

120 1841 216 1892 τὸν
243 1842 465 1912 Πατέρα
503 1846 674 1908 καλεῖ,
707 1845 801 1898 καὶ
847 1845 928 1897 ὅτι
968 1845 1104 1897 Θεὸν
1149 1847 1238 1897 τὸν
1284 1845 1430 1908 Υἰὸν,
1470 1845 1605 1915 ὁμοῦ
1633 1845 1803 1906 τιθεὶς

121 1928 364 2000 ἑκάτερα
389 1931 455 1984 τὰ
483 1933 742 2002 ὀνόματα.
774 1933 882 1985 Ποῦ
914 1930 1006 1986 οὖν
1041 1934 1204 1986 τοῦτο
1231 1933 1376 1986 ἔστιν
1416 1935 1632 2004 εὑρεῖν;
1673 1933 1800 1984 Δια-

119 2017 416 2089 λεγόμενός
450 2038 578 2073 ποτε
611 2024 722 2083 τοῖς
757 2022 1030 2086 Ἰουδαίοις
1063 2023 1091 2073 ὁ
1122 2023 1354 2092 Χριστός
1372 2040 1499 2093 φησι
1522 2038 1536 2051 ·
1576 2022 1636 2075 Τί
1661 2019 1803 2089 ὑμῖν

118 2105 295 2160 δοκεῖ
319 2107 453 2175 περί
481 2106 586 2160 τοῦ
608 2108 899 2176 Χριστοῦ;
933 2110 1095 2174 τίνος
1121 2111 1252 2174 υἰός
1281 2111 1488 2172 έστιν;
1526 2113 1589 2162 Ol
1620 2107 1685 2162 δὲ
1706 2108 1804 2161 λέ-

119 2211 344 2264 γουσιν
373 2195 533 2260 αὐτῷ
555 2212 572 2228 θ
625 2196 733 2249 Τοῦ
763 2196 966 2250 Δαυΐδ.
1038 2195 1210 2265 Λέγει
1250 2196 1454 2261 αὐτοῖς
1476 2215 1490 2228 ·
1533 2197 1665 2261 Πῶς
1691 2194 1804 2252 οὖν

117 2282 304 2335 Δαυῒδ
331 2284 403 2336 ἐν
431 2284 723 2351 πνεύματι
747 2285 966 2352 Κύριον
991 2284 1178 2336 αὑτὸν
1206 2284 1384 2337 καλεῖ
1397 2283 1591 2353 λέγων
1609 2301 1622 2314 ’
1654 2283 1802 2338 Εἶπε

118 2373 154 2424 ό
177 2374 403 2440 Κύριος
430 2371 509 2436 τῷ
544 2373 738 2440 Κυρίῳ
763 2390 903 2439 μου,
936 2372 1122 2426 κάθου
1144 2374 1211 2426 ἐκ
1238 2371 1454 2436 δεξιῶν
1473 2390 1626 2441 μου;
1671 2375 1801 2429 Ἰδοὺ

119 2458 329 2528 Κύριος
364 2460 458 2510 καὶ
490 2459 711 2529 Κύριος.
765 2459 952 2511 Βούλει
991 2460 1182 2527 μαθεῖν
1225 2459 1327 2511 ποῦ
1373 2459 1506 2511 Θεὸν
1545 2461 1638 2513 καὶ
1670 2460 1802 2514 Θεὸν

117 2548 282 2600 καλεῖ
306 2548 400 2600 τὸν
431 2549 650 2619 Πατέρα
679 2549 772 2601 καὶ
792 2548 884 2600 τὸν
918 2548 1046 2601 Υἰὸν
1073 2546 1208 2618 ὁμοῦ
1239 2547 1448 2601 τιθεῖσα
1471 2549 1504 2619 ἡ
1531 2545 1718 2619 Γραφή
1739 2561 1798 2616 ις

117 2637 357 2689 ἄκουσον
391 2636 598 2688 καὶτοῦ
628 2638 906 2706 προφήτου
929 2634 1093 2688 Δαυῒδ
1112 2637 1205 2688 καὶ
1229 2635 1321 2688 τοῦ
1345 2636 1642 2688 ἀποστόλου
1656 2635 1802 2689 Παύ-

117 2721 213 2776 λου
240 2723 402 2776 τοῦτο
431 2725 560 2777 αὐτὸ
580 2723 881 2794 δηλούντων
910 2726 1040 2795 ἡμῖν
1059 2740 1072 2754 ·
1101 2723 1161 2777 '0
1191 2725 1404 2792 θρόνος
1419 2739 1556 2784 σου.
1584 2727 1616 2777 ό
1634 2725 1798 2790 Θεὸς,

117 2815 206 2877 εἰς
229 2811 342 2864 τὸν
361 2810 544 2864 αἰῶνα
559 2811 665 2865 τοῦ
695 2809 930 2875 αἰῶνος,
946 2810 1171 2877 ῥάϐδος
1189 2812 1514 2877 εὐθύτητος
1530 2813 1566 2879 ἡ
1578 2811 1803 2879 ῥάϐδος

118 2900 233 2966 τῆς
281 2901 604 2965 βασιλείας
647 2917 784 2954 σου.
843 2899 1190 2969 Ἡγάπησας
1229 2900 1646 2968 δικαιοσύνην,
1701 2902 1800 2954 καί

118 2989 428 3055 ἐμίσησας
460 2989 746 3058 ἁνομίαν’
797 2988 895 3042 διὰ
932 2988 1106 3042 τοῦτο
1148 2987 1359 3056 ἔχρισέ
1399 3005 1472 3045 σε
1503 2994 1536 3044 ό
1563 2993 1728 3056 Θεὸς,
1769 2994 1801 3043 ό

120 3077 271 3142 Θεός
303 3091 444 3138 σουι
472 3076 679 3130 ἔλαιον
709 3076 1122 3144 ἀγαλλιάσεως
1152 3079 1310 3143 παρά
1333 3077 1475 3143 τοὺς
1501 3079 1799 3147 μετόχους

117 3180 258 3218 σου.
308 3164 421 3216 Καὶ
462 3165 492 3216 ὁ
519 3163 730 3225 Παῦλος
786 3163 946 3216 πάλιν
985 3165 1087 3231 τὴν
1121 3163 1427 3234 μαρτυρίαν
1461 3163 1665 3234 ταύτην
1696 3167 1796 3218 ἐπ-

120 3252 304 3322 ήγαγε
337 3250 535 3318 λέγων,
589 3249 741 3320 [484]
768 3251 849 3302 ὅτι
886 3250 913 3289 δ
968 3249 1122 3316 Πρὸς
1165 3249 1281 3317 μὲν
1331 3251 1474 3316 τοὺς
1503 3252 1800 3319 ἀγγέλους

117 3337 310 3393 αὑτοῦ
342 3353 566 3407 φησιν·
612 3337 674 3390 '0
704 3335 889 3390 ποιῶν
917 3336 1059 3402 τσὺς
1085 3336 1380 3404 ἀγγέλους
1411 3339 1598 3392 αὐτοῦ
1624 3341 1804 3393 πνεύ-

114 3444 309 3496 ματαο
364 3427 512 3494 πρὸς
550 3426 619 3479 δὲ
653 3427 760 3480 τὸν
799 3427 970 3480 Υἰόν·
1033 3425 1094 3478 '0
1121 3427 1333 3492 θρόνος
1371 3440 1511 3488 σου,
1559 3430 1591 3480 ό
1635 3428 1799 3493 Θεὸς,

114 3518 200 3580 εἰς
232 3513 343 3568 τὸν
384 3515 570 3568 αἰῶνα
610 3514 714 3568 τοῦ
742 3512 977 3578 αἰῶνος.
1015 3513 1172 3575 Τίνος
1207 3507 1300 3566 οῦν
1327 3513 1518 3566 ἕνεκεν
1542 3513 1798 3577 ἐνταῦθα,

115 3603 276 3674 φησὶ,
298 3602 392 3655 τὸν
417 3602 515 3673 μὲν
546 3601 676 3654 Θεὸν
696 3601 917 3672 Πατέρα
943 3599 1192 3664 ἐκάλεσε,
1215 3600 1306 3654 τὸν
1337 3601 1536 3654 δέΥίὸν
1563 3601 1798 3674 Κύριον;

187 3777 307 3848 Οὑχ
343 3777 533 3840 ἁπλῶς
575 3777 695 3830 οὑδὲ
736 3776 858 3847 εἰκῆ
908 3775 1142 3828 ἐνταῦθα
1180 3775 1338 3828 τοῦτο
1385 3775 1658 3845 ἐποίησεν,
1687 3777 1802 3832 ἀλλ’

116 3865 310 3935 ἐπειδὴ
334 3863 750 3935 πρὸςἚλληνας
768 3859 836 3934 ἦν
862 3865 890 3916 ὁ
905 3861 1060 3930 λόγος
1083 3862 1231 3933 αὑτῷ
1259 3863 1550 3917 πολυθεῖαν
1582 3866 1802 3919 νοσοῦν-

113 3953 344 4018 τας.¹Ίν’
377 3948 469 4006 οὖν
504 3951 577 4023 μὴ
599 3951 851 4020 λέγωσιν,
890 3951 971 4004 ὅτι
1004 3951 1137 4020 ἡμῖν
1170 3949 1419 4018 ἐγκαλῶν
1457 3951 1534 4014 ὡς
1574 3952 1805 4018 πολλοὺς

116 4041 278 4104 θεοὺς
315 4040 536 4108 λέγουσι
576 4039 672 4093 καὶ
705 4039 933 4101 πολλοὺς
966 4038 1211 4108 κυρίους,
1251 4040 1414 4102 αὐτὸς
1452 4039 1652 4109 ἁλίσκῃ
1690 4044 1805 4104 τοῖς

115 4129 430 4198 ἐγκλήμασι
459 4126 669 4188 τούτοις
699 4125 854 4189 θεοὺς
885 4126 1078 4192 λέγων,
1118 4127 1212 4179 καὶ
1239 4127 1301 4178 00
1335 4126 1496 4178 Θεὸν·
1534 4126 1624 4179 διὰ
1645 4127 1806 4181 τοῦτο

115 4213 574 4286 συγκαταϐαίνων
595 4211 772 4266 αὑτῶν
796 4215 861 4283 τῇ
897 4212 1172 4284 ἀσθενείᾳ,
1205 4214 1376 4284 ἑτέρῳ
1399 4213 1554 4266 καλεῖ
1570 4215 1661 4268 τὸν
1676 4216 1806 4270 Υἰὸν

113 4299 346 4369 ὀνόματι
373 4299 471 4369 τὴν
503 4299 672 4370 αὐτὴν
700 4299 928 4369 δύναμιν
963 4299 1158 4369 ἔχοντι.
1220 4301 1328 4355 Καὶ
1354 4301 1437 4353 ὄτι
1463 4301 1619 4354 τοῦτό
1658 4304 1804 4358 ἐστιν

115 4386 341 4456 ἀληθὲς,
374 4384 580 4440 ἀνωθεν
607 4385 931 4456 ἀναγνῶμεν
963 4387 1094 4439 αὑτὸ
1125 4388 1186 4440 τὸ
1218 4387 1438 4458 χωρίον,
1473 4387 1568 4442 καὶ
1590 4387 1804 4442 εἴσεσθε

117 4474 311 4542 σαφῶς
332 4474 413 4526 ὅτι
445 4473 541 4541 οὑχ
574 4472 840 4542 ἡμέτερός
882 4473 998 4525 ἐστι
1031 4475 1337 4543 στοχασμὸς
1377 4475 1438 4528 τὸ
1478 4475 1799 4545 λεγόμενον·

116 4559 262 4628 Περί
283 4558 353 4612 δὲ
375 4559 492 4612 τῶν
511 4560 923 4613 εἰδωλοθύτων
946 4559 1195 4628 οἴδαμεν
1213 4559 1302 4613 ὅτι
1328 4561 1550 4628 πάντες
1577 4563 1804 4631 γνῶσιν

115 4647 357 4715 ἔχομεν.
375 4645 667 4715 Ἠγνῶσις
677 4647 893 4716 φυσιοῖ
912 4659 959 4712 ο,
983 4647 1100 4716 ἠδὲ
1110 4647 1308 4717 ἀγάπη
1327 4649 1641 4717 οἰκοδομεῖ.
1664 4652 1802 4718 Περὶ

116 4733 229 4801 τῆς
238 4732 525 4801 ,βρώσεως
546 4731 658 4788 οὗν
681 4733 800 4788 τῶν
814 4735 1224 4790 εἰδωλοθύτων
1245 4735 1495 4806 οἴδαμεν
1517 4736 1606 4790 ὅτι
1621 4737 1802 4792 οὐδὲν

116 4820 373 4874 εῖδωλον
392 4820 463 4873 ἐν
477 4823 702 4889 κόσμῳ.
718 4824 813 4876 καί
833 4823 920 4876 ὅτι
937 4822 1136 4888 οὐδεὶς
1150 4824 1294 4888 Θεὸς
1310 4823 1512 4892 ἔτερος
1523 4826 1572 4878 εἰ
1591 4825 1675 4894 μὴ
1689 4820 1796 4892 εἷς.

126 4907 293 4976 Ὁρᾷς
313 4907 397 4960 ὅτι
429 4907 566 4977 πρὸς
593 4909 834 4972 ἐκείνους
859 4911 1280 4982 ἀποτεινόμενος
1305 4911 1480 4966 ταῦτα
1499 4913 1646 4980 λέγει
1674 4915 1800 4978 τοὺς

116 4991 348 5055 πολλοὺς
365 4989 504 5046 εἶναι
530 4993 852 5064 νομίζοντας
879 4995 1063 5062 0300c;
1103 4999 1214 5052 Καὶ
1235 4999 1347 5066 γὰρ
1359 4998 1526 5066 εἴπερ
1559 4998 1677 5052 εἰσί
1703 5003 1802 5052 λε-

116 5079 356 5146 γόμενοι
371 5081 491 5132 θεοὶ
509 5082 723 5135 πολλοὶ
734 5121 749 5144 ,
769 5081 890 5152 [καί
915 5083 1106 5151 κύριοι
1124 5084 1388 5155 πολλοί,]
1405 5087 1526 5139 εἴτε
1542 5087 1612 5140 ὲν
1626 5089 1802 5154 οὐρα-

115 5163 357 5244 νῷ,εῑτε
371 5165 470 5218 ἐπὶ
499 5166 609 5233 τῆς
635 5166 750 5235 γῆς
769 5166 955 5236 (πάλιν
984 5171 1119 5241 πρὸς
1140 5172 1383 5236 ἐκείνους
1403 5173 1657 5244 μάχεται)
1678 5173 1798 5227 ὥσ-

116 5262 225 5316 περ
245 5243 364 5303 οὖν
390 5251 510 5302 εἰσι
533 5249 654 5303 θεοί
675 5251 897 5304 πολλοὶ
918 5253 1015 5306 καὶ
1043 5257 1235 5324 κύριοι
1263 5257 1501 5320 πολλοὶ,
1520 5243 1664 5310 τοῦτ’
1684 5256 1798 5310 ἐστι

117 5335 431 5404 Αεγόμενοιο
475 5336 614 5389 ἀλλ’
655 5335 804 5406 ἡμῖν
842 5333 931 5404 εἷς
965 5340 1108 5403 Θεὸς
1139 5343 1172 5394 ό
1218 5340 1425 5409 Πατὴρ
1451 5381 1464 5404 ,
1502 5341 1570 5405 ἐξ
1610 5338 1682 5398 οὖ
1729 5344 1800 5395 τὰ

177 5485 196 5552 ξ
220 5486 336 5552 Περ.
363 5487 591 5552 nonuujli
614 5489 734 5552 ὅμου
758 5490 930 5549 τιθείς;

177 5546 325 5619 [Alii
351 5561 464 5619 euq:
501 5546 694 5619 _Sav_i|Io
725 5552 868 5600 πάλιν
891 5546 998 5614 περὶ
1027 5549 1114 5600 τοῦ
1151 5555 1360 5616 Χριστοῦ
1395 5559 1482 5616 τὴν
1525 5575 1576 5619 μ.
1623 5560 1796 5617 ταύτην

120 5609 388 5698 παρήγαγεν
409 5611 574 5668 εἰπὼν,
596 5611 688 5659 ὅτι.
955 5609 965 5614 “

272 5682 350 5698 non
371 5683 471 5698 ma.
529 5671 606 5698 Ινιίιι
635 5673 812 5698 “AA...”
841 5675 878 5698 ,ι
904 5674 995 5698 --.τε

271 5682 353 5718 res
371 5683 489 5718 mss.
527 5671 608 5719 hic
634 5673 817 5722 addunt
839 5675 880 5723 εἰ
904 5674 1084 5736 γνῶσιν
1103 5674 1292 5738 ἔχομεν.

472 5760 746 5823 ΡΔτιιοι..
794 5765 912 5824 Gn.
962 5765 1243 5825 XLVIII.

1078 320 1088 330 ‘
1167 245 1254 301 DE
1293 246 1988 306 INCOMPREHENSIBILI
2024 249 2135 305 DEI
2170 249 2480 308 NATURA.
2522 249 2590 306 γ.

3481 253 3586 310 750

1917 363 2149 430 πάντα,
2179 365 2281 420 καί
2318 360 2407 432 εἷς
2449 365 2663 432 Κύριος
2723 362 2954 433 Ἰησοῦς
2991 365 3263 432 Χριστὸς,
3305 365 3379 419 δι’
3411 361 3482 422 οὗ
3520 370 3590 425 τὰ

1915 452 2132 505 πάντα.
2161 453 2263 506 Διά
2293 451 2450 505 τοῦτο
2482 451 2576 505 καὶ
2608 451 2669 504 τὸ
2700 445 2786 516 εἷς
2814 451 3171 522 προσέθηκεν,
3200 454 3288 506 ἵνα
3323 454 3396 524 μὴ
3425 455 3585 509 πολυ-

1916 539 2066 594 θεΐαν
2097 541 2412 608 εἰσάγεσθαι
2446 540 2607 593 πάλιν
2636 541 2830 592 ἐκεῖνοι
2862 538 3156 607 νομίζωσι,
3197 542 3292 594 καὶ
3325 523 3420 596 ἕνα
3453 541 3586 596 Θεὸν

1913 629 2005 682 τὸν
2039 621 2259 698 Πατέρα
2293 629 2572 691 ἐκάλεσεν,
2604 628 2702 680 οὑκ
2735 627 3014 680 ἐκϐάλλων
3053 629 3143 680 τὸν
3172 629 3300 681 Υἰὸν
3337 631 3437 700 τῆς
3465 631 3585 684 θεό-

1911 733 2093 786 τητος,
2130 715 2318 787 ὥσπερ
2349 711 2440 768 οὗν
2478 715 2573 768 καὶ
2601 714 2697 767 ξένα
2722 714 2926 784 Κύριον
2954 715 3045 767 τὸν
3074 715 3220 777 Υἰὸν,
3256 715 3356 769 οὑκ
3390 715 3588 770 ἐκϐάλ-

1911 802 2020 855 λων
2044 804 2144 872 τῆς
2168 791 2485 873 κυριότητος
2504 802 2594 854 τὸν
2626 802 2861 870 Πατέρα.
2891 801 3026 853 ἀλλὰ
3055 801 3152 872 τὴν
3181 803 3404 856 ἐκείνων
3430 803 3588 857 ἀσθέ-

1912 906 2059 941 νειαν
2086 888 2492 960 διορθούμενος,
2535 889 2628 940 καὶ
2665 887 2932 957 μηδεμίαν
2979 888 3160 950 αὐτοῖς
3189 888 3372 942 δοῦναι
3414 889 3586 959 λαϐὴν

1914 974 2250 1046 βουλόμενος.
2284 973 2453 1027 Τοῦτο
2477 973 2606 1041 γοῦν
2635 975 2730 1026 καὶ
2757 975 2926 1027 αἴτιον
2946 975 3134 1042 γέγονε
3161 975 3255 1028 τοῦ
3287 977 3363 1047 μὴ
3396 975 3585 1043 σαφῶς

1915 1061 2050 1131 μηδέ
2081 1060 2348 1132 φανερῶς,
2384 1060 2499 1112 ἀλλ’
2528 1060 2784 1130 ἀμυδρῶς
2811 1078 2926 1123 πως
2950 1061 3044 1113 καὶ
3093 1063 3334 1124 σπανίως
3362 1063 3451 1116 διὰ
3474 1063 3586 1115 τῶν

1913 1150 2205 1222 προφητῶν
2255 1149 2623 1220 γνωρισθῆναι
2670 1152 2782 1212 τοῖς
2836 1150 3108 1212 Ἰουδαίοις
3165 1150 3256 1202 τὸν
3310 1151 3439 1203 Υἰὸν
3488 1150 3584 1203 τοῦ

1910 1237 2063 1290 Θεοῦ.
2099 1239 2259 1308 ’Ἄρτι
2291 1237 2398 1308 γὰρ
2431 1237 2530 1307 τῆς
2585 1235 2843 1288 πολυθέου
2881 1235 3089 1305 πλάνης
3136 1236 3581 1304 ἀπαλλαγέντες,

1911 1326 1958 1377 εἰ
1999 1323 2158 1376 πάλιν
2194 1325 2433 1394 ἤκουσαν
2465 1323 2596 1374 Θεὸν
2628 1322 2721 1375 καὶ
2750 1321 2900 1380 Θεὸν,
2943 1322 3079 1392 πρὸς
3130 1325 3227 1392 τὴν
3257 1323 3427 1392 αὐτὴν
3465 1323 3528 1376 ἂν
3553 1322 3581 1361 εί

1910 1409 2254 1482 ὑπέστρεψαν
2283 1411 2455 1463 νόσον.
2493 1409 2589 1461 Διά
2630 1407 2784 1460 τοῦτο
2814 1409 2926 1461 ἀνω
2959 1409 3052 1462 καὶ
3087 1409 3237 1461 κάτω
3267 1409 3505 1478 συνεχῶς
3533 1411 3582 1462 οἱ

1910 1499 2183 1569 προφῆται
2223 1499 2469 1566 λέγουσιν
2492 1499 2574 1551 ὅτι
2598 1493 2685 1562 εἷς
2715 1497 2878 1562 Θεὸς,
2925 1499 3025 1551 καὶ
3057 1497 3226 1566 πλὴν
3250 1498 3436 1551 αὐτοῦ
3471 1501 3583 1550 οὑκ

1909 1583 2109 1637 ἔστιν’
2136 1585 2258 1654 οὐχὶ
2286 1586 2374 1637 τὸν
2404 1585 2530 1637 Υἰὸν
2559 1583 2898 1646 ἀθετοῦντες.
2933 1583 3008 1655 μὴ
3039 1584 3268 1652 γένοιτο,
3306 1583 3445 1636 ἀλλὰ
3483 1585 3582 1652 τὴν

1910 1672 2131 1725 ἐκείνων
2165 1672 2445 1725 ἀσθένειαν
2483 1672 2819 1742 θεραπεῦσαι
2869 1671 3199 1742 βουλόμενοι,
3257 1673 3348 1724 καὶ
3394 1675 3582 1728 πεῖσαι

1909 1759 2045 1820 τέως
2091 1759 2190 1828 τῆς
2241 1760 2349 1811 τῶν
2383 1759 2590 1812 πολλῶν
2640 1757 2777 1810 θεῶν
2824 1759 2918 1810 καὶ
2963 1759 3062 1811 οὑκ
3117 1759 3284 1812 ὄντων
3325 1759 3582 1824 ὑπονοίας

1910 1846 2304 1916 ἀπαλλαγῆναι.
2341 1847 2508 1898 Ὅταν
2536 1845 2715 1898 τοίνυν
2749 1845 2988 1917 ἀκούσῃς
3011 1846 3072 1898 τὸ
3109 1841 3196 1910 εἷς
3227 1845 3318 1898 καὶ
3345 1845 3544 1910 οὐδεὶς
3569 1891 3577 1901 .

1911 1933 2004 1984 καὶ
2035 1932 2136 1984 ὅσα
2165 1932 2413 1992 τοιαῦτα,
2444 1932 2516 2001 μὴ
2546 1931 2644 2000 τῆς
2677 1931 2904 1999 Τριάδος
2939 1931 3245 2003 ἐλαττώσῃς
3274 1932 3370 2001 τὴν
3401 1931 3576 1998 δόξαν,

1912 2019 2045 2073 ἀλλά
2075 2020 2138 2072 τὸ
2169 2019 2330 2090 μέσον
2366 2018 2535 2086 αὑτῆς
2565 2018 2700 2088 πρὸς
2735 2019 2831 2088 τὴν
2876 2019 3053 2071 κτίσιν
3095 2019 3182 2071 διὰ
3205 2019 3408 2071 τούτων
3446 2021 3579 2090 μαν-

1911 2109 2036 2161 θανε
2079 2105 2185 2160 τῶν
2214 2107 2500 2176 ῥημάτων·
2549 2107 2669 2157 ἐπεὶ
2725 2106 2818 2157 καὶ
2862 2105 3095 2174 ἀλλαχοῦ
3142 2123 3304 2176 φησι·
3341 2108 3436 2172 Τίς
3468 2107 3578 2176 γὰρ

1907 2195 2061 2264 ἔγνω
2096 2191 2247 2246 νοῦν
2276 2191 2526 2258 Κυρίου;
2571 2193 2678 2244 Καὶ
2710 2193 2790 2244 ὅτι
2817 2191 2974 2244 τοῦ-τό
3013 2193 3159 2243 ἐστιν
3194 2192 3449 2255 ἐνταῦθα,
3480 2197 3572 2247 καὶ

1907 2279 2030 2334 οὔτε
2064 2282 2153 2332 τὸν
2190 2279 2332 2342 Υἰὸν,
2367 2278 2488 2331 οὔτε
2520 2278 2578 2331 τὸ
2615 2279 2836 2347 Πνεῦμα
2878 2271 3128 2330 ἐκϐάλλει
3158 2280 3257 2349 τῆς
3289 2277 3575 2346 γνώσεως,

1908 2365 2389 2438 προαποδέδεικται
2435 2367 2492 2417 ἐν
2535 2366 2645 2428 τοῖς
2686 2365 2939 2435 ἀνωτέρω
2977 2364 3319 2435 εἰρημένοις,
3361 2365 3445 2416 ὅτε
3480 2366 3578 2432 τὴν

1911 2453 2216 2523 μαρτυρίαν
2262 2451 2656 2521 παρηγάγομεν
2695 2451 2792 2520 τὴν
2823 2449 3104 2518 λέγουσαν·
3167 2452 3261 2516 Τίς
3301 2450 3409 2521 γὰρ
3455 2446 3579 2503 οἵδε

1906 2540 1979 2594 τὰ
2008 2537 2112 2594 τοῦ
2145 2537 2461 2603 ἀνθρώπου
2483 2579 2496 2600 ,
2534 2539 2586 2590 εἰ
2623 2536 2707 2606 μὴ
2741 2536 2807 2590 τὸ
2845 2537 3080 2606 πνεῦμα
3118 2537 3223 2591 τοῦ
3262 2537 3577 2605 ἀνθρώπου

1906 2626 1972 2680 τὸ
2014 2627 2085 2679 ἐν
2132 2623 2325 2690 abab;
2383 2623 2545 2677 Οὕτω
2593 2624 2689 2678 καί
2733 2625 2804 2678 τὰ
2851 2624 2998 2678 Θεοῦ
3047 2623 3245 2690 οὐδεὶς
3287 2625 3483 2687 οἶδεν,
3526 2627 3580 2678 εἰ

1899 2713 1986 2783 μὴ
2021 2715 2088 2766 τὸ
2118 2713 2360 2781 Πνεῦμα
2387 2711 2492 2765 τοῦ
2523 2713 2690 2765 Θεοῦ.
2733 2712 2840 2764 Καὶ
2865 2713 3024 2766 πάλιν
3051 2715 3078 2764 ὁ
3115 2712 3346 2781 Χριστός
3379 2729 3574 2782 φησιν’

1909 2801 2113 2864 Οὐδεὶς
2151 2801 2426 2870 γινώσκει
2458 2801 2565 2853 τὸν
2610 2801 2762 2864 Υἰὸν,
2793 2805 2844 2854 εἰ
2873 2802 2958 2870 μὴ
2986 2803 3016 2853 ὀ
3049 2801 3268 2867 Πατὴρ,
3306 2799 3447 2853 οὐδὲ
3470 2801 3578 2852 τίίν

1907 2889 2137 2956 Πατέρα
2184 2907 2272 2954 τις
2310 2887 2684 2956 ἐπιγινώσκει
2713 2899 2758 2951 ο,
2785 2891 2838 2941 εἰ
2869 2889 2954 2956 μὴ
2978 2891 3010 2941 ό
3035 2890 3183 2953 Υἱός.
3213 2887 3367 2940 Οῦτω
3394 2887 3457 2957 δὴ
3483 2890 3578 2940 καὶ

1905 2974 2137 3028 ἐνταῦθα
2157 2991 2170 3003 ·
2205 2976 2328 3042 Οὐχ
2368 2975 2456 3027 ὅτι
2498 2975 2603 3027 τὸν
2633 2975 2864 3042 Πατέρα
2895 2992 2981 3039 τις
3011 2973 3288 3042 ἑώρακεν.
3330 2975 3383 3026 εἰ
3409 2972 3496 3042 μὴ
3544 2976 3578 3026 ό

1905 3054 1990 3110 ὢν
2007 3059 2075 3110 ἐκ
2094 3055 2200 3109 τοῦ
2226 3056 2394 3110 Θεοῦ’
2418 3052 2598 3120 οὗτος
2626 3055 2844 3123 ἑώρακε
2860 3058 2966 3108 τὸν
2988 3055 3237 3122 Πατέρα.
3277 3054 3444 3124 Ὀμοῦ
3467 3055 3577 3125 γὰρ

1906 3144 1985 3196 ὅτι
2016 3142 2152 3212 μετά
2182 3141 2467 3211 ἀκριϐείας
2501 3142 2662 3195 αὑτὸν
2689 3137 2848 3201 οἶδεν,
2874 3137 3014 3206 εἷπε,
3039 3141 3134 3194 καὶ
3159 3140 3257 3210 τὴν
3281 3141 3458 3194 αἰτίαν
3487 3141 3577 3193 τέ-

1907 3228 2103 3293 θεικεν,
2129 3228 2196 3281 δι’
2235 3228 2302 3297 ἢν
2342 3223 2470 3279 οἶδε.
2507 3228 2603 3290 Τίς
2631 3227 2688 3280 δὲ
2721 3229 2753 3297 ἡ
2792 3227 2974 3290 αἰτίας
3017 3226 3092 3278 Τὸ
3133 3225 3191 3292 ἐξ
3223 3226 3387 3279 αὑτοῦ
3421 3224 3572 3298 [485}

1907 3312 2074 3368 εἶναι’
2110 3313 2202 3367 τοῦ
2239 3313 2296 3366 δὲ
2341 3313 2398 3376 ἐξ
2429 3313 2591 3366 αὑτοῦ
2641 3308 2779 3365 εἶναι
2821 3312 2984 3366 πάλιν
3027 3312 3300 3376 ἀπόδειξις
3341 3313 3403 3364 τὸ
3439 3314 3578 3382 μετᾶ

1907 3400 2188 3472 ἀκριϐείας
2202 3399 2362 3455 αὑτὸν
2383 3400 2599 3453 εἰδέναι.
2623 3399 2720 3452 Διά
2742 3399 2898 3451 τοῦτο
2926 3398 3033 3469 γὰρ
3054 3398 3215 3452 αὑτὸν
3235 3393 3344 3452 οἶδε
3365 3399 3574 3469 σαφῶς,

1907 3484 2090 3556 ἐπειδὴ
2131 3485 2190 3551 ἐξ
2231 3485 2394 3538 αὑτοῦ
2439 3488 2610 3547 ἐστιν,
2647 3483 2740 3536 καὶ
2770 3486 2995 3553 σημεῖον
3023 3483 3118 3536 τοῦ
3149 3484 3206 3550 ἐξ
3237 3483 3402 3536 αὑτοῦ
3434 3480 3575 3538 εἶναι
3649 3525 3652 3528 ι

1904 3573 1966 3627 τὸ
1993 3573 2186 3626 εἰδέναι
2206 3571 2367 3626 αὑτὸν
2401 3572 2605 3640 σαφῶς.
2633 3571 2805 3623 Οὑσία
2845 3571 2952 3642 γὰρ
2985 3571 3169 3624 οὐσίαν
3203 3572 3576 3643 ὑπερέχουσαν

1905 3663 2004 3717 οὑκ
2035 3661 2098 3714 ἂν
2124 3660 2370 3731 δυνηθείη
2398 3660 2576 3723 καλῶς
2603 3660 2836 3724 εἰδέναι,
2876 3659 2980 3713 κᾶν
3012 3659 3191 3728 ὀλίγον
3292 3661 3352 3714 τὸ
3383 3662 3571 3730 μέσον.

1910 3745 2173 3797 ’Ἄκουσον
2199 3744 2328 3811 γοῦν
2360 3745 2486 3814 περὶ
2513 3743 2622 3797 τῶν
2656 3743 2902 3812 ἀγγέλων
2927 3743 2978 3796 τί
3004 3761 3167 3814 φησιν
3197 3746 3224 3797 ό
3256 3746 3540 3815 προφήτης
3559 3785 3574 3808 ,

1909 3831 2002 3884 καὶ
2039 3831 2163 3900 περὶ
2195 3830 2293 3899 τῆς
2319 3829 2662 3900 ἀνθρωπίνης
2693 3829 2926 3898 φύσεως,
2962 3831 3043 3882 ὃτι
3081 3830 3259 3897 ὀλίγον
3291 3829 3351 3882 τὸ
3391 3829 3579 3896 διάφο-

1913 3933 2002 3988 ρον
2028 3917 2229 3985 ταύτης
2256 3917 2536 3985 κάκείνης.
2569 3915 2750 3969 Εἰπὼν
2784 3916 2915 3986 γὰρ,
2951 3913 3019 3968 Τί
3042 3914 3216 3968 ἔστιν
3244 3914 3575 3981 ἄνθρωπος,

1910 4003 1997 4054 ὅτι
2026 4001 2335 4072 μιμνήσκῃ
2364 4001 2569 4062 αὐτοῦ,
2613 4003 2651 4067 ἢ
2705 4002 2833 4066 υίὸς
2865 4000 3203 4068 ἀνθρώπου,
3235 3999 3324 4052 ὅτι
3373 3998 3576 4069 λογίζῃ

1911 4089 2128 4149 αὑτόν;
2163 4088 2458 4155 ἐπήγαγεν,
2506 4085 2888 4152 Ἠλάττωσας
2913 4087 3106 4140 αὐτὸν
3126 4086 3328 4154 βραχύ
3358 4101 3412 4138 τι
3440 4089 3577 4153 παρ’

1909 4173 2223 4242 ἀγγέλους.
2278 4173 2413 4225 Ἀλλ’
2449 4175 2597 4244 ὅμως
2631 4175 2679 4226 εἰ
2720 4174 2814 4227 καὶ
2851 4172 3021 4246 βραχὺ
3053 4175 3116 4226 τὸ
3161 4173 3344 4244 μέσον,
3387 4173 3576 4244 ἐπειδὴ

1909 4255 2045 4319 ὅλως
2074 4257 2189 4309 ἐστί
2219 4273 2270 4309 τι
2309 4258 2490 4326 μέσον,
2532 4259 2632 4311 οὑκ
2661 4257 2882 4329 οἴδαμεν
2922 4260 3061 4330 μετὰ
3097 4259 3384 4330 ἀκριϐείας
3413 4259 3579 4327 ἀγγέ-

1909 4340 2014 4394 λων
2039 4342 2247 4407 οὑσίαν,
2278 4343 2380 4397 κᾶν
2428 4345 2598 4414 μυρία
2639 4344 3112 4418 φιλοσοφήσωμεν,
3161 4346 3342 4416 εὑρεῖν
3382 4345 3443 4399 o0
3480 4345 3576 4399 δυ-

1908 4425 2138 4498 νάμεθα.

1977 4597 2038 4650 δ’.
2073 4599 2181 4652 Καὶ
2209 4600 2260 4652 τί
2281 4600 2420 4668 λέγω
2455 4602 2718 4670 ἀγγέλων,
2738 4603 2868 4654 ὅπου
2885 4619 2947 4671 γε
2965 4603 3082 4656 οὐδὲ
3103 4598 3271 4672 αὑτῆς
3303 4604 3402 4675 τῆς
3433 4606 3575 4676 ἡμε-

1905 4683 2069 4754 τέρας
2107 4685 2284 4755 ψυχῆς
2326 4689 2424 4758 τὴν
2452 4688 2637 4740 οὑσίαν
2684 4688 2840 4756 ίσμεν
2872 4688 3072 4751 καλῶς,
3119 4691 3316 4758 μᾶλλον
3351 4692 3410 4744 δὲ
3453 4693 3576 4747 οὑδὲ

1905 4770 2154 4825 ὁπωσοῦν
2179 4791 2192 4839 ;
2231 4775 2290 4826 Εἰ
2319 4774 2375 4826 δὲ
2405 4776 2600 4827 ἐκεῖνοι
2630 4773 3024 4842 φιλονεικοῦσιν
3054 4777 3270 4842 εἰδέναι,
3299 4779 3575 4850 ἐρώτησον

1904 4858 1958 4910 τί
1988 4874 2119 4911 ποτε
2165 4858 2278 4912 ἔστι
2312 4859 2408 4930 τὴν
2448 4861 2634 4914 οὐσίαν
2663 4862 2696 4931 ἡ
2725 4860 2868 4932 ψυχή
2891 4878 2903 4892 ·
2938 4859 3046 4932 ἆρα
3074 4862 3215 4934 ἀὴρ,
3248 4864 3281 4934 ἢ
3315 4865 3534 4934 πνεῦμα
3557 4905 3571 4924 ,

1904 4944 1937 5014 ἢ
1967 4943 2186 5015 ἄνεμος,
2215 4947 2247 5017 ἢ
2275 4947 2386 5018 πῦρ
2423 4949 2474 5010 ἲς
2521 4948 2659 5001 Ἀλλ’
2689 4948 2841 5001 οὐδὲν
2890 4949 3096 5004 τούτων
3149 4951 3364 5022 ἐροῦσι,
3395 4953 3567 5005 ταῦτα

1902 5031 2009 5104 γὰρ
2055 5033 2234 5087 πάντα
2275 5034 2533 5104 σώματα,
2582 5038 2767 5107 ἐκείνη
2805 5037 2861 5089 δὲ
2892 5038 3202 5108 ἀσώματος.
3235 5036 3369 5092 Εἶτα
3409 5042 3575 5107 ἀγγέ-

1901 5117 2027 5181 λους
2072 5119 2170 5190 μὲν
2210 5121 2309 5174 οὑκ
2347 5122 2546 5188 ίσασιν,
2594 5123 2714 5176 οὑδέ
2758 5123 2858 5186 τὰς
2897 5125 3106 5178 ἑαυτῶν
3154 5125 3363 5195 ψυχὰς,
3393 5125 3484 5177 τὸν
3516 5125 3573 5178 δὲ

1902 5207 2120 5262 πάντων
2157 5211 2435 5281 Δεσπότην
2467 5211 2562 5264 καὶ
2603 5211 2939 5281 δημιουργὸν
2976 5212 3172 5265 εἰδέναι
3207 5212 3572 5281 φιλονεικοῦσι

1903 5295 2039 5364 μετά
2077 5297 2393 5370 ἀκριϐείαςς
2439 5298 2533 5354 καὶ
2577 5299 2630 5353 τί
2673 5299 2878 5369 ταύτης
2917 5300 3116 5368 γένοιτ’
3159 5300 3224 5354 ἂν
3250 5300 3349 5369 τῆς
3389 5301 3574 5366 ἀνοίας

1900 5383 2078 5452 χεῖρον
2099 5400 2114 5448 ;
2143 5386 2252 5439 Καὶ
2276 5387 2328 5438 τί
2352 5387 2514 5453 λέγω,
2536 5387 2588 5438 τί
2616 5387 2714 5457 τὴν
2737 5386 2923 5440 οὐσίαν
2949 5386 3096 5438 ἐστὶν
3121 5387 3153 5454 ἠ
3175 5385 3350 5455 ψυχή;
3380 5386 3573 5451 Ὅπως

1959 5493 1984 5532 ἀ
2007 5497 2192 5565 μοι-οιἶ
2217 5507 2268 5549 el
2286 5500 2370 5565 qui
2394 5503 2486 5565 {am
2527 5513 2640 5565 ῃιεε.
2665 5501 2781 5565 πρὸς
2823 5500 3008 5565 ταύτην.
3037 5499 3224 5565 ἇν,“ειὶἱ
3266 5497 3410 5562 (inter
3450 5512 3571 5565 quos

1896 5555 2330 5645 Saeviﬂunpbg’rﬁ
2353 5563 2500 5619 αὐτὴν
2526 5563 2582 5609 ἄν
2607 5555 3159 5625 (ῳιόά’νεεσι·ἱρεὶηιιιε).

2015 5617 2115 5667 Alii
2138 5617 2378 5680 γινώσκει.

1971 5673 1994 5716 ί
2039 5680 2100 5728 Ἦ
2122 5673 2216 5744 πῦρ
2238 5682 2384 5732 deest
2403 5684 2452 5732 in
2473 5680 2697 5744 plurimis
2716 5681 3070 5744 manuscrlplis.

3169 5760 3244 5823 ιιι
