  <div class='ocr_page' id='page_1' title='image "/cluster/home/n/w/nwhite01/storage/ocr_20150623/48/nnc1.0046978267/221.png"; bbox 0 0 3838 6220; ppageno 0'>
   <div class='ocr_carea' id='block_1_1' title="bbox 315 296 427 352">
    <p class='ocr_par' dir='ltr' id='par_1_1' title="bbox 315 296 427 352">
     <span class='ocr_line' id='line_1_1' title="bbox 315 296 427 352; baseline 0.036 -4"><span class='ocrx_word' id='word_1_1' title='bbox 315 296 427 352; x_wconf 78' lang='grc' dir='ltr'>ἸΗ-</span> 
     </span>
    </p>
   </div>
   <div class='ocr_carea' id='block_1_2' title="bbox 308 410 1977 481">
    <p class='ocr_par' dir='ltr' id='par_1_2' title="bbox 308 410 1977 481">
     <span class='ocr_line' id='line_1_2' title="bbox 308 410 1977 481; baseline -0.001 -18"><span class='ocrx_word' id='word_1_2' title='bbox 308 411 465 478; x_wconf 81' lang='grc' dir='ltr'>ὴμῶν</span> <span class='ocrx_word' id='word_1_3' title='bbox 494 413 637 463; x_wconf 81' lang='grc' dir='ltr'>ἐστιν</span> <span class='ocrx_word' id='word_1_4' title='bbox 668 413 723 464; x_wconf 81' lang='grc' dir='ltr'>ἐν</span> <span class='ocrx_word' id='word_1_5' title='bbox 752 411 828 481; x_wconf 80' lang='grc' dir='ltr'>τῷ</span> <span class='ocrx_word' id='word_1_6' title='bbox 865 410 1095 481; x_wconf 75' lang='grc' dir='ltr'>σώματι,</span> <span class='ocrx_word' id='word_1_7' title='bbox 1140 414 1258 466; x_wconf 70' lang='grc' dir='ltr'>οὐδὲ</span> <span class='ocrx_word' id='word_1_8' title='bbox 1289 416 1445 466; x_wconf 80' lang='grc' dir='ltr'>τοῦτο</span> <span class='ocrx_word' id='word_1_9' title='bbox 1487 413 1634 466; x_wconf 80' lang='grc' dir='ltr'>ἐττιν</span> <span class='ocrx_word' id='word_1_10' title='bbox 1666 415 1860 464; x_wconf 84' lang='grc' dir='ltr'>εἰπεῖν.</span> <span class='ocrx_word' id='word_1_11' title='bbox 1908 412 1977 463; x_wconf 89' lang='grc' dir='ltr'>Τί</span> 
     </span>
    </p>
   </div>
   <div class='ocr_carea' id='block_1_3' title="bbox 313 495 1984 569">
    <p class='ocr_par' dir='ltr' id='par_1_3' title="bbox 313 495 1984 569">
     <span class='ocr_line' id='line_1_3' title="bbox 313 495 1984 569; baseline -0.001 -18"><span class='ocrx_word' id='word_1_12' title='bbox 313 498 417 568; x_wconf 82' lang='grc' dir='ltr'>γὰρ</span> <span class='ocrx_word' id='word_1_13' title='bbox 448 496 559 566; x_wconf 77' lang='grc' dir='ltr'>ἔχοι</span> <span class='ocrx_word' id='word_1_14' title='bbox 596 515 677 560; x_wconf 84' lang='grc' dir='ltr'>τις</span> <span class='ocrx_word' id='word_1_15' title='bbox 712 499 777 550; x_wconf 84' lang='grc' dir='ltr'>ἂν</span> <span class='ocrx_word' id='word_1_16' title='bbox 822 500 1025 562; x_wconf 87' lang='grc' dir='ltr'>είπεῖν;</span> <span class='ocrx_word' id='word_1_17' title='bbox 1056 500 1137 552; x_wconf 79' lang='grc' dir='ltr'>ὅτι</span> <span class='ocrx_word' id='word_1_18' title='bbox 1176 501 1591 569; x_wconf 78' lang='grc' dir='ltr'>παρεκτείνεται</span> <span class='ocrx_word' id='word_1_19' title='bbox 1636 498 1713 569; x_wconf 83' lang='grc' dir='ltr'>τῷ</span> <span class='ocrx_word' id='word_1_20' title='bbox 1752 497 1845 550; x_wconf 82' lang='grc' dir='ltr'>τοῦ</span> <span class='ocrx_word' id='word_1_21' title='bbox 1881 495 1984 549; x_wconf 84' lang='grc' dir='ltr'>σώ-</span> 
     </span>
    </p>
   </div>
   <div class='ocr_carea' id='block_1_4' title="bbox 315 584 1984 657">
    <p class='ocr_par' dir='ltr' id='par_1_4' title="bbox 315 584 1984 657">
     <span class='ocr_line' id='line_1_4' title="bbox 315 584 1984 657; baseline 0 -21"><span class='ocrx_word' id='word_1_22' title='bbox 315 601 481 653; x_wconf 86' lang='grc' dir='ltr'>ματος</span> <span class='ocrx_word' id='word_1_23' title='bbox 510 585 692 654; x_wconf 78' lang='grc' dir='ltr'>δγκῳς</span> <span class='ocrx_word' id='word_1_24' title='bbox 746 584 904 637; x_wconf 81' lang='grc' dir='ltr'>Ἀλλά</span> <span class='ocrx_word' id='word_1_25' title='bbox 948 585 1105 639; x_wconf 85' lang='grc' dir='ltr'>τοῦτο</span> <span class='ocrx_word' id='word_1_26' title='bbox 1146 585 1360 654; x_wconf 72' lang='grc' dir='ltr'>ἄλογον,</span> <span class='ocrx_word' id='word_1_27' title='bbox 1404 586 1672 657; x_wconf 87' lang='grc' dir='ltr'>σωμάτων</span> <span class='ocrx_word' id='word_1_28' title='bbox 1718 584 1827 654; x_wconf 84' lang='grc' dir='ltr'>γὰρ</span> <span class='ocrx_word' id='word_1_29' title='bbox 1855 584 1984 637; x_wconf 85' lang='grc' dir='ltr'>ῐδιον</span> 
     </span>
    </p>
   </div>
   <div class='ocr_carea' id='block_1_5' title="bbox 308 671 1979 743">
    <p class='ocr_par' dir='ltr' id='par_1_5' title="bbox 308 671 1979 743">
     <span class='ocr_line' id='line_1_5' title="bbox 308 671 1979 743; baseline 0 -19"><span class='ocrx_word' id='word_1_30' title='bbox 308 672 497 725; x_wconf 78' lang='grc' dir='ltr'>τοῦτο’</span> <span class='ocrx_word' id='word_1_31' title='bbox 528 674 608 725; x_wconf 85' lang='grc' dir='ltr'>ὅτι</span> <span class='ocrx_word' id='word_1_32' title='bbox 638 672 694 725; x_wconf 79' lang='grc' dir='ltr'>δὲ</span> <span class='ocrx_word' id='word_1_33' title='bbox 726 674 817 725; x_wconf 78' lang='grc' dir='ltr'>ἐπὶ</span> <span class='ocrx_word' id='word_1_34' title='bbox 844 672 1019 743; x_wconf 75' lang='grc' dir='ltr'>ψυχῆς</span> <span class='ocrx_word' id='word_1_35' title='bbox 1047 675 1148 727; x_wconf 90' lang='grc' dir='ltr'>οὐκ</span> <span class='ocrx_word' id='word_1_36' title='bbox 1184 673 1299 727; x_wconf 76' lang='grc' dir='ltr'>ἐστι</span> <span class='ocrx_word' id='word_1_37' title='bbox 1334 674 1495 727; x_wconf 84' lang='grc' dir='ltr'>τοῦτο</span> <span class='ocrx_word' id='word_1_38' title='bbox 1516 671 1766 726; x_wconf 85' lang='grc' dir='ltr'>ἐντεῦθεν</span> <span class='ocrx_word' id='word_1_39' title='bbox 1797 672 1979 741; x_wconf 81' lang='grc' dir='ltr'>δῆλον,</span> 
     </span>
    </p>
   </div>
   <div class='ocr_carea' id='block_1_6' title="bbox 314 759 1978 831">
    <p class='ocr_par' dir='ltr' id='par_1_6' title="bbox 314 759 1978 831">
     <span class='ocr_line' id='line_1_6' title="bbox 314 759 1978 831; baseline 0 -21"><span class='ocrx_word' id='word_1_40' title='bbox 314 760 571 823; x_wconf 81' lang='grc' dir='ltr'>πολλάκις</span> <span class='ocrx_word' id='word_1_41' title='bbox 600 762 692 813; x_wconf 74' lang='grc' dir='ltr'>καὶ</span> <span class='ocrx_word' id='word_1_42' title='bbox 719 760 827 812; x_wconf 90' lang='grc' dir='ltr'>τῶν</span> <span class='ocrx_word' id='word_1_43' title='bbox 849 760 1046 831; x_wconf 82' lang='grc' dir='ltr'>χειρῶν</span> <span class='ocrx_word' id='word_1_44' title='bbox 1069 762 1164 814; x_wconf 74' lang='grc' dir='ltr'>καὶ</span> <span class='ocrx_word' id='word_1_45' title='bbox 1190 761 1300 814; x_wconf 86' lang='grc' dir='ltr'>τῶν</span> <span class='ocrx_word' id='word_1_46' title='bbox 1330 760 1506 813; x_wconf 84' lang='grc' dir='ltr'>ποδῶν</span> <span class='ocrx_word' id='word_1_47' title='bbox 1530 759 1978 829; x_wconf 86' lang='grc' dir='ltr'>ἐκκεκομμένων,</span> 
     </span>
    </p>
   </div>
   <div class='ocr_carea' id='block_1_7' title="bbox 311 843 1980 916">
    <p class='ocr_par' dir='ltr' id='par_1_7' title="bbox 311 843 1980 916">
     <span class='ocr_line' id='line_1_7' title="bbox 311 843 1980 916; baseline 0.001 -21"><span class='ocrx_word' id='word_1_48' title='bbox 311 843 600 913; x_wconf 75' lang='grc' dir='ltr'>ὁλόκληρος</span> <span class='ocrx_word' id='word_1_49' title='bbox 632 846 811 915; x_wconf 80' lang='grc' dir='ltr'>ἐκείνη</span> <span class='ocrx_word' id='word_1_50' title='bbox 842 846 1013 915; x_wconf 83' lang='grc' dir='ltr'>μένει,</span> <span class='ocrx_word' id='word_1_51' title='bbox 1037 846 1190 899; x_wconf 85' lang='grc' dir='ltr'>οὐδὲν</span> <span class='ocrx_word' id='word_1_52' title='bbox 1216 845 1732 916; x_wconf 80' lang='grc' dir='ltr'>ἀκρωτηριασθεῖσα</span> <span class='ocrx_word' id='word_1_53' title='bbox 1755 844 1862 897; x_wconf 84' lang='grc' dir='ltr'>ἀπὸ</span> <span class='ocrx_word' id='word_1_54' title='bbox 1883 847 1980 915; x_wconf 75' lang='grc' dir='ltr'>τῆς</span> 
     </span>
    </p>
   </div>
   <div class='ocr_carea' id='block_1_8' title="bbox 310 930 1980 1003">
    <p class='ocr_par' dir='ltr' id='par_1_8' title="bbox 310 930 1980 1003">
     <span class='ocr_line' id='line_1_8' title="bbox 310 930 1980 1003; baseline -0.001 -21"><span class='ocrx_word' id='word_1_55' title='bbox 310 930 403 982; x_wconf 71' lang='grc' dir='ltr'>1τοῦ</span> <span class='ocrx_word' id='word_1_56' title='bbox 455 930 705 1001; x_wconf 83' lang='grc' dir='ltr'>σώματος</span> <span class='ocrx_word' id='word_1_57' title='bbox 746 933 1065 1003; x_wconf 79' lang='grc' dir='ltr'>πηρώσεως.</span> <span class='ocrx_word' id='word_1_58' title='bbox 1127 934 1267 986; x_wconf 81' lang='grc' dir='ltr'>Ἀλλ’</span> <span class='ocrx_word' id='word_1_59' title='bbox 1308 934 1409 986; x_wconf 86' lang='grc' dir='ltr'>οὐκ</span> <span class='ocrx_word' id='word_1_60' title='bbox 1453 933 1603 985; x_wconf 82' lang='grc' dir='ltr'>ἔστιν</span> <span class='ocrx_word' id='word_1_61' title='bbox 1651 933 1710 984; x_wconf 89' lang='grc' dir='ltr'>ἐν</span> <span class='ocrx_word' id='word_1_62' title='bbox 1754 932 1861 1002; x_wconf 83' lang='grc' dir='ltr'>ὅλῳ</span> <span class='ocrx_word' id='word_1_63' title='bbox 1904 931 1980 1000; x_wconf 83' lang='grc' dir='ltr'>τῷ</span> 
     </span>
    </p>
   </div>
   <div class='ocr_carea' id='block_1_9' title="bbox 314 1014 1981 1089">
    <p class='ocr_par' dir='ltr' id='par_1_9' title="bbox 314 1014 1981 1089">
     <span class='ocr_line' id='line_1_9' title="bbox 314 1014 1981 1089; baseline 0.001 -23"><span class='ocrx_word' id='word_1_64' title='bbox 314 1014 547 1084; x_wconf 83' lang='grc' dir='ltr'>σώματι,</span> <span class='ocrx_word' id='word_1_65' title='bbox 575 1018 672 1069; x_wconf 85' lang='grc' dir='ltr'>ἀλλ</span> <span class='ocrx_word' id='word_1_66' title='bbox 721 1020 778 1070; x_wconf 85' lang='grc' dir='ltr'>ὲν</span> <span class='ocrx_word' id='word_1_67' title='bbox 806 1021 960 1089; x_wconf 84' lang='grc' dir='ltr'>μέρει</span> <span class='ocrx_word' id='word_1_68' title='bbox 987 1022 1093 1073; x_wconf 82' lang='grc' dir='ltr'>τινί</span> <span class='ocrx_word' id='word_1_69' title='bbox 1117 1019 1467 1089; x_wconf 81' lang='grc' dir='ltr'>συνείληπται</span> <span class='ocrx_word' id='word_1_70' title='bbox 1488 1026 1513 1055; x_wconf 75' lang='grc' dir='ltr'>ι</span> <span class='ocrx_word' id='word_1_71' title='bbox 1538 1035 1552 1085; x_wconf 90' lang='grc'>;</span> <span class='ocrx_word' id='word_1_72' title='bbox 1573 1017 1781 1071; x_wconf 90' lang='grc' dir='ltr'>Οὐκοῦν</span> <span class='ocrx_word' id='word_1_73' title='bbox 1814 1016 1981 1088; x_wconf 81' lang='grc' dir='ltr'>νεκρά</span> 
     </span>
    </p>
   </div>
   <div class='ocr_carea' id='block_1_10' title="bbox 312 1102 1980 1177">
    <p class='ocr_par' dir='ltr' id='par_1_10' title="bbox 312 1102 1980 1177">
     <span class='ocr_line' id='line_1_10' title="bbox 312 1102 1980 1177; baseline 0.001 -23"><span class='ocrx_word' id='word_1_74' title='bbox 312 1102 523 1173; x_wconf 89' lang='grc' dir='ltr'>ἀνάγκη</span> <span class='ocrx_word' id='word_1_75' title='bbox 556 1104 622 1156; x_wconf 78' lang='grc' dir='ltr'>τά</span> <span class='ocrx_word' id='word_1_76' title='bbox 647 1104 806 1157; x_wconf 75' lang='grc' dir='ltr'>λοιπά</span> <span class='ocrx_word' id='word_1_77' title='bbox 833 1102 972 1159; x_wconf 77' lang='grc' dir='ltr'>εἶναι</span> <span class='ocrx_word' id='word_1_78' title='bbox 998 1106 1133 1177; x_wconf 83' lang='grc' dir='ltr'><strong>μέλη</strong></span> <span class='ocrx_word' id='word_1_79' title='bbox 1155 1122 1167 1135; x_wconf 83' lang='grc'><em>’</em></span> <span class='ocrx_word' id='word_1_80' title='bbox 1199 1108 1261 1159; x_wconf 85' lang='grc' dir='ltr'>τὸ</span> <span class='ocrx_word' id='word_1_81' title='bbox 1289 1106 1397 1177; x_wconf 81' lang='grc' dir='ltr'>γὰρ</span> <span class='ocrx_word' id='word_1_82' title='bbox 1421 1105 1625 1174; x_wconf 72' lang='grc' dir='ltr'>ἄψυχον</span> <span class='ocrx_word' id='word_1_83' title='bbox 1655 1104 1871 1166; x_wconf 88' lang='grc' dir='ltr'>πάντως</span> <span class='ocrx_word' id='word_1_84' title='bbox 1896 1120 1980 1155; x_wconf 83' lang='grc' dir='ltr'>νε-</span> 
     </span>
    </p>
   </div>
   <div class='ocr_carea' id='block_1_11' title="bbox 313 1189 1979 1262">
    <p class='ocr_par' dir='ltr' id='par_1_11' title="bbox 313 1189 1979 1262">
     <span class='ocr_line' id='line_1_11' title="bbox 313 1189 1979 1262; baseline 0.002 -23"><span class='ocrx_word' id='word_1_85' title='bbox 313 1189 461 1258; x_wconf 90' lang='grc' dir='ltr'>κρόν.</span> <span class='ocrx_word' id='word_1_86' title='bbox 512 1191 646 1242; x_wconf 79' lang='grc' dir='ltr'>Ἀλλ’</span> <span class='ocrx_word' id='word_1_87' title='bbox 677 1192 797 1244; x_wconf 81' lang='grc' dir='ltr'>οὐδὲ</span> <span class='ocrx_word' id='word_1_88' title='bbox 825 1192 983 1245; x_wconf 80' lang='grc' dir='ltr'>τοῦτο</span> <span class='ocrx_word' id='word_1_89' title='bbox 1022 1194 1168 1247; x_wconf 80' lang='grc' dir='ltr'>ἐστιν</span> <span class='ocrx_word' id='word_1_90' title='bbox 1202 1195 1396 1251; x_wconf 73' lang='grc' dir='ltr'>εἰπεῖν.</span> <span class='ocrx_word' id='word_1_91' title='bbox 1430 1191 1547 1247; x_wconf 87' lang='grc' dir='ltr'>ἀλλ’</span> <span class='ocrx_word' id='word_1_92' title='bbox 1587 1193 1668 1245; x_wconf 83' lang='grc' dir='ltr'>ὅτι</span> <span class='ocrx_word' id='word_1_93' title='bbox 1707 1192 1805 1262; x_wconf 82' lang='grc' dir='ltr'>μὲν</span> <span class='ocrx_word' id='word_1_94' title='bbox 1834 1190 1979 1243; x_wconf 85' lang='grc' dir='ltr'>ἐστιν</span> 
     </span>
    </p>
   </div>
   <div class='ocr_carea' id='block_1_12' title="bbox 313 1276 1978 1351">
    <p class='ocr_par' dir='ltr' id='par_1_12' title="bbox 313 1276 1978 1351">
     <span class='ocr_line' id='line_1_12' title="bbox 313 1276 1978 1351; baseline 0.001 -24"><span class='ocrx_word' id='word_1_95' title='bbox 313 1276 370 1327; x_wconf 85' lang='grc' dir='ltr'>ἐν</span> <span class='ocrx_word' id='word_1_96' title='bbox 399 1276 475 1344; x_wconf 85' lang='grc' dir='ltr'>τῷ</span> <span class='ocrx_word' id='word_1_97' title='bbox 511 1278 721 1346; x_wconf 75' lang='grc' dir='ltr'>σώματι</span> <span class='ocrx_word' id='word_1_98' title='bbox 752 1278 830 1349; x_wconf 83' lang='grc' dir='ltr'>τῷ</span> <span class='ocrx_word' id='word_1_99' title='bbox 861 1280 1113 1350; x_wconf 79' lang='grc' dir='ltr'>ἡμετέρῳ</span> <span class='ocrx_word' id='word_1_100' title='bbox 1146 1282 1325 1351; x_wconf 78' lang='grc' dir='ltr'>ἴσμεν.</span> <span class='ocrx_word' id='word_1_101' title='bbox 1358 1281 1418 1332; x_wconf 86' lang='lat'>10</span> <span class='ocrx_word' id='word_1_102' title='bbox 1452 1279 1507 1332; x_wconf 79' lang='grc' dir='ltr'>δὲ</span> <span class='ocrx_word' id='word_1_103' title='bbox 1542 1279 1659 1342; x_wconf 86' lang='grc' dir='ltr'>πῶς</span> <span class='ocrx_word' id='word_1_104' title='bbox 1698 1282 1844 1330; x_wconf 87' lang='grc' dir='ltr'>ἐστιν</span> <span class='ocrx_word' id='word_1_105' title='bbox 1878 1278 1978 1330; x_wconf 86' lang='grc' dir='ltr'>οὐκ</span> 
     </span>
    </p>
   </div>
   <div class='ocr_carea' id='block_1_13' title="bbox 316 1362 1975 1437">
    <p class='ocr_par' dir='ltr' id='par_1_13' title="bbox 316 1362 1975 1437">
     <span class='ocr_line' id='line_1_13' title="bbox 316 1362 1975 1437; baseline 0.002 -26"><span class='ocrx_word' id='word_1_106' title='bbox 316 1362 490 1429; x_wconf 79' lang='grc' dir='ltr'>ἴσμεν.</span> <span class='ocrx_word' id='word_1_107' title='bbox 525 1366 623 1416; x_wconf 70' lang='grc' dir='ltr'>Διά</span> <span class='ocrx_word' id='word_1_108' title='bbox 657 1366 762 1435; x_wconf 82' lang='lat'>1&amp;9</span> <span class='ocrx_word' id='word_1_109' title='bbox 805 1366 963 1418; x_wconf 89' lang='grc' dir='ltr'>τοῦτο</span> <span class='ocrx_word' id='word_1_110' title='bbox 991 1368 1083 1419; x_wconf 70' lang='grc' dir='ltr'>καὶ</span> <span class='ocrx_word' id='word_1_111' title='bbox 1119 1367 1216 1437; x_wconf 77' lang='grc' dir='ltr'>τὴι</span> <span class='ocrx_word' id='word_1_112' title='bbox 1258 1367 1462 1436; x_wconf 78' lang='grc' dir='ltr'>ταύτης</span> <span class='ocrx_word' id='word_1_113' title='bbox 1490 1365 1692 1433; x_wconf 84' lang='grc' dir='ltr'>γνῶσιν</span> <span class='ocrx_word' id='word_1_114' title='bbox 1719 1364 1975 1418; x_wconf 79' lang='grc' dir='ltr'>ἀπέκλει-</span> 
     </span>
    </p>
   </div>
   <div class='ocr_carea' id='block_1_14' title="bbox 318 1447 1977 1521">
    <p class='ocr_par' dir='ltr' id='par_1_14' title="bbox 318 1447 1977 1521">
     <span class='ocr_line' id='line_1_14' title="bbox 318 1447 1977 1521; baseline 0.002 -25"><span class='ocrx_word' id='word_1_115' title='bbox 318 1462 407 1497; x_wconf 89' lang='grc' dir='ltr'>σεν</span> <span class='ocrx_word' id='word_1_116' title='bbox 432 1447 459 1498; x_wconf 87' lang='lat'>0</span> <span class='ocrx_word' id='word_1_117' title='bbox 486 1449 616 1511; x_wconf 75' lang='grc' dir='ltr'>θεὸς</span> <span class='ocrx_word' id='word_1_118' title='bbox 643 1450 706 1501; x_wconf 80' lang='grc' dir='ltr'>ἐκ</span> <span class='ocrx_word' id='word_1_119' title='bbox 742 1451 937 1520; x_wconf 86' lang='grc' dir='ltr'>πολλῆς</span> <span class='ocrx_word' id='word_1_120' title='bbox 967 1450 1281 1521; x_wconf 76' lang='grc' dir='ltr'>περιουσίας</span> <span class='ocrx_word' id='word_1_121' title='bbox 1308 1449 1677 1520; x_wconf 76' lang='grc' dir='ltr'>ἐπιστομίζων</span> <span class='ocrx_word' id='word_1_122' title='bbox 1704 1450 1854 1519; x_wconf 82' lang='grc' dir='ltr'>ἡμᾶς</span> <span class='ocrx_word' id='word_1_123' title='bbox 1887 1448 1977 1501; x_wconf 80' lang='grc' dir='ltr'>καὶ</span> 
     </span>
    </p>
   </div>
   <div class='ocr_carea' id='block_1_15' title="bbox 317 1529 1979 1605">
    <p class='ocr_par' dir='ltr' id='par_1_15' title="bbox 317 1529 1979 1605">
     <span class='ocr_line' id='line_1_15' title="bbox 317 1529 1979 1605; baseline 0.005 -24"><span class='ocrx_word' id='word_1_124' title='bbox 317 1529 576 1600; x_wconf 80' lang='grc' dir='ltr'>κατέχων,</span> <span class='ocrx_word' id='word_1_125' title='bbox 603 1534 692 1585; x_wconf 80' lang='grc' dir='ltr'>καὶ</span> <span class='ocrx_word' id='word_1_126' title='bbox 737 1535 918 1603; x_wconf 82' lang='grc' dir='ltr'>μένειν</span> <span class='ocrx_word' id='word_1_127' title='bbox 956 1536 1106 1589; x_wconf 83' lang='grc' dir='ltr'>κάτω</span> <span class='ocrx_word' id='word_1_128' title='bbox 1148 1535 1370 1600; x_wconf 87' lang='grc' dir='ltr'>πείθων,</span> <span class='ocrx_word' id='word_1_129' title='bbox 1405 1536 1499 1589; x_wconf 76' lang='grc' dir='ltr'>καὶ</span> <span class='ocrx_word' id='word_1_130' title='bbox 1540 1536 1609 1587; x_wconf 86' lang='grc' dir='ltr'>τά</span> <span class='ocrx_word' id='word_1_131' title='bbox 1649 1535 1787 1605; x_wconf 76' lang='grc' dir='ltr'>ὑπὲρ</span> <span class='ocrx_word' id='word_1_132' title='bbox 1831 1535 1979 1603; x_wconf 76' lang='grc' dir='ltr'>ἡμᾶς</span> 
     </span>
    </p>
   </div>
   <div class='ocr_carea' id='block_1_16' title="bbox 318 1617 1979 1693">
    <p class='ocr_par' dir='ltr' id='par_1_16' title="bbox 318 1617 1979 1693">
     <span class='ocr_line' id='line_1_16' title="bbox 318 1617 1979 1693; baseline 0.003 -25"><span class='ocrx_word' id='word_1_133' title='bbox 318 1617 392 1686; x_wconf 82' lang='grc' dir='ltr'>μὴ</span> <span class='ocrx_word' id='word_1_134' title='bbox 436 1621 929 1689; x_wconf 73' lang='grc' dir='ltr'>περιεργάζεσθαι,</span> <span class='ocrx_word' id='word_1_135' title='bbox 980 1621 1116 1693; x_wconf 89' lang='grc' dir='ltr'>μηδέ</span> <span class='ocrx_word' id='word_1_136' title='bbox 1158 1621 1653 1692; x_wconf 87' lang='grc' dir='ltr'>πολυπραγμονεῖν.</span> <span class='ocrx_word' id='word_1_137' title='bbox 1705 1620 1844 1673; x_wconf 80' lang='grc' dir='ltr'>Ἀλλ’</span> <span class='ocrx_word' id='word_1_138' title='bbox 1892 1621 1979 1673; x_wconf 76' lang='grc' dir='ltr'>ἵνα</span> 
     </span>
    </p>
   </div>
   <div class='ocr_carea' id='block_1_17' title="bbox 318 1704 1977 1777">
    <p class='ocr_par' dir='ltr' id='par_1_17' title="bbox 318 1704 1977 1777">
     <span class='ocr_line' id='line_1_17' title="bbox 318 1704 1977 1777; baseline 0.002 -22"><span class='ocrx_word' id='word_1_139' title='bbox 318 1704 392 1771; x_wconf 80' lang='grc' dir='ltr'>μὴ</span> <span class='ocrx_word' id='word_1_140' title='bbox 434 1704 540 1757; x_wconf 75' lang='grc' dir='ltr'>ἀπὸ</span> <span class='ocrx_word' id='word_1_141' title='bbox 589 1706 860 1775; x_wconf 82' lang='grc' dir='ltr'>λογισμῶν</span> <span class='ocrx_word' id='word_1_142' title='bbox 901 1707 969 1760; x_wconf 88' lang='grc' dir='ltr'>τά</span> <span class='ocrx_word' id='word_1_143' title='bbox 1018 1707 1242 1760; x_wconf 88' lang='grc' dir='ltr'>το;αῦτα</span> <span class='ocrx_word' id='word_1_144' title='bbox 1284 1709 1804 1777; x_wconf 74' lang='grc' dir='ltr'>κατασκευάσωμεν,</span> <span class='ocrx_word' id='word_1_145' title='bbox 1845 1707 1977 1776; x_wconf 85' lang='grc' dir='ltr'>φέρε</span> 
     </span>
    </p>
   </div>
   <div class='ocr_carea' id='block_1_18' title="bbox 315 1789 1979 1866">
    <p class='ocr_par' dir='ltr' id='par_1_18' title="bbox 315 1789 1979 1866">
     <span class='ocr_line' id='line_1_18' title="bbox 315 1789 1979 1866; baseline 0.002 -25"><span class='ocrx_word' id='word_1_146' title='bbox 315 1789 475 1843; x_wconf 83' lang='grc' dir='ltr'>πάλιν</span> <span class='ocrx_word' id='word_1_147' title='bbox 503 1793 594 1844; x_wconf 81' lang='grc' dir='ltr'>ἐπὶ</span> <span class='ocrx_word' id='word_1_148' title='bbox 618 1796 713 1865; x_wconf 81' lang='grc' dir='ltr'>την</span> <span class='ocrx_word' id='word_1_149' title='bbox 741 1795 962 1866; x_wconf 79' lang='grc' dir='ltr'>Γραφὴν</span> <span class='ocrx_word' id='word_1_150' title='bbox 982 1795 1071 1848; x_wconf 84' lang='grc' dir='ltr'>τὸν</span> <span class='ocrx_word' id='word_1_151' title='bbox 1086 1794 1243 1863; x_wconf 91' lang='grc' dir='ltr'>λόγον</span> <span class='ocrx_word' id='word_1_152' title='bbox 1263 1796 1583 1865; x_wconf 81' lang='grc' dir='ltr'>ἀγάγωμεν.</span> <span class='ocrx_word' id='word_1_153' title='bbox 1606 1797 1729 1863; x_wconf 82' lang='grc' dir='ltr'>Οὐχ</span> <span class='ocrx_word' id='word_1_154' title='bbox 1760 1795 1848 1846; x_wconf 81' lang='grc' dir='ltr'>ὅτι</span> <span class='ocrx_word' id='word_1_155' title='bbox 1871 1793 1979 1846; x_wconf 84' lang='grc' dir='ltr'>τὸν</span> 
     </span>
    </p>
   </div>
   <div class='ocr_carea' id='block_1_19' title="bbox 314 1876 1976 1951">
    <p class='ocr_par' dir='ltr' id='par_1_19' title="bbox 314 1876 1976 1951">
     <span class='ocr_line' id='line_1_19' title="bbox 314 1876 1976 1951; baseline 0.002 -24"><span class='ocrx_word' id='word_1_156' title='bbox 314 1876 543 1944; x_wconf 83' lang='grc' dir='ltr'>Πατέρα</span> <span class='ocrx_word' id='word_1_157' title='bbox 577 1878 797 1947; x_wconf 84' lang='grc' dir='ltr'>ἐώρακέ</span> <span class='ocrx_word' id='word_1_158' title='bbox 820 1897 929 1945; x_wconf 87' lang='grc' dir='ltr'>τις,</span> <span class='ocrx_word' id='word_1_159' title='bbox 958 1882 1144 1951; x_wconf 79' lang='grc' dir='ltr'>φησὶν,</span> <span class='ocrx_word' id='word_1_160' title='bbox 1172 1883 1225 1934; x_wconf 81' lang='grc' dir='ltr'>εί</span> <span class='ocrx_word' id='word_1_161' title='bbox 1245 1881 1332 1949; x_wconf 75' lang='grc' dir='ltr'>μὴ</span> <span class='ocrx_word' id='word_1_162' title='bbox 1362 1884 1394 1935; x_wconf 85' lang='grc' dir='ltr'>ό</span> <span class='ocrx_word' id='word_1_163' title='bbox 1431 1878 1516 1933; x_wconf 87' lang='grc' dir='ltr'>ὢν</span> <span class='ocrx_word' id='word_1_164' title='bbox 1538 1882 1608 1933; x_wconf 77' lang='grc' dir='ltr'>ἐκ</span> <span class='ocrx_word' id='word_1_165' title='bbox 1649 1880 1751 1934; x_wconf 86' lang='grc' dir='ltr'>τοῦ</span> <span class='ocrx_word' id='word_1_166' title='bbox 1795 1877 1976 1942; x_wconf 84' lang='grc' dir='ltr'>Θεοῦ,</span> 
     </span>
    </p>
   </div>
   <div class='ocr_carea' id='block_1_20' title="bbox 314 1956 1978 2036">
    <p class='ocr_par' dir='ltr' id='par_1_20' title="bbox 314 1956 1978 2036">
     <span class='ocr_line' id='line_1_20' title="bbox 314 1956 1978 2036; baseline 0.002 -23"><span class='ocrx_word' id='word_1_167' title='bbox 314 1956 491 2027; x_wconf 82' lang='grc' dir='ltr'>οὗτος</span> <span class='ocrx_word' id='word_1_168' title='bbox 515 1963 735 2030; x_wconf 72' lang='grc' dir='ltr'>ἑώρακε</span> <span class='ocrx_word' id='word_1_169' title='bbox 772 1965 881 2018; x_wconf 81' lang='grc' dir='ltr'>τόν</span> <span class='ocrx_word' id='word_1_170' title='bbox 922 1965 1170 2035; x_wconf 79' lang='grc' dir='ltr'>Πατέρα.</span> <span class='ocrx_word' id='word_1_171' title='bbox 1213 1967 1325 2019; x_wconf 84' lang='lat' dir='ltr'><strong><em>Kal</em></strong></span> <span class='ocrx_word' id='word_1_172' title='bbox 1350 1965 1402 2018; x_wconf 89' lang='grc' dir='ltr'>τί</span> <span class='ocrx_word' id='word_1_173' title='bbox 1440 1964 1627 2031; x_wconf 84' lang='grc' dir='ltr'>τοῦτο;</span> <span class='ocrx_word' id='word_1_174' title='bbox 1661 1963 1852 2036; x_wconf 83' lang='grc' dir='ltr'>φησίν’</span> <span class='ocrx_word' id='word_1_175' title='bbox 1883 1964 1978 2016; x_wconf 88' lang='grc' dir='ltr'>οὐ-</span> 
     </span>
    </p>
   </div>
   <div class='ocr_carea' id='block_1_21' title="bbox 314 2044 1980 2123">
    <p class='ocr_par' dir='ltr' id='par_1_21' title="bbox 314 2044 1980 2123">
     <span class='ocr_line' id='line_1_21' title="bbox 314 2044 1980 2123; baseline 0.003 -25"><span class='ocrx_word' id='word_1_176' title='bbox 314 2044 461 2100; x_wconf 84' lang='grc' dir='ltr'>δέπω</span> <span class='ocrx_word' id='word_1_177' title='bbox 496 2049 604 2119; x_wconf 80' lang='grc' dir='ltr'>γὰρ</span> <span class='ocrx_word' id='word_1_178' title='bbox 645 2050 795 2121; x_wconf 87' lang='grc' dir='ltr'>αὐτῷ</span> <span class='ocrx_word' id='word_1_179' title='bbox 828 2051 1028 2121; x_wconf 87' lang='grc' dir='ltr'>γνῶσιν</span> <span class='ocrx_word' id='word_1_180' title='bbox 1062 2052 1271 2123; x_wconf 80' lang='grc' dir='ltr'>ἀκριϐῆ</span> <span class='ocrx_word' id='word_1_181' title='bbox 1313 2052 1475 2105; x_wconf 90' lang='grc' dir='ltr'>τοῦτο</span> <span class='ocrx_word' id='word_1_182' title='bbox 1520 2051 1872 2123; x_wconf 70' lang='grc' dir='ltr'>ἐμαρτύρησε</span> <span class='ocrx_word' id='word_1_183' title='bbox 1918 2050 1980 2103; x_wconf 84' lang='grc' dir='ltr'>τὸ</span> 
     </span>
    </p>
   </div>
   <div class='ocr_carea' id='block_1_22' title="bbox 321 2133 1980 2209">
    <p class='ocr_par' dir='ltr' id='par_1_22' title="bbox 321 2133 1980 2209">
     <span class='ocr_line' id='line_1_22' title="bbox 321 2133 1980 2209; baseline 0 -21"><span class='ocrx_word' id='word_1_184' title='bbox 321 2133 491 2203; x_wconf 72' lang='grc' dir='ltr'>ῥῆμα.</span> <span class='ocrx_word' id='word_1_185' title='bbox 534 2136 671 2188; x_wconf 81' lang='grc' dir='ltr'>Ἀλλ’</span> <span class='ocrx_word' id='word_1_186' title='bbox 706 2138 788 2192; x_wconf 84' lang='grc' dir='ltr'>ὅτι</span> <span class='ocrx_word' id='word_1_187' title='bbox 820 2139 916 2209; x_wconf 82' lang='grc' dir='ltr'>μὲν</span> <span class='ocrx_word' id='word_1_188' title='bbox 942 2139 1103 2192; x_wconf 74' lang='grc' dir='ltr'>αὐτὸν</span> <span class='ocrx_word' id='word_1_189' title='bbox 1132 2141 1165 2209; x_wconf 82' lang='grc' dir='ltr'>ἡ</span> <span class='ocrx_word' id='word_1_190' title='bbox 1197 2139 1372 2203; x_wconf 84' lang='grc' dir='ltr'>κτίσις</span> <span class='ocrx_word' id='word_1_191' title='bbox 1398 2139 1499 2193; x_wconf 89' lang='grc' dir='ltr'>οὐκ</span> <span class='ocrx_word' id='word_1_192' title='bbox 1538 2134 1679 2192; x_wconf 76' lang='grc' dir='ltr'>οἶδεν</span> <span class='ocrx_word' id='word_1_193' title='bbox 1713 2136 1980 2208; x_wconf 82' lang='grc' dir='ltr'>ἐδήλωσεν</span> 
     </span>
    </p>
   </div>
   <div class='ocr_carea' id='block_1_23' title="bbox 317 2220 1982 2295">
    <p class='ocr_par' dir='ltr' id='par_1_23' title="bbox 317 2220 1982 2295">
     <span class='ocr_line' id='line_1_23' title="bbox 317 2220 1982 2295; baseline 0.002 -23"><span class='ocrx_word' id='word_1_194' title='bbox 317 2220 517 2276; x_wconf 75' lang='grc' dir='ltr'>εἰπών·</span> <span class='ocrx_word' id='word_1_195' title='bbox 555 2225 678 2292; x_wconf 82' lang='grc' dir='ltr'>Οὐχ</span> <span class='ocrx_word' id='word_1_196' title='bbox 713 2224 803 2277; x_wconf 85' lang='grc' dir='ltr'>ὅτι</span> <span class='ocrx_word' id='word_1_197' title='bbox 847 2227 954 2278; x_wconf 84' lang='grc' dir='ltr'>τὸν</span> <span class='ocrx_word' id='word_1_198' title='bbox 990 2226 1218 2295; x_wconf 84' lang='grc' dir='ltr'>Πατέρα</span> <span class='ocrx_word' id='word_1_199' title='bbox 1258 2243 1345 2292; x_wconf 81' lang='grc' dir='ltr'>τις</span> <span class='ocrx_word' id='word_1_200' title='bbox 1394 2224 1654 2293; x_wconf 70' lang='grc' dir='ltr'>ἑώρακε*</span> <span class='ocrx_word' id='word_1_201' title='bbox 1702 2224 1798 2278; x_wconf 79' lang='grc' dir='ltr'>καὶ</span> <span class='ocrx_word' id='word_1_202' title='bbox 1829 2224 1913 2277; x_wconf 82' lang='grc' dir='ltr'>ὅτι</span> <span class='ocrx_word' id='word_1_203' title='bbox 1951 2223 1982 2275; x_wconf 97' lang='lat'>0</span> 
     </span>
    </p>
   </div>
   <div class='ocr_carea' id='block_1_24' title="bbox 318 2305 1977 2384">
    <p class='ocr_par' dir='ltr' id='par_1_24' title="bbox 318 2305 1977 2384">
     <span class='ocr_line' id='line_1_24' title="bbox 318 2305 1977 2384; baseline 0.003 -25"><span class='ocrx_word' id='word_1_204' title='bbox 318 2306 444 2371; x_wconf 76' lang='grc' dir='ltr'>Υἱὸς</span> <span class='ocrx_word' id='word_1_205' title='bbox 489 2308 650 2364; x_wconf 83' lang='grc' dir='ltr'>αὐτὸν</span> <span class='ocrx_word' id='word_1_206' title='bbox 687 2305 826 2377; x_wconf 72' lang='grc' dir='ltr'>οἶδε,</span> <span class='ocrx_word' id='word_1_207' title='bbox 876 2314 972 2365; x_wconf 80' lang='grc' dir='ltr'>καὶ</span> <span class='ocrx_word' id='word_1_208' title='bbox 1002 2311 1161 2365; x_wconf 78' lang='grc' dir='ltr'>τοῦτο</span> <span class='ocrx_word' id='word_1_209' title='bbox 1205 2312 1367 2366; x_wconf 86' lang='grc' dir='ltr'>πάλιν</span> <span class='ocrx_word' id='word_1_210' title='bbox 1406 2312 1643 2384; x_wconf 79' lang='grc' dir='ltr'>ἐδήλωσε</span> <span class='ocrx_word' id='word_1_211' title='bbox 1683 2310 1943 2383; x_wconf 89' lang='grc' dir='ltr'>προσθείς</span> <span class='ocrx_word' id='word_1_212' title='bbox 1964 2326 1977 2340; x_wconf 88' lang='grc'><strong>·</strong></span> 
     </span>
    </p>
   </div>
   <div class='ocr_carea' id='block_1_25' title="bbox 309 2393 1976 2467">
    <p class='ocr_par' dir='ltr' id='par_1_25' title="bbox 309 2393 1976 2467">
     <span class='ocr_line' id='line_1_25' title="bbox 309 2393 1976 2467; baseline 0.003 -21"><span class='ocrx_word' id='word_1_213' title='bbox 309 2393 378 2447; x_wconf 78' lang='grc' dir='ltr'>ει</span> <span class='ocrx_word' id='word_1_214' title='bbox 390 2393 479 2462; x_wconf 75' lang='grc' dir='ltr'>μὴ</span> <span class='ocrx_word' id='word_1_215' title='bbox 506 2397 540 2449; x_wconf 83' lang='grc' dir='ltr'><em>ὁ</em></span> <span class='ocrx_word' id='word_1_216' title='bbox 566 2395 652 2449; x_wconf 80' lang='grc' dir='ltr'>ὢν</span> <span class='ocrx_word' id='word_1_217' title='bbox 680 2396 751 2450; x_wconf 75' lang='grc' dir='ltr'>ἐκ</span> <span class='ocrx_word' id='word_1_218' title='bbox 784 2396 891 2451; x_wconf 89' lang='grc' dir='ltr'>τοῦ</span> <span class='ocrx_word' id='word_1_219' title='bbox 920 2398 1089 2462; x_wconf 84' lang='grc' dir='ltr'>Θεοῦ,</span> <span class='ocrx_word' id='word_1_220' title='bbox 1116 2394 1294 2464; x_wconf 83' lang='grc' dir='ltr'>οὗτος</span> <span class='ocrx_word' id='word_1_221' title='bbox 1316 2398 1539 2467; x_wconf 74' lang='grc' dir='ltr'>ἑώρακε</span> <span class='ocrx_word' id='word_1_222' title='bbox 1575 2398 1681 2453; x_wconf 88' lang='grc' dir='ltr'>τὸν</span> <span class='ocrx_word' id='word_1_223' title='bbox 1717 2397 1976 2466; x_wconf 66' lang='grc' dir='ltr'>Πατέριν</span> 
     </span>
    </p>
   </div>
   <div class='ocr_carea' id='block_1_26' title="bbox 311 2480 1983 2555">
    <p class='ocr_par' dir='ltr' id='par_1_26' title="bbox 311 2480 1983 2555">
     <span class='ocr_line' id='line_1_26' title="bbox 311 2480 1983 2555; baseline 0.004 -23"><span class='ocrx_word' id='word_1_224' title='bbox 311 2480 394 2533; x_wconf 72' lang='grc' dir='ltr'>ἔτι</span> <span class='ocrx_word' id='word_1_225' title='bbox 432 2482 616 2552; x_wconf 75' lang='grc' dir='ltr'>μέντοι</span> <span class='ocrx_word' id='word_1_226' title='bbox 639 2482 884 2555; x_wconf 87' lang='grc' dir='ltr'>ἀκριϐῶς</span> <span class='ocrx_word' id='word_1_227' title='bbox 904 2484 1066 2539; x_wconf 81' lang='grc' dir='ltr'>αὐτὸν</span> <span class='ocrx_word' id='word_1_228' title='bbox 1088 2482 1218 2550; x_wconf 78' lang='grc' dir='ltr'>οἶδε,</span> <span class='ocrx_word' id='word_1_229' title='bbox 1247 2486 1345 2540; x_wconf 81' lang='grc' dir='ltr'>καὶ</span> <span class='ocrx_word' id='word_1_230' title='bbox 1375 2485 1548 2550; x_wconf 73' lang='grc' dir='ltr'>οὕτως</span> <span class='ocrx_word' id='word_1_231' title='bbox 1568 2484 1645 2549; x_wconf 83' lang='grc' dir='ltr'>ὡς</span> <span class='ocrx_word' id='word_1_232' title='bbox 1669 2485 1832 2548; x_wconf 81' lang='grc' dir='ltr'>αὐτὸς</span> <span class='ocrx_word' id='word_1_233' title='bbox 1861 2486 1983 2540; x_wconf 85' lang='grc' dir='ltr'>ἐαυ-</span> 
     </span>
    </p>
   </div>
   <div class='ocr_carea' id='block_1_27' title="bbox 312 2568 1979 2643">
    <p class='ocr_par' dir='ltr' id='par_1_27' title="bbox 312 2568 1979 2643">
     <span class='ocr_line' id='line_1_27' title="bbox 312 2568 1979 2643; baseline 0.003 -23"><span class='ocrx_word' id='word_1_234' title='bbox 312 2568 423 2632; x_wconf 86' lang='grc' dir='ltr'>τὸν,</span> <span class='ocrx_word' id='word_1_235' title='bbox 457 2569 665 2624; x_wconf 80' lang='grc' dir='ltr'>οὐδέπω</span> <span class='ocrx_word' id='word_1_236' title='bbox 697 2571 856 2625; x_wconf 89' lang='grc' dir='ltr'>τοῦτο</span> <span class='ocrx_word' id='word_1_237' title='bbox 880 2572 1273 2628; x_wconf 81' lang='grc' dir='ltr'>ἀποδέδεικται.</span> <span class='ocrx_word' id='word_1_238' title='bbox 1320 2572 1631 2643; x_wconf 76' lang='grc' dir='ltr'>Ἐνδέχεται</span> <span class='ocrx_word' id='word_1_239' title='bbox 1650 2571 1782 2642; x_wconf 88' lang='lat'><strong>1&amp;9,</strong></span> <span class='ocrx_word' id='word_1_240' title='bbox 1820 2571 1979 2641; x_wconf 73' lang='grc' dir='ltr'>φησὶ,</span> 
     </span>
    </p>
   </div>
   <div class='ocr_carea' id='block_1_28' title="bbox 318 2655 1981 2731">
    <p class='ocr_par' dir='ltr' id='par_1_28' title="bbox 318 2655 1981 2731">
     <span class='ocr_line' id='line_1_28' title="bbox 318 2655 1981 2731; baseline 0.007 -23"><span class='ocrx_word' id='word_1_241' title='bbox 318 2655 455 2725; x_wconf 73' lang='grc' dir='ltr'>μηδὲ</span> <span class='ocrx_word' id='word_1_242' title='bbox 496 2657 595 2728; x_wconf 82' lang='grc' dir='ltr'>τὴν</span> <span class='ocrx_word' id='word_1_243' title='bbox 639 2658 817 2712; x_wconf 80' lang='grc' dir='ltr'>κτίσιν</span> <span class='ocrx_word' id='word_1_244' title='bbox 851 2660 1246 2715; x_wconf 80' lang='grc' dir='ltr'>αὐτὸν.είδέναι</span> <span class='ocrx_word' id='word_1_245' title='bbox 1277 2660 1499 2731; x_wconf 83' lang='grc' dir='ltr'>σαφῶς,</span> <span class='ocrx_word' id='word_1_246' title='bbox 1534 2660 1672 2731; x_wconf 85' lang='grc' dir='ltr'>μήτε</span> <span class='ocrx_word' id='word_1_247' title='bbox 1711 2658 1804 2712; x_wconf 82' lang='grc' dir='ltr'>τὸν</span> <span class='ocrx_word' id='word_1_248' title='bbox 1831 2658 1981 2721; x_wconf 74' lang='grc' dir='ltr'>Υίὺνς</span> 
     </span>
    </p>
   </div>
   <div class='ocr_carea' id='block_1_29' title="bbox 316 2740 1983 2817">
    <p class='ocr_par' dir='ltr' id='par_1_29' title="bbox 316 2740 1983 2817">
     <span class='ocr_line' id='line_1_29' title="bbox 316 2740 1983 2817; baseline 0.004 -22"><span class='ocrx_word' id='word_1_249' title='bbox 316 2740 430 2795; x_wconf 87' lang='grc' dir='ltr'>ἀλλ’</span> <span class='ocrx_word' id='word_1_250' title='bbox 455 2744 670 2813; x_wconf 86' lang='grc' dir='ltr'>ἐκείνης</span> <span class='ocrx_word' id='word_1_251' title='bbox 712 2744 865 2817; x_wconf 68' lang='grc'><strong>[486]</strong></span> <span class='ocrx_word' id='word_1_252' title='bbox 896 2747 996 2816; x_wconf 74' lang='grc' dir='ltr'>μὲν</span> <span class='ocrx_word' id='word_1_253' title='bbox 1038 2746 1395 2817; x_wconf 85' lang='grc' dir='ltr'>σαφέστερον,</span> <span class='ocrx_word' id='word_1_254' title='bbox 1422 2747 1523 2816; x_wconf 77' lang='grc' dir='ltr'>τὴν</span> <span class='ocrx_word' id='word_1_255' title='bbox 1569 2745 1750 2817; x_wconf 80' lang='grc' dir='ltr'>μέντοι</span> <span class='ocrx_word' id='word_1_256' title='bbox 1775 2743 1983 2815; x_wconf 81' lang='grc' dir='ltr'>ἀκριϐῆ</span> 
     </span>
    </p>
   </div>
   <div class='ocr_carea' id='block_1_30' title="bbox 315 2828 1984 2904">
    <p class='ocr_par' dir='ltr' id='par_1_30' title="bbox 315 2828 1984 2904">
     <span class='ocr_line' id='line_1_30' title="bbox 315 2828 1984 2904; baseline 0.002 -23"><span class='ocrx_word' id='word_1_257' title='bbox 315 2828 618 2900; x_wconf 77' lang='grc' dir='ltr'>κατάληψιν</span> <span class='ocrx_word' id='word_1_258' title='bbox 651 2831 787 2902; x_wconf 80' lang='grc' dir='ltr'>μηδὲ</span> <span class='ocrx_word' id='word_1_259' title='bbox 825 2831 1014 2887; x_wconf 88' lang='grc' dir='ltr'>τοῦτον</span> <span class='ocrx_word' id='word_1_260' title='bbox 1054 2832 1219 2903; x_wconf 85' lang='grc' dir='ltr'>ἐχειν.</span> <span class='ocrx_word' id='word_1_261' title='bbox 1253 2835 1376 2887; x_wconf 88' lang='grc' dir='ltr'>Ὅτι</span> <span class='ocrx_word' id='word_1_262' title='bbox 1410 2833 1509 2904; x_wconf 79' lang='grc' dir='ltr'>μὲν</span> <span class='ocrx_word' id='word_1_263' title='bbox 1540 2833 1649 2904; x_wconf 85' lang='lat'>1&amp;9</span> <span class='ocrx_word' id='word_1_264' title='bbox 1686 2831 1848 2886; x_wconf 76' lang='grc' dir='ltr'>αὐτὸν</span> <span class='ocrx_word' id='word_1_265' title='bbox 1882 2831 1984 2903; x_wconf 75' lang='grc' dir='ltr'>ὁρᾷ</span> 
     </span>
    </p>
   </div>
   <div class='ocr_carea' id='block_1_31' title="bbox 314 2914 1982 2991">
    <p class='ocr_par' dir='ltr' id='par_1_31' title="bbox 314 2914 1982 2991">
     <span class='ocr_line' id='line_1_31' title="bbox 314 2914 1982 2991; baseline 0.002 -24"><span class='ocrx_word' id='word_1_266' title='bbox 314 2914 453 2985; x_wconf 80' lang='grc' dir='ltr'>ὅπερ</span> <span class='ocrx_word' id='word_1_267' title='bbox 482 2916 601 2969; x_wconf 74' lang='grc' dir='ltr'>ἐστὶ</span> <span class='ocrx_word' id='word_1_268' title='bbox 626 2918 720 2970; x_wconf 79' lang='grc' dir='ltr'>καὶ</span> <span class='ocrx_word' id='word_1_269' title='bbox 750 2917 1007 2986; x_wconf 86' lang='grc' dir='ltr'>γινώσκει</span> <span class='ocrx_word' id='word_1_270' title='bbox 1032 2916 1205 2984; x_wconf 73' lang='grc' dir='ltr'>εἶπεν,</span> <span class='ocrx_word' id='word_1_271' title='bbox 1231 2921 1314 2974; x_wconf 84' lang='grc' dir='ltr'>ὅτι</span> <span class='ocrx_word' id='word_1_272' title='bbox 1340 2919 1398 2973; x_wconf 78' lang='grc' dir='ltr'>δέ</span> <span class='ocrx_word' id='word_1_273' title='bbox 1426 2919 1673 2991; x_wconf 89' lang='grc' dir='ltr'>ἀκριϐῶς</span> <span class='ocrx_word' id='word_1_274' title='bbox 1701 2917 1865 2972; x_wconf 86' lang='grc' dir='ltr'>αὐτὸν</span> <span class='ocrx_word' id='word_1_275' title='bbox 1893 2933 1982 2986; x_wconf 85' lang='grc' dir='ltr'>γι-</span> 
     </span>
    </p>
   </div>
   <div class='ocr_carea' id='block_1_32' title="bbox 315 3000 1981 3075">
    <p class='ocr_par' dir='ltr' id='par_1_32' title="bbox 315 3000 1981 3075">
     <span class='ocr_line' id='line_1_32' title="bbox 315 3000 1981 3075; baseline 0.001 -19"><span class='ocrx_word' id='word_1_276' title='bbox 315 3000 535 3068; x_wconf 85' lang='grc' dir='ltr'>νώσκει,</span> <span class='ocrx_word' id='word_1_277' title='bbox 557 3005 652 3058; x_wconf 80' lang='grc' dir='ltr'>καὶ</span> <span class='ocrx_word' id='word_1_278' title='bbox 673 3003 845 3070; x_wconf 79' lang='grc' dir='ltr'>οὕτως</span> <span class='ocrx_word' id='word_1_279' title='bbox 862 3006 937 3070; x_wconf 85' lang='grc' dir='ltr'>ὡς</span> <span class='ocrx_word' id='word_1_280' title='bbox 961 3007 1124 3071; x_wconf 88' lang='grc' dir='ltr'>αὐτὸς</span> <span class='ocrx_word' id='word_1_281' title='bbox 1144 3006 1357 3073; x_wconf 81' lang='grc' dir='ltr'>ἐαυτὸν,</span> <span class='ocrx_word' id='word_1_282' title='bbox 1380 3004 1532 3060; x_wconf 84' lang='grc' dir='ltr'>οὐπω</span> <span class='ocrx_word' id='word_1_283' title='bbox 1549 3005 1706 3060; x_wconf 90' lang='grc' dir='ltr'>τοῦτο</span> <span class='ocrx_word' id='word_1_284' title='bbox 1727 3004 1981 3075; x_wconf 81' lang='grc' dir='ltr'>ἐδήλωσε.</span> 
     </span>
    </p>
   </div>
   <div class='ocr_carea' id='block_1_33' title="bbox 315 3085 1985 3164">
    <p class='ocr_par' dir='ltr' id='par_1_33' title="bbox 315 3085 1985 3164">
     <span class='ocr_line' id='line_1_33' title="bbox 315 3085 1985 3164; baseline 0.001 -23"><span class='ocrx_word' id='word_1_285' title='bbox 315 3085 577 3143; x_wconf 82' lang='grc' dir='ltr'>Βούλεσθε</span> <span class='ocrx_word' id='word_1_286' title='bbox 628 3086 722 3145; x_wconf 81' lang='grc' dir='ltr'>οῦν</span> <span class='ocrx_word' id='word_1_287' title='bbox 758 3093 852 3146; x_wconf 73' lang='grc' dir='ltr'>καὶ</span> <span class='ocrx_word' id='word_1_288' title='bbox 887 3092 1046 3146; x_wconf 81' lang='grc' dir='ltr'>τοῦτο</span> <span class='ocrx_word' id='word_1_289' title='bbox 1094 3094 1203 3149; x_wconf 61' lang='grc' dir='ltr'>ἀπο</span> <span class='ocrx_word' id='word_1_290' title='bbox 1247 3093 1355 3147; x_wconf 87' lang='grc' dir='ltr'>τῶν</span> <span class='ocrx_word' id='word_1_291' title='bbox 1407 3092 1642 3164; x_wconf 85' lang='grc' dir='ltr'>Γραφῶν</span> <span class='ocrx_word' id='word_1_292' title='bbox 1695 3093 1985 3145; x_wconf 77' lang='grc' dir='ltr'>πιστωσώο</span> 
     </span>
    </p>
   </div>
   <div class='ocr_carea' id='block_1_34' title="bbox 317 3175 1984 3252">
    <p class='ocr_par' dir='ltr' id='par_1_34' title="bbox 317 3175 1984 3252">
     <span class='ocr_line' id='line_1_34' title="bbox 317 3175 1984 3252; baseline 0.001 -23"><span class='ocrx_word' id='word_1_293' title='bbox 317 3175 477 3245; x_wconf 80' lang='grc' dir='ltr'>μεθα,</span> <span class='ocrx_word' id='word_1_294' title='bbox 519 3180 614 3232; x_wconf 78' lang='grc' dir='ltr'>καὶ</span> <span class='ocrx_word' id='word_1_295' title='bbox 649 3178 743 3233; x_wconf 79' lang='grc' dir='ltr'>ἀπ’</span> <span class='ocrx_word' id='word_1_296' title='bbox 772 3180 943 3251; x_wconf 80' lang='grc' dir='ltr'>αὐτῆς</span> <span class='ocrx_word' id='word_1_297' title='bbox 975 3181 1075 3252; x_wconf 77' lang='grc' dir='ltr'>τῆς</span> <span class='ocrx_word' id='word_1_298' title='bbox 1110 3179 1205 3234; x_wconf 87' lang='grc' dir='ltr'>τοῦ</span> <span class='ocrx_word' id='word_1_299' title='bbox 1244 3180 1483 3252; x_wconf 82' lang='grc' dir='ltr'>Χριστοῦ</span> <span class='ocrx_word' id='word_1_300' title='bbox 1522 3180 1741 3250; x_wconf 83' lang='grc' dir='ltr'>φωνῆς;</span> <span class='ocrx_word' id='word_1_301' title='bbox 1774 3177 1984 3232; x_wconf 88' lang='grc' dir='ltr'>Οὐκοῦν</span> 
     </span>
    </p>
   </div>
   <div class='ocr_carea' id='block_1_35' title="bbox 316 3263 1985 3338">
    <p class='ocr_par' dir='ltr' id='par_1_35' title="bbox 316 3263 1985 3338">
     <span class='ocr_line' id='line_1_35' title="bbox 316 3263 1985 3338; baseline 0.007 -24"><span class='ocrx_word' id='word_1_302' title='bbox 316 3263 638 3335; x_wconf 85' lang='grc' dir='ltr'>ἀκούσωμεν</span> <span class='ocrx_word' id='word_1_303' title='bbox 672 3266 726 3319; x_wconf 88' lang='grc' dir='ltr'>τί</span> <span class='ocrx_word' id='word_1_304' title='bbox 761 3284 894 3336; x_wconf 88' lang='grc' dir='ltr'>φησι</span> <span class='ocrx_word' id='word_1_305' title='bbox 926 3268 1064 3338; x_wconf 86' lang='grc' dir='ltr'>πρὸς</span> <span class='ocrx_word' id='word_1_306' title='bbox 1109 3270 1237 3331; x_wconf 80' lang='grc' dir='ltr'>τοὺς</span> <span class='ocrx_word' id='word_1_307' title='bbox 1277 3268 1597 3332; x_wconf 52' lang='grc' dir='ltr'>Ἰουδαίους</span> <span class='ocrx_word' id='word_1_308' title='bbox 1640 3266 1846 3333; x_wconf 81' lang='grc' dir='ltr'>Καθὼς</span> <span class='ocrx_word' id='word_1_309' title='bbox 1899 3283 1985 3335; x_wconf 75' lang='grc' dir='ltr'>τί·</span> 
     </span>
    </p>
   </div>
   <div class='ocr_carea' id='block_1_36' title="bbox 316 3348 1981 3422">
    <p class='ocr_par' dir='ltr' id='par_1_36' title="bbox 316 3348 1981 3422">
     <span class='ocr_line' id='line_1_36' title="bbox 316 3348 1981 3422; baseline 0.002 -20"><span class='ocrx_word' id='word_1_310' title='bbox 316 3348 539 3404; x_wconf 80' lang='grc' dir='ltr'>νώσκει</span> <span class='ocrx_word' id='word_1_311' title='bbox 582 3367 660 3419; x_wconf 88' lang='grc' dir='ltr'>με</span> <span class='ocrx_word' id='word_1_312' title='bbox 694 3354 727 3405; x_wconf 84' lang='grc' dir='ltr'>ό</span> <span class='ocrx_word' id='word_1_313' title='bbox 767 3352 1001 3420; x_wconf 79' lang='grc' dir='ltr'>Πατὴρ,</span> <span class='ocrx_word' id='word_1_314' title='bbox 1038 3352 1200 3421; x_wconf 72' lang='grc' dir='ltr'>κάγὼ</span> <span class='ocrx_word' id='word_1_315' title='bbox 1249 3352 1523 3422; x_wconf 76' lang='grc' dir='ltr'>γινώσκω</span> <span class='ocrx_word' id='word_1_316' title='bbox 1570 3352 1679 3406; x_wconf 87' lang='grc' dir='ltr'>τὸν</span> <span class='ocrx_word' id='word_1_317' title='bbox 1728 3352 1981 3420; x_wconf 81' lang='grc' dir='ltr'>Πατέρα.</span> 
     </span>
    </p>
   </div>
   <div class='ocr_carea' id='block_1_37' title="bbox 317 3433 1983 3509">
    <p class='ocr_par' dir='ltr' id='par_1_37' title="bbox 317 3433 1983 3509">
     <span class='ocr_line' id='line_1_37' title="bbox 317 3433 1983 3509; baseline 0.004 -23"><span class='ocrx_word' id='word_1_318' title='bbox 317 3433 384 3487; x_wconf 86' lang='grc' dir='ltr'>Τί</span> <span class='ocrx_word' id='word_1_319' title='bbox 434 3434 636 3507; x_wconf 84' lang='grc' dir='ltr'>ταύτης</span> <span class='ocrx_word' id='word_1_320' title='bbox 674 3436 1058 3509; x_wconf 85' lang='grc' dir='ltr'>ἀκριϐέστερον</span> <span class='ocrx_word' id='word_1_321' title='bbox 1107 3437 1285 3509; x_wconf 86' lang='grc' dir='ltr'>βούλει</span> <span class='ocrx_word' id='word_1_322' title='bbox 1324 3441 1424 3509; x_wconf 84' lang='grc' dir='ltr'>τῆς</span> <span class='ocrx_word' id='word_1_323' title='bbox 1475 3438 1728 3509; x_wconf 91' lang='grc' dir='ltr'>γνώσεως</span> <span class='ocrx_word' id='word_1_324' title='bbox 1760 3438 1983 3504; x_wconf 85' lang='grc' dir='ltr'>λοιπόν;</span> 
     </span>
    </p>
   </div>
   <div class='ocr_carea' id='block_1_38' title="bbox 329 3522 1986 3599">
    <p class='ocr_par' dir='ltr' id='par_1_38' title="bbox 329 3522 1986 3599">
     <span class='ocr_line' id='line_1_38' title="bbox 329 3522 1986 3599; baseline 0.003 -23"><span class='ocrx_word' id='word_1_325' title='bbox 329 3522 635 3595; x_wconf 85' lang='grc' dir='ltr'>Ἐρώτησον</span> <span class='ocrx_word' id='word_1_326' title='bbox 672 3524 765 3578; x_wconf 78' lang='grc' dir='ltr'>τὸν</span> <span class='ocrx_word' id='word_1_327' title='bbox 803 3527 1151 3596; x_wconf 81' lang='grc' dir='ltr'>ἀντιλέγοντα</span> <span class='ocrx_word' id='word_1_328' title='bbox 1172 3543 1186 3556; x_wconf 89' lang='grc'><strong>·</strong></span> <span class='ocrx_word' id='word_1_329' title='bbox 1217 3523 1356 3581; x_wconf 76' lang='grc' dir='ltr'>οἶδεν</span> <span class='ocrx_word' id='word_1_330' title='bbox 1384 3526 1627 3599; x_wconf 88' lang='grc' dir='ltr'>ἀκριϐῶς</span> <span class='ocrx_word' id='word_1_331' title='bbox 1680 3528 1771 3581; x_wconf 88' lang='lat' dir='ltr'><strong>10v</strong></span> <span class='ocrx_word' id='word_1_332' title='bbox 1808 3527 1933 3581; x_wconf 73' lang='grc' dir='ltr'>Υἱὸν</span> <span class='ocrx_word' id='word_1_333' title='bbox 1957 3528 1986 3581; x_wconf 90' lang='lat'>0</span> 
     </span>
    </p>
   </div>
   <div class='ocr_carea' id='block_1_39' title="bbox 316 3610 1987 3687">
    <p class='ocr_par' dir='ltr' id='par_1_39' title="bbox 316 3610 1987 3687">
     <span class='ocr_line' id='line_1_39' title="bbox 316 3610 1987 3687; baseline 0.003 -24"><span class='ocrx_word' id='word_1_334' title='bbox 316 3610 530 3683; x_wconf 83' lang='grc' dir='ltr'>Πατὴρ,</span> <span class='ocrx_word' id='word_1_335' title='bbox 559 3613 654 3666; x_wconf 76' lang='grc' dir='ltr'>καὶ</span> <span class='ocrx_word' id='word_1_336' title='bbox 691 3615 872 3667; x_wconf 79' lang='grc' dir='ltr'>πᾶσαν</span> <span class='ocrx_word' id='word_1_337' title='bbox 902 3614 1069 3668; x_wconf 86' lang='grc' dir='ltr'>αὐτοῦ</span> <span class='ocrx_word' id='word_1_338' title='bbox 1105 3615 1348 3687; x_wconf 90' lang='grc' dir='ltr'>ἀκριϐῶς</span> <span class='ocrx_word' id='word_1_339' title='bbox 1372 3615 1468 3686; x_wconf 83' lang='grc' dir='ltr'>τὴν</span> <span class='ocrx_word' id='word_1_340' title='bbox 1500 3615 1701 3684; x_wconf 90' lang='grc' dir='ltr'>γνῶσιν</span> <span class='ocrx_word' id='word_1_341' title='bbox 1726 3616 1859 3687; x_wconf 81' lang='grc' dir='ltr'>ἔχει,</span> <span class='ocrx_word' id='word_1_342' title='bbox 1892 3615 1987 3670; x_wconf 76' lang='grc' dir='ltr'>καὶ</span> 
     </span>
    </p>
   </div>
   <div class='ocr_carea' id='block_1_40' title="bbox 316 3697 1986 3772">
    <p class='ocr_par' dir='ltr' id='par_1_40' title="bbox 316 3697 1986 3772">
     <span class='ocr_line' id='line_1_40' title="bbox 316 3697 1986 3772; baseline 0.004 -23"><span class='ocrx_word' id='word_1_343' title='bbox 316 3697 469 3751; x_wconf 88' lang='grc' dir='ltr'>οὐδὲν</span> <span class='ocrx_word' id='word_1_344' title='bbox 511 3700 673 3753; x_wconf 85' lang='grc' dir='ltr'>αὐτὸν</span> <span class='ocrx_word' id='word_1_345' title='bbox 716 3700 967 3755; x_wconf 77' lang='grc' dir='ltr'>λανθάνει</span> <span class='ocrx_word' id='word_1_346' title='bbox 1005 3702 1112 3756; x_wconf 89' lang='grc' dir='ltr'>τῶν</span> <span class='ocrx_word' id='word_1_347' title='bbox 1158 3703 1298 3757; x_wconf 87' lang='grc' dir='ltr'>κατά</span> <span class='ocrx_word' id='word_1_348' title='bbox 1345 3703 1437 3756; x_wconf 79' lang='grc' dir='ltr'>τὸν</span> <span class='ocrx_word' id='word_1_349' title='bbox 1476 3703 1626 3765; x_wconf 84' lang='grc' dir='ltr'>Υίὸν,</span> <span class='ocrx_word' id='word_1_350' title='bbox 1663 3702 1777 3755; x_wconf 83' lang='grc' dir='ltr'>ἀλλ’</span> <span class='ocrx_word' id='word_1_351' title='bbox 1807 3704 1986 3772; x_wconf 87' lang='grc' dir='ltr'>ἀπηρ-</span> 
     </span>
    </p>
   </div>
   <div class='ocr_carea' id='block_1_41' title="bbox 315 3785 1985 3861">
    <p class='ocr_par' dir='ltr' id='par_1_41' title="bbox 315 3785 1985 3861">
     <span class='ocr_line' id='line_1_41' title="bbox 315 3785 1985 3861; baseline 0.004 -26"><span class='ocrx_word' id='word_1_352' title='bbox 315 3785 546 3855; x_wconf 79' lang='grc' dir='ltr'>τισμένη</span> <span class='ocrx_word' id='word_1_353' title='bbox 600 3787 748 3840; x_wconf 82' lang='grc' dir='ltr'>ἐστὶν</span> <span class='ocrx_word' id='word_1_354' title='bbox 797 3790 831 3858; x_wconf 81' lang='grc' dir='ltr'>ἡ</span> <span class='ocrx_word' id='word_1_355' title='bbox 888 3789 1127 3860; x_wconf 85' lang='grc' dir='ltr'>εῖδησις;</span> <span class='ocrx_word' id='word_1_356' title='bbox 1170 3790 1309 3856; x_wconf 89' lang='lat' dir='ltr'><strong><em>Nal,</em></strong></span> <span class='ocrx_word' id='word_1_357' title='bbox 1360 3790 1541 3861; x_wconf 86' lang='grc' dir='ltr'>φησίν.</span> <span class='ocrx_word' id='word_1_358' title='bbox 1584 3788 1813 3854; x_wconf 83' lang='grc' dir='ltr'>Οὐκοῦν,</span> <span class='ocrx_word' id='word_1_359' title='bbox 1857 3789 1985 3842; x_wconf 82' lang='grc' dir='ltr'>ὅταν</span> 
     </span>
    </p>
   </div>
   <div class='ocr_carea' id='block_1_42' title="bbox 316 3868 1983 3943">
    <p class='ocr_par' dir='ltr' id='par_1_42' title="bbox 316 3868 1983 3943">
     <span class='ocr_line' id='line_1_42' title="bbox 316 3868 1983 3943; baseline 0.004 -21"><span class='ocrx_word' id='word_1_360' title='bbox 316 3868 557 3943; x_wconf 83' lang='grc' dir='ltr'>ἀκούσῃς</span> <span class='ocrx_word' id='word_1_361' title='bbox 579 3872 661 3926; x_wconf 81' lang='grc' dir='ltr'>ὅτι</span> <span class='ocrx_word' id='word_1_362' title='bbox 687 3874 781 3928; x_wconf 59' lang='grc' dir='ltr'>καὶ⁸</span> <span class='ocrx_word' id='word_1_363' title='bbox 804 3875 833 3927; x_wconf 94' lang='lat'>0</span> <span class='ocrx_word' id='word_1_364' title='bbox 863 3875 991 3939; x_wconf 72' lang='grc' dir='ltr'>Υίδς</span> <span class='ocrx_word' id='word_1_365' title='bbox 1026 3875 1201 3938; x_wconf 76' lang='grc' dir='ltr'>οὕτως</span> <span class='ocrx_word' id='word_1_366' title='bbox 1227 3875 1389 3930; x_wconf 75' lang='grc' dir='ltr'>αὐτὸν</span> <span class='ocrx_word' id='word_1_367' title='bbox 1421 3873 1561 3930; x_wconf 75' lang='grc' dir='ltr'>οἶδεν</span> <span class='ocrx_word' id='word_1_368' title='bbox 1595 3875 1672 3940; x_wconf 88' lang='grc' dir='ltr'>ώς</span> <span class='ocrx_word' id='word_1_369' title='bbox 1699 3877 1863 3940; x_wconf 87' lang='grc' dir='ltr'>αὐτὸς</span> <span class='ocrx_word' id='word_1_370' title='bbox 1888 3876 1983 3929; x_wconf 88' lang='grc' dir='ltr'>τὸν</span> 
     </span>
    </p>
   </div>
   <div class='ocr_carea' id='block_1_43' title="bbox 318 3955 1985 4034">
    <p class='ocr_par' dir='ltr' id='par_1_43' title="bbox 318 3955 1985 4034">
     <span class='ocr_line' id='line_1_43' title="bbox 318 3955 1985 4034; baseline 0.004 -25"><span class='ocrx_word' id='word_1_371' title='bbox 318 3955 465 4023; x_wconf 84' lang='grc' dir='ltr'>Υίὸν,</span> <span class='ocrx_word' id='word_1_372' title='bbox 496 3958 663 4030; x_wconf 71' lang='grc' dir='ltr'>μηδὲν</span> <span class='ocrx_word' id='word_1_373' title='bbox 699 3959 779 4013; x_wconf 79' lang='grc' dir='ltr'>ἐτι</span> <span class='ocrx_word' id='word_1_374' title='bbox 808 3960 961 4031; x_wconf 78' lang='grc' dir='ltr'>ζήτει</span> <span class='ocrx_word' id='word_1_375' title='bbox 1000 3962 1183 4027; x_wconf 82' lang='grc' dir='ltr'>πλέον,</span> <span class='ocrx_word' id='word_1_376' title='bbox 1221 3961 1365 4016; x_wconf 75' lang='grc' dir='ltr'>οὕτω</span> <span class='ocrx_word' id='word_1_377' title='bbox 1400 3963 1541 4033; x_wconf 87' lang='grc' dir='ltr'>μετά</span> <span class='ocrx_word' id='word_1_378' title='bbox 1571 3962 1859 4034; x_wconf 88' lang='grc' dir='ltr'>ἀκριϐείας</span> <span class='ocrx_word' id='word_1_379' title='bbox 1883 3962 1985 4033; x_wconf 79' lang='grc' dir='ltr'>τῆς</span> 
     </span>
    </p>
   </div>
   <div class='ocr_carea' id='block_1_44' title="bbox 313 4042 1986 4120">
    <p class='ocr_par' dir='ltr' id='par_1_44' title="bbox 313 4042 1986 4120">
     <span class='ocr_line' id='line_1_44' title="bbox 313 4042 1986 4120; baseline 0.002 -23"><span class='ocrx_word' id='word_1_380' title='bbox 313 4042 570 4112; x_wconf 87' lang='grc' dir='ltr'>γνώσεως</span> <span class='ocrx_word' id='word_1_381' title='bbox 601 4046 976 4117; x_wconf 73' lang='grc' dir='ltr'>ἐξισαζούσης.</span> <span class='ocrx_word' id='word_1_382' title='bbox 1014 4047 1117 4102; x_wconf 86' lang='lat' dir='ltr'>Kal</span> <span class='ocrx_word' id='word_1_383' title='bbox 1148 4049 1256 4120; x_wconf 89' lang='lat'>1&amp;9</span> <span class='ocrx_word' id='word_1_384' title='bbox 1283 4050 1378 4103; x_wconf 78' lang='grc' dir='ltr'>καὶ</span> <span class='ocrx_word' id='word_1_385' title='bbox 1405 4050 1637 4119; x_wconf 86' lang='grc' dir='ltr'>ἀλλαχοῦ</span> <span class='ocrx_word' id='word_1_386' title='bbox 1669 4050 1826 4103; x_wconf 88' lang='grc' dir='ltr'>τοῦτο</span> <span class='ocrx_word' id='word_1_387' title='bbox 1853 4049 1986 4102; x_wconf 84' lang='grc' dir='ltr'>αὐτὸ</span> 
     </span>
    </p>
   </div>
   <div class='ocr_carea' id='block_1_45' title="bbox 314 4129 1984 4204">
    <p class='ocr_par' dir='ltr' id='par_1_45' title="bbox 314 4129 1984 4204">
     <span class='ocr_line' id='line_1_45' title="bbox 314 4129 1984 4204; baseline 0.004 -21"><span class='ocrx_word' id='word_1_388' title='bbox 314 4129 597 4200; x_wconf 70' lang='grc' dir='ltr'>ἐμφαίνων</span> <span class='ocrx_word' id='word_1_389' title='bbox 636 4132 854 4201; x_wconf 79' lang='grc' dir='ltr'>ἐλεγεν·</span> <span class='ocrx_word' id='word_1_390' title='bbox 905 4132 1116 4197; x_wconf 78' lang='grc' dir='ltr'>οὐδεὶς</span> <span class='ocrx_word' id='word_1_391' title='bbox 1144 4133 1425 4202; x_wconf 79' lang='grc' dir='ltr'>γινώσκει</span> <span class='ocrx_word' id='word_1_392' title='bbox 1464 4135 1571 4188; x_wconf 88' lang='grc' dir='ltr'>τόν</span> <span class='ocrx_word' id='word_1_393' title='bbox 1611 4136 1769 4200; x_wconf 80' lang='grc' dir='ltr'>Υἱὸν,</span> <span class='ocrx_word' id='word_1_394' title='bbox 1808 4137 1864 4189; x_wconf 82' lang='grc' dir='ltr'>εί</span> <span class='ocrx_word' id='word_1_395' title='bbox 1896 4135 1984 4204; x_wconf 81' lang='grc' dir='ltr'>μὴ</span> 
     </span>
    </p>
   </div>
   <div class='ocr_carea' id='block_1_46' title="bbox 313 4217 1985 4293">
    <p class='ocr_par' dir='ltr' id='par_1_46' title="bbox 313 4217 1985 4293">
     <span class='ocr_line' id='line_1_46' title="bbox 313 4217 1985 4293; baseline 0.003 -22"><span class='ocrx_word' id='word_1_396' title='bbox 313 4218 350 4271; x_wconf 82' lang='grc' dir='ltr'><em>ὀ</em></span> <span class='ocrx_word' id='word_1_397' title='bbox 391 4217 617 4286; x_wconf 75' lang='grc' dir='ltr'>Πατὴρ,</span> <span class='ocrx_word' id='word_1_398' title='bbox 647 4217 791 4272; x_wconf 79' lang='grc' dir='ltr'>οὐδὲ</span> <span class='ocrx_word' id='word_1_399' title='bbox 827 4218 934 4271; x_wconf 83' lang='grc' dir='ltr'>τὸν</span> <span class='ocrx_word' id='word_1_400' title='bbox 965 4219 1197 4286; x_wconf 82' lang='grc' dir='ltr'>Πατέρα</span> <span class='ocrx_word' id='word_1_401' title='bbox 1240 4237 1331 4286; x_wconf 81' lang='grc' dir='ltr'>τις</span> <span class='ocrx_word' id='word_1_402' title='bbox 1372 4218 1771 4291; x_wconf 62' lang='grc' dir='ltr'>ἐπιγινώσκει,</span> <span class='ocrx_word' id='word_1_403' title='bbox 1803 4225 1857 4276; x_wconf 86' lang='grc' dir='ltr'>εὶ</span> <span class='ocrx_word' id='word_1_404' title='bbox 1896 4221 1985 4293; x_wconf 78' lang='grc' dir='ltr'>μὴ</span> 
     </span>
    </p>
   </div>
   <div class='ocr_carea' id='block_1_47' title="bbox 315 4297 1981 4378">
    <p class='ocr_par' dir='ltr' id='par_1_47' title="bbox 315 4297 1981 4378">
     <span class='ocr_line' id='line_1_47' title="bbox 315 4297 1981 4378; baseline 0.005 -23"><span class='ocrx_word' id='word_1_405' title='bbox 315 4302 352 4356; x_wconf 81' lang='grc' dir='ltr'><em>ὁ</em></span> <span class='ocrx_word' id='word_1_406' title='bbox 395 4302 545 4368; x_wconf 83' lang='grc' dir='ltr'>Υἱὸς,</span> <span class='ocrx_word' id='word_1_407' title='bbox 597 4303 697 4356; x_wconf 76' lang='grc' dir='ltr'>καί</span> <span class='ocrx_word' id='word_1_408' title='bbox 733 4297 781 4370; x_wconf 81' lang='grc' dir='ltr'>ᾧ</span> <span class='ocrx_word' id='word_1_409' title='bbox 815 4304 925 4358; x_wconf 83' lang='grc' dir='ltr'>ἐὰν</span> <span class='ocrx_word' id='word_1_410' title='bbox 965 4305 1262 4372; x_wconf 80' lang='grc' dir='ltr'>,βούληται</span> <span class='ocrx_word' id='word_1_411' title='bbox 1304 4309 1337 4361; x_wconf 85' lang='grc' dir='ltr'>ό</span> <span class='ocrx_word' id='word_1_412' title='bbox 1388 4308 1520 4374; x_wconf 80' lang='grc' dir='ltr'>Υἱὸς</span> <span class='ocrx_word' id='word_1_413' title='bbox 1568 4310 1981 4378; x_wconf 66' lang='grc' dir='ltr'>ἀποκαλύψαι.</span> 
     </span>
    </p>
   </div>
   <div class='ocr_carea' id='block_1_48' title="bbox 328 4386 1986 4467">
    <p class='ocr_par' dir='ltr' id='par_1_48' title="bbox 328 4386 1986 4467">
     <span class='ocr_line' id='line_1_48' title="bbox 328 4386 1986 4467; baseline 0.005 -27"><span class='ocrx_word' id='word_1_414' title='bbox 328 4388 726 4442; x_wconf 80' lang='grc' dir='ltr'>Ἀποκαλύπτει</span> <span class='ocrx_word' id='word_1_415' title='bbox 753 4388 832 4452; x_wconf 76' lang='grc' dir='ltr'>δὲ,</span> <span class='ocrx_word' id='word_1_416' title='bbox 856 4391 954 4460; x_wconf 84' lang='grc' dir='ltr'>οὐχ</span> <span class='ocrx_word' id='word_1_417' title='bbox 984 4391 1107 4443; x_wconf 85' lang='grc' dir='ltr'>ὅσον</span> <span class='ocrx_word' id='word_1_418' title='bbox 1133 4392 1295 4455; x_wconf 83' lang='grc' dir='ltr'>αὐτὸς</span> <span class='ocrx_word' id='word_1_419' title='bbox 1321 4386 1483 4457; x_wconf 82' lang='grc' dir='ltr'>οἶδεν,</span> <span class='ocrx_word' id='word_1_420' title='bbox 1516 4394 1630 4447; x_wconf 82' lang='grc' dir='ltr'>ἀλλ’</span> <span class='ocrx_word' id='word_1_421' title='bbox 1664 4396 1787 4449; x_wconf 87' lang='grc' dir='ltr'>ὅσον</span> <span class='ocrx_word' id='word_1_422' title='bbox 1826 4399 1986 4467; x_wconf 78' lang='grc' dir='ltr'>ἡμεῖς</span> 
     </span>
    </p>
   </div>
   <div class='ocr_carea' id='block_1_49' title="bbox 315 4473 1986 4553">
    <p class='ocr_par' dir='ltr' id='par_1_49' title="bbox 315 4473 1986 4553">
     <span class='ocr_line' id='line_1_49' title="bbox 315 4473 1986 4553; baseline 0.005 -26"><span class='ocrx_word' id='word_1_423' title='bbox 315 4473 620 4547; x_wconf 86' lang='grc' dir='ltr'>χωροῦμεν.</span> <span class='ocrx_word' id='word_1_424' title='bbox 645 4475 711 4531; x_wconf 79' lang='grc' dir='ltr'>Εἰ</span> <span class='ocrx_word' id='word_1_425' title='bbox 744 4476 854 4547; x_wconf 87' lang='lat'>1&amp;9</span> <span class='ocrx_word' id='word_1_426' title='bbox 880 4478 908 4529; x_wconf 95' lang='lat'>0</span> <span class='ocrx_word' id='word_1_427' title='bbox 939 4477 1152 4541; x_wconf 80' lang='grc' dir='ltr'>Παῦλος</span> <span class='ocrx_word' id='word_1_428' title='bbox 1181 4478 1345 4532; x_wconf 85' lang='grc' dir='ltr'>τοῦτο</span> <span class='ocrx_word' id='word_1_429' title='bbox 1371 4483 1537 4546; x_wconf 88' lang='grc' dir='ltr'>ποιεῖ,</span> <span class='ocrx_word' id='word_1_430' title='bbox 1573 4481 1752 4553; x_wconf 80' lang='grc' dir='ltr'>πολλῷ</span> <span class='ocrx_word' id='word_1_431' title='bbox 1781 4483 1986 4553; x_wconf 75' lang='grc' dir='ltr'>μᾶλλον</span> 
     </span>
    </p>
   </div>
   <div class='ocr_carea' id='block_1_50' title="bbox 314 4562 1983 4639">
    <p class='ocr_par' dir='ltr' id='par_1_50' title="bbox 314 4562 1983 4639">
     <span class='ocr_line' id='line_1_50' title="bbox 314 4562 1983 4639; baseline 0.004 -23"><span class='ocrx_word' id='word_1_432' title='bbox 314 4565 345 4616; x_wconf 90' lang='lat'>0</span> <span class='ocrx_word' id='word_1_433' title='bbox 365 4562 626 4631; x_wconf 73' lang='grc' dir='ltr'>Χριστόςο</span> <span class='ocrx_word' id='word_1_434' title='bbox 653 4563 750 4618; x_wconf 74' lang='grc' dir='ltr'>καὶ</span> <span class='ocrx_word' id='word_1_435' title='bbox 776 4563 885 4633; x_wconf 89' lang='lat'>1&amp;9</span> <span class='ocrx_word' id='word_1_436' title='bbox 916 4564 1121 4628; x_wconf 85' lang='grc' dir='ltr'>ἐκεῖνός</span> <span class='ocrx_word' id='word_1_437' title='bbox 1146 4582 1278 4636; x_wconf 90' lang='grc' dir='ltr'>φησι</span> <span class='ocrx_word' id='word_1_438' title='bbox 1309 4570 1422 4630; x_wconf 84' lang='grc' dir='ltr'>τοῖς</span> <span class='ocrx_word' id='word_1_439' title='bbox 1452 4567 1647 4620; x_wconf 83' lang='grc' dir='ltr'>ἐαυτοῦ</span> <span class='ocrx_word' id='word_1_440' title='bbox 1683 4568 1949 4639; x_wconf 81' lang='grc' dir='ltr'>μαθηταῖς</span> <span class='ocrx_word' id='word_1_441' title='bbox 1967 4588 1983 4601; x_wconf 90' lang='grc'><strong>·</strong></span> 
     </span>
    </p>
   </div>
   <div class='ocr_carea' id='block_1_51' title="bbox 318 4649 1984 4722">
    <p class='ocr_par' dir='ltr' id='par_1_51' title="bbox 318 4649 1984 4722">
     <span class='ocr_line' id='line_1_51' title="bbox 318 4649 1984 4722; baseline 0.006 -22"><span class='ocrx_word' id='word_1_442' title='bbox 318 4650 441 4701; x_wconf 68' lang='grc' dir='ltr'>Οὐκ</span> <span class='ocrx_word' id='word_1_443' title='bbox 467 4649 784 4719; x_wconf 78' lang='grc' dir='ltr'>ἠδυνήθην</span> <span class='ocrx_word' id='word_1_444' title='bbox 811 4650 953 4720; x_wconf 82' lang='grc' dir='ltr'>ὑμῖν</span> <span class='ocrx_word' id='word_1_445' title='bbox 977 4651 1244 4718; x_wconf 82' lang='grc' dir='ltr'>λαλῆσαι</span> <span class='ocrx_word' id='word_1_446' title='bbox 1272 4654 1353 4719; x_wconf 86' lang='grc' dir='ltr'>ὡς</span> <span class='ocrx_word' id='word_1_447' title='bbox 1378 4655 1821 4722; x_wconf 74' lang='grc' dir='ltr'>πνευματικοῖς,</span> <span class='ocrx_word' id='word_1_448' title='bbox 1849 4657 1984 4709; x_wconf 75' lang='grc' dir='ltr'>ἀλλ’</span> 
     </span>
    </p>
   </div>
   <div class='ocr_carea' id='block_1_52' title="bbox 314 4734 1986 4811">
    <p class='ocr_par' dir='ltr' id='par_1_52' title="bbox 314 4734 1986 4811">
     <span class='ocr_line' id='line_1_52' title="bbox 314 4734 1986 4811; baseline 0.008 -27"><span class='ocrx_word' id='word_1_449' title='bbox 314 4734 395 4797; x_wconf 84' lang='grc' dir='ltr'>ὡς</span> <span class='ocrx_word' id='word_1_450' title='bbox 436 4736 781 4803; x_wconf 74' lang='grc' dir='ltr'>σαρκικοῒςσ</span> <span class='ocrx_word' id='word_1_451' title='bbox 816 4739 897 4804; x_wconf 84' lang='grc' dir='ltr'>ὡς</span> <span class='ocrx_word' id='word_1_452' title='bbox 930 4740 1187 4806; x_wconf 80' lang='grc' dir='ltr'>νηπίους</span> <span class='ocrx_word' id='word_1_453' title='bbox 1233 4741 1303 4792; x_wconf 77' lang='grc' dir='ltr'>ἐν</span> <span class='ocrx_word' id='word_1_454' title='bbox 1357 4739 1587 4808; x_wconf 85' lang='grc' dir='ltr'>Χριστῷ</span> <span class='ocrx_word' id='word_1_455' title='bbox 1635 4741 1790 4811; x_wconf 68' lang='grc' dir='ltr'>γάλα</span> <span class='ocrx_word' id='word_1_456' title='bbox 1830 4742 1986 4810; x_wconf 86' lang='grc' dir='ltr'>ὑμᾶς</span> 
     </span>
    </p>
   </div>
   <div class='ocr_carea' id='block_1_53' title="bbox 315 4818 1985 4895">
    <p class='ocr_par' dir='ltr' id='par_1_53' title="bbox 315 4818 1985 4895">
     <span class='ocr_line' id='line_1_53' title="bbox 315 4818 1985 4895; baseline 0.007 -24"><span class='ocrx_word' id='word_1_457' title='bbox 315 4818 600 4884; x_wconf 80' lang='grc' dir='ltr'>ἐπότισα,</span> <span class='ocrx_word' id='word_1_458' title='bbox 650 4824 723 4876; x_wconf 82' lang='grc' dir='ltr'>οὐ</span> <span class='ocrx_word' id='word_1_459' title='bbox 777 4823 1019 4893; x_wconf 74' lang='grc' dir='ltr'>βρῶμα·</span> <span class='ocrx_word' id='word_1_460' title='bbox 1070 4826 1235 4879; x_wconf 83' lang='grc' dir='ltr'>οὔπω</span> <span class='ocrx_word' id='word_1_461' title='bbox 1290 4825 1402 4895; x_wconf 79' lang='grc' dir='ltr'>γὰρ</span> <span class='ocrx_word' id='word_1_462' title='bbox 1464 4827 1789 4894; x_wconf 76' lang='grc' dir='ltr'>ἠδύνασθε.</span> <span class='ocrx_word' id='word_1_463' title='bbox 1827 4829 1985 4883; x_wconf 82' lang='grc' dir='ltr'>Ἀλλά</span> 
     </span>
    </p>
   </div>
   <div class='ocr_carea' id='block_1_54' title="bbox 318 4909 1987 4984">
    <p class='ocr_par' dir='ltr' id='par_1_54' title="bbox 318 4909 1987 4984">
     <span class='ocr_line' id='line_1_54' title="bbox 318 4909 1987 4984; baseline 0.007 -23"><span class='ocrx_word' id='word_1_464' title='bbox 318 4909 628 4981; x_wconf 82' lang='grc' dir='ltr'>Κορινθίοις</span> <span class='ocrx_word' id='word_1_465' title='bbox 668 4910 847 4977; x_wconf 86' lang='grc' dir='ltr'>τοῦτο,</span> <span class='ocrx_word' id='word_1_466' title='bbox 881 4914 1067 4983; x_wconf 84' lang='grc' dir='ltr'>φησὶν,</span> <span class='ocrx_word' id='word_1_467' title='bbox 1096 4914 1248 4983; x_wconf 84' lang='grc' dir='ltr'>ἐλεγε</span> <span class='ocrx_word' id='word_1_468' title='bbox 1279 4915 1460 4984; x_wconf 86' lang='grc' dir='ltr'>μόνον.</span> <span class='ocrx_word' id='word_1_469' title='bbox 1500 4916 1565 4968; x_wconf 95' lang='grc' dir='ltr'>Τί</span> <span class='ocrx_word' id='word_1_470' title='bbox 1612 4913 1725 4982; x_wconf 79' lang='grc' dir='ltr'>οὖν,</span> <span class='ocrx_word' id='word_1_471' title='bbox 1756 4918 1821 4970; x_wconf 89' lang='grc' dir='ltr'>ἂν</span> <span class='ocrx_word' id='word_1_472' title='bbox 1887 4918 1987 4972; x_wconf 77' lang='grc' dir='ltr'>δείο</span> 
     </span>
    </p>
   </div>
   <div class='ocr_carea' id='block_1_55' title="bbox 317 4995 1985 5074">
    <p class='ocr_par' dir='ltr' id='par_1_55' title="bbox 317 4995 1985 5074">
     <span class='ocr_line' id='line_1_55' title="bbox 317 4995 1985 5074; baseline 0.005 -25"><span class='ocrx_word' id='word_1_473' title='bbox 317 4995 498 5066; x_wconf 80' lang='grc' dir='ltr'>ξωμεν</span> <span class='ocrx_word' id='word_1_474' title='bbox 560 4998 641 5051; x_wconf 84' lang='grc' dir='ltr'>ὅτι</span> <span class='ocrx_word' id='word_1_475' title='bbox 703 5000 798 5052; x_wconf 79' lang='grc' dir='ltr'>καὶ</span> <span class='ocrx_word' id='word_1_476' title='bbox 846 4999 1009 5070; x_wconf 86' lang='grc' dir='ltr'>ἐτερά</span> <span class='ocrx_word' id='word_1_477' title='bbox 1060 5001 1088 5040; x_wconf 72' lang='grc' dir='ltr'>δ</span> <span class='ocrx_word' id='word_1_478' title='bbox 1149 5018 1302 5063; x_wconf 89' lang='grc' dir='ltr'>τινα,</span> <span class='ocrx_word' id='word_1_479' title='bbox 1350 5001 1386 5055; x_wconf 78' lang='grc' dir='ltr'>ἃ</span> <span class='ocrx_word' id='word_1_480' title='bbox 1439 5003 1627 5072; x_wconf 76' lang='grc' dir='ltr'>μηδεὶς</span> <span class='ocrx_word' id='word_1_481' title='bbox 1681 5002 1985 5074; x_wconf 89' lang='grc' dir='ltr'>ἀνθρώπων</span> 
     </span>
    </p>
   </div>
   <div class='ocr_carea' id='block_1_56' title="bbox 315 5082 1987 5158">
    <p class='ocr_par' dir='ltr' id='par_1_56' title="bbox 315 5082 1987 5158">
     <span class='ocr_line' id='line_1_56' title="bbox 315 5082 1987 5158; baseline 0.007 -24"><span class='ocrx_word' id='word_1_482' title='bbox 315 5082 519 5153; x_wconf 85' lang='grc' dir='ltr'>ἐμαθεν</span> <span class='ocrx_word' id='word_1_483' title='bbox 549 5085 695 5156; x_wconf 76' lang='grc' dir='ltr'>ᾔδει,</span> <span class='ocrx_word' id='word_1_484' title='bbox 738 5088 834 5141; x_wconf 80' lang='grc' dir='ltr'>καὶ</span> <span class='ocrx_word' id='word_1_485' title='bbox 879 5088 1087 5158; x_wconf 83' lang='grc' dir='ltr'>ἀπῆλθε</span> <span class='ocrx_word' id='word_1_486' title='bbox 1132 5089 1294 5158; x_wconf 87' lang='grc' dir='ltr'>μόνος</span> <span class='ocrx_word' id='word_1_487' title='bbox 1328 5089 1469 5143; x_wconf 90' lang='grc' dir='ltr'>αὐτά</span> <span class='ocrx_word' id='word_1_488' title='bbox 1500 5090 1607 5143; x_wconf 91' lang='grc' dir='ltr'>τῶν</span> <span class='ocrx_word' id='word_1_489' title='bbox 1642 5091 1858 5145; x_wconf 89' lang='grc' dir='ltr'>πάντων</span> <span class='ocrx_word' id='word_1_490' title='bbox 1891 5094 1987 5145; x_wconf 88' lang='grc' dir='ltr'>ἀν-</span> 
     </span>
    </p>
   </div>
   <div class='ocr_carea' id='block_1_57' title="bbox 318 5169 1984 5251">
    <p class='ocr_par' dir='ltr' id='par_1_57' title="bbox 318 5169 1984 5251">
     <span class='ocr_line' id='line_1_57' title="bbox 318 5169 1984 5251; baseline 0.005 -28"><span class='ocrx_word' id='word_1_491' title='bbox 318 5169 549 5241; x_wconf 84' lang='grc' dir='ltr'>θρώπων</span> <span class='ocrx_word' id='word_1_492' title='bbox 592 5174 781 5239; x_wconf 80' lang='grc' dir='ltr'>είδώςς</span> <span class='ocrx_word' id='word_1_493' title='bbox 831 5176 939 5228; x_wconf 81' lang='grc' dir='ltr'>Καὶ</span> <span class='ocrx_word' id='word_1_494' title='bbox 982 5175 1086 5228; x_wconf 89' lang='grc' dir='ltr'>ποῦ</span> <span class='ocrx_word' id='word_1_495' title='bbox 1135 5175 1295 5229; x_wconf 88' lang='grc' dir='ltr'>τοῦτο</span> <span class='ocrx_word' id='word_1_496' title='bbox 1341 5176 1487 5230; x_wconf 81' lang='grc' dir='ltr'>ἐστιν</span> <span class='ocrx_word' id='word_1_497' title='bbox 1533 5179 1749 5247; x_wconf 85' lang='grc' dir='ltr'>εὑρεῖν;</span> <span class='ocrx_word' id='word_1_498' title='bbox 1793 5180 1881 5232; x_wconf 87' lang='grc' dir='ltr'>Ἐν</span> <span class='ocrx_word' id='word_1_499' title='bbox 1917 5183 1984 5251; x_wconf 83' lang='grc' dir='ltr'>τῇ</span> 
     </span>
    </p>
   </div>
   <div class='ocr_carea' id='block_1_58' title="bbox 319 5256 1983 5334">
    <p class='ocr_par' dir='ltr' id='par_1_58' title="bbox 319 5256 1983 5334">
     <span class='ocr_line' id='line_1_58' title="bbox 319 5256 1983 5334; baseline 0.005 -23"><span class='ocrx_word' id='word_1_500' title='bbox 319 5256 455 5328; x_wconf 76' lang='grc' dir='ltr'>πρὸς</span> <span class='ocrx_word' id='word_1_501' title='bbox 502 5261 823 5330; x_wconf 81' lang='grc' dir='ltr'>Κορινθίους</span> <span class='ocrx_word' id='word_1_502' title='bbox 866 5261 1156 5333; x_wconf 77' lang='grc' dir='ltr'>ἐπιστολῇ⁶</span> <span class='ocrx_word' id='word_1_503' title='bbox 1199 5256 1356 5326; x_wconf 80' lang='grc' dir='ltr'>οὗτος</span> <span class='ocrx_word' id='word_1_504' title='bbox 1393 5263 1503 5333; x_wconf 87' lang='grc' dir='ltr'>γάρ</span> <span class='ocrx_word' id='word_1_505' title='bbox 1539 5265 1686 5318; x_wconf 81' lang='grc' dir='ltr'>ἐστιν</span> <span class='ocrx_word' id='word_1_506' title='bbox 1720 5266 1748 5318; x_wconf 91' lang='lat'>0</span> <span class='ocrx_word' id='word_1_507' title='bbox 1788 5265 1983 5334; x_wconf 90' lang='grc' dir='ltr'>λέγων,</span> 
     </span>
    </p>
   </div>
   <div class='ocr_carea' id='block_1_59' title="bbox 394 5534 1986 5609">
    <p class='ocr_par' dir='ltr' id='par_1_59' title="bbox 394 5534 1986 5609">
     <span class='ocr_line' id='line_1_59' title="bbox 394 5534 1986 5609; baseline 0.012 -27"><span class='ocrx_word' id='word_1_508' title='bbox 394 5534 531 5609; x_wconf 65' lang='lat' dir='ltr'>‘A_lii</span> <span class='ocrx_word' id='word_1_509' title='bbox 559 5540 870 5609; x_wconf 64' lang='grc' dir='ltr'>συνείλεκταιδ</span> <span class='ocrx_word' id='word_1_510' title='bbox 899 5539 1055 5609; x_wconf 63' lang='grc' dir='ltr'>μιυιο</span> <span class='ocrx_word' id='word_1_511' title='bbox 1084 5546 1196 5604; x_wconf 82' lang='lat' dir='ltr'>post</span> <span class='ocrx_word' id='word_1_512' title='bbox 1219 5542 1436 5605; x_wconf 83' lang='lat' dir='ltr'>quinque</span> <span class='ocrx_word' id='word_1_513' title='bbox 1460 5558 1573 5595; x_wconf 86' lang='lat' dir='ltr'>mss.</span> <span class='ocrx_word' id='word_1_514' title='bbox 1597 5552 1651 5596; x_wconf 79' lang='lat' dir='ltr'>et</span> <span class='ocrx_word' id='word_1_515' title='bbox 1669 5546 1823 5599; x_wconf 81' lang='lat' dir='ltr'>Savil.</span> <span class='ocrx_word' id='word_1_516' title='bbox 1844 5552 1986 5602; x_wconf 87' lang='grc' dir='ltr'>λοιπὰ</span> 
     </span>
    </p>
   </div>
   <div class='ocr_carea' id='block_1_60' title="bbox 325 5597 884 5661">
    <p class='ocr_par' dir='ltr' id='par_1_60' title="bbox 325 5597 884 5661">
     <span class='ocr_line' id='line_1_60' title="bbox 325 5597 884 5661; baseline 0.005 -15"><span class='ocrx_word' id='word_1_517' title='bbox 325 5597 529 5661; x_wconf 68' lang='grc' dir='ltr'>γίνεσθαι</span> <span class='ocrx_word' id='word_1_518' title='bbox 547 5600 678 5660; x_wconf 80' lang='grc' dir='ltr'>μέρη·</span> <span class='ocrx_word' id='word_1_519' title='bbox 705 5602 759 5646; x_wconf 80' lang='grc' dir='ltr'>τὸ</span> <span class='ocrx_word' id='word_1_520' title='bbox 780 5602 884 5661; x_wconf 82' lang='grc' dir='ltr'>γάρ.</span> 
     </span>
    </p>
   </div>
   <div class='ocr_carea' id='block_1_61' title="bbox 389 5618 1889 5731">
    <p class='ocr_par' dir='ltr' id='par_1_61' title="bbox 389 5618 1889 5731">
     <span class='ocr_line' id='line_1_61' title="bbox 389 5618 884 5661; baseline 0.008 -16"><span class='ocrx_word' id='word_1_521' title='bbox 389 5618 528 5646; x_wconf 74' lang='grc' dir='ltr'>νευυαι</span> <span class='ocrx_word' id='word_1_522' title='bbox 547 5618 678 5660; x_wconf 79' lang='grc' dir='ltr'>μερη·</span> <span class='ocrx_word' id='word_1_523' title='bbox 705 5618 759 5646; x_wconf 82' lang='grc' dir='ltr'>το</span> <span class='ocrx_word' id='word_1_524' title='bbox 780 5618 838 5661; x_wconf 85' lang='grc' dir='ltr'>γα</span> <span class='ocrx_word' id='word_1_525' title='bbox 874 5639 884 5649; x_wconf 94' lang='grc'>.</span> 
     </span>
     <span class='ocr_line' id='line_1_62' title="bbox 389 5618 1889 5731; baseline 0.013 -30"><span class='ocrx_word' id='word_1_526' title='bbox 389 5658 422 5701; x_wconf 71' lang='grc' dir='ltr'>δ</span> <span class='ocrx_word' id='word_1_527' title='bbox 441 5658 664 5718; x_wconf 81' lang='lat' dir='ltr'>Quinque</span> <span class='ocrx_word' id='word_1_528' title='bbox 697 5673 809 5709; x_wconf 78' lang='lat' dir='ltr'>mss.</span> <span class='ocrx_word' id='word_1_529' title='bbox 838 5618 1061 5717; x_wconf 62' lang='grc' dir='ltr'>ἕείεωυιεν</span> <span class='ocrx_word' id='word_1_530' title='bbox 1085 5663 1243 5714; x_wconf 70' lang='grc' dir='ltr'>εἰδότα</span> <span class='ocrx_word' id='word_1_531' title='bbox 1281 5665 1361 5714; x_wconf 84' lang='grc' dir='ltr'>καὶ</span> <span class='ocrx_word' id='word_1_532' title='bbox 1382 5666 1578 5731; x_wconf 68' lang='grc' dir='ltr'>ἔτερα...</span> <span class='ocrx_word' id='word_1_533' title='bbox 1600 5670 1764 5731; x_wconf 75' lang='grc' dir='ltr'>ἔμαθεν</span> <span class='ocrx_word' id='word_1_534' title='bbox 1780 5672 1889 5729; x_wconf 83' lang='grc' dir='ltr'>ἤδη.</span> 
     </span>
    </p>
   </div>
   <div class='ocr_carea' id='block_1_62' title="bbox 1093 293 2947 353">
    <p class='ocr_par' dir='ltr' id='par_1_62' title="bbox 1093 293 2947 353">
     <span class='ocr_line' id='line_1_63' title="bbox 1093 293 2947 353; baseline -0.003 -2"><span class='ocrx_word' id='word_1_535' title='bbox 1093 300 1151 351; x_wconf 86' lang='lat' dir='ltr'>S.</span> <span class='ocrx_word' id='word_1_536' title='bbox 1193 298 1474 352; x_wconf 70' lang='lat' dir='ltr'>liHNMS</span> <span class='ocrx_word' id='word_1_537' title='bbox 1508 296 1999 353; x_wconf 67' lang='lat' dir='ltr'>(IIIIWSUSTOMI</span> <span class='ocrx_word' id='word_1_538' title='bbox 2037 296 2358 352; x_wconf 79' lang='lat' dir='ltr'>ARCIIIEP.</span> <span class='ocrx_word' id='word_1_539' title='bbox 2401 293 2947 351; x_wconf 80' lang='lat' dir='ltr'>CONSTANTINOP.</span> 
     </span>
    </p>
   </div>
   <div class='ocr_carea' id='block_1_63' title="bbox 3657 289 3766 345">
    <p class='ocr_par' dir='ltr' id='par_1_63' title="bbox 3657 289 3766 345">
     <span class='ocr_line' id='line_1_64' title="bbox 3657 289 3766 345; baseline 0.037 -5"><span class='ocrx_word' id='word_1_540' title='bbox 3657 289 3766 345; x_wconf 61' lang='grc' dir='ltr'>τις</span> 
     </span>
    </p>
   </div>
   <div class='ocr_carea' id='block_1_64' title="bbox 2092 402 3767 478">
    <p class='ocr_par' dir='ltr' id='par_1_64' title="bbox 2092 402 3767 478">
     <span class='ocr_line' id='line_1_65' title="bbox 2092 402 3767 478; baseline -0.006 -14"><span class='ocrx_word' id='word_1_541' title='bbox 2092 413 2171 464; x_wconf 66' lang='grc' dir='ltr'>ὅτι</span> <span class='ocrx_word' id='word_1_542' title='bbox 2216 413 2479 465; x_wconf 77' lang='grc' dir='ltr'>Ἤκουσα</span> <span class='ocrx_word' id='word_1_543' title='bbox 2519 409 2744 478; x_wconf 74' lang='grc' dir='ltr'>ἄρρητα</span> <span class='ocrx_word' id='word_1_544' title='bbox 2771 409 3029 476; x_wconf 73' lang='grc' dir='ltr'>ῥήματα,</span> <span class='ocrx_word' id='word_1_545' title='bbox 3057 405 3095 458; x_wconf 77' lang='grc' dir='ltr'>ιῖ</span> <span class='ocrx_word' id='word_1_546' title='bbox 3135 407 3244 457; x_wconf 77' lang='grc' dir='ltr'>οὐκ</span> <span class='ocrx_word' id='word_1_547' title='bbox 3294 405 3435 467; x_wconf 78' lang='grc' dir='ltr'>ἐξὸν</span> <span class='ocrx_word' id='word_1_548' title='bbox 3469 402 3767 471; x_wconf 59' lang='grc' dir='ltr'>ἀνθρώπῳ</span> 
     </span>
    </p>
   </div>
   <div class='ocr_carea' id='block_1_65' title="bbox 2089 489 3766 567">
    <p class='ocr_par' dir='ltr' id='par_1_65' title="bbox 2089 489 3766 567">
     <span class='ocr_line' id='line_1_66' title="bbox 2089 489 3766 567; baseline -0.006 -14"><span class='ocrx_word' id='word_1_549' title='bbox 2089 498 2378 567; x_wconf 78' lang='grc' dir='ltr'>λαλῆσαι.</span> <span class='ocrx_word' id='word_1_550' title='bbox 2417 498 2557 551; x_wconf 78' lang='grc' dir='ltr'>Ἀλλ’</span> <span class='ocrx_word' id='word_1_551' title='bbox 2581 499 2733 567; x_wconf 84' lang='grc' dir='ltr'>ὅμως</span> <span class='ocrx_word' id='word_1_552' title='bbox 2776 496 2871 550; x_wconf 74' lang='grc' dir='ltr'>καὶ</span> <span class='ocrx_word' id='word_1_553' title='bbox 2901 495 3061 557; x_wconf 77' lang='grc' dir='ltr'>αὐτὸς</span> <span class='ocrx_word' id='word_1_554' title='bbox 3110 489 3263 555; x_wconf 74' lang='grc' dir='ltr'>οὗτος</span> <span class='ocrx_word' id='word_1_555' title='bbox 3296 494 3390 545; x_wconf 75' lang='grc' dir='ltr'>καὶ</span> <span class='ocrx_word' id='word_1_556' title='bbox 3433 492 3559 544; x_wconf 84' lang='grc' dir='ltr'>τότε</span> <span class='ocrx_word' id='word_1_557' title='bbox 3595 491 3766 545; x_wconf 83' lang='grc' dir='ltr'>ἀκού·</span> 
     </span>
    </p>
   </div>
   <div class='ocr_carea' id='block_1_66' title="bbox 2091 576 3764 657">
    <p class='ocr_par' dir='ltr' id='par_1_66' title="bbox 2091 576 3764 657">
     <span class='ocr_line' id='line_1_67' title="bbox 2091 576 3764 657; baseline -0.006 -20"><span class='ocrx_word' id='word_1_558' title='bbox 2091 602 2188 649; x_wconf 89' lang='grc' dir='ltr'>σας</span> <span class='ocrx_word' id='word_1_559' title='bbox 2236 587 2450 657; x_wconf 74' lang='grc' dir='ltr'>ἄρρητα</span> <span class='ocrx_word' id='word_1_560' title='bbox 2503 584 2744 654; x_wconf 80' lang='grc' dir='ltr'>ῥήματα,</span> <span class='ocrx_word' id='word_1_561' title='bbox 2774 582 2811 636; x_wconf 79' lang='grc' dir='ltr'>ἃ.</span> <span class='ocrx_word' id='word_1_562' title='bbox 2844 582 2945 634; x_wconf 89' lang='grc' dir='ltr'>οὐκ</span> <span class='ocrx_word' id='word_1_563' title='bbox 2997 580 3116 644; x_wconf 81' lang='grc' dir='ltr'>ἐξὸν</span> <span class='ocrx_word' id='word_1_564' title='bbox 3166 576 3440 649; x_wconf 86' lang='grc' dir='ltr'>ἀνθρώπῳ</span> <span class='ocrx_word' id='word_1_565' title='bbox 3486 576 3764 646; x_wconf 70' lang='grc' dir='ltr'>λαλῆσαι,</span> 
     </span>
    </p>
   </div>
   <div class='ocr_carea' id='block_1_67' title="bbox 2091 667 3767 745">
    <p class='ocr_par' dir='ltr' id='par_1_67' title="bbox 2091 667 3767 745">
     <span class='ocr_line' id='line_1_68' title="bbox 2091 667 3767 745; baseline -0.005 -17"><span class='ocrx_word' id='word_1_566' title='bbox 2091 675 2320 745; x_wconf 80' lang='grc' dir='ltr'>μερικὴν</span> <span class='ocrx_word' id='word_1_567' title='bbox 2351 674 2465 744; x_wconf 79' lang='grc' dir='ltr'>ἔχει</span> <span class='ocrx_word' id='word_1_568' title='bbox 2502 673 2700 742; x_wconf 89' lang='grc' dir='ltr'>γνῶσιν</span> <span class='ocrx_word' id='word_1_569' title='bbox 2734 673 2829 725; x_wconf 75' lang='grc' dir='ltr'>καὶ</span> <span class='ocrx_word' id='word_1_570' title='bbox 2859 671 2993 725; x_wconf 87' lang='grc' dir='ltr'>πολύ</span> <span class='ocrx_word' id='word_1_571' title='bbox 3020 672 3120 742; x_wconf 83' lang='grc' dir='ltr'>τῆς</span> <span class='ocrx_word' id='word_1_572' title='bbox 3148 668 3445 740; x_wconf 89' lang='grc' dir='ltr'>μελλούσης</span> <span class='ocrx_word' id='word_1_573' title='bbox 3490 667 3767 721; x_wconf 79' lang='grc' dir='ltr'>ἀποδέου-</span> 
     </span>
    </p>
   </div>
   <div class='ocr_carea' id='block_1_68' title="bbox 2088 754 3769 831">
    <p class='ocr_par' dir='ltr' id='par_1_68' title="bbox 2088 754 3769 831">
     <span class='ocr_line' id='line_1_69' title="bbox 2088 754 3769 831; baseline -0.004 -20"><span class='ocrx_word' id='word_1_574' title='bbox 2088 777 2206 816; x_wconf 91' lang='grc' dir='ltr'>σαν.</span> <span class='ocrx_word' id='word_1_575' title='bbox 2230 761 2400 825; x_wconf 81' lang='grc' dir='ltr'>Αὐτὸς</span> <span class='ocrx_word' id='word_1_576' title='bbox 2432 761 2539 831; x_wconf 91' lang='lat'>1&amp;9</span> <span class='ocrx_word' id='word_1_577' title='bbox 2558 762 2587 813; x_wconf 97' lang='lat'>0</span> <span class='ocrx_word' id='word_1_578' title='bbox 2620 758 2789 813; x_wconf 87' lang='grc' dir='ltr'>ταῦτα</span> <span class='ocrx_word' id='word_1_579' title='bbox 2818 757 2987 812; x_wconf 86' lang='grc' dir='ltr'>εἰπὼν</span> <span class='ocrx_word' id='word_1_580' title='bbox 3014 759 3239 810; x_wconf 88' lang='grc' dir='ltr'>κάκεῖνα</span> <span class='ocrx_word' id='word_1_581' title='bbox 3274 757 3514 827; x_wconf 76' lang='grc' dir='ltr'>εἴρηκεν,</span> <span class='ocrx_word' id='word_1_582' title='bbox 3543 755 3635 807; x_wconf 80' lang='grc' dir='ltr'>ὅτι</span> <span class='ocrx_word' id='word_1_583' title='bbox 3670 754 3769 805; x_wconf 79' lang='grc' dir='ltr'>Ἐκ</span> 
     </span>
    </p>
   </div>
   <div class='ocr_carea' id='block_1_69' title="bbox 2080 844 3763 916">
    <p class='ocr_par' dir='ltr' id='par_1_69' title="bbox 2080 844 3763 916">
     <span class='ocr_line' id='line_1_70' title="bbox 2080 844 3763 916; baseline -0.005 -14"><span class='ocrx_word' id='word_1_584' title='bbox 2080 848 2303 916; x_wconf 82' lang='grc' dir='ltr'>μέρους</span> <span class='ocrx_word' id='word_1_585' title='bbox 2342 845 2735 916; x_wconf 76' lang='grc' dir='ltr'>γινώσκομεν,</span> <span class='ocrx_word' id='word_1_586' title='bbox 2765 845 2864 898; x_wconf 80' lang='grc' dir='ltr'>καὶ</span> <span class='ocrx_word' id='word_1_587' title='bbox 2897 846 2967 898; x_wconf 85' lang='grc' dir='ltr'>ἐκ</span> <span class='ocrx_word' id='word_1_588' title='bbox 2997 844 3221 913; x_wconf 81' lang='grc' dir='ltr'>μέρους</span> <span class='ocrx_word' id='word_1_589' title='bbox 3266 845 3763 911; x_wconf 55' lang='grc' dir='ltr'>προφητεύομεν</span> 
     </span>
    </p>
   </div>
   <div class='ocr_carea' id='block_1_70' title="bbox 2087 929 3768 1003">
    <p class='ocr_par' dir='ltr' id='par_1_70' title="bbox 2087 929 3768 1003">
     <span class='ocr_line' id='line_1_71' title="bbox 2087 929 3768 1003; baseline -0.004 -16"><span class='ocrx_word' id='word_1_590' title='bbox 2087 937 2199 997; x_wconf 82' lang='grc' dir='ltr'>καὶ,</span> <span class='ocrx_word' id='word_1_591' title='bbox 2224 935 2353 987; x_wconf 86' lang='grc' dir='ltr'>Ὅτε</span> <span class='ocrx_word' id='word_1_592' title='bbox 2385 933 2547 1003; x_wconf 76' lang='grc' dir='ltr'>ἥμην</span> <span class='ocrx_word' id='word_1_593' title='bbox 2575 932 2811 998; x_wconf 72' lang='grc' dir='ltr'>νήπιος,</span> <span class='ocrx_word' id='word_1_594' title='bbox 2840 933 2922 997; x_wconf 87' lang='grc' dir='ltr'>ὠς</span> <span class='ocrx_word' id='word_1_595' title='bbox 2949 932 3167 997; x_wconf 75' lang='grc' dir='ltr'>νήπιος</span> <span class='ocrx_word' id='word_1_596' title='bbox 3201 931 3486 995; x_wconf 83' lang='grc' dir='ltr'>ἐλάλουν,</span> <span class='ocrx_word' id='word_1_597' title='bbox 3523 931 3616 995; x_wconf 88' lang='grc' dir='ltr'>ὠς</span> <span class='ocrx_word' id='word_1_598' title='bbox 3655 929 3768 995; x_wconf 74' lang='grc' dir='ltr'>νή⁸</span> 
     </span>
    </p>
   </div>
   <div class='ocr_carea' id='block_1_71' title="bbox 2085 1018 3769 1090">
    <p class='ocr_par' dir='ltr' id='par_1_71' title="bbox 2085 1018 3769 1090">
     <span class='ocr_line' id='line_1_72' title="bbox 2085 1018 3769 1090; baseline -0.002 -16"><span class='ocrx_word' id='word_1_599' title='bbox 2085 1038 2220 1087; x_wconf 81' lang='grc' dir='ltr'>πιος</span> <span class='ocrx_word' id='word_1_600' title='bbox 2264 1022 2581 1090; x_wconf 64' lang='grc' dir='ltr'>ἐφρόνουν.</span> <span class='ocrx_word' id='word_1_601' title='bbox 2628 1021 2710 1090; x_wconf 80' lang='grc' dir='ltr'>ώς</span> <span class='ocrx_word' id='word_1_602' title='bbox 2760 1018 2978 1087; x_wconf 77' lang='grc' dir='ltr'>νήπιος</span> <span class='ocrx_word' id='word_1_603' title='bbox 3021 1018 3403 1089; x_wconf 57' lang='grc' dir='ltr'>ἐλογιζόμην</span> <span class='ocrx_word' id='word_1_604' title='bbox 3438 1019 3556 1083; x_wconf 84' lang='grc' dir='ltr'>καὶ,</span> <span class='ocrx_word' id='word_1_605' title='bbox 3604 1019 3769 1085; x_wconf 81' lang='grc' dir='ltr'>Ἄρτι</span> 
     </span>
    </p>
   </div>
   <div class='ocr_carea' id='block_1_72' title="bbox 2078 1102 3765 1171">
    <p class='ocr_par' dir='ltr' id='par_1_72' title="bbox 2078 1102 3765 1171">
     <span class='ocr_line' id='line_1_73' title="bbox 2078 1102 3765 1171; baseline -0.004 -12"><span class='ocrx_word' id='word_1_606' title='bbox 2078 1105 2292 1169; x_wconf 79' lang='grc' dir='ltr'>,ϐλέπω</span> <span class='ocrx_word' id='word_1_607' title='bbox 2335 1104 2409 1157; x_wconf 74' lang='grc' dir='ltr'>δι’</span> <span class='ocrx_word' id='word_1_608' title='bbox 2437 1105 2736 1171; x_wconf 76' lang='grc' dir='ltr'>ἐσόπτρου</span> <span class='ocrx_word' id='word_1_609' title='bbox 2768 1103 2838 1157; x_wconf 82' lang='grc' dir='ltr'>ἐν</span> <span class='ocrx_word' id='word_1_610' title='bbox 2883 1104 3215 1171; x_wconf 73' lang='grc' dir='ltr'>αἰνίγματι,</span> <span class='ocrx_word' id='word_1_611' title='bbox 3263 1103 3395 1155; x_wconf 85' lang='grc' dir='ltr'>τότε</span> <span class='ocrx_word' id='word_1_612' title='bbox 3432 1102 3501 1153; x_wconf 77' lang='grc' dir='ltr'>δὲ</span> <span class='ocrx_word' id='word_1_613' title='bbox 3561 1105 3765 1168; x_wconf 79' lang='grc' dir='ltr'>πρόσ-</span> 
     </span>
    </p>
   </div>
   <div class='ocr_carea' id='block_1_73' title="bbox 2083 1188 3768 1260">
    <p class='ocr_par' dir='ltr' id='par_1_73' title="bbox 2083 1188 3768 1260">
     <span class='ocr_line' id='line_1_74' title="bbox 2083 1188 3768 1260; baseline -0.003 -17"><span class='ocrx_word' id='word_1_614' title='bbox 2083 1204 2246 1245; x_wconf 72' lang='grc' dir='ltr'>ωπον</span> <span class='ocrx_word' id='word_1_615' title='bbox 2273 1191 2424 1259; x_wconf 80' lang='grc' dir='ltr'>,πρὸς</span> <span class='ocrx_word' id='word_1_616' title='bbox 2468 1191 2813 1260; x_wconf 85' lang='grc' dir='ltr'>πρόσωπον.</span> <span class='ocrx_word' id='word_1_617' title='bbox 2839 1191 3002 1243; x_wconf 81' lang='grc' dir='ltr'>Ὥστε</span> <span class='ocrx_word' id='word_1_618' title='bbox 3045 1191 3110 1242; x_wconf 86' lang='grc' dir='ltr'>ἐκ</span> <span class='ocrx_word' id='word_1_619' title='bbox 3146 1188 3349 1242; x_wconf 89' lang='grc' dir='ltr'>τούτων</span> <span class='ocrx_word' id='word_1_620' title='bbox 3386 1190 3516 1260; x_wconf 79' lang='grc' dir='ltr'>ἡμῖν</span> <span class='ocrx_word' id='word_1_621' title='bbox 3566 1189 3768 1242; x_wconf 75' lang='grc' dir='ltr'>ἅπασα</span> 
     </span>
    </p>
   </div>
   <div class='ocr_carea' id='block_1_74' title="bbox 2083 1274 3766 1348">
    <p class='ocr_par' dir='ltr' id='par_1_74' title="bbox 2083 1274 3766 1348">
     <span class='ocr_line' id='line_1_75' title="bbox 2083 1274 3766 1348; baseline -0.004 -17"><span class='ocrx_word' id='word_1_622' title='bbox 2083 1277 2262 1331; x_wconf 90' lang='grc' dir='ltr'>αὐτῶν</span> <span class='ocrx_word' id='word_1_623' title='bbox 2308 1279 2342 1345; x_wconf 85' lang='grc' dir='ltr'>ἡ</span> <span class='ocrx_word' id='word_1_624' title='bbox 2418 1277 2688 1348; x_wconf 83' lang='grc' dir='ltr'>σκευωρία</span> <span class='ocrx_word' id='word_1_625' title='bbox 2722 1288 2743 1315; x_wconf 75' lang='grc' dir='ltr'>ε</span> <span class='ocrx_word' id='word_1_626' title='bbox 2810 1276 3218 1347; x_wconf 66' lang='grc' dir='ltr'>διελήλεγκταυ</span> <span class='ocrx_word' id='word_1_627' title='bbox 3268 1276 3396 1330; x_wconf 81' lang='grc' dir='ltr'>ὅταν</span> <span class='ocrx_word' id='word_1_628' title='bbox 3443 1275 3555 1343; x_wconf 84' lang='lat'>1&amp;9</span> <span class='ocrx_word' id='word_1_629' title='bbox 3621 1274 3766 1342; x_wconf 69' lang='grc' dir='ltr'>αὐτὴ</span> 
     </span>
    </p>
   </div>
   <div class='ocr_carea' id='block_1_75' title="bbox 2082 1361 3766 1435">
    <p class='ocr_par' dir='ltr' id='par_1_75' title="bbox 2082 1361 3766 1435">
     <span class='ocr_line' id='line_1_76' title="bbox 2082 1361 3766 1435; baseline -0.002 -18"><span class='ocrx_word' id='word_1_630' title='bbox 2082 1367 2115 1435; x_wconf 80' lang='grc' dir='ltr'>ἡ</span> <span class='ocrx_word' id='word_1_631' title='bbox 2143 1366 2297 1418; x_wconf 90' lang='grc' dir='ltr'>οὐσία</span> <span class='ocrx_word' id='word_1_632' title='bbox 2328 1367 2606 1435; x_wconf 81' lang='grc' dir='ltr'>ἀγνοῆται,</span> <span class='ocrx_word' id='word_1_633' title='bbox 2647 1365 2747 1434; x_wconf 85' lang='grc' dir='ltr'>οὐχ</span> <span class='ocrx_word' id='word_1_634' title='bbox 2785 1366 2866 1417; x_wconf 85' lang='grc' dir='ltr'>ὅτι</span> <span class='ocrx_word' id='word_1_635' title='bbox 2910 1363 3080 1424; x_wconf 85' lang='grc' dir='ltr'>ἐστιν,</span> <span class='ocrx_word' id='word_1_636' title='bbox 3109 1363 3244 1416; x_wconf 87' lang='grc' dir='ltr'>ἀλλά</span> <span class='ocrx_word' id='word_1_637' title='bbox 3291 1363 3343 1414; x_wconf 90' lang='grc' dir='ltr'>τί</span> <span class='ocrx_word' id='word_1_638' title='bbox 3386 1365 3556 1422; x_wconf 83' lang='grc' dir='ltr'>ἐστιν,</span> <span class='ocrx_word' id='word_1_639' title='bbox 3590 1361 3766 1430; x_wconf 77' lang='grc' dir='ltr'>ἐσχά-</span> 
     </span>
    </p>
   </div>
   <div class='ocr_carea' id='block_1_76' title="bbox 2081 1448 3766 1522">
    <p class='ocr_par' dir='ltr' id='par_1_76' title="bbox 2081 1448 3766 1522">
     <span class='ocr_line' id='line_1_77' title="bbox 2081 1448 3766 1522; baseline -0.002 -18"><span class='ocrx_word' id='word_1_640' title='bbox 2081 1468 2181 1522; x_wconf 86' lang='grc' dir='ltr'>της</span> <span class='ocrx_word' id='word_1_641' title='bbox 2214 1451 2280 1505; x_wconf 80' lang='grc' dir='ltr'>ἂν</span> <span class='ocrx_word' id='word_1_642' title='bbox 2308 1450 2392 1520; x_wconf 80' lang='grc' dir='ltr'>εἴη</span> <span class='ocrx_word' id='word_1_643' title='bbox 2437 1450 2634 1519; x_wconf 83' lang='grc' dir='ltr'>μανίας</span> <span class='ocrx_word' id='word_1_644' title='bbox 2662 1451 2756 1503; x_wconf 81' lang='grc' dir='ltr'>καὶ</span> <span class='ocrx_word' id='word_1_645' title='bbox 2787 1450 2957 1520; x_wconf 77' lang='grc' dir='ltr'>ὄνομα</span> <span class='ocrx_word' id='word_1_646' title='bbox 2991 1451 3127 1521; x_wconf 75' lang='grc' dir='ltr'>αὐτῇ</span> <span class='ocrx_word' id='word_1_647' title='bbox 3180 1448 3406 1503; x_wconf 82' lang='grc' dir='ltr'>τιθέναι.</span> <span class='ocrx_word' id='word_1_648' title='bbox 3437 1449 3642 1502; x_wconf 86' lang='grc' dir='ltr'>Καίτοι</span> <span class='ocrx_word' id='word_1_649' title='bbox 3700 1465 3766 1514; x_wconf 89' lang='grc' dir='ltr'>γε</span> 
     </span>
    </p>
   </div>
   <div class='ocr_carea' id='block_1_77' title="bbox 2084 1530 3769 1607">
    <p class='ocr_par' dir='ltr' id='par_1_77' title="bbox 2084 1530 3769 1607">
     <span class='ocr_line' id='line_1_78' title="bbox 2084 1530 3769 1607; baseline -0.003 -17"><span class='ocrx_word' id='word_1_650' title='bbox 2084 1538 2177 1590; x_wconf 79' lang='grc' dir='ltr'>καὶ</span> <span class='ocrx_word' id='word_1_651' title='bbox 2225 1539 2274 1589; x_wconf 80' lang='grc' dir='ltr'>εί</span> <span class='ocrx_word' id='word_1_652' title='bbox 2317 1536 2454 1607; x_wconf 81' lang='grc' dir='ltr'>δήλη</span> <span class='ocrx_word' id='word_1_653' title='bbox 2501 1536 2597 1590; x_wconf 73' lang='grc' dir='ltr'>καὶ</span> <span class='ocrx_word' id='word_1_654' title='bbox 2648 1536 2921 1607; x_wconf 86' lang='grc' dir='ltr'>γνώριμος</span> <span class='ocrx_word' id='word_1_655' title='bbox 2968 1532 3058 1606; x_wconf 78' lang='grc' dir='ltr'>ἦν,</span> <span class='ocrx_word' id='word_1_656' title='bbox 3103 1536 3224 1589; x_wconf 76' lang='grc' dir='ltr'>οὐδὲ</span> <span class='ocrx_word' id='word_1_657' title='bbox 3270 1535 3443 1599; x_wconf 80' lang='grc' dir='ltr'>οὕτως</span> <span class='ocrx_word' id='word_1_658' title='bbox 3499 1530 3571 1606; x_wconf 79' lang='grc' dir='ltr'>ἦν</span> <span class='ocrx_word' id='word_1_659' title='bbox 3627 1536 3769 1604; x_wconf 75' lang='grc' dir='ltr'>ἡμῖν</span> 
     </span>
    </p>
   </div>
   <div class='ocr_carea' id='block_1_78' title="bbox 2083 1621 3769 1693">
    <p class='ocr_par' dir='ltr' id='par_1_78' title="bbox 2083 1621 3769 1693">
     <span class='ocr_line' id='line_1_79' title="bbox 2083 1621 3769 1693; baseline -0.001 -18"><span class='ocrx_word' id='word_1_660' title='bbox 2083 1623 2319 1693; x_wconf 84' lang='grc' dir='ltr'>ἀσφαλὲς</span> <span class='ocrx_word' id='word_1_661' title='bbox 2358 1623 2551 1685; x_wconf 82' lang='grc' dir='ltr'>αὐτοὺς</span> <span class='ocrx_word' id='word_1_662' title='bbox 2579 1621 2787 1675; x_wconf 77' lang='grc' dir='ltr'>οἴκοθεν</span> <span class='ocrx_word' id='word_1_663' title='bbox 2821 1624 2915 1675; x_wconf 76' lang='grc' dir='ltr'>καὶ</span> <span class='ocrx_word' id='word_1_664' title='bbox 2959 1624 3089 1693; x_wconf 85' lang='grc' dir='ltr'>παρ’</span> <span class='ocrx_word' id='word_1_665' title='bbox 3133 1622 3340 1676; x_wconf 79' lang='grc' dir='ltr'>ἑαυτῶν</span> <span class='ocrx_word' id='word_1_666' title='bbox 3373 1621 3769 1691; x_wconf 77' lang='grc' dir='ltr'>προσηγορίαν</span> 
     </span>
    </p>
   </div>
   <div class='ocr_carea' id='block_1_79' title="bbox 2083 1706 3769 1780">
    <p class='ocr_par' dir='ltr' id='par_1_79' title="bbox 2083 1706 3769 1780">
     <span class='ocr_line' id='line_1_80' title="bbox 2083 1706 3769 1780; baseline -0.002 -18"><span class='ocrx_word' id='word_1_667' title='bbox 2083 1709 2379 1763; x_wconf 72' lang='grc' dir='ltr'>ἐπιτιθέναι</span> <span class='ocrx_word' id='word_1_668' title='bbox 2421 1711 2489 1780; x_wconf 80' lang='grc' dir='ltr'>τῇ</span> <span class='ocrx_word' id='word_1_669' title='bbox 2535 1707 2629 1761; x_wconf 86' lang='grc' dir='ltr'>τοῦ</span> <span class='ocrx_word' id='word_1_670' title='bbox 2675 1708 2949 1761; x_wconf 90' lang='grc' dir='ltr'>Δεσπότου</span> <span class='ocrx_word' id='word_1_671' title='bbox 3000 1706 3179 1779; x_wconf 61' lang='grc' dir='ltr'>οὐσίᾳ.</span> <span class='ocrx_word' id='word_1_672' title='bbox 3216 1710 3280 1761; x_wconf 81' lang='grc' dir='ltr'>ΕΞ</span> <span class='ocrx_word' id='word_1_673' title='bbox 3326 1708 3435 1778; x_wconf 90' lang='lat'>1&amp;9</span> <span class='ocrx_word' id='word_1_674' title='bbox 3465 1710 3493 1761; x_wconf 90' lang='lat'>0</span> <span class='ocrx_word' id='word_1_675' title='bbox 3541 1707 3769 1769; x_wconf 82' lang='grc' dir='ltr'>Παῦλος</span> 
     </span>
    </p>
   </div>
   <div class='ocr_carea' id='block_1_80' title="bbox 2081 1792 3763 1865">
    <p class='ocr_par' dir='ltr' id='par_1_80' title="bbox 2081 1792 3763 1865">
     <span class='ocr_line' id='line_1_81' title="bbox 2081 1792 3763 1865; baseline -0.001 -18"><span class='ocrx_word' id='word_1_676' title='bbox 2081 1797 2203 1857; x_wconf 88' lang='grc' dir='ltr'>ταῖς</span> <span class='ocrx_word' id='word_1_677' title='bbox 2236 1794 2349 1847; x_wconf 85' lang='grc' dir='ltr'>ἀνω</span> <span class='ocrx_word' id='word_1_678' title='bbox 2394 1794 2687 1864; x_wconf 87' lang='grc' dir='ltr'>δυνάμεσιν</span> <span class='ocrx_word' id='word_1_679' title='bbox 2730 1795 2831 1847; x_wconf 88' lang='grc' dir='ltr'>οὐκ</span> <span class='ocrx_word' id='word_1_680' title='bbox 2876 1794 3175 1864; x_wconf 86' lang='grc' dir='ltr'>ἐτόλμησεν</span> <span class='ocrx_word' id='word_1_681' title='bbox 3226 1795 3469 1865; x_wconf 87' lang='grc' dir='ltr'>ὀνόματα</span> <span class='ocrx_word' id='word_1_682' title='bbox 3505 1792 3763 1846; x_wconf 79' lang='grc' dir='ltr'>ἐπιτιθέ-</span> 
     </span>
    </p>
   </div>
   <div class='ocr_carea' id='block_1_81' title="bbox 2082 1878 3763 1949">
    <p class='ocr_par' dir='ltr' id='par_1_81' title="bbox 2082 1878 3763 1949">
     <span class='ocr_line' id='line_1_82' title="bbox 2082 1878 3763 1949; baseline 0.001 -19"><span class='ocrx_word' id='word_1_683' title='bbox 2082 1896 2203 1944; x_wconf 90' lang='grc' dir='ltr'>ναι,</span> <span class='ocrx_word' id='word_1_684' title='bbox 2251 1880 2365 1934; x_wconf 75' lang='grc' dir='ltr'>ἀλλ⁹</span> <span class='ocrx_word' id='word_1_685' title='bbox 2410 1880 2599 1945; x_wconf 80' lang='grc' dir='ltr'>εἰπὼν,</span> <span class='ocrx_word' id='word_1_686' title='bbox 2639 1881 2721 1935; x_wconf 84' lang='grc' dir='ltr'>ὅτι</span> <span class='ocrx_word' id='word_1_687' title='bbox 2776 1880 3044 1936; x_wconf 79' lang='grc' dir='ltr'>Ἐκάθισε</span> <span class='ocrx_word' id='word_1_688' title='bbox 3096 1882 3202 1935; x_wconf 86' lang='grc' dir='ltr'>τὸν</span> <span class='ocrx_word' id='word_1_689' title='bbox 3253 1880 3509 1949; x_wconf 83' lang='grc' dir='ltr'>Χριστὸν</span> <span class='ocrx_word' id='word_1_690' title='bbox 3546 1878 3763 1933; x_wconf 75' lang='grc' dir='ltr'>ἐπάνω</span> 
     </span>
    </p>
   </div>
   <div class='ocr_carea' id='block_1_82' title="bbox 2084 1961 3765 2033">
    <p class='ocr_par' dir='ltr' id='par_1_82' title="bbox 2084 1961 3765 2033">
     <span class='ocr_line' id='line_1_83' title="bbox 2084 1961 3765 2033; baseline -0.001 -18"><span class='ocrx_word' id='word_1_691' title='bbox 2084 1961 2287 2031; x_wconf 81' lang='grc' dir='ltr'>πάσης</span> <span class='ocrx_word' id='word_1_692' title='bbox 2306 1961 2497 2032; x_wconf 82' lang='grc' dir='ltr'>ἀρχῆς</span> <span class='ocrx_word' id='word_1_693' title='bbox 2530 1964 2628 2018; x_wconf 77' lang='grc' dir='ltr'>καὶ</span> <span class='ocrx_word' id='word_1_694' title='bbox 2663 1963 2949 2030; x_wconf 76' lang='grc' dir='ltr'>ἐξουσίας</span> <span class='ocrx_word' id='word_1_695' title='bbox 2981 1963 3427 2033; x_wconf 73' lang='grc' dir='ltr'>καὶδυνάμεως,</span> <span class='ocrx_word' id='word_1_696' title='bbox 3458 1962 3556 2016; x_wconf 72' lang='grc' dir='ltr'>καὶ</span> <span class='ocrx_word' id='word_1_697' title='bbox 3604 1978 3765 2014; x_wconf 71' lang='grc' dir='ltr'>παν-</span> 
     </span>
    </p>
   </div>
   <div class='ocr_carea' id='block_1_83' title="bbox 2084 2047 3759 2119">
    <p class='ocr_par' dir='ltr' id='par_1_83' title="bbox 2084 2047 3759 2119">
     <span class='ocr_line' id='line_1_84' title="bbox 2084 2047 3759 2119; baseline -0.001 -19"><span class='ocrx_word' id='word_1_698' title='bbox 2084 2047 2187 2114; x_wconf 83' lang='grc' dir='ltr'>τός</span> <span class='ocrx_word' id='word_1_699' title='bbox 2223 2049 2513 2119; x_wconf 85' lang='grc' dir='ltr'>ὀνόματος</span> <span class='ocrx_word' id='word_1_700' title='bbox 2549 2050 3001 2119; x_wconf 78' lang='grc' dir='ltr'>ὀνομαζομένου,</span> <span class='ocrx_word' id='word_1_701' title='bbox 3031 2052 3103 2103; x_wconf 86' lang='grc' dir='ltr'>οὐ</span> <span class='ocrx_word' id='word_1_702' title='bbox 3136 2052 3327 2119; x_wconf 84' lang='grc' dir='ltr'>μόνον</span> <span class='ocrx_word' id='word_1_703' title='bbox 3359 2050 3430 2101; x_wconf 82' lang='grc' dir='ltr'>ἐν</span> <span class='ocrx_word' id='word_1_704' title='bbox 3460 2048 3540 2113; x_wconf 85' lang='grc' dir='ltr'>τῷ</span> <span class='ocrx_word' id='word_1_705' title='bbox 3579 2047 3759 2102; x_wconf 65' lang='grc' dir='ltr'>αἰῶνι</span> 
     </span>
    </p>
   </div>
   <div class='ocr_carea' id='block_1_84' title="bbox 2083 2135 3763 2206">
    <p class='ocr_par' dir='ltr' id='par_1_84' title="bbox 2083 2135 3763 2206">
     <span class='ocr_line' id='line_1_85' title="bbox 2083 2135 3763 2206; baseline 0.005 -19"><span class='ocrx_word' id='word_1_706' title='bbox 2083 2136 2289 2203; x_wconf 86' lang='grc' dir='ltr'>τούτῳ,</span> <span class='ocrx_word' id='word_1_707' title='bbox 2316 2135 2477 2190; x_wconf 83' lang='grc' dir='ltr'>ἀλλὰ</span> <span class='ocrx_word' id='word_1_708' title='bbox 2509 2136 2608 2191; x_wconf 77' lang='grc' dir='ltr'>καὶ</span> <span class='ocrx_word' id='word_1_709' title='bbox 2638 2138 2709 2190; x_wconf 78' lang='grc' dir='ltr'>ἐν</span> <span class='ocrx_word' id='word_1_710' title='bbox 2753 2136 2834 2202; x_wconf 83' lang='grc' dir='ltr'>τῷ</span> <span class='ocrx_word' id='word_1_711' title='bbox 2872 2137 3182 2205; x_wconf 78' lang='grc' dir='ltr'>μέλλοντι,</span> <span class='ocrx_word' id='word_1_712' title='bbox 3214 2138 3308 2189; x_wconf 79' lang='grc' dir='ltr'>καὶ</span> <span class='ocrx_word' id='word_1_713' title='bbox 3336 2135 3552 2200; x_wconf 67' lang='grc' dir='ltr'>διδάξας</span> <span class='ocrx_word' id='word_1_714' title='bbox 3607 2138 3763 2206; x_wconf 65' lang='grc' dir='ltr'>ἠμῖς</span> 
     </span>
    </p>
   </div>
   <div class='ocr_carea' id='block_1_85' title="bbox 2083 2221 3761 2293">
    <p class='ocr_par' dir='ltr' id='par_1_85' title="bbox 2083 2221 3761 2293">
     <span class='ocr_line' id='line_1_86' title="bbox 2083 2221 3761 2293; baseline 0 -19"><span class='ocrx_word' id='word_1_715' title='bbox 2083 2221 2165 2275; x_wconf 84' lang='grc' dir='ltr'>ὅτι</span> <span class='ocrx_word' id='word_1_716' title='bbox 2197 2221 2310 2275; x_wconf 80' lang='grc' dir='ltr'>ἐστι</span> <span class='ocrx_word' id='word_1_717' title='bbox 2338 2223 2461 2278; x_wconf 76' lang='grc' dir='ltr'>τινὰ</span> <span class='ocrx_word' id='word_1_718' title='bbox 2488 2223 2726 2293; x_wconf 82' lang='grc' dir='ltr'>ὀνόματα</span> <span class='ocrx_word' id='word_1_719' title='bbox 2751 2223 2860 2276; x_wconf 89' lang='grc' dir='ltr'>τῶν</span> <span class='ocrx_word' id='word_1_720' title='bbox 2894 2222 3197 2293; x_wconf 88' lang='grc' dir='ltr'>δυνάμεων,</span> <span class='ocrx_word' id='word_1_721' title='bbox 3224 2223 3260 2276; x_wconf 79' lang='grc' dir='ltr'>ἃ.</span> <span class='ocrx_word' id='word_1_722' title='bbox 3299 2223 3421 2275; x_wconf 88' lang='grc' dir='ltr'>τότε</span> <span class='ocrx_word' id='word_1_723' title='bbox 3455 2222 3761 2291; x_wconf 81' lang='grc' dir='ltr'>εἰσόμεθα,</span> 
     </span>
    </p>
   </div>
   <div class='ocr_carea' id='block_1_86' title="bbox 2085 2307 3761 2381">
    <p class='ocr_par' dir='ltr' id='par_1_86' title="bbox 2085 2307 3761 2381">
     <span class='ocr_line' id='line_1_87' title="bbox 2085 2307 3761 2381; baseline 0 -20"><span class='ocrx_word' id='word_1_724' title='bbox 2085 2308 2187 2362; x_wconf 90' lang='grc' dir='ltr'>οὐκ</span> <span class='ocrx_word' id='word_1_725' title='bbox 2226 2307 2528 2381; x_wconf 77' lang='grc' dir='ltr'>ἐθάρρησεν</span> <span class='ocrx_word' id='word_1_726' title='bbox 2580 2310 2743 2381; x_wconf 83' lang='grc' dir='ltr'>ἐτερα</span> <span class='ocrx_word' id='word_1_727' title='bbox 2788 2310 2950 2374; x_wconf 80' lang='grc' dir='ltr'>αὐτὸς</span> <span class='ocrx_word' id='word_1_728' title='bbox 2988 2311 3104 2364; x_wconf 76' lang='grc' dir='ltr'>ἀντ’</span> <span class='ocrx_word' id='word_1_729' title='bbox 3139 2310 3361 2363; x_wconf 75' lang='grc' dir='ltr'>ἐκείνων</span> <span class='ocrx_word' id='word_1_730' title='bbox 3399 2310 3600 2371; x_wconf 81' lang='grc' dir='ltr'>θεῖναι,</span> <span class='ocrx_word' id='word_1_731' title='bbox 3639 2310 3761 2363; x_wconf 76' lang='grc' dir='ltr'>οὐδὲ</span> 
     </span>
    </p>
   </div>
   <div class='ocr_carea' id='block_1_87' title="bbox 2086 2394 3756 2469">
    <p class='ocr_par' dir='ltr' id='par_1_87' title="bbox 2086 2394 3756 2469">
     <span class='ocr_line' id='line_1_88' title="bbox 2086 2394 3756 2469; baseline -0.001 -19"><span class='ocrx_word' id='word_1_732' title='bbox 2086 2396 2226 2450; x_wconf 88' lang='grc' dir='ltr'>αὐτά</span> <span class='ocrx_word' id='word_1_733' title='bbox 2278 2397 2461 2451; x_wconf 87' lang='grc' dir='ltr'>ἐκεῖνα</span> <span class='ocrx_word' id='word_1_734' title='bbox 2514 2396 3035 2469; x_wconf 67' lang='grc' dir='ltr'>περιεργάζεσθαιὼ</span> <span class='ocrx_word' id='word_1_735' title='bbox 3069 2399 3213 2462; x_wconf 88' lang='grc' dir='ltr'>τίνος</span> <span class='ocrx_word' id='word_1_736' title='bbox 3254 2400 3319 2453; x_wconf 78' lang='grc' dir='ltr'>ἂν</span> <span class='ocrx_word' id='word_1_737' title='bbox 3362 2394 3474 2451; x_wconf 77' lang='grc' dir='ltr'>εἶεν</span> <span class='ocrx_word' id='word_1_738' title='bbox 3509 2398 3756 2465; x_wconf 77' lang='grc' dir='ltr'>συγγνώο</span> 
     </span>
    </p>
   </div>
   <div class='ocr_carea' id='block_1_88' title="bbox 2090 2483 3760 2555">
    <p class='ocr_par' dir='ltr' id='par_1_88' title="bbox 2090 2483 3760 2555">
     <span class='ocr_line' id='line_1_89' title="bbox 2090 2483 3760 2555; baseline -0.001 -17"><span class='ocrx_word' id='word_1_739' title='bbox 2090 2499 2197 2555; x_wconf 86' lang='grc' dir='ltr'>μης</span> <span class='ocrx_word' id='word_1_740' title='bbox 2250 2484 2422 2549; x_wconf 74' lang='grc' dir='ltr'>ἄξιοι,</span> <span class='ocrx_word' id='word_1_741' title='bbox 2467 2484 2501 2555; x_wconf 77' lang='grc' dir='ltr'>ἢ</span> <span class='ocrx_word' id='word_1_742' title='bbox 2549 2485 2711 2549; x_wconf 82' lang='grc' dir='ltr'>ποίας</span> <span class='ocrx_word' id='word_1_743' title='bbox 2764 2484 3060 2553; x_wconf 86' lang='grc' dir='ltr'>ἀπολογίας</span> <span class='ocrx_word' id='word_1_744' title='bbox 3122 2487 3174 2539; x_wconf 78' lang='grc' dir='ltr'>οῖ</span> <span class='ocrx_word' id='word_1_745' title='bbox 3229 2485 3323 2537; x_wconf 75' lang='grc' dir='ltr'>ἐπὶ</span> <span class='ocrx_word' id='word_1_746' title='bbox 3370 2485 3472 2554; x_wconf 80' lang='grc' dir='ltr'>τῆς</span> <span class='ocrx_word' id='word_1_747' title='bbox 3529 2483 3629 2537; x_wconf 84' lang='grc' dir='ltr'>τοῦ</span> <span class='ocrx_word' id='word_1_748' title='bbox 3665 2488 3760 2535; x_wconf 84' lang='grc' dir='ltr'>Δε-</span> 
     </span>
    </p>
   </div>
   <div class='ocr_carea' id='block_1_89' title="bbox 2088 2568 3758 2641">
    <p class='ocr_par' dir='ltr' id='par_1_89' title="bbox 2088 2568 3758 2641">
     <span class='ocr_line' id='line_1_90' title="bbox 2088 2568 3758 2641; baseline 0.001 -20"><span class='ocrx_word' id='word_1_749' title='bbox 2088 2568 2288 2622; x_wconf 82' lang='grc' dir='ltr'>σπότου</span> <span class='ocrx_word' id='word_1_750' title='bbox 2333 2569 2522 2634; x_wconf 78' lang='grc' dir='ltr'>οὐσίας</span> <span class='ocrx_word' id='word_1_751' title='bbox 2573 2570 2747 2624; x_wconf 86' lang='grc' dir='ltr'>ταῦτα</span> <span class='ocrx_word' id='word_1_752' title='bbox 2790 2569 3126 2641; x_wconf 87' lang='grc' dir='ltr'>τολμῶντες;</span> <span class='ocrx_word' id='word_1_753' title='bbox 3157 2571 3327 2625; x_wconf 88' lang='grc' dir='ltr'>Ὅταν</span> <span class='ocrx_word' id='word_1_754' title='bbox 3367 2570 3426 2623; x_wconf 88' lang='grc' dir='ltr'>δέ</span> <span class='ocrx_word' id='word_1_755' title='bbox 3470 2569 3571 2623; x_wconf 70' lang='grc' dir='ltr'>καὶ</span> <span class='ocrx_word' id='word_1_756' title='bbox 3619 2569 3758 2637; x_wconf 83' lang='grc' dir='ltr'>αὐτὴ</span> 
     </span>
    </p>
   </div>
   <div class='ocr_carea' id='block_1_90' title="bbox 2084 2653 3760 2728">
    <p class='ocr_par' dir='ltr' id='par_1_90' title="bbox 2084 2653 3760 2728">
     <span class='ocr_line' id='line_1_91' title="bbox 2084 2653 3760 2728; baseline 0.001 -22"><span class='ocrx_word' id='word_1_757' title='bbox 2084 2655 2120 2723; x_wconf 81' lang='grc' dir='ltr'>ἠ</span> <span class='ocrx_word' id='word_1_758' title='bbox 2150 2654 2309 2709; x_wconf 88' lang='grc' dir='ltr'>οὐσία</span> <span class='ocrx_word' id='word_1_759' title='bbox 2335 2656 2595 2726; x_wconf 78' lang='grc' dir='ltr'>ἀγνοῆται</span> <span class='ocrx_word' id='word_1_760' title='bbox 2633 2653 2885 2728; x_wconf 85' lang='grc' dir='ltr'>καθάπερ</span> <span class='ocrx_word' id='word_1_761' title='bbox 2921 2659 3048 2721; x_wconf 78' lang='grc' dir='ltr'>τοὺς</span> <span class='ocrx_word' id='word_1_762' title='bbox 3090 2656 3507 2728; x_wconf 84' lang='grc' dir='ltr'>παραπαίοντας</span> <span class='ocrx_word' id='word_1_763' title='bbox 3558 2656 3760 2717; x_wconf 69' lang='grc' dir='ltr'>αὐτοὺς</span> 
     </span>
    </p>
   </div>
   <div class='ocr_carea' id='block_1_91' title="bbox 2087 2740 3759 2814">
    <p class='ocr_par' dir='ltr' id='par_1_91' title="bbox 2087 2740 3759 2814">
     <span class='ocr_line' id='line_1_92' title="bbox 2087 2740 3759 2814; baseline -0.001 -21"><span class='ocrx_word' id='word_1_764' title='bbox 2087 2740 2523 2811; x_wconf 78' lang='grc' dir='ltr'>ἀποστρέφεσθαι</span> <span class='ocrx_word' id='word_1_765' title='bbox 2564 2745 2693 2814; x_wconf 86' lang='grc' dir='ltr'>χρή.</span> <span class='ocrx_word' id='word_1_766' title='bbox 2740 2744 2861 2796; x_wconf 84' lang='grc' dir='ltr'>Ὅτι</span> <span class='ocrx_word' id='word_1_767' title='bbox 2911 2744 3009 2814; x_wconf 88' lang='grc' dir='ltr'>μὲν</span> <span class='ocrx_word' id='word_1_768' title='bbox 3050 2744 3160 2814; x_wconf 84' lang='lat'>1&amp;9</span> <span class='ocrx_word' id='word_1_769' title='bbox 3199 2742 3494 2812; x_wconf 77' lang='grc' dir='ltr'>ἀγέννητὸς</span> <span class='ocrx_word' id='word_1_770' title='bbox 3535 2743 3690 2794; x_wconf 83' lang='grc' dir='ltr'>ἐστιν</span> <span class='ocrx_word' id='word_1_771' title='bbox 3731 2742 3759 2791; x_wconf 89' lang='lat'>0</span> 
     </span>
    </p>
   </div>
   <div class='ocr_carea' id='block_1_92' title="bbox 2086 2827 3756 2899">
    <p class='ocr_par' dir='ltr' id='par_1_92' title="bbox 2086 2827 3756 2899">
     <span class='ocr_line' id='line_1_93' title="bbox 2086 2827 3756 2899; baseline -0.002 -17"><span class='ocrx_word' id='word_1_772' title='bbox 2086 2827 2219 2891; x_wconf 73' lang='grc' dir='ltr'>θεὸς</span> <span class='ocrx_word' id='word_1_773' title='bbox 2264 2828 2450 2899; x_wconf 80' lang='grc' dir='ltr'>δῆλον·</span> <span class='ocrx_word' id='word_1_774' title='bbox 2490 2829 2572 2883; x_wconf 84' lang='grc' dir='ltr'>ὅτι</span> <span class='ocrx_word' id='word_1_775' title='bbox 2609 2830 2669 2884; x_wconf 81' lang='grc' dir='ltr'>δὲ</span> <span class='ocrx_word' id='word_1_776' title='bbox 2708 2830 2867 2884; x_wconf 88' lang='grc' dir='ltr'>τοῦτό</span> <span class='ocrx_word' id='word_1_777' title='bbox 2910 2832 3058 2883; x_wconf 88' lang='grc' dir='ltr'>ἐστιν</span> <span class='ocrx_word' id='word_1_778' title='bbox 3098 2831 3261 2884; x_wconf 87' lang='grc' dir='ltr'>αὐτοῦ</span> <span class='ocrx_word' id='word_1_779' title='bbox 3312 2830 3411 2899; x_wconf 84' lang='grc' dir='ltr'>τῆς</span> <span class='ocrx_word' id='word_1_780' title='bbox 3456 2829 3652 2892; x_wconf 85' lang='grc' dir='ltr'>οὐσίας</span> <span class='ocrx_word' id='word_1_781' title='bbox 3695 2828 3756 2880; x_wconf 70' lang='grc' dir='ltr'>τὸ</span> 
     </span>
    </p>
   </div>
   <div class='ocr_carea' id='block_1_93' title="bbox 2086 2911 3757 2988">
    <p class='ocr_par' dir='ltr' id='par_1_93' title="bbox 2086 2911 3757 2988">
     <span class='ocr_line' id='line_1_94' title="bbox 2086 2911 3757 2988; baseline -0.001 -20"><span class='ocrx_word' id='word_1_782' title='bbox 2086 2912 2255 2985; x_wconf 73' lang='grc' dir='ltr'>ὄνομα</span> <span class='ocrx_word' id='word_1_783' title='bbox 2304 2915 2477 2980; x_wconf 78' lang='grc' dir='ltr'>οὐδεὶς</span> <span class='ocrx_word' id='word_1_784' title='bbox 2513 2919 2796 2988; x_wconf 81' lang='grc' dir='ltr'>προφήτης</span> <span class='ocrx_word' id='word_1_785' title='bbox 2836 2912 3010 2986; x_wconf 78' lang='grc' dir='ltr'>εἶπεν,</span> <span class='ocrx_word' id='word_1_786' title='bbox 3049 2918 3225 2982; x_wconf 78' lang='grc' dir='ltr'>οὐδεὶς</span> <span class='ocrx_word' id='word_1_787' title='bbox 3262 2917 3560 2979; x_wconf 83' lang='grc' dir='ltr'>ἀπόστολος</span> <span class='ocrx_word' id='word_1_788' title='bbox 3607 2911 3757 2987; x_wconf 60' lang='lat'>[‘87]</span> 
     </span>
    </p>
   </div>
   <div class='ocr_carea' id='block_1_94' title="bbox 2088 3004 3757 3078">
    <p class='ocr_par' dir='ltr' id='par_1_94' title="bbox 2088 3004 3757 3078">
     <span class='ocr_line' id='line_1_95' title="bbox 2088 3004 3757 3078; baseline -0.002 -21"><span class='ocrx_word' id='word_1_789' title='bbox 2088 3004 2329 3074; x_wconf 67' lang='grc' dir='ltr'>ᾐνίξατο,</span> <span class='ocrx_word' id='word_1_790' title='bbox 2370 3006 2544 3070; x_wconf 77' lang='grc' dir='ltr'>οὐδεὶς</span> <span class='ocrx_word' id='word_1_791' title='bbox 2593 3006 3021 3078; x_wconf 69' lang='grc' dir='ltr'>εὐαγγελιστήςν</span> <span class='ocrx_word' id='word_1_792' title='bbox 3063 3006 3158 3059; x_wconf 71' lang='grc' dir='ltr'>καὶ</span> <span class='ocrx_word' id='word_1_793' title='bbox 3211 3007 3357 3077; x_wconf 85' lang='grc' dir='ltr'>μάλα</span> <span class='ocrx_word' id='word_1_794' title='bbox 3414 3005 3665 3067; x_wconf 80' lang='grc' dir='ltr'>εἰκότως.</span> <span class='ocrx_word' id='word_1_795' title='bbox 3696 3004 3757 3055; x_wconf 77' lang='lat' dir='ltr'><strong><em>Ol</em></strong></span> 
     </span>
    </p>
   </div>
   <div class='ocr_carea' id='block_1_95' title="bbox 2088 3089 3759 3164">
    <p class='ocr_par' dir='ltr' id='par_1_95' title="bbox 2088 3089 3759 3164">
     <span class='ocr_line' id='line_1_96' title="bbox 2088 3089 3759 3164; baseline 0.007 -22"><span class='ocrx_word' id='word_1_796' title='bbox 2088 3089 2198 3161; x_wconf 89' lang='lat'>1&amp;9</span> <span class='ocrx_word' id='word_1_797' title='bbox 2228 3091 2397 3162; x_wconf 81' lang='grc' dir='ltr'>αὐτὴν</span> <span class='ocrx_word' id='word_1_798' title='bbox 2437 3091 2536 3164; x_wconf 80' lang='grc' dir='ltr'>τὴν</span> <span class='ocrx_word' id='word_1_799' title='bbox 2580 3093 2767 3147; x_wconf 90' lang='grc' dir='ltr'>οὐσίαν</span> <span class='ocrx_word' id='word_1_800' title='bbox 2812 3092 3160 3163; x_wconf 78' lang='grc' dir='ltr'>ἀγνοοῦντες,</span> <span class='ocrx_word' id='word_1_801' title='bbox 3204 3092 3322 3158; x_wconf 89' lang='grc' dir='ltr'>πῶς</span> <span class='ocrx_word' id='word_1_802' title='bbox 3363 3092 3542 3163; x_wconf 75' lang='grc' dir='ltr'>ὄνομα</span> <span class='ocrx_word' id='word_1_803' title='bbox 3586 3091 3759 3160; x_wconf 74' lang='grc' dir='ltr'>αὐτῆς</span> 
     </span>
    </p>
   </div>
   <div class='ocr_carea' id='block_1_96' title="bbox 2091 3176 2572 3249">
    <p class='ocr_par' dir='ltr' id='par_1_96' title="bbox 2091 3176 2572 3249">
     <span class='ocr_line' id='line_1_97' title="bbox 2091 3176 2572 3249; baseline 0.008 -20"><span class='ocrx_word' id='word_1_804' title='bbox 2091 3176 2270 3245; x_wconf 83' lang='grc' dir='ltr'>λέγειν</span> <span class='ocrx_word' id='word_1_805' title='bbox 2309 3178 2542 3249; x_wconf 71' lang='grc' dir='ltr'>ἤμελλον</span> <span class='ocrx_word' id='word_1_806' title='bbox 2559 3195 2572 3243; x_wconf 87' lang='lat'>;</span> 
     </span>
    </p>
   </div>
   <div class='ocr_carea' id='block_1_97' title="bbox 2163 3317 3758 3391">
    <p class='ocr_par' dir='ltr' id='par_1_97' title="bbox 2163 3317 3758 3391">
     <span class='ocr_line' id='line_1_98' title="bbox 2163 3317 3758 3391; baseline -0.001 -19"><span class='ocrx_word' id='word_1_807' title='bbox 2163 3325 2227 3375; x_wconf 87' lang='grc' dir='ltr'>ε’.</span> <span class='ocrx_word' id='word_1_808' title='bbox 2266 3320 2378 3373; x_wconf 73' lang='grc' dir='ltr'>Καὶ</span> <span class='ocrx_word' id='word_1_809' title='bbox 2425 3320 2478 3373; x_wconf 80' lang='grc' dir='ltr'>τί</span> <span class='ocrx_word' id='word_1_810' title='bbox 2511 3318 2656 3389; x_wconf 88' lang='grc' dir='ltr'>λέγω</span> <span class='ocrx_word' id='word_1_811' title='bbox 2693 3318 2823 3391; x_wconf 74' lang='grc' dir='ltr'>περὶ</span> <span class='ocrx_word' id='word_1_812' title='bbox 2872 3318 2981 3373; x_wconf 88' lang='grc' dir='ltr'>τῶν</span> <span class='ocrx_word' id='word_1_813' title='bbox 3014 3319 3173 3373; x_wconf 93' lang='grc' dir='ltr'>θείων</span> <span class='ocrx_word' id='word_1_814' title='bbox 3219 3318 3474 3391; x_wconf 81' lang='grc' dir='ltr'>Γραφῶν,</span> <span class='ocrx_word' id='word_1_815' title='bbox 3509 3317 3651 3372; x_wconf 79' lang='grc' dir='ltr'>ὅπου</span> <span class='ocrx_word' id='word_1_816' title='bbox 3698 3334 3758 3387; x_wconf 86' lang='grc' dir='ltr'>γε</span> 
     </span>
    </p>
   </div>
   <div class='ocr_carea' id='block_1_98' title="bbox 2089 3405 3755 3479">
    <p class='ocr_par' dir='ltr' id='par_1_98' title="bbox 2089 3405 3755 3479">
     <span class='ocr_line' id='line_1_99' title="bbox 2089 3405 3755 3479; baseline 0 -20"><span class='ocrx_word' id='word_1_817' title='bbox 2089 3405 2326 3478; x_wconf 87' lang='grc' dir='ltr'>τοσαύτη</span> <span class='ocrx_word' id='word_1_818' title='bbox 2364 3407 2461 3478; x_wconf 83' lang='grc' dir='ltr'>τῆς</span> <span class='ocrx_word' id='word_1_819' title='bbox 2496 3407 2725 3471; x_wconf 86' lang='grc' dir='ltr'>ἀτοπίας</span> <span class='ocrx_word' id='word_1_820' title='bbox 2768 3409 2802 3479; x_wconf 85' lang='grc' dir='ltr'><strong>ή</strong></span> <span class='ocrx_word' id='word_1_821' title='bbox 2837 3406 3165 3478; x_wconf 83' lang='grc' dir='ltr'>περιφάνεια</span> <span class='ocrx_word' id='word_1_822' title='bbox 3198 3418 3245 3471; x_wconf 77' lang='grc' dir='ltr'>ο,</span> <span class='ocrx_word' id='word_1_823' title='bbox 3289 3406 3383 3460; x_wconf 75' lang='grc' dir='ltr'>καὶ</span> <span class='ocrx_word' id='word_1_824' title='bbox 3427 3406 3530 3476; x_wconf 82' lang='grc' dir='ltr'>τῆς</span> <span class='ocrx_word' id='word_1_825' title='bbox 3579 3423 3755 3476; x_wconf 79' lang='grc' dir='ltr'>παρα·</span> 
     </span>
    </p>
   </div>
   <div class='ocr_carea' id='block_1_99' title="bbox 2090 3495 3753 3569">
    <p class='ocr_par' dir='ltr' id='par_1_99' title="bbox 2090 3495 3753 3569">
     <span class='ocr_line' id='line_1_100' title="bbox 2090 3495 3753 3569; baseline -0.002 -19"><span class='ocrx_word' id='word_1_826' title='bbox 2090 3496 2283 3567; x_wconf 85' lang='grc' dir='ltr'>νομίας</span> <span class='ocrx_word' id='word_1_827' title='bbox 2316 3498 2350 3568; x_wconf 79' lang='grc' dir='ltr'><strong>ἡ</strong></span> <span class='ocrx_word' id='word_1_828' title='bbox 2379 3496 2673 3569; x_wconf 82' lang='grc' dir='ltr'>ὑπερϐολὴ,</span> <span class='ocrx_word' id='word_1_829' title='bbox 2712 3497 2789 3560; x_wconf 89' lang='grc' dir='ltr'>ώς</span> <span class='ocrx_word' id='word_1_830' title='bbox 2829 3496 2963 3568; x_wconf 82' lang='grc' dir='ltr'>μηδέ</span> <span class='ocrx_word' id='word_1_831' title='bbox 3003 3498 3131 3558; x_wconf 82' lang='grc' dir='ltr'>τούς</span> <span class='ocrx_word' id='word_1_832' title='bbox 3174 3497 3274 3566; x_wconf 83' lang='grc' dir='ltr'>τῆς</span> <span class='ocrx_word' id='word_1_833' title='bbox 3308 3495 3571 3565; x_wconf 87' lang='grc' dir='ltr'>ἀληθείας</span> <span class='ocrx_word' id='word_1_834' title='bbox 3617 3495 3753 3548; x_wconf 81' lang='grc' dir='ltr'>ἀπο·</span> 
     </span>
    </p>
   </div>
   <div class='ocr_carea' id='block_1_100' title="bbox 2090 3581 3757 3655">
    <p class='ocr_par' dir='ltr' id='par_1_100' title="bbox 2090 3581 3757 3655">
     <span class='ocr_line' id='line_1_101' title="bbox 2090 3581 3757 3655; baseline -0.002 -19"><span class='ocrx_word' id='word_1_835' title='bbox 2090 3583 2461 3654; x_wconf 83' lang='grc' dir='ltr'>πλανηθέντας</span> <span class='ocrx_word' id='word_1_836' title='bbox 2495 3583 2767 3655; x_wconf 84' lang='grc' dir='ltr'>’Έλληνας</span> <span class='ocrx_word' id='word_1_837' title='bbox 2814 3584 3161 3655; x_wconf 82' lang='grc' dir='ltr'>ἐπιχειρῆσαι</span> <span class='ocrx_word' id='word_1_838' title='bbox 3219 3583 3349 3636; x_wconf 85' lang='grc' dir='ltr'>ποτέ</span> <span class='ocrx_word' id='word_1_839' title='bbox 3403 3599 3458 3635; x_wconf 91' lang='grc' dir='ltr'>τι</span> <span class='ocrx_word' id='word_1_840' title='bbox 3515 3581 3757 3636; x_wconf 89' lang='grc' dir='ltr'>τοιοῦτον</span> 
     </span>
    </p>
   </div>
   <div class='ocr_carea' id='block_1_101' title="bbox 2090 3669 3755 3743">
    <p class='ocr_par' dir='ltr' id='par_1_101' title="bbox 2090 3669 3755 3743">
     <span class='ocr_line' id='line_1_102' title="bbox 2090 3669 3755 3743; baseline -0.002 -18"><span class='ocrx_word' id='word_1_841' title='bbox 2090 3673 2290 3738; x_wconf 87' lang='grc' dir='ltr'>είπεῖν;</span> <span class='ocrx_word' id='word_1_842' title='bbox 2322 3671 2510 3735; x_wconf 72' lang='grc' dir='ltr'>Οὐδεὶς</span> <span class='ocrx_word' id='word_1_843' title='bbox 2541 3671 2650 3743; x_wconf 93' lang='grc' dir='ltr'>γάρ</span> <span class='ocrx_word' id='word_1_844' title='bbox 2676 3671 2799 3725; x_wconf 88' lang='grc' dir='ltr'>οὐδέ</span> <span class='ocrx_word' id='word_1_845' title='bbox 2838 3671 3063 3724; x_wconf 89' lang='grc' dir='ltr'>ἐκείνων</span> <span class='ocrx_word' id='word_1_846' title='bbox 3089 3670 3355 3741; x_wconf 85' lang='grc' dir='ltr'>ἐτόλμησε</span> <span class='ocrx_word' id='word_1_847' title='bbox 3385 3669 3542 3732; x_wconf 86' lang='grc' dir='ltr'>θείας</span> <span class='ocrx_word' id='word_1_848' title='bbox 3572 3669 3755 3729; x_wconf 78' lang='grc' dir='ltr'>οὐσίας</span> 
     </span>
    </p>
   </div>
   <div class='ocr_carea' id='block_1_102' title="bbox 2089 3757 3754 3831">
    <p class='ocr_par' dir='ltr' id='par_1_102' title="bbox 2089 3757 3754 3831">
     <span class='ocr_line' id='line_1_103' title="bbox 2089 3757 3754 3831; baseline -0.002 -19"><span class='ocrx_word' id='word_1_849' title='bbox 2089 3759 2215 3831; x_wconf 81' lang='grc' dir='ltr'>δρον</span> <span class='ocrx_word' id='word_1_850' title='bbox 2243 3759 2520 3823; x_wconf 88' lang='grc' dir='ltr'>ἐκθέσθαι,</span> <span class='ocrx_word' id='word_1_851' title='bbox 2547 3761 2642 3813; x_wconf 79' lang='grc' dir='ltr'>καὶ</span> <span class='ocrx_word' id='word_1_852' title='bbox 2667 3759 2747 3812; x_wconf 79' lang='grc' dir='ltr'>ἐνὶ</span> <span class='ocrx_word' id='word_1_853' title='bbox 2772 3759 2994 3829; x_wconf 83' lang='grc' dir='ltr'>ὀνόματι</span> <span class='ocrx_word' id='word_1_854' title='bbox 3021 3758 3355 3831; x_wconf 78' lang='grc' dir='ltr'>περιλαϐεῖν.</span> <span class='ocrx_word' id='word_1_855' title='bbox 3378 3757 3492 3811; x_wconf 84' lang='grc' dir='ltr'>Καὶ</span> <span class='ocrx_word' id='word_1_856' title='bbox 3526 3757 3583 3810; x_wconf 90' lang='grc' dir='ltr'>τί</span> <span class='ocrx_word' id='word_1_857' title='bbox 3620 3757 3754 3825; x_wconf 80' lang='grc' dir='ltr'>λέγω</span> 
     </span>
    </p>
   </div>
   <div class='ocr_carea' id='block_1_103' title="bbox 2091 3842 3755 3917">
    <p class='ocr_par' dir='ltr' id='par_1_103' title="bbox 2091 3842 3755 3917">
     <span class='ocr_line' id='line_1_104' title="bbox 2091 3842 3755 3917; baseline -0.005 -14"><span class='ocrx_word' id='word_1_858' title='bbox 2091 3844 2238 3910; x_wconf 88' lang='grc' dir='ltr'>θείας</span> <span class='ocrx_word' id='word_1_859' title='bbox 2269 3846 2475 3910; x_wconf 84' lang='grc' dir='ltr'>οὐσίας,</span> <span class='ocrx_word' id='word_1_860' title='bbox 2499 3847 2635 3901; x_wconf 82' lang='grc' dir='ltr'>ὅπου</span> <span class='ocrx_word' id='word_1_861' title='bbox 2664 3861 2729 3915; x_wconf 88' lang='grc' dir='ltr'>γε</span> <span class='ocrx_word' id='word_1_862' title='bbox 2760 3848 2889 3917; x_wconf 78' lang='grc' dir='ltr'>περὶ</span> <span class='ocrx_word' id='word_1_863' title='bbox 2926 3846 3022 3916; x_wconf 83' lang='grc' dir='ltr'>τῆς</span> <span class='ocrx_word' id='word_1_864' title='bbox 3045 3846 3153 3899; x_wconf 90' lang='grc' dir='ltr'>τῶν</span> <span class='ocrx_word' id='word_1_865' title='bbox 3190 3842 3501 3915; x_wconf 86' lang='grc' dir='ltr'>ἀσωμάτων</span> <span class='ocrx_word' id='word_1_866' title='bbox 3546 3843 3755 3912; x_wconf 84' lang='grc' dir='ltr'>φύσεως</span> 
     </span>
    </p>
   </div>
   <div class='ocr_carea' id='block_1_104' title="bbox 2090 3929 3752 4003">
    <p class='ocr_par' dir='ltr' id='par_1_104' title="bbox 2090 3929 3752 4003">
     <span class='ocr_line' id='line_1_105' title="bbox 2090 3929 3752 4003; baseline -0.003 -16"><span class='ocrx_word' id='word_1_867' title='bbox 2090 3932 2503 4003; x_wconf 85' lang='grc' dir='ltr'>φιλοσοφοῦντες</span> <span class='ocrx_word' id='word_1_868' title='bbox 2523 3932 2646 3986; x_wconf 85' lang='grc' dir='ltr'>οὐδέ</span> <span class='ocrx_word' id='word_1_869' title='bbox 2670 3931 2874 4003; x_wconf 87' lang='grc' dir='ltr'>ταύτης</span> <span class='ocrx_word' id='word_1_870' title='bbox 2896 3932 3304 4003; x_wconf 86' lang='grc' dir='ltr'>ἀπηρτισμένον</span> <span class='ocrx_word' id='word_1_871' title='bbox 3331 3932 3457 4002; x_wconf 88' lang='grc' dir='ltr'>ὅρον</span> <span class='ocrx_word' id='word_1_872' title='bbox 3485 3929 3752 3995; x_wconf 76' lang='grc' dir='ltr'>ἐξέθεντο,</span> 
     </span>
    </p>
   </div>
   <div class='ocr_carea' id='block_1_105' title="bbox 2090 4016 3757 4091">
    <p class='ocr_par' dir='ltr' id='par_1_105' title="bbox 2090 4016 3757 4091">
     <span class='ocr_line' id='line_1_106' title="bbox 2090 4016 3757 4091; baseline -0.001 -18"><span class='ocrx_word' id='word_1_873' title='bbox 2090 4019 2207 4073; x_wconf 79' lang='grc' dir='ltr'>ἀλλ’</span> <span class='ocrx_word' id='word_1_874' title='bbox 2247 4019 2494 4091; x_wconf 87' lang='grc' dir='ltr'>ἀμυδράν</span> <span class='ocrx_word' id='word_1_875' title='bbox 2541 4036 2663 4072; x_wconf 88' lang='grc' dir='ltr'>τινα</span> <span class='ocrx_word' id='word_1_876' title='bbox 2694 4018 2955 4089; x_wconf 79' lang='grc' dir='ltr'>ἐξήγησιν</span> <span class='ocrx_word' id='word_1_877' title='bbox 2994 4017 3089 4071; x_wconf 72' lang='grc' dir='ltr'>καὶ</span> <span class='ocrx_word' id='word_1_878' title='bbox 3121 4017 3445 4089; x_wconf 78' lang='grc' dir='ltr'>ὑπογραφὴν</span> <span class='ocrx_word' id='word_1_879' title='bbox 3490 4016 3757 4087; x_wconf 73' lang='grc' dir='ltr'>μᾶλλωῆ</span> 
     </span>
    </p>
   </div>
   <div class='ocr_carea' id='block_1_106' title="bbox 2090 4103 3269 4175">
    <p class='ocr_par' dir='ltr' id='par_1_106' title="bbox 2090 4103 3269 4175">
     <span class='ocr_line' id='line_1_107' title="bbox 2090 4103 3269 4175; baseline -0.001 -17"><span class='ocrx_word' id='word_1_880' title='bbox 2090 4105 2248 4175; x_wconf 84' lang='grc' dir='ltr'>δρον;</span> <span class='ocrx_word' id='word_1_881' title='bbox 2283 4105 2445 4158; x_wconf 82' lang='grc' dir='ltr'>Ἀλλὰ</span> <span class='ocrx_word' id='word_1_882' title='bbox 2470 4104 2555 4169; x_wconf 87' lang='grc' dir='ltr'>τίς</span> <span class='ocrx_word' id='word_1_883' title='bbox 2585 4106 2614 4156; x_wconf 90' lang='lat'>0</span> <span class='ocrx_word' id='word_1_884' title='bbox 2654 4105 2821 4172; x_wconf 84' lang='grc' dir='ltr'>σοφὸς</span> <span class='ocrx_word' id='word_1_885' title='bbox 2854 4103 3035 4156; x_wconf 85' lang='grc' dir='ltr'>αὐτῶν</span> <span class='ocrx_word' id='word_1_886' title='bbox 3073 4104 3269 4170; x_wconf 86' lang='grc' dir='ltr'>λόγος;</span> 
     </span>
    </p>
   </div>
   <div class='ocr_carea' id='block_1_107' title="bbox 2163 4236 3755 4310">
    <p class='ocr_par' dir='ltr' id='par_1_107' title="bbox 2163 4236 3755 4310">
     <span class='ocr_line' id='line_1_108' title="bbox 2163 4236 3755 4310; baseline -0.001 -14"><span class='ocrx_word' id='word_1_887' title='bbox 2163 4243 2280 4296; x_wconf 89' lang='grc' dir='ltr'>Οὐκ</span> <span class='ocrx_word' id='word_1_888' title='bbox 2322 4239 2467 4305; x_wconf 74' lang='grc' dir='ltr'>οἶδας</span> <span class='ocrx_word' id='word_1_889' title='bbox 2515 4236 2607 4295; x_wconf 84' lang='grc' dir='ltr'>οὖν</span> <span class='ocrx_word' id='word_1_890' title='bbox 2643 4241 2671 4294; x_wconf 84' lang='grc' dir='ltr'><strong>ὃ</strong></span> <span class='ocrx_word' id='word_1_891' title='bbox 2720 4240 2929 4305; x_wconf 84' lang='grc' dir='ltr'>σέϐεις;</span> <span class='ocrx_word' id='word_1_892' title='bbox 2980 4240 3133 4310; x_wconf 82' lang='grc' dir='ltr'>φησί.</span> <span class='ocrx_word' id='word_1_893' title='bbox 3187 4239 3439 4294; x_wconf 82' lang='grc' dir='ltr'>Μάλιστα</span> <span class='ocrx_word' id='word_1_894' title='bbox 3491 4241 3600 4310; x_wconf 78' lang='grc' dir='ltr'>μὲν</span> <span class='ocrx_word' id='word_1_895' title='bbox 3644 4240 3755 4294; x_wconf 59' lang='lat'><strong>000%</strong></span> 
     </span>
    </p>
   </div>
   <div class='ocr_carea' id='block_1_108' title="bbox 2090 4325 3757 4398">
    <p class='ocr_par' dir='ltr' id='par_1_108' title="bbox 2090 4325 3757 4398">
     <span class='ocr_line' id='line_1_109' title="bbox 2090 4325 3757 4398; baseline -0.004 -16"><span class='ocrx_word' id='word_1_896' title='bbox 2090 4328 2484 4398; x_wconf 90' lang='grc' dir='ltr'>ἀποκρίνασθαι</span> <span class='ocrx_word' id='word_1_897' title='bbox 2531 4327 2667 4398; x_wconf 82' lang='grc' dir='ltr'>πρὸς</span> <span class='ocrx_word' id='word_1_898' title='bbox 2718 4327 2875 4381; x_wconf 87' lang='grc' dir='ltr'>τοῦτο</span> <span class='ocrx_word' id='word_1_899' title='bbox 2920 4328 3056 4390; x_wconf 76' lang='grc' dir='ltr'>ἔδει,</span> <span class='ocrx_word' id='word_1_900' title='bbox 3108 4325 3376 4397; x_wconf 86' lang='grc' dir='ltr'>τοσαύτης</span> <span class='ocrx_word' id='word_1_901' title='bbox 3430 4326 3757 4391; x_wconf 77' lang='grc' dir='ltr'>ἀποδείξεως</span> 
     </span>
    </p>
   </div>
   <div class='ocr_carea' id='block_1_109' title="bbox 2090 4412 3758 4484">
    <p class='ocr_par' dir='ltr' id='par_1_109' title="bbox 2090 4412 3758 4484">
     <span class='ocr_line' id='line_1_110' title="bbox 2090 4412 3758 4484; baseline -0.001 -18"><span class='ocrx_word' id='word_1_902' title='bbox 2090 4415 2156 4466; x_wconf 86' lang='grc' dir='ltr'>ἐκ</span> <span class='ocrx_word' id='word_1_903' title='bbox 2179 4413 2288 4466; x_wconf 92' lang='grc' dir='ltr'>τῶν</span> <span class='ocrx_word' id='word_1_904' title='bbox 2321 4412 2549 4484; x_wconf 85' lang='grc' dir='ltr'>Γραφῶν</span> <span class='ocrx_word' id='word_1_905' title='bbox 2578 4414 2894 4484; x_wconf 83' lang='grc' dir='ltr'>γενομένης,</span> <span class='ocrx_word' id='word_1_906' title='bbox 2930 4414 3012 4466; x_wconf 87' lang='grc' dir='ltr'>ὅτι</span> <span class='ocrx_word' id='word_1_907' title='bbox 3043 4412 3300 4466; x_wconf 89' lang='grc' dir='ltr'>ἀδύνατον</span> <span class='ocrx_word' id='word_1_908' title='bbox 3332 4412 3537 4466; x_wconf 82' lang='grc' dir='ltr'>εἰδέναι</span> <span class='ocrx_word' id='word_1_909' title='bbox 3574 4415 3629 4467; x_wconf 85' lang='grc' dir='ltr'>τί</span> <span class='ocrx_word' id='word_1_910' title='bbox 3668 4417 3758 4484; x_wconf 72' lang='grc' dir='ltr'>τὴν</span> 
     </span>
    </p>
   </div>
   <div class='ocr_carea' id='block_1_110' title="bbox 2089 4499 3757 4571">
    <p class='ocr_par' dir='ltr' id='par_1_110' title="bbox 2089 4499 3757 4571">
     <span class='ocr_line' id='line_1_111' title="bbox 2089 4499 3757 4571; baseline -0.001 -16"><span class='ocrx_word' id='word_1_911' title='bbox 2089 4500 2275 4555; x_wconf 87' lang='grc' dir='ltr'>οὐσίαν</span> <span class='ocrx_word' id='word_1_912' title='bbox 2312 4501 2459 4553; x_wconf 68' lang='grc' dir='ltr'>ἐστὶν</span> <span class='ocrx_word' id='word_1_913' title='bbox 2488 4500 2517 4551; x_wconf 90' lang='lat'>0</span> <span class='ocrx_word' id='word_1_914' title='bbox 2550 4500 2717 4564; x_wconf 78' lang='grc' dir='ltr'>Θεός’</span> <span class='ocrx_word' id='word_1_915' title='bbox 2754 4500 3023 4571; x_wconf 78' lang='grc' dir='ltr'>ἐπειδὴδὲ</span> <span class='ocrx_word' id='word_1_916' title='bbox 3055 4501 3116 4553; x_wconf 87' lang='grc' dir='ltr'>οὐ</span> <span class='ocrx_word' id='word_1_917' title='bbox 3164 4501 3297 4571; x_wconf 80' lang='grc' dir='ltr'>πρὸς</span> <span class='ocrx_word' id='word_1_918' title='bbox 3337 4499 3543 4570; x_wconf 76' lang='grc' dir='ltr'>ἔχθραν</span> <span class='ocrx_word' id='word_1_919' title='bbox 3591 4503 3757 4571; x_wconf 85' lang='grc' dir='ltr'>φθεγ-</span> 
     </span>
    </p>
   </div>
   <div class='ocr_carea' id='block_1_111' title="bbox 2089 4585 3756 4658">
    <p class='ocr_par' dir='ltr' id='par_1_111' title="bbox 2089 4585 3756 4658">
     <span class='ocr_line' id='line_1_112' title="bbox 2089 4585 3756 4658; baseline 0.001 -20"><span class='ocrx_word' id='word_1_920' title='bbox 2089 4587 2330 4657; x_wconf 89' lang='grc' dir='ltr'>γόμεθα,</span> <span class='ocrx_word' id='word_1_921' title='bbox 2372 4585 2485 4639; x_wconf 87' lang='grc' dir='ltr'>ἀλλ’</span> <span class='ocrx_word' id='word_1_922' title='bbox 2514 4586 2655 4639; x_wconf 82' lang='grc' dir='ltr'>ὥστε</span> <span class='ocrx_word' id='word_1_923' title='bbox 2702 4587 2896 4649; x_wconf 81' lang='grc' dir='ltr'>αὐτοὺς</span> <span class='ocrx_word' id='word_1_924' title='bbox 2929 4586 3252 4658; x_wconf 89' lang='grc' dir='ltr'>διορθῶσαι,</span> <span class='ocrx_word' id='word_1_925' title='bbox 3285 4588 3417 4657; x_wconf 85' lang='grc' dir='ltr'>φέρε</span> <span class='ocrx_word' id='word_1_926' title='bbox 3467 4588 3756 4658; x_wconf 79' lang='grc' dir='ltr'>δείξωμεν,</span> 
     </span>
    </p>
   </div>
   <div class='ocr_carea' id='block_1_112' title="bbox 2089 4672 3759 4742">
    <p class='ocr_par' dir='ltr' id='par_1_112' title="bbox 2089 4672 3759 4742">
     <span class='ocr_line' id='line_1_113' title="bbox 2089 4672 3759 4742; baseline -0.001 -15"><span class='ocrx_word' id='word_1_927' title='bbox 2089 4674 2170 4727; x_wconf 85' lang='grc' dir='ltr'>ὅτι</span> <span class='ocrx_word' id='word_1_928' title='bbox 2201 4675 2263 4726; x_wconf 91' lang='grc' dir='ltr'>οὐ</span> <span class='ocrx_word' id='word_1_929' title='bbox 2298 4674 2360 4726; x_wconf 88' lang='lat'>10</span> <span class='ocrx_word' id='word_1_930' title='bbox 2389 4674 2600 4742; x_wconf 89' lang='grc' dir='ltr'>ἀγνοεῖν</span> <span class='ocrx_word' id='word_1_931' title='bbox 2637 4672 2690 4725; x_wconf 91' lang='grc' dir='ltr'>τί</span> <span class='ocrx_word' id='word_1_932' title='bbox 2722 4673 2822 4742; x_wconf 83' lang='grc' dir='ltr'>τὴν</span> <span class='ocrx_word' id='word_1_933' title='bbox 2858 4674 3048 4726; x_wconf 91' lang='grc' dir='ltr'>οὐσίαν</span> <span class='ocrx_word' id='word_1_934' title='bbox 3090 4674 3239 4725; x_wconf 79' lang='grc' dir='ltr'>ἐστὶν</span> <span class='ocrx_word' id='word_1_935' title='bbox 3269 4675 3297 4725; x_wconf 92' lang='lat'>0</span> <span class='ocrx_word' id='word_1_936' title='bbox 3329 4672 3481 4734; x_wconf 77' lang='grc' dir='ltr'>Θεὸς,</span> <span class='ocrx_word' id='word_1_937' title='bbox 3530 4674 3673 4728; x_wconf 82' lang='grc' dir='ltr'>ἀλλά</span> <span class='ocrx_word' id='word_1_938' title='bbox 3704 4676 3759 4726; x_wconf 76' lang='grc' dir='ltr'>τὸ</span> 
     </span>
    </p>
   </div>
   <div class='ocr_carea' id='block_1_113' title="bbox 2092 4760 3530 4831">
    <p class='ocr_par' dir='ltr' id='par_1_113' title="bbox 2092 4760 3530 4831">
     <span class='ocr_line' id='line_1_114' title="bbox 2092 4760 3530 4831; baseline -0.001 -16"><span class='ocrx_word' id='word_1_939' title='bbox 2092 4762 2411 4831; x_wconf 85' lang='grc' dir='ltr'>φιλονεικεῖν</span> <span class='ocrx_word' id='word_1_940' title='bbox 2439 4761 2657 4826; x_wconf 84' lang='grc' dir='ltr'>εἰδέναι,</span> <span class='ocrx_word' id='word_1_941' title='bbox 2685 4760 2844 4813; x_wconf 90' lang='grc' dir='ltr'>τοῦτο</span> <span class='ocrx_word' id='word_1_942' title='bbox 2870 4761 2983 4814; x_wconf 82' lang='grc' dir='ltr'>ἐστι</span> <span class='ocrx_word' id='word_1_943' title='bbox 3010 4761 3102 4813; x_wconf 86' lang='grc' dir='ltr'>τὸν</span> <span class='ocrx_word' id='word_1_944' title='bbox 3133 4760 3267 4814; x_wconf 83' lang='grc' dir='ltr'>Θεὸν</span> <span class='ocrx_word' id='word_1_945' title='bbox 3292 4762 3530 4830; x_wconf 85' lang='grc' dir='ltr'>ἀγνοεῖν.</span> 
     </span>
    </p>
   </div>
   <div class='ocr_carea' id='block_1_114' title="bbox 2162 4910 3755 4986">
    <p class='ocr_par' dir='ltr' id='par_1_114' title="bbox 2162 4910 3755 4986">
     <span class='ocr_line' id='line_1_115' title="bbox 2162 4910 3755 4986; baseline 0.002 -21"><span class='ocrx_word' id='word_1_946' title='bbox 2162 4911 2297 4965; x_wconf 86' lang='grc' dir='ltr'><strong>Εἰπὲ</strong></span> <span class='ocrx_word' id='word_1_947' title='bbox 2324 4912 2433 4982; x_wconf 87' lang='grc' dir='ltr'>γάρ</span> <span class='ocrx_word' id='word_1_948' title='bbox 2468 4928 2578 4980; x_wconf 84' lang='grc' dir='ltr'>μοι,</span> <span class='ocrx_word' id='word_1_949' title='bbox 2604 4912 2654 4963; x_wconf 85' lang='grc' dir='ltr'>εί</span> <span class='ocrx_word' id='word_1_950' title='bbox 2682 4910 2775 4964; x_wconf 91' lang='grc' dir='ltr'>δύο</span> <span class='ocrx_word' id='word_1_951' title='bbox 2801 4910 3104 4982; x_wconf 86' lang='grc' dir='ltr'>ἀνθρώπων</span> <span class='ocrx_word' id='word_1_952' title='bbox 3134 4912 3589 4982; x_wconf 84' lang='grc' dir='ltr'>φιλονεικούντων</span> <span class='ocrx_word' id='word_1_953' title='bbox 3624 4915 3755 4986; x_wconf 60' lang='grc' dir='ltr'>πρὶς</span> 
     </span>
    </p>
   </div>
   <div class='ocr_carea' id='block_1_115' title="bbox 2090 4996 3753 5071">
    <p class='ocr_par' dir='ltr' id='par_1_115' title="bbox 2090 4996 3753 5071">
     <span class='ocr_line' id='line_1_116' title="bbox 2090 4996 3753 5071; baseline 0.003 -22"><span class='ocrx_word' id='word_1_954' title='bbox 2090 4996 2352 5067; x_wconf 84' lang='grc' dir='ltr'>ἀλλήλους</span> <span class='ocrx_word' id='word_1_955' title='bbox 2396 4997 2591 5049; x_wconf 77' lang='grc' dir='ltr'>εἰδέναι</span> <span class='ocrx_word' id='word_1_956' title='bbox 2641 4996 2733 5049; x_wconf 90' lang='grc' dir='ltr'>τοῦ</span> <span class='ocrx_word' id='word_1_957' title='bbox 2782 4998 3015 5068; x_wconf 86' lang='grc' dir='ltr'>οὐρανοῦ</span> <span class='ocrx_word' id='word_1_958' title='bbox 3061 4999 3123 5053; x_wconf 83' lang='lat'>10</span> <span class='ocrx_word' id='word_1_959' title='bbox 3177 4999 3426 5071; x_wconf 86' lang='grc' dir='ltr'>μέγεθος,</span> <span class='ocrx_word' id='word_1_960' title='bbox 3465 5002 3494 5053; x_wconf 90' lang='lat'>0</span> <span class='ocrx_word' id='word_1_961' title='bbox 3531 5003 3637 5071; x_wconf 84' lang='grc' dir='ltr'>μὲν</span> <span class='ocrx_word' id='word_1_962' title='bbox 3682 4998 3753 5065; x_wconf 74' lang='grc' dir='ltr'>εἷς</span> 
     </span>
    </p>
   </div>
   <div class='ocr_carea' id='block_1_116' title="bbox 2091 5083 3751 5157">
    <p class='ocr_par' dir='ltr' id='par_1_116' title="bbox 2091 5083 3751 5157">
     <span class='ocr_line' id='line_1_117' title="bbox 2091 5083 3751 5157; baseline 0.002 -22"><span class='ocrx_word' id='word_1_963' title='bbox 2091 5084 2239 5152; x_wconf 85' lang='grc' dir='ltr'>λέγει</span> <span class='ocrx_word' id='word_1_964' title='bbox 2293 5083 2367 5153; x_wconf 85' lang='grc' dir='ltr'>μὴ</span> <span class='ocrx_word' id='word_1_965' title='bbox 2420 5083 2679 5136; x_wconf 88' lang='grc' dir='ltr'>δύνασθαι</span> <span class='ocrx_word' id='word_1_966' title='bbox 2728 5084 2861 5138; x_wconf 81' lang='grc' dir='ltr'>αὐτὸ</span> <span class='ocrx_word' id='word_1_967' title='bbox 2922 5085 3260 5156; x_wconf 89' lang='grc' dir='ltr'>ἀνθρώπινον</span> <span class='ocrx_word' id='word_1_968' title='bbox 3311 5086 3751 5157; x_wconf 80' lang='grc' dir='ltr'>καταλαμϐάνειν</span> 
     </span>
    </p>
   </div>
   <div class='ocr_carea' id='block_1_117' title="bbox 2090 5169 3748 5245">
    <p class='ocr_par' dir='ltr' id='par_1_117' title="bbox 2090 5169 3748 5245">
     <span class='ocr_line' id='line_1_118' title="bbox 2090 5169 3748 5245; baseline 0.004 -24"><span class='ocrx_word' id='word_1_969' title='bbox 2090 5170 2388 5240; x_wconf 85' lang='grc' dir='ltr'>ὀφθαλμὸν,</span> <span class='ocrx_word' id='word_1_970' title='bbox 2429 5173 2459 5223; x_wconf 90' lang='lat'>0</span> <span class='ocrx_word' id='word_1_971' title='bbox 2501 5170 2559 5223; x_wconf 87' lang='grc' dir='ltr'>δὲ</span> <span class='ocrx_word' id='word_1_972' title='bbox 2608 5170 2794 5241; x_wconf 86' lang='grc' dir='ltr'>ἐτερος</span> <span class='ocrx_word' id='word_1_973' title='bbox 2843 5171 3170 5243; x_wconf 87' lang='grc' dir='ltr'>φιλονεικοίη</span> <span class='ocrx_word' id='word_1_974' title='bbox 3217 5173 3440 5228; x_wconf 80' lang='grc' dir='ltr'>δυνατὸν</span> <span class='ocrx_word' id='word_1_975' title='bbox 3468 5169 3639 5239; x_wconf 77' lang='grc' dir='ltr'>εῖναι,</span> <span class='ocrx_word' id='word_1_976' title='bbox 3687 5176 3748 5245; x_wconf 75' lang='grc' dir='ltr'>τῇ</span> 
     </span>
    </p>
   </div>
   <div class='ocr_carea' id='block_1_118' title="bbox 2156 5493 2856 5559">
    <p class='ocr_par' dir='ltr' id='par_1_118' title="bbox 2156 5493 2856 5559">
     <span class='ocr_line' id='line_1_119' title="bbox 2156 5493 2856 5559; baseline -0.003 -15"><span class='ocrx_word' id='word_1_977' title='bbox 2156 5495 2181 5559; x_wconf 59' lang='grc' dir='ltr'><strong>ξ</strong></span> <span class='ocrx_word' id='word_1_978' title='bbox 2334 5495 2588 5559; x_wconf 84' lang='grc' dir='ltr'>σκαιωρία.</span> <span class='ocrx_word' id='word_1_979' title='bbox 2666 5558 2671 5559; x_wconf 13' lang='grc' dir='ltr'><strong>γ</strong></span> <span class='ocrx_word' id='word_1_980' title='bbox 2841 5532 2856 5542; x_wconf 89' lang='grc'>.</span> 
     </span>
    </p>
   </div>
   <div class='ocr_carea' id='block_1_119' title="bbox 2154 5553 2752 5619">
    <p class='ocr_par' dir='ltr' id='par_1_119' title="bbox 2154 5553 2752 5619">
     <span class='ocr_line' id='line_1_120' title="bbox 2154 5553 2752 5619; baseline 0.005 -17"><span class='ocrx_word' id='word_1_981' title='bbox 2154 5553 2184 5594; x_wconf 81' lang='grc' dir='ltr'>(ι</span> <span class='ocrx_word' id='word_1_982' title='bbox 2215 5558 2253 5619; x_wconf 69' lang='grc' dir='ltr'><strong>ᾼ</strong></span> <span class='ocrx_word' id='word_1_983' title='bbox 2263 5554 2316 5603; x_wconf 75' lang='lat' dir='ltr'>lii</span> <span class='ocrx_word' id='word_1_984' title='bbox 2340 5553 2752 5619; x_wconf 74' lang='grc' dir='ltr'>περιεργάσασθαι.</span> 
     </span>
    </p>
   </div>
   <div class='ocr_carea' id='block_1_120' title="bbox 2159 5617 3745 5691">
    <p class='ocr_par' dir='ltr' id='par_1_120' title="bbox 2159 5617 3745 5691">
     <span class='ocr_line' id='line_1_121' title="bbox 2159 5617 3745 5691; baseline 0.006 -26"><span class='ocrx_word' id='word_1_985' title='bbox 2159 5619 2183 5646; x_wconf 74' lang='grc' dir='ltr'><strong>ο</strong></span> <span class='ocrx_word' id='word_1_986' title='bbox 2210 5617 2318 5665; x_wconf 91' lang='lat' dir='ltr'>Duo</span> <span class='ocrx_word' id='word_1_987' title='bbox 2340 5617 2453 5689; x_wconf 44' lang='lat' dir='ltr'>msf&#39;s.</span> <span class='ocrx_word' id='word_1_988' title='bbox 2468 5620 2787 5691; x_wconf 55' lang='grc' dir='ltr'>ρπερηφανία,</span> <span class='ocrx_word' id='word_1_989' title='bbox 2824 5623 2879 5669; x_wconf 78' lang='lat' dir='ltr'><strong>et</strong></span> <span class='ocrx_word' id='word_1_990' title='bbox 2921 5618 2992 5691; x_wconf 57' lang='lat' dir='ltr'>sic</span> <span class='ocrx_word' id='word_1_991' title='bbox 3024 5620 3175 5673; x_wconf 83' lang='lat' dir='ltr'>Savil.</span> <span class='ocrx_word' id='word_1_992' title='bbox 3213 5620 3345 5676; x_wconf 75' lang='lat' dir='ltr'>Infra</span> <span class='ocrx_word' id='word_1_993' title='bbox 3379 5624 3607 5691; x_wconf 67' lang='lat' dir='ltr'><strong>quinan</strong></span> <span class='ocrx_word' id='word_1_994' title='bbox 3635 5643 3745 5685; x_wconf 76' lang='lat' dir='ltr'>mss.</span> 
     </span>
    </p>
   </div>
   <div class='ocr_carea' id='block_1_121' title="bbox 2094 5676 3103 5744">
    <p class='ocr_par' dir='ltr' id='par_1_121' title="bbox 2094 5676 3103 5744">
     <span class='ocr_line' id='line_1_122' title="bbox 2094 5676 3103 5744; baseline 0.006 -20"><span class='ocrx_word' id='word_1_995' title='bbox 2094 5676 2214 5725; x_wconf 82' lang='grc' dir='ltr'>ὅπου</span> <span class='ocrx_word' id='word_1_996' title='bbox 2235 5693 2288 5737; x_wconf 73' lang='grc' dir='ltr'>γε</span> <span class='ocrx_word' id='word_1_997' title='bbox 2306 5679 2410 5740; x_wconf 86' lang='grc' dir='ltr'>περὶ</span> <span class='ocrx_word' id='word_1_998' title='bbox 2432 5684 2515 5735; x_wconf 77' lang='grc' dir='ltr'>τῆς</span> <span class='ocrx_word' id='word_1_999' title='bbox 2534 5676 2884 5740; x_wconf 76' lang='grc' dir='ltr'>τῶνσωμάτων</span> <span class='ocrx_word' id='word_1_1000' title='bbox 2902 5680 3103 5744; x_wconf 77' lang='grc' dir='ltr'>φύσεως.</span> 
     </span>
    </p>
   </div>
  </div>
