3854 6222
286 249 381 301 741
1204 238 1288 292 DE
1331 233 2006 292 INCOMPREIIENSIBILI
2052 235 2159 290 DEI
2201 235 2501 292 NATURA.
2546 235 2610 288 ν.

287 361 382 414 hac
420 356 621 411 Insania
665 352 922 408 deterius?
952 353 1056 407 Cur
1099 361 1273 404 autem
1309 350 1428 404 dico
1453 391 1468 414 ,
1511 364 1628 418 qua:
1654 349 1722 403 sit
1750 349 1864 402 ani-

287 466 386 502 ma.-
423 443 751 500 snbstantia?
779 442 854 496 Ne
883 441 1094 511 quidem
1125 439 1390 507 quomodo
1432 440 1500 492 sit
1548 440 1598 492 in
1640 452 1865 506 corpore

284 538 546 606 quispiam
575 536 753 589 dicere
799 541 989 602 potest.
1027 532 1160 599 Quid
1189 532 1328 586 enim
1366 530 1602 593 dicatur,
1629 545 1696 583 an
1746 544 1861 584 eam

287 632 336 682 in
383 636 490 681 tota
515 625 752 694 corporis
790 623 929 676 mole
975 622 1184 675 extendi
1207 621 1230 672 ?
1257 619 1359 674 Sed
1408 620 1506 672 hoc
1535 618 1818 673 absurdum
1846 659 1862 682 ,

288 721 338 773 id
367 719 562 788 quippe
590 715 900 784 corporibus
933 715 1200 781 proprium
1246 721 1344 764 est.
1374 710 1523 774 Quod
1550 719 1725 763 autem
1753 710 1865 760 ani-

288 827 369 863 ma
402 809 479 863 sic
508 821 627 861 esse
666 819 769 859 non
816 804 1021 872 possit,
1051 801 1174 856 hinc
1215 801 1416 869 liquet:
1450 815 1592 867 sa-pe
1621 799 1865 852 manibus

287 901 612 969 pedibusque
663 895 896 965 prmcisis
938 891 1209 962 ,‘integra
1271 892 1359 944 illa
1415 899 1633 954 manet,
1688 904 1860 957 neque

292 1000 535 1043 truncato
559 1001 785 1055 corpore
815 983 998 1038 mutila
1029 982 1275 1036 efficitur.
1312 980 1498 1033 Verum
1532 979 1583 1030 in
1615 987 1725 1032 toto
1751 994 1863 1032 (ξονι

288 1094 420 1146 pore
466 1093 569 1130 non
615 1085 724 1140 est,
779 1073 871 1128 sed
921 1073 972 1125 in
1025 1082 1175 1140 parte
1217 1069 1438 1138 quadam
1481 1067 1781 1122 continetur
1808 1070 1864 1118 ιε

292 1183 424 1237 ergo
470 1167 666 1235 reliqua
700 1163 935 1218 membra
966 1169 1172 1215 mortua
1198 1174 1316 1213 esse
1357 1172 1574 1211 necesse
1603 1166 1682 1211 est
1704 1197 1719 1221 ,
1747 1172 1868 1209 nam

289 1261 429 1331 quod
474 1259 847 1318 inanimatum,
879 1263 1144 1307 mortuum
1202 1260 1304 1304 est.
1348 1251 1414 1303 At
1460 1263 1558 1302 nec
1609 1248 1734 1301 illud
1787 1247 1869 1300 di-

289 1352 513 1405 cendum
541 1391 555 1414 ,
603 1347 694 1400 sed
725 1346 866 1400 illam
898 1343 1110 1412 quidem
1163 1343 1216 1395 in
1262 1355 1485 1409 corpore
1521 1353 1640 1393 esse
1686 1347 1868 1392 nostro

289 1444 487 1494 scimus
511 1481 524 1503 ,
571 1437 839 1508 quomodo
869 1443 1048 1489 autem
1085 1435 1191 1494 sit,
1233 1433 1554 1502 ignoramus.
1586 1430 1870 1497 Propterea

292 1533 434 1586 enim
472 1532 610 1584 Deus
641 1529 776 1582 hanc
820 1509 972 1580 nobis
1009 1523 1359 1593 cognitionem
1401 1522 1608 1591 penitus
1637 1519 1870 1573 occulta-

291 1626 360 1676 vit
392 1665 405 1685 ,
436 1632 491 1676 ut
521 1621 674 1674 nobis
703 1635 796 1672 ora
843 1619 1086 1671 f'raenaret
1109 1658 1122 1679 ,
1153 1615 1473 1676 contineret,
1505 1621 1668 1681 atque
1706 1611 1757 1664 in
1788 1611 1870 1664 itt-

293 1713 430 1765 limis
460 1725 676 1764 manere
719 1706 967 1762 suaderet
990 1746 1004 1768 ,
1051 1719 1114 1757 ne
1151 1719 1268 1773 qua:
1293 1717 1449 1770 supra
1482 1717 1578 1754 nos
1629 1708 1752 1753 sunt
1780 1715 1874 1753 cu-

290 1805 432 1856 riose
463 1811 837 1862 serutarcmur,
872 1807 962 1849 aut
993 1790 1639 1862 perquireremus.Verum
1669 1805 1733 1843 ne
1763 1790 1875 1843 hate

293 1892 587 1946 ratiociniis
633 1889 827 1944 nostris
877 1888 1344 1949 demonstremus,
1393 1898 1489 1952 age
1543 1895 1751 1936 rursum
1808 1881 1875 1933 ad

294 1983 622 2050 Scriptorum
670 1992 970 2033 sermonem
1001 1986 1408 2030 convertamus:
1445 1972 1567 2026 Non
1607 1973 1726 2040 quia
1765 1970 1874 2024 Pa-

295 2083 416 2125 trem
447 2072 565 2124 vidit
609 2070 910 2140 quisquam,
958 2066 1053 2118 nisi
1105 2066 1188 2134 qui
1233 2081 1295 2116 ea;
1325 2063 1427 2114 υιο
1471 2072 1583 2128 est,
1632 2062 1712 2114 hic
1753 2061 1875 2114 vidit

297 2162 502 2214 Patrem
533 2161 706 2228 (Jouu.
748 2158 806 2212 6.
837 2156 955 2226 46).
982 2156 1177 2209 Verum
1205 2155 1327 2224 quid
1357 2154 1498 2207 hoc?
1525 2153 1727 2223 inquiet
1745 2171 1758 2207 :
1777 2153 1879 2208 hoc

295 2257 493 2308 dictum
552 2271 655 2308 non
704 2255 801 2322 ipsi
833 2252 1192 2321 cognitionem
1226 2250 1510 2318 perfectam
1557 2246 1876 2315 adscripsit,

296 2347 391 2400 sed
418 2354 712 2399 creaturam
741 2343 952 2411 quidem
984 2357 1102 2395 eum
1133 2358 1237 2394 non
1262 2355 1420 2394 nosse
1466 2338 1753 2392 declaravit
1797 2337 1879 2390 his

298 2438 515 2490 verbis:
553 2434 671 2488 Non
725 2437 843 2503 quia
893 2432 1101 2486 Patrem
1143 2434 1264 2485 vidit
1316 2432 1612 2500 quisquam;
1651 2431 1882 2496 itemque

298 2524 438 2580 dixit
491 2526 682 2579 Filium
727 2526 898 2594 ipsum
951 2537 1143 2585 nosse,
1177 2522 1288 2576 haec
1343 2521 1707 2589 subjungens,
1765 2516 1882 2570 Nisi

297 2619 385 2684 qui
422 2628 492 2670 est
518 2633 581 2670 ea:
601 2615 709 2668 Deo
731 2631 748 2668 :
774 2616 853 2668 hic
874 2615 996 2667 vidit
1026 2613 1248 2666 Patrem.
1277 2611 1428 2678 Quod
1449 2622 1622 2666 autem
1650 2608 1884 2681 perfecte

301 2708 446 2760 illum
478 2715 802 2774 cognoscat,
834 2715 989 2774 atque
1019 2705 1086 2757 ita
1127 2715 1182 2756 ut
1209 2704 1321 2770 ipse
1363 2704 1596 2770 seipsum
1623 2699 1802 2763 novit,
1832 2697 1883 2750 id

302 2798 535 2852 nondum
587 2798 1004 2852 demonstratum
1056 2805 1160 2851 est.
1204 2794 1342 2848 Fieri
1397 2807 1625 2862 namque
1664 2798 1881 2861 potest,

303 2891 413 2953 ait,
447 2901 504 2944 ut
546 2905 716 2960 neque
757 2898 999 2943 creatura
1028 2902 1148 2941 eum
1178 2887 1320 2940 clare
1363 2891 1686 2954 cognoscat,
1714 2894 1904 2951 neque

302 2973 490 3044 Filius,
519 2979 614 3034 sed
638 2979 833 3033 clarius
865 2978 949 3032 hic
975 2993 1132 3047 quam
1180 2977 1287 3039 illa,
1313 2985 1364 3029 et
1391 2984 1568 3029 tamen
1595 2972 1886 3042 perfectam

303 3070 833 3140 comprehensionem
884 3083 989 3122 non
1037 3069 1276 3136 attingat.
1309 3065 1438 3120 Nam
1480 3065 1625 3118 illum
1674 3063 1886 3132 quidem

306 3161 520 3224 videre,
555 3169 611 3214 ut
648 3170 729 3214 est
749 3201 764 3226 ,
796 3169 849 3214 et
874 3173 1196 3228 cognoscere
1223 3172 1280 3211 se
1321 3157 1431 3220 ait,
1457 3154 1687 3225 perfecte
1710 3163 1888 3207 autem

309 3266 635 3321 cognoscere
664 3259 822 3316 atque
853 3259 908 3302 ut
935 3250 1048 3317 ipse
1089 3249 1322 3316 seipsum
1357 3247 1542 3311 novit,
1569 3243 1620 3298 id
1652 3243 1888 3297 nondum

305 3341 617 3394 declaravit.
649 3339 884 3394 Vultisne
911 3338 1069 3407 igitur
1095 3379 1110 3403 ,
1141 3346 1197 3391 ut
1224 3351 1254 3390 a
1294 3336 1458 3389 sacris
1479 3333 1766 3403 Seripturis
1788 3373 1805 3400 ,
1838 3340 1892 3386 et

307 3434 375 3485 ab
418 3432 545 3500 ipsis
569 3430 766 3483 Christi
805 3429 979 3482 verbis
1015 3429 1066 3482 id
1089 3427 1417 3497 probemus?
1449 3424 1738 3478 Audiamus
1763 3422 1892 3493 quid

307 3522 505 3576 ludit-is
546 3522 657 3590 ipse
682 3521 864 3574 dient:
899 3519 1040 3573 Sicut
1065 3517 1318 3588 cognoscit
1348 3532 1424 3569 me
1460 3513 1612 3568 Pater
1633 3554 1650 3580 ,
1695 3525 1741 3568 et
1797 3530 1888 3584 ego

307 3627 552 3679 cognosco
584 3608 788 3661 Patrem
843 3607 954 3675 (Id.
990 3607 1215 3676 10.15).
1265 3605 1400 3673 Quid
1456 3605 1554 3658 hac
1593 3603 1894 3673 cognitione

313 3704 601 3772 perfectius
630 3700 824 3754 deinde
873 3713 1080 3768 qumras
1103 3697 1127 3751 ?
1153 3698 1422 3765 Interroga
1484 3694 1844 3750 adversarium
1877 3735 1892 3760 ,

310 3813 377 3847 an
406 3793 561 3846 Pater
592 3791 783 3844 Filium
817 3789 1049 3859 perfecte
1079 3789 1261 3854 novit,
1293 3786 1757 3854 omnimodamque
1780 3784 1896 3852 ejus

310 3886 668 3954 cognitionem
709 3883 908 3946 habet,
946 3882 1180 3950 nihilque
1234 3881 1333 3948 ipsi
1376 3880 1503 3934 latet
1548 3893 1731 3932 eorum
1780 3891 1898 3945 quae

313 3980 505 4034 Filium
537 3987 816 4047 spectant,
848 3975 943 4031 sed
995 3974 1227 4044 perfecta
1253 3980 1335 4026 est
1378 3969 1638 4025 scientia?
1676 3969 1752 4022 Ita
1780 3977 1895 4030 est,

316 4071 676 4140 respondebit.
725 4069 888 4137 Igitur
949 4082 1068 4121 cum
1113 4065 1384 4127 audieris,
1448 4065 1516 4114 ita
1568 4075 1689 4115 eum
1740 4073 1900 4112 nosse

315 4162 508 4216 Filium
546 4170 603 4213 ut
627 4160 741 4227 ipse
772 4157 960 4211 Filium
988 4154 1166 4219 novit,
1198 4152 1326 4206 nihil
1349 4151 1482 4205 ultra
1506 4163 1712 4219 quaeras
1733 4189 1747 4212 ,
1779 4163 1898 4203 cum

316 4250 593 4319 utrobique
633 4248 864 4317 cognitio
891 4248 959 4300 ita
1004 4245 1072 4298 sit
1125 4243 1361 4313 aequalis.
1405 4241 1535 4296 Nam
1566 4251 1619 4295 et
1647 4240 1772 4294 alibi
1821 4239 1902 4293 id-

315 4343 490 4411 ipsum
546 4341 834 4395 declaravit
885 4338 966 4392 his
1012 4337 1230 4393 verbis:
1267 4335 1430 4389 Nemo
1475 4334 1609 4386 novit
1673 4331 1898 4394 Filium,

317 4433 418 4486 nisi
470 4431 662 4494 Pater,
723 4445 880 4498 neque
927 4429 1131 4481 Patrem
1183 4427 1291 4496 quis
1343 4425 1508 4488 novit,
1549 4423 1645 4475 nisi
1691 4420 1898 4482 Filius,

319 4531 367 4576 et
418 4523 499 4575 cui
551 4522 760 4576 voluerit
791 4519 959 4573 Filius
1000 4520 1216 4572 revelare
1251 4515 1460 4586 (Matth.
1516 4515 1600 4567 11.
1656 4511 1772 4581 27).
1799 4511 1903 4564 Re-

320 4613 459 4666 velat
502 4623 678 4666 autem
735 4627 838 4664 non
865 4620 1120 4680 quantum
1151 4609 1262 4677 ipse
1292 4607 1476 4669 novit,
1519 4604 1613 4659 sed
1648 4613 1901 4672 quantum

321 4717 422 4758 nos
444 4703 701 4772 capimus.
739 4698 870 4754 Nam
917 4700 959 4753 si
988 4698 1180 4752 Paulus
1207 4697 1274 4749 ita
1303 4694 1497 4759 faciat,
1525 4693 1691 4746 multo
1737 4692 1904 4760 magis

321 4795 598 4850 Christus:
622 4794 893 4863 discipulis
921 4794 1114 4861 quippe
1135 4790 1246 4844 suis
1269 4789 1346 4843 sic
1377 4787 1464 4841 ille
1490 4788 1592 4839 ait:
1621 4783 1739 4838 Non
1765 4784 1905 4852 potui

324 4886 462 4940 vobis
491 4886 624 4953 loqui
681 4884 823 4950 quasi
856 4880 1237 4951 spiritualibus,
1266 4880 1352 4932 sed
1401 4880 1545 4946 quasi
1593 4876 1901 4928 carnalibus.

329 4977 607 5047 Tamquam
647 4975 873 5048 parvulis
916 4974 968 5025 in
997 4972 1196 5026 Christo
1233 4970 1310 5022 lac
1355 4969 1490 5022 vobis
1537 4977 1709 5036 potum
1745 4965 1902 5028 dedi,

326 5086 427 5123 nou
446 5084 647 5123 escam:
673 5069 897 5119 nondum
936 5063 1067 5116 enim
1097 5061 1334 5132 poteratis
1364 5060 1442 5127 (1.
1473 5059 1588 5110 Cor.
1610 5059 1663 5111 3.
1700 5057 1772 5126 1).
1801 5054 1904 5110 Sed

329 5160 382 5214 td
410 5157 701 5214 Corinthiis
751 5163 984 5219 tantum,
1014 5153 1250 5221 inquiet,
1298 5149 1444 5203 dicit.
1484 5147 1621 5216 Quid
1680 5147 1836 5216 igitur
1861 5145 1905 5198 si

330 5249 708 5316 ostendamus,
746 5247 917 5317 ipsum
960 5245 1062 5300 alia
1121 5244 1372 5306 novisse,
1423 5256 1541 5310 quae
1588 5239 1764 5298 nullus
1808 5239 1907 5291 ho-

332 5345 533 5400 minum
565 5348 806 5407 noverat,
832 5348 888 5393 et
913 5353 1034 5392 cum
1061 5338 1204 5392 solus
1243 5335 1423 5397 sciret,
1455 5335 1532 5386 sic
1560 5347 1589 5386 e
1638 5331 1771 5384 vivis
1796 5329 1908 5383 dis-

331 5437 597 5496 cessisse?
639 5435 864 5491 Ubinam
915 5439 1090 5486 autem
1131 5437 1306 5483 autem
1340 5425 1394 5480 id
1438 5423 1658 5494 reperiri
1699 5419 1909 5491 possit?

395 5591 414 5626 ι
439 5592 537 5647 Am,
562 5588 818 5650 colligitur.
845 5584 988 5650 Paulo
1024 5589 1131 5644 post
1147 5593 1251 5643 pro,
1263 5577 1449 5650 reliqua
1471 5575 1684 5650 membra
1721 5581 1910 5628 mortua

333 5638 695 5716 denique!
718 5659 843 5709 Mss,
865 5638 1072 5710 reliquas
1093 5638 1251 5708 partes
1274 5645 1482 5691 mortuas
1502 5638 1628 5702 ﬁeri.

3443 235 3545 292 742

1974 347 2028 399 lit
2061 348 2278 416 epistola
2326 349 2391 401 ad
2441 346 2776 409 Corinthios,
2810 346 2896 399 tibi
2947 347 3016 399 ita
3067 347 3333 416 loquitur:
3365 347 3544 400 Audivi

1971 453 2156 490 arcana
2178 438 2323 490 verba
2347 478 2362 502 ,
2395 453 2510 506 qua:
2546 453 2645 490 non
2672 438 2783 490 licet
2829 438 3016 490 homini
3042 437 3176 507 loqui
3211 437 3281 507 (ἓ.
3309 436 3425 492 Cor.
3459 438 3543 491 1%.

1972 529 2048 596 4).
2099 528 2164 580 Et
2193 535 2366 580 tamen
2409 528 2492 579 hic
2522 528 2739 595 ipsequi
2768 527 2964 580 audivit
2993 543 3184 580 arcana
3212 527 3368 582 verba
3390 569 3403 591 ,
3431 544 3550 596 qua:

1974 633 2077 669 non
2108 618 2232 671 licet
2261 618 2460 670 homini
2492 616 2632 686 loqui
2666 659 2679 682 ,
2717 618 3088 686 particularent
3134 619 3415 686 quamdam
3459 633 3549 671 c0-

1971 708 2263 775 gnitionem
2317 708 2511 773 habet,
2557 719 2608 761 et
2658 709 2830 761 futura
2879 710 2964 762 illa
3018 709 3172 778 longe
3222 709 3547 764 inferiorem.

1973 798 2071 863 Qui
2122 799 2262 851 enim
2301 800 2384 850 illa
2433 798 2602 862 dixit,
2651 799 2727 852 sic
2781 800 2939 852 etiam
2978 800 3208 868 loquitur
3240 817 3253 852 :
3286 798 3370 853 Ea;
3413 813 3554 869 parte

1974 891 2335 959 cognoscimus,
2365 901 2408 942 et
2437 908 2498 943 ex
2521 900 2665 958 parte
2703 889 3079 960 prophetamus.
3108 890 3232 943 Cum
3256 906 3412 944 essem
3443 907 3554 958 par-

1973 984 2150 1044 vulus,
2196 982 2430 1052 loquebar
2477 993 2529 1033 ut
2568 981 2844 1048 parvulus,
2895 981 3148 1051 sepiebant
3188 992 3243 1035 ut
3289 984 3550 1052 parvulus,

1974 1066 2272 1136 cogitabam
2292 1079 2345 1120 ut
2373 1069 2646 1134 parvulus.
2674 1067 2740 1120 Et
2763 1083 2899 1120 nunc
2923 1069 3065 1120 video
3086 1085 3177 1136 per
3211 1070 3478 1137 speculum
3499 1087 3555 1123 in

1977 1164 2276 1229 magmate;
2298 1171 2420 1215 tunc
2442 1172 2620 1215 autem
2645 1160 2780 1224 facie
2810 1161 2878 1213 ad
2907 1160 3098 1228 faciem
3127 1161 3200 1230 (1.
3231 1162 3355 1214 Cor.
3385 1162 3469 1216 15.
3499 1164 3552 1216 9.

1979 1253 2193 1312 11.12).
2222 1251 2406 1320 Itaque
2429 1267 2492 1304 ex
2522 1252 2603 1304 his
2631 1252 2786 1305 nobis
2809 1262 2919 1305 tota
2947 1253 3164 1305 illorum
3189 1252 3405 1306 fallacia
3426 1254 3440 1283 ¹
3471 1269 3558 1308 re-

1975 1339 2250 1410 darguitur
2283 1357 2294 1391 :
2325 1355 2444 1392 cum
2480 1339 2621 1392 enim
2654 1340 2764 1407 ipsa
2793 1336 3084 1392 substantia
3114 1338 3385 1406 ignoratur
3407 1376 3422 1399 ,
3453 1349 3560 1388 nou

1979 1446 2044 1482 an
2095 1431 2184 1493 sit,
2231 1427 2324 1482 sed
2355 1427 2476 1497 quid
2523 1429 2634 1491 sit,
2681 1436 2933 1480 extrema:
2961 1440 3090 1480 sane
3131 1426 3350 1479 insania:
3405 1424 3562 1478 fuerit

1985 1534 2179 1574 nomen
2219 1519 2318 1586 ipsi
2349 1520 2600 1571 tribucre.
2651 1518 2976 1585 Quamquam
3009 1518 3106 1570 etsi
3157 1526 3278 1569 nota
3313 1525 3562 1586 certaque

1978 1619 2160 1673 esset,
2194 1625 2297 1662 non
2344 1619 2508 1661 tutum
2569 1618 2742 1662 tamen
2803 1617 2982 1672 esset,
3033 1622 3131 1660 nos
3186 1608 3329 1675 ipsos
3364 1621 3559 1670 nomen

1979 1709 2161 1753 nostro
2213 1699 2370 1752 modo
2419 1708 2660 1754 statuere
2713 1700 3024 1753 substantia:
3083 1700 3310 1753 Domini.
3342 1699 3474 1753 Nam
3514 1698 3562 1752 si

1982 1790 2177 1843 Paulus
2225 1789 2470 1857 supernis
2514 1789 2795 1842 virtutibus
2853 1789 3065 1849 nomina
3124 1790 3397 1857 imponere
3459 1804 3563 1842 non

1981 1895 2142 1933 ausus
2188 1890 2304 1944 est,
2354 1881 2446 1932 sed
2493 1895 2611 1933 cum
2666 1881 2919 1944 dixisset,
2992 1881 3258 1934 Constituit
3314 1880 3568 1935 Christum

1980 1988 2133 2040 super
2180 1988 2376 2025 omnem
2413 1973 2752 2041 principatum
2789 1982 2834 2024 et
2886 1982 3210 2041 potestatem,
3253 1981 3300 2025 et
3339 1973 3566 2025 virtutem

1991 2073 2036 2116 et
2085 2080 2230 2118 omne
2291 2080 2506 2127 nomen,
2555 2063 2691 2134 quod
2759 2065 3082 2127 nominatur,
3138 2081 3239 2117 non
3307 2065 3468 2117 solum
3514 2080 3569 2116 ιιι

1983 2157 2076 2208 hoc
2101 2157 2284 2210 sazculo
2309 2196 2324 2220 ,
2355 2157 2442 2210 sed
2469 2158 2617 2210 etiam
2641 2159 2694 2210 in
2717 2156 2888 2224 futuro
2916 2156 3128 2227 (Ephes.
3159 2159 3206 2211 1.
3226 2158 3342 2226 21),
3367 2173 3572 2228 nosque

1985 2247 2293 2314 docuisset,
2343 2262 2462 2302 esse
2541 2248 2782 2316 qumdam
2842 2248 3095 2301 virtutum
3149 2250 3394 2311 nomina,
3451 2264 3571 2317 qua:

1986 2348 2113 2394 tunc
2163 2354 2586 2409 cognoscemus,
2636 2354 2734 2394 nec
2798 2355 2960 2393 ausus
3015 2341 3128 2408 ipse
3197 2349 3278 2394 est
3317 2341 3419 2394 alia
3469 2355 3568 2408 pro

1986 2431 2096 2485 illis
2137 2442 2402 2496 statuere,
2438 2446 2610 2500 neque
2655 2431 2740 2484 illa
2783 2432 3084 2500 exquirere,
3130 2447 3230 2500 qua
3279 2433 3454 2496 venia,
3489 2432 3572 2485 vel

1987 2538 2090 2592 qua
2131 2524 2475 2578 excusatione
2505 2523 2648 2593 digni
2692 2523 2888 2578 fuerint
2935 2524 3001 2589 ii,
3045 2525 3133 2593 qui
3187 2525 3326 2580 circa
3365 2524 3572 2579 Domini

1987 2615 2337 2669 substantiam
2377 2614 2606 2684 idipsum
2634 2615 2810 2671 facere
2830 2615 3068 2671 audent?
3090 2618 3219 2671 Cum
3247 2627 3422 2671 autem
3453 2618 3566 2688 ipsa

1988 2720 2198 2774 quoque
2257 2705 2550 2760 substantia
2597 2707 2914 2776 ignoretur,
2983 2708 3124 2778 ipsos
3175 2723 3273 2762 ceu
3343 2707 3573 2762 furiosius

1993 2796 2230 2851 aversari
2259 2806 2488 2865 oportet.
2527 2796 2658 2851 Nam
2703 2798 2843 2867 quod
2891 2797 3034 2852 Dens
3074 2798 3142 2853 sit
3185 2799 3450 2870 ingenitus
3480 2813 3576 2868 pa-

1990 2886 2094 2940 lam
2125 2895 2248 2950 cst;
2297 2887 2437 2956 quod
2467 2896 2643 2941 autem
2689 2887 2818 2941 illud
2864 2890 2932 2942 sit
2973 2889 3087 2958 ejus
3113 2888 3426 2944 substantia:
3473 2906 3569 2943 nu-

1992 2993 2145 3044 men,
2175 2979 2226 3033 id
2253 2980 2427 3035 nntius
2455 2981 2833 3049 prophetarum
2880 2980 3013 3034 dixit
3037 3023 3051 3048 ,
3100 2981 3275 3036 nullus
3301 2982 3574 3049 apostolo-

1993 3084 2110 3123 rum
2156 3069 2548 3134 subiudicavit,
2607 3071 2892 3138 nullusque
2930 3071 3292 3140 evangelista;
3321 3080 3376 3126 et
3422 3083 3568 3126 recte

1993 3161 2228 3232 quidem.
2251 3161 2349 3229 Qui
2367 3163 2506 3216 enim
2526 3163 2692 3232 ipsam
2715 3163 3065 3218 substantiam
3094 3165 3422 3234 ignorarent,
3443 3180 3575 3235 quo-

1995 3251 2155 3306 modo
2183 3267 2377 3306 nomen
2407 3253 2523 3323 ejus
2552 3252 2791 3323 proferre
2821 3255 3081 3323 possent?

2066 3341 2120 3396 5.
2154 3341 2354 3412 Ecquid
2392 3343 2580 3413 loquor
2636 3342 2704 3398 de
2758 3345 2950 3398 divinis
3006 3344 3295 3414 Seripturis
3319 3386 3334 3412 ,
3365 3347 3578 3415 quando

1996 3442 2140 3488 tanta
2206 3444 2289 3489 est
2339 3433 2680 3488 absurditatis
2740 3436 2884 3489 illius
2927 3436 3224 3500 evidentia,
3283 3445 3423 3491 tanta
3476 3435 3581 3490 ini-

1998 3527 2212 3595 quitatis
2256 3525 2562 3595 magnitudo
2587 3567 2600 3592 ,
2648 3534 2706 3580 ut
2756 3541 2824 3580 tte
2866 3527 3094 3596 gentiles
3133 3526 3348 3596 quidem
3378 3565 3393 3591 ,
3420 3525 3509 3595 qni
3551 3541 3582 3579 a

1999 3619 2219 3673 veritate
2260 3619 2670 3682 aberraverai.t,
2714 3618 2837 3686 quid
2889 3617 3062 3672 simile
3111 3633 3359 3686 mnquam
3403 3617 3584 3671 dicere

1999 3709 2112 3762 ausi
2161 3708 2267 3760 sint
2299 3725 2310 3760 :
2341 3722 2500 3762 nemo
2547 3707 2689 3760 enim
2743 3722 2809 3762 ex
2862 3707 2966 3762 illis
3007 3706 3202 3761 divina:
3269 3707 3581 3760 substantize

2001 3797 2360 3852 definitionem
2387 3797 2577 3853 efferre
2627 3799 2847 3851 tentavit
2870 3839 2884 3861 ,
2911 3812 3134 3866 eamque
3166 3813 3270 3851 uno
3298 3797 3584 3866 complecti

2004 3890 2219 3944 nomine
2251 3905 2412 3943 ausus
2437 3899 2538 3943 est.
2572 3890 2637 3943 Et
2667 3889 2794 3958 quid
2823 3889 3011 3958 loquor
3037 3888 3105 3943 de
3133 3888 3309 3943 divina
3338 3887 3587 3942 substan-

2006 3980 2074 4032 tia
2099 4018 2112 4040 ,
2156 3978 2368 4047 quando
2395 3993 2460 4032 ne
2500 3978 2566 4031 de
2615 3978 2925 4045 incorporea
2954 3977 3168 4046 quidem
3209 3987 3395 4030 natura
3416 3977 3437 4007 ³
3467 3976 3585 4044 phi-

2007 4067 2370 4136 losophantes,
2393 4068 2508 4136 ejus
2541 4066 2830 4136 perfectam
2859 4066 3223 4122 definitionem
3247 4076 3585 4129 statuerunt;

2004 4159 2098 4213 sed
2128 4161 2408 4214 obscuram
2432 4168 2632 4213 tantum
2661 4158 3069 4228 descriptionem
3099 4167 3154 4212 et
3179 4157 3588 4213 delineationem

2007 4253 2180 4321 potius
2203 4293 2218 4317 ,
2249 4267 2404 4320 quam
2430 4250 2812 4306 definitionem.
2843 4250 3037 4305 Verum
3066 4249 3192 4321 quid
3221 4253 3486 4320 sapientes
3511 4248 3588 4302 illi

2007 4341 2261 4410 objiciunt
2279 4342 2304 4394 ?

2082 4432 2307 4503 Objectio
2347 4433 2722 4486 Anomazoruut.
2753 4461 2822 4470 —
2844 4430 2980 4499 Ergo
3023 4429 3265 4499 ignoras,
3321 4428 3503 4493 aiunt,
3538 4427 3590 4482 id

2009 4524 2146 4592 quod
2177 4525 2349 4579 colis?
2396 4524 2528 4577 lluie
2554 4526 2707 4592 plane
2737 4522 3020 4592 objectioni
3064 4537 3131 4576 no
3159 4519 3586 4590 respondendum

2013 4613 2225 4682 quidem
2290 4624 2472 4678 esset,
2523 4623 2803 4684 postquam
2845 4629 2910 4668 ex
2963 4613 3254 4682 Seripturis
3314 4611 3594 4681 perspicue

2011 4706 2430 4761 demonstratum
2455 4717 2557 4771 est,
2580 4706 2827 4776 cognosci
2850 4722 2954 4759 non
2977 4719 3133 4775 posse
3158 4705 3282 4775 quid
3303 4705 3596 4760 secundum

2011 4801 2358 4857 substantiam
2391 4799 2460 4852 sit
2502 4799 2666 4852 Deus.
2697 4797 2829 4864 Quia
2859 4811 2984 4850 vero
3015 4810 3120 4849 non
3165 4794 3380 4850 inimico
3421 4795 3596 4864 loqui-

2016 4910 2133 4948 mur
2168 4893 2346 4945 animo
2368 4932 2380 4953 ,
2411 4889 2504 4944 sed
2536 4899 2595 4943 ut
2621 4904 2714 4942 eos
2741 4887 3085 4942 emendemus
3116 4905 3128 4940 :
3162 4902 3294 4957 age,
3339 4886 3594 4942 Ostenda-

2014 5001 2131 5040 mus
2173 4999 2276 5039 non
2327 4985 2568 5052 ignorare
2605 4980 2730 5050 quid
2790 4979 3079 5033 secundum
3128 4977 3476 5033 substantiam
3529 4976 3599 5031 sit

2016 5078 2152 5131 Deus
2183 5116 2196 5138 ,
2226 5075 2320 5129 sed
2351 5073 2400 5128 id
2428 5088 2487 5127 se
2512 5087 2669 5126 nosse
2717 5069 3042 5124 contendere
3062 5109 3077 5135 ,
3121 5068 3249 5123 illud
3279 5083 3398 5123 esse
3430 5067 3597 5127 Deum

2015 5168 2280 5239 ignorare.

2089 5259 2386 5330 Responsio.
2411 5287 2478 5297 —-
2507 5256 2599 5310 Dic
2627 5257 2767 5311 enim
2799 5254 2924 5308 mihi
2946 5295 2961 5318 ,
3012 5255 3057 5308 si
3095 5253 3204 5309 duo
3239 5251 3482 5306 homines
3528 5248 3598 5304 de
3639 5248 3642 5250 ⁷

2017 5348 2392 5421 magnitudinis
2435 5347 2549 5402 cit-li
2617 5345 2800 5400 notitia
2845 5345 2982 5399 inter
3041 5358 3099 5397 se
3165 5340 3592 5404 contenderent,

2017 5455 2241 5512 quorum
2266 5440 2400 5494 alter
2422 5438 2641 5504 diceret,
2662 5451 2764 5490 non
2787 5449 2943 5506 posse
2964 5433 3196 5490 humano
3217 5433 3372 5487 oculo
3399 5429 3591 5486 catltna

2083 5575 2100 5605 ί
2136 5574 2242 5631 Alii,
2264 5571 2491 5634 nequitia.

2083 5641 2104 5673 ι
2139 5630 2357 5697 Quinque
2380 5640 2506 5696 Mss,
2532 5631 2592 5685 de
2609 5641 2861 5694 corporum
2905 5630 3112 5678 natura;
