3854 6222
369 318 472 370 ’715

370 415 790 486 comprehendi;
828 415 1118 472 alter-vero
1143 418 1433 471 affirmaret
1476 433 1632 487 posse
1675 419 1945 474 hominem

371 509 549 576 palmo
601 516 767 562 totum
795 507 1050 573 dimetiri;
1078 525 1234 578 quem
1261 527 1330 563 ex
1363 511 1442 562 his
1479 511 1781 567 diceremus
1831 513 1946 567 cadi

373 599 785 668 magnitudinem
814 615 1001 655 nosse:
1023 614 1215 654 emnne
1235 601 1322 669 qni
1348 605 1692 656 centenderet
1708 617 1766 656 se
1789 617 1949 657 nosse

378 699 508 758 quot
541 693 744 759 palmos
775 690 965 744 habeat
1010 706 1073 744 an
1102 707 1224 745 eum
1251 692 1341 760 qui
1371 709 1428 746 se
1455 694 1696 762 ignorare
1734 693 1950 762 proﬁte-

379 781 550 835 retur?
569 782 719 848 Quod
745 783 789 836 si
823 783 866 836 is
895 783 982 852 qui
1014 784 1127 836 caeli
1159 785 1504 854 magnitudini
1527 785 1686 848 cedit,
1717 786 1829 854 ipse
1856 799 1952 854 po-

373 872 472 924 tius
492 871 770 939 novitcjus
795 871 1227 940 magnitudinem,
1260 889 1425 940 quare
1447 889 1550 927 non
1591 875 1657 928 de
1681 875 1789 928 Deo
1836 874 1948 943 pari

380 976 410 1014 c
436 976 501 1010 nn
535 964 827 1014 reverentia
851 961 1162 1030 loquemur?
1182 962 1457 1028 Quomodo
1481 980 1582 1017 non
1617 964 1666 1018 id
1698 975 1951 1018 extremae

371 1051 654 1105 dementiae
693 1051 849 1106 fuerit
873 1053 897 1106 τ
924 1053 1076 1120 Quod
1101 1062 1277 1109 autem
1311 1055 1360 1108 id
1391 1058 1560 1109 solum
1589 1057 1888 1126 requiratur
1917 1072 1948 1111 a

372 1141 544 1206 nobis,
570 1151 623 1195 ut
645 1143 875 1198 sciamus
904 1145 1064 1197 Deum
1093 1159 1232 1210 esse,
1259 1162 1360 1197 non
1387 1157 1439 1199 ut
1464 1146 1579 1214 ejus
1595 1148 1942 1200 substantiam

376 1234 583 1286 curiose
612 1242 949 1299 scrutemur,
999 1235 1119 1289 audi
1178 1236 1396 1290 Paulum
1447 1240 1790 1307 loquentem:
1833 1238 1954 1294 Cre-

371 1321 488 1373 dere
513 1322 645 1374 enim
675 1334 865 1393 Oportet
914 1340 1026 1377 eum
1049 1326 1132 1395 qui
1153 1326 1220 1378 ad
1245 1325 1408 1380 Deum
1456 1329 1648 1381 accedit
1668 1313 1833 1398 ,tquia
1881 1339 1953 1384 est

378 1411 562 1479 (Hebr.
616 1414 702 1468 11.
744 1413 820 1483 6).
873 1414 1099 1469 Rursum
1153 1418 1404 1486 propheta
1437 1460 1452 1486 ,
1502 1435 1620 1474 cum
1672 1421 1954 1489 impietatis

377 1504 676 1572 quempiam
704 1515 1010 1572 accusaret,
1039 1523 1142 1561 non
1174 1509 1221 1562 ei
1254 1510 1381 1562 vitio
1408 1511 1603 1573 vertit,
1634 1511 1776 1581 quod
1807 1513 1952 1581 igno-

373 1601 519 1646 raret
543 1593 667 1663 quid
720 1594 788 1648 sit
818 1596 995 1660 Deus,
1028 1597 1120 1652 sed
1171 1599 1311 1668 quod
1365 1616 1483 1653 eum
1535 1616 1652 1656 esse
1700 1603 1950 1657 nesciret.

374 1681 506 1735 Nam
552 1683 645 1745 ait,
676 1682 820 1738 Dixit
846 1686 1086 1756 insipiens
1131 1689 1184 1742 in
1213 1689 1364 1743 corde
1404 1707 1495 1742 suo
1521 1732 1534 1755 ,
1582 1708 1683 1744 non
1714 1701 1784 1746 cst
1815 1691 1954 1746 Deus

372 1769 960 1844 (Psal.13.1).lgitur
1007 1787 1064 1831 ut
1113 1779 1197 1833 ille
1240 1780 1434 1848 impius
1478 1791 1590 1846 est,
1651 1798 1757 1835 non
1811 1783 1955 1852 quod

374 1863 582 1931 ignoret
634 1867 758 1934 quid
802 1868 1092 1922 secundum
1140 1870 1486 1926 Substantiam
1531 1873 1600 1926 sit
1649 1872 1830 1939 Deus,
1861 1873 1955 1928 sed

374 1955 516 2024 quod
559 1957 766 2026 ignoret
817 1959 978 2012 Deum
1026 1975 1186 2024 esse;
1235 1962 1312 2016 sic
1340 1961 1406 2016 ad
1455 1962 1591 2031 piam
1644 1963 1954 2034 religionem

375 2046 614 2114 sufﬁcit,
651 2057 706 2102 ut
735 2048 934 2103 sciatur
965 2051 1128 2104 Deum
1161 2067 1298 2108 esse.
1337 2051 1442 2109 Sed
1473 2054 1665 2110 habent
1692 2057 1766 2111 illi
1795 2057 1953 2112 aliam

376 2135 680 2190 meditatam
746 2139 1148 2208 argumentandi
1197 2142 1500 2198 rationem:
1541 2161 1696 2212 quam
1763 2146 1955 2199 illam?

376 2226 582 2281 Dictum
629 2237 746 2296 est,
796 2230 1070 2300 inquiunt,
1129 2230 1352 2300 Spiritus
1386 2243 1458 2287 est
1491 2233 1630 2288 Deus
1658 2234 1833 2307 (loau.
1899 2238 1952 2292 4.

373 2314 490 2388 24).
534 2317 764 2372 lloccine
789 2360 804 2386 ,
837 2320 921 2375 dic
945 2321 1074 2374 mihi
1101 2362 1116 2387 ,
1144 2321 1492 2378 substantiam
1521 2325 1636 2393 ejus
1674 2325 1908 2381 declarat
1932 2327 1955 2381 Ἰ

377 2409 572 2481 Ecquis
599 2412 716 2469 haec
757 2413 928 2482 ferat,
960 2417 1002 2470 si
1037 2418 1119 2472 vel
1149 2417 1406 2472 tantillum
1443 2419 1509 2474 ad
1554 2420 1840 2491 Scripturze
1866 2436 1954 2476 sa—

375 2517 481 2556 cra:
520 2505 661 2559 fores
705 2508 1032 2561 accesserit?
1072 2507 1203 2562 Nam
1250 2508 1349 2562 hac
1399 2512 1605 2564 ratione
1651 2513 1787 2566 Deus
1821 2513 1956 2582 ignis

375 2608 586 2663 quoque
637 2595 775 2660 erit;
829 2598 1274 2666 quemadmodum
1318 2601 1459 2654 enim
1505 2602 1759 2669 scriptum
1807 2611 1888 2655 est
1937 2619 1952 2656 :

377 2681 603 2752 Spiritus
648 2695 721 2739 est
761 2685 944 2751 Deus;
975 2688 1045 2743 ita
1095 2705 1306 2759 quoque
1347 2691 1602 2760 scriptum
1645 2700 1765 2756 est,
1819 2690 1956 2745 Deus

376 2783 547 2828 noster
570 2777 699 2846 ignis
725 2793 1022 2833 consumens
1051 2789 1119 2834 est
1144 2767 1325 2852 (Hebr.
1357 2780 1443 2834 12.
1466 2779 1559 2852 29)
1586 2799 1600 2846 ;
1630 2797 1692 2836 ac
1717 2797 1953 2850 rursum,

377 2863 517 2920 Fons
547 2883 692 2936 aqute
712 2868 834 2923 viva:
877 2869 1093 2940 (Jerem.
1122 2871 1178 2925 2.
1218 2873 1325 2940 15).
1357 2872 1537 2942 Neque
1565 2874 1793 2943 Spiritus
1838 2873 1957 2929 fons

376 2966 431 3011 et
477 2957 613 3028 ignis
668 2968 868 3014 tantum
908 2961 1049 3028 erit,
1096 2963 1188 3017 sed
1235 2965 1394 3018 etiam
1468 2967 1678 3030 anima,
1727 2977 1954 3034 ventus,

377 3063 529 3104 mens
579 3053 805 3106 humana
835 3093 848 3116 ,
885 3064 937 3108 et
968 3055 1069 3108 alia
1124 3055 1206 3110 bis
1256 3057 1413 3127 longe
1441 3058 1750 3112 absurdiora
1781 3076 1794 3124 ;
1851 3075 1956 3114 non

375 3137 518 3192 enim
564 3142 742 3195 omnia
768 3157 1047 3198 recensere
1077 3160 1210 3213 opus
1254 3157 1337 3200 est
1365 3189 1378 3209 ,
1436 3163 1607 3217 neque
1641 3150 1848 3202 illorum
1879 3151 1958 3202 itt-

377 3229 581 3281 saniam
637 3229 851 3284 imitari.
922 3232 1034 3287 Hoc
1069 3235 1210 3287 enim
1281 3251 1473 3289 nomen
1525 3238 1734 3304 spiritus
1793 3239 1956 3293 multa

376 3318 634 3386 significat
663 3335 677 3384 ;
727 3322 956 3375 animam
989 3339 1177 3392 nempe
1220 3337 1454 3379 nostram
1483 3367 1496 3391 ,
1531 3336 1585 3381 ut
1615 3329 1687 3382 ait
1717 3329 1910 3383 Paulus
1937 3371 1953 3397 ,

384 3404 593 3462 Tradite
639 3405 932 3475 huiusmodi
980 3413 1228 3466 hominem
1270 3425 1461 3469 satana:
1485 3458 1496 3478 ,
1530 3427 1582 3469 ut
1625 3420 1830 3488 spiritus
1855 3422 1958 3474 sal-

378 3512 469 3551 uus
521 3499 588 3552 sit
645 3499 718 3569 (1.
751 3500 868 3554 Cor.
901 3503 953 3557 5.
984 3502 1078 3573 5);
1129 3504 1359 3574 itemque
1407 3518 1617 3561 ventum
1665 3510 1954 3564 secundum

305 3599 316 3609 '
377 3587 722 3654 prophetam,
781 3591 980 3661 Spiritu
1031 3595 1304 3647 vehementi
1369 3608 1592 3652 conteres
1653 3616 1737 3652 eos
1784 3599 1952 3670 (Psal.

377 3676 465 3730 47.
500 3677 601 3747 8);
643 3677 839 3734 donum
889 3683 1050 3736 etiam
1095 3685 1368 3752 spiritualc
1404 3689 1480 3740 sic
1525 3699 1783 3742 vocatur:
1833 3689 1958 3760 Ipse

378 3770 510 3822 enim
535 3771 745 3840 spiritts
773 3775 1109 3827 testimonium
1135 3776 1298 3829 reddit
1323 3779 1524 3845 spiritui
1553 3791 1724 3834 nostro
1779 3783 1952 3854 (Rom.

375 3862 429 3917 8.
461 3863 586 3933 16);
615 3879 678 3919 ac
723 3881 930 3921 rursum
949 3909 965 3934 ,
998 3866 1167 3922 Orabo
1195 3871 1410 3939 spiritu,
1442 3873 1594 3925 orabo
1615 3883 1660 3926 et
1690 3886 1851 3930 mente
1876 3877 1954 3944 (Ι.

379 3951 499 4005 Cor.
548 3954 634 4006 14.
667 3955 756 4027 15)
786 3973 800 4012 ι
844 3967 1062 4011 vocatur
1106 3959 1232 4013 item
1283 3960 1394 4026 ira;
1424 3961 1641 4018 llesaias
1665 3965 1806 4018 enim
1836 3967 1908 4018 ait
1938 4009 1952 4032 ,

376 4042 563 4098 Nonne
577 4055 630 4098 tu
647 4061 757 4099 eras
777 4048 862 4115 qui
879 4048 1198 4102 meditabaris
1218 4051 1399 4117 spiritu
1421 4061 1507 4105 tuo
1527 4053 1653 4106 duro
1675 4053 1958 4107 interimere

375 4151 480 4188 eos.
526 4134 730 4204 (Ilesai.
773 4137 861 4190 Ἦ.
893 4137 992 4206 8)?
1021 4139 1290 4192 Auxilium
1337 4156 1548 4209 quoque
1602 4142 1693 4195 Dei
1740 4151 1955 4196 vocatur

377 4226 595 4294 spiritus
625 4243 640 4283 :
672 4226 896 4296 Spiritus
923 4229 1055 4280 enim
1087 4237 1204 4281 ante
1249 4231 1430 4298 [aciem
1459 4241 1680 4284 nostram
1727 4231 1955 4287 Christus

377 4312 625 4368 Dominus
653 4314 860 4386 (Thren.
889 4317 941 4371 4.
969 4317 1084 4388 20).
1130 4318 1255 4372 litec
1287 4334 1414 4388 ergo
1455 4321 1634 4375 omnia
1678 4322 1816 4376 Deus
1856 4325 1957 4377 erit

379 4419 447 4458 ex
491 4405 701 4460 illorum
729 4409 1019 4474 sententia,
1055 4418 1212 4478 atque
1240 4425 1303 4464 ex
1343 4411 1447 4464 illis
1485 4410 1644 4465 rebus
1669 4413 1952 4468 constabit.

379 4495 482 4551 Sed
511 4512 578 4550 ne
605 4513 834 4569 nugaces
883 4501 1050 4556 simus
1096 4503 1181 4556 illa
1208 4503 1474 4558 alierendo
1503 4546 1518 4570 ,
1546 4521 1664 4575 qua:
1708 4522 1776 4562 ne
1825 4523 1955 4564 cott-

375 4588 687 4644 futalionem
749 4592 960 4661 quidem
1015 4604 1330 4649 merentur:
1377 4611 1476 4666 age
1517 4598 1774 4653 adversus
1835 4600 1955 4655 illos

379 4678 707 4749 disceptandi
756 4683 916 4739 ﬁnem
965 4685 1216 4741 faciamus
1244 4729 1258 4754 ,
1292 4697 1346 4742 et
1396 4689 1461 4743 ad
1518 4691 1776 4746 orandum
1821 4707 1952 4746 con-

375 4781 646 4827 vertamur
669 4814 684 4836 ,
736 4783 883 4829 tanto
912 4779 1078 4846 magis
1125 4794 1221 4848 pro
1260 4781 1364 4835 illis
1389 4792 1634 4852 rogantes
1675 4793 1728 4838 et
1755 4784 1953 4853 suppli-

376 4870 599 4929 cantes,
647 4873 705 4917 ut
754 4865 822 4919 ab
849 4867 1048 4921 insania
1093 4871 1392 4937 absistunt,
1423 4883 1621 4942 quanto
1665 4876 1832 4946 magis
1876 4876 1952 4931 illi

377 4951 538 5020 impie
563 4962 745 5023 agunt.
776 4954 888 5010 Hoc
912 4957 1052 5011 enim
1079 4969 1284 5026 gratum
1311 4974 1692 5034 acceptumque
1719 4974 1820 5020 ertt
1843 4967 1953 5022 Deo

375 5044 637 5097 servatori
667 5054 879 5112 nostro,
916 5047 1014 5110 Qui
1040 5050 1141 5102 vult
1172 5066 1340 5104 omnes
1365 5053 1588 5107 homines
1615 5056 1780 5108 salvos
1799 5056 1911 5124 ﬁeri
1933 5097 1948 5121 ,

380 5142 429 5186 et
463 5134 531 5186 ad
588 5135 896 5205 agnitionem
970 5141 1191 5194 veritatis
1267 5143 1431 5196 venire
1483 5146 1560 5214 (1.
1607 5145 1741 5200 Tim.
1771 5147 1826 5200 2.
1868 5147 1948 5218 4).

449 5223 500 5276 6.
533 5223 782 5295 Magnum
810 5226 962 5280 telum
990 5232 1227 5299 precatio.
1248 5261 1321 5271 —
1346 5232 1422 5287 Ne
1447 5233 1749 5291 desinamus
1773 5238 1953 5306 itaque

374 5327 562 5381 preces
585 5331 678 5384 pro
704 5316 810 5371 illis
833 5320 1076 5375 emittere
1100 5339 1112 5374 :
1141 5336 1384 5392 magnum
1406 5327 1546 5380 enim
1572 5327 1732 5382 telum
1759 5330 1948 5394 oratio,

374 5402 654 5460 thesaurus
680 5407 1006 5477 indeﬁciens,
1035 5411 1232 5466 divitiae
1263 5413 1609 5482 inexhaustae,
1641 5427 1824 5488 portus
1855 5420 1952 5474 ﬁu-

373 5494 544 5551 ctibus
565 5512 782 5562 vacuus,
805 5501 1016 5555 occasio
1037 5503 1426 5572 tranquillitatis
1450 5525 1463 5560 :
1489 5509 1948 5566 innumerabilium

369 5585 632 5640 bonorum
663 5589 830 5654 radix,
863 5589 980 5645 fons
1009 5600 1062 5646 et
1089 5603 1259 5649 mater
1283 5604 1364 5650 est
1389 5598 1557 5653 oratio
1575 5637 1588 5661 ,
1618 5598 1836 5668 ipsoque
1861 5615 1951 5655 re-

376 5690 486 5746 gno
510 5678 789 5747 potentior.
827 5678 982 5752 Saepe
1017 5681 1195 5754 itaque
1233 5685 1328 5743 illo
1371 5687 1486 5758 ipso
1521 5688 1612 5759 qui
1649 5688 1950 5748 diademate

1089 305 1145 361 S.
1185 304 1460 362 JOANNIS
1496 305 1968 362 CHRYSOSTOMI
2007 305 2322 360 ARCIIIEP.
2365 299 2895 358 CONSTANTINOP.

3531 296 3646 352 πε

2056 429 2274 472 ornatur
2302 419 2634 473 febricitante
2662 426 2715 471 et
2755 417 2805 468 itt
2848 416 2983 468 lecto
3009 413 3218 482 jacente
3238 453 3251 475 ,
3283 411 3488 464 adstant
3522 427 3648 463 meo

2055 509 2180 575 dici,
2212 509 2487 572 satellites,
2517 508 2717 567 famuli.
2747 507 2911 561 duces
2937 523 2950 559 :
2981 520 3148 573 neque
3175 503 3495 556 medicorum
3528 516 3647 567 ars,

2056 613 2227 669 neque
2253 599 2544 652 amicorum
2573 598 2876 669 pra-sentin,
2904 611 3009 649 non
3036 609 3304 648 servorum
3335 594 3651 660 famulatus,

2055 704 2162 742 non
2185 688 2688 742 medicamentorum
2717 686 2965 751 varietas,
2993 700 3097 738 non
3128 693 3408 754 apparatus
3433 685 3655 752 magni-

2057 775 2270 831 ﬁcentia
2290 816 2306 842 ,
2347 792 2451 829 non
2493 776 2833 845 pecuniarum
2863 775 3014 844 copia
3034 816 3048 836 ,
3078 789 3174 828 nec
3199 773 3338 827 aliud
3368 773 3652 841 quidpiam

2057 865 2345 920 humanum
2389 875 2560 934 potest
2591 864 2868 935 :egrotanti
2909 864 3155 919 solatium
3199 862 3404 917 afferre.
3433 863 3487 917 Si
3520 863 3654 932 quis

2056 971 2187 1011 vero
2213 971 2396 1010 eorum
2417 997 2431 1023 ,
2469 956 2557 1025 qui
2596 957 2647 1009 in
2679 956 2900 1009 Domino
2929 954 3173 1008 ﬁduciam
3204 953 3432 1018 habent,
3460 954 3654 1020 ingre-

2057 1046 2258 1110 diatur,
2290 1061 2588 1116 corpusque
2622 1047 2954 1100 solummodo
2985 1055 3192 1114 tangat,
3224 1059 3512 1113 puramque
3549 1058 3654 1111 pro

2058 1137 2148 1190 illo
2191 1137 2485 1191 orationem
2525 1137 2763 1201 emittat,
2803 1136 3160 1189 inﬁrmitatem
3206 1151 3414 1189 omnem
3453 1136 3650 1203 abigit.

2057 1227 2315 1297 Quodque
2357 1243 2462 1281 non
2519 1228 2715 1281 divitiae
2761 1237 3077 1296 potuerunt,
3125 1243 3227 1280 non
3278 1228 3650 1281 ministrorum

2059 1317 2354 1388 frequentia
2377 1359 2393 1385 ,
2426 1336 2530 1373 non
2571 1320 2899 1374 medicinalis
2935 1321 3256 1388 experientia
3277 1360 3293 1385 ,
3325 1335 3427 1373 non
3461 1321 3654 1388 regius

2060 1410 2224 1466 fastus
2243 1453 2258 1478 ,
2290 1411 2390 1466 hoc
2419 1427 2560 1481 Stepe
2600 1412 2768 1481 potuit
2794 1412 2946 1465 unius
2978 1413 3222 1481 pauperis
3247 1423 3299 1467 et
3324 1412 3494 1480 inopis
3519 1427 3655 1465 ora-

2061 1501 2152 1556 tio.
2183 1502 2488 1556 Orationem
2515 1503 2665 1567 dico,
2698 1518 2802 1556 non
2832 1503 2966 1555 hanc
2998 1502 3166 1556 levem
3192 1511 3246 1556 et
3272 1503 3493 1571 segnitie
3525 1503 3654 1571 plc-

2060 1607 2181 1646 uam
2203 1632 2218 1658 ,
2251 1592 2341 1646 sed
2384 1592 2673 1647 ferventem
2699 1633 2714 1658 ,
2745 1609 2864 1662 qua:
2893 1593 3070 1646 animo
3101 1593 3312 1646 dolente
3349 1603 3399 1646 et
3439 1593 3653 1645 intenta

2060 1691 2237 1737 mente
2276 1681 2530 1736 funditur.
2573 1682 2698 1736 llaac
2735 1682 2930 1752 quippe
2963 1684 3012 1736 in
3043 1684 3229 1737 czehnn
3269 1685 3503 1738 ast-endit
3540 1702 3555 1735 :
3588 1699 3656 1737 ac

2059 1772 2505 1842 quemadmodum
2530 1788 2678 1842 aqua:
2703 1773 2874 1828 donec
2899 1774 2950 1826 in
2981 1774 3132 1842 plano
3164 1774 3278 1827 loco
3308 1775 3573 1839 feruntur,
3599 1785 3658 1827 et

2060 1864 2225 1917 latttm
2254 1865 2482 1932 spatium
2513 1875 2810 1934 occupant,
2841 1881 2945 1919 non
2975 1867 3026 1924 in
3057 1867 3281 1921 sublime
3309 1867 3654 1931 ascendunt;

2060 1969 2180 2008 cum
2210 1964 2384 2010 autem
2413 1971 2603 2010 manus
2631 1957 2888 2010 artiﬁcum
2929 1957 3067 2025 ipsas
3094 1957 3447 2026 comprimens
3479 1958 3532 2010 in
3564 1973 3657 2009 an-

2058 2055 2271 2117 gustum
2293 2046 2538 2113 deduxit,
2563 2046 2670 2102 telo
2695 2048 2988 2100 velociores
3013 2061 3130 2100 sese
3154 2047 3206 2100 in
3229 2048 3392 2100 altum
3413 2048 3657 2115 jaculan—

2063 2146 2178 2204 tur;
2206 2139 2282 2192 sic
2300 2146 2355 2192 et
2373 2137 2600 2192 humana
2623 2152 2793 2203 mens,
2817 2137 2987 2192 donec
3010 2137 3170 2192 multa
3195 2138 3382 2190 fruitur
3404 2137 3651 2200 licentia,

2061 2231 2371 2285 diffunditur
2399 2240 2454 2286 et
2495 2231 2661 2285 eflluit
2687 2248 2700 2295 ;
2730 2245 2850 2284 cum
2889 2239 3063 2284 autem
3105 2231 3354 2284 aerumnis
3386 2230 3655 2298 deprimi-

2063 2332 2175 2390 tur,
2205 2324 2257 2376 in
2288 2331 2673 2393 angustumque
2699 2319 3014 2388 deducitur,
3046 2323 3123 2375 sic
3163 2322 3329 2390 probe
3358 2321 3655 2375 exercitata

2062 2430 2220 2484 puras
2246 2426 2299 2469 ct
2326 2414 2592 2469 ferventes
2618 2415 2670 2468 in
2697 2415 2859 2467 altum
2898 2413 3091 2467 emittit
3128 2413 3416 2467 orationes.
3450 2412 3525 2467 Ut
3550 2428 3655 2465 an-

2063 2518 2170 2562 tem
2197 2508 2404 2561 ediscas
2437 2507 2556 2561 illas
2584 2507 2812 2561 maxime
2836 2505 3075 2562 exaudiri
3107 2520 3260 2575 posse
3279 2548 3294 2570 ,
3323 2521 3440 2575 qum.
3469 2507 3523 2560 itt
3551 2521 3654 2558 an-

2062 2597 2226 2665 gustia
2251 2597 2582 2661 emittuntur,
2608 2597 2727 2651 audi
2759 2599 3066 2666 prophetam
3093 2615 3106 2648 :
3131 2599 3210 2649 Ad
3237 2596 3514 2651 Dominum
3538 2614 3656 2650 cum

2061 2687 2328 2742 tribularer
2347 2687 2579 2752 clamaui,
2603 2697 2650 2740 et
2671 2687 2922 2740 exaudivit
2944 2704 3020 2740 me
3041 2685 3209 2756 (Psal.
3237 2687 3357 2743 119.
3388 2686 3462 2759 1).
3493 2689 3658 2758 Igitur

2062 2787 2296 2832 nostram
2340 2777 2629 2833 ferventem
2675 2779 2928 2831 faciamus
2969 2779 3379 2844 consciemiam,
3415 2781 3655 2834 animum

2062 2878 2397 2939 peccatorum
2427 2871 2679 2923 memoria
2711 2868 3038 2939 aiﬂigamus;
3067 2869 3378 2939 affligamus,
3407 2871 3654 2938 inquam,

2061 2977 2167 3014 non
2192 2961 2316 3014 utin
2339 2972 2615 3030 angustam
2639 2961 2963 3016 deducamus
2985 2962 3143 3026 viam,
3165 2962 3256 3015 sed
3279 2979 3394 3015 eam
3418 2963 3490 3014 ita
3514 2979 3657 3015 com-

2063 3066 2309 3120 paremus
2329 3092 2342 3114 ,
2371 3061 2426 3130 ut
2451 3051 2798 3110 exaudiatur:
2830 3062 2885 3105 ιιι
2913 3051 3174 3116 sobriam,
3206 3053 3416 3122 vigilem
3445 3053 3654 3120 ipsum-

2061 3156 2165 3210 que
2194 3142 2382 3195 ett-lum
2426 3151 2723 3211 tangentem
2753 3141 3054 3195 reddamus.
3097 3141 3233 3195 Nihil
3262 3144 3330 3195 ita
3367 3144 3653 3212 segnitiem

2062 3242 2116 3286 et
2143 3232 2441 3287 socordiam
2466 3233 2648 3302 abigit,
2680 3243 2736 3286 ut
2764 3249 2964 3288 mceror
2997 3242 3050 3288 et
3073 3233 3310 3300 afﬂictio,
3341 3250 3461 3301 qua:
3495 3236 3653 3288 undi-

2062 3339 2166 3393 que
2192 3333 2424 3379 mcntent
2451 3325 2680 3394 colligit,
2711 3334 2762 3380 et
2793 3325 2858 3378 ad
2887 3326 3112 3394 seipsam
3144 3325 3333 3380 reverti
3370 3325 3518 3379 facit.
3551 3326 3651 3392 Qui

2062 3414 2138 3468 sic
2165 3415 2216 3468 in
2243 3412 2528 3469 afﬂiCtionc
2548 3425 2600 3468 et
2631 3415 2680 3468 in
2713 3415 2952 3468 oratione
2980 3424 3240 3482 versatur,
3278 3425 3396 3484 post
3423 3416 3654 3469 emissas

2064 3517 2250 3571 preces
2277 3518 2520 3572 magnam
2558 3505 2737 3558 animo
2764 3505 3085 3572 voluptatem
3114 3519 3302 3573 capere
3324 3505 3544 3559 valebit.
3577 3506 3652 3558 Ac

2062 3593 2503 3663 quemadmodum
2532 3594 2746 3648 nubium
2770 3594 3047 3650 conﬂictus
3072 3592 3328 3663 principio
3355 3610 3538 3648 aerem
3565 3610 3654 3648 (:1-

2062 3685 2222 3756 ligine
2249 3685 2505 3750 oll‘uscat;
2535 3687 2622 3740 ubi
2650 3701 2776 3741 vero
2803 3687 3022 3741 crebras
3044 3687 3279 3741 emiserit
3304 3687 3499 3751 stillas,
3528 3701 3652 3740 evao

2062 3786 2216 3830 cuata
2258 3775 2464 3846 pluvia,
2505 3792 2752 3831 serenum
2795 3776 3077 3845 lat-tumque
3105 3775 3322 3829 aerem‘
3357 3775 3648 3844 relinquit;

2063 3868 2140 3922 sic
2164 3878 2217 3923 et
2248 3882 2448 3922 mceror
2484 3867 2656 3923 donec
2685 3869 2824 3921 intus
2857 3879 3118 3933 versatur,
3147 3866 3520 3936 cogitationem
3549 3867 3649 3920 ob-

2062 3959 2207 4014 ducit
2254 3968 2488 4012 nostram
2531 3976 2544 4011 :
2587 3966 2861 4026 postquam
2908 3967 3081 4010 autem
3131 3956 3384 4010 orationis
3429 3957 3649 4020 verbis,

2062 4049 2436 4102 comitantibus
2483 4048 2768 4117 lacrymis,
2817 4057 3099 4102 evacuatus
3143 4046 3300 4100 fuerit
3343 4055 3399 4100 et
3445 4046 3651 4114 ejectus

2062 4141 2430 4208 dimatusque,
2461 4155 2703 4207 magnam
2746 4138 2899 4192 affert
2939 4137 3100 4190 animi
3133 4137 3394 4203 lu-titiam,
3427 4137 3522 4190 Dei
3553 4153 3650 4205 pa—

2064 4229 2287 4284 trocinio
2315 4229 2445 4283 radii
2473 4230 2640 4284 instar
2661 4231 2712 4282 in
2737 4227 2936 4282 orantis
2957 4237 3188 4281 mentem
3215 4227 3422 4295 illapso.
3450 4227 3650 4282 Verum

2063 4321 2305 4391 quisnam
2341 4320 2428 4374 ille
2465 4319 2686 4388 frigidus
2724 4318 3005 4372 multorum
3045 4316 3257 4371 sermo?
3295 4317 3530 4378 Vereor,
3569 4318 3652 4371 in-

2063 4411 2270 4480 quiunt,
2300 4410 2501 4479 pudore
2529 4408 2822 4474 sulfundor,
2854 4421 3025 4476 neque
3052 4420 3264 4475 possum
3295 4406 3374 4460 vel
3406 4422 3468 4459 os
3495 4407 3654 4460 didu.

2061 4516 2204 4555 cere.
2229 4500 2474 4555 Satanica
2500 4508 2583 4554 est
2607 4501 2720 4553 lucc
2744 4497 3081 4562 verecundia,
3104 4497 3345 4567 segnitiei
3373 4496 3650 4550 obtentus.

2063 4589 2179 4644 Tibi
2231 4605 2457 4659 namque
2501 4589 2741 4644 diabolus
2786 4588 2985 4641 aditum
3033 4585 3100 4640 ad
3153 4586 3317 4640 Deum
3365 4586 3654 4641 occludere

2064 4689 2252 4734 tentat.
2283 4678 2569 4732 Fiduciane
2597 4677 2782 4732 cares?
2807 4677 2993 4746 Magna
3021 4675 3218 4731 ﬁdendi
3243 4690 3423 4740 causa,
3455 4692 3652 4746 magna

2063 4771 2294 4836 utilitas,
2333 4769 2378 4823 si
2417 4780 2467 4824 te
2510 4778 2662 4838 putas
2701 4766 2898 4822 ﬁdendi
2927 4781 3138 4821 causam
3181 4781 3286 4820 non
3327 4765 3565 4831 habere;
3599 4777 3654 4819 ut

2062 4871 2244 4916 contra
2271 4861 2438 4931 pudor
2457 4869 2801 4929 extremaque
2820 4858 3112 4924 damnatio,
3135 4857 3180 4911 si
3207 4868 3256 4912 te
3277 4866 3429 4927 putas
3452 4857 3650 4911 ﬁdendi

2061 4968 2277 5008 causam
2319 4952 2518 5006 habere
2549 4969 2564 5006 :
2594 4965 2911 5021 quamquam
2941 4951 3082 5005 enim
3124 4951 3288 5004 multa
3316 4949 3454 5002 bona
3482 4963 3651 5018 opera

2061 5042 2284 5108 feceris,
2325 5056 2644 5111 quamquam
2685 5041 2879 5096 nullius
2907 5041 2980 5095 sis
3014 5041 3107 5094 tibi
3140 5040 3385 5094 conscius
3412 5041 3575 5103 mali,
3604 5041 3649 5094 si

2060 5147 2212 5204 putes
2238 5144 2292 5188 te
2320 5133 2517 5189 ﬁdendi
2545 5150 2756 5189 causam
2793 5134 3021 5201 habere,
3049 5133 3117 5188 ab
3154 5133 3390 5188 oratione
3434 5134 3649 5202 penitus

2059 5225 2320 5280 excidisti.
2883 5273 2889 5279 ,

2132 5316 2412 5371 Humilitas
2447 5317 2686 5386 ﬁduciam
2723 5317 2876 5388 parit.
2906 5345 2976 5356 —
3001 5315 3199 5371 Contra
3233 5318 3278 5372 si
3315 5331 3474 5372 onera
3516 5332 3649 5387 pee-

2057 5417 2296 5464 catorum
2341 5409 2618 5463 innumera
2657 5407 2710 5462 in
2755 5406 3081 5462 conscientia
3126 5406 3323 5473 habes,
3353 5405 3513 5460 modo
3549 5408 3649 5461 tibi

2058 5498 2381 5570 persuadeas
2407 5507 2458 5554 te
2478 5499 2710 5554 omnium
2731 5497 2975 5553 ultimum
2997 5511 3134 5561 esse,
3158 5509 3400 5566 magnam
3423 5494 3653 5550 habebis

2056 5589 2198 5660 apud
2223 5589 2390 5644 Deum
2411 5589 2654 5643 ﬁduciam
2683 5603 2695 5639 :
2721 5587 2846 5642 licet
2870 5585 2923 5641 id
2946 5585 3085 5642 nulla
3112 5585 3378 5640 humilitas
3405 5584 3491 5650 sit,
3517 5595 3649 5636 cum

2126 5701 2144 5732 ⁸
2179 5697 2286 5762 Alii,
2308 5697 2560 5762 latumque
2583 5697 2707 5749 hunc
2730 5696 2903 5748 locum.
