3838 6220
113 238 229 296 747»

106 358 370 430 σπιθαμῇ
417 357 516 428 τῆς
546 359 730 432 χειρὸς
765 359 946 414 πάντα
983 361 1145 414 αὐτὸν
1181 363 1484 434 μετροῦντα
1531 367 1800 433 ἐπελθεῖν,

105 448 236 501 τίνα
269 445 336 500 ἂν
373 448 618 518 φήσομεν
655 448 856 501 εἰδέναι
893 447 1125 518 μέγεθος
1151 449 1407 520 οὐρανοῦ,
1436 453 1529 505 τὸν
1575 454 1807 525 φιλονει-

49 538 54 542 ’
107 536 318 590 κοῦντα
348 537 550 590 εἰδέναι
579 538 754 600 πόσας
787 536 900 608 ἔχει
933 536 1238 608 σπιθαμὰς,
1264 539 1297 610 ἢ
1322 539 1414 593 τὸν
1439 542 1806 611 ὁμολογοῦντα

106 626 365 693 ἀγνοεῖν;
409 621 544 679 Εἶτα
582 626 676 678 ἐπὶ¹
718 627 817 696 μὲν
850 624 1082 697 οὐρανοῦ
1132 629 1161 680 6
1211 630 1560 700 παραχωρῶν
1593 630 1672 702 τῷ
1706 650 1804 702 με·

107 713 290 782 γέθει,
318 708 474 776 οὗτος
521 713 673 767 ἔσται
719 715 746 766 6
784 715 984 785 μᾶλλον
1019 715 1174 780 εἰδὼς
1217 716 1279 770 τὸ
1327 717 1578 788 μέγεθος,
1619 720 1804 788 ἐπὶνδέ

107 802 207 856 τοῦ
239 801 378 854 Θεοῦ
408 802 530 854 οὐδέ
564 801 736 872 ταύτῃ
781 802 1102 874 χρησόμεθα
1131 807 1195 876 τῇ
1234 787 1524 876 εὐλαϐείᾳ;
1563 807 1657 861 καὶ
1688 787 1806 872 πῶς

106 893 215 944 οὐκ
264 891 502 959 ἐσχάτης
557 888 717 942 τοῦτο
769 890 1184 961 παραπληξίας;
1214 893 1338 945 Ὅτι
1392 895 1502 964 γάρ
1548 897 1803 949 τοσοῦτον

115 976 499 1046 ἀπαιτούμεθα
537 976 695 1047 μόνον
732 978 951 1038 εἰδέναι,
979 979 1061 1031 ὅτι
1095 978 1210 1032 ἔστι
1245 981 1397 1045 Θεὸς,
1432 983 1554 1052 οὐχὶ
1585 1001 1804 1056 περιερ-

118 1066 382 1136 γάζεσθαι
405 1065 571 1119 αὐτοῦ
602 1065 701 1136 τὴν
727 1067 937 1130 οὐσίαν,
963 1067 1195 1121 ἄκουσον
1232 1069 1285 1122 τί
1317 1087 1483 1140 φησιν
1509 1073 1537 1123 6
1560 1073 1769 1135 Παῦλος
1786 1091 1799 1105 ο

113 1154 450 1207 Πιστεῦσαι
495 1153 607 1222 γὰρ
642 1153 738 1206 δεῖ
766 1154 875 1207 τὸν
911 1157 1400 1226 προσερχόμενον
1437 1157 1516 1223 τῷ
1551 1159 1672 1224 Θεῷ
1714 1159 1802 1212 ὅτι

114 1242 267 1294 ἔστι.
307 1243 419 1294 Καὶ
451 1242 613 1294 πάλιν
641 1244 670 1294 6
697 1244 984 1314 προφήτης
1012 1245 1263 1311 ἐγκαλῶν
1294 1247 1550 1301 ἀσέϐειαν
1582 1249 1706 1310 τινὶ,
1737 1249 1799 1301 οὐ

117 1328 277 1381 τοῦτο
307 1329 548 1396 ἐγκαλεῖ,
594 1330 675 1382 ὅτι
708 1331 809 1383 οὐκ
863 1326 974 1385 οἶδε
1024 1332 1078 1385 τί
1129 1335 1276 1386 ἐστιν
1305 1335 1333 1386 ὁ
1367 1334 1523 1397 Θεὸς,
1566 1335 1681 1387 ἀλλ’
1720 1336 1800 1388 ὅτι

114 1417 212 1470 οὐκ
255 1411 419 1474 οἶδεν,
451 1418 534 1469 ὅτι
568 1416 684 1469 ἔστι
715 1417 866 1481 Θεός.
897 1415 1048 1472 Eine
1095 1419 1223 1490 γάρ,
1268 1421 1455 1490 φησὶν,
1497 1421 1702 1489 ἄφρων
1733 1421 1802 1474 ἐν

114 1504 333 1572 καρδίᾳ
385 1505 594 1571 αὑτοῦ,
639 1507 752 1559 οὐκ
803 1507 935 1560 ἐστι
990 1508 1156 1574 Θεός.
1193 1509 1406 1580 Ὥσπερ
1453 1505 1546 1562 οῦν
1595 1512 1800 1563 ἐκεῖνον

115 1592 290 1661 ἀσεεῆ
330 1595 474 1644 ποιεῖ
503 1593 566 1644 οὐ
595 1593 654 1646 τὸ
693 1594 908 1661 ἀγνοεῖν
942 1594 994 1646 τί
1029 1597 1130 1666 τὴν
1172 1596 1360 1652 οὐσίαν
1394 1599 1543 1651 ἐστὶν
1579 1601 1607 1651 6
1646 1599 1798 1662 Θεὸς,

114 1677 256 1730 ἀλλά
299 1678 360 1730 τὸ
415 1679 651 1744 ἀγνοεῖν,
714 1680 797 1732 ὃτι
847 1679 963 1733 ἐστι
1017 1681 1182 1747 Θεός·
1239 1683 1415 1747 οὕτως
1465 1687 1626 1755 ἀρκεῖ
1665 1687 1801 1756 πρὸς

115 1766 402 1819 εὐσέϐειαν
435 1767 496 1818 τὸ
527 1767 726 1820 εἰδέναι
763 1769 844 1820 ὅτι
883 1767 1028 1822 ἐστιν
1059 1772 1088 1822 6
1109 1771 1260 1834 Θεός.
1311 1772 1449 1824 Ἀλλ’
1473 1772 1654 1842 ἔχουσί
1681 1790 1801 1824 τινα

108 1851 211 1903 καὶ
252 1852 442 1921 ἓτερον
479 1853 924 1924 μεμελετημένον
956 1855 1136 1923 λόγον.
1178 1856 1310 1909 Τίνα
1338 1857 1401 1927 δὴ
1439 1859 1662 1921 τοῦτον;
1710 1858 1798 1911 Εἴ-

117 1954 306 2006 ρηται,
337 1939 492 2006 φησὶ,
541 1939 785 2009 Πνεῦμα
827 1944 861 1994 d
917 1943 1082 2006 Θεός.
1121 1943 1291 1996 Τοῦτο
1333 1939 1425 1996 οὖν
1476 1945 1575 2014 τῆς
1613 1945 1800 2008 οὐσίας

115 2023 287 2077 αὐτοῦ
328 2027 762 2095 παραστατικὸν,
796 2027 917 2080 εἰπέ
963 2045 1088 2098 μοι;
1132 2030 1226 2082 καὶ
1268 2031 1353 2092 τίς
1397 2031 1570 2084 ταῦτα
1610 2031 1799 2096 ἀνέξε-

120 2127 225 2172 ται,
263 2111 371 2164 κᾶν
408 2113 658 2164 ὁπωσοῦν
693 2114 786 2166 ἐπὶ
820 2113 992 2185 θύρας
1015 2116 1122 2168 τῶν
1151 2116 1310 2170 θείων
1341 2118 1574 2188 Γραφῶν
1599 2118 1795 2184 ἐλθώνς

119 2200 316 2252 Ἔσται
374 2199 484 2272 γὰρ
542 2201 684 2254 κατά
739 2200 928 2256 τοῦτον
973 2202 1063 2255 τὸν
1095 2203 1252 2270 λόγον
1296 2206 1389 2258 καί
1441 2205 1550 2276 πῦρ
1584 2209 1611 2259 ὁ
1644 2207 1797 2270 Θεός·

114 2286 306 2357 ὥσπερ
360 2288 470 2358 γὰρ
507 2287 817 2359 γέγραπται
853 2291 936 2343 ὅτι
973 2289 1216 2359 Πνεῦμα
1255 2295 1287 2346 ό
1335 2293 1498 2358 Θεὸς,
1532 2295 1672 2347 οὕτω
1709 2295 1799 2364 γέ-

117 2390 364 2442 γραπται
397 2375 480 2426 ὅτι
522 2375 604 2440 ’0,
633 2376 781 2441 Θεὸς
818 2375 991 2442 ἡμῶν
1022 2377 1142 2444 πῦρ
1191 2382 1660 2445 καταναλίσκον,
1707 2383 1800 2434 καί

115 2461 301 2524 πάλιν,
327 2461 498 2530 [Im-7‘1
540 2462 759 2529 ὕδατος
787 2464 1022 2530 ζῶντος.
1057 2465 1131 2518 Οὐ
1163 2467 1380 2536 πνεῦμα
1413 2468 1470 2520 δέ
1507 2469 1598 2521 καὶ
1648 2470 1798 2540 πηγὴ

116 2550 206 2602 καὶ
237 2549 348 2620 πῦρ
395 2549 548 2603 ἔσται
603 2551 786 2620 μόνον,
819 2552 954 2617 ἀλλά
998 2555 1092 2606 καὶ
1119 2553 1288 2624 ψυχὴ,
1329 2556 1422 2607 καὶ
1455 2556 1675 2626 ἄνεμος,
1707 2557 1800 2610 καὶ

123 2635 238 2700 νοῦς
279 2635 643 2707 ἀνθρώπινος,
697 2639 792 2692 καὶ
821 2638 986 2712 ’έτερα
1020 2640 1198 2710 πολλῷ
1221 2641 1426 2695 τούτων
1454 2643 1796 2714 ἀτοπώτερα·

115 2725 174 2776 οὐ
204 2725 316 2794 γὰρ
337 2725 402 2795 δὴ
423 2725 602 2780 πάντα
632 2725 905 2792 ἐπεξιέναι
937 2727 1042 2798 χρὴ
1068 2728 1144 2797 τῷ
1169 2727 1336 2798 λόγῳ,
1373 2729 1493 2784 οὐδὲ
1522 2732 1621 2801 τὴν
1653 2732 1799 2784 ἐκεί-

115 2829 219 2866 νων
248 2813 538 2881 μιμεῖσθαι
568 2814 788 2883 μανίαν.
830 2815 903 2866 Τὸ
936 2815 1043 2886 γὰρ
1074 2815 1311 2884 πνεῦμα
1329 2817 1488 2870 τοῦτο
1525 2817 1694 2872 πολλά
1710 2819 1801 2889 δη-

114 2899 216 2963 λοῖ,
250 2896 365 2952 οἷον
388 2901 486 2970 τὴν
505 2900 682 2971 ψυχὴν
713 2900 812 2972 τὴν
840 2902 1142 2972 ἡμετέραν,
1175 2903 1428 2976 καθάπερ
1455 2906 1550 2959 καὶ
1589 2906 1800 2970 Παῦλός

115 3004 272 3057 φησι·
315 2987 470 3059 [488]
511 2987 820 3056 Παράδοτε
869 2989 976 3042 τὸν
1011 2990 1287 3044 τοιοῦτον
1309 2991 1389 3058 τῷ
1409 2993 1664 3060 σατανᾷ,
1699 2996 1800 3048 ἵνα

115 3073 180 3126 τὸ
210 3073 451 3142 πνεῦμα
483 3073 669 3142 σωθῇ·
695 3075 790 3127 καί
823 3075 1041 3145 ἄνεμον,
1071 3075 1319 3148 καθάπερ
1339 3078 1366 3129 6
1401 3081 1685 3152 προφήτης
1711 3081 1795 3133 λέ-

117 3179 223 3229 γει·
261 3163 563 3230 Πνεύματι
604 3162 787 3227 ,βιαίῳ
836 3164 1192 3231 συντρίψειεν
1245 3167 1489 3231 αὐτούς.
1537 3168 1800 3221 Καλεῖται

115 3249 171 3302 δέ
203 3250 299 3302 καὶ
335 3249 400 3301 τὸ
430 3249 680 3320 χάρισμα
702 3249 766 3302 τὸ
808 3252 1181 3319 πνευματικὸν
1205 3251 1397 3316 οὕτως·
1422 3256 1574 3311 Αὐτὸ
1599 3256 1709 3324 γὰρ
1735 3257 1798 3309 τὸ

117 3336 354 3404 πνεῦμα
382 3336 801 3405 συμμαρτιιρεῖ
823 3336 902 3402 τῷ
929 3340 1228 3408 πνεύματι
1279 3341 1469 3410 ἡμῶν,
1516 3343 1670 3412 φησί·
1707 3346 1802 3396 καὶ

117 3424 300 3483 πάλιν,
321 3423 735 3492 Προσεύξομαι
760 3424 828 3477 δὲ
847 3424 927 3490 τῷ
941 3428 1254 3496 πνεύματι,
1288 3430 1696 3500 προσεύξομαι
1732 3430 1802 3484 δὲ

115 3513 213 3566 καὶ
262 3510 344 3576 τῷ
375 3513 488 3566 νοτ.
519 3511 783 3564 Καλεῖται
827 3512 883 3565 δέ
913 3513 1006 3566 καὶ
1031 3515 1060 3567 6
1098 3514 1270 3585 θυμὸς
1315 3515 1508 3580 οὕτως·
1555 3519 1650 3571 καὶ
1692 3519 1802 3590 γάρ

127 3601 358 3661 Ἡσαΐας
382 3600 568 3669 φησίν·
605 3602 688 3654 Οὐ
719 3600 800 3654 σὺ
840 3598 1003 3670 ἦσθα
1036 3605 1069 3656 ό
1105 3603 1377 3672 μελετῶν
1405 3604 1486 3670 τῷ
1507 3608 1804 3676 πνεύματί

114 3705 230 3739 σου
260 3685 342 3750 τῷ
387 3685 636 3753 σκληρῷ
681 3685 925 3740 ἀνελεῖν
965 3691 1222 3755 αὐτούς;
1264 3691 1521 3746 Καλεῖται
1560 3693 1616 3746 δέ
1651 3695 1799 3764 καὶὴ

117 3774 340 3843 βοήθεια
373 3776 404 3842 ἡ
435 3775 586 3844 παρὰ
619 3774 713 3826 τοῦ
771 3774 906 3828 Θεοῦ
951 3777 1190 3847 πνεῦμα·
1245 3778 1487 3847 Πνεῦμα
1532 3781 1644 3849 γὰρ
1686 3782 1798 3850 πρὸ

116 3862 444 3927 προσώπου
497 3860 668 3929 ἡμῶν
714 3863 972 3929 Χριστὸς
1001 3865 1236 3932 Κύριος.
1267 3865 1452 3919 Ταῦτα
1487 3863 1580 3920 οὖν
1623 3869 1801 3922 πάντα

115 3951 248 4016 ἡμῖν
277 3950 306 4000 ὁ
325 3947 457 4008 Θεὸς
484 3947 638 4000 ἕσται
677 3950 798 4000 κατ’
828 3949 1093 4012 ἐκείνους,
1132 3953 1225 4002 καὶ
1256 3951 1319 4003 ἐκ
1345 3952 1614 4006 τοσούτων
1666 3971 1799 4021 συγ-

118 4033 383 4084 κείσεται.
404 4031 565 4084 Ἀλλά
581 4034 688 4104 γάρ
719 4027 806 4087 ῖνᾶ
831 4033 906 4105 μὴ
931 4035 994 4106 λη
1003 4034 1208 4106 ρῶμεν,
1233 4036 1300 4088 τά
1326 4036 1459 4106 μηδὲ
1492 4038 1801 4106 ἀντιλογίας

116 4120 351 4188 δεόμενα
382 4120 724 4190 παράγοντες
762 4123 842 4183 εἰς
878 4122 1062 4190 μέσον,
1103 4123 1234 4191 φέρε
1277 4123 1512 4177 ἐνταῦθα
1540 4124 1630 4177 τὸν
1666 4126 1802 4196 πρὸς

117 4207 317 4270 αὐτοὺς
339 4207 741 4271 καταλύσαντες
774 4209 952 4275 λόγον,
997 4211 1093 4262 ἐπὶ
1117 4210 1215 4281 τὴν
1247 4211 1412 4282 εὐχὴν
1456 4211 1516 4264 τὸ
1543 4216 1650 4266 πᾶν
1673 4215 1800 4285 τρέ-

116 4295 334 4363 ψωμεν,
391 4296 501 4363 ὅσῳ
551 4295 813 4363 μειζόνως
867 4295 1145 4360 ἀσεϐοῦσι,
1198 4297 1434 4368 τοσούτῳ
1469 4299 1630 4352 πλέον
1663 4301 1801 4372 ὑπὲρ

117 4379 298 4432 αὐτῶν
327 4379 773 4449 παρακαλοῦντες
804 4382 897 4434 καὶ
930 4381 1173 4450 δεόμενοι
1211 4384 1512 4454 ἀποστῆναί
1543 4401 1670 4438 ποτε
1704 4385 1802 4456 τῆς

121 4464 322 4534 μανίας
355 4466 571 4528 αὐτούς.
605 4465 776 4520 Τοῦτο
805 4467 915 4538 γὰρ
957 4469 1260 4524 ἀποδεκτὸν
1303 4470 1534 4524 ἐνώπιον
1566 4472 1660 4526 τοῦ
1692 4474 1803 4526 2w-

117 4551 288 4622 τῆρος
315 4552 474 4622 ἡμῶν
501 4552 660 4616 Θεοῦ,
695 4555 800 4620 Ὃς
829 4555 1062 4620 πάντας
1098 4555 1451 4623 ἀνθρώπους
1481 4557 1642 4611 θέλει
1687 4573 1802 4611 σω-

119 4637 320 4709 θῆναι,
354 4640 455 4693 καὶ
482 4642 569 4706 εὶς
589 4639 920 4710 ἐπίγνωσιν
935 4641 1224 4708 ἀληθείας
1250 4643 1473 4700 ἐλθεῖν.

194 4918 268 4977 ς’.
297 4913 390 4982 Μὴ
416 4911 787 4984 διαλείπωμεν
808 4913 989 4967 τοίνυν
1014 4913 1111 4976 τὰς
1133 4915 1273 4986 ὑπὲρ
1310 4915 1489 4970 αὐτῶν
1522 4919 1803 4992 ἰκετηρίας

122 4997 461 5068 ποιούμενοι.
490 4998 650 5067 Μέγα
671 4999 781 5070 γάρ
804 5000 968 5054 ὅπλον
993 4999 1150 5071 εὐχὴ,
1183 5000 1458 5074 θησαυρὸς
1487 5004 1800 5077 ἀνελλιπὴς,

123 5085 354 5149 πλοῦτος
388 5085 658 5156 μηδέποτε
689 5085 1102 5158 δαπανώμενος,
1139 5088 1303 5158 λιμὴν
1331 5090 1668 5162 ἀκύμαντος,
1704 5109 1804 5162 γα-

121 5173 292 5244 λήνης
321 5171 598 5238 ὑπόθεσις,
631 5174 722 5226 καὶ
747 5175 955 5246 μυρίων
984 5175 1209 5243 ἀγαθῶν
1242 5175 1365 5248 ῥίζα
1386 5177 1481 5230 καὶ
1515 5181 1665 5252 πηγὴ
1709 5183 1805 5235 καὶ

125 5260 310 5328 μήτηρ
343 5257 495 5310 ἐστὶν
522 5260 556 5330 ἡ
603 5259 758 5329 εὐχὴ,
783 5260 878 5314 καὶ
901 5261 1070 5331 αὐτῆς
1117 5261 1217 5330 τῆς
1258 5262 1534 5332 βασιλείας
1567 5265 1805 5321 δυνατω-

120 5345 275 5415 τέρα.
299 5343 569 5408 Πολλάκις
600 5343 695 5400 οὖν
722 5347 888 5402 αὐτοῦ
930 5347 1026 5401 τοῦ
1049 5347 1112 5401 τὸ
1148 5349 1386 5420 διάδημα
1419 5354 1803 5424 περικειμένου

121 5431 507 5501 πυρέττοντος,
531 5433 627 5488 καὶ
645 5434 738 5488 ἐπὶ
767 5435 868 5507 τῆς
890 5435 1080 5508 κλίνης
1118 5437 1373 5507 κειμένου
1405 5440 1500 5491 καὶ
1532 5439 1800 5512 φλεγομέ-

120 5535 233 5582 νω,
255 5521 670 5592 παρεστήκασιν
699 5523 896 5595 ἰατροὶ,
919 5523 1227 5596 δορυφόροι,
1267 5523 1618 5595 θεράποντες,
1649 5546 1806 5600 στρα-

119 5605 302 5674 τηγοὶ,
335 5607 432 5660 καὶ
465 5606 591 5662 οὐτε
641 5610 844 5682 ἰατρῶν
912 5610 1100 5681 τέχνη,
1144 5609 1270 5663 οὔτε
1303 5613 1580 5683 παρουσία
1612 5615 1802 5682 φίλων,

119 5691 223 5749 οὐκ
247 5694 474 5751 οἰκετῶν
498 5695 765 5765 διακονία,
815 5697 875 5752 οὐ
911 5697 1222 5769 φαρμάκων
1247 5696 1516 5770 δαψίλεια,
1547 5702 1608 5761 οὐ
1640 5702 1807 5758 πολυ-

1171 247 1258 301 DE
1299 247 1998 311 INCOMPREUENSIBILI
2040 255 2150 312 DEI
2190 253 2497 312 NATURA.
2540 257 2607 313 ν.

3487 257 3590 314 7H

1917 372 2100 424 τέλεια
2141 373 2521 442 παρασκευῆς,
2553 373 2614 424 οὐ
2641 372 2938 444 χρημάτων
2982 372 3287 444 περιουσία,
3324 373 3423 426 οὐκ
3464 372 3594 426 ἄλλο

1914 459 2066 512 οὐδὲν
2087 459 2196 512 τῶν
2227 459 2580 530 ἀνθρωπίνων
2613 458 2786 529 ἰσχύει
2809 460 3311 530 παραμυθήσασθαι
3344 460 3442 532 τὴν
3470 461 3592 512 ἐπι-

1915 545 2176 616 κειμένην
2205 547 2536 617 ἀρῥωστίαν·
2572 545 2638 600 ἀν
2677 545 2735 598 δέ
2792 563 2876 610 τις
2924 548 3235 618 παρρησίαν
3277 547 3414 617 ἔχων
3453 546 3592 617 πρὸς

1913 632 2004 684 τὸν
2033 633 2165 686 Θεὸν
2193 633 2429 704 εἰσέλθῃ,
2454 633 2551 686 καὶ
2586 630 2681 686 τοῦ
2730 633 2982 704 σώματος
3020 634 3224 704 ἅψηται
3272 636 3451 705 μόνον,
3499 637 3593 688 κα)⁸

1914 720 2164 789 καθαρὰν
2201 720 2340 791 ὑπὲρ
2366 720 2528 772 αὐτοῦ
2554 721 2756 793 ποιήσῃ
2788 720 2886 792 τὴν
2915 722 3100 791 εὐχὴν,
3129 721 3344 776 ἀπασαν
3377 721 3473 792 τὴν
3491 723 3591 794 ἀρ-

1914 807 2152 877 ῥωστίαν
2198 807 2548 876 ἐφυγάδευσε·
2591 808 2686 860 καὶ
2710 811 2848 879 ὅπερ
2890 810 2991 861 οὐκ
3027 810 3246 879 ἴσχυσεν
3287 811 3314 862 ὁ
3343 809 3588 870 πλοῦτος,

1912 896 2004 946 καὶ
2033 894 2141 946 τῶν
2178 895 2608 965 διακονουμένων
2646 897 2706 948 τὸ
2729 895 2954 966 πλῆθος,
2989 897 3134 966 καὶὴ
3163 896 3262 966 τῆς
3301 896 3594 966 ἐμπειρίας

1912 983 2218 1053 ἐπιστήμη,
2255 983 2350 1035 καὶ
2392 983 2420 1033 6
2459 983 2558 1052 τῆς
2621 981 2896 1052 βασιλείας
2947 983 3130 1050 δγκος,
3184 983 3342 1036 τοῦτο
3374 984 3591 1052 ἴσχυσεν

1911 1069 2030 1132 ἐνὸς
2062 1071 2294 1140 πένητος
2327 1070 2590 1133 πολλάκις
2628 1070 2722 1123 καὶ
2775 1069 3150 1140 πτωχεύοντος
3211 1072 3365 1142 εὐχή.
3410 1071 3592 1140 Εὑχὴν

1909 1157 1965 1209 δὲ
1993 1157 2154 1225 λέγω,
2199 1159 2260 1211 οὐ
2298 1159 2396 1230 τὴν
2423 1157 2583 1229 ψιλὴν
2636 1157 2840 1230 ταύτην
2867 1158 2962 1211 καὶ
2996 1157 3268 1229 ῥᾳθυμίας
3291 1158 3589 1227 γέμουσαν,
3623 1201 3628 1204 .

1910 1246 2046 1299 ἀλλά
2071 1247 2170 1322 τὴν
2202 1249 2318 1317 μετ’
2370 1248 2647 1312 ἐκτενείας
2693 1247 3006 1317 γινομένην,
3063 1246 3200 1316 μετά
3251 1245 3592 1313 ὀδυνωμένης

1908 1332 2106 1406 ψυχῆς,
2138 1338 2277 1406 μετά
2329 1336 2736 1406 συντεταμένης
2764 1334 3006 1397 διανοίας
3035 1334 3076 1387 ⁸.
3116 1332 3264 1403 Αὐτη
3309 1331 3420 1401 γάρ
3447 1334 3593 1382 ἐστιν

1910 1423 1942 1490 ἡ
1969 1423 2106 1493 πρὸς
2125 1423 2216 1476 τὸν
2245 1423 2472 1494 οὐρανὸν
2495 1421 2884 1486 ἀναϐαίνουσα,
2917 1421 3014 1474 καί
3031 1420 3284 1491 καθάπερ
3313 1420 3379 1473 τὰ
3403 1418 3592 1482 ὐὸατα,

1909 1509 2014 1572 ’έως
2043 1510 2140 1579 μὲν
2165 1510 2230 1562 ἂν
2260 1510 2352 1562 ἐπὶ
2378 1509 2628 1563 ἰσοπέδου
2668 1509 2902 1579 φέρηται
2943 1507 3220 1579 [χωρίου],
3259 1508 3353 1559 καὶ
3391 1507 3589 1575 πολλῆς

1910 1597 2156 1666 ἀπολαύῃ
2203 1597 2305 1667 τῆς
2353 1597 2714 1668 εὐρυχωρίας,
2754 1597 2854 1648 οὐκ
2901 1595 3184 1649 ἀνίσταται
3233 1597 3369 1666 πρὸς
3424 1592 3581 1661 ὕψος·

1908 1683 2126 1736 ἐπειδάν
2165 1684 2220 1736 δὲ
2258 1683 2396 1736 αὐτά
2431 1686 2614 1754 χεῖρες
2647 1683 2926 1753 ὀχετηγῶν
2960 1681 3203 1736 κάτωθεν
3238 1681 3594 1752 περισφίγξαο

1911 1787 2000 1823 σαι
2043 1769 2272 1840 θλίψωσι
2309 1769 2811 1841 στενοχωρούμενα,
2867 1769 3055 1839 βέλους
3093 1767 3295 1829 παντὸς
3335 1765 3591 1838 ὀξύτερον

1909 1859 2050 1927 πρὸς
2072 1859 2134 1910 τὸ
2186 1857 2320 1927 ὖψος
2346 1856 2772 1923 ἐξακοντίζεται·
2813 1855 2954 1909 οὕτω
2983 1855 3045 1926 δὴ
3079 1857 3174 1908 καί
3213 1857 3245 1925 ἡ
3276 1854 3592 1924 ἀνθρωπίνη

1906 1943 2134 2004 διάνοια,
2167 1943 2272 2006 ἓως
2320 1946 2419 2013 μὲν
2447 1943 2510 1996 ἂν
2543 1942 2732 2006 ἀδείας
2773 1941 3025 2011 ἀπολαύῃ
3065 1941 3286 2010 πολλῆς,
3326 1941 3591 2009 διαχεῖται

1909 2028 2003 2080 καὶ
2025 2027 2256 2097 διαρρεῖ·
2278 2025 2500 2078 ἐπειδὰν
2527 2026 2584 2079 δέ
2628 2026 2970 2102 πραγμάτων
2996 2025 3318 2095 περίστασις
3349 2023 3591 2078 κάτωθεν

1908 2115 2077 2184 αὐτὴν
2102 2115 2508 2184 στενοχωρήσῃ,
2543 2113 2944 2183 ἀποθλιϐομένη
2976 2112 3176 2176 καλῶς,
3208 2113 3454 2182 καθαρᾶς
3497 2111 3591 2164 καὶ⁸

1908 2203 2157 2264 εὐτόνους
2209 2202 2345 2272 πρὸς
2383 2201 2443 2252 τὸ
2499 2188 2632 2269 ὕψος
2659 2200 2974 2270 ἀναπέμπει
3015 2201 3111 2263 τὰς
3143 2199 3327 2268 εὐχάς.
3363 2199 3470 2252 Καὶ
3504 2199 3593 2252 ἵνα

1912 2289 2089 2362 μάθῃς
2113 2290 2194 2350 ὅτι
2220 2289 2453 2358 μάλιστα
2481 2289 2686 2340 ἐκεῖναι
2713 2286 3082 2341 ἐπακούεσθαι
3116 2288 3144 2326 δ
3169 2287 3404 2339 δύναιντ’
3435 2285 3500 2338 ἂν
3533 2287 3594 2339 αἰ

1913 2377 2051 2447 μετά
2080 2375 2312 2445 θλίψεως
2334 2375 2635 2444 γινόμεναι,
2672 2374 2903 2428 ἄκουσον
2938 2374 2990 2426 τί
3022 2392 3186 2444 φησιν
3221 2375 3250 2427 6
3284 2374 3591 2446 προφήτης·

1857 2527 1862 2532 α
1909 2464 2064 2533 Πρὸς
2089 2465 2306 2531 Κύριον
2323 2463 2394 2516 ἐν
2428 2461 2508 2526 τῷ
2539 2463 2854 2517 θλίϐεσθαι
2895 2479 2973 2531 με
3005 2461 3321 2530 ἐκέκραξα,
3347 2461 3445 2515 καί
3471 2462 3595 2513 εισ-

1907 2551 2143 2618 ἠκουσέ
2177 2568 2318 2620 μου.
2351 2549 2819 2620 Διαθερμάνωμεν
2850 2549 3028 2602 τοίνυν
3057 2549 3118 2602 τὸ
3144 2549 3404 2614 συνειδὸς,
3441 2547 3592 2619 [4891

1911 2640 2188 2710 θλίψωμεν
2217 2640 2313 2708 τὴν
2346 2638 2523 2708 ψυχὴν
2547 2641 2613 2709 τῇ
2649 2639 2838 2709 μνήμῃ
2869 2637 2978 2690 τῶν
3017 2637 3452 2707 ἁμαρτημάτων,
3476 2634 3592 2687 θλί-

1908 2727 2122 2798 ψωμεν,
2170 2729 2267 2796 οὐχ
2291 2727 2377 2778 ἵνα
2414 2726 2943 2796 στενοχωρήσωμεν,
2981 2724 3098 2776 ἀλλ’
3133 2724 3219 2776 ἵνα
3254 2722 3593 2792 ἀκουσθῆναι

1909 2816 2442 2886 παρασκευάσωμεν,
2476 2813 2562 2865 ἵνα
2614 2813 2805 2882 νήφειν
2863 2813 3180 2880 ποιήσωμεν
3229 2811 3323 2862 καὶ
3363 2812 3594 2881 ἐγρηγο-

1911 2904 2083 2972 ρέναι,
2139 2905 2232 2954 καὶ
2267 2901 2445 2954 αὐτῶν
2480 2899 2748 2953 ἅπτεσθαι
2779 2899 2888 2952 τῶν
2933 2897 3198 2969 οὐρανῶν.
3251 2897 3418 2950 Οὐδὲν
3451 2896 3594 2949 οὕτω

1910 2988 2204 3058 φυγαδεύει
2233 2988 2506 3057 ῥᾳθυμίαν
2549 2987 2645 3039 καὶ
2685 2986 2998 3055 ὀλιγωρίαν,
3035 2985 3111 3047 ὡς
3149 2984 3312 3055 ὀδύνη
3350 2983 3444 3035 καὶ
3477 2983 3593 3034 θλῖ-

1908 3077 2001 3147 ψις
2035 3075 2370 3145 πανταχόθεν
2402 3074 2712 3141 συνάγουσα
2751 3075 2847 3143 τὴν
2878 3073 3141 3136 διάνοιαν,
3171 3071 3265 3124 καί
3296 3069 3432 3141 πρὸς
3460 3070 3592 3122 ἐαυ-

1907 3167 2008 3234 τὴν
2039 3164 2464 3233 ἐπιστρέφουσα.
2516 3161 2573 3213 ὐ
2605 3160 2922 3230 θλιϐόμενος
2973 3158 3115 3212 οὕτω
3159 3158 3255 3210 καὶ
3297 3157 3594 3226 εὐχόμενος

1910 3251 2110 3321 πολλὴν
2145 3249 2282 3320 μετὰ
2333 3247 2430 3318 τὴν
2465 3248 2630 3317 εὐχὴν
2658 3248 2739 3309 εἰς
2777 3247 2875 3316 τὴν
2907 3245 3085 3314 ψυχὴν
3124 3243 3222 3314 τὴν
3251 3242 3447 3296 ἐαυτοῦ
3493 3241 3594 3312 τὴν

1911 3339 2102 3409 ἡδονὴν
2136 3335 2426 3389 εἰσοικίσαι
2459 3336 2773 3406 δυνήσεται.
2819 3333 2928 3387 Καὶ
2954 3333 3203 3404 καθάπερ
3244 3329 3422 3398 νεφῶν
3467 3347 3594 3383 συν-

1908 3427 2082 3497 δρομὴ
2115 3424 2267 3495 παρὰ
2322 3426 2418 3495 μὲν
2450 3423 2548 3495 τὴν
2599 3425 2774 3495 ἀρχὴν
2821 3422 3049 3493 ζοφερὸν
3110 3424 3254 3474 ποιεῖ
3303 3421 3394 3474 τὸν
3433 3420 3592 3490 ἀέρα·

1911 3515 2130 3568 ἐπειδάν
2161 3513 2219 3568 δὲ
2248 3513 2588 3584 ἐπαλλήλους
2641 3515 2827 3583 ἐπαφῇ
2859 3512 2956 3574 τάς
3001 3510 3246 3579 νιφάδας,
3278 3508 3594 3579 ἀποθεμένη

1910 3601 2000 3655 τὸν
2030 3599 2184 3654 ὑετὸν
2224 3601 2458 3665 ᾶπαντα,
2486 3598 2722 3669 γαληνὸν
2761 3598 2853 3651 καὶ
2896 3597 3120 3668 φαιδρὸν
3164 3596 3460 3668 ἐργάζεται
3503 3596 3596 3650 τὸν

1910 3691 2048 3760 ἀέρα
2086 3701 2135 3756 ο,
2164 3688 2308 3742 οὕτω
2336 3688 2402 3757 δὴ
2441 3689 2536 3742 καὶ
2580 3687 2788 3755 ἀθυμία
2815 3687 2921 3748 ἓως
2963 3686 3060 3755 μὲν
3096 3685 3161 3738 ἂν
3194 3685 3340 3738 ἔνδον
3369 3683 3597 3754 συστρέο

1911 3795 2101 3847 φηται,
2145 3779 2328 3828 σκοτοῖ
2355 3775 2447 3827 τὸν
2497 3775 2761 3844 ἡμέτερον
2817 3773 3102 3843 λογισμόν·
3141 3771 3360 3826 ἐπειδὰν
3417 3773 3474 3825 δέ
3508 3771 3598 3824 διὰ

1909 3864 2018 3918 τῶν
2042 3865 2140 3933 τῆς
2168 3863 2332 3932 εὐχῆς
2370 3862 2632 3932 ῥημάτων
2665 3861 2760 3914 καὶ
2791 3860 2898 3912 τῶν
2931 3862 3048 3929 μετ’
3075 3859 3300 3911 ἐκείνων
3339 3857 3593 3926 δακρύων

1910 3951 2141 4022 κενωθῇ,
2176 3950 2271 4004 καὶ
2295 3951 2374 4011 εἰς
2403 3949 2464 4000 τὸ
2497 3948 2601 4014 ἔξω
2650 3946 2972 4016 διαπνεύσῃ,
3005 3945 3207 4015 πολλὴν
3253 3939 3495 4014 ἐντίθησι
3523 3946 3592 4014 τῇ

1909 4039 2054 4109 ψυχῇ
2084 4039 2182 4106 τὴν
2239 4035 2595 4105 φαιδρότητα,
2636 4034 2737 4102 τῆς
2788 4033 3126 4104 ἀντιλήψεως
3167 4031 3261 4084 τοῦ
3293 4031 3429 4084 Θεοῦ
3461 4032 3596 4084 καθ-

1912 4127 2055 4195 άπερ
2079 4123 2223 4187 τινὸς
2245 4123 2460 4184 ἀκτῖνος
2488 4123 2567 4184 εἰς
2599 4121 2699 4190 τὴν
2713 4119 2950 4173 διάνοιαν
2971 4118 3270 4188 ἀφεθείσης
3303 4118 3397 4170 τοῦ
3437 4119 3596 4187 εὐχο-

1914 4214 2098 4284 μένου.
2154 4209 2313 4263 ’Λλλά
2355 4210 2439 4272 τίς
2471 4211 2500 4262 6
2535 4208 2741 4278 ψυχρὸς
2780 4207 2888 4260 τῶν
2918 4207 3127 4260 πολλῶν
3161 4207 3351 4276 λόγος;
3390 4207 3596 4277 Ἀπαρ-

1913 4298 2204 4372 ῥησίαστός
2233 4299 2368 4366 εἰμι,
2402 4297 2588 4367 φησὶν,
2622 4294 2886 4364 αἰσχύνης
2919 4295 3097 4364 γέμω,
3145 4294 3265 4346 οὐδέ
3296 4292 3502 4356 ἀνοῖξαι
3532 4292 3595 4344 τὸ

1912 4386 2088 4456 στόμα
2133 4384 2387 4454 δύναμαι.
2421 4383 2693 4453 Σατανικὴ
2732 4380 2869 4449 αὕτη
2916 4383 2949 4451 ἡ
2999 4380 3275 4446 εὐλάϐεια,
3322 4379 3594 4452 ῥᾳθυμίας

1909 4473 2084 4526 ταῦτα
2137 4470 2610 4541 προκαλύμματα·
2650 4469 2974 4522 ἀποκλεῖσαι
3001 4468 3110 4537 γάρ
3147 4484 3228 4520 σοι
3275 4469 3376 4530 τὰς
3423 4466 3594 4538 θύρας

1909 4564 2007 4632 τῆς
2037 4560 2173 4631 πρὸς
2201 4559 2292 4610 τὸν
2323 4558 2456 4610 Θεὸν
2490 4549 2750 4626 προσόδου
2785 4555 3030 4626 βούλεται
3058 4555 3086 4606 6
3114 4553 3378 4616 διάϐολος.
3397 4555 3597 4626 Ἀπαρ-

1915 4649 2206 4720 ῥησίαστος
2242 4640 2332 4709 εἴ;
2363 4645 2590 4714 Μεγάλη
2622 4643 2926 4715 παῤῥησία,
2959 4641 3102 4712 μέγα
3126 4641 3286 4695 τοῦτο
3318 4641 3449 4695 αὐτὸ
3469 4642 3598 4710 6:9:-

1910 4737 2000 4799 λος
2019 4737 2081 4788 τὸ
2107 4733 2349 4804 νομίζειν
2373 4731 2820 4803 ἀπαρρησίαστον
2849 4725 3010 4795 εἶναι,
3035 4729 3226 4800 ῶσπερ
3245 4725 3340 4783 οὖν
3365 4729 3594 4800 αἰσχύνη

1910 4823 2006 4878 καὶ
2035 4823 2357 4890 κατάκρισις
2382 4819 2581 4890 ἐσχάτη
2605 4818 2666 4870 τὸ
2693 4817 2935 4887 νομίζειν
2951 4817 3266 4888 παρῥησίαν
3291 4817 3458 4888 ἔχειν.
3478 4817 3603 4872 Κάν.

1909 4911 2018 4984 γάρ
2047 4909 2218 4962 πολλὰ
2265 4907 2394 4978 ἔχῃς
2438 4904 2858 4976 κατορθώματα,
2890 4904 2983 4958 καὶ
3019 4903 3184 4975 μηδὲν
3220 4905 3396 4976 ἐαυτῷ
3422 4904 3598 4960 σύνοι-

1909 5001 2007 5062 δας
2036 4995 2291 5069 πονηρὸν,
2329 4993 2555 5065 νομίζῃς
2581 4993 2638 5047 δὲ
2664 4991 2970 5064 παρῥησίαν
3002 4991 3165 5062 ἔχειν,
3193 4992 3374 5064 πάσης
3404 4992 3595 5057 ἐξέπε-

1913 5102 2005 5149 σες
2028 5088 2128 5156 τῆς
2153 5083 2318 5153 εὐχῆς
2338 5099 2351 5112 ·
2394 5082 2498 5136 κᾶν
2542 5080 2716 5153 μυρία
2750 5080 2923 5151 φέρῃς
2955 5080 3369 5151 ἁμαρτημάτων
3403 5079 3598 5150 φορτία

1910 5172 2007 5226 ἐπὶ
2041 5171 2136 5224 τοῦ
2165 5171 2482 5232 συνειδότος,
2519 5168 2615 5222 καί¹
2648 5167 2808 5238 μόνον
2845 5166 3002 5220 τοῦτο
3036 5168 3231 5238 πείσῃς
3266 5167 3482 5230 σαυτὸν,
3513 5167 3596 5219 ὄτι

1912 5261 2130 5315 πάντων
2162 5259 2384 5330 ἔσχατος
2421 5252 2490 5322 εἴ,
2521 5254 2720 5326 πολλὴν
2754 5253 2896 5320 ἕξεις
2928 5253 3068 5324 πρὸς
3091 5253 3183 5306 τὸν
3218 5252 3350 5306 Θεὸν
3378 5256 3591 5326 παρῥησ

1975 5535 2003 5561 ⁸
2029 5533 2201 5600 Μρτθ-ι.
2217 5537 2270 5580 el.
2287 5530 2484 5592 quidam
2505 5545 2621 5580 nus.
2647 5531 2767 5600 μετά
2785 5530 3176 5600 συντετριμμένγς
3195 5528 3420 5600 διανοίας.
3438 5530 3587 5585 Savil.

1913 5607 2023 5642 cum
2049 5591 2436 5655 plpﬂsque’mss.
2457 5594 2820 5655 συντεταμένης,
2842 5591 3022 5638 melius
3048 5596 3100 5638 ut
3127 5591 3338 5638 videtur.

1976 5655 2005 5694 Ιι
2031 5652 2125 5703 Alii
2150 5652 2472 5701 ὐπακούεσθαι

1978 5720 2001 5750 ‘-'
2024 5717 2125 5768 Alii
2143 5717 2256 5781 ἀφῇ.
2283 5713 2392 5767 Mox
2412 5713 2492 5764 alii
2514 5712 2844 5776 γαληνιαῖονη.
2868 5712 3111 5774 ἐργάζεται
3134 5711 3216 5762 τὸν
3234 5713 3398 5764 τόπον.
