3854 6222
368 199 470 256 737
1079 199 1139 253 S.
1179 197 1459 254 JOANNIS
1494 197 1627 253 CIIII
1641 197 1979 254 YSOSTOMI
2007 195 2322 254 ARCIIIEP.
2363 196 2898 254 CONSTAN'l'lNOP.

363 313 570 368 diarum
595 311 674 382 (2.
705 309 824 366 Cor.
853 311 904 366 Ι.
933 311 989 380 '5)
1016 327 1028 360 :
1060 309 1308 380 quoniam
1337 310 1438 364 hoc
1461 310 1579 378 ers
1605 310 1839 364 omcium
1865 321 1950 367 est

367 413 700 472 perpetuum,
730 411 788 456 ut
809 401 1052 455 dolentes
1076 410 1130 454 et
1155 399 1382 454 afflictos
1409 401 1714 454 consoletur
1739 411 1792 456 et
1821 402 1946 456 hor-

364 503 522 555 tetur,
551 495 756 548 etiamsi
788 493 1079 548 innumeris
1106 493 1213 546 sint
1239 493 1471 562 peccatis
1493 495 1688 547 onusti.
1721 493 1946 550 Tantum

366 599 466 639 nos
501 585 598 652 ipsi
637 583 927 649 dedamus,
962 591 1161 636 tantum
1199 596 1540 637 accurramus
1566 583 1632 636 ad
1665 598 1817 649 eum,
1851 599 1950 640 nec

364 675 715 739 desistamus,
755 683 914 744 atque
959 674 1324 744 experimento
1364 674 1624 730 dictorum
1667 677 1945 732 veritatem

366 767 664 822 ediscemus
686 807 702 832 ,
733 765 981 836 nullaque
1008 780 1097 820 res
1122 779 1221 821 nos
1252 765 1437 820 dolore
1468 765 1683 820 afticere
1723 767 1942 835 poterit,

359 859 399 912 si
435 859 645 913 assidua
665 867 720 912 et
737 866 981 914 accurata
1000 858 1240 913 oratione
1259 867 1490 913 utamur.
1516 857 1779 928 Quidquid
1802 859 1943 913 enim

363 951 588 1017 accidat,
619 965 716 1020 per
743 951 888 1005 illam
919 949 1071 1006 facile
1099 950 1372 1021 depellere
1401 950 1712 1020 poterimus.
1745 951 1944 1020 Ecquid

365 1042 557 1096 mirum
593 1043 637 1096 si
674 1042 932 1096 humanas
969 1057 1234 1097 aerumnas
1275 1042 1446 1096 oratio
1487 1042 1694 1096 solvere
1730 1043 1940 1112 possit,

364 1117 575 1202 quando
603 1141 940 1204 peccatorum
977 1141 1218 1188 naturam
1262 1134 1333 1187 ita
1375 1130 1533 1188 facile
1571 1131 1855 1198 exstinguit
1888 1141 1946 1188 et

3562 200 3670 257 758

2056 310 2234 364 delet?
2257 309 2323 365 Ut
2347 309 2507 380 igitur
2535 321 2849 380 praesentem
2881 310 3037 364 vitam
3058 325 3177 365 cum
3200 310 3456 374 facilitate
3480 322 3675 368 trans-

2054 402 2258 471 igamus
2279 441 2294 464 ,
2345 411 2398 455 et
2424 411 2638 470 peccata
2660 444 2674 466 ,
2699 417 2815 472 qua:
2844 403 3207 457 contraximus
3225 445 3241 469 ,
3270 402 3632 472 deponamus
3651 445 3669 470 ,

2050 506 2277 560 cumque
2299 491 2486 545 fiducia
2509 502 2710 546 stemus
2731 502 2854 546 ante
2875 493 3102 546 tribunal
3122 492 3339 560 Christi,
3365 494 3473 548 hoc
3497 494 3672 547 nobis

2052 594 2308 654 perpetuo
2347 585 2789 640 medicamentum
2831 601 3076 654 paremus
3115 587 3396 657 Iacrymis,
3430 587 3667 648 studio,

2050 677 2391 742 assiduitate,
2445 678 2692 746 patientia
2741 677 2864 730 illud
2904 678 3246 742 eondientcs;
3289 679 3361 732 ita
3403 678 3564 732 enim
3611 687 3671 731 et

2051 768 2270 836 perenni
2303 767 2539 823 fruemur
2569 768 2871 822 valetudine
2892 809 2907 832 ,
2943 778 2997 822 et
3040 767 3212 823 futura
3242 784 3672 838 consequemur

2051 858 2209 923 bona,
2233 875 2350 927 quae
2379 874 2474 914 nos
2501 875 2687 915 omnes
2712 859 2928 928 adipisci
2956 863 3244 931 contingat,
3271 863 3440 932 gratia
3469 871 3524 914 et
3559 860 3668 913 hu-

2051 952 2304 1006 manitate
2345 953 2552 1006 Domini
2593 953 2758 1006 nostri
2796 952 2920 1007 Jesu
2946 953 3138 1008 Christi
3161 994 3175 1018 ,
3203 968 3323 1008 cum
3357 969 3468 1022 quo
3502 952 3666 1007 Patri

2049 1042 2213 1112 gloria
2242 1042 2504 1112 simulque
2532 1052 2713 1096 sancto
2738 1041 2979 1112 Spiritui,
3013 1058 3152 1097 nunc
3180 1052 3232 1098 et
3261 1057 3484 1112 semper
3511 1051 3573 1096 ct
3606 1041 3663 1094 in

2051 1133 2244 1188 smcula
2274 1135 2611 1188 srcculorum.
2643 1136 2834 1190 Amen.

1413 2142 1491 2202 IN
1534 2143 1731 2202 TRES
1768 2140 2220 2216 SEQUENTES
2250 2142 2641 2204 HOMILIAS

486 2695 586 2751 Hic
616 2669 971 2750 vetustiorum
997 2695 1240 2748 ordinem
1269 2694 1762 2764 mauuscriptorum
1794 2692 1979 2762 sequi-

419 2824 562 2872 mur,
593 2823 755 2878 quem
797 2816 1015 2863 sccutus
1049 2808 1175 2862 item
1208 2817 1289 2861 est
1321 2823 1372 2860 ν.
1403 2808 1472 2860 cl.
1505 2807 1708 2861 Fronto
1728 2807 1977 2862 Ducaeus.

417 2916 536 2972 Non
596 2917 754 2987 pauci
800 2916 999 2986 quippe
1064 2917 1300 2980 codices,
1363 2925 1486 2984 post
1520 2915 1764 2985 quinque
1797 2922 1980 2968 contra

419 3029 696 3084 Ariamazes
735 2995 1011 3092 lfomilias,
1045 3036 1249 3082 sextam
1290 3027 1594 3096 adjuugunt
1637 3026 1714 3080 De
1755 3025 1812 3079 S.
1854 3025 1983 3080 Phi-

418 3139 650 3210 logom‘o,
682 3138 966 3209 septimam
1012 3137 1084 3190 De
1116 3136 1584 3202 consubstantiali,
1629 3146 1874 3191 octavam
1907 3135 1985 3191 De

415 3250 664 3318 petitione
704 3249 937 3317 ﬁliorum
977 3246 1213 3302 Zebedwi
1241 3263 1260 3300 :
1318 3262 1551 3315 quarum
1597 3247 1718 3301 dua:
1764 3246 1982 3312 quidem

418 3371 710 3431 postrema:
757 3377 865 3416 non
910 3371 1152 3430 tempore
1194 3371 1428 3423 tantum,
1475 3361 1569 3417 sed
1617 3362 1779 3415 etiam
1825 3377 1986 3432 argu-

423 3485 606 3530 mento
635 3491 758 3530 cum
812 3477 1054 3545 quinque
1085 3476 1361 3545 prioribus
1405 3476 1776 3536 conveniunt;
1836 3484 1988 3529 sexta

421 3599 572 3650 vero,
632 3587 735 3640 etsi
784 3595 908 3654 post
941 3587 1228 3655 quintam,
1278 3587 1425 3640 nulla
1481 3586 1802 3655 interposita
1859 3586 1986 3650 alia,

425 3696 608 3751 habita
638 3695 820 3763 fuerit,
849 3708 1173 3766 argumento
1204 3699 1488 3768 peregrina
1524 3713 1750 3768 prorsus
1781 3700 1989 3754 videre-

425 3813 538 3871 tur,
577 3806 681 3860 uisi
713 3806 869 3861 initio
899 3807 1102 3862 diceret
1143 3805 1590 3877 Chrysostomus,
1647 3819 1706 3860 se
1749 3821 1779 3859 a
1831 3805 1989 3859 solita

425 3915 802 3985 destinataque
869 3924 1058 3970 contra
1115 3916 1411 3971 Auommos
1475 3913 1879 3968 concertatione
1929 3911 1989 3967 S.

429 4023 732 4097 Philogonii
763 4027 848 4081 die
873 4025 1013 4083 festo
1046 4027 1398 4098 interpellari.
1437 4025 1563 4081 ldeo
1595 4041 1718 4083 mos
1755 4026 1995 4080 obtinuit

426 4137 561 4191 utin
598 4137 826 4193 vetustis
858 4138 1136 4194 codicibus
1168 4139 1419 4193 eumdem
1472 4137 1718 4192 ordinem
1760 4147 1989 4202 teneret,

464 4370 478 4386 '
513 4365 1179 4382 —-.——_-——-————-—-..-—
1192 4371 1310 4376 ——~—r~-
1329 4373 1338 4377 -
1357 4373 1372 4376 α
1429 4374 1468 4377 τ-τ-
1498 4375 1530 4378 --
1551 4374 1570 4378 -~

1598 4374 1608 4379 ν
1620 4374 1706 4382 οο-φ-
1715 4374 1855 4380 ———_—._
1865 4374 1992 4381 ._._-
2007 4376 2011 4378 .

2085 2707 2247 2761 quem
2276 2691 2636 2746 interturbare
2667 2729 2683 2753 ,
2739 2689 3031 2745 Frontonis
3096 2686 3276 2742 Ducaai
3341 2687 3669 2756 exemplum

2087 2804 2278 2865 secuti,
2307 2802 2605 2856 noluimus.

2153 2914 2279 2969 Haec
2300 2929 2464 2984 porro
2491 2916 2545 2966 in
2576 2911 2634 2966 S.
2670 2909 3043 2981 Philogonium
3077 2909 3300 2964 homilia
3358 2908 3548 2962 habita
3583 2916 3674 2962 est

2090 3041 2235 3081 anno
2285 3025 2411 3090 536,
2471 3025 2728 3079 vicesima
2783 3023 3125 3088 Decembris,
3178 3023 3422 3093 quinque
3456 3021 3672 3076 diebus

2091 3152 2215 3198 ante
2236 3141 2476 3196 Natalem
2505 3139 2728 3205 Christi,
2759 3147 2832 3194 .ut
2860 3140 3062 3194 dicitur
3101 3153 3255 3194 num.
3299 3139 3355 3192 4.
3383 3135 3523 3191 Nam
3572 3138 3673 3190 illo

2093 3270 2334 3325 tempore
2358 3255 2472 3324 jam
2507 3252 2712 3308 Natalis
2764 3253 2965 3307 Christi
3019 3253 3155 3315 dies,
3193 3250 3668 3319 quemadmodum

2096 3367 2364 3437 hodieque
2421 3367 2474 3419 in
2531 3363 2844 3425 Occidente,
2886 3363 2958 3417 25
2982 3362 3293 3418 Decembris
3351 3359 3669 3414 Antiochiae

2095 3472 2490 3535 celebrabatur,
2522 3472 2682 3543 idque
2712 3488 2741 3526 a
2779 3473 2967 3542 paucis
3013 3471 3191 3536 annis,
3223 3480 3282 3525 ut
3333 3471 3384 3523 in
3456 3469 3674 3524 Monito

2097 3583 2161 3636 ad
2187 3577 2472 3636 homiliam'
2497 3581 2548 3635 in
2580 3583 2829 3636 eumdem
2868 3583 3109 3636 Natalem
3138 3581 3516 3637 enarrabitur:
3541 3597 3673 3650 qua:
3723 3648 3729 3652 η

2096 3691 2312 3758 quidem
2355 3690 2580 3744 homilia
2614 3690 2756 3746 inter
2791 3689 3142 3760 panegyricos
3197 3703 3483 3744 sermones
3521 3688 3668 3741 infra

2097 3804 2328 3858 locatur.
2386 3801 2572 3856 Sancti
2612 3814 2740 3855 vero
2769 3799 3074 3870 Philogonii
3109 3800 3497 3870 panegyricum
3553 3815 3666 3853 non

2098 3914 2332 3970 absolvit
2391 3913 2852 3983 Chrysostomus;
2927 3911 3020 3967 sed
3094 3910 3334 3964 maxima
3401 3909 3667 3978 ιιι-προηΞί

2096 4035 2247 4096 parte
2280 4024 2540 4079 Flaviano
2568 4025 2845 4094 episcopo,
2875 4023 3063 4078 eadem
3102 4023 3187 4077 die
3234 4020 3658 4083 concionaturo,

2093 4141 2314 4206 relicta,
2355 4140 2409 4194 in
2447 4137 2712 4193 orationis
2757 4135 2936 4190 medio
2973 4149 3194 4190 cursum
3240 4132 3554 4201 intercipit,
3604 4140 3667 4185 ut

3429 4363 3442 4366 λ.
3465 4357 3677 4368 .._—_—_—..

416 4514 482 4560 IN
523 4515 785 4561 BEATUH
825 4515 1286 4573 PHILOGONIUM,
1332 4518 1439 4571 QUI
1485 4518 1633 4561 FUIT
1676 4520 1760 4562 ΒΧ
1805 4520 2095 4564 PATRONO
2137 4520 2475 4562 CAUSAIIUM
2517 4520 2755 4564 FACTUS
2801 4523 3155 4578 EPISCOPUS,
3189 4525 3266 4565 ET
3295 4525 3464 4576 QL'OD
3513 4527 3680 4569 Μωι

495 4615 680 4669 EQUE
723 4617 964 4660 BEDDIT
1004 4618 1120 4663 N08
1165 4619 1290 4663 ι)Εο
1333 4620 1674 4674 PROBATOS,
1719 4621 1931 4674 ATQUE
1973 4623 2029 4666 SI
2073 4623 2360 4667 STUDIOSI
2407 4624 2590 4668 BIMUS
2635 4625 2855 4668 EARUM
2900 4628 3123 4673 BERUM
3153 4655 3170 4685 ,
3217 4630 3359 4682 QUB
3402 4629 3693 4672 PUBLICB

492 4718 874 4763 CONDUCUNT
913 4719 1239 4764 UTILITATI
1283 4722 1364 4764 ET
1404 4721 1574 4774 QUOD
1617 4724 2057 4768 NEGLIGENTER
2116 4724 2447 4768 ADEUNTES
2500 4724 2720 4768 DIVINA
2768 4727 3089 4771 MYSTERIA
3143 4729 3528 4774 GRAVISSIIIE
3571 4730 3692 4772 ΡΟ·-

492 4817 805 4876 NIUNTUR,
851 4821 1051 4865 BTIAM
1093 4821 1150 4864 SI
1191 4822 1399 4864 SEMEL
1440 4822 1702 4866 TANTUM
1758 4823 1824 4865 IN
1885 4822 2054 4866 ANNO
2110 4823 2338 4866 SCELUS
2383 4822 2508 4866 IIOC
2561 4823 3019 4870 εοιιιίιειῑιιικτ.
3065 4828 3252 4872 ΒῙΟΤΔ
3298 4829 3415 4872 EST
3465 4830 3689 4873 AUTBI

492 4917 775 4974 QUINQUE
804 4921 1032 4964 DIEBUB
1071 4922 1238 4965 ANTE
1279 4921 1578 4966 NATALEM
1604 4923 1857 4966 CHRISTI
1890 4919 1932 4963 ‘.

1028 5172 1246 5214 BOIILIA
1284 5175 1360 5214 νι.

481 5283 532 5338 1.
561 5283 671 5354 Ego
698 5285 914 5355 quidem
940 5296 995 5343 et
1015 5287 1174 5344 hodie
1199 5289 1517 5346 destinaram
1541 5291 1796 5346 adversus
1822 5290 1992 5346 luere-

407 5373 544 5427 tieos
567 5373 859 5431 luctaturus
876 5385 1052 5432 vestes
1071 5395 1287 5446 exuere,
1305 5381 1552 5452 quodque
1577 5383 1812 5437 restabat
1827 5383 1991 5438 debiti

379 5467 383 5472 '
408 5465 559 5520 vobis
584 5467 888 5534 persolvere
918 5487 932 5524 :
964 5485 1148 5526 verum
1171 5471 1311 5526 beati
1349 5471 1647 5543 Philogonii
1677 5474 1809 5542 dies,
1838 5475 1991 5544 cujus

407 5557 601 5612 festum
626 5560 978 5629 celebramus,
1001 5563 1067 5618 ad
1087 5564 1251 5633 ipsius
1276 5564 1672 5620 benefactorum
1694 5573 1991 5627 enarratio-

472 5671 700 5742 ‘ACgllata
723 5690 831 5726 cum
871 5677 1119 5742 codicibus
1154 5680 1314 5742 Regiis
1340 5681 1475 5741 1958,
1505 5683 1641 5740 l959.
1669 5683 1792 5734 25-45
1815 5693 1866 5736 et
1882 5695 1988 5736 Co.-

406 5731 538 5804 het't.
561 5735 669 5783 974.
696 5745 822 5787 tinus
841 5741 1090 5804 praemittit
1103 5776 1118 5799 ,
1141 5731 1250 5792 ante
1284 5731 1474 5804 festum,
1493 5731 1809 5800 uiduitatis—vt
1821 5731 1980 5803 iiiis-ii.

408 5793 574 5845 Inlita
593 5806 754 5847 autem
778 5793 856 5849 est
877 5793 1116 5861 vigesima
1133 5793 1429 5855 Decembris.

2099 5190 2221 5232 nem
2245 5175 2475 5245 linguam
2502 5184 2738 5230 nostram
2759 5176 3016 5232 evocavit.
3048 5176 3118 5232 Et
3147 5179 3366 5234 omnino
3391 5181 3688 5249 parendum

2093 5275 2207 5333 est;
2253 5267 2450 5322 etenim
2493 5266 2538 5322 si
2580 5267 2670 5337 qui
2716 5267 2851 5337 patri
2894 5268 3119 5322 matrive
3158 5269 3460 5337 maledicit,
3514 5285 3690 5330 morte

2097 5357 2338 5420 moritur,
2364 5358 2526 5428 liquet
2545 5372 2689 5421 eum,
2711 5359 2800 5426 qui
2821 5357 3150 5412 benedixerit
3172 5359 3296 5422 illis,
3318 5361 3444 5415 vita:
3465 5366 3689 5431 premis

2092 5459 2427 5519 recepturum
2471 5449 2662 5519 (Exod.
2684 5447 2774 5504 2i.
2799 5449 2887 5505 16.
2906 5447 3174 5504 ιευίι.20.
3203 5449 3261 5520 9)
3291 5467 3305 5503 :
3333 5459 3390 5506 et
3421 5452 3466 5506 si
3501 5453 3569 5508 iis
3601 5457 3688 5526 qui

2093 5548 2281 5594 natura
2307 5547 2561 5610 parentes
2588 5547 2712 5594 sunt
2739 5547 2938 5593 tantam
2959 5539 3215 5596 debemus
3235 5551 3501 5611 pmstare
3524 5545 3686 5600 bene-

2096 5632 2399 5697 volentiam,
2430 5631 2596 5684 multo
2624 5630 2791 5699 magis
2811 5629 2861 5684 id
2885 5630 3241 5699 prtestandum
3268 5632 3352 5696 iis,
3375 5636 3467 5702 qui
3491 5636 3685 5704 spiritu

2091 5732 2217 5778 sunt
2247 5729 2513 5792 parentes,
2536 5721 2868 5792 potissimum
2885 5734 3014 5776 vero
3033 5736 3156 5776 cum
3183 5720 3470 5780 defunctos
3500 5737 3684 5796 nostra

2089 5817 2321 5873 laudatio
2349 5817 2517 5872 nihilo
2545 5817 2730 5876 reddat
2757 5819 3097 5892 gloriosiorcs
3116 5859 3133 5890 ,
3171 5834 3270 5877 nos
3300 5835 3431 5880 vero
3458 5837 3682 5897 congre-
