3838 6220
73 221 179 276 7&7

70 337 210 394 αὐτὸ
244 337 655 408 ἐπιδεικνύμενος
703 339 732 390 ό
777 335 1010 408 Χριστδς
1045 334 1218 403 ἔλεγε,
1263 335 1439 388 Δεῦτε
1477 338 1626 404 πρός
1673 355 1750 406 με

69 426 306 492 πάντες
333 428 390 480 οι
422 425 748 488 κοπιῶντες
781 423 877 476 καὶ
910 422 1389 492 πεφορτισμένοι,
1421 423 1582 492 κάγὼ
1609 425 1750 478 ἀνα-

68 515 299 567 παύσω
323 513 500 583 ὑμᾶς.
537 513 708 567 Καλεῖ
740 508 854 574 οῦν,
897 511 972 582 μὴ
1006 509 1477 582 παρακούσωμεν·
1516 512 1752 566 ἐπισπᾶ-

66 616 184 665 τιιι,
214 600 296 672 μὴ
315 602 752 672 άποπηδήσωμεν
773 615 784 627 ·
811 599 913 652 κᾶν
934 599 1102 669 μυρία
1126 599 1498 669 ἁμαρτήματα
1518 598 1750 669 ἔχωμεν,

67 688 194 740 τότε
235 687 502 758 μειζόνως
535 688 960 758 προστρέχωμεν
985 704 998 717 ·
1043 687 1138 740 καὶ
1172 686 1280 754 γὰρ
1311 686 1437 748 τούς
1481 685 1753 749 τοιούτους

69 775 255 828 καλεῖ.
295 779 377 828 Οὐ
408 776 518 843 γὰρ
559 772 769 845 ἦλθον,
799 775 954 844 φησὶ,
981 775 1238 828 καλέσαι
1272 774 1560 839 δικαίους,
1596 774 1758 829 ἀλλὰ

67 860 468 928 ἁμαρτωλοὺς
491 864 578 926 είς
598 859 941 928 μετάνοιαν.
968 860 1077 913 Καὶ
1098 859 1332 913 ἐνταῦθα
1351 861 1478 923 τούς
1500 877 1756 930 πεφορτι-

70 949 332 1015 σμένους,
367 949 498 1010 τούς
526 946 924 1016 πεπονηκότας,
963 948 1090 1009 τοὺς
1122 948 1185 999 ὲκ
1208 945 1408 1017 βάρους
1435 946 1544 999 τῶν
1571 948 1755 1017 ἀμαρ-

67 1033 343 1102 τημάτων
378 1034 820 1104 κεκοπιωμένους
853 1033 1022 1100 λέγει.
1055 1033 1184 1095 Θεὸς
1213 1033 1321 1103 γὰρ
1357 1033 1756 1104 παρακλήσεως

70 1120 322 1187 λέγεται,
358 1122 449 1173 καὶ
476 1121 610 1183 Θεὸς
641 1119 940 1191 οἰκτιρμῶν
959 1137 974 1150 ο
1007 1119 1194 1190 ἐπειδὴ
1220 1120 1378 1173 τοῦτο
1417 1119 1577 1190 ἔργον
1602 1118 1752 1190 αὐτῷ

70 1208 346 1276 διηνεκὲς,
373 1209 498 1266 τοὺς
519 1207 888 1276 ὀδυνωμένους
910 1206 1005 1258 καὶ
1037 1208 1164 1270 τούς
1193 1206 1542 1276 θλιϐομένους
1573 1223 1753 1278 παρα-

77 1295 376 1363 μυθεῖσθαι
427 1295 521 1347 καὶ
585 1293 945 1362 παρακαλεῖν,
994 1293 1099 1346 κᾶν
1157 1294 1325 1363 μυρία
1379 1294 1752 1363 ἁμαρτήματα

76 1380 270 1448 ἔχωσι.
338 1378 515 1432 Μόνον
577 1377 851 1448 ἐπιδῶμεν
915 1378 1176 1443 ἑαυτοὺς,
1203 1375 1361 1446 μόνον
1399 1377 1756 1448 *προσδράμω-

78 1483 180 1535 μεν
228 1463 406 1534 αὐτῷ,
456 1466 551 1517 καὶ
614 1465 688 1535 μὴ
758 1463 1124 1533 ἀποστῶμεν,
1188 1463 1282 1516 καὶ
1331 1463 1420 1516 διὰ
1481 1463 1578 1534 τῆς
1636 1465 1758 1517 πεί-

81 1570 185 1623 ρας
210 1552 387 1621 αὐτῆς
421 1551 678 1620 εἰσόμεθα
718 1550 828 1602 τῶν
871 1551 1179 1621 εἰρημένων
1216 1551 1316 1621 τὴν
1357 1549 1632 1621 ἀλήθειαν,
1664 1551 1760 1604 καὶ

83 1639 236 1692 ιύδέν
297 1639 445 1708 ἡμᾶς
494 1637 603 1690 τῶν
653 1638 821 1692 ὄντων
872 1637 1109 1707 λυπῆσαι
1148 1637 1455 1708 δυνήσεται,
1487 1638 1583 1692 ἐὰν
1614 1637 1757 1708 ἔχωο

1342 220 1428 274 DE
1469 219 1695 276 BEATO
1733 220 2167 277 PHILOGONIO.
2212 219 2302 276 Vl.
2343 292 2347 300 ‘

3419 213 3522 268 ⁸3·ἰὸ

1858 353 1958 407 μεν
2003 336 2195 406 ἐκτενῆ
2235 335 2400 406 εὐχὴν
2456 335 2552 389 καλ⁸
2593 331 3067 405 διηκριϐωμένην·
3125 331 3264 401 ὅπερ
3305 333 3414 400 γάρ
3455 329 3525 382 ἂν

1857 423 2094 496 ἐπέλθῃ,
2143 422 2340 494 ῥᾳδίως
2379 420 2468 475 διὰ
2530 420 2737 490 ταύτης
2781 417 3256 490 ἀποκρουσόμεθα.
3316 416 3426 469 Kal.
3471 413 3525 467 τί

1857 509 2187 582 θαυμαστὸν,
2215 511 2262 562 εἰ
2285 509 2636 580 περιστάσεις
2659 507 3008 579 ἀνθρωπίνας
3028 504 3175 557 λύειν
3194 499 3333 556 οἶδεν
3361 502 3526 572 εὐχῆς

1856 596 2108 667 δύναμις,
2131 595 2264 649 ὅπου
2294 612 2358 663 γε
2391 595 2484 648 καὶ
2517 595 2933 666 ἁμαρτημάτων
2961 591 3122 661 φύσιν
3155 589 3404 644 σϐέννυσι
3433 587 3526 641 καὶ

1859 682 2108 754 ἀφανίζει
2133 683 2360 755 ῥᾳδίως;
2383 683 2476 736 Ἵν’
2506 677 2598 736 οῦν
2628 683 2722 735 καὶ
2754 681 2870 751 μετ’
2894 680 3143 743 εὐκολίας
3170 678 3260 730 τὸν
3283 674 3546 756 παρόντας

1855 770 2194 840 διανύσωμεν
2225 769 2356 839 βίον,
2387 770 2482 822 καὶ
2501 770 2602 822 ὅσα
2623 766 3108 841 προσετριψάμεθα
3133 765 3522 835 ἁμαρτήματα,

1856 858 2028 912 ταῦτα
2053 857 2406 928 ἀποθώμεθα,
2449 859 2543 910 κα)⁵
2598 856 2737 927 μετά
2791 855 3106 927 παρρησίας
3161 853 3376 922 στῶμεν
3432 849 3526 902 ἐπὶ

1852 946 1947 998 τοῦ
1986 945 2227 1016 βήματος
2266 943 2360 997 τοῦ
2393 943 2652 1016 Χριστοῦ,
2682 943 2837 996 τοῦτο
2879 941 3143 1012 διηνεκῶς
3183 929 3554 1028 κατασκευάιξι

1857 1032 2039 1104 ζωμεν
2086 1035 2299 1096 ἑαυτοῖς
2335 1033 2396 1086 τὸ
2429 1033 2739 1104 φάρμακον,
2768 1033 2878 1087 ἀπὸ
2916 1031 3167 1103 δακρύων
3207 1031 3300 1084 καὶ
3353 1044 3522 1081 σπου-

1855 1120 1952 1190 δῆς
1999 1121 2095 1174 καὶ
2142 1121 2470 1193 προσεδρίας
2514 1122 2610 1174 καὶ
2647 1120 2941 1192 καρτερίας
2989 1119 3327 1181 συντιθέντες
3361 1114 3519 1169 αὐτό·

1855 1207 1996 1260 οὕτω
2027 1207 2135 1277 γὰρ
2161 1208 2257 1262 καὶ
2286 1206 2566 1278 διηνεκοῦς
2594 1207 3013 1278 ἀπολειπόμεθα
3041 1207 3140 1273 τῆς
3164 1206 3392 1274 ὑγιείας,
3429 1201 3524 1255 καὶ

1853 1293 1962 1346 τῶν
1991 1295 2287 1364 μελλόντων
2329 1294 2726 1366 ὲπιτευξόμεθα
2757 1293 3010 1362 ἀγαθῶψ
3042 1287 3116 1346 ὧν
3138 1293 3346 1361 γένοιτο
3384 1291 3513 1344 πάν-

1853 1397 1951 1444 τας
2004 1383 2152 1451 ἡμᾶς
2189 1383 2487 1451 ἐπιτυχεῖν,
2520 1382 2702 1452 χάριτι
2747 1381 2846 1435 καὶ
2878 1378 3256 1452 φιλανθρωπίᾳ
3283 1377 3374 1431 τοῦ
3405 1379 3518 1430 Κυ-

1856 1465 1974 1530 ρίου
2001 1464 2156 1535 ήμῶν
2193 1465 2367 1534 Ἰησοῦ
2393 1467 2651 1536 Χριστοῦ,
2681 1467 2799 1538 μεθ’
2825 1459 2886 1520 οὐ
2921 1465 3000 1537 τῷ
3025 1465 3200 1538 Πατρὶ
3230 1462 3377 1528 δόξα,
3407 1463 3518 1532 ἅμα

1852 1551 1932 1622 τῷ
1961 1552 2101 1622 ἁγίῳ
2128 1551 2432 1622 Πνεύματι,
2459 1553 2558 1608 νῦν
2596 1555 2690 1607 καὶ
2721 1554 2828 1619 ἀεὶ,
2881 1555 2976 1609 καὶ
3026 1555 3106 1618 εἰς
3155 1552 3278 1615 τοὺς
3322 1549 3521 1613 αἰῶνας

1853 1638 1965 1691 τῶν
1987 1636 2218 1692 αἰώνων.
2251 1639 2442 1710 Ἀμήν.

213 1812 3430 1859 W

1634 2143 2028 2206 MONITUM.

208 2702 472 2772 populum
501 2702 567 2756 ad
606 2701 848 2756 Natalem
871 2702 1072 2758 Christi
1110 2705 1212 2759 rite
1245 2705 1626 2761 celebrandum
1661 2707 1783 2762 lior-

212 2813 375 2868 tetur,
407 2819 470 2858 ac
517 2814 801 2874 postquam
844 2807 1224 2875 peccatoribus
1274 2806 1607 2876 pmnitentize
1648 2811 1783 2864 resi-

210 2907 598 2975 piscentiteque
627 2909 846 2961 modum
883 2911 1247 2980 pra’scripsu,
1276 2914 1575 2966 orationem
1631 2915 1781 2968 clau-

209 3011 313 3064 dit.
338 3008 513 3078 Hujus
552 3025 716 3079 porro
756 3011 1082 3080 Philogonii,
1111 3016 1201 3082 qui
1247 3030 1312 3068 ex
1345 3016 1624 3070 causidico
1668 3018 1782 3086 cpi-

210 3129 411 3182 SCOpus
440 3115 811 3168 Antiochenus
845 3115 945 3169 fuit
985 3119 1129 3172 circa
1173 3135 1374 3172 annum
1404 3119 1608 3174 Christi
1652 3121 1775 3185 520,

212 3217 268 3271 in
298 3230 490 3272 exortu
526 3219 846 3283 Arianismi,
895 3222 1220 3275 mentionem
1267 3221 1397 3276 facit
1452 3224 1782 3278 Athanasius

213 3316 266 3368 in
304 3315 545 3384 Epistola
568 3321 634 3370 ad
660 3319 926 3387 episcopos
976 3315 1195 3388 [Egypti
1240 3332 1287 3374 et
1317 3321 1520 3393 Libyan
1567 3340 1621 3394 p.
1653 3325 1780 3392 278,

213 3421 307 3474 ubi
364 3421 514 3476 illum
561 3423 698 3477 inter
753 3407 1088 3479 orthodoxos
1141 3426 1394 3494 virosque
1452 3429 1782 3494 apostolicos

208 3533 514 3588 enumerat,
543 3526 632 3594 qui
671 3541 768 3594 pro
822 3526 926 3579 lide
956 3529 1224 3581 catholica
1259 3530 1617 3598 scripserunt.
1660 3533 1784 3586 Fuit

209 3626 510 3680 vicesimus
542 3629 752 3696 primus
805 3629 1178 3704 Antiochcpus
1207 3632 1514 3702 episcopus,
1549 3636 1641 3704 qui
1684 3636 1780 3690 de-

209 3744 484 3784 cessorem
520 3731 708 3785 habuit
730 3730 985 3798 Vitalem,
1019 3749 1394 3790 successorem
1433 3747 1612 3792 autem
1641 3737 1780 3792 Pau-

207 3833 405 3899 linum,
447 3851 607 3904 quem
641 3838 855 3906 excepit
885 3837 1219 3893 Eustathius.
1251 3839 1326 3894 De
1359 3840 1448 3894 illo
1477 3840 1631 3909 plura
1659 3841 1781 3895 vide

209 3939 266 3992 in
324 3939 470 3992 notis
530 3941 947 4008 posterioribus.
1013 3942 1223 3997 Erasmi
1278 3944 1776 4014 interpretationem

209 4042 394 4096 multis
425 4043 477 4095 iu
518 4044 650 4100 locis
682 4046 1023 4100 emendatam
1054 4062 1084 4099 e
1115 4046 1332 4110 regione
1384 4046 1554 4102 δι’ωεὶ
1599 4056 1777 4102 textus

204 4146 437 4201 edimus.

1958 2707 2282 2778 Sequenlem
2313 2717 2390 2764 ne
2442 2711 2876 2767 consubstantiali
2928 2714 3206 2771 homiliam
3265 2730 3453 2775 contra

1884 2813 2410 2878 Anomozosbabuit,
2466 2825 2523 2869 ut
2556 2817 2756 2872 indicat
2797 2819 2910 2886 ipse
2958 2836 3108 2874 num.
3160 2822 3216 2887 2,
3267 2825 3455 2890 paucis

1883 2915 2074 2968 diebus
2099 2924 2384 2984 postquam
2407 2916 2474 2972 de
2502 2920 2690 2974 eodem
2722 2932 3043 2989 argumento
3094 2927 3451 2980 coneionatm

1882 3026 2016 3080 erat,
2045 3017 2261 3072 ineunte
2296 3020 2547 3075 videlicet
2583 3038 2726 3076 anno
2770 3024 2894 3090 587,
2925 3035 2978 3079 et
3033 3038 3294 3096 quantum
3325 3045 3454 3083 con-

1880 3119 2084 3188 jectare
2110 3121 2255 3188 licet,
2276 3123 2460 3192 quinta
2491 3123 2729 3180 Januarii
2757 3129 2864 3192 die,
2901 3147 3008 3199 qua
3036 3133 3306 3188 circenses
3341 3136 3454 3189 ludi

1883 3224 2316 3279 celebrabantur.
2344 3225 2416 3278 Ea
2446 3242 2610 3296 porro
2657 3245 2800 3284 anno
2829 3233 2931 3286 587
2955 3234 3142 3289 incidit
3182 3237 3233 3289 in
3268 3237 3452 3291 Domi-

1883 3327 2086 3381 nicam.

1954 3429 2048 3485 Die
2077 3434 2346 3500 sequenti,
2404 3445 2464 3489 ut
2524 3437 2829 3493 confutaret
2866 3440 3185 3504 Anommos,
3241 3445 3332 3512 qui
3384 3460 3446 3500 ex

1883 3533 2140 3602 petitione
2164 3538 2396 3623 liliorum
2420 3539 2663 3596 Zebedzei
2683 3551 2736 3595 et
2758 3558 2823 3596 ex
2849 3547 3203 3614 responsione
3224 3548 3450 3615 Christi,

1885 3638 2078 3694 Sedere
2110 3651 2286 3695 autem
2323 3645 2390 3696 ad
2415 3645 2686 3699 dexteram
2718 3647 2796 3701 vel
2827 3649 3100 3703 sinistram
3127 3669 3314 3717 meam,
3349 3671 3452 3707 non

1883 3753 1959 3796 cst
2015 3761 2185 3798 meum
2215 3748 2342 3801 dare
2388 3749 2552 3813 vobis,
2589 3755 2933 3820 oppugnandi
2987 3771 3174 3808 ansam
3220 3758 3452 3824 arripie-

1884 3846 2033 3908 bant,
2084 3864 2201 3900 eam
2266 3851 2454 3903 habuit
2511 3853 2786 3907 liomiliam
2815 3897 2830 3921 ,
2872 3872 2993 3925 qua:
3038 3860 3354 3912 memoratis
3389 3861 3454 3913 de

1887 3952 2070 4004 causis
2119 3961 2304 4005 octava
2344 3955 2676 4010 inscribitur.
2715 3957 3008 4029 Utramque
3041 3977 3168 4015 vero
3204 3962 3450 4016 Latinam

1888 4049 2014 4103 fecit
2051 4050 2252 4106 Fronto
2283 4055 2540 4121 Ducasus,
2608 4067 2666 4114 ut
2693 4075 2792 4114 nos
2824 4062 3169 4129 paucissimis
3225 4066 3451 4122 mutatis

1886 4154 2119 4210 edimus.

199 4622 308 4687 Εἰς
361 4619 468 4672 τὸν
523 4613 819 4689 μακάριον
876 4624 1224 4692 Φιλογόνιον
1277 4624 1600 4692 γενόμενον
1635 4621 1753 4677 ἀπὸ
1791 4622 2110 4694 δικολόγον
2149 4623 2506 4688 ἐπίσκοπον,
2555 4626 2653 4679 καὶ
2711 4627 2802 4681 ὅτι
2848 4628 2955 4682 τοῦ
3005 4633 3285 4698 προνοεῖν
3329 4631 3438 4687 τῶ»

267 4710 444 4780 κοινῆ
477 4714 906 4780 συμφερόντων
931 4712 1112 4766 οὐδὲν
1148 4714 1287 4767 ισον
1317 4717 1403 4780 είς
1440 4713 1834 4782 εὐδοκίμησιν
1855 4717 2015 4783 παρὰ
2038 4714 2119 4781 τῷ
2148 4714 2291 4780 Θεῷ,
2333 4715 2433 4768 καὶ
2470 4715 2558 4768 ὅτι
2581 4717 2648 4770 τὸ
2671 4719 2952 4787 ῥᾳθύμως
2988 4723 3298 4788 προσιέναι
3323 4722 3450 4790 τοῖς

269 4804 449 4869 θείοις
468 4805 824 4872 μυστηρίοις
851 4805 1108 4860 κόλασιν
1136 4807 1438 4874 ἀφόρητον
1459 4805 1602 4875 ἔχει,
1635 4805 1750 4858 κᾶν
1781 4805 1944 4872 ἅπαξ
1978 4808 2084 4862 τοῦ
2114 4807 2395 4862 ἐνιαυτοῦ
2419 4808 2596 4862 τοῦτο
2626 4809 3039 4880 τολμήσωμεν.
3089 4813 3340 4885 Ἑλέχθη
3378 4812 3450 4868 δὲ
3481 4861 3485 4863 .

269 4894 384 4962 πρὸ
414 4894 591 4948 πέντε
627 4895 864 4965 ἡμερῶν
902 4895 1011 4964 τῆς
1037 4897 1296 4963 Χριστοῦ
1329 4900 1688 4968 γεννήσεως.

789 5171 980 5239 Λόγος
1018 5169 1208 5236 ἕκτος.

272 5264 344 5310 α’.
383 5257 524 5325 Ἐγὼ
545 5259 644 5328 μὲν
665 5259 757 5312 καὶ
778 5261 1016 5332 τήμερον
1033 5261 1525 5333 παρεσκευαζόμην
1548 5263 1682 5332 πρὸς
1701 5263 1771 5318 τά

194 5341 305 5393 τῶν
331 5341 628 5410 αἱρετικῶν
656 5342 1010 5412 παλαίσματα
1041 5343 1432 5406 ἀποδύσασθαι,
1463 5344 1556 5397 καὶ
1582 5345 1641 5397 τὸ
1664 5347 1770 5399 λει-

198 5425 432 5494 πόμενον
479 5424 606 5493 ὑμῖν
652 5426 944 5480 ἀποδοῦναι
999 5427 1094 5479 τοῦ
1144 5429 1365 5498 χρέους·
1415 5426 1549 5491 ἀλλ’,
1597 5429 1630 5498 ἡ
1674 5429 1770 5481 τοῦ

198 5506 468 5578 μακαρίου
493 5507 800 5576 Φιλογονίου
835 5511 1038 5582 ἡμέρα,
1069 5505 1130 5564 οὐ
1169 5511 1265 5581 τὴν
1312 5511 1504 5582 ἑορτὴν
1561 5511 1768 5582 ἄγομεν

196 5589 312 5652 νῦν,
346 5589 483 5660 πρὸς
512 5589 611 5660 τὴν
639 5590 748 5643 τῶν
795 5593 1002 5646 ἐκείνου
1049 5593 1484 5665 κατορθωμάτων
1521 5593 1770 5664 διήγησιν

196 5673 294 5743 τὴν
315 5671 560 5740 γλῶτταν
597 5674 745 5747 1495]
778 5676 934 5745 ἡμῶν
963 5677 1209 5731 ἐκάλεσε.
1245 5677 1354 5730 Καὶ
1379 5676 1462 5730 δεῖ
1489 5677 1768 5732 πείθεσθαι

198 5759 434 5821 πάντως.
478 5755 543 5812 El
573 5757 682 5834 γὰρ
709 5760 738 5811 ό
771 5760 1079 5830 κακολογῶν
1116 5759 1382 5831 πατέραῆ
1419 5761 1627 5834 μητέρα
1673 5760 1768 5816 θα-

1876 5178 2021 5248 νάτῳ
2049 5177 2295 5248 τελευτᾷ,
2331 5175 2551 5249 εὔδηλον
2586 5177 2667 5230 ὅτι
2696 5178 2725 5230 ὸ
2757 5174 2996 5245 εὐλογῶν
3037 5173 3184 5246 ζωῆς
3210 5169 3451 5230 ἀπολαύω

1879 5277 2029 5314 σεται
2054 5260 2291 5325 πάντως,
2327 5261 2421 5314 καὶ
2447 5263 2496 5314 εί
2525 5261 2653 5324 τοὺς
2689 5261 2953 5328 φυσικοὺς
2987 5262 3164 5328 γονεῖς
3185 5258 3453 5330 τοσαύτης

1877 5346 2007 5415 παρ’
2047 5344 2204 5416 ἡμῶν
2250 5345 2548 5399 ἀπολαύειν
2594 5344 2809 5408 εὐνοίας
2862 5344 2992 5416 χρὴ,
3030 5342 3210 5414 πολλῷ
3253 5344 3456 5414 μᾶλλον

1875 5429 2001 5490 τοὺς
2053 5431 2482 5499 πνευματικῶς,
2536 5429 2631 5484 καὶ
2690 5428 2924 5498 μάλιστα
2983 5428 3113 5480 ὅταν
3174 5429 3301 5492 τοὺς
3353 5427 3454 5498 μὲν

1877 5515 2292 5582 κατοιχομένους
2327 5515 2356 5566 ὁ
2393 5513 2614 5576 ἔπαινος
2654 5512 2820 5584 μηδὲν
2860 5514 2986 5582 ποιῇ
3018 5511 3454 5582 λαμπροτέρους,

1873 5595 1998 5657 τοὺς
2023 5593 2078 5647 δὲ
2105 5595 2383 5658 συνιόντας
2423 5597 2570 5666 ἡμᾶς
2612 5596 2706 5648 καὶ
2734 5594 2863 5657 τοὺς
2893 5593 3151 5660 λέγοντας
3195 5595 3287 5647 καὶ
3327 5595 3456 5660 τοὺς

1875 5675 2171 5740 ἀκούοντας
2215 5677 2456 5747 βελτίους
2502 5677 2822 5748 ἐργάζηται.
2885 5675 2943 5728 '0
2975 5677 3074 5746 μὲν
3107 5678 3216 5746 γὰρ
3247 5679 3326 5741 είς
3360 5679 3454 5731 τὸν

1875 5759 2100 5831 οὐρανὸν
2155 5760 2381 5826 ἀναϐὰς,
2433 5761 2584 5817 οὐδὲν
2633 5760 2698 5815 ἂν
2741 5759 2912 5814 δέοιτο
2964 5760 3063 5830 τῆς
3113 5762 3453 5834 ἀνθρωπίνης
