3854 6222
184 233 292 290 749
1339 237 1426 292 nr.
1465 237 1689 295 ΒΕΑτο
1727 237 2157 300 PlltLOCONlO.
2203 246 2289 300 vi.
3337 262 3444 318 ἰδῃ

175 359 331 414 gates
373 355 482 402 tum
527 346 615 417 qui
659 348 940 418 loquimur,
982 357 1091 403 tum
1133 350 1219 420 qui
1257 351 1530 417 audimus,
1575 352 1760 406 reddat

175 441 451 494 meliores.
485 440 614 494 Nam
639 441 724 494 ille
744 441 957 511 quidem
981 442 1265 497 subvectus
1295 443 1348 497 in
1377 443 1564 499 caelum
1594 444 1764 498 haud-

174 545 614 600 quaquamcgcrc
637 540 808 598 potest
833 531 1076 586 humanis
1105 533 1348 588 laudibus
1377 533 1442 588 ad
1471 532 1758 590 feliciorem

174 631 374 674 sortem
408 623 672 689 profectus
705 639 718 674 :
751 637 846 674 nos
875 638 1006 676 vero
1042 624 1130 692 qui
1170 623 1423 678 hactenus
1462 623 1548 678 hic
1577 639 1759 678 versa-

173 729 282 770 tnut
317 755 331 778 ,
381 715 647 783 multaque
693 730 827 782 opus
870 715 1124 770 habemus
1166 715 1566 782 exhortatione,
1617 717 1760 771 illius

1877 355 2076 411 fructus
2115 360 2332 428 spiritus
2376 363 2588 427 caritas,
2631 367 2906 438 gaudium,
2948 372 3175 440 bonitas,
3225 392 3343 444 pax,
3385 394 3446 432 ac

1869 449 2219 503 mansuetudo
2249 465 2451 506 summa
2479 456 2732 512 exuberat
2760 463 2928 528 copia.
2969 463 3083 518 Non
3112 470 3290 522 ovium
3317 485 3442 538 gre-

1864 550 1978 606 ges,
2011 555 2115 593 non
2139 539 2296 594 boum
2325 555 2584 608 armenta,
2617 549 2708 602 sed
2738 551 2952 618 spiritus
2976 554 3238 622 jnstorum
3272 561 3442 628 perfe-

1865 635 2070 682 cturum
2092 671 2105 692 ,
2137 633 2430 687 animarum
2464 637 2684 692 virtutes
2707 681 2720 702 ,
2751 647 2980 712 vita'que
3017 656 3158 700 recta
3189 648 3318 703 facta
3347 666 3443 721 per

1863 731 2049 772 omnes
2074 721 2234 774 eteius
2254 723 2435 779 videre
2459 726 2598 782 licet.
2631 729 2742 783 Non
2767 743 2940 787 vestes
2963 745 3049 789 aut
3079 739 3324 805 amictus,
3349 743 3442 796 sed

171 818 396 871 egemus
433 805 708 865 cncomiis,
737 821 842 873 quo
871 806 1111 860 videlicet
1152 806 1216 860 ad
1254 807 1371 874 ejus
1411 807 1755 860 imitationem

173 897 487 948 excitemur.
519 895 852 965 Quapropter
875 897 1087 964 sapiens
1116 897 1327 965 quidam
1357 899 1597 950 hortatur
1619 937 1634 960 ,
1676 897 1757 950 di-

169 1001 301 1040 cens
332 1003 344 1037 :
378 985 625 1039 Memoria
654 987 784 1054 justi
812 1003 922 1039 cum
951 987 1181 1041 laudibus
1211 987 1388 1054 (Prov.
1419 989 1502 1044 10.
1535 989 1612 1059 7).
1641 989 1754 1042 Non

167 1077 319 1145 quasi
349 1077 420 1130 illi
447 1078 535 1145 qui
561 1076 924 1142 decesserunt,
955 1077 1048 1132 sed
1089 1077 1122 1131 ii
1160 1080 1335 1148 potius
1359 1079 1447 1146 qui
1469 1094 1560 1132 eos
1581 1079 1752 1132 laudi-

169 1168 272 1220 bus
316 1176 545 1233 ornant,
602 1169 884 1222 maximam
939 1169 1060 1222 inde
1109 1171 1400 1239 percipiant
1448 1171 1748 1224 utilitatem.

166 1260 430 1322 Quoniam
455 1259 610 1328 igitur
636 1259 732 1313 hac
759 1277 821 1314 ex
852 1276 908 1314 re
937 1271 1134 1314 tantmn
1168 1262 1319 1316 nobis
1351 1263 1554 1316 lucrum
1583 1263 1753 1318 obve-

168 1354 266 1414 nit,
301 1350 750 1419 obtemperemus,
783 1370 954 1421 neque
984 1370 1310 1410 recusemus.
1344 1355 1471 1408 Nam
1498 1367 1551 1410 et
1579 1357 1748 1425 ipsum

168 1453 378 1510 tempus
427 1443 546 1496 huic
602 1445 888 1497 narrationi
942 1446 1201 1514 congruit.
1269 1447 1540 1516 Siquidem
1593 1448 1750 1504 hodie

165 1531 354 1583 beatus
399 1532 486 1584 ille
529 1532 593 1584 ad
642 1534 975 1598 tranquillam
1005 1535 1283 1604 omnisque
1314 1537 1626 1590 turbationis
1656 1554 1749 1591 cx-

163 1634 368 1690 pertem
392 1623 552 1676 vitam
587 1625 869 1677 translatus
895 1633 996 1685 est.
1027 1642 1194 1694 coqtte
1221 1628 1481 1696 navigium
1510 1629 1744 1696 appulit,

161 1717 247 1768 ubi
289 1717 543 1784 deinceps
583 1733 688 1769 non
734 1719 927 1784 poterit
965 1731 1201 1772 metuere
1246 1719 1603 1788 naufragium,
1647 1736 1747 1776 nec

159 1810 322 1861 ullam
355 1810 513 1862 animi
540 1808 890 1874 dejectionem
918 1820 1006 1864 aut
1029 1811 1286 1864 dolorem.
1320 1811 1386 1864 Et
1407 1812 1530 1881 quid
1552 1814 1744 1866 mirum

156 1909 261 1957 est.
309 1899 353 1951 si
399 1901 543 1952 locus
587 1901 674 1953 ille
721 1917 880 1968 purus
910 1912 990 1955 est
1017 1902 1084 1954 ab
1111 1903 1254 1955 omni
1286 1904 1526 1956 molestia
1555 1904 1772 1969 animi,-

156 2009 278 2043 cum
309 1993 502 2045 Paulus
533 1993 834 2048 hominibus
861 1994 1034 2046 adhuc
1072 1994 1122 2046 in
1163 1994 1260 2048 hac
1293 1995 1394 2048 vita
1432 1995 1742 2064 degentibus

157 2084 384 2151 loquens
411 2085 549 2137 dicat
575 2103 586 2136 :
614 2085 824 2154 Semper
848 2086 1078 2156 gaudete,
1099 2087 1205 2140 sine
1225 2086 1587 2141 intermissione
1605 2097 1745 2142 orate

155 2176 234 2242 (Ι.
268 2173 444 2229 Thess.
473 2176 807 2241 5.16.17)?

229 2267 394 2328 Quam
431 2276 629 2333 praestet
667 2269 766 2319 vita
804 2271 977 2338 futura
1011 2269 1262 2338 pruenti.
1284 2299 1351 2309 —
1382 2269 1530 2338 Quod
1558 2271 1602 2325 si
1633 2270 1738 2335 hic,

157 2355 245 2412 ubi
273 2356 463 2421 morbi,
508 2357 594 2409 ubi
640 2358 1033 2426 insectationes,
1086 2360 1170 2413 tibi
1218 2369 1548 2429 prmmaturaa
1595 2375 1742 2414 mor-

154 2463 268 2518 tes,
314 2454 401 2508 ubi
444 2454 742 2518 calumnia},
787 2451 874 2506 ubi
921 2453 1150 2514 invidia),
1189 2451 1278 2506 ubi
1326 2466 1605 2516 mmrores,
1650 2451 1740 2506 tibi

155 2547 285 2607 iras,
345 2545 433 2600 ubi
495 2545 851 2614 copiditatcs,
899 2544 986 2598 tibi
1031 2542 1442 2599 innumerabiles
1496 2543 1738 2609 insidi:e,

153 2636 244 2689 ubi
291 2635 610 2703 quotidiame
650 2633 1056 2696 sollicitudines,
1102 2635 1192 2688 ubi
1235 2644 1486 2704 perpetua
1536 2633 1740 2702 sibique

152 2724 474 2779 cohavrentia
497 2723 630 2778 mala
653 2733 796 2789 sunt,
822 2725 1130 2780 innumeros
1157 2741 1221 2779 ex
1249 2726 1392 2779 omni
1422 2734 1570 2794 parte
1589 2725 1742 2780 dolo-

153 2831 245 2869 res
268 2815 559 2880 affercntia,
584 2813 776 2868 Paulus
802 2815 932 2869 dixit
979 2816 1090 2869 fieri
1119 2831 1273 2883 posse
1293 2825 1348 2869 ttt
1377 2831 1592 2884 semper
1614 2831 1742 2886 gau-

152 2906 407 2969 deamus,
459 2907 502 2958 si
550 2908 668 2973 quis
713 2906 979 2974 paululum
1021 2921 1085 2961 ex
1133 2921 1308 2960 rerum
1355 2907 1738 2961 utundanarum

154 2997 404 3052 fluctibus
442 2999 673 3053 erexerit
715 3010 871 3067 caput
892 3041 906 3062 ,
939 2999 1203 3068 vitamque
1232 3014 1380 3053 suam
1415 3009 1560 3053 recte
1586 3015 1736 3052 com-

153 3088 390 3156 posuerit
423 3089 630 3142 :multo
663 3089 829 3158 tuagis
871 3098 1145 3158 postquam
1193 3088 1316 3143 hinc
1357 3089 1738 3156 demigraveri-

151 3193 272 3231 mus
299 3179 448 3234 facile
469 3189 740 3247 compotes
770 3179 966 3233 erimus
989 3179 1102 3246 ejus
1123 3179 1265 3242 boni,
1285 3195 1404 3232 cum
1428 3179 1539 3232 hrec
1560 3183 1734 3233 omnia

150 3269 361 3322 sublata
407 3266 623 3330 fuerint,
670 3269 890 3322 adversa
934 3269 1196 3332 valetudo,
1251 3269 1439 3328 tnorbi.
1486 3271 1736 3337 peccandi

150 3360 395 3420 tuateria,
427 3359 512 3412 tibi
547 3375 650 3412 tlott
689 3373 764 3412 ρει
814 3375 987 3412 meum
1033 3375 1095 3414 ac
1138 3369 1302 3424 tuum,
1339 3359 1581 3430 frigidum
1610 3361 1736 3414 illttd

149 3450 462 3514 verbttm,ct
481 3450 728 3518 quidquid
751 3461 829 3503 est
853 3451 1106 3503 malorum
1138 3450 1188 3503 itt
1218 3451 1375 3504 vitam
1409 3463 1641 3504 nostram
1667 3453 1740 3505 in-

148 3543 372 3605 vehens,
391 3541 769 3609 innunteraque
790 3543 1006 3611 gignens
1029 3542 1185 3594 bella.
1203 3542 1554 3608 Quamobrem
1575 3543 1743 3596 maxi-

150 3648 370 3700 tnopere
415 3634 650 3701 gra'ulor
695 3633 848 3702 hujus
891 3633 1054 3687 sancti
1087 3634 1355 3700 felicitati,
1383 3637 1522 3704 quod
1553 3651 1737 3704 quam-

151 3741 312 3794 quam
339 3726 620 3779 translatus
648 3735 749 3789 est,
777 3738 937 3794 atque
957 3726 1222 3781 civitatem
1247 3737 1480 3782 nostram
1503 3729 1733 3798 reliquit,

151 3826 328 3870 tamen
370 3817 420 3869 in
457 3816 675 3870 alteram
727 3819 935 3870 transiit
971 3817 1260 3881 civitatem,
1307 3834 1494 3888 nempe
1529 3820 1642 3884 Dei,
1673 3835 1736 3874 ac

151 3907 424 3976 digressus
459 3907 525 3959 ab
558 3907 657 3961 hac
697 3908 930 3961 ['chlcsia
954 3908 1018 3960 ad
1044 3909 1184 3962 illam
1213 3911 1482 3977 pervenit,
1509 3925 1628 3979 quae
1653 3919 1737 3964 est

151 3999 622 4066 pritnogenitorum
670 4000 1054 4067 tit‘SCi'lpUll‘Ul“
1103 3999 1155 4052 in
1199 3999 1378 4062 caelis,
1427 4014 1491 4052 ac
1538 3999 1735 4054 relictis

153 4091 302 4144 hisce
321 4091 466 4144 festis
484 4091 686 4143 transiit
709 4078 1152 4144 ad'cclebritatem
1170 4090 1493 4159 angelorum.
1526 4090 1732 4143 Etenim

150 4182 292 4249 (μιοά
337 4191 392 4233 et
431 4197 657 4248 superne
697 4183 762 4233 sit
805 4181 1023 4245 civitas,
1058 4181 1312 4243 Ecclesia,
1343 4195 1404 4234 ac
1429 4181 1728 4243 celebritas,

150 4271 272 4324 audi
324 4272 539 4324 Paulum
588 4273 849 4324 dicentem
884 4272 1209 4325 :Accessislis
1245 4272 1312 4324 ad
1350 4273 1595 4324 civitatem
1640 4270 1734 4324 Dei

153 4361 378 4421 rireutis,
403 4362 470 4412 ad
488 4361 856 4429 Jerosolymam
878 4361 1138 4427 cwlestem,
1167 4370 1213 4414 et
1246 4360 1520 4414 Ecclesium
1546 4361 1735 4429 primo-

151 4452 431 4519 genuorum
470 4451 829 4520 descriptornm
873 4451 924 4502 in
965 4451 1130 4513 cwlis,
1160 4460 1205 4503 et
1229 4451 1296 4503 ad
1322 4449 1731 4504 innumerabilem

152 4541 444 4608 angelorum
477 4542 806 4609 frequentior»
830 4540 1012 4609 (flebr.
1037 4540 1123 4593 12.
1149 4540 1236 4593 22.
1268 4539 1379 4610 25).
1421 4539 1532 4593 Non
1561 4540 1729 4593 solum

150 4641 329 4683 autem
368 4632 437 4682 ob
475 4631 862 4684 multitudinem
893 4630 1146 4684 virtutum
1192 4631 1479 4684 caelestium
1501 4672 1515 4694 ,
1549 4646 1730 4684 verum

149 4720 310 4773 etiam
340 4719 409 4772 ob
437 4719 807 4774 abundantiam
839 4721 1094 4773 honorum
1116 4762 1130 4783 ,
1167 4735 1229 4774 ac
1257 4720 1381 4789 juge
1404 4721 1650 4788 gaudium
1680 4729 1734 4774 et

153 4810 414 4872 lzetitiam,
451 4811 776 4880 paucgyrim,
820 4811 920 4864 hoc
964 4822 1065 4873 cst,
1110 4810 1455 4879 frequentiam
1501 4811 1731 4879 appellat

152 4909 315 4952 totam
348 4901 488 4954 illam
519 4901 700 4953 vitam.
747 4901 852 4955 Nec
881 4901 1021 4954 enim
1049 4901 1188 4954 aliud
1222 4901 1526 4973 panegyrim
1558 4905 1730 4959 lacere

148 4992 310 5056 solet,
358 5007 514 5060 quam
560 4993 906 5047 multitudinis
947 5003 1136 5057 coetus,
1182 4996 1433 5049 mercium
1466 4999 1728 5052 venalium

146 5082 326 5151 c0pia,
361 5097 481 5136 cum
523 5083 776 5147 triticum,
805 5083 1084 5146 hordeum,
1117 5094 1170 5138 et
1198 5085 1493 5155 omnigena:
1521 5086 1728 5157 frugum

146 5172 377 5241 species,
401 5173 577 5226 ovium
603 5187 810 5243 greges,
835 5174 992 5229 boum
1019 5184 1276 5239 armenta,
1301 5185 1492 5240 vestes,
1525 5177 1730 5247 aliaque

146 5263 198 5318 id
228 5278 396 5332 genus
426 5263 646 5332 plurima
677 5264 1057 5332 importantnr,
1091 5266 1208 5320 aliis
1246 5266 1458 5334 quidem
1489 5269 1726 5323 venden-

147 5356 312 5421 tibus,
339 5355 454 5410 aliis
487 5371 614 5410 vero
639 5354 954 5411 ementibus.
1003 5357 1105 5412 Sed
1144 5358 1267 5427 quid
1309 5359 1505 5427 inquis,
1541 5359 1726 5414 harum

147 5460 329 5499 rerum
359 5453 441 5500 est
470 5444 522 5497 in
551 5445 740 5498 cadis?
785 5445 982 5498 llorum
1020 5446 1230 5513 quidem
1271 5447 1435 5512 nihil,
1475 5448 1568 5502 sed
1608 5458 1729 5504 sunt

145 5537 233 5592 his
261 5537 427 5592 multo
453 5537 806 5607 prteclariora.
848 5537 962 5590 Non
1003 5537 1144 5592 cnim
1180 5538 1284 5593 illic
1320 5549 1443 5593 sunt
1473 5540 1723 5605 triticunt,

147 5628 436 5695 hordeum,
481 5644 538 5683 ac
578 5628 783 5696 frugum
817 5627 970 5683 taria'
1002 5629 1237 5699 species,
1268 5631 1358 5686 scd
1389 5631 1494 5688 illic
1535 5629 1726 5701 ubique

1860 819 2086 864 coronas
2111 815 2296 881 quovis
2323 829 2454 870 auro
2489 820 2856 886 pretiosiores,
2894 833 3003 879 tum
3046 827 3244 892 brahia,
3270 841 3443 886 certa-

1863 901 2062 954 minum
2093 904 2328 970 pnemia,
2357 907 2564 976 aliaque
2607 910 2880 967 innumera
2922 917 3057 970 bona
3102 921 3331 987 reposita
3379 923 3441 977 iis

1858 994 1946 1062 qtti
1975 1004 2120 1049 recte
2149 994 2412 1053 fecerint:
2442 999 2506 1053 ad
2545 1000 2656 1056 haec
2700 1003 2768 1057 ibi
2814 1015 2896 1059 est
2941 1006 3250 1077 frequentia,
3286 1012 3440 1082 longe

1858 1089 1968 1136 tum
2001 1085 2285 1153 copiosior,
2316 1096 2423 1142 tum
2456 1089 2782 1147 honoratior.
2829 1094 3008 1164 Neque
3050 1099 3188 1152 enim
3232 1111 3440 1157 constat

1857 1189 1922 1228 ex
1956 1175 2086 1230 viris
2124 1179 2339 1232 urbanis
2378 1181 2776 1254 indigi-nisque,
2825 1187 2916 1240 sed
2948 1187 3033 1243 ltic
3062 1200 3183 1244 sunt
3217 1194 3434 1263 angelo-

1856 1281 1972 1319 rum
2001 1267 2199 1320 infinita
2228 1269 2388 1323 tnillia
2410 1313 2423 1333 ,
2455 1272 2558 1326 illic
2585 1275 2745 1327 multa
2777 1276 2934 1330 millia
2959 1279 3393 1350 archangelum—nt
3415 1325 3434 1351 ,

1853 1357 1979 1410 alibi
2018 1358 2260 1414 sodalitia
2301 1363 2711 1431 prophetarum,
2753 1367 2874 1420 alibi
2922 1379 3212 1440 martyrum
3259 1373 3430 1439 chori,

1853 1454 2213 1521 apostolorum
2239 1456 2472 1522 ordines,
2495 1459 2648 1513 cunei
2671 1459 2954 1528 justorum,
2979 1465 3319 1534 omniumque
3344 1468 3436 1535 qui

1856 1541 1966 1596 Deo
2003 1541 2314 1613 placuerunt
2351 1546 2480 1600 varii
2524 1558 2713 1603 cattus.
2755 1549 3000 1606 Profecto
3029 1553 3265 1609 miranda
3291 1571 3436 1625 qua:-

1851 1634 1972 1688 dam
2014 1637 2295 1707 panegyris
2322 1648 2404 1692 est
2436 1653 2450 1692 :
2478 1639 2723 1710 quodque
2750 1643 2919 1711 majus
2946 1652 3027 1698 est
3053 1646 3302 1700 omnibus
3327 1690 3341 1709 ,
3383 1648 3433 1700 in

1850 1725 2023 1780 media
2047 1725 2340 1797 frequentia
2363 1741 2604 1784 versatur
2625 1730 2810 1786 horum
2827 1735 3061 1788 omnium
3083 1751 3194 1790 rex.
3223 1737 3432 1793 Etenim

1850 1817 1936 1868 ubi
1965 1816 2204 1883 dixisset,
2228 1819 2305 1871 Ad
2325 1819 2758 1875 innutnerabilium
2775 1824 3065 1893 angelorum
3081 1827 3426 1895 frequentiam,

1849 1905 2097 1974 subjecit,
2125 1918 2173 1960 et
2197 1909 2265 1961 ad
2283 1909 2509 1979 judicent
2547 1911 2887 1966 universorum
2915 1913 3078 1969 Deum
3116 1916 3134 1985 (
3159 1915 3312 1970 Hebr.
3342 1919 3427 1973 l2.

1845 1994 1972 2066 25).
2022 1997 2150 2064 Quis
2196 2015 2443 2068 umquam
2471 2001 2596 2055 vidit
2643 2001 2694 2056 itt
2741 2005 3046 2074 panegyrim
3077 2007 3424 2076 prodeuntem

1848 2103 2027 2159 regem
2054 2089 2077 2142 ?
2125 2090 2220 2145 llic
2260 2091 2472 2161 quidem
2514 2108 2669 2147 nemo
2700 2094 2845 2159 vidit,
2878 2096 2984 2151 illic
3009 2107 3182 2153 autem
3213 2100 3300 2168 qui
3327 2101 3421 2154 ad-

1847 2190 1971 2235 sunt
1982 2181 2733 2254 perpetuetvident,quatenus
2763 2187 2908 2241 illum
2935 2189 3114 2244 videre
3145 2191 3285 2255 licet,
3314 2207 3423 2247 non

1845 2271 2016 2325 solum
2047 2283 2384 2341 prtesentetn,
2408 2289 2590 2329 verum
2616 2277 2776 2330 etiam
2801 2292 2911 2332 sua:
2934 2279 3117 2349 gloria:
3137 2282 3420 2350 Splendnrc

1843 2362 2288 2418 condecorantem
2313 2365 2620 2421 universum
2650 2377 2868 2423 coetum.
2899 2370 2966 2424 Et
2993 2381 3189 2426 nostra:
3209 2374 3423 2444 quidem

1844 2452 2179 2507 celebritates
2207 2455 2304 2508 sub
2335 2455 2609 2510 nteridicm
2640 2459 2948 2529 plerumque.
2973 2461 3252 2517 solvuntur
3273 2506 3289 2530 ,
3337 2465 3421 2518 illa

1843 2559 1972 2598 vero
2001 2559 2104 2598 non
2137 2545 2281 2599 item.
2310 2545 2489 2616 Neque
2515 2547 2655 2601 enim
2679 2551 2936 2604 mensium
2967 2551 3018 2605 in
3039 2552 3220 2607 orbent
3246 2569 3426 2608 recur-

1842 2647 1952 2699 sus,
1982 2649 2154 2703 neque
2181 2650 2439 2689 annorum
2467 2637 2718 2691 circuitus
2740 2679 2756 2705 ,
2797 2654 2968 2709 neque
3001 2639 3207 2696 dierum
3235 2659 3420 2698 nume-

1843 2740 1960 2778 rum
2001 2734 2272 2794 exspectat
2320 2743 2333 2778 :
2375 2727 2467 2779 sed
2512 2735 2612 2780 Stat
2658 2738 2944 2798 perpetuo,
2997 2730 3239 2801 illiusque
3283 2733 3417 2785 bona

1848 2814 1994 2867 nullo
2023 2814 2249 2868 termino
2276 2815 2608 2877 clauduntur,
2643 2816 2798 2869 finem
2832 2833 2934 2870 non
2963 2817 3176 2884 habent,
3211 2835 3307 2874 nec
3336 2837 3423 2875 se-

1846 2919 2087 2968 nescere,
2119 2919 2216 2959 nec
2238 2919 2566 2959 marcescere
2601 2916 2837 2972 possunt,
2869 2907 2959 2960 sed
2987 2919 3108 2961 sunt
3132 2918 3239 2962 tum
3267 2911 3422 2976 senii,

1847 3003 1959 3048 tum
1997 2995 2184 3047 mortis
2213 2995 2466 3063 expertia.
2513 2995 2696 3047 Nullus
2722 2996 2826 3049 illic
2855 2998 3105 3051 tumultus
3125 3039 3140 3061 ,
3169 3000 3424 3068 quemad-

1849 3085 2065 3138 modum
2111 3083 2225 3147 hic,
2259 3084 2397 3137 nulla
2431 3084 2676 3148 turbatio,
2709 3085 2802 3138 sed
2832 3086 3015 3155 ingens
3041 3087 3276 3142 omnium
3303 3104 3423 3142 cum

1846 3176 2035 3228 ordine
2062 3176 2376 3243 compositio
2395 3216 2410 3238 ,
2444 3175 2578 3228 haud
2609 3191 2764 3229 secus
2792 3186 2950 3246 atque
2988 3179 3038 3231 in
3067 3178 3267 3233 cithara
3297 3197 3419 3248 qua.

1845 3267 2024 3334 piam,
2069 3267 2541 3319 modulatissimum
2584 3279 2896 3322 concentum
2929 3279 2982 3324 et
3008 3272 3191 3340 quavis
3225 3274 3422 3328 musica

1844 3359 2142 3412 suaviorem
2185 3358 2516 3411 reddentium
2561 3360 2832 3428 utriusque
2876 3372 3132 3415 creatura:
3175 3363 3420 3430 Domino,

1841 3445 1965 3499 dum
1992 3445 2167 3499 anima
2191 3445 2299 3498 illic
2327 3446 2467 3499 velut
2491 3448 2541 3500 in
2568 3449 2732 3502 sacris
2751 3448 2950 3524 adytis,
2981 3449 3274 3520 divinisque
3303 3469 3419 3523 my-

1841 3542 2019 3596 steriis
2039 3583 2053 3604 ,
2083 3541 2379 3594 divinorum
2411 3557 2722 3595 arcanorum
2760 3543 3170 3598 celebrationem
3199 3548 3416 3615 peragit.

1907 3633 1962 3686 2.
1992 3633 2068 3685 Ad
2103 3633 2238 3686 hanc
2265 3632 2470 3686 beatam
2497 3645 2549 3687 et
2578 3635 2708 3688 senii
2734 3645 3003 3704 expertem
3034 3646 3228 3690 sortem
3260 3638 3416 3693 hodie

1840 3725 2048 3778 transiit
2069 3724 2255 3778 beatus
2283 3723 2638 3792 Philogonius.
2671 3726 2922 3790 Quamam
2951 3726 3108 3796 igitur
3125 3729 3296 3780 oratio
3323 3745 3420 3797 par

1836 3817 1906 3869 sit
1945 3815 2080 3879 viro,
2125 3831 2281 3883 quem
2329 3815 2467 3869 Dens
2505 3825 2608 3868 tam
2651 3815 2788 3870 felici
2829 3827 2974 3873 sorte
3013 3819 3255 3886 dignatus
3299 3822 3420 3874 est?

1835 3905 2008 3960 Nulla.
2037 3906 2140 3960 Sed
2168 3921 2284 3973 age,
2315 3905 2399 3959 dic
2438 3906 2584 3968 mihi,
2618 3923 2744 3960 num
2775 3907 2968 3962 idcirco
2995 3909 3309 3962 silebimus?
3353 3911 3417 3964 Et

1835 3997 1986 4066 cujus
2029 3997 2105 4050 rei
2149 3998 2314 4066 gratia
2353 3996 2736 4050 convenimus?
2780 3998 2859 4050 An
2889 3999 3126 4053 dicemus
3156 4015 3252 4052 nos
3277 3999 3420 4054 haud

1837 4100 1993 4154 posse
2041 4085 2451 4153 magnitudinem
2502 4093 2769 4153 ge~torum
2822 4088 3060 4141 oratione
3117 4089 3418 4158 consequi?

1835 4175 1992 4244 Atqui
2015 4176 2084 4228 ob
2104 4176 2204 4229 hoc
2230 4176 2396 4244 ipsum
2424 4191 2641 4228 necesse
2661 4186 2742 4230 est
2767 4177 2962 4240 dicere,
2981 4179 3412 4249 quandoquidem

1837 4266 1950 4320 ltznc
1973 4274 2054 4320 est
2083 4265 2341 4334 prmcipua
2364 4266 2574 4319 laudum
2597 4267 2734 4321 illius
2755 4283 2894 4336 pars,
2919 4269 3058 4338 quod
3085 4272 3231 4324 factis
3251 4273 3411 4326 verba

1835 4356 2146 4424 a'quiparari
2175 4371 2279 4410 non
2308 4356 2528 4425 possint.
2569 4357 2698 4410 Nam
2739 4372 2962 4426 quorum
2991 4369 3135 4428 gesta
3169 4370 3412 4416 naturam

1834 4447 1992 4500 etiam
2037 4455 2289 4515 superant
2331 4447 2640 4511 mortalem,
2687 4449 3018 4516 perspicuum
3061 4459 3172 4514 est,
3223 4454 3409 4505 horum

1834 4537 2016 4591 laudes
2047 4537 2308 4592 excedere
2337 4537 2566 4605 linguam
2600 4537 2903 4592 humanam.
2955 4540 3100 4593 Haud
3139 4551 3310 4596 tamen
3339 4545 3409 4595 ob

1836 4629 1887 4682 id
1915 4630 2285 4698 aspernabitur
2308 4628 2542 4683 officium
2575 4639 2834 4693 nustrunt,
2864 4631 2957 4684 sed
2987 4646 3138 4684 suum
3178 4633 3406 4687 imitabi-

1835 4727 1919 4772 tur
1961 4719 2235 4773 hominum
2271 4737 2284 4772 :
2323 4719 2580 4789 siquidem
2623 4729 2676 4774 et
2719 4720 2807 4774 ille
2847 4719 3014 4773 vidua:
3043 4721 3176 4775 duos
3207 4733 3405 4778 tantum

1833 4808 2018 4863 obolos
2042 4807 2328 4877 dejicicnti,
2359 4824 2464 4862 non
2495 4818 2694 4864 tantum
2715 4810 2940 4864 duorum
2966 4811 3240 4867 obolorum
3269 4831 3408 4869 tuer-

1832 4900 2014 4956 cedem
2043 4901 2288 4955 reddidit.
2330 4901 2434 4955 Cur
2474 4902 2541 4955 ita
2584 4903 2828 4957 laudent?
2869 4905 3125 4970 Quoniam
3157 4921 3260 4959 noa
3289 4924 3408 4978 per-

1833 4991 2094 5060 pendebat
2121 4991 2356 5059 pecunia:
2382 4991 2616 5057 modum,
2641 4991 2733 5046 sed
2763 4992 2922 5046 animi
2947 4994 3174 5049 divitias.
3205 4997 3334 5051 Nam
3363 5001 3406 5052 si

1833 5081 2072 5152 pecunia:
2100 5080 2315 5134 modum
2343 5081 2610 5149 expendas
2630 5123 2644 5144 ,
2673 5097 2858 5151 magna
2898 5094 3178 5152 paupertas
3214 5094 3297 5140 est
3327 5105 3338 5139 :
3363 5089 3408 5140 si

1833 5173 2152 5227 voluntatem
2180 5171 2434 5240 explices,
2458 5171 2772 5226 ineffabilem
2800 5173 3000 5230 videbis
3021 5175 3216 5230 excelsi
3244 5178 3405 5231 animi

1832 5266 2158 5320 thesaurum.
2183 5263 2410 5318 Proinde
2433 5264 2671 5332 quamvis
2699 5273 2892 5319 nostra:
2914 5266 3182 5322 facultates
3203 5269 3410 5338 exigunt

1831 5357 1935 5410 sint
1961 5355 2270 5423 minimique
2296 5354 2480 5423 pretii,
2510 5362 2740 5410 attamen
2771 5370 2888 5424 quae
2917 5370 3196 5424 possumus
3223 5356 3402 5412 offert-

1832 5463 1965 5501 mus.
2015 5447 2085 5500 Et
2130 5446 2255 5500 licet
2302 5461 2405 5499 non
2458 5445 2813 5514 respondeant
2855 5447 3198 5516 magnitudini
3243 5448 3407 5504 animi

1832 5536 2070 5606 praeclari
2115 5535 2347 5606 juslique
2392 5535 2681 5605 Philogonii
2707 5576 2721 5602 ,
2768 5544 2940 5590 tamen
2972 5537 3070 5591 hoc
3094 5538 3260 5605 ipsum
3291 5554 3402 5591 ma~

1834 5627 2188 5702 gnanituitatis
2214 5628 2350 5684 illius
2373 5626 2654 5682 maximum
2684 5628 2830 5682 fuerit
2860 5640 3245 5697 atgumentutn,
3264 5629 3401 5697 quod
