3854 6222
443 202 537 258 751
1175 197 1234 255 S.
1273 193 1552 254 JOANNIS
1576 192 2049 252 CHRYSOSTOMI
2091 193 2409 253 ARClilEP.
2447 197 2997 257 CONSTANTINOP.

439 333 538 372 nec
567 315 754 388 pusilla
783 313 1028 385 repellat,
1053 312 1148 368 sed
1177 313 1314 367 idem
1343 313 1498 367 faciat
1526 310 1665 380 quod
1693 310 1870 365 solent
1890 309 2022 364 divi-

443 421 540 466 tes.
578 408 848 480 Siquidem
888 408 964 462 illi
998 423 1119 462 eum
1145 405 1447 475 acceperint
1486 419 1517 459 a
1561 405 1804 459 tenuibus
1830 404 2019 473 exigua

438 501 630 571 quibus
670 516 775 554 non
816 506 996 568 egent,
1025 514 1118 552 sua
1158 496 1390 551 vicissim
1431 504 1722 564 apponunt.
1771 509 2020 548 remune-

440 603 617 648 rantes
659 606 774 656 eos,
810 591 898 659 qui
936 588 1077 658 quod
1115 595 1360 657 poterant
1399 587 1686 641 obtulerint
1715 603 1729 640 :
1761 584 1942 638 itidem
1969 591 2024 638 et

443 683 527 738 hic
567 699 688 738 cum
730 683 996 752 acceperit
1032 697 1062 734 a
1111 681 1264 734 nobis
1304 678 1532 744 laudem,
1555 693 1659 748 qua
1689 691 2021 746 nequaquam

439 786 574 845 eget,
591 773 865 828 redonabit
885 772 1038 827 nobis
1060 787 1151 840 per
1171 772 1280 840 ipsa
1305 769 1438 825 facta
1455 769 1899 834 benedictionem,
1917 783 2022 838 qua

438 880 650 933 semper
676 864 990 934 indigemus.
1025 862 1171 918 Unde
1195 863 1352 932 igitur
1379 861 1586 915 laudem
1618 861 1756 914 illius
1780 860 2025 928 auspica-

440 955 653 1009 himur‘!
701 955 782 1008 An
828 968 859 1007 a
905 954 1236 1023 magistratu,
1262 967 1418 1022 quem
1447 951 1676 1018 Spiritus
1704 950 1779 1003 illi
1808 949 2025 1004 tradidit

437 1047 640 1116 gratia?
669 1045 800 1100 Nam
825 1045 1076 1099 mundani
1099 1045 1434 1114 magistratus
1451 1058 1778 1112 nequaquam
1801 1049 2024 1111 possunt

438 1155 644 1202 eorum,
692 1138 885 1206 quibus
927 1136 1115 1192 crediti
1160 1145 1320 1202 sunt,
1357 1135 1723 1190 demonstrare
1752 1134 1972 1188 virtutes
2005 1150 2020 1187 :

439 1229 565 1297 quin
595 1227 768 1296 potius
801 1225 1108 1296 frequenter
1139 1225 1332 1280 habent
1368 1227 1756 1280 accusationem
1786 1223 2022 1277 malitim.

440 1317 649 1382 Quare?
678 1317 936 1382 Quoniam
965 1325 1020 1370 et
1049 1316 1336 1384 patrocinia
1366 1316 1679 1381 amicorum,
1712 1323 1765 1369 et
1789 1315 2021 1369 circum-

356 1397 360 1404 ’
442 1408 772 1461 οιιτδιιιὶοιιεε
807 1414 862 1462 et
902 1407 1264 1469 adulationes,
1292 1406 1499 1475 aliaque
1526 1404 1782 1474 permulta
1819 1404 1902 1458 bis
1929 1403 2028 1458 fte-

443 1496 592 1550 diora
621 1496 749 1550 tales
777 1496 1112 1564 magistratus
1134 1495 1306 1548 solent
1325 1494 1607 1548 conciliare
1627 1511 1640 1546 :
1663 1502 1910 1548 cmtcrum
1937 1493 2026 1548 ubi

447 1590 585 1643 Deus
623 1603 722 1643 suo
763 1588 1014 1657 suli'ragio
1043 1589 1327 1658 designarit
1345 1589 1598 1656 aliquem,
1622 1587 1814 1654 illaque
1840 1601 2028 1640 manus

443 1688 683 1732 sant-tum
713 1679 992 1748 contigerit
1043 1688 1234 1748 caput.
1279 1679 1641 1746 incorruptum
1694 1675 2025 1746 suffragium,

446 1769 678 1822 alienum
703 1783 734 1822 a
756 1768 1056 1837 suspicione
1079 1768 1354 1836 judicium,
1386 1767 1678 1821 indubitata
1700 1765 1858 1820 fuerit
1877 1765 2028 1820 dele-

442 1858 512 1912 cti
535 1857 896 1928 comprobatio
920 1867 1138 1926 propter
1161 1857 1274 1926 ejus
1294 1857 1383 1926 qui
1413 1856 1608 1926 delegit
1633 1857 2024 1910 auctoritatem.

516 1947 849 2018 Pliilogonius
867 1949 1168 2017 conjugatus
1190 1950 1358 2018 forum
1378 1945 1678 2013 sectabatur,
1699 1957 1869 2015 postea
1894 1945 2025 2012 Epi.

443 2054 622 2106 scapus
649 2039 811 2109 [actus
836 2046 928 2090 est.
951 2067 1020 2076 —-
1047 2037 1213 2090 l'orro
1243 2035 1384 2106 quod
1422 2036 1645 2104 elegerit
1671 2036 1818 2090 illum
1847 2037 1984 2089 Deus
2008 2075 2026 2100 ,

442 2130 527 2184 vel
550 2145 614 2182 ex
644 2129 753 2197 ipsa
783 2144 990 2182 murum
1024 2128 1320 2194 integritate
1351 2128 1685 2196 perspicuum
1709 2135 1810 2189 est,
1833 2126 2027 2196 quippe

442 2235 597 2288 quem
621 2233 685 2272 ex
719 2218 894 2272 medio
923 2221 1200 2286 abreptum
1229 2217 1345 2272 faro
1371 2217 1435 2270 ad
1467 2216 1713 2271 thronum
1741 2217 1882 2270 hunc
1906 2232 2027 2271 cve-

445 2311 581 2364 xcrit
607 2327 621 2364 :
650 2309 783 2364 adeo
807 2321 1007 2365 castam
1039 2320 1092 2364 et
1117 2311 1373 2378 insignem
1404 2310 1548 2378 prius
1574 2311 1679 2378 egit
1703 2309 1885 2374 vitam,
1904 2325 2025 2363 cum

442 2415 660 2452 uxorem
691 2398 908 2453 haberet
936 2414 998 2453 ac
1030 2399 1187 2452 filiam
1219 2407 1273 2453 et
1297 2399 1348 2452 in
1376 2398 1488 2452 foro
1515 2406 1815 2452 versaretur
1848 2415 1861 2452 :
1892 2397 2028 2453 adeo

441 2490 607 2544 solem
638 2490 809 2558 ipsum
837 2491 1121 2558 splendore
1159 2489 1318 2555 vicit,
1347 2497 1406 2542 ut
1448 2489 1688 2557 protinus
1717 2488 1818 2542 hoc
1856 2488 2027 2559 magis

439 2589 608 2632 stratu
629 2579 819 2649 dignus
843 2580 1136 2644 videretur,
1166 2589 1221 2634 et
1243 2596 1272 2634 a
1293 2579 1613 2648 judiciorum
1644 2580 1659 2609 ¹
1690 2579 1934 2633 tribunali
1961 2577 2027 2632 ad

440 2683 648 2722 sacrum
671 2670 898 2724 tribunal
916 2680 1131 2724 evectus
1150 2671 1238 2724 sit.
1265 2672 1340 2723 Ac
1363 2678 1470 2723 tum
1491 2668 1702 2738 quidem
1724 2670 2028 2725 hominibus

441 2761 874 2832 patrocinabatur
902 2763 1154 2816 adversus
1179 2762 1443 2829 homines,
1468 2762 1558 2831 qui
1586 2762 1862 2816 struebant
1891 2763 2023 2816 insi-

435 2856 572 2919 dias,
604 2867 698 2911 eos
723 2854 810 2922 qui
838 2854 1203 2909 afliciebantur
1227 2856 1438 2925 injuria,
1466 2856 1768 2926 superiores
1795 2855 2026 2910 reddens

437 2947 522 3012 iis,
551 2949 637 3016 qui
667 2944 908 3014 injuriam
937 2944 1233 3000 inferebant
1260 2962 1274 3001 :
1299 2945 1386 3000 hic
1413 2954 1590 3000 autem
1615 2947 1768 3000 adest
1791 2946 2022 3001 homini-

437 3039 534 3093 bus
554 3039 898 3110 patrocinans
919 3038 1175 3092 adversus
1199 3038 1468 3093 dwmones
1491 3039 1820 3094 invadentes.
1845 3040 2024 3105 Quan-

437 3141 547 3186 tum
577 3139 751 3184 autem
779 3126 848 3185 sit
879 3128 1087 3196 pietatis
1117 3139 1510 3198 argumentum,
1540 3128 1682 3198 quod
1714 3129 1850 3182 Deus
1878 3130 2025 3184 illum

347 3269 353 3274 .
436 3231 580 3276 tanto
601 3221 908 3289 magistratu
924 3219 1138 3289 dignum
1153 3220 1420 3287 judiCarit,
1443 3219 1586 3285 audi,
1609 3220 1855 3274 Christus
1871 3222 2017 3275 exci-

437 3322 576 3366 tatus
600 3329 630 3366 a
653 3321 844 3377 morte,
877 3311 1004 3379 quid
1028 3311 1155 3364 dicit
1178 3311 1369 3364 Petro?
1398 3311 1682 3379 Postquam
1707 3311 1849 3364 enim
1873 3311 2021 3365 illum

436 3405 833 3474 interrogasset,
857 3403 1026 3468 Petre,
1047 3419 1188 3455 amas
1210 3419 1288 3456 me
1304 3401 1484 3470 (Joan.
1501 3402 1592 3456 21.
1616 3402 1740 3472 16)?
1759 3404 1907 3472 isque
1921 3418 2027 3458 res-

436 3495 730 3564 p0ndissct:
755 3493 850 3557 Tu,
866 3483 1202 3556 Domine,scis
1221 3491 1355 3562 quod
1369 3508 1484 3546 amo
1503 3501 1577 3547 te:
1596 3507 1701 3546 non
1719 3493 1850 3546 dixit
1866 3493 2022 3545 Chri-

435 3585 743 3654 stus,abjice
757 3586 1028 3654 pecunias,
1041 3583 1296 3654 jejunium
1311 3598 1524 3649 exerce,
1539 3599 1747 3638 macera
1768 3593 1818 3638 te
1833 3583 2020 3637 labori-

437 3675 560 3741 bus,
585 3683 822 3730 mortuos
847 3676 1038 3740 excita,
1061 3675 1331 3728 dmmones
1345 3675 1498 3744 abige
1514 3715 1529 3739 ,
1550 3675 1676 3728 nihil
1695 3675 1774 3728 vel
1803 3674 2018 3739 horum,

436 3767 522 3820 vel
538 3766 760 3819 aliorum
777 3766 1150 3820 miraculorum
1170 3776 1418 3834 recteque
1439 3766 1695 3819 factorum
1720 3767 1770 3818 in
1791 3766 2021 3819 medimn

435 3856 672 3921 adduxit,
708 3857 801 3912 sed
830 3858 1077 3911 omnibus
1107 3858 1206 3910 illis
1238 3857 1611 3926 prmtermissis
1640 3857 1769 3911 dicit
1806 3857 1880 3910 illi
1914 3873 1927 3909 :
1962 3857 2025 3910 Si

435 3949 603 4020 diligis
635 3965 742 4015 me,
774 3966 920 4018 pasce
957 3965 1070 4002 oves
1108 3965 1263 4002 meas.
1300 3947 1414 4002 Hoc
1452 3956 1630 4002 autem
1671 3947 1881 4002 dicebat
1915 3961 2020 4000 non

435 4041 606 4095 solum
622 4048 679 4094 ut
696 4039 850 4094 nobis
865 4039 1162 4093 certissime
1179 4038 1496 4104 declararet,
1510 4046 1838 4108 quantopere
1853 4038 2021 4106 ipsum

434 4129 677 4200 diligeret
701 4130 889 4184 Petrus
913 4146 927 4181 :
956 4145 1140 4182 verum
1162 4130 1320 4183 etiam
1343 4138 1402 4182 ut
1429 4144 1581 4183 suum
1597 4144 1719 4197 erga
1744 4141 1867 4180 suas
1892 4140 2020 4180 oves

435 4237 671 4276 amorem
700 4219 1041 4284 ostenderet,
1077 4220 1366 4273 maximum
1395 4219 1701 4288 exemplum
1745 4218 2020 4288 proposuit

439 4313 578 4370 Petri
605 4328 729 4382 erga
753 4313 926 4382 ipsum
952 4313 1166 4376 amoris,
1198 4320 1398 4364 tantum
1426 4325 1531 4365 non
1556 4311 1738 4366 dicens
1772 4330 1784 4366 :
1815 4312 1914 4379 Qui
1936 4309 2021 4367 di-

438 4406 549 4475 ligit
576 4419 704 4459 oves
743 4418 888 4458 meas
909 4444 925 4468 ,
956 4419 1043 4458 me
1083 4403 1271 4472 diligit.
1304 4402 1437 4458 Vide
1480 4403 1636 4472 igitur
1665 4421 1822 4473 quam
1855 4407 2018 4461 multa

436 4505 652 4564 propter
683 4493 824 4549 hunc
853 4508 1068 4563 gregem
1118 4508 1304 4562 passus
1343 4495 1412 4548 sit
1448 4493 1708 4548 Christus.
1738 4494 1909 4549 Homo
1945 4496 2021 4551 fa-

434 4596 554 4641 ctus
575 4596 676 4650 est,
696 4586 834 4640 servi
860 4586 1085 4639 formam
1110 4585 1415 4653 assumpsit,
1430 4593 1717 4654 conspntus
1730 4596 1828 4651 est,
1852 4587 2021 4656 alapis

435 4694 604 4733 census
629 4688 745 4744 est,
786 4686 1056 4747 postremo
1101 4693 1169 4731 ne
1210 4687 1436 4732 mortem
1466 4678 1676 4747 quidem
1717 4683 2016 4747 recusavit,

435 4783 658 4836 eamque
680 4768 1263 4834 ignominiosissimam;
1295 4767 1557 4838 siquidem
1586 4767 1636 4822 in
1662 4783 1819 4823 cruce
1843 4770 2016 4838 ipsum

433 4857 591 4910 etiam
623 4857 932 4926 sanguinem
979 4858 1182 4912 eﬂ'udit.
1215 4857 1396 4928 Itaque
1436 4858 1482 4912 si
1527 4859 1644 4926 quis
1671 4860 1900 4915 voluerit
1941 4861 2019 4916 illi

434 4946 835 5000 cuuunendatus
863 4960 1004 5012 esse,
1031 4962 1212 5001 curam
1238 4947 1429 5002 habeat
1451 4949 1629 5003 ovium
1663 4949 1821 5012 illius,
1847 4951 2018 5020 publi~~

433 5053 548 5091 eam
581 5045 785 5107 quierat
826 5038 1146 5104 utilitatem,
1179 5039 1400 5094 fratrum
1443 5055 1660 5096 suorum
1699 5043 1855 5097 saluti
1895 5058 2019 5113 pro-

435 5128 622 5196 spiciat
649 5143 662 5180 :
692 5127 892 5182 nullum
937 5128 1080 5182 enim
1122 5128 1354 5184 officium
1395 5130 1498 5184 hoc
1538 5131 1649 5186 Deo
1678 5133 1852 5187 carius
1894 5143 2016 5188 est:

435 5216 556 5272 ideo
582 5217 707 5271 alibi
745 5217 873 5272 dicit
901 5235 916 5273 :
947 5217 1128 5274 Simon
1150 5259 1166 5283 ,
1197 5219 1408 5286 Simon,
1437 5223 1668 5292 expetivit
1695 5223 1936 5288 Satanas,
1966 5234 2020 5279 ut

431 5309 670 5361 cribrarct
697 5319 743 5362 te
767 5319 1022 5379 tamquam
1042 5310 1261 5364 triticum
1284 5350 1300 5376 ,
1329 5311 1418 5364 sed
1441 5329 1532 5383 ego
1559 5313 1732 5382 rogavi
1756 5330 1846 5381 pro
1875 5325 1940 5377 te,
1964 5323 2021 5368 ut

435 5415 533 5452 non
561 5399 762 5467 deﬁciat
789 5400 915 5468 ﬁdes
940 5409 1028 5453 tua
1076 5398 1240 5470 (Luc.
1280 5401 1372 5454 22.
1406 5403 1493 5457 51.
1525 5402 1658 5474 52).
1686 5405 1834 5471 Quod
1864 5406 2021 5475 igitur

442 5489 598 5560 hujus
616 5490 990 5546 sollicitudinis
1013 5507 1260 5561 curaeque
1282 5495 1555 5562 praamium
1584 5495 1711 5553 mihi
1735 5498 1978 5569 rependis
1997 5499 2022 5553 2

507 5603 526 5633 ί
561 5607 612 5651 In
635 5599 884 5668 detisque
900 5611 1007 5654 Mss.
1030 5603 1193 5667 deest,
1204 5603 1524 5668 iudiciorum.

2125 310 2232 364 Sed
2253 327 2408 378 quam
2431 313 2598 382 poscit
2618 315 2878 383 gratiam?
2899 315 3148 370 Eamdem
3171 331 3370 382 curam,
3391 334 3558 386 quam
3577 321 3726 375 nobis

2127 400 2382 471 impendit
2413 407 2664 472 reposcit.
2696 405 2825 460 Nam
2857 417 2904 460 et
2940 416 2993 460 tu
3012 448 3028 471 ,
3063 407 3268 477 inquit,
3296 409 3586 478 aliquando
3611 427 3726 464 con-

2126 505 2296 544 versus
2320 533 2335 558 ,
2363 494 2610 560 conﬁrma
2647 497 2830 565 fratres
2859 505 2992 550 tuos.
3024 496 3114 551 Sic
3139 507 3193 550 ct
3218 497 3414 552 Paulus
3441 499 3521 553 ait
3553 517 3568 551 :
3599 498 3724 553 Imi-

2126 591 2311 636 tatorcs
2336 584 2431 637 mei
2476 593 2628 638 estote
2657 586 2786 639 sicut
2816 597 2863 639 et
2899 602 2992 657 ego
3019 586 3204 641 Christi
3231 591 3247 657 (
3271 589 3323 642 l.
3354 587 3476 643 Cor.
3508 589 3570 644 ι.
3606 590 3722 657 16).

2125 671 2403 739 Quomodo
2440 674 2610 730 factus
2647 691 2710 730 es
2746 675 2942 732 Christi
2990 678 3260 732 imitator?
3297 679 3572 734 Omnibus
3639 697 3728 749 per

2125 765 2301 818 omnia
2321 765 2557 834 placens,
2573 783 2676 820 non
2698 784 2943 838 quazrens
2961 786 3134 824 meam
3154 771 3454 832 utilitatem.
3472 773 3577 827 sed
3599 775 3729 826 mul-
3812 783 3813 788 ‘

2128 867 2324 921 torum,
2349 865 2405 910 ut
2425 859 2556 911 salvi
2579 858 2786 912 fierent.
2813 859 3016 914 Rursus
3041 860 3150 914 alio
3176 862 3293 915 luco
3316 862 3452 916 dicit
3475 880 3489 915 :
3519 861 3729 916 E:euim

2129 943 2356 999 Christus
2379 963 2477 1000 non
2499 947 2592 1000 sibi
2615 949 2711 1017 ipsi
2739 950 2949 1017 placuit,
2973 951 3059 1004 scd
3086 953 3254 1005 multis
3279 953 3297 1024 (
3318 953 3467 1007 Rom.
3498 955 3594 1007 15.
3617 957 3688 1024 3)
3714 974 3727 1008 :

2129 1054 2301 1108 neque
2331 1055 2548 1108 prorsus
2579 1040 2678 1093 alia
2709 1057 2796 1094 res
2827 1051 2928 1107 est,
2959 1059 3076 1112 qua:
3107 1046 3323 1110 perinde
3356 1046 3609 1100 declaret
3631 1047 3731 1100 do-

2129 1141 2374 1198 ceatque,
2407 1131 2526 1201 quis
2553 1133 2622 1185 sit
2647 1132 2814 1186 fidelis
2839 1143 2892 1187 et
2916 1148 3101 1187 amans
3121 1133 3335 1198 Clu-isti,
3360 1153 3526 1204 quam
3553 1139 3600 1191 si
3625 1139 3730 1190 fia-

2131 1231 2269 1274 trum
2299 1237 2480 1276 curam
2508 1232 2649 1291 agat,
2684 1223 3002 1293 illornmque
3027 1225 3181 1279 saluti
3213 1227 3524 1296 pr05piciat.

2200 1313 2256 1368 5.
2297 1312 2422 1368 llaec
2449 1314 2667 1368 audiant
2696 1323 2750 1369 et
2790 1317 3034 1371 monachi
3074 1333 3261 1373 omnes
3283 1361 3298 1384 ,
3326 1320 3414 1388 qui
3457 1319 3731 1374 montium

2129 1413 2461 1472 occuparunt
2485 1407 2759 1459 cacumina
2776 1447 2792 1473 ,
2821 1407 3015 1476 quique
3042 1408 3214 1462 modis
3239 1411 3485 1465 omnibus
3515 1412 3733 1480 seipsos

2129 1493 2326 1546 mundo
2367 1494 2777 1562 cruciﬁxerunt;
2829 1513 2934 1567 quo
2970 1514 3068 1567 pro
3108 1499 3309 1556 viribus
3358 1501 3732 1555 Ecclesiarnm

2129 1584 2408 1655 pra-fectos
2435 1586 2722 1655 adjuvent,
2755 1599 2810 1644 et
2837 1590 3055 1644 incitent
3082 1593 3360 1659 precibus,
3390 1594 3688 1647 concordia
3713 1637 3730 1658 ,

2133 1677 2379 1742 caritate,
2405 1678 2634 1732 scientes
2659 1679 2800 1748 quod
2831 1682 2881 1734 ni
2912 1681 3084 1735 modis
3120 1683 3365 1738 omnibus
3389 1685 3736 1752 opitulentur

2127 1766 2216 1833 iis,
2238 1767 2328 1836 qui
2361 1777 2438 1822 tot
2475 1769 2722 1837 periculis
2749 1769 3070 1837 objiciuntur
3098 1787 3192 1842 per
3220 1774 3440 1842 gratiam
3471 1775 3592 1840 Dei,
3618 1785 3727 1828 tnt-

2128 1873 2232 1928 que
2269 1860 2598 1928 negotiorum
2629 1875 2786 1914 curas
2814 1861 3081 1916 sustinent
3101 1905 3115 1926 ,
3147 1865 3574 1933 quibuscumque
3605 1883 3736 1934 pns-

2129 1958 2253 2004 sunt
2297 1950 2586 2004 rationibus
2621 1952 2972 2017 auxilientur,
3002 1969 3321 2024 quamquam
3352 1957 3539 2024 procul
3570 1957 3733 2011 habio
3813 1935 3815 2016 ί

2132 2051 2324 2107 tantes,
2351 2051 2401 2096 et
2435 2053 2596 2110 caput
2627 2042 2756 2111 ipsis
2797 2045 3008 2112 peribit.
3052 2054 3106 2099 et
3153 2056 3258 2100 tota
3297 2047 3609 2102 destinetur
3642 2066 3732 2101 sa-

2133 2132 2347 2200 pientia.
2397 2131 2592 2186 Verum
2649 2135 2750 2188 hoc
2794 2151 2913 2188 esse
2957 2136 3241 2190 maximum
3295 2139 3548 2190 amicitia:
3597 2155 3728 2207 erga

2129 2224 2397 2279 Christum
2428 2237 2798 2295 argumentum
2825 2227 2949 2281 hinc
2968 2228 3303 2284 declaratur:
3327 2231 3608 2285 videamus
3635 2248 3727 2283 au-

2132 2332 2237 2378 tem
2296 2326 2563 2394 quomodo
2624 2343 2816 2380 munus
2878 2328 2978 2381 hoc
3037 2327 3270 2395 episc0pi
3312 2326 3724 2380 administrarit.

2130 2416 2265 2482 Quin
2291 2418 2462 2485 potius
2484 2434 2588 2482 pou
2613 2426 2696 2472 est
2723 2433 2858 2486 opus
2885 2419 2971 2472 hic
3003 2419 3239 2486 pluribus
3267 2419 3449 2473 verbis
3473 2431 3571 2473 aut
3596 2436 3724 2474 voce

2129 2517 2307 2559 nostra
2329 2548 2344 2572 ,
2375 2507 2585 2576 quando
2610 2519 2844 2562 vestrum
2874 2508 3106 2563 studium
3153 2510 3252 2563 hoc
3291 2510 3433 2564 ultro
3461 2510 3722 2565 declarat.

2132 2596 2280 2651 Sicut
2302 2598 2442 2650 enim
2463 2599 2654 2667 aliquis
2685 2600 2955 2668 ingressus
2975 2600 3204 2664 vineam,
3229 2601 3470 2670 vitesque
3491 2613 3727 2656 contem-

2132 2687 2305 2755 platus
2330 2688 2591 2756 pampinis
2607 2701 2899 2754 comantes,
2926 2689 3094 2744 fructu
3117 2699 3356 2755 onustas,
3381 2693 3642 2746 maceriis
3665 2709 3724 2746 ac

2129 2779 2294 2846 septis
2312 2779 2542 2849 undique
2555 2782 2804 2844 munitas,
2821 2782 3221 2852 haudquaquam
3239 2782 3508 2837 desiderat
3522 2788 3725 2839 oratio—

2129 2886 2250 2924 nem
2280 2871 2722 2942 cujusquam,qui
2755 2873 3082 2928 demonstret
3114 2875 3350 2927 vinitoris
3381 2875 3724 2942 industriam,

2130 2971 2184 3017 et
2203 2963 2452 3032 agricola:
2480 2965 2726 3018 virtutem
2763 2985 2776 3019 :
2809 2965 2986 3018 itidem
3012 2975 3066 3020 et
3097 2966 3202 3026 hic,
3235 2967 3278 3018 si
3308 2967 3429 3035 quis
3453 2969 3728 3037 ingressus

2128 3055 2418 3124 conspiciat
2445 3057 2578 3110 vites
2606 3058 2926 3125 spirituales.
2957 3065 3298 3127 vestrumque
3331 3059 3568 3115 fructum
3597 3078 3724 3115 cnn-

2131 3151 2441 3218 templetur,
2472 3151 2544 3206 nil
2576 3166 2708 3220 opus
2739 3152 3022 3217 habuerit,
3061 3161 3117 3205 ut
3157 3169 3226 3206 ex
3259 3153 3582 3223 cujusquam
3612 3171 3726 3209 ura-

2133 3241 2274 3293 tiunc
2308 3241 2497 3304 discat,
2543 3244 2714 3312 qualis
2759 3244 2830 3296 sit
2869 3254 3050 3297 vester
3085 3243 3426 3312 przepositus.
3476 3244 3634 3298 Sicut
3675 3256 3726 3299 et

2128 3331 2324 3386 Paulus
2349 3333 2532 3386 scribit
2564 3350 2577 3385 :
2617 3332 2845 3401 Epistola
2887 3350 2997 3386 mea
3033 3348 3119 3386 vos
3154 3333 3300 3398 estis,
3334 3350 3453 3402 qua:
3480 3337 3725 3403 inscripta

2129 3432 2218 3486 est,
2249 3433 2295 3477 et
2324 3425 2504 3494 legitur
2533 3424 2618 3495 (2.
2645 3425 2762 3478 Cor.
2790 3427 2842 3480 5.
2873 3425 2960 3497 ‘2).
2993 3425 3211 3480 Fluvius
3243 3427 3422 3495 arguit
3457 3429 3634 3495 qualis
3659 3429 3725 3480 sit

2131 3515 2282 3580 fons,
2311 3525 2365 3568 et
2397 3515 2600 3569 fructus
2645 3516 2843 3570 indicat
2888 3517 3059 3586 qualis
3100 3519 3169 3570 sit
3213 3517 3387 3570 radix.
3426 3517 3724 3571 Dicendum

2131 3607 2288 3676 igitur
2308 3617 2423 3661 erat
2450 3617 2503 3661 ct
2527 3618 2733 3677 tempus
2761 3624 2867 3677 quo
2892 3608 3242 3678 principatum
3269 3609 3411 3662 lumc
3437 3611 3680 3679 suscepit
3707 3627 3722 3662 :

2130 3716 2302 3768 neque
2346 3699 2486 3754 cuitu
2527 3699 2641 3752 hasc
2680 3700 2896 3753 minima
2948 3716 3068 3769 pars
3111 3700 3339 3754 encomii
3383 3699 3590 3764 fuerit,
3635 3700 3722 3755 sed

2130 3790 2305 3858 magni
2354 3790 2607 3843 momenti
2653 3789 2718 3843 ad
2763 3789 3135 3844 declarandam
3184 3789 3413 3844 hominis
3446 3791 3720 3846 virtutem.

2130 3879 2233 3932 lies
2269 3890 2376 3933 tum
2407 3890 2522 3934 erat
2561 3881 2740 3934 multa)
2770 3880 3092 3935 difficultatis
3119 3896 3240 3935 cum
3271 3897 3444 3949 nuper
3469 3892 3622 3936 esset
3644 3898 3726 3936 se-

2127 3969 2247 4022 data
2281 3972 2621 4038 persequutio
2645 4010 2659 4033 ,
2694 3971 3025 4025 manentibus
3069 3973 3356 4026 etiamnum
3385 3975 3724 4042 gravissima!

2127 4062 2455 4129 tempestatis
2488 4063 2626 4116 illius
2656 4063 2910 4132 reliquiis,
2936 4079 3162 4132 cumque
3201 4066 3406 4133 negotia
3438 4065 3724 4132 plurimam

2126 4153 2491 4206 desiderarent
2515 4155 2924 4208 correctionem.
2971 4155 3062 4209 llis
3102 4157 3320 4224 insuper
3355 4157 3490 4211 illud
3526 4159 3726 4227 adjun-

2124 4242 2355 4311 gendum
2383 4253 2497 4298 erat
2522 4285 2536 4306 ,
2571 4244 2711 4312 quod
2743 4245 3113 4299 haereticorum
3146 4245 3303 4300 factio
3331 4247 3433 4301 sub
3465 4248 3560 4301 illo
3603 4259 3722 4302 nata

2129 4335 2395 4402 negotium
2413 4336 2672 4403 exhibuit,
2689 4337 2830 4392 illius
2849 4339 3103 4406 sapientia
3122 4348 3310 4392 cuncta
3329 4342 3718 4410 prospiciente.

2126 4424 2322 4480 Verum
2349 4425 2416 4479 ad
2443 4427 2598 4480 aliam
2629 4429 2984 4482 necessariam
3013 4430 3284 4484 materiam
3314 4430 3470 4484 nobis
3506 4431 3723 4486 festinat

2124 4516 2318 4582 oratio,
2349 4531 2520 4587 eoque
2547 4518 2816 4572 communi
2845 4519 3003 4588 patri,
3027 4519 3273 4590 beatique
3299 4520 3608 4591 Philogonii
3633 4539 3722 4577 se-

2124 4608 2312 4663 ctatori
2337 4609 2451 4663 hate
2474 4609 2697 4664 dicenda
2726 4611 3107 4680 relinquentes,
3139 4620 3196 4664 ut
3224 4611 3316 4680 qui
3343 4613 3542 4668 melius
3565 4616 3722 4669 nobis

2126 4708 2304 4754 teneat
2339 4699 2595 4770 quidquid
2631 4709 2716 4756 est
2755 4701 3164 4770 antiquitatum,
3191 4702 3258 4756 ad
3293 4703 3455 4756 aliam
3497 4707 3719 4759 θουρίο-

2126 4790 2286 4845 nandi
2331 4791 2590 4846 rationem
2638 4803 2993 4846 transeamus.
3052 4794 3265 4862 Appetit
3308 4794 3459 4848 enim
3518 4795 3716 4849 festum

2124 4880 2359 4934 omnium
2393 4879 2646 4934 festorum
2691 4881 2922 4936 maxime
2951 4883 3308 4936 venerandum
3341 4887 3717 4939 tremendum-

2124 4987 2228 5042 que
2260 4990 2274 5028 :
2301 4971 2443 5042 quod
2473 4972 2518 5026 si
2547 4972 2667 5042 quis
2693 4972 2923 5041 appellet
2951 4974 3186 5028 omnium
3219 4973 3481 5028 festorum
3520 4987 3719 5030 metro-

2123 5065 2285 5132 polim
2307 5103 2322 5128 ,
2354 5062 2758 5133 haudquaquam
2788 5064 3018 5119 aberret.
3049 5064 3200 5131 Quod
3245 5075 3424 5120 autem
3461 5067 3569 5121 hoc
3596 5067 3718 5122 est?

2121 5153 2319 5208 Christi
2350 5154 2401 5207 in
2427 5169 2588 5208 carne
2611 5153 2830 5208 Natalis.

2194 5245 2272 5301 De
2299 5249 2430 5316 [esto
2460 5244 2754 5300 Nativitatis
2780 5256 2826 5300 et
2854 5246 3157 5318 Epiphania!
3180 5246 3386 5302 Christi.
3408 5279 3487 5290 —-
3505 5250 3593 5305 Ab
3619 5251 3720 5307 hoc

2123 5337 2263 5391 enim
2282 5335 2474 5391 festum
2496 5336 2938 5406 Epiphaniorum,
2956 5353 3020 5392 ac
3040 5353 3252 5393 sacrum
3274 5339 3503 5407 Pascha,
3523 5343 3721 5398 Ascen-

2122 5427 2225 5493 sio,
2256 5437 2311 5482 et
2339 5427 2655 5482 Pentecoste
2681 5428 2939 5498 originem
2969 5444 3032 5484 ac
3059 5429 3461 5485 fundamentum
3490 5433 3718 5489 ducunt.

2122 5517 2235 5572 Nisi
2255 5518 2398 5573 enim
2427 5517 2717 5572 “mundum
2745 5534 2960 5573 carnem
2988 5528 3142 5574 natus
3161 5530 3306 5574 esset
3325 5521 3601 5586 Christus,
3623 5538 3720 5576 ne-

2126 5623 2389 5680 quaquam
2419 5607 2716 5680 baptizatus
2742 5617 2844 5676 est,
2879 5624 2999 5665 nam
3039 5609 3090 5665 id
3118 5606 3314 5667 festum
3339 5609 3724 5688 Theophanh-
