3854 6222
442 268 544 322 755

443 384 510 438 ἂν
532 384 594 438 τὸ
619 383 841 454 Πνεῦμα
866 382 1237 453 κατέπεμψεν,
1258 384 1396 455 ὅπερ
1417 385 1566 438 ἐστὶν
1585 386 1618 456 ἡ
1643 384 2013 454 Πεντηκοστή,

440 465 606 522 Ὥστε
654 467 922 532 ἐντεῦθεν,
964 466 1153 538 ὥσπερ
1197 467 1306 520 ἀπό
1344 484 1489 531 τινος
1533 469 1741 540 πηγῆς,
1788 465 2024 536 ποταμοὶ

442 552 684 622 διάφοροι
702 552 941 619 ῥυέντες,
962 543 1124 604 αὗται
1159 550 1457 621 ἐτέχθησαν
1490 553 1622 622 ἡμῖν
1645 553 1701 604 αἱ
1723 549 1928 621 ἑορταί.
1949 548 2025 602 Οὐ

443 633 584 688 κατά
608 634 765 687 τοῦτο
806 633 863 686 δὲ
892 634 1051 703 μόνον
1075 633 1259 688 δικαία
1281 634 1486 705 ταύτης
1517 636 1584 688 ἂν
1623 634 1708 705 είη
1746 634 1847 704 τῆς
1889 648 2027 702 προ-

441 716 628 788 ιδρίας
646 728 672 757 ι
686 714 977 768 ἀπολαύειν
1000 717 1033 785 ή
1055 714 1163 785 ήμέ
1172 732 1259 785 ρα,
1273 716 1387 769 ἀλλ’
1404 718 1485 770 ὅτι
1506 717 1682 770 καὶτὸ
1701 718 1757 769 ἐν
1777 716 1913 786 αὐτῇ
1935 731 2027 784 γε-

443 800 668 869 νόμενον
682 798 789 851 τῶν
808 797 981 852 ἄλλων
1006 798 1262 852 ἁπάντων
1284 799 1419 852 πολὺ
1440 799 1774 870 φρικωδέστε
1783 799 1872 869 ρόν
1888 801 2025 852 ἐστι.

445 882 519 933 Τὸ
546 881 644 950 μὲν
672 880 780 952 γὰρ
803 879 1094 951 ἄνθρωπον
1121 881 1414 952 γενόμενον
1443 881 1535 935 τὸν
1564 881 1798 951 Χριστὸν
1819 880 2029 935 ἀποθα-

444 966 576 1028 νεῖν,
599 964 698 1033 τῆς
723 963 1042 1026 ἀκολουθίας
1078 962 1264 1017 λοιπὸν
1285 959 1354 1034 ἦν
1371 979 1385 993 ·
1425 965 1475 1016 εί
1499 964 1606 1035 γὰρ
1630 964 1726 1016 καὶ
1755 964 2031 1035 ἁμαρτίαν

443 1049 542 1101 οὐκ
566 1047 840 1117 ἐποίησεν,
862 1046 998 1100 ἀλλά
1023 1046 1214 1117 θνητὸν
1245 1047 1405 1117 σῶμα
1435 1046 1666 1101 ἀνέλαϐε
1687 1064 1701 1078 ·
1727 1048 1821 1100 καὶ
1840 1042 1908 1117 ἦν
1934 1047 2033 1117 μὲν

446 1132 542 1185 καὶ
564 1130 724 1185 τοῦτο
752 1129 1063 1201 θαυμαστόν
1083 1147 1095 1159 ·
1130 1128 1191 1182 τὸ
1220 1129 1276 1182 δέ
1307 1129 1442 1183 Θεὸν
1466 1130 1614 1193 ὄντα,
1640 1129 1923 1202 ἄνθρωπον
1944 1129 2033 1183 θε-

444 1214 608 1282 λῆσαι
640 1212 894 1280 γενέσθαι
921 1212 1016 1265 καὶ
1046 1210 1379 1281 ἀνασχέσθαι
1415 1212 1721 1281 καταϐῆναι
1751 1209 2030 1277 τοσοῦτον,

447 1297 571 1349 ὅσον
593 1295 713 1348 ούδέ
730 1295 940 1349 διάνοια
955 1293 1209 1359 δέξασθαι
1232 1294 1477 1359 δύναται,
1500 1294 1660 1348 τοῦτό
1687 1296 1803 1348 ἐστι
1824 1293 1889 1346 τὸ
1910 1310 2033 1363 φρι-

451 1378 789 1431 κωδέστατον
822 1379 917 1431 καὶ
946 1375 1259 1448 ἐκπλήξεως
1286 1377 1474 1447 γέμον.
1515 1379 1579 1430 Ὃ
1611 1376 1676 1447 δὴ
1706 1377 1800 1430 καὶ
1822 1376 2034 1441 Παῦλος

450 1461 745 1531 θαυμάζων
769 1460 953 1530 ἔλεγεν
968 1477 980 1489 ·
1003 1460 1109 1515 Καὶ
1129 1459 1618 1528 ὁμολογουμένως
1638 1459 1792 1529 μέγα
1812 1460 1943 1513 ἐστὶ
1964 1460 2035 1514 τὸ

449 1543 563 1613 τῆς
592 1545 905 1607 εὐσεϐείας
930 1542 1289 1612 μυστήριον.
1320 1543 1478 1595 Ποῖον
1504 1542 1678 1612 μέγα;
1707 1545 1854 1609 Θεὸς
1885 1543 2032 1612 ἐφα-

449 1627 674 1695 νερώθη
703 1628 772 1679 ἐν
808 1626 1008 1695 σαρκί.
1040 1626 1149 1678 Καὶ
1178 1624 1339 1676 πάλιν
1368 1623 1603 1695 ἀλλαχοῦ
1626 1642 1640 1656 ο
1674 1627 1757 1679 Οὐ
1789 1625 1897 1695 γὰρ
1932 1625 2037 1695 ἀγ-

450 1711 644 1780 γέλων·
681 1706 1143 1778 ἐπιλαμϐάνεται
1194 1709 1227 1761 ό
1272 1706 1437 1773 Θεὸς,
1488 1705 1649 1761 ἀλλὰ
1691 1706 2037 1775 σπέρματος

464 1790 713 1860 Ἀϐραὰμ
736 1789 1198 1860 ἐπιλαμϐάνεται
1220 1803 1238 1821 ο
1266 1789 1405 1842 ὅθεν
1432 1789 1649 1858 ὤφειλε
1676 1790 1826 1844 κατὰ
1841 1790 2039 1844 πάντα

451 1874 577 1941 τοῖς
616 1872 901 1942 ἀδελφοῖς
927 1871 1304 1941 ὁμοιωθῆναι.
1341 1872 1441 1926 Διά
1470 1871 1627 1925 τοῦτο
1662 1872 1901 1943 μάλιστα
1932 1873 2034 1926 ἀσ-

455 1959 698 2028 πάζομαι
722 1956 821 2026 τὴν
847 1954 1061 2025 ἡμέραν
1085 1954 1290 2024 ταύτην
1317 1955 1413 2007 καὶ
1437 1954 1598 2023 φιλῶ,
1626 1953 1720 2008 καὶ
1748 1955 1840 2008 τὸν
1857 1955 2034 2026 ἔρωτα

455 2042 534 2102 εἰς
566 2038 729 2110 μέσον
758 2035 1078 2107 προτίθημι,
1109 2036 1197 2091 ἵνα
1227 2037 1517 2100 κοινωνοὺς
1546 2037 1691 2107 ὑμᾶς
1713 2038 1923 2109 ποιήσω
1943 2036 2035 2091 τοῦ

456 2123 713 2193 φίλτρου·
744 2121 831 2174 διὰ
860 2118 1019 2173 τοῦτο
1062 2118 1254 2189 δέομαι
1300 2118 1521 2172 πάντων
1572 2118 1725 2190 ὑμῶν
1766 2120 1863 2174 καὶ
1891 2121 2041 2173 ἀντι-

454 2204 600 2258 ϐολῶ
647 2202 783 2276 μετά
815 2202 993 2270 πάσης
1028 2201 1264 2270 σπουδῆς
1303 2201 1400 2254 καὶ
1437 2201 1748 2273 προθυμίας
1792 2218 2040 2273 παραγε-

457 2287 675 2347 νέσθαι.
705 2287 805 2356 τὴν
837 2283 1015 2338 οἰκίαν
1050 2285 1279 2337 ἕκαστον
1312 2284 1626 2337 κενώσαντα
1672 2285 1772 2354 τὴν
1818 2284 2039 2350 ἑαυτοῦ,

461 2371 550 2424 ἵνα
585 2370 784 2439 ἴδωμεν
819 2368 910 2421 τὸν
940 2366 1215 2436 Δεσπότην
1243 2368 1276 2437 ή
1287 2365 1404 2437 μῶν
1434 2367 1526 2420 ἐπὶ
1554 2368 1654 2438 τῆς
1686 2368 1893 2438 φάτνης
1928 2368 2043 2421 κεί-

465 2470 647 2524 μενον,
683 2449 1197 2522 ἐσπαργανωμένον,
1232 2450 1295 2502 τὸ
1337 2449 1565 2519 φρικτὸν
1596 2451 1774 2503 ἐκεῖνο
1807 2451 1903 2504 κα)⁵
1935 2468 2043 2504 πα-

463 2533 682 2606 ράδοξον
705 2533 900 2603 θέαμα.
923 2532 1060 2585 Ποία
1081 2530 1189 2603 γὰρ
1211 2533 1342 2603 ἡμῖν
1361 2530 1515 2604 [498]
1539 2532 1826 2601 ἀπολογία,
1846 2533 1974 2587 ποία
1986 2534 2044 2586 δέ

463 2615 784 2687 συγγνώμη.
816 2617 946 2668 ὅταν
976 2614 1139 2677 αὐτὸς
1170 2614 1269 2683 μέν
1299 2615 1364 2667 ἐκ
1386 2614 1496 2667 τῶν
1529 2614 1775 2686 οὐρανῶν
1798 2615 1864 2668 δι’
1899 2617 2047 2686 ἡμᾶς

462 2698 787 2769 καταϐαίνῃ,
826 2698 986 2768 ἡμεῖς
1018 2697 1076 2749 δέ
1107 2696 1244 2767 μηδέ
1281 2698 1347 2749 ἐκ
1380 2698 1478 2767 τῆς
1507 2697 1685 2760 οἰκίας
1717 2697 1855 2768 πρὸς
1883 2697 2046 2752 αὑτὸν

463 2780 784 2853 ἐρχώμεθα;
818 2780 946 2833 ὅταν
982 2778 1147 2848 μάγοι
1181 2778 1301 2849 μὲν,
1339 2779 1615 2851 ἄνθρωποι
1651 2779 1919 2853 βάρϐαροι
1953 2779 2048 2833 καὶ

462 2862 774 2933 ἀλλόφυλοι,
820 2863 885 2914 ἐκ
925 2861 1183 2931 Περσίδος
1228 2862 1518 2932 τρέχωσιν,
1554 2861 1697 2916 ὥστε
1727 2862 1890 2916 αὐτὸν
1921 2862 2048 2916 ίδεῖν

463 2945 558 2999 ἐπὶ
584 2945 684 3015 τῆς
730 2944 937 3014 φάτνης
979 2943 1230 3013 κείμενον
1252 2962 1265 2975 ·
1301 2944 1365 2997 σὺ
1397 2943 1455 2997 δὲ
1481 2946 1509 2997 ὁ
1547 2945 1872 3016 Χριστιανὸς
1913 2946 2049 3016 μηδέ

468 3028 664 3100 μικρὸν
687 3026 967 3097 διάστημα
995 3026 1275 3097 ύπομένῃς
1293 3068 1306 3091 ,
1332 3025 1475 3080 ὥστε
1494 3028 1594 3098 τῆς
1619 3028 1896 3099 μακαρίας
1919 3031 2051 3083 ταύ-

463 3127 566 3181 της
593 3109 898 3164 ἀπολαῦσαι
930 3108 1199 3180 θεωρίας;
1231 3110 1341 3163 Καὶ
1377 3110 1508 3181 γὰρ,
1545 3110 1613 3164 ἀν
1644 3110 1784 3182 μετά
1812 3110 2052 3176 πίστεως

466 3190 926 3265 παραγενώμεθα,
955 3191 1176 3254 πάντως
1197 3191 1359 3245 αὐτὸν
1386 3191 1631 3262 ὀψόμεθα
1663 3192 1755 3245 ἐπὶ
1793 3192 1896 3262 τῆς
1939 3193 2048 3262 φά-

467 3292 599 3347 τνης
618 3276 942 3347 κείμενον·ή
973 3274 1081 3346 γὰρ
1107 3272 1355 3346 τράπεζα
1382 3274 1523 3346 αὕτη
1549 3273 1703 3338 τάξιν
1723 3274 1825 3346 τῆς
1845 3276 2051 3348 φάτνης

465 3357 686 3430 πληροῖ.

537 3502 650 3558 Καὶ
688 3500 799 3573 γὰρ
828 3502 925 3555 καὶ
952 3498 1188 3553 ἐνταῦθα
1218 3500 1461 3555 κείσεται
1492 3501 1554 3555 τὸ
1584 3502 1744 3573 σῶμα
1767 3503 1830 3557 τὸ
1858 3504 2050 3558 δεσπο-

466 3586 639 3651 τικὸν,
684 3586 806 3655 οὐχὶ
854 3583 1372 3655 ἐσπαργανωμένον,
1422 3585 1683 3660 καθάπερ
1723 3586 1866 3653 τότε,
1914 3588 2050 3643 ἀλλά

469 3668 746 3739 Πνεύματι
777 3666 1112 3735 πανταχόθεν
1142 3665 1281 3737 ἀγίῳ
1308 3667 1812 3739 περιστελλόμενον.
1843 3673 2050 3725 ’Ἱσασιν

470 3754 522 3804 οί
551 3749 895 3822 μεμυημένοι
927 3748 996 3802 τὰ
1019 3747 1309 3818 λεγόμενα.
1342 3750 1406 3803 Ol
1439 3749 1536 3820 μὲν
1560 3746 1655 3804 οῦν
1687 3751 1852 3822 μάγοι
1876 3771 2051 3826 προσ-

468 3834 740 3905 εκύνησαν
783 3832 974 3903 μόνον·
1002 3833 1066 3885 σὺ
1098 3830 1178 3898 δὲ,
1205 3831 1271 3885 ἂν
1300 3832 1439 3902 μετά
1470 3833 1715 3906 καθαροῦ
1743 3835 2052 3908 προσέλθῃς

471 3916 773 3979 συνειδότος
797 3954 812 3978 ,
849 3914 945 3969 καὶ
988 3913 1174 3967 λαϐεῖν
1214 3931 1295 3968 σοι
1328 3914 1461 3968 αὐτὸ
1496 3918 1928 3989 συγχωρήσομεν
1958 3921 2052 3973 καὶ

470 3999 724 4054 ἀπελθεῖν
757 3998 963 4051 οίκαδε.
996 3996 1222 4074 Πρόσιθι
1254 3997 1435 4051 τοίνυν
1463 3999 1559 4052 καὶ
1592 4001 1656 4053 σὺ
1686 4000 1836 4071 δῶρα
1879 4017 2053 4074 προσ-

468 4083 640 4152 άγων,
679 4082 754 4151 μὴ
787 4079 1014 4134 τοιαῦτα
1056 4073 1144 4132 οἷα
1180 4081 1415 4146 ἐκεῖνοι,
1465 4081 1602 4136 ἀλλά
1649 4083 1831 4153 πολλῷ
1862 4073 2053 4155 σεμνό-

469 4182 625 4237 τερα.
668 4163 1061 4235 Προσήνεγκαν
1106 4162 1303 4215 ἐκεῖνοι
1337 4162 1571 4233 χρυσόν·
1605 4166 1940 4235 προσένεγκε
1985 4168 2048 4221 σὺ

474 4245 832 4318 σωφροσύνην
859 4244 955 4298 καὶ
985 4244 1189 4314 ἀρετήν
1211 4260 1227 4276 ·
1260 4245 1643 4314 προσήνεγκαν
1673 4248 1869 4301 ἐκεῖνοι
1898 4247 2053 4301 λιϐα-

473 4329 640 4383 νωτόν
656 4344 669 4358 ·
703 4327 1036 4398 προσένεγκε
1060 4326 1124 4378 σὺ
1146 4324 1312 4396 εὐχὰς
1340 4325 1610 4398 καθαρὰς,
1641 4327 1712 4382 τά
1731 4329 2051 4402 θυμιάματα

471 4411 543 4466 τὰ
558 4408 921 4479 πνευματικά·
949 4409 1327 4480 προσήνεγκαν
1348 4409 1546 4463 ἐκεῖνοι
1571 4410 1847 4481 σμύρναν·
1876 4430 2050 4483 προσ-

475 4496 666 4562 ένεγκε
743 4493 807 4545 σὺ
867 4489 1375 4563 ταπεινοφροσύνην
1431 4492 1527 4546 καὶ⁴
1578 4497 2054 4568 τεταπεινωμένην

475 4575 703 4647 καρδίαν
731 4575 827 4628 καὶ
860 4572 1254 4645 ἐλεημοσύνην.
1287 4576 1384 4627 “Av
1416 4574 1555 4645 μετά
1586 4576 1792 4630 τούτων
1826 4579 2055 4650 προσέλο

477 4660 577 4733 θῃς
603 4656 713 4712 τῶν
738 4656 947 4727 δώρων,
985 4654 1123 4727 μετά
1167 4655 1353 4720 ἀδείας
1390 4657 1673 4730 ἀπολαύσῃ
1710 4658 1911 4730 πολλῆς
1953 4661 2055 4731 τῆς

480 4742 632 4813 ἱερᾶς
662 4738 865 4810 ταύτης
885 4737 1188 4811 τραπέζης.
1221 4739 1333 4792 Καὶ
1355 4739 1464 4811 γάρ
1487 4739 1599 4809 ἐγὼ
1623 4740 1711 4794 διά
1741 4741 1901 4795 τοῦτο
1928 4742 2055 4796 τού-

478 4840 602 4886 τους
631 4820 765 4876 κινῶ
793 4821 918 4884 τοὺς
958 4820 1150 4890 λόγους
1191 4821 1309 4887 νῦν,
1335 4822 1523 4894 ἐπειδὴ
1555 4820 1672 4876 οἶδα
1716 4824 1803 4895 ὅτι
1838 4825 2055 4891 πάντως

481 4905 666 4960 πολλοὶ
690 4902 810 4958 κατ’
841 4903 1058 4975 ἐκείνην
1083 4903 1537 4973 προσελεύσονται
1562 4904 1661 4975 τὴν
1689 4906 1924 4977 ἡμέραν,
1960 4908 2055 4961 καὶ

481 4985 869 5041 ἐπιπεσοῦνται
899 4987 964 5057 τῇ
1000 4989 1349 5057 πνευματικῇ
1387 4985 1559 5058 ταύτῃ
1590 4986 1771 5059 θυσίᾳ.
1808 4988 1928 5042 Ἵνα
1960 4984 2056 5043 οὖν

482 5068 618 5142 μηδέ
642 5067 737 5120 ἐπὶ
760 5066 938 5139 κακῷ,
982 5067 1116 5139 μηδέ
1145 5068 1238 5120 ἐπὶ
1270 5068 1498 5139 κρίματι
1524 5069 1625 5140 τῆς
1651 5070 1929 5141 ἡμετέρας
1954 5071 2056 5141 ψυ-

480 5153 583 5225 χῆς
612 5151 770 5205 τοῦτο
796 5150 1060 5221 ποιῶμεν,
1089 5149 1223 5204 ἀλλά
1249 5150 1342 5202 ἐπὶ
1376 5151 1642 5222 σωτηρίᾳ,
1676 5151 1925 5207 ἐντεῦθεν
1950 5153 2052 5224 ήδη

480 5235 1031 5307 προδιαμαρτύρομαι
1060 5234 1156 5287 καὶ
1184 5232 1506 5304 παρακαλῶ,
1543 5234 1707 5288 παντὶ
1731 5234 1918 5306 τρόπῳ
1950 5252 2054 5288 κα·-

480 5318 754 5390 θάραντας
782 5317 1007 5380 ἑαυτοὺς
1035 5315 1179 5369 οῦτω
1205 5315 1488 5386 προσιέναι
1508 5317 1620 5380 τοῖς
1649 5318 1815 5387 ἱεροῖς
1847 5334 2055 5388 μυστη-

479 5420 635 5474 ριοις.

547 5518 614 5574 δ’.
637 5518 749 5573 Καὶ
768 5519 842 5589 μή
871 5534 960 5588 μοι
988 5516 1192 5585 λεγέτω
1210 5532 1317 5582 τις,
1341 5514 1601 5587 αἰσχύνης
1616 5517 1787 5589 γέμω,
1810 5517 2056 5589 ἁμαρ-τη-

546 5675 576 5709 ⁸
596 5676 696 5730 Alii
717 5677 1012 5740 προσεδρίας,
1037 5673 1119 5723 alii
1137 5671 1397 5740 προεδρίας.

1142 266 1199 323 S.
1237 267 1525 325 JOA‘NNlS
1561 264 2053 326 CllllYSOSTOMl
2091 262 2409 319 ARCIIIEP.
2450 259 3002 320 CONSTAATlNOP.

2135 377 2320 448 μάτων
2347 377 2458 447 ἔχω
2479 379 2541 431 τὸ
2572 378 2815 442 συνειδὸς
2842 377 3295 449 πεπληρωμένον,
3325 375 3564 446 φορτίον
3610 377 3729 430 En-

2128 459 2363 531 φέρομαι
2403 461 2733 532 βαρύτατον·
2778 461 2938 532 ἱκανὴ
2976 461 3086 532 γὰρ
3121 460 3232 513 τῶν
3276 461 3442 513 πέντε
3494 459 3729 530 ἡμεριῐη

2129 544 2331 598 τούτων
2358 545 2390 613 ἡ
2415 544 2744 615 προθεσμία,
2771 542 2866 596 ἐὰν
2891 544 3067 615 νήφῃς
3092 544 3186 595 καὶ
3223 541 3517 613 προσεύχῃ
3564 542 3595 582 δ
3640 545 3732 596 καὶ

2130 630 2437 699 ἀγρυπνῇς,
2459 627 2521 679 τὸ
2546 625 2679 680 πολὺ
2710 626 2818 680 τῶν
2844 627 3259 699 ἁμαρτημάτων
3283 624 3732 696 ὑποτέμνεσθαι.

2132 711 2224 781 Μὴ
2254 711 2363 780 γὰρ
2401 710 2484 762 ὅτι
2519 708 2725 781 βραχὺς
2756 711 2786 762 ὁ
2816 709 3006 780 χρόνος
3038 708 3172 780 ἴδῃς,
3207 708 3322 762 ἀλλ’
3362 710 3564 762 ἐκεῖνο
3604 709 3730 761 σκό-

2133 810 2329 863 πησον,
2354 794 2436 845 ὅτι
2464 792 2850 863 φιλάνθρωπος
2876 795 2905 846 ὁ
2934 793 3243 863 Δεσπότης·
3279 793 3475 863 ἐπειδὴ
3508 792 3614 846 καὶ
3642 793 3736 845 Νι-

2132 877 2339 933 νευῖται
2366 878 2425 929 ἐν
2455 878 2635 947 τρισὶν
2661 878 2898 947 ἡμέραις
2932 877 3200 946 τοσαύτην
3229 876 3403 948 ὀργὴν
3433 877 3733 947 ἀπεκρού-

2135 979 2316 1025 σαντο,
2358 962 2453 1014 καὶ
2476 961 2629 1015 οὐδὲν
2667 960 2978 1014 ἐνεπόδισεν
3012 963 3045 1030 ἠ
3082 961 3177 1015 τοῦ
3217 960 3416 1032 καιροῦ
3449 978 3735 1030 στενοχω-

2135 1045 2247 1116 ρία,
2278 1045 2393 1099 ἀλλ’
2425 1044 2645 1114 ἴσχυσεν
2674 1047 2707 1115 ἡ
2741 1045 2841 1114 τῆς
2879 1043 3057 1115 ψυχῆς
3088 1044 3366 1115 προθυμία
3394 1046 3504 1115 τῆς
3534 1045 3735 1113 φίλαν·

2135 1126 2382 1197 θρωπίας
2422 1125 2793 1198 ἐπιλαϐομένη
2818 1125 2913 1180 τοῦ
2947 1128 3218 1180 Δεσπότου
3249 1127 3309 1180 τὸ
3341 1130 3454 1180 πᾶν
3482 1129 3737 1198 ἐργάσα-

2136 1181 2281 1267 σθαι.
2304 1181 2412 1264 Καὶ
2445 1213 2479 1281 ἡ
2509 1181 2683 1281 πόρνῆ
2702 1210 2759 1262 δὲ
2780 1181 2857 1262 ’ἐν
2889 1209 3116 1280 βραχείᾳ
3149 1210 3341 1281 καιροῦ
3376 1181 3534 1281 ῥοπῆς
3559 1181 3737 1283 προσ-
3812 1181 3824 1287 Ι

2134 1293 2367 1347 ελθοῦσα
2388 1293 2465 1364 τῷ
2493 1291 2735 1365 Χριστῷ,
2765 1293 2834 1346 τά
2861 1293 3039 1361 ὀνείδη
3063 1294 3242 1347 πάντα
3271 1292 3614 1361 ἀπενίψατο,
3640 1296 3738 1346 καὶ
3812 1298 3823 1365 ι

2134 1314 2367 1347 εΛυουσα
2388 1314 2465 1364 τῳ
2493 1314 2735 1365 Αριστῳ,
2765 1314 2834 1346 τα
2861 1314 3039 1361 ονειοη
3063 1314 3242 1347 πάντα
3271 1314 3614 1361 απενιψατο,
3640 1314 3738 1346 και

2133 1376 2242 1431 τῶν
2275 1377 2545 1431 Ἰουδαίων
2570 1375 2965 1444 ἐγκαλούντων,
2997 1377 3079 1429 ὅτι
3107 1376 3424 1447 προσήκατο
3460 1376 3567 1429 καὶ
3601 1392 3737 1444 μετο
3810 1314 3824 1447 Ι

2133 1458 2333 1514 έδωκεν
2373 1460 2510 1530 αύτῇ
2553 1457 2868 1531 παρρησίας
2901 1457 3173 1527 τοσαύτης
3224 1459 3253 1511 ὁ
3288 1458 3530 1529 Χριστὸς
3557 1499 3574 1521 ,
3606 1460 3736 1522 τοὺς

2139 1542 2237 1614 μὲν
2265 1542 2647 1613 ἐπεστόμισεν,
2679 1541 2894 1611 ἐκείνην
2921 1541 2979 1595 δέ
3011 1542 3228 1596 πάντων
3260 1541 3591 1605 ἀπαλλάξας
3622 1543 3737 1595 τῶν

2135 1624 2346 1692 κακῶν,
2378 1626 2473 1678 καὶ
2521 1626 2616 1696 τῆς
2671 1625 2908 1695 σπουδῆς
2934 1623 3332 1695 ἀποδεξάμενος
3354 1667 3368 1687 ,
3405 1624 3591 1688 οῦτως
3623 1628 3738 1678 ἀπ-

2140 1707 2379 1780 έπεμψε.
2415 1708 2481 1761 Τί
2507 1707 2737 1779 δήποτε;
2779 1708 2902 1760 Ὅτι
2942 1709 3079 1778 μετά
3111 1706 3318 1778 θερμῆς
3342 1708 3595 1772 διανοίας
3637 1711 3739 1763 καὶ

3804 79 3824 547 l

3805 594 3824 993 1

2137 1792 2540 1864 πεπυρωμένης
2573 1791 2750 1862 ψυχῆς
2780 1792 2875 1846 καὶ
2901 1791 3127 1861 ξεούσης
3157 1792 3428 1861 προσῆλθε
3459 1792 3735 1855 πίστεως,

2136 1876 2233 1930 καὶ⁵
2256 1875 2367 1929 τῶν
2394 1876 2567 1944 ἁγίων
2594 1877 2687 1928 καὶ
2720 1874 2880 1946 ἱερῶν
2907 1874 3133 1928 ἐκείνων
3162 1876 3338 1944 ἥψατο
3364 1875 3574 1934 ποδῶν,
3602 1877 3739 1939 τοὺς

2139 1958 2469 2030 βοστρύχους
2500 1957 2735 2021 λύσασα,
2780 1957 2965 2027 πηγάς
2995 1956 3244 2028 δακρύων
3283 1960 3349 2010 ἐκ
3381 1957 3490 2012 τῶν
3522 1958 3740 2027 ὀφθαλ-

2142 2040 2261 2113 μῶν
2294 2043 2517 2112 ἀφεῖσα,
2552 2041 2613 2095 τὸ
2640 2040 2812 2112 μύρον
2842 2039 3149 2094 κενώσασα.

2210 2235 2288 2290 Δι’
2316 2229 2391 2289 ὧν
2415 2235 2526 2305 γὰρ
2554 2235 2843 2304 ἐγοήτευσε
2867 2233 2993 2296 τοὺς
3021 2228 3361 2305 ἀνθρώπους,
3390 2226 3483 2284 διά
3516 2229 3737 2285 τούτων

2138 2319 2209 2374 τὰ
2225 2320 2491 2391 φάρμακα
2508 2319 2606 2388 τῆς
2626 2317 2909 2388 μετανοίας
2921 2315 3306 2370 κατεσκεύασε·
3326 2314 3393 2367 δι’
3407 2308 3484 2369 ὧν
3495 2315 3737 2369 ἀνεπτέ-

2144 2420 2285 2474 ρωσε
2308 2403 2406 2466 τάς
2436 2401 2545 2454 τῶν
2571 2400 2884 2454 ἀκολάστων
2908 2398 3080 2468 ὄψεις,
3105 2397 3192 2451 διά
3209 2397 3415 2451 τούτων
3430 2398 3730 2468 ἐδάκρυσε·

2139 2486 2227 2540 διά
2247 2486 2356 2540 τῶν
2374 2484 2525 2557 [499]
2549 2482 2864 2553 πλοκάμων,
2885 2482 2951 2534 δι’
2975 2475 3050 2534 ὧν
3071 2481 3427 2534 ὑπεσκέλισεν
3447 2483 3532 2543 εἰς
3550 2482 3671 2550 ἁμα
3680 2500 3735 2551 ρ-

2141 2569 2261 2623 τίαν
2303 2556 2550 2630 πολλοὺς,
2581 2564 2670 2618 διά
2694 2565 2901 2619 τούτων
2941 2566 3069 2626 τοῦς
3121 2564 3284 2627 πόδας
3336 2564 3597 2633 ἀπέμαξε
3634 2564 3732 2616 τοῦ
3822 2556 3823 2583 ‘

2143 2650 2382 2724 Χριστοῦ
2403 2668 2415 2681 ·
2442 2650 2532 2703 διά
2554 2649 2648 2701 τοῦ
2683 2646 2877 2720 μύρου,
2899 2646 2966 2700 δι’
3000 2643 3061 2700 οῦ
3091 2645 3319 2709 πολλοὺς
3341 2645 3624 2707 ἐδελέασε,
3646 2645 3734 2724 διὰ

2143 2722 2332 2789 τούτου
2348 2734 2476 2797 τοὺς
2499 2732 2666 2796 πόδας
2687 2730 2898 2785 ἐκείνου
2914 2729 3124 2800 ἧλειψε.
3151 2728 3260 2781 Καὶ
3281 2730 3345 2783 σὺ
3367 2728 3553 2783 τοίνυν
3573 2730 3642 2783 δι’
3658 2722 3733 2782 ὧν

2144 2816 2470 2889 παρώξυνας
2500 2815 2592 2869 τὸν
2623 2814 2778 2877 Θεὸν,
2810 2813 2899 2866 διὰ
2934 2811 3140 2865 τούτων
3170 2810 3329 2864 ἵλεων
3364 2812 3603 2882 ποίησον
3631 2815 3733 2866 πά-

2144 2901 2247 2955 λιν.
2280 2898 2613 2971 Παρώξυνας
2647 2897 2812 2951 αὐτὸν
2844 2895 2935 2949 διά
2972 2893 3271 2965 χρημάτων
3303 2894 3610 2965 ἀρπαγῆςς
3648 2896 3731 2950 διὰ

2144 2984 2350 3037 τούτων
2381 2982 2544 3037 αὑτὸν
2564 2980 2920 3046 κατάλλαξον,
2943 2979 3037 3033 καὶ
3053 2978 3124 3031 τά
3150 2978 3475 3048 ἁρπαγέντα
3500 2980 3732 3043 ἀποδοὺς

2145 3071 2258 3131 τοῖς
2283 3066 2669 3137 ἠδικημένοις,
2695 3064 2790 3118 καὶ
2827 3062 2991 3134 ἔτερα
3031 3061 3242 3125 τούτοις
3288 3064 3663 3133 προσεπιδὺῦς
3686 3074 3731 3124 ⁸ο

2148 3153 2269 3207 εἰπὲ
2302 3150 2444 3206 κατὰ
2483 3149 2575 3203 τὸν
2617 3148 2921 3217 Ζακχαῖον·
2964 3144 3264 3215 ἀποδίδωμι
3292 3146 3733 3215 τετραπλασίονα

2145 3232 2222 3292 ὧν
2248 3238 2476 3308 ἧρπασα
2503 3232 2743 3287 πάντων.
2771 3225 3101 3296 Παρώξυνας
3117 3228 3205 3280 διὰ
3227 3226 3480 3297 γλώττης
3508 3230 3611 3281 καὶ
3628 3228 3733 3283 λοι-

2145 3320 2333 3392 δορίας
2385 3316 2614 3387 ὑϐρίσας
2673 3310 2932 3378 πολλούς;
2986 3310 3273 3377 ἐξιλέωσαι
3335 3311 3428 3364 διά
3488 3312 3731 3382 γλώττης

2149 3403 2347 3463 πάλιν,
2387 3400 2554 3470 εύχάς
2609 3397 2858 3468 καθαρὰς
2906 3394 3266 3464 ἀναπέμπων,
3312 3393 3563 3462 εὐλογῶν
3614 3399 3732 3458 τοὺς

2148 3485 2545 3558 λοιδοροῦντας,
2573 3479 2938 3550 ἐγκωμιάζων
2967 3477 3093 3540 τοὺς
3113 3475 3297 3539 κακῶς
3323 3476 3616 3543 λέγοντας,
3645 3481 3734 3548 χά.

2150 3587 2237 3642 ριν
2263 3566 2541 3639 ὁμολογῶν
2576 3566 2692 3625 τοῖς
2728 3560 2995 3615 ἀδικοῦσι.
3027 3558 3212 3613 Ταῦτα
3238 3560 3337 3628 οὐχ
3366 3561 3607 3642 ἡμερῶν
3642 3562 3731 3613 δεῖ·

2147 3641 2259 3714 ται,
2306 3651 2426 3704 οὐδὲ
2474 3645 2734 3701 ἐνιαυτῶν
2776 3643 3007 3706 πολλῶν,
3047 3642 3182 3696 ἀλλὰ
3224 3641 3614 3712 πρηαιρέσεως
3647 3644 3731 3713 μδ-

2148 3753 2268 3807 νης,
2301 3734 2396 3788 καὶ
2422 3734 2480 3785 ἐν
2517 3731 2617 3802 μιᾷ
2648 3726 3010 3797 κατορθοῦται
3041 3726 3244 3795 ἡμέρᾳ.
3296 3724 3607 3796 Ἀπόστηθι
3644 3728 3729 3791 τῆς

2150 3816 2437 3890 πονηρίας,
2473 3812 2730 3869 ἐπιλαϐοῦ
2753 3812 2853 3879 τῆς
2877 3810 3095 3880 ἀρετῆς,
3127 3807 3336 3861 παῦσαι
3373 3807 3483 3876 τῆς
3517 3810 3730 3869 κακίας.

2150 3902 2246 3956 καὶ
2270 3899 2508 3969 ὑπόσχου
2548 3896 2745 3968 μηκέτι
2762 3892 2933 3947 ταῦτα
2961 3894 3151 3955 ποιεῖν,
3173 3891 3267 3943 καὶ
3282 3892 3451 3960 ἀρκεῖ
3472 3908 3558 3943 σοι
3586 3892 3734 3945 τοῦτο

2149 3987 2230 4049 είς
2253 3980 2569 4050 ἀπολογίαν.
2628 3977 2770 4046 Ἐγὼ
2804 3974 3248 4047 διαμαρτύρομαι
3286 3975 3384 4025 καὶ
3418 3975 3732 4044 ἐγγυῶμαι,

2149 4066 2357 4122 ὅτιτῶν
2380 4061 2803 4135 ἁμαρτανόντων
2824 4058 2981 4130 ἡμῶν
2996 4059 3246 4119 ἕκαστος,
3269 4057 3337 4109 ἂν
3357 4058 3616 4115 ἀποστὰς
3632 4060 3735 4110 τῶν

2150 4150 2432 4223 προτέρων
2467 4144 2653 4200 κακῶν
2691 4142 2993 4212 ὑπόσχηται
3029 4139 3107 4210 τῷ
3142 4139 3260 4208 Θεῷ
3295 4138 3440 4223 μετά
3476 4140 3736 4223 ἀληθείας

2155 4215 2351 4308 μηκέτ-ι
2378 4228 2556 4284 αὐτῶν
2583 4226 2844 4297 ἅψασθαι,
2876 4224 3238 4308 ούδένᾼέτερον
3271 4224 3300 4275 δ
3334 4222 3473 4308 Θεὸς
3510 4215 3742 4294 ﬁgi-‘33.

2151 4306 2288 4388 πρδς
2320 4312 2616 4380 ἀπολογίαν
2652 4309 2893 4380 μείζονα.
2924 4306 3305 4378 Φιλάνθρωπος
3334 4307 3457 4388 ,γάρ
3496 4309 3620 4360 ἐστι
3649 4308 3736 4360 καὶ

2142 4387 2423 4470 ἐλεήμων,
2460 4394 2556 4449 καὶ
2587 4393 2836 4458 καθάπερ
2867 4393 2900 4460 ἠ
2930 4390 3189 4444 ὠδίνουσα
3228 4387 3494 4458 ἐπιθυμεῖ
3529 4393 3732 4451 τεκεῖν,

2152 4483 2296 4536 οῦτω
2327 4479 2422 4532 καὶ
2460 4477 2626 4540 αὐτὸς
2657 4474 2916 4544 ἐπιθυμεῖ
2946 4474 3036 4527 τὸν
3069 4472 3216 4525 ἔλεον
3254 4474 3437 4541 ἐκχεῖν
3480 4473 3577 4525 τὸν
3609 4474 3735 4525 ἐαυ-
3822 4488 3823 4549 ς

2151 4564 2267 4619 τοῦ·
2302 4561 2416 4616 ἀλλ’
2448 4561 2506 4614 αἱ
2544 4557 2807 4629 ἁμαρτίαι
2840 4559 2894 4610 αί
2932 4556 3198 4627 ἡμέτεραι
3226 4554 3383 4606 τοῦτο
3400 4555 3734 4609 διακόπτου-

2155 4666 2262 4703 σιν.
2307 4645 2612 4713 Ἀνέλωμεν
2647 4640 2826 4694 τοίνυν
2861 4639 2922 4692 τὸ
2954 4638 3176 4707 τειχίον,
3210 4637 3305 4690 καὶ
3339 4636 3604 4690 ἐντεῦθεν
3640 4636 3735 4708 ἠδη
3822 4672 3823 4713 γ

2280 4686 2823 4800 ιᾶξὲξῖἷεῖἐὼῌέόᾶιζ
2848 4686 2950 4783 ex;
3162 4686 3376 4789 agi»;
3402 4686 3621 4782 σείει

2155 4798 2238 4870 σιν
2271 4798 2691 4879 ἀποταξάμενοι·
2727 4805 2936 4876 ἐρρέτω
2964 4803 3312 4873 δικαστήρια,
3348 4801 3570 4872 ἐρρέτω
3616 4803 3735 4873 βου,
3822 4798 3823 4875 ἦ

2152 4896 2435 4967 λευτήρια,
2476 4889 2760 4962 οίμωζέτω
2794 4886 3353 4959 βιωτικάπράγματα
3397 4886 3503 4938 καὶ
3534 4886 3738 4955 συμϐό-

2152 4982 2282 5035 λαια
2327 4978 2422 5031 καὶ
2464 4971 2903 5042 συναλλάγματα·
2943 4967 3043 5039 τὴν
3086 4968 3267 5039 ψυχήν
3315 4984 3417 5037 μου
3472 4967 3736 5040 βούλομαι

2157 5065 2350 5117 σῶσαι.
2384 5060 2445 5114 Τί
2484 5055 2796 5126 ὠφελεῖται
2840 5052 3171 5120 ἄνθρωπος,
3206 5050 3315 5105 ἐὰν
3352 5050 3464 5103 τὸν
3503 5053 3739 5122 κόσμον

2154 5147 2303 5201 ὅλον
2320 5141 2598 5212 κερδὰνῃ,
2626 5138 2741 5206 τὴν
2766 5137 2836 5190 δὲ
2858 5133 3072 5204 ψυχὴν
3091 5133 3278 5188 αὐτοῦ
3300 5132 3586 5203 ζημιωθῇ·
3626 5136 3739 5200 Ἐξ..

2153 5229 2316 5302 ῆλθον
2350 5226 2458 5279 ἀπὸ
2486 5221 2744 5293 Περσίδος
2775 5220 2823 5272 οί
2854 5218 3037 5302 μάγοι·
3070 5215 3253 5302 ἔξελθε
3278 5215 3518 5302 ῌσὺῌίτῶν
3558 5218 3738 5302 βιωτι-

2154 5298 2267 5366 κῶν
2302 5306 2666 5380 πραγμάτων,
2700 5303 2795 5357 καὶ
2831 5301 2967 5372 πρὸς
2988 5298 3082 5353 τὸν
3130 5298 3338 5371 Ἰησοῦν
3361 5299 3608 5353 ὄδευσον·
3642 5300 3740 5354 οὐκ

3818 4960 3824 5167 Ι

2214 5547 2246 5588 1»
2270 5544 2368 5597 Alii
2387 5546 2643 5609 προσέχῃς,
2664 5541 2749 5592 alii
2772 5511 3033 5606 προσεύχῃ.
3063 5538 3283 5600 Utraque
3314 5539 3471 5587 lectio
3496 5536 3737 5599 quadrare

2154 5615 2376 5720 Ροέρῖίὶἱ
2393 5665 2641 5731 προσδούς.
2665 5664 2820 5716 Paulo
2846 5665 2957 5726 post
2986 5661 3183 5725 quidam
3206 5672 3320 5710 mss.
3346 5659 3623 5709 ἀποδώσω.
