3854 6222
175 288 282 344 753

171 415 286 450 -°-.nn
321 406 399 450 est
436 413 446 447 :
480 409 807 464 nequaquam
837 393 1018 448 fuisset
1045 391 1326 446 crucifixus
1347 433 1361 453 ,
1391 406 1510 443 nam
1541 390 1641 442 hoc
1669 397 1750 441 est

168 488 362 540 'estum
407 487 621 539 Pascha'
656 504 666 537 :
705 500 1032 554 nequaquam
1076 484 1301 537 misisset
1342 483 1595 550 Spiritum
1632 497 1750 534 san-

162 588 335 639 (tum,
366 577 503 646 quod
538 585 621 630 cst
661 577 849 630 festum
893 577 1255 629 Pentecostes.
1305 573 1484 643 itaque
1513 573 1581 626 ab
1611 573 1710 625 hoc
1733 613 1750 638 ,

161 683 264 720 ceu
287 682 317 720 a
349 667 492 722 fonte
532 667 779 736 quopiam
823 666 1017 720 diversi
1065 665 1208 719 ﬂuvii
1238 705 1252 729 ,
1283 674 1404 718 nata
1447 674 1572 717 sunt
1601 664 1753 717 nobis

164 757 284 810 li:th
316 756 468 809 festa.
497 755 692 810 Verum
740 771 844 809 non
889 757 957 810 oh
1003 755 1103 808 hoc
1142 763 1343 809 tantum
1376 769 1472 824 par
1494 765 1576 808 est
1612 755 1752 808 hunc

161 846 308 899 diem
338 848 544 901 czeteris
582 847 868 916 anteponi,
899 845 989 899 sed
1031 847 1190 900 etiam
1221 847 1340 915 quia
1385 845 1528 916 quod
1569 845 1619 899 in
1653 846 1753 900 hoc

164 946 349 989 natum
392 947 506 1001 est,
533 939 746 991 castoris
786 937 1034 992 onmibus
1071 946 1155 991 est
1197 937 1572 991 venerabilius.
1617 935 1750 990 Nam

162 1027 308 1093 quod
332 1027 572 1081 Christus
596 1027 753 1081 homo
776 1025 963 1089 factos,
987 1029 1054 1080 sit
1076 1035 1332 1089 mortuus,
1356 1027 1750 1095 consequentiae

161 1117 442 1185 cujusdam
477 1118 572 1172 fuit
605 1137 617 1172 :
646 1120 770 1173 licet
798 1120 938 1172 enim
988 1121 1190 1173 nol'um
1232 1118 1449 1171 omnino
1477 1127 1749 1187 peccatum

167 1219 526 1276 perpetrasset
545 1251 558 1271 ,
587 1211 808 1263 mortale
837 1219 1012 1262 tamen
1042 1225 1236 1278 corpus
1265 1219 1623 1278 assumpserat
1654 1225 1668 1260 :
1696 1217 1750 1262 et

161 1311 277 1354 crat
316 1302 526 1370 quidem
554 1301 654 1354 hoc
683 1303 1047 1354 admirandum
1096 1319 1108 1354 :
1153 1312 1400 1355 creterum
1437 1300 1576 1371 quod
1612 1301 1748 1355 Dens

162 1406 286 1442 cum
317 1401 496 1456 esset,
530 1394 754 1446 voluerit
786 1393 944 1445 homo
975 1394 1086 1446 ﬁeri
1111 1433 1126 1455 ,
1161 1403 1470 1462 tantumque
1509 1408 1626 1446 sese
1655 1393 1748 1447 de-

164 1481 381 1534 mittere
424 1482 752 1544 sustinuerit,
777 1491 1030 1550 quantum
1077 1497 1144 1536 ne
1180 1483 1496 1550 cogitatione
1532 1484 1744 1553 quidem

162 1571 441 1639 complecti
469 1585 630 1640 queas
650 1611 666 1636 ,
696 1572 796 1625 hoc
839 1583 920 1625 est
956 1573 1194 1625 omnium
1239 1574 1467 1627 maxime
1493 1589 1745 1627 rcveren-
1782 1591 1788 1596 ·

163 1661 332 1725 dum,
361 1663 697 1731 stuporisque
737 1663 972 1732 plenum.
1011 1663 1165 1731 Quod
1201 1664 1416 1732 quidem
1457 1672 1511 1718 ct
1553 1664 1746 1718 Paulus

163 1751 434 1804 admirans
461 1753 670 1806 dicebat
693 1795 708 1815 ,
743 1751 809 1807 Et
850 1755 1113 1824 manifeste
1147 1771 1382 1824 magnum
1413 1756 1609 1826 pietatis
1637 1772 1746 1824 my-

161 1843 368 1895 sterium
397 1842 413 1912 (
439 1845 484 1895 i.
521 1842 651 1898 Tim.
681 1844 732 1898 3.
779 1845 845 1898 16
927 1845 1076 1912 Quod
1105 1847 1394 1914 magnum?
1425 1846 1560 1901 Dens
1584 1848 1748 1900 muni-

163 1933 373 1996 {estalus
401 1934 450 1985 in
476 1949 643 1985 carne.
675 1935 750 1987 Ac
778 1949 985 1988 rursum
1030 1935 1152 1987 alibi
1187 1954 1200 1987 :
1236 1933 1356 1988 Non
1381 1935 1512 1988 enim
1539 1936 1745 2005 angelos

161 2023 494 2090 apprehendit
549 2023 687 2077 Deus
710 2065 726 2090 ,
775 2025 862 2078 sed
922 2042 1087 2079 semen
1133 2026 1347 2079 Abraha:
1388 2027 1743 2095 apprehendit.

166 2113 315 2167 Unde
341 2114 504 2165 debuit
544 2132 632 2183 per
658 2116 827 2167 omnia
869 2115 1112 2184 fratribus
1146 2117 1418 2170 assimilari
1455 2117 1471 2184 (
1491 2116 1650 2171 Hebr.
1684 2117 1741 2170 2.

164 2208 251 2258 16.
301 2205 423 2271 l7).
459 2206 678 2273 Propter
722 2206 822 2261 hoc
864 2208 1199 2276 potissinmm
1237 2209 1528 2276 amplector
1555 2209 1743 2278 diligo-

161 2313 265 2363 qne
285 2298 425 2349 diem
458 2300 618 2363 hunc,
644 2307 698 2351 ct
727 2314 961 2352 amorem
991 2301 1106 2368 ejus
1136 2301 1186 2353 in
1220 2301 1448 2354 mediutn
1479 2316 1740 2370 propono,

163 2397 222 2439 ut
267 2403 360 2440 vos
406 2388 560 2456 lmjus
615 2389 896 2458 participes
951 2392 1168 2444 reddam
1203 2408 1215 2442 :
1248 2407 1418 2462 eoque
1470 2408 1600 2462 rogo
1646 2405 1742 2445 vos

160 2493 349 2532 onmes
369 2479 717 2550 obsecroque,
743 2495 953 2535 summo
973 2482 1147 2536 studio
1163 2496 1473 2552 summaque
1489 2498 1610 2537 cum
1631 2483 1743 2536 ala-

159 2572 350 2625 critate
377 2571 549 2626 velitis
577 2571 787 2638 adesse,
816 2573 910 2627 sed
940 2573 1084 2643 prius
1113 2589 1261 2628 suam
1283 2575 1507 2644 quisque
1526 2575 1740 2629 dotnttm

159 2671 380 2714 evacuet
403 2701 419 2726 ,
446 2669 502 2714 ut
528 2661 796 2716 videamus
837 2663 1119 2718 Dominum
1151 2675 1391 2719 nostrum
1421 2665 1474 2719 in
1516 2665 1740 2736 prmsepi

155 2751 422 2820 jacentem
453 2767 514 2807 ac
540 2754 716 2807 fasciis
742 2755 1056 2818 inVolutum,
1085 2757 1418 2811 tremendum
1444 2771 1507 2812 ac
1532 2767 1744 2824 stupen-

159 2844 287 2897 dum
317 2847 695 2914 spcctacnlum.
725 2847 858 2912 Quid
888 2848 1030 2902 enim
1057 2848 1448 2914 excusabitnus,
1471 2858 1563 2903 aut
1581 2864 1738 2918 quam

157 2936 368 2988 veniam
395 2935 767 3001 obtinebimus,
795 2937 841 2991 si
862 2953 980 2991 cum
1010 2939 1120 3008 ipse
1149 2940 1314 2994 nostri
1343 2953 1499 2994 causa
1519 2939 1739 2994 descen-

159 3027 296 3082 derit
325 3044 354 3082 e
380 3028 556 3093 CtBIiS,
588 3045 683 3082 nos
709 3029 773 3082 ad
819 3030 962 3083 illum
994 3031 1077 3085 vel
1120 3047 1184 3086 ex
1215 3031 1418 3087 :edibus
1445 3033 1523 3087 ire
1549 3047 1739 3102 grave-

159 3119 318 3173 mur?
359 3133 477 3171 cum
532 3117 841 3189 alienigenae
882 3119 1197 3190 barbarique
1237 3121 1370 3192 Magi
1413 3136 1478 3176 ex
1529 3121 1740 3176 Perside

160 3218 475 3271 occurrant,
509 3217 566 3262 ιιι
595 3209 737 3263 illttm
781 3211 990 3264 videant
1019 3212 1071 3265 in
1104 3213 1325 3280 prmsepi
1353 3211 1616 3281 jacentem
1639 3253 1654 3276 ,
1684 3221 1740 3266 tu

160 3313 291 3351 vero
335 3298 422 3364 qtti
466 3298 792 3352 Christianus
837 3315 896 3353 cs
943 3316 1008 3353 ne
1051 3301 1214 3355 breve
1257 3301 1468 3370 quidem
1511 3303 1737 3371 spatium

159 3389 366 3442 emctiri
397 3391 680 3452 sustineas,
715 3402 769 3443 ut
797 3390 898 3445 hoc
924 3391 1060 3446 felici
1087 3393 1390 3460 spectaculo
1417 3393 1740 3460 perfruaris?

161 3481 291 3534 Nam
330 3481 372 3534 si
402 3497 520 3535 cum
552 3482 652 3536 ﬁde
696 3483 1074 3536 accesserimus
1095 3523 1109 3545 ,
1141 3484 1322 3552 procul
1351 3482 1512 3538 dubio
1535 3483 1738 3538 videbi-

159 3588 280 3626 mus
309 3573 451 3626 illum
481 3573 530 3626 in
555 3573 777 3644 prwsopi
802 3573 1084 3642 jaccntctn.
1119 3575 1388 3645 Siquidem
1420 3574 1533 3630 lucc
1557 3590 1738 3630 mensa

157 3665 327 3717 vicem
351 3664 526 3732 explet
552 3664 819 3733 prmscpis.

230 3753 426 3823 Corpus
453 3755 766 3809 Dominicnm
795 3757 846 3809 in
880 3756 1154 3826 Mysteriis.
1183 3789 1255 3798 —
1279 3758 1412 3814 Nam
1445 3768 1499 3814 et
1529 3760 1616 3814 hic
1643 3777 1741 3832 po-

161 3856 320 3901 netur
347 3862 539 3916 corpus
560 3848 882 3901 dominicum
904 3889 919 3913 ,
952 3865 1055 3902 non
1085 3849 1295 3919 quidem
1324 3850 1503 3906 fasciis
1528 3853 1738 3908 involu-

163 3946 275 3989 tum
298 3937 451 3990 sicuti
481 3946 622 3998 tunc,
653 3937 746 3990 sed
772 3937 1002 4007 undique
1027 3939 1224 4006 Spiritu
1251 3952 1436 3994 sancto
1463 3943 1736 3998 vestitum.

161 4027 260 4093 Qui
293 4027 555 4096 mysteriis
587 4027 773 4080 initiati
799 4037 955 4092 sunt,
990 4028 1285 4098 intelligunt
1311 4045 1430 4098 qua:
1469 4031 1736 4086 dicuntur.

160 4120 238 4172 Ac
266 4117 396 4187 Magi
422 4117 632 4188 quidem
665 4118 793 4172 nihil
819 4119 957 4172 aliud
981 4135 1136 4187 qnam
1166 4121 1473 4189 adorarunt,
1497 4123 1592 4178 tibi
1614 4139 1740 4178 vero

159 4209 204 4262 si
235 4223 354 4261 cum
386 4223 514 4277 pura
547 4211 834 4263 accesseris
854 4211 1176 4265 conscientia
1200 4249 1216 4269 ,
1249 4212 1649 4279 permittemus,
1681 4223 1742 4268 ιιι

160 4312 360 4360 sumas,
380 4305 655 4366 etsumpto
674 4299 889 4354 domum
915 4300 1096 4354 abeas.
1121 4300 1325 4356 Accede
1354 4302 1511 4371 igitur
1531 4311 1584 4358 tu
1607 4319 1742 4373 quo-

159 4407 267 4461 que
291 4403 510 4446 munera
534 4390 764 4446 offerens
782 4433 797 4451 .
829 4408 932 4445 non
959 4392 1131 4461 qualia
1159 4391 1468 4448 deferebant
1505 4395 1602 4456 illi,
1643 4395 1737 4450 sed

161 4481 330 4535 multo
369 4481 723 4552 religiosiura.
768 4482 1085 4537 Ohtulernnt
1128 4483 1202 4538 illi
1249 4499 1434 4538 aurum
1459 4526 1475 4551 ,
1521 4487 1655 4542 oll‘er
1685 4497 1734 4542 tu

162 4573 564 4640 temperantiam
593 4587 655 4627 ac
681 4573 927 4628 virtutem
960 4573 1302 4629 :obtulerunt
1328 4576 1402 4630 illi
1434 4575 1573 4640 thus,
1607 4577 1741 4632 oﬁ’er

164 4671 219 4715 tu
251 4678 406 4731 puras
453 4677 638 4732 preces
659 4704 676 4730 ,
725 4679 844 4733 qua:
877 4673 1003 4718 sunt
1038 4664 1380 4720 odoramenta
1427 4667 1742 4736 spiritualia:

164 4755 470 4810 obtulerunt
496 4755 569 4807 illi
600 4753 892 4825 myrrham,
919 4755 1053 4823 oll'er
1075 4765 1128 4809 tu
1161 4756 1532 4821 humilitatem,
1565 4766 1619 4810 et
1644 4772 1740 4812 cor

163 4847 484 4900 submissum
513 4862 634 4901 cum
659 4847 1018 4918 eleemosyna.
1050 4847 1198 4914 Quod
1225 4851 1268 4904 si
1297 4848 1442 4904 hisce
1466 4863 1585 4903 cum
1623 4865 1778 4916 mox

165 4937 384 4992 ncribus
420 4939 712 4992 accesseris
734 4979 749 5002 ,
783 4939 946 4992 multa
978 4955 1097 4994 cum
1122 4939 1312 4994 ﬁducia
1345 4941 1610 5009 particeps
1635 4941 1741 4994 eris

165 5027 322 5095 lmjus
367 5041 534 5082 sacra:
581 5043 797 5083 mensa.
856 5028 988 5083 Nam
1036 5029 1149 5084 lucc
1196 5029 1317 5084 ideo
1346 5046 1487 5086 nunc
1525 5031 1736 5100 loquor,

165 5117 307 5187 quod
337 5119 501 5172 sciam
542 5128 689 5172 certo
727 5119 956 5172 futurum
981 5160 997 5185 ,
1042 5129 1098 5173 ιιι
1128 5119 1181 5172 in
1213 5119 1301 5173 illa
1328 5120 1414 5174 die
1442 5122 1741 5190 complures

165 5205 424 5261 accedant
473 5208 780 5277 irruantque
806 5209 872 5264 ad
914 5209 1178 5263 victimam
1216 5209 1353 5264 hanc
1389 5209 1740 5280 spiritualcm.

166 5295 332 5366 Igitur
368 5312 439 5352 ne
481 5298 735 5353 faciamus
758 5299 824 5353 ad
854 5297 1230 5354 detrimentum
1258 5310 1313 5356 et
1340 5302 1742 5357 condemnatio-

168 5405 290 5442 nem
317 5389 509 5444 anitutc
539 5399 734 5445 nostra;
757 5431 773 5454 ,
815 5389 910 5445 sed
945 5391 1013 5444 ad
1049 5391 1272 5446 salutem
1306 5409 1319 5445 :
1347 5391 1456 5462 jam
1487 5409 1625 5448 nunc
1650 5395 1746 5449 ob-

168 5488 338 5533 testor
361 5479 689 5551 obsecroque
713 5521 729 5548 ,
762 5490 820 5535 ut
844 5481 1095 5536 onmibus
1123 5483 1296 5538 modis
1331 5485 1626 5558 repurgati,
1674 5487 1744 5540 ita

166 5577 382 5624 demum
406 5585 555 5625 sacra
585 5571 785 5626 adeatis
814 5571 1084 5632 mysteria.

239 5661 293 5716 4.
320 5659 444 5717 Cum
473 5678 588 5717 vera
619 5663 907 5734 paenitentia
933 5661 1067 5716 ιη’τὶ
1090 5673 1250 5732 potest
1273 5667 1574 5722 conscientia
1593 5687 1742 5726 utm-

1302 279 1389 334 nt:
1429 273 1654 331 nemo
1692 271 2118 335 PHILOGONIO.
2162 283 2248 338 Vl.

3333 301 3438 356 7.31.

1859 387 1988 440 dari.
2020 420 2091 429 -—
2120 393 2296 463 Neque
2321 397 2448 451 mihi
2476 401 2752 470 quisquam
2775 403 2990 470 dixerit,
3025 423 3234 473 vereor,
3262 410 3435 466 habeo

1857 482 2235 539 conscientiam
2279 491 2507 553 peccatis
2548 493 2816 561 0ppletam
2841 537 2856 558 ,
2903 500 3167 552 sarcinam
3207 502 3437 555 circnm-

1859 568 1970 621 fero
1991 574 2378 640 gravissimam.
2432 578 2640 636 Sufﬁcit
2667 584 2810 638 enim
2842 585 3029 641 horum
3057 591 3290 660 quinque
3316 593 3433 645 die-

1857 676 1970 714 rtnn
1999 674 2226 734 tempus,
2255 667 2297 720 si
2324 669 2532 724 sobrius
2552 671 2732 738 fueris,
2755 677 2800 729 si
2826 679 3080 741 oraveris,
3110 681 3152 733 si
3180 682 3429 749 vigilave-

1857 752 1950 818 ris,
1972 764 2027 807 ut
2045 759 2430 813 multitudinem
2450 777 2783 830 peccatorum
2803 769 2992 822 reddas
3003 775 3432 828 contractiorem.

1857 841 1962 896 Nec.
1994 844 2115 897 illud
2156 850 2420 915 perpende
2445 852 2584 920 quod
2615 852 2776 909 breve
2799 866 3005 926 tempus
3025 869 3145 926 est;
3177 863 3270 916 sed
3305 864 3429 918 illud

1855 934 2131 987 considera
2164 937 2301 1004 quod
2348 939 2606 1010 benignus
2645 955 2728 998 est
2771 946 3039 1003 Dominus.
3088 951 3434 1022 Quandoqui-

1853 1020 2047 1076 demet
2073 1024 2314 1080 Ninivita:
2365 1030 2520 1084 tridui
2567 1035 2738 1101 spatio
2783 1044 2980 1090 tantam
3011 1039 3140 1093 iram
3175 1042 3266 1095 Dei
3298 1020 3341 1095 at
3372 1060 3432 1098 se

1853 1111 2172 1179 depulerunt
2195 1158 2211 1180 ,
2256 1133 2354 1171 nec
2380 1119 2584 1174 obstitit
2610 1123 2717 1176 illis
2749 1129 2998 1194 temporis
3025 1131 3261 1197 angusﬁa
3288 1174 3302 1193 ,
3334 1130 3429 1186 sed

1851 1203 2012 1255 animi
2045 1207 2424 1272 promptitudo,
2452 1212 2780 1280 amplectens
2799 1215 3001 1283 Domini
3028 1219 3427 1288 benignitatem,

1853 1303 2019 1345 totum
2050 1312 2300 1364 peragere
2325 1300 2487 1353 valuit
2514 1301 2659 1372 (Jon.
2693 1304 2769 1372 5).
2804 1307 2864 1358 Et
2891 1310 3137 1361 meretrix
3169 1310 3256 1363 illa
3282 1311 3427 1366 brevi

1852 1389 2103 1453 temporis
2145 1400 2449 1458 momento,
2505 1409 2626 1448 cum
2666 1396 2731 1448 ad
2773 1392 3041 1452 Christum
3085 1403 3424 1466 accessisset,

1849 1477 2024 1528 omnia
2054 1479 2242 1544 probra
2271 1481 2424 1535 diluit
2449 1483 2602 1551 (Luc.
2633 1487 2706 1555 7).
2735 1488 2870 1553 Quin
2901 1500 2954 1543 ct
2986 1491 3427 1550 calumniantibus

1848 1563 2066 1628 Judzcis,
2093 1569 2232 1636 quod
2266 1571 2406 1624 illam
2434 1573 2754 1639 admisisset,
2789 1588 3090 1648 tantamque
3117 1585 3430 1650 przcbuissct

1850 1648 2134 1715 ﬁduciam,
2180 1653 2428 1709 Christus
2473 1657 2576 1710 illis
2603 1661 2814 1728 quidem
2856 1648 3126 1717 silentium
3158 1668 3426 1735 imposuit,

1849 1739 1986 1794 hanc
2015 1757 2140 1796 vero
2168 1745 2321 1799 malis
2345 1749 2592 1802 omnibus
2634 1750 2908 1806 liberatam
2932 1795 2945 1816 ,
2975 1757 3426 1830 comprobatoque

1848 1829 1991 1886 illius
2015 1832 2209 1899 studio,
2252 1837 2320 1888 ita
2351 1837 2565 1891 donnnn
2594 1841 2815 1894 remisit.
2864 1843 3000 1910 Quid
3045 1845 3115 1899 ita
3163 1849 3420 1903 tandem?

1849 1921 2107 1986 Quoniam
2137 1924 2355 1980 ferventi
2395 1930 2590 1992 animo,
2623 1941 2676 1985 et
2706 1934 2944 2002 flagranti
2969 1937 3150 1999 corde,
3190 1939 3426 1994 ardenti-

1849 2027 1952 2081 que
1989 2015 2214 2069 accessit
2259 2017 2360 2071 ﬁde
2385 2058 2399 2080 ,
2437 2031 2754 2092 sanctosque
2797 2025 2912 2077 illos
2951 2041 3012 2080 ac
3047 2043 3227 2082 sacros
3255 2031 3427 2100 attigit

1846 2103 2028 2172 pedes,
2060 2106 2243 2159 solutis
2272 2109 2494 2175 capillis,
2529 2109 2759 2166 fontibus
2786 2114 3137 2185 lacrymarum
3166 2135 3232 2173 ex
3259 2123 3428 2176 oculis

1845 2196 2055 2250 emissis
2077 2237 2092 2260 ,
2123 2211 2390 2267 unguento
2418 2201 2650 2268 profuso.

1919 2287 2235 2344 Pwnitentia:
2261 2295 2458 2346 modus.
2499 2324 2573 2335 —
2619 2295 2829 2351 Etenim
2871 2314 2966 2367 per
3002 2318 3120 2371 qum
3146 2303 3428 2374 deceperat

1846 2378 2124 2444 homines,
2169 2399 2264 2451 per
2296 2385 2480 2440 eadem
2526 2391 2726 2454 paravit
2768 2393 3000 2446 remedia
3054 2397 3422 2462 paruitentite:

1845 2483 1942 2538 per
1977 2486 2096 2538 qua:
2123 2485 2369 2528 avocarat
2396 2476 2578 2530 oculos
2619 2478 3115 2549 intemperantiam,
3170 2502 3265 2555 per
3313 2489 3426 2544 haec

1844 2565 2018 2619 emisit
2045 2567 2305 2637 lacrymas
2335 2586 2348 2622 :
2373 2585 2468 2638 per
2490 2571 2715 2640 capillos
2740 2585 2854 2628 arte
2877 2578 3200 2646 compositos
3230 2581 3424 2635 nmltos

1846 2655 2087 2710 illexerat
2128 2657 2193 2711 ad
2225 2669 2495 2726 peccatum
2520 2701 2536 2724 ,
2581 2677 2674 2730 per
2711 2663 2926 2717 eosdem
2976 2667 3140 2735 pedes
3174 2669 3425 2726 abstersit

1844 2743 2057 2799 Christi.
2102 2745 2380 2816 Unguento
2421 2753 2614 2804 multos
2656 2752 2955 2814 inescat-at.
3010 2772 3099 2825 per
3127 2757 3228 2812 hoc
3263 2759 3424 2829 pedes

1846 2835 1987 2889 illius
2014 2837 2183 2890 unxit.
2230 2839 2462 2894 Proinde
2491 2851 2544 2896 et
2581 2851 2634 2896 tu
2663 2859 2802 2897 nunc
2828 2845 3022 2914 quibus
3050 2849 3208 2903 rebus
3233 2866 3423 2918 provo-

1843 2929 1976 2981 casti
2005 2929 2192 2993 Deum,
2224 2945 2319 2999 per
2346 2929 2443 2986 has
2470 2948 2678 2987 rursum
2704 2934 2863 2988 facito
2894 2937 3195 3006 propitium.
3228 2941 3426 2996 Provo-

1843 3023 1976 3073 casti
2033 3020 2177 3074 illum
2233 3022 2574 3090 pecuniarum
2629 3025 2840 3092 rapina,
2888 3042 2984 3094 per
3025 3029 3243 3084 easdem
3274 3031 3422 3086 illmn

1845 3111 2125 3165 reconcilia
2152 3152 2166 3174 ,
2218 3127 2446 3182 cumque
2486 3122 2540 3167 ct
2581 3124 2729 3183 rapta
2775 3118 3074 3172 restitueris
3109 3121 3250 3189 illis,
3291 3137 3425 3191 quos

1845 3199 2036 3269 injuria
2060 3200 2350 3268 alieceras,
2379 3211 2434 3257 et
2473 3204 2574 3259 alia
2634 3205 2851 3274 insuper
2897 3208 3167 3265 addideris
3191 3252 3206 3275 ,
3257 3212 3422 3268 dicito

1841 3291 1995 3361 juxta
2049 3289 2331 3348 Zacha'utn
2362 3310 2376 3348 :
2406 3294 2571 3348 reddo
2602 3296 2618 3328 ¹
2650 3299 2908 3363 omnium,
2935 3314 3056 3368 qua:
3089 3303 3258 3370 rapui,
3290 3317 3422 3371 qua-

1843 3381 2088 3452 druplum
2120 3381 2271 3454 (Luc.
2304 3385 2392 3440 i9.
2429 3384 2510 3452 8).
2559 3385 2862 3442 Provocasti
2905 3388 3080 3458 lingua
3108 3400 3162 3444 et
3200 3393 3422 3446 maledi-

1842 3476 2054 3542 centia,
2101 3476 2283 3530 multis
2325 3479 2643 3533 contumelia
2687 3478 2925 3544 aﬂ'cctis,
2969 3482 3201 3536 vicissim
3246 3483 3424 3553 lingua

1841 3568 2051 3636 placato
2074 3609 2090 3634 ,
2132 3582 2293 3638 puras
2321 3569 2572 3624 emittens
2601 3585 2816 3639 preces,
2845 3571 3164 3626 benedicens
3195 3575 3422 3628 maledi-

1843 3659 2107 3720 centibus,
2137 3658 2358 3714 laudans
2381 3661 2760 3729 vituperantes,
2779 3661 2978 3730 gratias
2997 3677 3160 3732 agens
3178 3663 3421 3733 injuriam

1843 3749 2209 3804 inferentibus.
2261 3750 2384 3804 ΙΙωο
2411 3765 2514 3804 ιιοιι
2541 3760 2700 3819 egent
2732 3751 2911 3805 multis
2950 3753 3139 3808 diebus
3167 3755 3410 3819 annisve,

1841 3839 1936 3894 sed
1961 3840 2075 3892 solo
2103 3840 2262 3892 animi
2293 3841 2597 3908 proposito,
2647 3850 2702 3894 et
2747 3842 2905 3896 unico
2932 3842 3020 3897 die
3058 3844 3419 3912 perﬁciuntur.

1847 3930 2067 3986 Discede
2092 3947 2122 3986 a
2150 3933 2290 3984 malo
2310 3968 2326 3996 ,
2370 3931 2614 3986 virtutem
2645 3933 2963 4001 amplectere
2981 3975 2996 4000 ,
3027 3936 3224 3991 desiste
3243 3952 3272 3990 a
3299 3953 3422 4007 pra-

1841 4023 2044 4076 vitate:
2079 4022 2324 4090 pollicere
2355 4031 2404 4076 te
2444 4022 2662 4090 posthac
2708 4023 2804 4077 ista
2848 4039 2953 4078 non
2992 4027 3418 4096 commissurum,

1842 4123 1896 4168 et
1921 4113 2060 4168 istud
2102 4111 2330 4167 sufficiet
2364 4112 2428 4166 ad
2458 4112 2871 4167 excusationem.
2926 4114 3039 4184 Ego
3071 4117 3325 4173 testiﬁcor
3361 4135 3424 4174 ac

1845 4205 2108 4275 lldejuheo
2150 4204 2298 4268 fore,
2325 4214 2382 4259 ut
2419 4205 2464 4258 si
2513 4213 2752 4260 nostrum
2791 4207 3013 4276 quisque
3050 4212 3139 4278 qui
3192 4210 3424 4279 peccatis

1843 4297 2057 4352 obnoxii
2096 4310 2281 4350 smnus
2310 4295 2566 4350 recedens
2592 4311 2623 4350 a
2653 4296 2890 4365 pristinis
2915 4298 3065 4352 malis
3084 4339 3100 4364 ,
3139 4315 3207 4354 ex
3242 4301 3423 4355 animo

1843 4405 2071 4460 vereque
2118 4390 2386 4459 promittat
2424 4389 2532 4443 Deo
2573 4403 2633 4443 se
2676 4399 2856 4458 postea
2904 4405 3188 4461 numquam
3225 4392 3290 4446 ad
3336 4393 3424 4447 illa

1844 4483 2156 4547 rediturum,
2191 4482 2322 4536 nihil
2349 4481 2489 4535 aliud
2519 4482 2656 4535 Deus
2681 4483 2912 4552 requiret
2932 4482 2998 4536 ad
3025 4485 3423 4541 excusationem

1843 4575 2121 4642 majorem.
2153 4573 2416 4641 Benignos
2439 4572 2582 4626 enim
2609 4579 2726 4635 est,
2752 4579 2806 4626 et
2827 4573 3271 4640 quemadmodum
3302 4590 3425 4644 par-

1845 4667 2048 4722 turiens
2071 4665 2216 4734 cupit
2243 4665 2369 4718 eniti
2413 4664 2573 4718 fetum
2598 4703 2614 4727 ,
2658 4663 2725 4717 ita
2771 4671 2826 4717 et
2861 4663 2948 4717 ille
2985 4665 3130 4733 cupit
3153 4665 3426 4722 effundere

1844 4775 1994 4815 suam
2022 4756 2438 4812 misericordiam
2472 4771 2487 4808 :
2519 4755 2612 4809 sed
2641 4755 2715 4808 illi
2743 4755 2953 4808 obstant
2981 4767 3194 4824 peccata
3219 4768 3419 4814 nostra.

1846 4852 2126 4905 Diruamns
2153 4849 2308 4917 igitur
2333 4845 2637 4910 maceriam,
2660 4855 2818 4914 atque
2840 4861 2904 4898 ex
2930 4845 3030 4900 hoc
3054 4846 3161 4915 jam
3182 4856 3422 4917 tempore

1847 4944 2039 4998 festum
2067 4941 2422 5010 auspicemur,
2452 4938 2614 4991 hosce
2635 4936 2746 4990 dies
2762 4936 2993 5006 quinque
3015 4939 3240 5007 negotiis
3264 4940 3431 4993 omni-

1849 5036 1947 5089 bos
1973 5034 2148 5087 valere
2174 5032 2336 5100 jussis
2357 5071 2372 5093 ,
2405 5029 2577 5083 valeat
2606 5027 2778 5082 forum
2801 5069 2815 5090 ,
2843 5029 3013 5082 valeat
3040 5031 3188 5084 curia
3211 5072 3225 5094 ,
3259 5030 3428 5085 faces-

1847 5134 1968 5179 sant
2011 5122 2292 5177 mundana:
2342 5134 2484 5174 curm
2532 5133 2649 5171 cum
2698 5119 2866 5187 pactis
2913 5126 2967 5172 et
3015 5122 3423 5176 contractibus:

1847 5217 2074 5269 animam
2101 5229 2270 5268 meam
2301 5226 2514 5268 scrvare
2550 5211 2725 5280 cupio.
2762 5210 2898 5274 Quid
2935 5212 3135 5280 prodest
3167 5213 3356 5265 homini
3383 5214 3428 5265 si

1847 5316 2004 5361 totum
2030 5305 2271 5358 mundam
2296 5303 2516 5356 lucretur
2535 5341 2550 5363 ,
2589 5301 2773 5354 animae
2807 5317 2920 5354 vero
2948 5317 3054 5354 sum
3079 5301 3426 5355 detrimcntmn

1849 5397 2074 5467 patiatur
2098 5393 2308 5466 (Matth.
2331 5393 2416 5447 16.
2437 5391 2568 5458 26)?
2593 5390 2802 5460 Egressi
2828 5399 2951 5444 sunt
2975 5405 3003 5442 a
3036 5389 3251 5443 Perside
3271 5389 3426 5457 Magi,

1849 5485 2104 5558 egredere
2145 5494 2201 5539 tu
2231 5500 2261 5540 e
2289 5479 2622 5552 temporariis
2666 5479 2926 5550 negotiis,
2969 5479 3036 5534 ad
3074 5479 3254 5535 Jcsum
3301 5495 3420 5549 pro-

1917 5681 1938 5720 ι
1971 5677 2166 5739 Quidam
2187 5681 2314 5735 Mss,
2338 5673 2562 5725 reddam.
