3854 6222
396 283 506 338 755

396 396 633 452 ﬁciscere
672 411 686 449 :
725 405 829 445 non
873 395 954 445 est
999 386 1213 454 longum
1256 381 1587 434 intervallum
1635 376 1681 430 si
1725 375 1967 429 velimus.

395 487 512 544 Non
539 486 678 542 enim
705 497 922 538 necesse
945 489 1025 534 est
1048 477 1295 545 trajicere
1322 486 1489 536 mare,
1515 483 1687 537 neque
1713 465 1970 520 montium

397 594 651 652 superare
677 575 970 639 cacumina,
998 572 1092 628 sed
1114 569 1256 624 domi
1285 566 1497 628 sedens,
1527 563 1570 617 si
1603 562 1849 630 pietatem
1879 573 1976 612 ex-

400 672 626 733 hibeas,
680 669 1004 734 multamque
1047 660 1223 716 cordis
1272 654 1775 725 compunctiouem,
1822 650 1976 720 petes

402 765 551 818 illum
579 761 756 815 videre
777 800 790 820 ,
837 765 986 824 potes
1016 762 1176 807 totam
1203 750 1417 803 diruere
1446 744 1729 801 maceriam
1755 782 1770 808 ,
1809 749 1976 794 totum

402 857 721 910 submovere
748 848 1100 911 obstaculum,
1129 841 1440 897 abbreviare
1457 839 1552 890 via:
1573 833 1976 904 longitudinem.

403 945 544 998 Dens
579 943 709 996 enim
733 982 748 1006 ,
791 939 990 1008 inquit,
1040 932 1454 1004 apprOpinquans
1481 943 1571 998 ego
1599 941 1710 978 sum
1737 965 1751 989 ,
1792 933 1838 975 et
1879 937 1980 974 non

404 1034 542 1090 Dens
585 1032 760 1102 procul
794 1029 1004 1099 (Jcrem.
1029 1026 1119 1080 2'5.
1159 1024 1253 1091 25)
1274 1062 1289 1088 ,
1329 1029 1402 1086 et,
1437 1016 1686 1071 Dominus
1720 1028 1878 1082 prope
1911 1019 1984 1063 est

406 1127 632 1180 omnibus
653 1121 992 1176 invocantibus
1021 1119 1184 1186 ipsum
1209 1115 1261 1168 in
1291 1113 1492 1167 veritate
1520 1107 1690 1180 (Paul.
1720 1105 1840 1159 1M.
1872 1103 1982 1172 18).

411 1215 558 1270 Nunc
583 1223 755 1267 autem
785 1211 936 1264 multi
963 1207 1197 1262 ﬁdelium
1227 1204 1280 1258 in
1310 1211 1506 1256 tantam
1536 1196 1838 1253 vecordiam
1867 1203 1984 1245 tan-

415 1315 631 1373 tumque
655 1314 850 1356 venere
879 1305 1238 1366 contemptqm
1259 1335 1274 1358 ,
1308 1302 1364 1346 ut
1395 1305 1515 1346 cum
1547 1285 1839 1341 innumeris
1867 1297 1988 1336 sea-

412 1403 559 1448 teant
581 1392 734 1446 malis
754 1431 769 1455 ,
814 1389 1115 1456 nullamque
1142 1385 1261 1438 vita:
1288 1399 1397 1437 sum
1426 1394 1608 1434 curam
1637 1375 1900 1436 habeant,
1934 1371 1986 1424 in

414 1485 601 1540 diebus
627 1482 772 1538 festis
800 1479 1126 1549 negligenter
1152 1491 1215 1529 ac
1243 1483 1441 1528 temere
1476 1469 1542 1523 ad
1576 1480 1813 1523 mensam
1855 1465 1990 1516 hanc

415 1573 688 1637 accedant,
720 1569 859 1625 haud
886 1567 1256 1637 intelligentes,
1285 1561 1422 1632 quod
1449 1555 1838 1614 communionis
1858 1561 1994 1607 tem-

417 1683 518 1738 pus
543 1681 647 1720 non
668 1674 749 1720 est
779 1663 991 1727 festum,
1021 1673 1192 1729 neque
1220 1655 1526 1718 celebritas,
1555 1651 1652 1705 sed
1672 1647 1993 1704 conscientia

417 1736 584 1830 pura,
628 1757 838 1824 vitaque
875 1769 904 1807 a
941 1750 1172 1822 peccatis
1210 1754 1514 1816 repurgata.
1560 1744 1710 1798 Sicut
1737 1741 1878 1795 enim
1905 1736 1996 1807 qui

418 1828 518 1904 sibi
551 1848 744 1901 nullius
787 1843 910 1898 mali
937 1841 1180 1897 conscius
1206 1847 1288 1893 est
1309 1879 1322 1901 ,
1363 1837 1503 1889 hunc
1538 1839 1750 1903 oportet
1777 1828 1997 1900 singulis

419 1939 607 1994 diebus
627 1935 919 1997 accedere;
962 1933 1039 1985 sic
1075 1929 1166 2000 qui
1190 1927 1422 1999 peccatis
1450 1933 1738 1992 occupatus
1767 1929 1870 1984 est,
1899 1933 1999 1972 nec

421 2032 663 2100 paenitet,
689 2041 810 2082 eum
839 2040 906 2078 ne
935 2024 989 2076 in
1017 2021 1164 2075 festis
1184 2019 1395 2090 quidem
1425 2015 1676 2070 accedere
1699 2021 1867 2066 tutum
1895 2017 1997 2064 est.

423 2122 605 2190 Neque
633 2119 772 2174 enim
804 2115 970 2169 semel
1011 2113 1066 2167 in
1109 2126 1249 2164 anno
1291 2107 1544 2163 accedere
1568 2148 1582 2172 ,
1629 2105 1816 2159 liberat
1847 2117 1944 2156 nos
1971 2115 2001 2154 a

425 2210 655 2284 peccatis
680 2251 694 2275 ,
740 2208 785 2262 si
827 2205 1042 2274 indigne
1079 2199 1456 2256 accesserimus
1484 2215 1497 2252 :
1529 2198 1654 2267 quin
1703 2195 1804 2249 hoc
1832 2195 2003 2264 ipsum

429 2303 603 2373 potius
631 2306 788 2368 auget
811 2295 1204 2352 damnationem
1224 2332 1238 2356 ,
1285 2290 1424 2360 quod
1451 2304 1571 2344 cum
1601 2286 1770 2342 semel
1801 2295 2005 2339 tantum

427 2391 776 2455 accedamus,
819 2403 887 2442 ne
935 2395 1045 2440 tum
1091 2383 1303 2454 quidem
1349 2396 1478 2450 pure
1519 2379 1838 2433 accedimus.
1867 2376 2002 2442 Qua-

432 2491 647 2554 propter
689 2479 946 2534 adhortor
974 2491 1069 2531 vos
1112 2488 1301 2527 omnes
1347 2486 1415 2525 ne
1461 2470 1804 2539 negligenter,
1845 2466 2008 2520 veluti

433 2575 570 2630 festo
591 2571 680 2627 die
704 2577 926 2639 cogente
945 2607 962 2634 ,
1002 2566 1068 2620 ad
1095 2565 1272 2619 divina
1297 2561 1545 2631 mysteria
1585 2558 1849 2612 acccdatis
1867 2598 1883 2623 ,
1913 2555 2010 2610 sed

434 2665 479 2720 si
516 2662 729 2734 quando
756 2659 914 2728 hujus
941 2672 1106 2712 sacrae.
1145 2655 1330 2709 hostiae
1359 2651 1518 2705 futuri
1555 2649 1834 2720 participes
1860 2647 2007 2708 estis,

435 2755 616 2810 multis
656 2762 780 2806 ante
819 2750 1007 2805 uiebus
1053 2745 1345 2816 repurgetis
1375 2757 1470 2798 vos
1503 2743 1647 2811 ipsos
1678 2741 1692 2770 ³
1723 2754 1816 2808 per
1844 2737 2013 2807 pmni-

438 2850 686 2911 tentiam,
715 2841 1072 2915 precationem
1094 2849 1148 2894 et
1173 2837 1582 2905 eleemosynam,
1619 2845 1815 2901 perque
1855 2829 2011 2896 spiri.

439 2941 636 2996 tualcm
659 2934 1108 2995 exercitationem,
1139 2943 1239 2984 nec
1265 2928 1441 2983 denuo
1460 2919 1840 2979 convertamini
1867 2918 2017 2971 canis

439 3035 494 3089 in
516 3044 720 3086 morem
745 3027 810 3082 ad
838 3025 1106 3096 proprium
1131 3020 1410 3074 vomitum.
1442 3019 1632 3070 Annon
1662 3013 1804 3067 enim
1831 3009 2018 3062 absur-

438 3123 563 3179 dum
605 3129 805 3175 tantam
849 3115 1047 3169 habere
1083 3125 1265 3165 curam
1316 3121 1497 3162 rerum
1526 3101 1876 3173 corporalium
1901 3141 1917 3164 ,
1964 3107 2020 3151 ut

439 3219 722 3283 appetente
768 3206 904 3262 festo
939 3201 1119 3258 multis
1159 3208 1285 3254 ante
1309 3197 1496 3252 diebus
1521 3203 1722 3250 vestem
1751 3207 1782 3246 e
1809 3189 2020 3245 scriniis

441 3300 852 3372 pulcherrimam
879 3296 1162 3364 diligenter
1189 3302 1435 3358 appares,
1463 3299 1611 3341 emas
1639 3284 2018 3344 calceamenta,

443 3406 628 3447 mensa
658 3387 853 3458 largior
868 3381 1298 3455 splendidiorque
1324 3385 1557 3446 paretur,
1579 3375 1807 3448 denique
1823 3372 2020 3426 variam

445 3484 786 3551 undiquaque
826 3490 1007 3531 rerum
1053 3471 1261 3541 copiam
1309 3467 1614 3538 excogites,
1669 3466 2023 3533 omnibusque

447 3573 618 3630 modis
641 3569 976 3637 temetipsum
1012 3578 1169 3618 ornes
1185 3601 1201 3627 ,
1227 3559 1554 3628 nitidumque
1577 3556 1769 3611 reddas
1798 3573 1810 3608 :
1835 3554 2026 3609 anima:

447 3679 578 3720 vero
620 3661 875 3730 neglecta:
895 3697 912 3723 ,
954 3652 1220 3709 sordentis
1243 3693 1258 3718 ,
1294 3648 1547 3719 squalida:
1566 3688 1580 3712 ,
1612 3647 1748 3700 fame
1771 3645 2025 3699 contabe-

449 3755 648 3810 scentis
686 3749 887 3805 nullum
928 3745 1124 3800 habeas
1153 3750 1452 3813 respectum
1494 3753 1617 3793 cum
1661 3736 1774 3791 sola
1818 3742 2028 3788 maneat

451 3850 679 3918 impura,
711 3858 773 3898 ac
794 3853 990 3910 corpus
1007 3835 1220 3908 quidem
1245 3832 1468 3888 nitidum
1493 3830 1598 3884 huc
1621 3827 1875 3890 adducas,
1905 3824 2024 3878 aui-

513 4027 527 4056 ³
565 4029 715 4072 Deest
737 4022 785 4070 in
801 4015 1086 4082 quibusdam
1098 4019 1227 4071 Mss,
1251 4021 1330 4059 vos
1351 4006 1496 4071 ipsos.

1135 274 1191 329 S.
1225 270 1508 330 JOANNIS
1535 258 2012 321 CllRYSOSTOMl
2054 254 2371 310 ARCHIEP.
2411 247 2942 306 CONSTANTlNOP.

3557 239 3672 296 756

2079 385 2217 423 mam
2242 382 2368 420 vero
2399 364 2590 418 nudam
2621 358 3020 428 incultumque?
3045 356 3200 426 Atqui
3231 370 3427 424 corpus
3443 355 3672 424 quidem

2077 460 2223 516 videt
2262 471 2592 520 conservus,
2646 467 2819 521 neque
2868 452 3154 519 quidquam
3204 456 3288 502 est
3330 447 3674 507 detrimenti,

2081 546 2579 619 quomodocumque
2623 541 2780 595 fuerit
2818 539 3053 592 habitum
3083 554 3096 589 :
3125 537 3266 589 illam
3295 543 3479 589 autem
3524 534 3676 587 videt

2083 639 2372 698 Dominus,
2426 635 2516 704 qui
2562 632 2874 703 gravissime
2925 629 3076 698 punit
3129 627 3533 696 negligentiam.
3591 626 3676 678 An

2083 728 2298 783 nescitis
2321 725 2461 796 quod
2488 725 2599 777 hzec
2630 737 2812 776 mensa
2841 721 2992 788 plena
3021 730 3102 772 est
3133 719 3250 786 igne
3283 716 3556 787 spirituali
3577 756 3592 778 ,
3625 724 3682 769 et

2083 815 2524 888 quemadmodum
2570 813 2742 867 futiles
2785 826 2934 879 aqum
2966 811 3074 862 vim
3112 807 3375 862 exundant
3405 847 3418 870 ,
3451 807 3529 859 ita
3564 805 3685 858 haec

2085 907 2350 962 ﬂammam
2381 904 2657 975 quamdam
2692 901 2849 956 habet
2874 914 3120 954 arcanam
3148 900 3170 952 ?
3195 897 3270 952 Ne
3299 897 3462 967 igitur
3492 912 3685 950 acces—

2088 1000 2224 1056 seris
2249 997 2496 1068 stipulam
2536 995 2763 1049 all'erens
2785 1034 2800 1057 ,
2844 1007 2949 1046 non
2990 992 3128 1060 ligna
3154 1031 3169 1055 ,
3199 1005 3300 1043 non
3331 988 3539 1043 fumum
3561 1027 3578 1052 ,
3613 1002 3688 1041 ne

2088 1103 2280 1158 augeas
2320 1085 2620 1141 incendium
2647 1125 2662 1150 ,
2711 1096 3008 1150 exurasque
3052 1079 3282 1133 animam
3321 1078 3389 1131 ad
3431 1093 3690 1131 commu-

2089 1181 2302 1234 nionem
2339 1176 2678 1233 accedentem
2715 1172 2849 1228 :sed
2885 1171 3080 1225 accede
3108 1171 3282 1224 ferens
3311 1169 3523 1238 lapides
3551 1183 3686 1238 pre-

2093 1271 2257 1323 tiosos
2280 1309 2294 1333 ,
2324 1281 2540 1331 aurum,
2569 1273 2847 1334 argentum
2870 1304 2884 1326 ,
2907 1277 3012 1330 quo
3041 1261 3306 1328 puriorem
3334 1258 3541 1312 reddas
3567 1273 3688 1310 ma-

2093 1360 2280 1414 teriam
2306 1399 2322 1422 ,
2363 1357 2634 1424 multoque
2661 1368 2782 1408 cum
2825 1352 2975 1407 lucro
3019 1349 3279 1404 discedas.
3309 1349 3362 1402 Si
3394 1349 3525 1416 quid
3557 1348 3692 1400 mali

2093 1460 2212 1518 est,
2244 1449 2425 1518 abigas
2449 1448 2516 1502 ab
2541 1447 2739 1501 animo.
2774 1445 2941 1498 liabet
2963 1444 3079 1513 quis
3107 1443 3375 1496 inimicum
3395 1482 3408 1503 ,
3443 1440 3697 1508 graviter

2095 1542 2252 1595 laesus
2277 1548 2393 1602 est,
2425 1538 2595 1593 solvat
2622 1534 2963 1597 simultatem,
2993 1541 3236 1587 coerceat
3264 1531 3507 1583 animum
3536 1544 3699 1581 exar-

2097 1631 2404 1686 descentem
2448 1628 2998 1691 intumescentemque
3021 1665 3037 1686 ,
3079 1637 3147 1675 ne
3173 1621 3290 1690 quis
3316 1620 3384 1673 sit
3417 1620 3571 1671 intus
3604 1629 3696 1670 tu-

2099 1721 2296 1775 multus
2339 1725 2432 1771 aut
2477 1714 2825 1786 perturbatio.
2876 1713 3074 1781 [legem
3116 1711 3256 1764 enim
3283 1718 3614 1776 excepturus
3639 1723 3706 1760 es

2101 1827 2198 1883 per
2239 1810 2666 1865 communionem
2696 1822 2710 1858 :
2740 1819 2860 1859 cum
2900 1813 3075 1856 autem
3123 1816 3213 1854 rex
3245 1800 3551 1868 ingreditur
3580 1799 3704 1850 ani-

2100 1917 2263 1966 mam,
2295 1906 2505 1970 oportet
2533 1911 2772 1965 magnam
2797 1907 2914 1948 csse
2946 1890 3394 1960 tranquillitatem,
3426 1888 3709 1941 multum-

2103 2008 2206 2063 que
2231 1991 2525 2054 silentium,
2557 1985 2874 2056 profundam
2899 1983 3274 2054 cogitationum
3299 1981 3559 2048 quietem.
3589 1977 3706 2031 Sed

2104 2085 2357 2140 atrociter
2379 2083 2535 2138 laesus
2555 2096 2632 2144 es,
2662 2093 2760 2132 nec
2785 2086 2932 2147 potes
2959 2077 3089 2129 iram
3107 2075 3396 2127 remittere.
3426 2071 3508 2124 An
3535 2069 3708 2138 igitur

2108 2175 2331 2244 teipsmn
2359 2173 2526 2241 magis
2549 2171 2708 2226 etiam
2739 2180 2792 2223 et
2820 2167 3036 2237 gravius
3066 2164 3268 2218 laedes?
3311 2161 3496 2229 Neque
3541 2162 3699 2214 enim

2109 2266 2271 2321 tantis
2297 2265 2448 2320 malis
2477 2273 2527 2318 te
2573 2262 2769 2317 afﬁciet
2809 2259 3053 2313 inimicus
3093 2267 3438 2326 quaecumque
3477 2251 3701 2310 fecerit,

2109 2357 2302 2426 quibus
2342 2357 2567 2423 teipsum
2592 2352 2758 2406 afﬁcis
2781 2392 2793 2412 ,
2847 2349 2889 2402 si
2933 2364 3035 2402 non
3069 2348 3141 2400 illi
3172 2342 3569 2404 reconcilieris,
3602 2341 3705 2393 sed

2117 2447 2208 2501 Dei
2237 2445 2380 2515 leges
2421 2440 2772 2497 conculcaris.
2817 2438 2906 2490 Ille
2938 2447 2989 2490 te
3016 2433 3334 2488 contumelia
3364 2431 3548 2484 all'eeit
3570 2473 3584 2493 ,
3614 2429 3706 2482 dic

2113 2538 2265 2599 mihi,
2295 2553 2418 2590 num
2443 2534 2636 2588 tuideo
2669 2533 2832 2584 Deum
2863 2528 3064 2582 al‘ticies
3090 2525 3406 2579 contumelia
3430 2523 3452 2574 ?
3480 2521 3706 2574 Etenim

2117 2644 2221 2682 non
2255 2627 2491 2694 recipere
2539 2623 2590 2676 in
2637 2620 2857 2690 gratiam
2885 2633 3005 2672 eum
3046 2615 3132 2685 qui
3173 2613 3467 2667 molestiam
3498 2611 3707 2675 attulit,

2119 2735 2223 2771 non
2257 2727 2362 2770 tam
2389 2723 2469 2768 est
2508 2712 2651 2766 illum
2681 2709 2860 2763 ulcisci
2887 2749 2900 2771 ,
2931 2722 3086 2775 quam
3128 2704 3340 2756 allicere
3372 2700 3706 2754 contumelia

2121 2809 2326 2873 Deum,
2373 2805 2504 2873 legis
2534 2803 2689 2872 hujus
2733 2807 3022 2853 auctorem.
3072 2793 3297 2848 Proinde
3333 2808 3401 2844 ne
3443 2790 3705 2857 respicias

2123 2901 2188 2956 ad
2220 2913 2568 2961 Conservum,
2609 2909 2780 2962 neque
2819 2892 2886 2944 ad
2925 2887 3336 2958 magnitudinem
3363 2882 3707 2950 injuriarum,

2121 3007 2252 3061 quas
2297 2988 2473 3043 intulit
2515 2986 2604 3039 ille
2633 3026 2646 3047 ,
2696 2983 2790 3036 sed
2832 2983 3033 3044 Deum,
3087 2978 3329 3044 illiusque
3375 2974 3628 3026 timorem
3657 2973 3708 3022 in

2121 3086 2299 3138 animo
2321 3083 2544 3143 habens,
2578 3077 2629 3132 id
2662 3086 2832 3130 tecum
2860 3082 3066 3142 reputa,
3093 3082 3143 3123 te
3172 3083 3274 3136 quo
3303 3066 3575 3134 majorem
3609 3067 3711 3116 vim

2123 3175 2423 3232 admoveris
2468 3173 2647 3226 animo
2691 3178 2818 3232 tuo,
2866 3174 2984 3234 post
3025 3163 3299 3215 innumera
3343 3159 3481 3212 mala
3507 3173 3710 3225 cogens

2126 3269 2271 3322 illum
2300 3264 2473 3319 redire
2497 3263 2550 3315 in
2571 3259 2790 3330 gratiam
2812 3271 2929 3309 cum
2953 3269 3040 3316 eo,
3068 3252 3155 3320 qui
3179 3248 3482 3303 molestiam
3511 3248 3712 3308 intulit,

2128 3369 2273 3415 tanto
2305 3359 2474 3425 majus
2505 3353 2778 3422 prremium
2805 3348 3032 3401 laturum
3058 3359 3087 3396 a
3115 3343 3223 3396 Deo
3247 3381 3260 3403 ,
3292 3340 3380 3408 qui
3427 3339 3543 3390 iure
3577 3353 3714 3404 pne-

2128 3451 2288 3520 cepit.
2327 3449 2392 3503 Et
2419 3447 2555 3499 sicut
2583 3443 2665 3495 hic
2698 3441 2860 3493 Deum
2888 3436 3086 3503 excipis
3115 3433 3282 3485 multo
3320 3445 3443 3482 cum
3486 3428 3712 3491 honore,

2128 3516 2211 3597 sic
2226 3548 2278 3594 et
2307 3539 2420 3606 ipse
2445 3544 2497 3589 te
2528 3534 2634 3587 illic
2661 3530 2824 3583 multa
2851 3541 2969 3581 cum
2996 3522 3164 3592 gloria
3191 3519 3422 3588 excipiet
3446 3558 3461 3578 ,
3490 3516 3710 3569 reddet-

2130 3645 2232 3699 que
2268 3627 2360 3681 tibi
2400 3621 2750 3690 millecuplam
2799 3617 2950 3671 istius
2997 3610 3312 3667 obedientia:
3358 3607 3666 3660 mercedem
3702 3623 3713 3656 :

2131 3735 2289 3790 quatn
2338 3717 2489 3770 nobis
2538 3711 2784 3768 omnibus
2824 3705 3038 3773 assequi
3086 3701 3396 3768 contingat,
3448 3698 3625 3766 gratia
3669 3709 3716 3748 et

2133 3810 2462 3880 benignitate
2509 3803 2719 3859 Domini
2767 3798 2934 3854 nostri
2981 3796 3107 3851 Jesu
3155 3793 3385 3853 Christi,
3439 3805 3569 3842 cum
3621 3803 3718 3856 quo

2133 3878 2302 3970 gloria
2349 3899 2417 3951 sit
2462 3893 2638 3958 Patri,
2681 3891 2888 3953 honor,
2935 3885 3212 3954 imperium
3238 3890 3292 3934 et
3322 3879 3608 3940 adomtio,
3649 3878 3719 3928 si.

2135 3969 2349 4058 mulque
2377 3996 2562 4040 sancto
2587 3979 2804 4050 Spiritui
2837 3978 2886 4029 in
2913 3973 3103 4028 saecula
3133 3969 3452 4024 seculorum
3476 4008 3492 4029 ,
3528 3974 3699 4018 Amen

452 4096 3707 4163 _______________————————-—~_________________._.____———————

455 4246 518 4290 IN
566 4244 703 4298 EOS,
749 4240 860 4293 QUI
900 4239 984 4280 AD
1027 4231 1311 4279 SYNAXIM
1351 4227 1480 4271 NON
1521 4218 2006 4270 OCCUBBEBUNT,
2066 4215 2146 4256 ET
2199 4210 2368 4263 QUOD
2426 4205 2630 4250 FILIUS
2685 4201 2873 4245 PATBI

2935 4199 3034 4242 SIT
3085 4191 3559 4239 CONSUBSTANTI
3569 4188 3721 4236 ALIS,

537 4337 1052 4394 DBMONSTRATIO,
1097 4330 1396 4387 QUODQUE
1438 4329 1543 4382 EA,
1589 4324 1732 4377 ρυλε
1789 4317 2009 4362 unum

2122 4316 2148 4354 EI
2213 4312 2292 4354 ΔΒ
2328 4309 2408 4352 ΕΟ
2452 4307 2638 4349 ΒῙΟΤΔ
2668 4303 2829 4346 SUNT
2863 4300 2943 4341 ΕΤ
2984 4297 3208 4346 FACTA,
3254 4291 3377 4334 NON
3438 4289 3726 4331 PROPTER

537 4437 1076 4492 IMBECILLITATEM
1119 4429 1472 4484 POTENTIE,
1518 4425 1638 4469 VEL
1679 4422 1763 4464 UT
1803 4416 2007 4463 MINOR
2049 4409 2439 4462 CENSEATUR,
2484 4404 2686 4448 FACTA
2727 4399 2867 4442 SINT
2901 4397 2981 4438 ET
3023 4393 3207 4435 DICTA
3233 4417 3248 4445 ,
3293 4389 3408 4431 εει)
3441 4385 3728 4428 ΡΒΟΡΤΕΙ

542 4542 837 4591 οινιεειεΑε
898 4529 1407 4583 DISPENSATIONIS
1460 4520 1768 4569 RATIONES
1814 4520 1829 4560 ε

540 4646 859 4705 ρυιςκτειι.

1895 4515 1982 4558 EX
2022 4506 2483 4555 DISI’UTATIONE
2527 4503 2608 4546 DE
2651 4490 3321 4544 INCOMPBEHENSIBILI,
3367 4488 3450 4530 ΕΤ
3496 4486 3728 4529 CONSE-

1869 4735 2307 4776 mm

1003 4913 1222 4958 IIOIILIA
1259 4907 1506 4950 SEPTIIIA.

541 5088 592 5142 Ι.
623 5082 819 5140 lterum
855 5074 1110 5134 circensia
1135 5112 1150 5134 ,
1198 5071 1494 5134 iterumque
1541 5060 1693 5116 nobis
1738 5057 2047 5114 imminutus

471 5187 553 5235 est
593 5148 883 5232 conventus
914 5185 927 5222 :
956 5168 1064 5232 imo
1087 5177 1217 5218 vero
1246 5157 1496 5228 quamdiu
1521 5167 1617 5208 vos
1658 5151 1858 5206 adestis
1878 5191 1892 5214 ,
1936 5147 2048 5202 lieri

474 5267 690 5335 nequit,
727 5269 785 5317 ut
817 5257 1176 5315 imminuatur.
1221 5249 1352 5304 Nam
1381 5246 1517 5300 sicut
1546 5241 1772 5312 agricola
1799 5239 1844 5292 si
1871 5238 2050 5304 fruges

474 5332 680 5415 adultas
720 5352 913 5408 viderit
945 5356 998 5404 et
1035 5353 1267 5400 maturas
1291 5380 1306 5404 ,
1337 5336 1478 5408 quod
1523 5333 1713 5388 cadant
1741 5332 1860 5385 folia
1887 5370 1900 5393 ,
1949 5342 2052 5382 non

476 5451 760 5510 admodum
803 5441 1098 5500 curatzsic
1141 5436 1388 5490 nimirum
1419 5439 1473 5485 et
1497 5443 1636 5497 ego,
1690 5439 1809 5478 cum
1854 5422 2054 5475 fructus

477 5544 632 5601 nobis
659 5538 830 5600 adsit,
878 5547 981 5588 non
1025 5531 1095 5582 ita
1123 5527 1279 5582 doleo
1306 5564 1321 5588 ,
1353 5522 1476 5576 dum
1522 5518 1646 5572 folia
1690 5514 1842 5569 nobis
1887 5510 2054 5578 abripi

481 5649 662 5690 cerno.
717 5628 841 5685 Mihi
896 5621 1106 5694 quidem
1161 5625 1375 5688 propter
1425 5613 1634 5668 illorum
1685 5604 2056 5676 negligentiam

481 5725 627 5779 dolet
649 5761 666 5788 ,
707 5692 1066 5776 verumtamen
1095 5715 1406 5777 conceptum
1439 5701 1506 5759 ob
1536 5700 1656 5757 illos
1695 5697 1935 5753 dolorem
1961 5692 2059 5746 mi-

2149 4875 2280 4944 tigat
2320 4877 2515 4923 vestra:
2555 4861 2801 4916 alacritas
2829 4854 3096 4910 caritatis.
3149 4849 3434 4904 Enimvero
3465 4845 3542 4898 illi
3566 4860 3732 4912 quan-

2150 4937 2348 5021 tu'mvis
2371 4955 2680 5013 advenerint
2708 4946 3007 5019 aliquando,
3037 4959 3104 4998 ne
3129 4955 3238 4996 tum
3269 4938 3487 5008 quidem
3518 4937 3729 4994 adsunt,

2149 5055 2242 5113 sed
2271 5055 2356 5106 hic
2378 5049 2589 5120 quidem
2620 5057 2813 5112 corpus
2842 5052 3026 5092 eorum
3054 5043 3137 5090 est
3165 5034 3346 5094 situm,
3375 5044 3532 5083 mens
3561 5037 3734 5082 autem

2153 5144 2281 5200 foris
2322 5117 2542 5209 vagatur
2572 5153 2585 5187 :
2615 5141 2668 5187 at
2706 5145 2798 5184 vos
2843 5129 2966 5182 licet
3011 5123 3196 5178 absitis
3240 5117 3567 5187 aliquando,
3611 5126 3732 5169 tunc

2153 5235 2309 5290 etiam
2336 5229 2534 5283 adestis
2562 5243 2574 5278 :
2607 5234 2799 5290 corpus
2828 5218 2968 5272 enim
2992 5222 3226 5268 vestrum
3255 5209 3382 5262 l'oris
3401 5249 3418 5270 ,
3455 5221 3616 5260 mens
3646 5222 3735 5258 au-

2156 5334 2261 5380 tem
2284 5321 2370 5375 hic
2400 5328 2576 5372 vestra
2598 5319 2858 5366 versatur.
2879 5307 3179 5361 Statueram
3201 5297 3449 5367 equidem
3477 5297 3737 5364 prolixam

2158 5414 2212 5470 in
2240 5412 2358 5465 illos
2379 5407 2673 5462 orationem
2695 5399 2929 5458 habere;
2967 5392 3058 5447 sed
3090 5406 3177 5456 ne,
3207 5390 3331 5442 dum
3361 5384 3586 5438 minime
3615 5399 3743 5452 prro

2169 5511 2378 5565 sentes,
2423 5511 2524 5550 nec
2562 5490 2841 5548 audientes
2883 5487 3137 5551 increpo,
3180 5491 3300 5532 eum
3347 5474 3538 5528 umbra
3567 5473 3744 5526 videar

2162 5594 2464 5661 depugnare
2489 5626 2502 5649 ,
2545 5583 2626 5636 his
2651 5575 2986 5635 sermonibus
3014 5573 3068 5626 in
3098 5569 3309 5624 illorum
3336 5564 3631 5619 adventum
3665 5577 3742 5615 re-

2167 5657 2388 5742 servatis
2405 5721 2420 5747 ,
2465 5677 2530 5734 ad
2557 5668 3166 5739 consuetumScripturte
3191 5669 3401 5732 pratum
3425 5672 3495 5712 ac
3523 5657 3738 5728 pelagus
