3838 6220
438 282 547 338 757

441 392 713 463 ὑμετέραν
765 392 984 461 ἀγάπην
1025 390 1119 444 ἐπὶ
1148 389 1240 442 τὸν
1287 387 1486 458 συνήθη
1524 385 1768 457 λειμῶνα
1802 386 1897 440 καί
1944 385 2007 436 τδ

439 477 676 544 πέλαγος
705 474 813 527 τῶν
849 474 1008 527 θείων
1057 471 1286 543 Γραφῶν
1319 470 1461 524 κατὰ
1494 470 1590 541 τὴν
1630 469 1781 523 θείαν
1809 469 2011 539 χάρινι

439 560 703 627 όδηγῆσαι
741 556 1093 626 πειράσομαι.
1137 553 1296 607 Ἀλλά
1324 552 1669 622 διανάστητε,
1694 551 1790 605 καὶ
1819 566 2008 621 γρηγο·

444 646 588 713 ρεῖτε
607 659 618 671 ·
652 642 743 694 ἐπὶ
776 642 873 707 μὲν
900 638 1008 708 7&9
1028 637 1137 690 τῶν
1167 636 1438 690 πλεόντων
1471 633 1587 713 κᾶν
1611 634 1853 696 ἅπαντες
1881 633 2012 685 καθ-

443 712 692 783 εύδωσιν.
714 742 742 775 υ
772 723 829 775 δέ
862 722 1202 792 κυϐερνήτης
1226 717 1544 790 ἐγρηγορὼς
1639 716 1820 788 μόνος,
1841 713 2013 777 οὐδείς

440 814 557 863 ἐστι
578 809 838 873 κίνδυνος,
857 809 955 878 τῆς
979 808 1195 878 νὴψεως
1213 806 1311 875 τῆς
1345 805 1554 857 ἐκείνου
1585 802 1687 855 καὶ
1700 802 1798 873 τῆς
1820 800 2015 870 τέχνης

439 895 562 948 ἀντὶ
593 894 811 948 πάντων
851 892 1127 963 ἀρκούσης
1174 889 1253 959 τῷ
1300 887 1470 957 πλοίῳ
1495 903 1508 919 ·
1537 884 1773 938 ἐνταῦθα
1809 884 1868 937 δὲ
1915 885 2014 953 οὐχ

439 980 643 1042 οὕτως,
692 978 829 1032 ἀλλά
879 977 982 1031 κᾶν
1019 976 1279 1048 μυριάκις
1316 975 1345 1025 6
1398 972 1572 1041 λέγων
1615 973 1801 1045 νήφῃ,
1850 971 1902 1024 οἱ
1957 970 2014 1022 δέ

439 1062 727 1125 ἀκούοντες
780 1060 855 1130 μὴ
892 1060 990 1129 τὴν
1024 1059 1192 1128 αὐτὴν
1242 1055 1550 1128 ἀγρυπνίαν
1579 1054 2013 1115 ἐπιδείκνυνται,

440 1145 894 1205 καταποντισθεὶς
927 1144 1059 1211 ἡμῖν
1101 1142 1129 1192 6
1175 1139 1332 1206 λόγος
1370 1138 1672 1207 οἰχήσεται,
1710 1136 1809 1205 οὐχ
1841 1134 2015 1205 εὐρὼν

436 1230 679 1284 διάνοιαν
712 1228 811 1296 τὴν
841 1222 1246 1292 ὑποδεξαμένην
1274 1222 1302 1261 δ
1343 1221 1527 1274 αὐτόν.
1559 1221 1650 1273 Διὸ
1688 1221 1791 1291 χρὴ
1826 1220 2016 1288 νήφειν

441 1313 537 1365 καὶ
569 1308 966 1381 ἐγρηγορέναι·
1019 1307 1113 1360 καὶ
1163 1305 1273 1375 7&9
1303 1304 1443 1374 ὑπὲρ
1493 1302 1754 1373 μειζόνων
1797 1302 1929 1372 ἡμῖν
1979 1303 2012 1370 ἡ

442 1394 708 1463 ἐμπορία·
740 1392 858 1444 οὐδέ
897 1389 1006 1460 γὰρ
1049 1389 1186 1459 ὑπὲρ
1230 1388 1454 1459 χρυσίου
1497 1386 1591 1439 καλ⁴
1623 1383 1888 1455 ἀργυρίου
1922 1384 2015 1435 καὶ

442 1477 549 1530 ⁴τῶν
571 1474 956 1545 ἀπολλυμένων
976 1473 1315 1545 πραγμάτων
1338 1470 1594 1539 πλέομεν,
1622 1468 1734 1520 ἀλλ’
1759 1467 1900 1536 ὑπὲρ
1920 1466 2016 1534 τῆς

445 1557 745 1634 μελλούσης
776 1556 941 1625 ζωῆς.
966 1556 1060 1608 καὶ
1089 1553 1195 1608 τῶν
1219 1555 1277 1608 ἐν
1303 1553 1553 1624 οὐρανοῖς
1586 1547 1895 1634 θησαυρῶν,
1923 1549 2016 1634 καὶ

372 1635 381 1645 ’
439 1629 663 1704 πλείους
693 1638 928 1693 ἐνταῦθα
961 1638 1016 1691 αί
1043 1638 1153 1690 ὁδοὶ
1180 1635 1292 1690 τῶν
1322 1637 1379 1687 ἐν
1412 1637 1478 1704 τῇ
1511 1633 1756 1704 Θαλάσσῃ
1786 1631 1882 1683 καὶ
1907 1629 2017 1682 τῶν

440 1727 498 1777 ἐν
529 1727 595 1794 τῇ
632 1725 733 1793 γῇ·
769 1721 872 1774 κᾶν
915 1720 989 1791 μὴ
1042 1717 1181 1789 μετά
1222 1716 1510 1788 ἀκριϐείας
1559 1735 1642 1779 τις
1686 1714 1858 1776 αὐτάς
1902 1713 2013 1783 εἰδῇ

439 1808 648 1876 τεμεῖν,
680 1804 936 1870 ναυάγιον
973 1801 1338 1872 ὐποστήσεται
1367 1798 1773 1871 χαλεπώτατον.
1808 1796 2017 1858 Πάντες

441 1886 593 1959 [502]
615 1886 792 1939 τοίνυν
813 1886 970 1955 ὑμεῖς
995 1886 1044 1936 οἰ
1073 1883 1191 1953 μεθ’
1215 1882 1371 1953 ἡμῶν
1399 1881 1670 1945 πλέοντες,
1698 1878 1771 1949 μὴ
1789 1877 1886 1947 τὴν
1909 1877 2018 1930 τῶν

440 1969 715 2025 ἐπιϐατῶν
752 1968 956 2031 ἄδειαν,
988 1966 1123 2020 ἀλλὰ
1155 1965 1255 2037 τὴν
1299 1964 1408 2018 τῶν
1453 1962 1802 2033 κυϐερνητῶν
1843 1962 2016 2030 ἀγρυ-

442 2057 603 2108 πνίαν
628 2050 1000 2106 ἐπιδείκνυσθε
1020 2051 1112 2102 καὶ
1130 2047 1409 2119 φροντίδα*
1439 2048 1534 2100 καὶ
1560 2047 1668 2115 γὰρ
1688 2046 1885 2097 ἐκεῖνοι
1910 2042 2019 2095 τῶν

441 2140 645 2195 λοιπῶν
679 2137 1051 2193 καθευδόντων
1086 2136 1342 2189 ἁπάντων
1376 2134 1469 2186 ἐπὶ
1499 2132 1607 2186 τῶν
1640 2131 1840 2184 οἰάκων
1883 2128 2018 2182 καθ-

443 2228 672 2295 ήμενοι.
707 2222 769 2275 οὐ
815 2220 972 2291 μόνον
1001 2217 1100 2282 τάς
1138 2218 1195 2270 ἐν
1248 2217 1362 2279 τοῖς
1398 2215 1553 2268 ὕδασι
1596 2211 2019 2285 περισκοποῦσιν

441 2310 616 2371 ὀδοὺς,
641 2304 778 2360 ἀλλά
816 2304 910 2357 καὶ
941 2301 1080 2373 πρὸς
1110 2300 1203 2354 τὸν
1236 2298 1467 2372 οὐρανὸν
1515 2300 1581 2351 ἐκ
1613 2296 1868 2351 τοσούτου
1900 2295 2019 2365 βλέ-

444 2406 638 2451 ποντες
664 2387 758 2441 τοῦ
786 2386 1171 2455 διαστήματος,
1195 2381 1383 2454 ὥσπερ
1413 2379 1557 2443 τινὸς
1588 2380 1767 2450 χειρὸς
1791 2378 1887 2447 τῆς
1912 2377 2020 2429 τῶν

439 2475 660 2543 ἄστρων
690 2468 916 2539 πορείας
946 2464 1393 2538 χειραγωγούσης
1429 2464 1645 2526 αὐτοὺς,
1682 2460 1817 2531 μετὰ
1846 2462 2023 2529 ἀσφα-

443 2557 593 2617 λείας
629 2555 690 2607 τδ
724 2552 931 2621 σκάφος
982 2548 1223 2603 ἰθύνουσι
1252 2559 1312 2612 ο,
1362 2548 1457 2600 καὶ
1497 2546 1673 2608 οὐδεὶς
1715 2543 1930 2613 ἰδιώτης
1962 2543 2023 2595 τὸ

446 2637 681 2704 πέλαγος
712 2634 886 2696 οὓτως
914 2631 1084 2694 ἀδεῶς
1122 2633 1181 2683 ἐν
1209 2630 1395 2700 ἡμέρᾳ
1439 2629 1643 2681 δύναιτ’
1684 2626 1749 2680 ἂν
1793 2626 2021 2678 πλεῦσαι

440 2721 520 2784 ὡς
551 2721 749 2773 ἐκεῖνοι
786 2715 902 2787 μεθ’
943 2715 1173 2785 ἡσυχίας
1206 2713 1424 2782 ἀπάσης
1461 2713 1518 2763 ἐν
1549 2712 1688 2781 μέσῃ
1722 2712 1895 2771 νυκτὶ,
1934 2710 2022 2762 ὅτε

446 2801 797 2874 φοϐερωτέρα
833 2800 867 2868 ἡ
892 2798 1137 2852 θάλασσα
1178 2795 1450 2865 φαίνεται,
1485 2794 1848 2865 ἐγρηγορότες
1886 2794 2021 2847 ἀτα-

444 2886 631 2957 ράχως
653 2883 752 2953 τὴν
773 2880 981 2933 ἐαυτῶν
1004 2879 1403 2932 ἐπιδείκνυνται
1424 2876 1642 2947 τέχνην,
1666 2875 1761 2929 καὶ
1786 2874 1907 2957 οὐχὶ
1925 2874 2024 2936 τὰς

447 2956 507 3020 ἐν
545 2967 657 3027 τοῖς
690 2963 873 3017 ὕδασιν
927 2961 1206 3034 ἀτραποὺς
1254 2960 1446 3029 μόνον,
1487 2957 1609 3011 οὐδέ
1656 2957 1763 3011 τῶν
1809 2956 2023 3028 ἄστρων

446 3050 576 3112 τούς
607 3046 873 3118 δρόμους,
916 3044 1051 3097 ἀλλά
1107 3043 1202 3096 καὶ
1249 3041 1465 3111 ἀνέμων
1498 3039 1712 3104 ἐξόδους
1768 3053 2015 3109 περισκοι

448 3130 633 3196 ποῦσι,
648 3131 743 3183 καὶ
761 3126 999 3196 τοσαύτη
1020 3125 1128 3178 τῶν
1145 3124 1357 3194 ἀνδρῶν
1382 3123 1605 3177 ἐκείνων
1626 3120 1773 3176 ἐστὶν
1790 3123 1823 3191 ἡ
1843 3119 2021 3188 σοφία,

446 3219 525 3282 ὡς
568 3216 830 3278 πολλάκις
876 3211 1186 3283 πνεύματος
1222 3211 1402 3281 ῥύμην
1452 3208 1809 3279 σφοδρότερον
1849 3209 2022 3276 ἐμπε-

450 3300 672 3362 σοῦσαν,
713 3297 808 3351 καὶ
841 3295 1142 3366 μέλλουσαν
1169 3292 1522 3361 περιτρέπειν
1561 3291 1624 3343 τὸ
1663 3291 1868 3353 πλοῖον,
1907 3290 2027 3351 ταῖς

448 3382 683 3441 πυκναῖς
708 3377 818 3431 τῶν
840 3375 1025 3430 ἰστίων
1050 3372 1375 3445 μεταϐολαῖς
1403 3372 1730 3442 δεχομένους
1755 3369 2025 3439 εὐστόχως

449 3463 669 3515 ἅπαντα
704 3459 862 3512 λῦσαι
887 3458 978 3510 τὸν
1028 3456 1270 3508 κίνδυνον
1292 3494 1306 3516 ,
1347 3458 1440 3507 καὶ
1482 3457 1601 3516 ταῖς
1637 3451 1830 3522 βιαίοις
1854 3450 1882 3490 ἀ
1918 3451 2026 3503 τῶν

453 3544 669 3613 ἀνέμων
698 3539 955 3611 ἐμϐολαῖς
989 3539 1087 3608 τὴν
1120 3537 1300 3590 αὐτῶν
1342 3537 1769 3605 ἀντιστήσαντας
1808 3534 2023 3605 τέχνην,

451 3625 760 3696 ἐξαρπάσαι
784 3620 878 3674 τοῦ
903 3620 1194 3673 κλυδωνίου
1221 3620 1281 3673 τὸ
1314 3620 1539 3687 σκάφος.
1566 3621 1628 3672 Εἰ
1652 3617 1709 3670 δὲ
1736 3618 1874 3687 ὑπὲρ
1902 3615 2026 3685 βιω-

451 3709 621 3764 τικῶν
653 3708 850 3759 ἐκεῖνοι
885 3702 1225 3772 πραγμάτων
1266 3701 1528 3771 αἰσθητὴν
1557 3699 1810 3761 πλέοντες
1832 3697 2029 3752 θάλασ-

455 3808 577 3852 σαν,
610 3788 783 3850 οὕτως
807 3786 1170 3857 ἐγρηγορυῖαν
1199 3783 1461 3851 διηνεκῶς
1486 3784 1667 3852 έχουσι
1704 3782 1801 3853 τὴν
1825 3781 2024 3852 ψυχὴν,

451 3875 634 3946 πολλῷ
665 3873 867 3946 μᾶλλον
909 3873 1057 3942 ἡμᾶς
1101 3869 1246 3924 οὕτω
1276 3868 1717 3941 παρεσκευάσθαι
1763 3869 1868 3939 χρή
1896 3884 1907 3899 ·
1934 3868 2027 3921 καὶ

449 3959 561 4030 7&9
590 3959 684 4011 καί
711 3954 914 4027 μείζων
940 3955 967 4006 6
1004 3952 1246 4015 κίνδυνος
1283 3950 1606 4024 ῥᾳθυμοῦσι,
1645 3953 1740 4004 καὶ
1768 3950 1969 4004 πλείων
1993 3950 2028 4021 ἡ

449 4041 723 4109 ἀσφάλεια
759 4039 1039 4108 νήφουσιν.
1079 4033 1217 4088 Οὔτε
1251 4036 1360 4104 7&9
1390 4035 1499 4087 ἀπὸ
1537 4033 1762 4086 σανίδων
1806 4034 1936 4103 ἡμῖν
1967 4032 2030 4085 τὸ

378 4106 395 4133 ³
454 4106 660 4188 σκάφος
681 4106 842 4171 τοῦτο
868 4116 1321 4181 κατεσκεύασται,
1346 4115 1461 4168 ἀλλ’
1486 4115 1592 4167 ἀπὸ
1615 4113 1724 4167 τῶν
1754 4114 1913 4168 θείων
1939 4130 2031 4167 κε-

455 4203 714 4271 κόλληται
748 4200 1003 4270 Γραφῶν,
1033 4197 1158 4251 οὐτε
1185 4198 1415 4267 ἀστέρες
1442 4197 1573 4250 αὐτὸ
1600 4196 2030 4269 χειραγωγοῦσιν

452 4284 694 4347 ἄνωθεν,
741 4281 855 4336 ἀλλ’
887 4284 917 4335 6
954 4281 1056 4350 τῆς
1099 4279 1446 4349 δικαιοσύνης
1484 4279 1636 4350 ἥλιος
1664 4279 1853 4332 τοῦτον
1899 4279 2031 4349 ἡμῖν

455 4364 779 4422 κατευθύνει
808 4363 899 4416 τὸν
920 4361 1109 4422 πλοῦν,
1128 4363 1221 4414 καὶ
1244 4360 1535 4430 καθήμεθα
1556 4359 1779 4414 ἐπὶτῶν
1807 4361 2029 4424 οἰάκων,

454 4453 519 4505 οὐ
550 4447 788 4520 ζεφύρου
836 4444 1007 4507 πνοὰς
1047 4444 1446 4513 ἀναμένοντες,
1488 4441 1624 4495 ἀλλά
1658 4441 1759 4512 τὴν
1800 4445 2033 4513 πραεῖαν

455 4531 631 4602 αῦραν
659 4529 754 4583 τοῦ
784 4525 924 4581 Πνεύ
931 4542 1119 4597 ματος.

534 4613 596 4685 β’.
620 4614 899 4682 Νήφωμεν
927 4610 1106 4663 τοίνυν
1135 4610 1228 4662 καὶ
1270 4608 1369 4671 τὰς
1400 4607 1553 4670 ὁδοὺς
1588 4605 1726 4677 μετὰ
1752 4605 2035 4676 ἀκριϐείας

460 4694 879 4768 περισκοπῶμεν
898 4708 913 4722 ο
945 4691 1074 4762 περὶ
1096 4692 1204 4762 7&9
1227 4692 1328 4759 τῆς
1353 4691 1446 4745 τοῦ
1472 4689 1808 4757 Μονογενοῦς
1829 4688 1983 4760 δόξης
2006 4692 2036 4743 6

461 4780 617 4846 λόγος
648 4778 778 4847 ἡμῖν
813 4778 928 4828 ἐστι
968 4774 1149 4827 πάλιν.
1192 4772 1390 4844 Ιιρώην
1433 4772 1532 4843 μὲν
1576 4768 1668 4826 οῦν
1701 4773 2033 4842 ἐδείκνυμεν,

460 4862 545 4917 ὃτι
587 4859 682 4914 καὶ
718 4857 1043 4929 ἀνθρώπιον,
1070 4858 1164 4911 καὶ
1201 4857 1467 4926 ἀγγέλων,
1513 4856 1608 4910 καὶ
1644 4854 1998 4928 ἀρχαγγέλων
2019 4894 2035 4918 ,

464 4943 561 4997 καὶ
588 4940 774 5003 ἁπλῶς
801 4940 981 5009 πάσης
1013 4939 1112 5009 τῆς
1154 4939 1383 5003 κτίσεως
1417 4938 1516 5009 τὴν
1546 4939 1761 5007 σοφίαν,
1791 4943 1825 5007 ἡ
1865 4937 2036 4991 κατά-

463 5024 624 5094 ληψις
661 5023 760 5092 τῆς
787 5022 971 5083 οὐσίας
1005 5032 1028 5059 ε
1054 5020 1146 5073 τοῦ
1171 5019 1326 5085 Θεοῦ,
1366 5021 1501 5090 μετά
1543 5019 1742 5090 πολλῆς
1774 5018 2038 5090 ὑπερϐαίν-

461 5125 547 5166 νει
568 5107 668 5177 τῆς
694 5104 1040 5176 περιουσίας,
1078 5105 1172 5157 καὶ
1199 5102 1277 5173 τῷ
1328 5106 1623 5172 Μονογενεῖ
1663 5104 1811 5173 μόνῳ
1839 5103 1932 5156 καὶ
1961 5104 2039 5173 τῷ

459 5191 606 5260 ἁγίῳ
655 5188 933 5257 Πνεύματι
970 5185 1248 5258 γνώριμός
1290 5188 1410 5240 ἐστι
1443 5190 1534 5240 καὶ
1575 5188 1784 5258 σαφής·
1820 5187 1939 5239 νυνὶ
1980 5187 2037 5240 δὲ

466 5274 605 5347 πρὸς
631 5272 816 5341 ἕτερον
854 5267 1238 5337 παλαισμάτων
1273 5270 1406 5337 ἡμῖν
1448 5268 1611 5339 μέρος
1649 5270 1679 5321 ὁ
1715 5267 1870 5336 λόγος
1903 5267 2036 5338 μεθ-

531 5401 556 5428 ⁸
587 5399 683 5447 λιιι
700 5395 823 5445 κατά
844 5396 930 5452 τὴν
952 5392 1039 5441 τοῦ
1061 5392 1186 5441 Θεοῦ
1204 5394 1357 5455 χάριν.
1378 5412 1391 5425 ν

526 5460 557 5499 1)
586 5460 724 5509 Unus
741 5455 1101 5515 ὑποδεξαμένην.

533 5525 557 5553 ε
584 5517 735 5568 sam.
760 5523 813 5564 et
835 5510 1027 5574 aliquot
1048 5526 1167 5574 mss.
1193 5510 2034 5574 leouag,_llorel_.vero_e606vmt.

469 5577 598 5630 Infra
623 5580 805 5636 aliquot
824 5570 938 5636 mss:
965 5580 1018 5636 el.
1041 5573 1189 5636 Savil.
1206 5574 1362 5636 ἡμέρᾳ
1388 5570 1561 5636 δύναιτξ
1584 5572 1641 5618 ἂν
1656 5570 1879 5636 πλεῦσαι.
1904 5573 2041 5633 (Edi-

462 5647 570 5692 tum
589 5643 693 5687 ora!
709 5631 820 5684 ἰδεῖν
838 5635 1012 5682 δύναιτ’
1036 5635 1110 5690 ἄν,
1129 5631 1314 5682 omitsd
1331 5631 1443 5681 mox
1463 5631 1688 5692 ἁπάσης.)

532 5698 563 5737 d
580 5699 779 5753 Aliquot.
802 5708 913 5742 mss.
940 5693 1128 5752 βιαὶαις.
1154 5693 1306 5753 Ραιιίο
1326 5698 1437 5753 post
1458 5705 1569 5740 mss.
1594 5691 1789 5753 plurimi
1813 5693 2033 5750 ἀντιστή-

464 5774 656 5811 σωτες,
677 5752 826 5803 Savil.
850 5754 1237 5810 ἀντιστήσαντας,
1261 5752 1434 5802 Morel.
1456 5752 1818 5809 ἀπιστήσαντα.

458 5868 470 5879 ,
535 5819 565 5848 θ
587 5816 686 5865 Alii
705 5820 787 5872 τῆς
806 5811 1161 5874 σοφίας,ηιὶιιυ5
1171 5817 1335 5862 ncte.

1134 278 1195 334 S.
1235 274 1517 331 JOANMS
1555 269 2040 329 CHRYSOSTOMI
2072 267 2394 324 ARCHIEP.
2435 265 2981 323 CONSTANTINOP.

3588 256 3708 314 ’ῖδῖ

2116 383 2350 436 ίσταται.
2398 379 2678 452 Ζητοῦμεν
2710 379 2821 450 7&9
2866 379 2915 431 εί
2956 375 3056 447 τῆς
3082 373 3254 444 αὐτῆς
3297 370 3621 452 δυνάμεως,
3659 371 3709 422 εἰ

2108 465 2205 534 τῆς
2235 464 2403 534 αὐτῆς
2427 451 2674 527 ἐξουσίας
2701 461 2870 525 ἐστὶν,
2897 461 2947 513 εἰ
2979 460 3077 527 τῆς
3103 457 3270 526 αὐτῆς
3298 452 3491 515 οὐσίας
3516 452 3549 503 6
3574 451 3711 534 Υἰδς

2106 532 2185 617 τῷ
2222 532 2424 615 Πατρί·
2461 544 2662 616 μᾶλλον
2686 544 2742 597 δὲ
2771 546 2934 613 ἡμεῖς
2962 542 3023 595 οὐ
3054 537 3345 610 ζητοῦμεν,
3380 534 3500 588 ἀλλ’
3532 532 3713 617 e69!)-

2110 615 2284 699 καμεν
2310 615 2470 680 τοῦτο
2497 628 2586 680 διά
2614 627 2714 697 τὴν
2736 626 2828 679 τοῦ
2866 622 3104 695 Χριστοῦ
3128 620 3309 692 χάριν,
3337 618 3433 672 καὶ
3465 615 3713 699 κατέχο-

2113 697 2213 781 μεν
2248 710 2385 782 μετά
2432 709 2730 779 ἀσφαλείας
2758 725 2771 739 ο
2814 710 2929 766 τοῖς
2966 706 3023 759 δὲ
3068 699 3517 782 ἀναισχυντοῦσιν
3560 697 3712 782 ὑπὲρ

2109 780 2313 847 τούτων
2340 791 2471 845 αὐτὸ
2506 792 2664 845 τοῦτο
2697 791 2974 856 ἀποδεῖξαι
3011 781 3552 859 παρασκευαζόμεθα
3584 780 3709 833 νῦν.

2109 875 2444 945 Αἰσχύνομαι
2471 875 2570 945 μὲν
2596 870 2688 927 οῦν
2719 875 2812 927 καὶ
2839 870 3096 943 ἐρυθριῶ,
3132 868 3340 939 μέλλων
3366 867 3448 929 εἰς
3470 863 3713 923 τούτους

2112 959 2400 1030 ἐμϐάλλειν
2421 958 2547 1020 τοὺς
2588 956 2798 1025 λόγους.
2841 954 2937 1016 Τίς
2967 952 3077 1024 7&9
3113 952 3257 1021 ἡμᾶς
3292 951 3354 1002 οὐ
3399 947 3712 1030 γελάσεται

2112 1028 2179 1093 τά
2229 1040 2372 1093 οὕτω
2427 1040 2639 1112 φανερά
2688 1036 3117 1098 κατασκευάζειν
3151 1034 3247 1086 καὶ
3301 1028 3711 1085 ἀποδεικνύναι

2114 1122 2484 1193 πειρωμένους
2506 1137 2520 1186 ;
2555 1121 2680 1174 ποία
2709 1121 2766 1173 δὲ
2791 1121 2891 1172 οὐκ
2918 1118 2984 1172 ἂν
3002 1117 3090 1187 εἴη
3110 1116 3456 1181 κατάγνωσις
3484 1112 3709 1181 ζητεῖν,

2112 1207 2160 1258 εἰ
2188 1204 2469 1274 όμοούσιός
2506 1207 2654 1257 ἐστιν
2684 1206 2713 1256 6
2747 1203 2872 1265 Υἱὸς
2897 1200 2973 1271 τῷ
3006 1198 3211 1271 Πατρί;
3235 1195 3405 1251 Τοῦτο
3433 1195 3549 1266 γὰρ
3580 1194 3713 1263 οὐχὶ

2111 1290 2229 1351 ταῖς
2266 1289 2507 1358 Γραφαῖς
2539 1288 2720 1358 μόνον,
2755 1285 2890 1339 ἀλλά
2928 1284 3023 1338 καὶ
3054 1285 3118 1354 τῇ
3154 1284 3306 1351 κοινῇ
3339 1280 3565 1334 πάντων
3591 1277 3711 1330 τῶν

2113 1369 2414 1439 ἀνθρώπων
2444 1368 2589 1439 δόξῃ,
2622 1369 2716 1421 καὶ
2735 1371 2801 1438 τῇ
2827 1366 2935 1419 τῶν
2962 1364 3300 1437 πραγμάτων
3334 1362 3493 1429 φύσει
3529 1360 3713 1429 μαχό-

2118 1453 2275 1523 μενόν
2305 1454 2472 1506 ἐστιν.
2509 1452 2633 1505 Ὅτι
2662 1451 2770 1521 7&9
2804 1448 3086 1520 όμοούσιος
3114 1445 3443 1516 όγεννηθεὶς
3471 1442 3555 1512 τῷ
3588 1459 3713 1509 γεν·

2113 1537 2358 1606 νήσαντι.
2385 1535 2486 1591 οὐκ
2507 1535 2593 1587 ἐπ’
2621 1532 2920 1604 ἀνθρώπων
2946 1530 3125 1602 μόνον,
3146 1526 3283 1581 ἀλλά
3312 1527 3405 1580 καὶ
3426 1527 3521 1579 ἐπὶ
3543 1523 3710 1587 ζώων

2115 1617 2387 1678 ἁπάντων,
2430 1616 2524 1669 καὶ
2557 1616 2649 1669 ἐπὶ
2674 1615 2903 1685 δένδρων
2927 1612 3085 1665 τοῦτο
3120 1611 3217 1663 ἴδοι
3242 1627 3326 1672 τις
3358 1609 3444 1662 ἄν.

2184 1699 2309 1763 Πῶς
2341 1696 2434 1752 οὖν
2463 1699 2561 1751 οὐκ
2594 1699 2791 1752 ἄτοπον
2820 1697 2912 1749 ἐπὶ¹
2936 1694 3034 1765 μὲν
3056 1695 3237 1763 φυτῶν
3265 1692 3358 1745 καὶ
3390 1690 3709 1761 ἀνθρώπων

2114 1782 2209 1835 καὶ
2240 1780 2393 1846 ζώων
2440 1782 2697 1851 ἀκίνητον
2744 1779 2933 1833 τοῦτον
2975 1779 3157 1848 μένειν
3194 1776 3287 1828 τὸν
3308 1772 3459 1846 [503]
3506 1772 3707 1841 νόμον.

2115 1863 2208 1917 ἐπὶ
2236 1862 2370 1915 Θεοῦ
2397 1863 2453 1916 δέ
2479 1863 2637 1932 μόνον
2661 1864 2831 1915 κινεῖν
2854 1861 3015 1915 αὐτὸν
3040 1861 3133 1913 καὶ
3157 1858 3519 1928 άνατρέπειν;
3548 1854 3709 1922 Πλὴν

2114 1945 2229 1998 ἀλλ’
2266 1946 2350 1997 ἵνα
2383 1944 2457 2015 μὴ
2480 1943 2724 2015 δοκῶμεν
2760 1944 2868 1998 ἀπὸ
2892 1943 2998 1998 τῶν
3028 1943 3160 2014 παρ’
3188 1944 3318 2012 ἡμῖν
3352 1936 3707 2010 πραγμάτων

2115 2027 2287 2081 ταῦτα
2319 2026 2765 2098 διισχυρίζεσθαι,
2799 2027 2932 2096 φέρε
2965 2025 3073 2079 ἀπὸ
3104 2023 3214 2076 τῶν
3245 2021 3475 2095 Γραφῶν
3511 2018 3707 2072 αὐτῶν

2116 2109 2271 2163 τοῦτο
2305 2108 2693 2179 ἀποδείξωμεν.
2725 2109 2817 2162 καὶ
2848 2109 3157 2179 κινήσωμεν
3182 2106 3309 2168 τοὺς
3335 2102 3461 2173 περὶ
3486 2100 3707 2156 τούτων

2116 2193 2328 2260 λόγους.
2373 2193 2446 2244 Οὐ
2482 2193 2591 2262 7&9
2619 2194 2781 2262 ἡμεῖς
2817 2192 2866 2244 οί
2915 2190 3290 2258 πεπεισμένοι,
3337 2186 3451 2240 ἀλλ’
3494 2186 3706 2238 ἐκεῖνοι

2117 2276 2166 2327 οἱ
2193 2273 2544 2338 ἀπιστοῦντες
2572 2273 2664 2327 τὸν
2696 2273 2907 2339 γέλωτα
2934 2272 3285 2342 όφλήσουσιν,
3319 2269 3371 2322 οἱ
3408 2266 3430 2306 τ
3460 2265 3605 2336 πρὸς
3633 2264 3706 2316 τά

2118 2357 2259 2409 οὕτω
2305 2356 2513 2429 φανερά
2550 2355 2954 2426 ἀνθιστάμενοι,
2993 2355 3088 2408 καλ⁸
3130 2352 3266 2424 πρὸς
3303 2352 3401 2422 τὴν
3434 2350 3705 2421 ἀλήθειαν

2117 2439 2547 2501 ἀντιϐλέποντες.
2581 2439 2715 2514 Ποῖα
2745 2438 2972 2508 φανερά,
3016 2436 3212 2506 φησίνς
3253 2436 3302 2488 εἰ
3342 2433 3472 2503 γὰρ,
3508 2432 3704 2514 ἐπειδὴ

2120 2522 2244 2584 Υἱὸς
2278 2522 2513 2590 λέγεται,
2544 2513 2827 2591 ὁμόούσιός
2860 2521 2976 2572 ἐστι
3007 2518 3085 2586 τῷ
3119 2518 3310 2588 Πατρὶ,
3345 2513 3703 2584 δυνησόμεθα

2119 2606 2213 2658 καὶ
2260 2607 2420 2675 ἡμεῖς
2448 2603 2726 2673 όμοούσιοι
2773 2598 2945 2655 εἶναι·
2978 2603 3071 2654 καὶ
3111 2600 3220 2670 7&9
3264 2600 3357 2653 καὶ⁸
3394 2600 3560 2668 ἡμεῖς
3595 2598 3704 2650 υἰοὶ

2118 2687 2421 2758 λεγόμεθα·
2471 2685 2611 2754 Ἐγὼ
2660 2684 2771 2754 7&9
2815 2682 2988 2747 εἷπον,
3023 2685 3177 2754 φησὶ,
3225 2683 3349 2737 θεοί
3382 2681 3546 2741 ἐστε.
3604 2681 3702 2733 καί

2120 2773 2239 2824 vlo!
2274 2772 2570 2838 ’Υψνίστου
2600 2769 2839 2835 πάντες.
2864 2770 2928 2821 Ὢ
2949 2768 3047 2835 τῆς
3079 2764 3462 2836 ἀναισχυντίας
3487 2766 3500 2816 !
3536 2762 3705 2830 ὣτῆς

2121 2854 2354 2924 ἐσχάτης
2392 2853 2607 2915 ἀνοίαςί
2641 2852 2759 2911 πῶς
2786 2851 2873 2904 διὰ
2918 2851 3135 2903 πάντων
3163 2847 3259 2918 τὴν
3288 2846 3466 2899 αὐτῶν
3502 2845 3705 2915 μανίαν

2120 2936 2516 2989 ἐνδείκνυνταιί
2548 2936 2675 2986 ’Ὁτε
2705 2934 2798 2986 τὸν
2839 2933 2964 3004 περὶ
2995 2930 3379 3001 ἀκαταλήπτου
3406 2928 3568 2996 λόγον
3593 2930 3707 2979 ἐκι-

2120 3018 2340 3087 νοῦμεν,
2371 3017 2733 3085 ἐφιλονείκουν
2765 3016 2976 3078 ἑαυτοῖς
3008 3012 3294 3066 διεκδικεῖν
3332 3010 3510 3072 τοῦτο,
3539 3009 3570 3062 6
3610 3007 3704 3062 τοῦ

2122 3098 2457 3168 Μονογενοῦς
2481 3094 2549 3169 ἦν
2575 3098 2756 3167 μόνου,
2782 3097 2843 3150 τὸ
2867 3096 2957 3150 τὸν
2981 3095 3112 3148 Θεὸν
3138 3094 3308 3157 οὔτως
3326 3093 3527 3146 εἰδέναι
3553 3092 3706 3161 ἀκρι-

2124 3182 2255 3245 ϐῶς.
2287 3182 2362 3244 ὡς
2405 3182 2567 3243 αὐτὸς
2605 3180 2795 3232 ἐαυτὸν
2825 3176 2965 3232 οἶδε’
2993 3177 3089 3231 νῦν
3123 3176 3397 3247 δὲέπειδὴ
3428 3176 3561 3247 περὶ(¹
3606 3176 3703 3244 τῆς

2123 3262 2216 3316 τοῦ
2241 3262 2579 3330 Μονογενοῦς
2600 3261 2756 3331 δόξης
2778 3263 2913 3330 ἡμῖν
2933 3261 3081 3312 ἐστιν
3114 3261 3143 3312 6
3167 3259 3341 3328 λόγος,
3370 3257 3707 3327 φιλονεικοῦο

2126 3361 2209 3399 σιν
2241 3344 2404 3399 αὐτὸν
2449 3346 2529 3407 εἰς
2564 3343 2662 3414 τὴν
2696 3343 2902 3396 οἰκείαν
2936 3341 3210 3396 εὐτέλειαν
3247 3343 3587 3408 καταγαγεῖν
3617 3341 3707 3394 λέ·

2123 3443 2333 3494 γοντες,
2368 3426 2448 3478 ὅτι
2470 3427 2564 3478 καὶ
2596 3428 2757 3496 ἡμεῖς
2788 3424 2893 3476 υίοὶ
2934 3422 3225 3493 λεγόμεθα.
3270 3422 3380 3476 Καὶ
3397 3423 3462 3475 οὐ
3490 3423 3707 3485 πάντως

2123 3508 2282 3561 τοῦτο
2320 3508 2636 3577 ὁμοουσίους
2665 3508 2815 3576 ἡμᾶς
2842 3509 2988 3558 ποιεῖ
3013 3504 3091 3575 τῷ
3124 3504 3262 3575 Θεῷ.
3291 3504 3420 3567 Υἰὸς
3443 3503 3583 3576 λέγῃ
3621 3506 3706 3569 σὺ,

2125 3591 2239 3643 ἀλλ’
2268 3591 2472 3653 ἐκεῖνος
2519 3588 2667 3641 ἔστιν
2700 3590 2758 3629 ι’
2790 3588 3024 3641 ἐνταῦθα
3074 3588 3248 3659 ῥῆμα,
3291 3588 3410 3641 ἐκεῖ
3452 3589 3705 3658 πρᾶγμα.

2127 3672 2251 3735 Υίδς
2281 3672 2414 3742 λέγῃ
2453 3672 2541 3731 σὺ,
2573 3670 2707 3723 άλλά
2728 3669 3037 3741 Μονογενὴς
3065 3671 3126 3722 οὐ
3159 3669 3295 3741 λέγῃ
3335 3667 3593 3739 καθάπερ
3622 3670 3709 3721 καὶ

2126 3756 2349 3817 ἐκεῖνος,
2386 3752 2500 3805 ἀλλ’
2539 3754 2596 3805 ἐν
2634 3754 2748 3815 τοῖς
2791 3753 3011 3815 κόλποις
3042 3750 3139 3804 τοῦ
3180 3750 3392 3821 Πατρδς
3414 3750 3479 3802 οὐ
3501 3750 3708 3820 διατρί-

2128 3835 2261 3899 ϐεις,
2290 3834 2404 3887 ἀλλ’
2438 3834 2779 3904 ἀπαύγασμα
2819 3836 2917 3905 τῆς
2948 3832 3104 3904 δόξης
3138 3834 3239 3886 οὐκ
3272 3828 3344 3895 εἴ,
3372 3831 3497 3884 οὐδὲ
3537 3848 3708 3902 χαρα-

2128 3919 2264 3989 κτὴρ
2286 3917 2385 3986 τῆς
2405 3917 2774 3979 ὑποστάσεως,
2793 3918 2914 3969 οὐδὲ
2938 3916 3122 3987 μορφὴ
3140 3915 3234 3968 τοῦ
3258 3914 3397 3968 Θεοῦ
3419 3915 3707 3986 ὑπάρχεις.

2127 4001 2190 4053 Εἰ
2221 4000 2399 4052 τοίνυν
2426 3999 2488 4050 οὐ
2526 3997 2705 4050 πείθει
2743 4014 2803 4053 σε
2830 3998 2892 4051 τὸ
2922 3998 3209 4070 πρότερον,
3236 3996 3416 4051 ταῦτα
3453 3996 3709 4063 πειθέτω,

2130 4082 2223 4134 καὶ
2249 4081 2419 4134 πολλὰ
2438 4081 2602 4150 ἕτερα
2631 4080 2855 4133 πλείονα
2878 4080 3105 4142 τούτων,
3130 4079 3230 4150 τὴν
3259 4079 3545 4147 εὐγένειαν
3565 4079 3711 4149 αὐτῷ

2132 4162 2510 4233 μαρτυροῦντα
2558 4160 2795 4232 ἐκείνην.
2828 4163 2994 4215 Ὅταν
3035 4162 3136 4233 μὲν
3161 4162 3269 4231 7&9
3298 4161 3359 4213 τὸ
3390 4160 3710 4231 ἀπαράλλαο

2131 4260 2258 4298 κτον
2295 4244 2395 4313 τῆς
2434 4241 2619 4305 οὐσίας
2648 4245 2814 4297 αὐτοῦ
2847 4243 3018 4309 δεῖξαι
3050 4242 3306 4313 βούληται
3348 4243 3412 4294 τὸ
3456 4243 3597 4313 πρὸς
3624 4241 3712 4295 τὸν

2132 4326 2522 4396 γεγεννηκότα,
2561 4326 2624 4378 '0
2651 4325 2921 4393 ἑωρακὼς
2958 4325 3084 4394 ἐμὲ,
3126 4327 3308 4395 φησὶν,
3341 4324 3570 4392 ἑώρακε
3608 4325 3714 4377 τὸν

2133 4407 2384 4476 Πατέρα.
2401 4408 2636 4461 Ὅτανδέ
2647 4407 2707 4460 τὸ
2729 4407 3035 4478 ἰδιάζον-,ἦς
3054 4407 3354 4477 δυνάμεως,
3371 4406 3538 4477 Ἐγὼ,
3559 4408 3711 4476 φησί,

2133 4488 2235 4542 καί
2271 4494 2304 4542 ό
2330 4489 2531 4556 Πατὴρ
2571 4488 2642 4542 ἐν
2680 4490 2898 4558 ἐσμεν·
2938 4491 3063 4543 ὅταν
3090 4489 3148 4542 δέ
3173 4490 3235 4542 τὸ
3274 4489 3577 4558 ἐφάμιλλον
3618 4491 3712 4559 τῆς

2136 4570 2403 4635 ἐξουσίας,
2428 4573 2655 4637 ’Ὠσπερ
2672 4571 2780 4640 γὰρ
2805 4574 2838 4625 ό
2862 4571 3064 4638 Πατὴρ
3079 4571 3288 4640 ἐγείρει
3300 4571 3445 4637 τοὺς
3460 4572 3713 4640 νεκροὺς

2136 4651 2234 4705 καὶ
2262 4650 2541 4717 ζωοποιεῖ,
2567 4651 2721 4705 οὕτω
2748 4652 2849 4705 καί
2873 4655 2906 4706 d
2941 4654 3094 4718 Υἱὸς,
3114 4652 3223 4718 οὓς
3245 4651 3403 4706 θέλει
3427 4650 3709 4713 ζωοποιεῖ·

2136 4735 2264 4787 ὅταν
2289 4733 2348 4786 δέ
2392 4734 2492 4800 τὴν
2531 4733 2835 4804 ταυτότητά
2872 4734 2970 4804 τῆς
3013 4734 3287 4804 λατρείας,
3316 4735 3454 4789 Ἵνα
3492 4734 3714 4800 ,πάντες

2136 4814 2348 4884 τιμῶσι
2389 4815 2497 4870 τὸν
2558 4814 2723 4880 Υἰόν,
2766 4815 2961 4882 καθὼς
3011 4814 3223 4885 τιμῶσι
3274 4816 3385 4869 τὸν
3443 4817 3708 4884 Πατέρα·

2137 4902 2265 4954 ὅταν
2293 4901 2352 4954 δὲ
2378 4901 2477 4972 τὴν
2508 4900 2794 4954 αὐθεντίαν
2831 4900 2927 4971 τὴν
2954 4904 3010 4954 ἐν
3039 4907 3161 4964 ταῖς
3202 4901 3310 4955 τῶν
3340 4903 3524 4973 νόμων
3552 4920 3714 4971 μετα-

2141 4984 2381 5045 σκευαῖς,
2426 4982 2488 5034 ὐ
2529 4982 2729 5048 Πατήρ
2770 5000 2909 5051 μου,
2955 4983 3142 5054 φησὶν,
3190 4981 3512 5051 ἐργάζεται.
3556 4987 3717 5054 κάτώ

2138 5062 2467 5132 ἐργάζομαι.
2505 5063 2643 5116 Ἀλλ’
2665 5056 2811 5117 οὗτοι
2843 5065 3018 5119 πάντα
3042 5065 3215 5118 ταῦτα
3237 5065 3711 5137 παραδραμόντες,

2140 5145 2236 5198 καὶ
2258 5146 2322 5198 τὸ
2344 5146 2472 5209 Υἰὸς
2501 5144 2672 5215 ὄνομα
2705 5147 2765 5198 οὐ
2797 5146 3000 5218 κυρίως
3022 5146 3367 5210 ἐκλαϐόντες,
3408 5148 3599 5219 ἐπειδὴ
3623 5149 3715 5202 καὶ

2141 5226 2296 5279 αὐτοί
2323 5227 2641 5296 τετίμηνται
2668 5228 2736 5296 τῇ
2762 5227 2871 5280 τῶν
2898 5227 3029 5281 υἰῶν
3055 5230 3396 5299 προσηγορίᾳ
3429 5230 3481 5293 δ,
3506 5231 3592 5291 εἰς
3619 5229 3715 5299 τὴν

2142 5307 2315 5378 αὐτὴν
2343 5308 2619 5361 εὐτέλειαν
2657 5307 2751 5360 τὸν
2773 5307 2902 5361 Υἰὸν
2933 5308 3228 5376 κατάγουσι
3260 5309 3538 5378 λέγοντες,
3578 5311 3715 5380 Ἐτὼ

2141 5383 2300 5453 εἶπα,
2341 5391 2465 5443 θεοί
2500 5388 2659 5451 ἐστε,
2694 5388 2792 5441 καί
2828 5388 2946 5442 υἱοί
2996 5389 3288 5457 Ὑψίστου
3322 5390 3570 5457 πάντες.
3613 5393 3704 5447 οὐ·

2142 5469 2274 5522 κοῦν
2300 5471 2484 5541 ἐπειδὴ
2514 5470 2602 5523 διά
2628 5469 2728 5540 τὴν
2754 5468 2848 5521 τοῦ
2876 5470 2991 5523 υίοῦ
3015 5470 3385 5542 προσηγορίαν
3412 5473 3524 5543 φῂς
3547 5472 3710 5543 μηδὲν

2142 5550 2287 5621 ἐχειν
2321 5569 2415 5605 σου
2444 5553 2603 5604 πλέον
2629 5550 2720 5604 τὸν
2757 5551 2903 5616 Υἰὸν,
2931 5553 3024 5605 καὶ
3051 5551 3192 5605 κατά
3222 5552 3379 5606 τοῦτο
3409 5555 3549 5625 μηδὲ
3578 5550 3709 5608 εἶναι

2215 5628 2353 5693 ῩΔιὶἰ
2377 5634 2560 5693 γέλωτα
2576 5632 2805 5691 οἴσουσιν,
2831 5636 2890 5681 οἰ.

2207 5692 2235 5753 F
2256 5692 2355 5753 ᾼιὶὶ
2373 5692 2485 5753 λέγῃ
2507 5692 2585 5750 σὺ,
2616 5692 2791 5747 ἐκεῖνος
2812 5694 2864 5741 δὲ
2882 5696 2960 5742 καὶ
2985 5695 3099 5743 ἔστι.

2199 5750 2230 5824 ξ
2257 5750 2595 5828 θίαυοῐωβε.
2618 5756 2677 5813 τῇ
2716 5756 3026 5820 προσηγορίᾳ,
3052 5756 3227 5808 Morel.
3265 5763 3319 5808 et
3340 5760 3498 5811 Savil.
3525 5765 3577 5821 τῇ
3619 5761 3702 5808 τῶν

2143 5815 2259 5863 υἱῶν
2278 5815 2586 5877 προσηγορία.
