3854 6222
136 279 246 334 75³1

131 404 419 448 carnalem
444 404 671 450 vestram
687 394 951 450 deducere
977 395 1080 447 Deo
1104 394 1311 449 favente
1331 398 1582 449 conabor.
1610 397 1713 450 Sed

133 487 401 540 attendite
426 487 682 551 animum,
714 496 869 555 atque
897 486 1107 554 vigilate
1135 503 1148 538 :
1178 503 1298 539 nam
1328 487 1462 540 inter
1481 502 1574 540 eos
1603 488 1718 555 qni-

135 580 266 633 dem
295 581 380 648 qui
404 580 648 647 navigant
672 618 689 642 ,
721 579 840 630 licet
866 577 1129 632 dormiant
1157 591 1364 644 omnes,
1395 579 1436 630 si
1469 579 1612 631 solus
1644 579 1718 630 vi-

134 672 272 736 gilet
308 671 628 738 gubernator
651 711 664 733 ,
708 670 908 722 nullum
947 679 1028 721 est
1055 668 1344 736 periculum
1368 710 1383 732 ,
1415 669 1538 721 dum
1580 668 1716 721 illius

134 761 412 829 vigilantia
457 769 512 813 et
553 775 640 813 ars
684 760 891 826 navigio
935 773 1031 825 pro
1072 759 1318 812 omnibus
1363 759 1554 812 sullicit
1586 775 1598 808 :
1632 758 1717 810 hic

134 867 273 905 vero
301 867 404 903 non
435 851 502 902 ita
535 869 547 903 :
576 850 670 903 sed
694 849 1009 917 licetvigilet
1034 858 1232 912 orator,
1267 849 1364 902 nisi
1390 849 1712 913 vigilantiam

135 942 386 997 eamdem
426 940 710 994 exhibeant
744 939 1013 993 auditores
1037 978 1052 1003 ,
1096 938 1373 991 demersus
1414 937 1500 992 hic
1536 951 1714 991 sermo

136 1045 329 1088 noster
358 1033 586 1102 peribit,
629 1045 800 1099 neque
849 1039 1079 1083 mentem
1125 1029 1319 1094 ullam,
1362 1042 1391 1080 a
1419 1042 1518 1096 qua
1552 1027 1716 1095 possit

135 1124 316 1191 excipi
343 1164 355 1186 ,
389 1123 736 1175 nanciscetur.
783 1119 1117 1188 Quapropter
1143 1117 1351 1171 sobrios
1377 1131 1495 1171 esse
1522 1131 1619 1170 nos
1651 1131 1714 1170 ac

136 1231 157 1263 κ
175 1215 420 1282 igilantes
448 1220 687 1280 oportet:
712 1210 969 1280 siquidem
989 1207 1444 1278 praeSIantioribus
1472 1207 1524 1260 in
1551 1207 1712 1261 rebus

133 1302 429 1370 negotiatio
474 1309 652 1355 nostra
699 1299 991 1364 consistet,
1042 1313 1140 1353 nec
1178 1298 1244 1352 ad
1282 1313 1469 1352 aurum
1493 1338 1508 1362 ,
1533 1298 1613 1352 vel
1645 1298 1710 1350 ad

132 1402 415 1464 argentum
437 1435 453 1458 ,
503 1393 584 1447 vel
610 1391 674 1446 ad
704 1407 790 1447 res
817 1401 1102 1461 pereuntes
1127 1431 1141 1455 ,
1170 1389 1262 1444 sed
1284 1391 1350 1444 ad
1373 1389 1604 1443 futuram
1637 1389 1712 1441 vi-

132 1497 246 1538 tam
274 1495 329 1539 et
355 1485 595 1539 e'elcstes
625 1483 902 1538 thesauros
941 1481 1312 1552 adipiscendos
1352 1481 1661 1550 navigamus
1693 1499 1706 1532 :

133 1577 410 1647 multoque
455 1577 629 1645 plures
654 1574 740 1628 hic
765 1590 920 1644 quam
960 1575 1011 1628 in
1053 1574 1184 1627 mari
1215 1573 1298 1627 vel
1339 1573 1390 1626 in
1422 1581 1560 1626 terra
1588 1583 1710 1625 sunt

131 1666 237 1719 via:
273 1683 287 1718 :
317 1666 456 1732 quod
481 1667 522 1719 si
562 1665 678 1734 quis
720 1673 967 1719 accurate
1009 1663 1129 1716 illas
1175 1672 1356 1717 tenere
1399 1662 1706 1727 nesciverit,

128 1757 536 1811 acerbissimum
580 1754 911 1824 naufragium
955 1755 1205 1823 patietur.
1253 1752 1523 1821 Quotquot
1554 1751 1709 1820 igitur

134 1846 412 1899 uobiscum
440 1845 730 1914 navigatis,
773 1859 841 1898 ne
876 1843 1248 1897 conﬁdentiam
1279 1851 1579 1904 vectorum,
1611 1841 1704 1894 sed

129 1936 456 2005 vigilantiam
480 1943 531 1988 et
553 1935 962 1988 sollicitudinem
985 1935 1233 1988 exhibete
1259 1935 1703 2002 gubernatorum:

130 2045 255 2081 nam
301 2037 354 2082 et
399 2028 474 2082 illi
519 2027 642 2080 dum
688 2027 1072 2080 dormientibus
1115 2027 1324 2080 eteteris
1350 2025 1596 2079 omnibus
1639 2025 1706 2079 ad

124 2119 491 2187 gubernacula
518 2118 724 2183 sedent,
751 2133 854 2170 non
876 2119 987 2170 vias
1013 2126 1216 2170 tantum
1244 2118 1295 2170 in
1318 2118 1468 2186 aquis
1487 2118 1706 2170 Cll‘Cttm'

127 2210 365 2280 spiciunt
388 2251 401 2270 ,
429 2209 520 2264 sed
551 2219 602 2263 et
638 2210 688 2263 in
719 2210 906 2263 cadum
933 2225 997 2263 ex
1027 2215 1173 2262 tanto
1211 2210 1502 2278 respiciunt
1536 2211 1702 2263 inter-

126 2301 293 2364 vallo,
323 2315 385 2355 ac
427 2300 590 2354 veluti
629 2315 784 2354 manu
810 2299 1034 2370 quadam
1063 2314 1091 2352 a
1119 2301 1394 2354 stellarum
1425 2316 1584 2354 cursu
1611 2301 1704 2355 de-

122 2390 316 2456 ducti,
367 2391 539 2443 navim
587 2405 708 2444 cum
760 2392 1045 2445 securitate
1096 2391 1438 2445 moderantur
1477 2410 1490 2444 :
1530 2408 1702 2461 neque

125 2480 350 2548 pelagus
376 2480 649 2548 imperitus
677 2480 814 2533 ullus
842 2480 1069 2534 interdiu
1097 2480 1493 2550 tam-intrepide
1521 2491 1703 2550 posset

122 2571 355 2637 intueri,
385 2580 543 2641 atque
579 2572 650 2625 illi
681 2572 962 2640 tranquille
997 2573 1168 2627 media
1199 2583 1373 2638 nocte,
1403 2589 1522 2626 cum
1553 2589 1698 2626 mare

122 2673 388 2717 terrorem
419 2663 585 2732 magis
619 2663 823 2727 incutit,
858 2664 1130 2731 vigilantes
1152 2673 1333 2730 pacate
1357 2679 1504 2716 suam
1532 2675 1697 2716 artem

119 2763 416 2817 exercent,
459 2763 510 2807 et
537 2770 642 2807 non
684 2754 900 2808 semitas
929 2755 1100 2807 Solum
1131 2754 1266 2806 inter
1298 2753 1499 2817 undas,
1532 2768 1700 2822 neque

119 2857 316 2898 cursus
353 2853 615 2897 astrorum
636 2883 652 2907 ,
684 2844 776 2898 sed
809 2852 862 2897 et
885 2851 1161 2896 ventorum
1187 2843 1697 2911 exitus’circumSpi-

117 2937 272 2986 riunt
292 2951 304 2984 :
327 2941 571 3002 tantaque
592 2933 826 2987 virorum
855 2934 1060 2987 illorum
1079 2941 1156 2986 est
1175 2933 1451 3000 sapientia,
1481 2943 1534 2985 ut
1557 2926 1698 3001 sarpe

121 3033 404 3077 ventorum
447 3024 703 3092 impetum
745 3023 1112 3076 vehementius
1154 3022 1483 3090 ingruentem
1515 3037 1576 3075 ac
1602 3036 1696 3074 na-

118 3115 320 3184 vigium
359 3114 737 3168 subversurum
761 3154 776 3178 ,
815 3113 1016 3167 crebris
1042 3112 1278 3166 velorum
1317 3112 1695 3165 mutationibus

117 3227 130 3254 α
153 3205 479 3273 xcipicntcs,
525 3205 749 3259 solerter
775 3204 1062 3272 periculum
1105 3218 1264 3258 omne
1293 3203 1594 3272 depellant,
1641 3212 1694 3256 et

118 3296 367 3349 violentis
389 3303 662 3349 ventorum
709 3295 1006 3348 incursibus
1044 3301 1210 3348 artem
1240 3309 1387 3347 suam
1414 3308 1691 3362 opponen-

118 3401 224 3453 tes,
253 3387 546 3456 tempestati
572 3387 744 3440 navim
771 3386 1014 3454 eripiant.
1042 3386 1190 3454 Quod
1218 3387 1260 3440 si
1293 3402 1387 3455 pro
1413 3386 1692 3440 nmndanis

119 3481 196 3533 illi
228 3480 387 3533 rebus
414 3478 513 3531 hoc
538 3477 788 3532 sensibile
813 3493 959 3532 mare
979 3479 1283 3547 navigantes
1303 3519 1317 3543 ,
1349 3479 1526 3532 animo
1551 3494 1690 3532 sein-

117 3585 217 3638 per
258 3577 383 3622 sunt
422 3568 556 3622 adeo
599 3569 866 3637 vigilanti,
920 3568 1086 3622 multo
1128 3569 1291 3636 magis
1323 3568 1392 3621 ita
1433 3582 1528 3622 nos
1572 3583 1689 3622 esse

111 3668 456 3728 comparatos
497 3669 703 3728 oportet
743 3675 756 3711 :
789 3673 908 3712 cum
961 3659 1253 3727 periculum
1304 3659 1688 3728 negligentibus

114 3750 292 3818 majus
319 3749 609 3813 immineat,
643 3749 914 3817 majorque
941 3751 1010 3802 sit
1037 3750 1294 3803 securitas
1325 3750 1682 3818 vigilantibus.

112 3841 249 3894 Nam
290 3853 462 3906 neque
506 3855 571 3892 ex
613 3837 880 3893 asseribus
923 3848 1101 3892 nostra
1149 3838 1262 3893 hate
1305 3839 1490 3909 cymba
1541 3855 1688 3893 com-

114 3939 270 3998 pacta
296 3939 417 3993 est,
462 3929 554 3982 sed
581 3945 644 3982 ex
683 3928 874 3982 divinis
900 3936 983 3982 est
1006 3929 1359 3998 conglutinata
1375 3927 1682 3998 Scripturis,

113 4033 218 4074 nec
255 4018 396 4070 illam
433 4017 599 4072 stella:
642 4031 867 4086 superne
899 4015 1202 4084 deducunt,
1249 4018 1343 4072 sed
1370 4019 1506 4072 hanc
1534 4020 1686 4073 nobis

113 4108 194 4161 sol
221 4107 441 4176 justitire
470 4106 854 4175 navigationem
885 4106 1189 4160 moderatur
1223 4125 1236 4160 :
1264 4122 1434 4174 neque
1463 4107 1682 4176 zephyri

113 4199 274 4253 ﬂatus
303 4198 396 4254 sed
423 4199 597 4253 lenem
621 4197 850 4266 Spiritus
879 4212 1061 4252 auram
1089 4199 1454 4266 prmstolantes
1483 4197 1548 4251 ad
1578 4214 1680 4268 gu-

111 4290 394 4345 bernacula
425 4289 688 4342 sedemus.

183 4381 239 4433 2.
265 4379 549 4448 Vigilemus
577 4380 769 4445 itaque,
795 4378 1004 4448 viasque
1023 4377 1536 4446 circumspiciamus:
1562 4394 1680 4432 nam

113 4473 184 4528 dc
218 4472 467 4541 ttnigeniti
513 4471 677 4541 gloria
730 4484 912 4523 rursus
959 4469 1109 4522 nobis
1149 4477 1228 4522 est
1271 4484 1447 4522 sermo
1477 4485 1490 4520 :
1521 4468 1682 4538 siqui-

112 4563 239 4615 dem
269 4562 559 4624 hominum,
589 4561 916 4629 angelorum,
946 4558 1380 4626 arcltangelorum
1409 4567 1462 4612 et
1485 4560 1678 4622 omnis,

114 4665 168 4706 ut
210 4653 507 4706 summatim
535 4651 706 4704 dicam
732 4692 746 4714 ,
790 4659 1044 4703 creatura:
1072 4658 1279 4716 captum
1324 4648 1679 4702 incredibilem

112 4744 166 4795 in
196 4743 409 4794 modum
438 4755 688 4809 superare
707 4739 1049 4792 substantiam
1073 4737 1188 4799 Dei,
1212 4752 1310 4791 nec
1335 4737 1402 4788 ah
1429 4737 1514 4789 illa
1536 4752 1684 4790 com-

112 4833 368 4903 prehendi
391 4847 576 4901 posse,
604 4841 762 4900 atque
791 4832 1058 4900 unigenito
1081 4830 1198 4891 soli,
1230 4830 1488 4898 simulque
1512 4829 1681 4898 Spiri-

112 4923 187 4977 tui
217 4933 403 4978 sancto
425 4923 687 4992 cognitam
713 4929 766 4976 et
802 4929 1132 4990 perspectam
1162 4934 1279 4974 esse
1303 4919 1632 4974 ostendimus
1664 4937 1677 4972 :

113 5028 259 5068 nunc
307 5023 484 5068 autem
529 5011 595 5065 ad
641 5012 862 5066 alteram
913 5019 1115 5080 partem
1165 5009 1470 5063 certaminis
1512 5008 1682 5061 oratio

114 5103 425 5157 traducitur.
473 5101 768 5168 Qumrimus
795 5103 934 5154 enim
965 5118 1030 5154 an
1075 5100 1312 5170 ejusdem
1342 5099 1550 5152 virtutis
1572 5139 1586 5161 ,
1615 5114 1680 5151 an

111 5193 354 5260 ejusdem
378 5194 625 5262 potentia:
652 5193 738 5257 sit,
772 5209 837 5246 an
860 5193 1095 5261 ejusdem
1121 5207 1240 5246 cum
1268 5191 1422 5245 Patre
1439 5192 1683 5244 substan-

112 5287 198 5339 tia:
219 5282 384 5338 Filius
415 5303 427 5337 :
456 5284 563 5338 imo
588 5299 716 5339 vero
742 5299 844 5337 non
862 5284 1166 5354 qttteritnus,
1190 5282 1283 5336 sed
1305 5281 1505 5335 Christi
1524 5281 1683 5333 bene-

115 5381 240 5435 ﬁcio
259 5380 368 5450 jam
396 5380 724 5446 invenimus,
753 5389 806 5433 et
836 5378 1054 5432 ﬁrmiter
1079 5387 1337 5439 tenemus,
1367 5374 1460 5428 sed
1486 5375 1550 5426 ad
1582 5373 1681 5426 hoc

113 5473 285 5541 ipsum
311 5470 779 5525 demonstrandum
820 5469 913 5533 iis,
943 5469 1034 5536 qui
1079 5467 1410 5536 impudenter
1435 5464 1515 5518 his
1541 5464 1681 5518 obsi-

112 5570 286 5626 stunt,
322 5563 432 5630 jam
471 5577 567 5616 nos
591 5561 931 5629 accingimus.
975 5558 1256 5612 Enimvero
1284 5555 1446 5624 pudet
1485 5570 1589 5620 me,
1620 5569 1682 5608 ac

116 5653 308 5710 ruinae
347 5653 618 5708 suﬁ'undor
642 5693 657 5716 ,
704 5667 823 5706 cum
853 5649 1112 5719 ejusmodi
1136 5663 1252 5704 sum
1275 5648 1568 5703 orationem
1597 5646 1678 5699 in-

1069 282 1154 336 DE
1191 280 1830 351 CONSUBSTANTIALI,
1865 288 2134 344 CONTRA
2177 291 2547 349 ANOMOEOS.
2582 290 2690 344 \‘ll.

3286 301 3386 358 7333

1822 414 2102 467 gressurus
2135 421 2146 454 :
2177 406 2295 472 quis
2335 408 2476 460 enim
2512 422 2608 461 nos
2645 421 2748 461 non
2778 409 2938 462 ludent
2965 452 2980 475 ,
3030 414 3114 480 qui
3145 431 3228 468 res
3255 417 3389 472 adeo

1822 491 1993 546 claras
2031 495 2254 562 probare
2294 512 2357 552 ac
2401 498 2767 556 demonstrare
2804 506 3091 558 conentur?
3137 507 3264 574 Quis
3290 525 3384 564 eos

1823 595 1928 634 non
1950 581 2196 650 damnet,
2225 587 2313 656 qui
2340 599 2584 656 quaerunt
2608 607 2731 644 num
2759 595 3219 651 consubstantialis
3245 598 3386 652 Patri

1821 670 1891 722 sit
1920 671 2128 726 Filius?
2174 673 2228 726 Id
2257 677 2396 729 enim
2420 687 2502 731 est
2527 693 2630 732 non
2657 679 2945 748 Scripturis
2971 684 3140 738 solum
3164 726 3178 750 ,
3208 687 3300 741 sed
3331 699 3387 741 et

1821 764 2087 815 communi
2149 764 2418 820 hominum
2479 772 2713 824 omnium
2769 775 3045 828 sentcntiae
3093 792 3155 830 ac
3207 794 3381 832 rerum

1821 861 2022 905 natura:
2073 853 2361 909 adversari.
2429 857 2560 912 Nam
2610 861 2845 929 ejusdem
2905 881 3026 920 esse
3079 867 3386 922 substantia!

1817 945 2050 1011 genitum
2077 955 2234 1016 atque
2258 953 2550 1019 genitorem
2573 994 2588 1018 ,
2637 971 2743 1009 non
2769 957 2820 1010 in
2851 957 3152 1014 ltominibus
3186 962 3382 1028 solum,

1819 1034 1913 1087 sed
1947 1045 2002 1089 et
2047 1037 2100 1090 in
2138 1040 2342 1094 cunctis
2387 1042 2741 1100 animantibus
2770 1057 2822 1101 et
2868 1049 2920 1102 in
2961 1049 3236 1106 arboribus
3262 1067 3383 1106 eer-

1818 1139 1946 1177 nere
1973 1125 2113 1180 licet.

1891 1214 2080 1268 Filium
2107 1220 2577 1275 consubstantialem
2600 1240 2707 1276 esse
2735 1223 2881 1278 Patri
2899 1229 3161 1296 probatur.
3183 1260 3253 1270 —
3276 1233 3390 1286 ’Διι-

1818 1318 1921 1357 ηοη
1965 1305 2124 1373 igitur
2168 1308 2453 1363 absurdum
2485 1321 2600 1376 est,
2631 1315 2676 1367 si
2706 1331 2824 1368 cum
2854 1316 2904 1369 in
2946 1317 3170 1384 plantis,
3201 1320 3254 1374 in
3285 1321 3387 1374 ho-

1818 1394 2045 1447 minibus
2095 1405 2151 1449 et
2194 1398 2510 1454 animalibus
2547 1401 2765 1457 immota
2797 1404 2880 1458 lex
2930 1407 3029 1459 ista
3068 1417 3310 1473 maneat,
3335 1410 3388 1464 in

1817 1484 1927 1538 Deo
1959 1494 2158 1539 tantum
2189 1504 2307 1542 eam
2336 1506 2549 1546 movere
2575 1494 2709 1548 velis
2735 1503 2788 1549 et
2813 1496 3158 1553 subvertere?
3183 1498 3287 1554 Sed
3319 1516 3387 1554 ne

1815 1575 2091 1629 videamur
2123 1593 2186 1631 ex
2214 1580 2372 1635 rebus
2404 1590 2626 1648 tantum,
2664 1601 2785 1653 qua»
2805 1587 2941 1654 apud
2973 1604 3070 1643 nos
3089 1598 3245 1656 sunt,
3272 1593 3386 1646 haec

1812 1665 2129 1719 conﬁrmare
2150 1708 2164 1732 ,
2194 1683 2290 1737 age
2308 1669 2481 1724 duetis
2510 1673 2576 1726 ab
2600 1673 2728 1742 ipsis
2750 1674 3033 1744 Scripturis
3059 1681 3384 1748 argumentis

1814 1752 1864 1805 id
1911 1755 2281 1819 ostendamus,
2328 1769 2382 1813 et
2429 1763 2497 1815 de
2547 1763 2629 1817 his
2676 1779 2975 1822 sermonem
3023 1769 3377 1826 instituamus.

1811 1843 1994 1913 Neque
2022 1848 2162 1901 enim
2192 1866 2287 1904 nos
2307 1892 2320 1913 ,
2353 1854 2441 1921 qui
2472 1857 2706 1922 persuasi
2736 1873 2950 1923 sumus,
2980 1861 3074 1914 sed
3102 1863 3176 1916 illi
3205 1863 3380 1918 incre-

1810 1932 1916 1986 duli
1945 1935 2052 1989 risu
2079 1936 2218 2007 digni
2246 1939 2641 2008 judicabuntur,
2672 1949 2760 2014 qui
2789 1947 2951 2000 rebus
2978 1949 3111 2003 adeo
3136 1951 3294 2004 claris
3318 1960 3375 2008 et

1809 2023 2140 2080 evidentibus
2192 2044 2251 2083 se
2304 2041 2610 2098 opponunt,
2645 2050 2709 2089 ac
2756 2038 2958 2090 veritati
3012 2040 3375 2097 adversantur.

1809 2113 1952 2179 Quas
1987 2124 2040 2169 ttt
2082 2133 2168 2171 res
2208 2120 2412 2185 claras,
2445 2123 2715 2192 inquiunt,
2747 2128 2966 2180 narras?
2990 2128 3045 2182 Si
3071 2131 3210 2184 enim
3253 2135 3374 2200 quia

1809 2204 1849 2257 F
1855 2206 1971 2260 ilius
2007 2207 2218 2276 dicitur,
2247 2212 2712 2269 consubstantialis
2755 2227 2836 2271 est
2883 2219 3056 2284 Patri,
3087 2225 3378 2291 poterimus

1809 2314 1908 2354 nos
1952 2316 2163 2369 quoque
2201 2305 2680 2364 consubstantiales
2705 2324 2856 2364 esse:
2891 2328 3009 2365 nam
3049 2323 3105 2368 et
3155 2331 3252 2370 nos
3280 2318 3372 2372 ﬁlii

1807 2389 2063 2444 dicimur:
2092 2391 2204 2462 Ego
2233 2394 2374 2448 enim
2412 2396 2538 2462 dixi,
2569 2398 2772 2466 inquit,
2803 2399 2888 2452 Dii
2918 2403 3032 2455 estis
3061 2414 3105 2457 et
3129 2405 3226 2470 ﬁlii
3267 2405 3352 2461 Ea:

1805 2479 1925 2532 celsi
1951 2496 2120 2533 omnes
2147 2480 2316 2550 (Psal.
2350 2483 2436 2540 8!.
2460 2485 2539 2555 6).
2568 2486 2612 2539 Ο
2639 2487 3046 2557 impudentiam!
3077 2507 3110 2546 o
3151 2493 3376 2550 demen-

1806 2571 1930 2624 tiam
1978 2576 2274 2628 summam!
2325 2592 2484 2644 quam
2533 2579 2808 2635 evidenter
2832 2597 2981 2636 suam
3027 2584 3078 2637 in
3129 2589 3373 2640 omnibus

1806 2662 2060 2716 insaniant
2118 2665 2372 2732 produnt!
2421 2668 2551 2722 Cum
2599 2669 2667 2724 de
2714 2671 3231 2742 incomprehensibili
3283 2679 3372 2732 Dei

1803 2754 2092 2807 substantia
2148 2772 2445 2813 sermonem
2506 2760 2931 2828 institueremus,
2970 2764 3072 2820 hoc
3123 2769 3221 2823 sibi
3267 2774 3350 2824 vin

1802 2841 1980 2896 dicare
2021 2846 2441 2913 contendebant,
2501 2851 2639 2918 quod
2693 2854 2941 2922 unigeniti
2995 2867 3109 2910 erat
3167 2861 3369 2924 solius.

1801 2934 1952 3001 quasi
1978 2936 2227 2990 nimirum
2282 2939 2352 2992 ita
2382 2941 2544 2994 Deum
2588 2943 2819 3010 perfecte
2863 2949 3138 3014 noverint,
3170 2962 3228 3005 ut
3280 2969 3369 3006 se-

1803 3024 1972 3091 ipsum
2003 3027 2147 3080 novit
2172 3028 2316 3096 ipse:
2343 3030 2452 3097 jam
2483 3046 2609 3085 vero
2634 3048 2751 3086 cum
2793 3035 2860 3090 de
2901 3038 3064 3105 gloria
3111 3041 3366 3110 unigeniti

1799 3115 1960 3170 verba
2005 3115 2262 3185 facimus,
2290 3120 2357 3174 ad
2407 3137 2555 3176 suam
2587 3123 2730 3177 illum
2773 3125 3070 3195 deprimere
3114 3131 3367 3186 vilitatem

1797 3206 2156 3274 contendunt,
2205 3209 2455 3280 aiuntque
2489 3212 2638 3266 :Nos
2679 3215 2834 3267 etiam
2887 3216 2974 3269 lilii
3021 3219 3366 3287 appellamur:

1798 3312 1896 3352 nec
1922 3307 2096 3352 tamen
2126 3300 2280 3368 plane
2309 3315 2408 3355 nos
2427 3301 2565 3355 istud
2589 3304 3068 3361 consubstantiales
3095 3307 3207 3363 Deo
3245 3311 3368 3364 red-

1795 3390 1890 3442 dit.
1915 3390 1990 3442 Tu
2024 3390 2185 3444 Filius
2233 3393 2545 3461 appellaris,
2575 3403 2626 3446 at
2652 3395 2736 3449 ille
2762 3405 2843 3450 est
2879 3415 2892 3448 ε
2937 3396 3022 3450 hic
3052 3401 3360 3466 appellatio.

1795 3480 1902 3531 illic
1932 3495 2015 3532 res
2045 3481 2190 3548 ipsa;
2220 3493 2272 3532 tn
2305 3483 2439 3535 ﬁlius
2484 3485 2767 3552 appellaris
2788 3525 2802 3545 ,
2835 3487 2929 3540 sed
2975 3490 3272 3558 unigenitus
3304 3503 3361 3545 ut

1793 3578 1847 3622 et
1875 3569 1963 3622 ille
1991 3587 2094 3623 non
2119 3572 2423 3639 appellaris,
2455 3574 2546 3626 sed
2571 3574 2621 3626 in
2647 3575 2764 3627 sinu
2788 3576 2956 3630 Patris
2978 3595 3080 3632 non
3112 3583 3357 3645 versaris,

1792 3662 1882 3715 sed
1911 3676 2015 3715 non
2042 3677 2099 3716 es
2128 3662 2379 3730 Splendor
2404 3663 2606 3732 gloria),
2641 3681 2811 3735 neque
2838 3667 2998 3736 ﬁgura
3031 3671 3361 3738 substantizr,

1792 3767 1964 3821 neque
1994 3752 2084 3806 Dei
2119 3752 2283 3806 forma
2315 3754 2523 3808 exsistis
2546 3753 2723 3822 (Hebr.
2753 3758 2801 3809 l.
2826 3758 2972 3826 5).Si
2987 3775 3110 3828 ergo
3133 3761 3221 3814 tibi
3253 3777 3358 3816 non

1790 3842 2113 3910 persuaserit
2129 3842 2253 3896 illud
2277 3843 2440 3909 prius,
2467 3843 2578 3897 haec
2599 3853 2651 3897 et
2673 3845 2752 3898 his
2773 3847 2936 3901 multo
2963 3849 3109 3916 plura
3143 3865 3358 3918 persua-

1789 3933 1978 3993 deant,
2013 3948 2130 4000 qua:
2169 3933 2399 3985 nobilem
2444 3933 2560 4000 ejus
2605 3936 2860 4004 originem
2906 3937 3047 3990 illam
3079 3949 3356 3996 testantur.

1788 4021 2009 4088 Quando
2033 4023 2172 4074 enim
2196 4023 2537 4075 substantiam
2568 4039 2714 4076 suam
2744 4039 2771 4077 a
2805 4034 3017 4094 paterna
3041 4029 3149 4082 vult
3174 4039 3354 4083 osten-

1787 4111 1915 4163 dere
1961 4111 2102 4163 nulla
2146 4125 2209 4164 ex
2236 4120 2387 4180 parte
2416 4111 2677 4165 diversam
2699 4154 2713 4178 ,
2745 4114 2837 4179 Qui
2869 4117 2988 4168 vidit
3024 4135 3117 4180 me,
3152 4120 3345 4188 inquit,

1788 4200 1908 4252 vidit
1941 4198 2149 4252 Patrem
2185 4199 2362 4269 (Joan.
2394 4202 2478 4253 Η.
2507 4199 2562 4265 9)
2603 4205 2848 4271 :quando
2879 4208 3141 4275 propriam
3188 4211 3354 4263 virtu-

1789 4299 1925 4352 tem,
1961 4288 2067 4359 Ego
2090 4331 2104 4352 ,
2138 4289 2332 4358 inquit,
2362 4300 2406 4342 et
2444 4288 2593 4342 Pater
2638 4309 2790 4344 unum
2819 4310 2989 4347 sumus
3057 4295 3232 4366 (latnt.
3264 4300 3346 4353 10.

1787 4380 1876 4450 50)
1905 4399 1916 4433 :
1951 4380 2159 4448 quando
2189 4383 2463 4448 potestatis
2493 4383 2842 4451 atqttalitalem
2863 4425 2878 4447 ,
2913 4386 3054 4438 Sicut
3082 4389 3212 4440 enim
3243 4390 3351 4442 Pa-

1787 4483 1860 4526 ter
1908 4473 2112 4526 suscitat
2159 4482 2416 4534 mortuos,
2472 4485 2518 4524 et
2545 4475 2884 4541 t-iviﬁcat:sic
2913 4485 2958 4528 et
3016 4477 3180 4532 Filius
3226 4497 3352 4547 quos

1787 4564 1890 4615 vult
1924 4562 2139 4630 viviﬁcat
2161 4561 2270 4631 (Id.
2295 4563 2347 4616 5.
2369 4561 2462 4627 2|)
2507 4580 2520 4615 :
2567 4564 2776 4630 quando
2805 4567 2975 4617 cultus
3002 4567 3348 4632 identitatem,

1791 4651 1858 4706 Ut
1887 4668 2054 4705 omnes
2083 4651 2410 4719 honoriﬁcam
2441 4650 2484 4702 F
2487 4651 2650 4716 ilium,
2681 4654 2811 4705 sicut
2857 4654 3191 4724 honoriﬁcam
3238 4658 3346 4711 Pa-

1787 4754 1911 4796 trem
1940 4743 2101 4810 (Ibid.
2134 4758 2180 4794 υ.
2209 4742 2300 4810 25)
2327 4759 2340 4794 :
2381 4743 2594 4810 quando
2636 4742 2850 4797 demum
2882 4745 2933 4797 in
2981 4745 3154 4814 legum
3181 4761 3353 4803 muta-

1789 4833 2018 4887 tionibus
2047 4832 2415 4885 auctoritatcm
2437 4872 2450 4895 ,
2476 4829 2630 4884 Pater
2675 4849 2812 4885 mens
2832 4874 2846 4897 ,
2879 4833 3066 4902 inquit,
3095 4849 3348 4906 operatur,

1786 4932 1831 4975 et
1856 4937 1944 4990 ego
1970 4936 2150 4989 operor
2192 4918 2355 4989 (Ibid.
2381 4935 2429 4972 υ.
2462 4919 2565 4989 l7).
2588 4919 2658 4974 At
2686 4920 2772 4974 isti
2818 4919 2900 4975 his
2947 4925 3190 4980 omnibus
3217 4943 3351 4996 pra:-

1789 5011 2072 5073 termissis,
2096 5009 2220 5063 dum
2251 5024 2443 5064 nomen
2481 5010 2650 5064 Filius
2679 5012 2893 5079 proprie
2922 5028 3026 5068 non
3054 5016 3316 5084 accipiunt
3334 5058 3350 5078 .

1786 5101 1906 5171 quia
1936 5108 1988 5153 et
2031 5099 2128 5168 ipsi
2157 5099 2384 5152 liliorum
2424 5107 2546 5152 sunt
2586 5100 2937 5167 appellatione
2968 5101 3236 5168 decorati,
3283 5106 3351 5159 ad

1787 5192 2025 5245 eamdem
2077 5187 2263 5242 Filium
2294 5188 2596 5257 deprimunt
2631 5190 2884 5244 vilitatem
2929 5192 3211 5260 aiuntque:
3237 5192 3350 5261 Ego

1787 5283 1914 5344 dixi,
1948 5280 2029 5331 Dii
2080 5280 2215 5343 estis,
2264 5288 2310 5331 et
2358 5279 2452 5346 ﬁlii
2492 5279 2695 5332 Excelsi
2740 5296 2910 5332 omnes
2949 5280 3117 5348 (Psal.
3151 5282 3240 5336 8|.
3271 5284 3348 5350 6).

1787 5372 2008 5439 Quando
2039 5371 2194 5440 igitur
2230 5380 2447 5439 propter
2478 5371 2612 5423 hanc
2643 5370 2734 5423 ﬁlii
2761 5372 3165 5440 appellationem
3215 5374 3346 5426 nihil

1787 5463 2046 5533 amplius,
2073 5477 2231 5529 quam
2278 5469 2333 5515 tu
2355 5503 2369 5528 ,
2399 5461 2596 5516 habere
2621 5461 2813 5516 Filium
2854 5461 3122 5523 afﬁrmas,
3155 5471 3208 5515 et
3251 5464 3351 5518 hac

1788 5554 1992 5608 ratione
2017 5551 2129 5606 ﬁeri
2157 5561 2299 5607 utne
2330 5567 2487 5606 verus
2507 5552 2718 5622 quidem
2741 5553 2811 5606 sit
2835 5552 2994 5615 ﬁlius,
3035 5559 3197 5606 etiam
3227 5569 3349 5623 pro-

1790 5655 1907 5715 pter
1934 5642 2337 5711 appellationem
2382 5642 2502 5705 Dei,
2529 5642 2775 5711 quoniam
2819 5651 2874 5696 et
2917 5641 3016 5695 hoc
3044 5641 3135 5696 tibi
3159 5657 3351 5699 mmen
