3854 6222
476 276 580 331 759

474 391 792 463 impertivit,
821 391 952 446 nihil
991 389 1250 460 amplius,
1285 403 1445 458 quam
1475 395 1563 450 tu.
1595 387 1808 442 Patrem
1852 385 2053 441 habere

472 484 700 545 {natasse
723 478 1040 539 contendes.
1073 481 1138 537 Ut
1166 480 1310 536 enim
1359 479 1499 534 ﬁlius
1524 488 1743 534 vocatus
1772 493 1851 542 es,
1880 478 1958 531 sic
2001 485 2057 530 ct

472 577 606 631 deus
634 591 695 631 es
714 583 969 630 vocatus:
997 582 1054 628 at
1083 570 1533 644 quemadmodum
1575 571 1707 627 deus
1729 579 1949 624 vocatus
1967 569 2053 624 di-

472 683 598 722 cere
642 682 748 721 non
777 665 944 721 audes
972 664 1173 719 nudum
1204 663 1313 718 illic
1352 677 1473 718 esse
1503 677 1696 717 nomen
1714 703 1729 728 ,
1754 661 1848 716 sed
1870 675 2053 715 verum

471 772 594 813 esse
636 757 802 813 Deum
838 756 1049 811 Patrem
1076 754 1256 810 fateris
1290 771 1303 809 :
1332 754 1404 808 ita
1449 768 1621 822 neque
1659 752 1727 806 de
1756 750 1891 806 Filio
1933 765 2053 805 cum

470 851 664 920 agitur,
696 848 834 904 aude
861 850 1091 919 teipsum
1137 847 1192 902 in
1219 846 1452 901 medium
1498 844 1692 898 inferre
1734 856 1799 897 ac
1830 841 2053 907 dicere,

472 940 640 995 Filius
669 955 769 1010 ego
793 953 1009 1011 quoque
1031 953 1150 993 sum
1176 943 1426 991 vocatus:
1453 948 1682 1003 cumque
1704 932 1924 989 minime
1952 931 2053 987 sim

468 1031 711 1101 ejusdem
748 1031 1058 1085 substantiae
1077 1070 1092 1095 ,
1116 1043 1287 1098 neque
1314 1026 1553 1097 ejusdem
1594 1024 1682 1079 ille
1711 1023 1871 1078 debet
1896 1037 2051 1088 esse;

469 1142 595 1181 nam
616 1140 734 1194 qua:
760 1132 883 1178 sunt
902 1132 1213 1177 cnmnerata
1238 1128 1426 1175 cuncta
1449 1132 1636 1173 verum
1660 1116 1807 1171 illum
1829 1129 1949 1170 esse
1971 1114 2056 1168 Fi-

467 1216 599 1270 lium
633 1213 873 1285 ejusdem
898 1212 1208 1269 substantiae
1245 1225 1368 1267 eum
1393 1209 1636 1281 genitore
1663 1207 2051 1263 demonstrant.

469 1305 692 1375 Quando
708 1306 849 1360 enim
863 1303 1100 1374 ejusdem
1118 1316 1238 1358 esse
1256 1316 1378 1356 cum
1403 1299 1495 1355 illo
1522 1297 1709 1354 forma:
1736 1302 1895 1367 atque
1913 1295 2057 1364 ejus-

468 1400 592 1455 dem
614 1398 797 1470 ἥκω-ω
807 1397 963 1463 dicit,
989 1395 1116 1465 quid
1137 1393 1277 1449 aliud
1298 1407 1455 1463 quam
1477 1389 1785 1445 substantia:
1807 1402 1910 1442 non
1935 1400 2056 1442 esse

470 1493 576 1548 ulla
597 1508 663 1547 ex
684 1499 833 1562 parte
855 1489 1216 1549 diversitatem
1237 1483 1509 1541 ostendit?
1537 1482 1670 1537 Nam
1697 1494 1869 1549 neque
1888 1479 2054 1533 forma

468 1585 612 1641 estin
628 1585 765 1651 Deo,
793 1595 965 1653 neque
986 1579 1148 1635 facies
1172 1574 1648 1649 :quemadmodum
1679 1572 1777 1627 ista
1802 1570 1955 1635 dicis,
1975 1569 2055 1622 in-

467 1675 700 1747 quit,dic
736 1673 896 1730 etiam
920 1670 1223 1727 contraria:
1250 1681 1491 1738 quamam
1521 1664 1729 1720 tandem
1755 1659 2056 1717 contraria?

467 1767 775 1839 Cujusmodi
800 1774 909 1826 est,
942 1762 1083 1835 quod
1115 1761 1256 1817 Patri
1278 1758 1573 1828 supplicet:
1599 1770 1721 1810 nam
1743 1755 1786 1809 si
1817 1752 2053 1824 ejusdem

469 1860 683 1916 virtutis
707 1867 817 1923 est,
848 1855 1194 1927 ejusdemque
1216 1850 1530 1908 substantire
1556 1891 1569 1915 ,
1601 1862 1664 1902 ac
1705 1862 1800 1916 per
1826 1854 2056 1915 potesta-

468 1964 575 2010 tem
599 1952 777 2008 omnia
800 1949 1037 2021 peragit,
1064 1961 1224 2017 quam
1244 1945 1312 2000 ob
1338 1956 1552 1999 causam
1576 1937 1880 2009 supplicat?
1982 2020 1985 2023 Ἰ

537 2047 595 2103 5.
634 2044 749 2114 Ego
773 2055 901 2097 vero
938 2054 1045 2094 non
1098 2037 1215 2091 hate
1261 2035 1434 2090 solum
1475 2032 1671 2095 dicam,
1704 2027 1800 2085 sed
1853 2036 1907 2082 et
1951 2023 2054 2079 alia

448 2150 816 2209 quaecumque
856 2131 1075 2189 humilia
1119 2130 1186 2185 de
1230 2129 1345 2197 ipso
1390 2126 1529 2180 dicta
1573 2129 1731 2185 sunt,
1775 2119 2057 2209 diligenter

471 2208 649 2284 omnia
681 2238 972 2296 proponam
993 2264 1009 2289 ,
1039 2222 1083 2277 si
1110 2220 1340 2292 primum
1371 2215 1499 2271 illud
1523 2214 1744 2277 dixero,
1778 2210 1910 2265 mihi
1941 2208 2057 2278 qui-

468 2322 595 2377 dem
620 2333 807 2375 eorum
831 2359 847 2379 ,
877 2330 996 2386 quae
1026 2311 1302 2367 humiliter
1327 2309 1394 2364 de
1421 2308 1536 2377 ipso
1564 2302 1851 2360 suntdicta
1870 2341 1886 2367 ,
1916 2298 2054 2353 mul-

464 2426 555 2468 tas
579 2420 634 2468 et
654 2414 825 2482 justas
845 2404 1192 2478 proferendos
1220 2414 1410 2456 causas
1435 2405 1722 2468 suppetere
1740 2436 1756 2462 ,
1785 2403 1836 2448 te
1877 2400 2052 2446 autem

446 2520 656 2562 ~eorum
678 2546 698 2574 ,
733 2516 853 2573 quae
905 2496 1152 2554 sublimia
1204 2502 1328 2548 sunt
1356 2501 1514 2561 atque
1554 2487 1820 2559 gloriosa,
1853 2483 2053 2538 nullam

470 2598 627 2650 aliam
670 2607 829 2665 posse
868 2588 1202 2644 occasionem
1247 2583 1471 2642 afferre.
1499 2594 1657 2651 quam
1712 2574 2053 2665 quodjsuam

471 2686 626 2742 nobis
645 2663 875 2738 voluerit
895 2677 1222 2734 nobilitatem
1245 2673 1513 2727 indicare:
1548 2663 1976 2739 quandoquidem
2002 2663 2055 2718 id

469 2778 523 2833 ni
552 2779 620 2830 ita
641 2789 700 2829 se
729 2772 914 2828 habeat
936 2810 953 2835 ,
980 2784 1150 2839 pugna
1178 2766 1282 2822 erit
1303 2774 1358 2820 et
1377 2773 1645 2817 certamen
1667 2760 1719 2813 in
1745 2754 2052 2827 Scripturis.

450 2868 603 2924 TNam
628 2864 769 2936 (ιιιυά
798 2866 903 2927 ait,
939 2862 1085 2916 Sicut
1117 2857 1271 2911 I’ater
1289 2855 1498 2910 suscitat
1555 2862 1783 2905 mortuos
1802 2891 1817 2915 ,
1858 2859 1903 2901 et
1933 2847 2056 2900 rivi-

470 2963 591 3031 [icat
618 2958 774 3030 (Joan
803 2957 837 3012 5
887 2953 980 3021 2i)
1004 2970 1019 3018 ;
1040 2952 1113 3005 sic
1140 2960 1185 3004 et
1215 2948 1260 3003 F
1262 2950 1380 3002 ilius
1405 2963 1528 3017 quos
1569 2944 1679 3000 vult
1724 2944 1940 3009 rivi/ica!
1962 2983 1977 3005 ,
2002 2950 2056 2994 et

471 3066 818 3127 qumcumque
845 3050 947 3104 alia
975 3047 1083 3103 dixi
1102 3087 1118 3113 ,
1144 3055 1199 3100 et
1224 3041 1364 3114 quod
1387 3056 1570 3096 rursus
1598 3047 1714 3093 oret
1738 3079 1752 3103 ,
1782 3053 1901 3091 cum
1930 3034 2055 3090 illud

470 3151 521 3206 ei
555 3148 712 3203 fuerit
761 3143 1057 3216 agendum,
1115 3137 1443 3195 contrarium
1488 3142 1607 3188 est;
1634 3131 1727 3186 sed
1780 3130 1823 3183 si
1868 3142 2056 3182 causas

470 3254 732 3311 aperuere
751 3278 767 3303 ,
799 3234 1005 3289 sublata
1036 3230 1209 3286 omnis
1236 3229 1334 3283 erit
1356 3225 1566 3280 occasio
1592 3219 1888 3276 dubitandi.

543 3329 647 3386 Cur
694 3328 754 3381 de
790 3324 990 3382 Christo
1020 3319 1233 3374 humilia
1274 3317 1409 3370 dicta
1458 3315 1664 3386 fuerint.
1694 3341 1764 3352 --
1803 3311 2054 3378 Qumnam

475 3422 633 3492 igitur
678 3425 800 3473 sunt
838 3428 1047 3476 eausm,
1078 3426 1173 3465 cur
1215 3423 1336 3462 cum
1377 3408 1524 3475 ipse,
1557 3413 1666 3457 tum
1718 3399 1943 3470 apostoli
1991 3397 2058 3451 de

476 3513 595 3581 ipso
626 3507 843 3562 humilia
880 3502 1046 3558 multa
1080 3497 1350 3553 dixerint?
1382 3496 1553 3549 Prima
1577 3492 1789 3563 quidem
1820 3505 1976 3544 causa
2004 3495 2060 3543 et

473 3600 741 3662 maxima,
786 3593 927 3666 quod
982 3593 1096 3662 ipse
1147 3604 1309 3645 carne
1359 3586 1572 3641 indutus
1600 3584 1787 3650 fuerit,
1833 3597 1895 3635 ac
1947 3589 2055 3634 tum

477 3692 611 3757 illis,
661 3688 751 3759 qui
804 3695 933 3740 tunc
975 3691 1161 3747 erant,
1216 3689 1325 3734 tum
1373 3678 1693 3748 quicumque
1734 3683 1851 3743 post
1896 3670 2057 3725 futuri

475 3789 658 3845 erant,
685 3776 932 3833 omnibus
961 3774 1117 3828 fidem
1141 3772 1317 3826 facere
1343 3769 1533 3834 vellet,
1563 3782 1665 3820 non
1698 3766 1936 3820 umbram
1963 3764 2061 3817 al}-

474 3889 632 3944 quam
660 3870 810 3937 eSse,
838 3885 1011 3940 neque
1038 3867 1258 3937 figuram
1285 3871 1488 3918 tantmn
1540 3860 1588 3914 id
1616 3859 1756 3930 quod
1808 3856 2059 3911 cerneba-

408 3990 411 3993 λ
476 3978 582 4031 tur,
618 3962 713 4021 sed
740 3961 1017 4017 veritatem
1046 3968 1272 4011 natura.
1302 3954 1357 4008 Si
1401 3953 1542 4007 enim
1582 3967 1700 4005 cum
1728 3957 1805 4003 tot
1841 3947 2059 4002 humilia

475 4069 532 4114 et
560 4059 788 4111 humana
813 4052 1045 4107 dixerint
1067 4047 1322 4118 apostoli,
1349 4053 1404 4100 et
1433 4045 1548 4113 ipse
1573 4042 1640 4096 de
1666 4042 1863 4111 seipse,
1892 4040 2061 4108 potuit

476 4160 653 4203 tamen
693 4143 933 4199 diabolus
961 4139 1170 4195 miseris
1194 4138 1396 4206 aliquot
1442 4132 1743 4189 hominibus
1768 4141 1822 4186 et
1861 4147 2057 4184 aerum-

477 4238 623 4292 nosis
654 4231 975 4305 persuadere
996 4271 1010 4295 ,
1044 4237 1103 4283 ut
1138 4224 1547 4297 diSpeusationis
1595 4224 1853 4277 rationem
1904 4236 2062 4290 nega-

478 4338 629 4393 rent,
657 4336 712 4381 et
740 4339 861 4381 eum
884 4336 1098 4377 carnem
1124 4335 1229 4374 non
1261 4317 1559 4385 suscepisse
1581 4315 1757 4369 dicere
1777 4313 2058 4378 auderent,

476 4429 638 4490 atque
682 4431 843 4474 omne
884 4412 1224 4470 humanitatis
1268 4409 1667 4464 fundamentum
1701 4406 1973 4461 tollerent:
2015 4405 2060 4459 si

478 4511 612 4568 nihil
657 4512 878 4566 istorum
903 4506 1158 4571 dixisset,
1190 4518 1346 4573 quam
1373 4500 1523 4571 pauci
1553 4498 1811 4567 fuissent,
1837 4498 1925 4570 qui
1955 4512 2059 4552 non

477 4606 536 4661 in
562 4598 872 4660 barathrum
900 4599 1003 4653 hoc
1021 4594 1361 4651 incidissent?

555 4693 821 4758 Marcion,
870 4688 1188 4743 Monichwus
1217 4696 1265 4740 et
1321 4683 1614 4738 Valentinus
1652 4680 2063 4735 Incarnationem

482 4785 750 4856 negabant.
773 4812 845 4822 —
865 4781 978 4836 Non
1006 4779 1154 4833 audis
1183 4776 1469 4833 etiamnum
1499 4772 1817 4828 Marcionem
1843 4770 2061 4838 dispen-

476 4880 742 4932 sationem
783 4876 837 4929 in
883 4887 1043 4927 carne
1072 4880 1375 4940 negantem,
1417 4866 1799 4931 Manichazum,
1826 4863 2061 4918 Valenti-

484 4982 648 5031 num,
678 4973 735 5019 et
759 4965 953 5018 multos
977 4960 1148 5016 alios?
1169 4959 1293 5014 ideo
1343 4956 1507 5011 multa
1545 4956 1775 5010 humana
1807 4954 2058 5023 loquitur,

481 5055 733 5120 humilia,
764 5062 818 5108 et
844 5051 913 5106 ab
957 5051 1043 5105 illa
1087 5046 1337 5103 ineffabili
1368 5046 1598 5100 essentia
1628 5045 1798 5100 aliena
1820 5085 1836 5110 ,
1868 5053 1924 5097 ut
1952 5043 2061 5097 dis-

482 5146 813 5218 pensationis
838 5142 1027 5198 rationi
1062 5141 1219 5194 [idem
1247 5145 1451 5192 astruat
1483 5155 1496 5191 :
1528 5136 1652 5191 inid
1680 5136 1819 5189 enim
1851 5149 2061 5188 smnmo

479 5237 658 5293 studio
682 5234 925 5291 diabolus
952 5229 1323 5295 incumbebat,
1354 5235 1412 5281 ut
1439 5226 1579 5280 hanc
1604 5225 1759 5280 [idem
1796 5240 1863 5280 ex
1892 5224 2063 5279 homi-

482 5344 611 5383 num
641 5325 905 5381 mentibus
933 5321 1217 5387 evelleret,
1246 5333 1367 5374 cum
1398 5318 1566 5389 probe
1586 5325 1805 5385 nosset,
1832 5316 1878 5371 si
1903 5314 2061 5370 fidem

482 5418 896 5492 dispensationis
923 5414 1226 5469 sustulisset
1243 5452 1259 5478 ,
1281 5410 1350 5467 de
1375 5410 1642 5481 plerisque
1678 5410 1839 5466 rebus
1865 5409 2063 5465 nostris

484 5521 660 5567 actum
693 5510 826 5564 fore.
860 5509 955 5562 Est
978 5515 1033 5562 et
1055 5506 1223 5560 altera
1252 5514 1448 5574 praater
1476 5504 1635 5560 istam
1679 5518 1871 5570 causa,
1902 5503 2063 5558 nimi-

484 5617 603 5656 rum
626 5599 905 5655 infirmitas
944 5599 1276 5664 auditorum,
1310 5597 1555 5667 quodque
1576 5596 1647 5650 illi
1677 5598 1766 5667 qui
1812 5605 1921 5650 tum
1956 5597 2065 5667 pri-

477 5710 629 5752 mum
658 5696 830 5774 ipsum
871 5693 1153 5759 videbant,
1186 5707 1249 5747 ac
1294 5700 1402 5745 tum
1455 5691 1683 5762 primum
1729 5689 2056 5758 audiebant,

1207 272 1265 329 S.
1304 271 1582 330 JOANNIS
1604 269 2080 327 CHRYSOSTOMI
2121 270 2438 329 ARCHIEP.
2476 273 3018 333 CONSTAN'I‘INOP.

3673 284 3769 336 7&0

2165 386 2508 445 sublimiores
2525 403 2720 461 capere
2744 389 3050 462 dogmatum
3084 407 3362 449 sermones
3386 396 3629 450 minime
3656 412 3769 465 pus-

2161 486 2298 531 sent.
2327 478 2614 535 Enimvero
2637 497 2743 537 non
2774 483 2884 537 sola
2915 484 3009 538 niti
3039 485 3343 554 conjectura
3367 527 3384 551 ,
3416 487 3572 557 quod
3602 489 3731 541 dico
3752 533 3765 553 ,

2161 583 2227 623 ex
2255 570 2382 639 ipsis
2402 571 2770 628 demonstrare
2797 574 3087 643 Scripturis
3107 587 3161 631 et
3180 577 3378 633 docere
3402 579 3685 635 conabor.
3708 581 3761 635 Si

2159 659 2287 729 quid
2334 660 2469 717 forte
2492 678 2742 734 magnum
2774 676 2828 720 et
2856 665 3083 721 sublime
3106 709 3120 733 ,
3153 683 3353 739 suaque
3378 668 3617 741 dignum
3658 672 3765 741 glo~

2163 753 2239 807 ria
2282 753 2530 824 loquutus
2570 765 2712 811 esset
2742 774 2757 811 :
2786 758 2913 825 quid
2964 757 3084 813 dico
3132 775 3379 831 magnum
3420 773 3481 816 et
3526 762 3769 817 sublime

2160 852 2318 913 atque
2365 845 2530 915 ipsius
2582 847 2748 916 gloria
2793 848 3051 919 dignum?
3099 850 3153 905 Si
3182 851 3306 921 quid
3347 852 3491 907 forte
3538 853 3769 908 dixisse;

2160 934 2301 1004 quod
2329 944 2572 990 naturam
2603 937 2890 993 humanam
2922 940 3238 1009 excederet,
3269 944 3761 1012 perturbabantur,

2160 1026 2685 1083 scandalizabautur:
2714 1030 2796 1083 sin
2827 1039 3006 1085 autem
3037 1031 3238 1088 humile
3262 1034 3545 1103 quidpiam
3568 1047 3635 1090 et
3673 1037 3768 1090 hn-

2162 1133 2413 1183 manum,
2468 1122 2849 1191 accurrebant,
2900 1140 2965 1179 ac
3015 1140 3317 1182 sermonem
3370 1129 3768 1186 admittebant.

2161 1210 2388 1266 Ubinam
2419 1214 2631 1269 tandem
2662 1214 2714 1269 id
2742 1216 2921 1271 videre
2964 1218 3089 1273 est?
3117 1219 3270 1288 Apud
3311 1219 3586 1276 Joannem
3634 1238 3770 1292 pra--

2159 1304 2349 1373 cipue:
2372 1320 2492 1360 cum
2520 1308 2663 1362 enim
2690 1308 2914 1364 dixisset
2941 1310 3054 1379 ipse
3074 1351 3089 1376 ,
3124 1311 3382 1367 Abraham
3424 1326 3583 1383 pater
3610 1327 3770 1372 uester

2160 1395 2445 1460 exsultavit,
2479 1407 2532 1451 ut
2560 1398 2748 1453 videret
2790 1400 2922 1453 diem
2962 1417 3127 1455 meum
3146 1417 3170 1454 .'
3200 1410 3245 1456 et
3272 1403 3417 1471 uidit,
3450 1414 3505 1457 et
3557 1407 3770 1475 gavisus

2160 1495 2269 1549 est;
2315 1486 2695 1559 Quadraginta,
2749 1489 3016 1561 inquiunt,
3048 1504 3210 1547 mos
3236 1494 3466 1548 nondum
3494 1494 3686 1560 habes,
3726 1506 3768 1549 et

2161 1577 2416 1632 Abraham
2446 1581 2614 1635 vidisti
2634 1580 2811 1652 (Joan.
2842 1583 2897 1639 8.
2929 1584 3019 1640 56.
3047 1584 3165 1656 57)?
3189 1585 3345 1641 Vides
3370 1595 3430 1641 ut
3457 1602 3595 1657 erga
3622 1590 3766 1643 illum

2162 1678 2430 1740 tamquam
2456 1671 2654 1727 nudum
2684 1674 2951 1730 hominem
2974 1675 3148 1731 all‘ecti
3175 1678 3395 1733 essent?
3422 1678 3574 1745 Quid
3606 1682 3765 1749 igitur

2161 1761 2323 1832 ipse?
2351 1766 2633 1833 Antequam
2663 1767 2919 1821 Abraham
2962 1769 3123 1837 ﬁeret,
3152 1770 3351 1840 inquit,
3385 1788 3479 1841 ego
3510 1788 3635 1825 sum
3663 1789 3683 1825 :
3728 1783 3768 1825 et

2161 1854 2384 1908 tulerunt
2429 1856 2645 1927 lapides,
2685 1869 2743 1912 ut
2777 1861 3009 1931 jocerent
3055 1862 3109 1915 in
3139 1878 3250 1915 eum
3301 1860 3406 1933 (Ib.
3439 1880 3490 1916 υ.
3521 1865 3619 1919 58.
3654 1866 3764 1929 59):

2160 1959 2384 2016 cumque
2409 1946 2475 2002 de
2500 1950 2765 2020 mysteriis
2796 1951 2996 2019 prolixe
3018 1950 3324 2019 dissereret,
3346 1968 3413 2007 ac
3425 1954 3681 2012 diceret;
3707 1955 3767 2008 Et

2160 2038 2309 2108 panis
2359 2055 2505 2109 quem
2535 2055 2625 2111 ego
2650 2039 2780 2093 dabo
2813 2058 2905 2109 pro
2950 2042 3128 2095 mundi
3165 2044 3284 2103 vita,
3329 2060 3452 2097 caro
3503 2061 3625 2097 mea
3675 2056 3764 2108 est,

2159 2131 2406 2185 aiebant:
2437 2131 2609 2187 Durus
2639 2143 2711 2188 est
2738 2135 2819 2186 hic
2839 2151 3021 2200 sermo,
3053 2138 3164 2204 quis
3189 2146 3347 2206 potest
3390 2153 3513 2189 cum
3544 2138 3766 2190 audire!

2166 2222 2229 2275 I'Il
2280 2223 2427 2276 multi
2448 2223 2813 2295 discipulorum
2840 2225 2948 2295 ejus
2992 2226 3220 2279 abierunt
3248 2238 3404 2291 retro,
3443 2238 3495 2281 et
3513 2229 3639 2298 jam
3668 2246 3761 2281 non

2164 2332 2276 2368 cum
2303 2317 2392 2370 illo
2420 2317 2742 2371 ambulabant
2788 2316 2899 2389 (Id.
2930 2317 2983 2373 6.
3032 2318 3120 2372 52.
3155 2319 3242 2373 (il.
3275 2319 3390 2391 67).
3443 2319 3595 2386 Quid
3638 2335 3760 2390 ergo

2164 2420 2347 2474 qttmso
2388 2407 2687 2462 faciendum
2727 2408 2803 2463 illi
2836 2408 2974 2463 fuit?
3002 2409 3083 2463 An
3131 2408 3542 2464 sublimioribus
3570 2425 3760 2479 pcne-

2163 2508 2255 2554 tuo
2291 2501 2469 2555 verbis
2497 2502 2911 2570 immorandum,
2940 2511 2999 2558 ut
3022 2501 3254 2574 praedam
3280 2501 3617 2557 absterret-vt
3637 2546 3653 2566 ,
3681 2513 3760 2554 ιιι-

2168 2607 2272 2660 que
2301 2607 2489 2647 omnes
2525 2607 2555 2646 a
2607 2593 2850 2648 doctrina
2895 2607 2990 2647 sua
3036 2592 3353 2663 repelleret?
3397 2596 3469 2647 At
3521 2594 3629 2647 hoc
3673 2592 3761 2646 υιιί

2163 2685 2504 2755 benignitatis
2547 2701 2652 2740 non
2704 2685 2822 2741 fuit.
2852 2684 2983 2740 Nam
3014 2693 3070 2740 et
3108 2700 3291 2740 rursus
3336 2699 3458 2739 cum
3506 2685 3756 2746 dixisset.

2166 2777 2267 2844 Qui
2306 2794 2584 2831 sermonem
2613 2792 2777 2830 meum
2818 2775 2995 2841 audit,
3025 2784 3235 2829 mortem
3275 2792 3382 2829 non
3430 2778 3661 2845 gustabit
3703 2781 3749 2826 in

2160 2878 2439 2933 internum,
2488 2866 2729 2929 aiebant,
2793 2863 2977 2919 Nonne
3025 2865 3147 2919 bene
3200 2864 3423 2919 diximus
3466 2882 3598 2930 nos,
3643 2868 3757 2934 quin

2160 2959 2465 3012 dwmonium
2492 2956 2680 3010 habes?
2708 2956 2963 3009 Abraham
3009 2965 3233 3009 mortuus
3262 2965 3364 3021 est,
3405 2965 3453 3008 et
3492 2956 3759 3025 prophetia

2162 3052 2351 3104 mortui
2383 3059 2538 3103 sunt:
2566 3058 2613 3103 et
2653 3060 2707 3102 tu
2749 3048 2893 3111 dicis,
2923 3048 3024 3113 Qui
3075 3063 3349 3101 sermonem
3380 3063 3552 3100 nicum
3593 3049 3757 3107 audit,

2162 3154 2370 3195 mortem
2410 3158 2511 3195 non
2554 3140 2773 3212 gustabit
2815 3138 2925 3210 (Id.
2951 3140 3002 3195 8.
3032 3140 3123 3194 5i.
3153 3138 3265 3205 52).
3301 3138 3367 3193 Et
3389 3137 3519 3209 quid
3541 3139 3757 3201 mirum,

2161 3234 2205 3287 si
2260 3231 2541 3286 multitudo
2591 3233 2669 3286 sic
2708 3230 2896 3285 affecta
2935 3240 3083 3296 erat,
3135 3244 3255 3283 cum
3308 3228 3359 3283 in
3386 3244 3450 3283 ea
3488 3231 3758 3283 sententia

2166 3323 2431 3392 principes
2464 3323 2561 3393 ipsi
2589 3322 2793 3377 essent?
2822 3321 3139 3376 Nicodcmus
3167 3320 3404 3391 quidem,
3436 3321 3529 3390 qui
3564 3334 3617 3373 et
3648 3323 3757 3389 ipse

2162 3413 2409 3484 princeps
2426 3421 2563 3478 erat,
2587 3420 2640 3467 et
2662 3413 2825 3466 multa
2845 3426 2965 3466 cum
2988 3410 3353 3466 beneVolentia
3372 3410 3442 3463 ad
3466 3411 3643 3479 ipsum
3665 3428 3751 3464 ve-

2165 3514 2317 3559 nerat
2344 3506 2654 3574 dixeratque
2676 3545 2691 3569 ,
2725 3504 2928 3558 Scimus
2951 3504 3070 3572 quia
3102 3519 3135 3556 a
3162 3501 3271 3556 Deo
3299 3501 3483 3555 venisti
3523 3504 3752 3572 magister

2166 3597 2288 3669 (Id.
2329 3599 2381 3651 '5.
2413 3597 2466 3650 2.
2498 3606 2546 3649 et
2574 3598 2758 3666 seqq.),
2789 3610 3090 3650 sermonem
3120 3593 3187 3647 de
3214 3593 3541 3662 baptismate
3570 3607 3746 3660 mpera

2165 3690 2381 3743 minime
2408 3689 2575 3760 potuit
2598 3689 2763 3741 multo
2790 3687 2929 3741 illius
2955 3686 3313 3741 imbecillitate
3329 3685 3617 3755 majorem:
3640 3702 3743 3740 cum

2165 3784 2305 3834 enim
2339 3781 2559 3834 dixisset
2600 3777 2863 3840 Christus,
2889 3777 3009 3830 Nisi
3033 3778 3143 3846 quis
3172 3787 3321 3829 natus
3347 3775 3501 3843 fuerit
3530 3793 3598 3829 ex
3630 3792 3746 3844 aqua

2165 3881 2212 3924 ct
2240 3870 2438 3942 Spiritu
2458 3913 2472 3936 ,
2504 3886 2602 3923 non
2627 3878 2785 3940 potest
2806 3868 2971 3922 videre
2992 3884 3199 3937 regnum
3229 3866 3322 3919 Dei
3342 3908 3355 3929 ,
3388 3869 3470 3920 sic
3494 3868 3549 3920 in
3575 3868 3750 3920 buma-

2168 3977 2263 4015 nas
2305 3961 2487 4015 incidit
2537 3961 2885 4030 suspiciones,
2915 3969 2971 4012 ut
3011 3959 3241 4022 diceret,
3276 3955 3550 4024 Quomodo
3600 3968 3752 4026 potest

2167 4053 2315 4105 homo
2342 4054 2510 4118 nasci,
2540 4068 2654 4104 cum
2677 4052 2740 4104 sit
2765 4050 2955 4104 senex?
2985 4047 3246 4120 Numquid
3267 4056 3429 4118 potest
3459 4050 3511 4101 in
3540 4058 3753 4101 ventrem

2167 4145 2343 4198 matris
2393 4159 2500 4198 sua:
2538 4145 2714 4197 iterum
2761 4143 2973 4196 introire
3018 4151 3061 4196 et
3104 4141 3343 4196 renasci?
3394 4141 3540 4209 Quid
3600 4142 3749 4211 igitur

2167 4236 2448 4303 Christus?
2478 4235 2536 4289 Si
2578 4246 2774 4288 terrena
2802 4235 2909 4288 dixi
2951 4234 3115 4298 vobis,
3149 4243 3193 4286 ct
3220 4250 3322 4287 non
3367 4234 3600 4291 creduis.
3629 4250 3749 4304 quo-

2167 4326 2318 4378 modo
2347 4325 2391 4378 si
2416 4325 2592 4378 dixero
2618 4323 2751 4377 vobis
2777 4323 2997 4377 cwlestia
3020 4322 3273 4376 credetis?
3295 4323 3450 4392 quasi
3480 4337 3543 4377 se
3568 4324 3750 4377 defen-

2167 4417 2351 4480 deret,
2380 4431 2442 4469 ac
2483 4417 2740 4470 rationem
2785 4416 3065 4479 redderet,
3089 4430 3186 4469 cur
3224 4431 3329 4468 non
3372 4425 3650 4484 perpetuo
3687 4417 3750 4469 dc

2169 4521 2401 4576 superna
2454 4507 2727 4561 nativitate
2753 4504 2913 4560 verba
2941 4505 3157 4560 faceret.
3188 4504 3298 4560 Sub
3339 4505 3517 4573 ipsum
3573 4522 3752 4561 nirsus

2167 4597 2431 4668 passionis
2460 4606 2666 4665 tempus
2690 4639 2703 4661 ,
2737 4607 2853 4665 post
2878 4605 3124 4652 sexcenta
3159 4595 3437 4662 miracula,
3464 4609 3591 4667 post
3618 4600 3749 4653 mul-

2172 4698 2275 4741 tam
2309 4688 2447 4740 illam
2471 4687 2717 4756 potentia:
2746 4701 2855 4740 sua:
2882 4684 3298 4740 declarationem
3318 4727 3335 4752 ,
3363 4701 3489 4740 cum
3511 4687 3746 4747 diceret.

2180 4776 2419 4831 νιάιὸἱιὶε
2463 4777 2627 4845 ﬁlium
2668 4776 2883 4831 hominis
2910 4777 3181 4830 venientem
3212 4777 3265 4829 in
3294 4777 3515 4832 nubibus
3543 4779 3746 4848 (Hasta.

2167 4867 2257 4922 26.
2286 4867 2400 4939 64),
2430 4883 2535 4921 non
2564 4866 2741 4923 ferens
2779 4867 2977 4922 dictum
3011 4867 3138 4922 illud
3166 4866 3407 4923 Pontifex
3427 4911 3443 4933 ,
3480 4871 3642 4924 scidit
3666 4886 3746 4924 re-

2167 4962 2417 5015 stimenta
2443 4975 2571 5015 sua:
2596 4975 2826 5030 quonam
2856 4960 3015 5029 igitur
3055 4959 3212 5014 modo
3240 4959 3399 5013 verba
3459 4959 3578 5015 fieri
3620 4962 3745 5030 apud

2170 5053 2299 5107 istos
2342 5053 2611 5120 Oportuit,
2643 5052 2734 5122 qui
2787 5051 2917 5103 nihil
2968 5050 3194 5105 sublime
3245 5050 3588 5104 tolerarent?
3619 5052 3746 5106 Νιιιὴι

2167 5146 2363 5216 quippe
2404 5145 2619 5208 mirum,
2643 5146 2687 5199 si
2714 5143 3020 5198 hominibus
3048 5144 3137 5212 qni
3182 5142 3329 5196 humi
3356 5144 3672 5211 serpebant,
3700 5157 3744 5198 et

2166 5236 2302 5290 adeo
2333 5235 2637 5290 imbecilles
2660 5243 2811 5289 erant
2830 5275 2844 5299 ,
2875 5234 3006 5287 nihil
3034 5233 3252 5289 omnino
3280 5230 3348 5286 de
3394 5247 3458 5286 se
3507 5250 3742 5304 magnum

2167 5337 2258 5380 aut
2286 5326 2511 5381 sublime
2548 5325 2829 5395 proferret.

2238 5420 2292 5473 4.
2334 5420 2475 5474 Sane
2526 5419 2738 5487 quidem
2791 5417 3100 5475 sufficerent
3142 5433 3206 5472 ea
3248 5432 3368 5486 quae
3403 5417 3549 5471 dicta
3602 5430 3740 5475 sunt.
3802 5412 3806 5499 ι

2166 5508 2233 5561 ad
2262 5508 2647 5564 ostendendum
2676 5507 2811 5563 hanc
2839 5507 3003 5562 fuisse
3047 5521 3263 5563 causam
3291 5517 3344 5562 et
3376 5507 3739 5569 occasionum,

2166 5613 2264 5653 cur
2291 5599 2423 5655 adeo
2456 5600 2575 5653 vilia
2618 5607 2745 5653 tunc
2782 5609 2838 5655 et
2863 5599 3068 5668 abjeeta
3095 5606 3452 5667 proponeret:
3486 5609 3741 5651 verumta-

2171 5708 2294 5749 men
2320 5710 2385 5750 ex
2414 5695 2579 5749 altera
2612 5701 2760 5763 parte
2783 5691 3017 5748 conabor
3047 5690 3274 5762 idipsum
3299 5687 3537 5747 reddere
3586 5691 3739 5745 uani-

3798 5568 3804 5833 Ι
