3838 6220
113 287 244 342 759
961 291 1047 346 DE
1083 292 1725 350 CONSUBSTANTIALI

110 403 393 474 ἀληθινὸν
438 406 573 470 υἱὸν,
621 408 712 459 καὶ
746 407 832 460 διὰ
872 409 968 480 τὴν
1015 412 1108 464 τοῦ
1156 414 1281 467 Θεοῦ
1329 417 1721 488 προσηγορίαν,

113 489 325 559 ἐπειδὴ
355 505 435 541 σοι
461 488 732 558 μετέδωκε
754 492 846 544 τοῦ
869 492 1149 562 ὀνόματος,
1177 497 1572 568 φιλονεικήσεις
1598 501 1726 563 ἴσως

116 573 311 642 μηδὲν
345 572 490 641 ἔχειν
519 590 612 625 σου
654 574 812 626 πλέον
845 575 934 630 τὸν
965 578 1214 649 Πατέρα·
1244 579 1434 651 ὥσπερ
1473 585 1582 652 γὰρ
1615 583 1727 646 υἱὸς

115 654 399 724 ἐκλήθης,
434 653 576 706 οὑτω
623 657 716 708 καὶ
748 657 866 721 θεὸς
911 659 1181 731 ἐκλήθης·
1218 663 1332 715 ἀλλ’
1375 663 1564 734 ὥσπερ
1607 665 1728 729 θεὸς

117 737 364 805 κληθεὶς
403 739 462 789 οὑ
501 737 706 808 τολμᾷς
753 742 927 794 εἰπεῖν
973 743 1054 795 ὅτι
1083 744 1236 812 ψιλὸν
1283 747 1401 799 ἐκεῖ
1436 747 1496 798 τὸ
1534 749 1724 816 ὄνομα,

115 819 250 872 ἀλλ’
281 822 565 891 ὁμολογεῖς
612 822 785 892 ἀληθῆ
825 825 957 877 Θεὸν
992 822 1129 880 εἶναι
1169 829 1260 880 τὸν
1299 831 1520 901 Πατέρα
1543 847 1558 864 ο
1585 830 1728 884 οὑτω

119 903 276 972 μηδὲ
311 906 404 956 ἐπὶ
447 904 542 957 τοῦ
588 905 717 957 Υίοῦ
763 906 936 976 τόλμα
973 909 1167 962 σαυτὸν
1208 913 1286 973 εἰς
1337 913 1499 984 μέσον
1549 913 1723 981 ἄγειν,

116 987 232 1038 καὶ
271 987 473 1055 λέγειν,
497 988 579 1039 ὃτι
620 989 773 1056 κάγὼ
803 990 918 1052 υίὸς
951 991 1262 1062 κέκλημαι·
1293 995 1386 1046 κα)⁵
1419 995 1603 1067 ἐπειδὴ
1629 998 1727 1066 τῆς

115 1071 310 1140 αὐτῆς
336 1071 520 1133 οὐσίας
557 1071 657 1123 οὑκ
697 1073 835 1141 εἰμὶ,
870 1074 992 1126 οὑδὲ
1026 1077 1234 1140 ἐκεῖνος
1261 1077 1465 1144 ὀφείλει
1492 1080 1592 1148 τῆς
1627 1081 1725 1132 αὑ-

115 1155 234 1224 τῆς
270 1151 450 1207 εἶναι’
477 1155 545 1208 τά
579 1153 682 1226 γὰρ
721 1156 1155 1228 ἀπηριθμημένα
1189 1160 1406 1216 ἅπαντα
1620 1163 1728 1215 δεί-

118 1254 330 1289 κνυσιν
360 1237 611 1308 ἀληθινὸν
642 1238 770 1292 ὄντα
802 1239 926 1291 Υίὸν
961 1241 1052 1293 καὶ
1087 1242 1189 1313 τῆς
1223 1244 1394 1316 αὐτῆς
1424 1246 1610 1307 οὐσίας
1650 1244 1727 1314 τῷ

117 1322 513 1390 γεγεννηκότι.
555 1323 721 1376 Ὅταν
767 1322 876 1394 γὰρ
913 1324 1062 1394 εἴπῃ,
1097 1325 1180 1378 ὅτι
1225 1327 1323 1396 τῆς
1374 1329 1542 1397 αὑτῆς
1580 1329 1727 1380 ἐστιν

118 1404 289 1474 αὑτῷ
348 1408 580 1477 μορφῆς.
623 1405 844 1460 καὶτοῦ
897 1407 1062 1460 αὑτοῦ
1112 1411 1480 1481 χαρακτῆρος,
1523 1411 1574 1463 τί
1602 1411 1727 1463 ἄλλο

120 1486 309 1555 δηλοῖ,
352 1488 384 1556 ἢ
437 1488 497 1540 τὸ
547 1489 964 1560 ἀπαράλλακτον
999 1491 1096 1560 τῆς
1142 1493 1358 1559 οὑσίας;
1405 1496 1480 1546 υὺ
1509 1495 1617 1563 γὰρ
1661 1495 1725 1565 δὴ

125 1571 323 1642 μορφὴ
377 1573 502 1643 περὶ
546 1572 695 1635 Θεὸν,
743 1574 864 1626 οὑδὲ
899 1575 1223 1644 πρόσωπονο
1258 1575 1374 1628 ἀλλ’
1407 1578 1482 1637 ὼς
1530 1577 1723 1642 ταῦτα,

122 1655 293 1722 φησὶ,
347 1654 547 1721 λέγεις,
600 1658 719 1709 εἰπὲ
767 1657 862 1709 καὶ
905 1657 976 1709 τά
1020 1659 1256 1712 ἐναντία.
1299 1661 1436 1712 Ποῖα
1471 1661 1723 1723 ἐναντία;

120 1731 262 1788 Οἷον
292 1738 376 1789 ὅτι
421 1737 639 1807 εὔχεται
669 1738 747 1810 τῷ
791 1740 998 1810 Πατρί’
1036 1742 1084 1793 εί
1114 1741 1224 1812 γὰρ
1265 1743 1363 1812 τῆς
1398 1743 1566 1810 αὑτῆς
1611 1745 1725 1794 ἐστι

121 1819 443 1890 δυνάμεως,
486 1822 706 1893 καὶτῆς
741 1824 912 1892 αὐτῆς
943 1824 1152 1891 οὐσίας,
1196 1826 1290 1878 καὶ
1327 1826 1436 1878 ἀπὸ
1478 1826 1726 1890 ἐξουσίας

125 1904 317 1956 πάντα
353 1907 516 1968 ποιεῖ,
548 1905 691 1968 τίνος
723 1906 908 1960 ’ένεκεν
944 1906 1195 1976 εὑχεται;

203 2099 278 2160 γ’.
305 2090 450 2161 Ἐγὼ
463 2091 519 2144 δὲ
539 2093 600 2146 οὑ
617 2092 792 2147 ταῦτα
818 2092 928 2166 ἐρῶ
957 2094 1136 2163 μόνον,
1155 2093 1290 2148 ἀλλά
1315 2096 1409 2148 καὶ
1437 2096 1536 2148 ὅσα
1564 2096 1727 2163 ἕτερα

121 2179 373 2230 ταπεινά
423 2178 551 2247 περὶ
595 2176 759 2230 αὑτοῦ
809 2181 1060 2249 εἴρηται,
1109 2178 1286 2231 πάντα
1340 2178 1727 2250 παραθήσομαι

127 2259 280 2330 μετὰ
315 2259 623 2331 ἀκριϐείας,
655 2260 919 2332 πρότερον
952 2262 1128 2314 ἐκεῖνο
1158 2261 1347 2325 εἰπὼν,
1378 2261 1458 2314 ὅτι
1490 2261 1600 2329 ἐγὼ
1631 2262 1727 2331 μὲν

120 2344 244 2396 τῶν
273 2343 552 2406 ταπεινῶς
586 2344 893 2414 εἰρημένων
917 2345 1045 2415 περὶ
1076 2345 1240 2398 αὑτοῦ
1266 2345 1465 2409 πολλὰς
1489 2345 1596 2415 ἔχω
1633 2346 1727 2399 καὶ

121 2425 357 2488 δικαίας
385 2427 563 2489 αίτίας
584 2430 780 2491 εἰπεῖν,
808 2428 872 2480 σὺ
900 2427 958 2478 δὲ
986 2427 1094 2481 τῶν
1127 2427 1348 2496 ὑψηλῶν
1375 2431 1468 2481 καὶ
1502 2428 1726 2494 ἐνδόξων

120 2510 396 2580 οὐδεμίαν
431 2511 624 2580 ἑτέραν
661 2511 805 2581 ἔχοις
844 2511 910 2566 ἂν
938 2514 1110 2567 εἰπεῖν
1134 2513 1424 2584 πρόφασιν,
1459 2513 1573 2564 ἀλλ’
1604 2512 1637 2582 ἢ
1666 2511 1728 2565 τὸ

127 2592 426 2662 βούλεσθαι
451 2593 550 2664 τὴν
576 2595 855 2663 εὐγένειαν
878 2598 1014 2666 ἡμῖν
1036 2597 1200 2650 αὑτὸν
1227 2595 1601 2650 ἐνδείκνυσθαι
1627 2596 1728 2665 τὴν

123 2676 327 2732 αὑτοῦ.
372 2678 523 2730 Ἐπεὶ
561 2681 610 2731 εἰ
646 2679 721 2750 μὴ
752 2679 910 2732 τοῦτο
937 2679 1111 2743 οὕτως
1143 2681 1276 2750 ἔχοι,
1323 2680 1472 2749 μάχη
1502 2677 1596 2732 καὶ
1627 2677 1726 2730 πό-

125 2759 303 2833 λεμος
325 2764 384 2814 ἐν
419 2765 540 2824 ταῖς
575 2763 848 2834 Γραφαῖς·
880 2763 941 2816 τὸ
971 2763 1081 2834 γὰρ
1123 2763 1302 2832 λέγειν
1330 2763 1410 2816 ὅτι
1447 2763 1670 2830 Ὥσπερ
1695 2765 1728 2816 ό

126 2844 346 2911 Πατὴρ
365 2845 574 2914 ἐγείρει
603 2845 742 2912 τοὺς
761 2847 1015 2914 νεκροὺς
1035 2847 1132 2900 καὶ
1152 2846 1432 2911 ζωοποιεῖ,
1455 2846 1606 2898 οὕτω
1628 2846 1726 2899 καὶ

127 2929 164 2981 ό
204 2929 346 2993 Υἱὸς
374 2931 480 2994 οὓς
507 2927 666 2982 θέλει
694 2927 974 2992 ζωοποιεῖ,
1013 2930 1108 2982 καὶ
1131 2929 1231 2982 ὅσα
1253 2928 1416 3000 ἕτερα
1436 2925 1608 2992 εἷπον,
1635 2930 1727 2982 καὶ

123 3011 193 3064 τὸ
227 3011 393 3065 πάλιν
421 3009 698 3080 εῦχεσθαι,
734 3013 895 3082 ἡνίκα
934 3012 1002 3065 ἂν
1033 3011 1130 3083 δέῃ
1165 3010 1323 3065 τοῦτο
1353 3013 1545 3073 ποιεῖν,
1575 3013 1730 3063 ἐναν-

124 3094 252 3148 τίον
272 3114 287 3127 ο
325 3094 440 3148 ἀλλ’
468 3096 562 3148 ὲάν
603 3095 701 3159 τὰς
741 3095 920 3158 αἰτίας
951 3096 1110 3161 εἴπω,
1141 3097 1290 3149 πᾶσα
1320 3096 1592 3166 ἀνῄρηται
1617 3093 1727 3147 λοι-

128 3177 240 3232 πὸν
267 3178 710 3248 ἀμφισϐήτησις.

203 3345 370 3407 Τίνες
402 3341 496 3398 οὖν
526 3345 662 3397 εἰσιν
695 3346 751 3397 αἱ
783 3345 954 3399 αἰτίαι
1000 3344 1095 3399 τοῦ
1138 3345 1369 3399 ταπεινά
1409 3343 1580 3396 πολλὰ
1633 3344 1727 3396 καὶ

128 3429 303 3484 αὑτὸν
348 3430 444 3482 καὶ¹
489 3430 616 3490 τοὺς
661 3429 995 3492 ἀποστόλους
1041 3429 1326 3501 εἰρηκέναι
1355 3429 1482 3499 περί
1526 3426 1723 3491 αὐτοῦς

130 3513 344 3586 Πρώτη
378 3512 477 3582 μὲν
515 3508 609 3565 οὖν
633 3513 780 3565 αἰτία
813 3513 906 3564 καὶ
939 3513 1199 3584 μεγίστη,
1237 3511 1299 3564 τὸ
1341 3512 1520 3582 σάρκα
1565 3510 1728 3564 αὑτὸν

129 3596 596 3669 περιῦεόλῆσθαι,
639 3596 732 3647 καὶ
761 3593 1047 3664 βούλεσθαι
1064 3595 1157 3648 καὶ
1180 3596 1306 3657 τοὺς
1332 3594 1453 3647 τότε
1492 3595 1583 3646 καὶ
1602 3599 1728 3658 τοὺς

134 3679 284 3749 μετά
316 3677 492 3730 ταῦτα
533 3677 912 3730 πιστώσασθαι
967 3679 1210 3740 πάντας,
1254 3677 1336 3729 ὅτι
1375 3677 1436 3727 οὑ
1479 3676 1606 3728 σκιά
1645 3677 1729 3739 τίς

131 3766 314 3824 ἐστιν,
349 3761 471 3814 οὐδὲ
505 3762 689 3832 σχῆμα
713 3760 898 3822 ἀπλῶς
920 3760 980 3813 τὸ
1009 3759 1305 3831 ὁρώμενον,
1347 3758 1463 3812 ἀλλ’
1503 3759 1729 3829 ἀλήθεια

133 3845 384 3914 φύσεως.
412 3845 473 3896 EE
495 3845 604 3914 γὰρ
640 3844 878 3896 τοσαῦτα
894 3843 1127 3897 ταπεινά
1146 3844 1241 3896 καὶ
1260 3842 1577 3912 ἀνθρώπινα
1602 3843 1730 3912 περ)⁸

133 3928 311 3982 αὐτοῦ
345 3928 439 3980 καὶ
461 3926 571 3980 τῶν
598 3927 912 3980 ἀποστόλων
939 3927 1257 3997 εἰρηκότων,
1290 3927 1384 3979 καὶ
1411 3925 1574 3978 αὑτοῦ
1601 3926 1731 3994 περὶ

135 4010 368 4076 ἑαυτοῦ,
415 4011 564 4080 ὅμως
595 4011 815 4079 ἴσχυσεν
863 4010 891 4060 ό
933 4008 1176 4073 διάϐολος
1209 4010 1392 4062 πεῖσαί
1427 4026 1578 4070 τινας
1622 4008 1732 4060 τῶν

135 4093 350 4148 ἀθλίων
387 4094 484 4145 καὶ
512 4091 875 4162 ταλαιπώρων
927 4091 1228 4163 ἀνθρώπιον
1268 4090 1607 4162 ἀρνήσασθαι
1631 4090 1732 4160 τῆς

135 4175 462 4244 οἰκονομίας
483 4175 576 4227 τὸν
604 4175 782 4243 λόγον,
812 4175 908 4227 καὶ
934 4174 1200 4246 τολμῆσαι
1223 4175 1417 4235 είπεῖν,
1446 4173 1526 4225 ὅτι
1552 4173 1732 4243 σάρκα

137 4260 245 4311 οὑκ
274 4258 458 4335 έλαξὸε,
499 4259 594 4310 καὶ
615 4257 713 4328 τὴν
737 4259 919 4310 πᾶσαν
952 4258 1051 4326 τῆς
1072 4256 1489 4326 φιλανθρωπίας
1535 4255 1732 4307 ὑπόθε-

141 4355 234 4393 σιν
267 4341 511 4392 ἀνελεῖν·
544 4343 592 4392 εἰ
628 4340 795 4410 μηδὲν
826 4339 1031 4392 τούτων
1063 4336 1206 4404 εἷπε,
1240 4339 1396 4391 πόσοι
1433 4339 1533 4390 οὑκ
1560 4337 1624 4390 ἂν
1653 4339 1732 4400 εἰς

138 4425 204 4477 τὸ
234 4424 513 4494 βάραθρον
539 4423 695 4477 τοῦτο
723 4423 1022 4476 κατέπεσον
1047 4440 1062 4489 ;

219 4601 337 4653 Οὐκ
370 4599 589 4662 ἀκούεις
634 4597 712 4650 ἐτι
745 4598 838 4651 καί
871 4597 966 4649 νῦν
1024 4597 1349 4664 Μαρκίωνος
1395 4593 1730 4665 ἀρνουμένου

140 4684 251 4754 τὴν
275 4682 611 4752 οἰκονομίαν,
643 4682 739 4734 καὶ
761 4680 1085 4751 Μανιχαίου,
1115 4681 1210 4732 καὶ
1240 4678 1614 4739 Οὐαλεντίνου,
1639 4676 1736 4730 καὶ

145 4764 368 4819 πολλῶν
397 4765 632 4836 έτέρων;
663 4763 762 4816 Διά
795 4763 952 4816 τοῦτο
979 4762 1146 4814 πολλὰ
1178 4761 1491 4834 ἀνθρώπινα
1524 4762 1618 4813 καὶ
1639 4777 1737 4815 τα-

144 4848 318 4903 πεινά
340 4847 656 4916 φθέγγεται,
687 4847 781 4899 καὶ
812 4847 912 4914 τῆς
950 4845 1136 4908 οὐσίας
1173 4844 1388 4913 ἐκείνης
1424 4842 1522 4912 τῆς
1563 4845 1734 4914 ἀποῤ-

146 4935 323 5006 ρήτου
350 4930 666 4994 ἀποδέοντα,
697 4930 784 4983 ἵνα
813 4927 1152 4998 πιστώσηται
1181 4928 1278 4997 τῆς
1307 4925 1616 4997 οἰκονομίας
1645 4927 1734 4979 τὸν

145 5017 332 5084 λόγον.
360 5015 468 5066 Καὶ
498 5013 608 5083 γάρ
629 5011 832 5083 σφόδρα
862 5010 1194 5063 ἐσπούδακεν
1219 5011 1247 5061 ὁ
1267 5008 1509 5071 διάϐολος
1531 5009 1734 5080 ταύτην

147 5103 220 5154 ἐκ
246 5097 357 5151 τῶν
394 5095 696 5166 ἀνθρώπων
722 5095 820 5166 τὴν
849 5095 1030 5148 πίστιν
1068 5093 1296 5154 ἀνελεῖν,
1338 5091 1494 5154 εἰδὼς
1525 5093 1605 5144 ὅτι
1635 5093 1734 5160 τῆς

145 5181 466 5252 οἰκονομίας
501 5179 595 5233 ἐὰν
627 5180 794 5253 ἀνέλῃ
819 5179 918 5250 τὴν
948 5178 1150 5240 πίστιν,
1176 5177 1236 5228 τὸ
1263 5175 1426 5227 πλέον
1467 5174 1576 5226 τῶν
1611 5173 1734 5228 καθ’

147 5267 304 5337 ἡμᾶς
355 5266 634 5334 οἰχήσεται
685 5263 1050 5333 πραγμάτων.
1086 5261 1241 5312 Ἔστι
1288 5259 1383 5310 καὶ
1407 5257 1565 5326 ἑτέρα
1597 5258 1733 5327 μετά

147 5350 360 5418 ταύτην
394 5348 561 5412 αἰτία,
595 5349 628 5417 ἠ
657 5346 909 5398 ἀσθένεια
940 5344 1048 5396 τῶν
1082 5343 1410 5404 ἀκουόντων,
1448 5341 1540 5392 καὶ
1573 5341 1631 5393 τὸ
1658 5343 1732 5412 μὴ

149 5431 550 5488 δύνασθαιτότε
577 5429 793 5501 πρῶτον
813 5427 972 5482 αὑτὸν
1006 5427 1230 5488 ἰδόντας,
1259 5425 1354 5477 καὶ
1378 5422 1499 5475 τότε
1525 5423 1735 5494 πρῶτον

151 5516 476 5578 ἀκούοντας,
501 5514 627 5576 τοὺς
657 5511 1021 5582 ὑΉλοτέρους
1038 5508 1145 5562 τῶν
1166 5507 1455 5576 δογμάτων
1484 5505 1735 5569 δέξασθαι

154 5600 374 5667 λόγους.
402 5599 512 5650 Καὶ
546 5597 629 5649 ὅτι
657 5595 717 5648 οὑ
746 5593 1050 5665 στοχασμὸς
1086 5593 1148 5646 τὸ
1171 5591 1486 5661 λεγόμενον,
1518 5590 1610 5642 ἀπ’
1640 5591 1735 5642 αὑ-

153 5683 262 5738 τῶν
305 5698 386 5734 σοι
418 5679 766 5753 παραστῆσαι
787 5677 944 5732 τοῦτο
978 5675 1308 5746 πειράσομαι
1352 5675 1462 5728 τῶν
1502 5672 1734 5744 Γραφῶν

1735 337 1748 359 ν
1787 297 2062 353 CONTRA
2101 301 2463 357 ANOMLEOS
2529 302 2638 358 VII.

3308 306 3411 360 760

1833 419 1925 470 καὶ
1951 419 2139 484 δεῖξαι,
2174 422 2254 474 ὅτι
2281 422 2334 473 εἴ
2363 423 2492 474 ποτέ
2522 441 2573 474 τι
2608 424 2747 493 μέγα
2807 427 2897 477 καὶ
2943 427 3144 496 ὑψηλὸν
3181 430 3271 483 καὶ
3314 433 3410 503 τῆς

1831 501 1999 586 αὑτοῦ
2030 502 2188 573 δόξης
2215 506 2362 569 ἀξιον
2387 503 2687 573 ἐφθέγξατο
2705 525 2718 538 ·
2750 508 2802 560 τί
2824 508 2965 578 λέγω
2994 511 3136 582 μέγα
3162 512 3256 567 καὶ
3278 501 3408 586 ὑψη-

1831 581 1942 668 λὸν,
1974 587 2068 637 καὶ
2096 586 2195 654 τῆς
2220 588 2383 639 αὑτοῦ
2405 587 2560 657 δόξης
2576 588 2756 654 ἀξιον;
2781 591 2834 642 εἴ
2859 581 3068 647 ποτέγτι
3086 595 3185 665 τῆς
3205 581 3408 668 ἀνθρω-

1834 667 1997 738 πίνης
2029 669 2244 737 φύσεως
2272 668 2392 724 εἷπε
2419 671 2602 735 πλέον,
2637 672 2989 744 ἐθορυϐοῦντο
3029 678 3123 731 καὶ
3149 667 3409 733 ἐσκανδα-

1832 750 2041 814 λίζοντο
2057 768 2069 780 ·
2097 754 2145 804 εἰ
2166 754 2220 805 δέ
2243 755 2373 807 ποτέ
2397 773 2449 806 τι
2477 757 2730 809 ταπεινὸν
2752 759 2846 810 καὶ
2871 757 3022 830 [505]
3050 761 3410 832 ἀνθρώπινον,

1835 833 2202 904 προσέτρεχον
2234 837 2326 888 καὶ
2353 837 2445 890 τὸν
2471 837 2628 906 λόγον
2656 839 2917 909 ἐδέχοντο.
2966 843 3078 895 Καὶ
3115 842 3218 896 ποῦ
3256 845 3413 898 τοῦτο

1835 915 1982 969 ἐστιν
2010 915 2161 983 ίδεῖν;
2187 917 2344 988 φησί.
2390 919 2549 989 Παρὰ
2570 918 2647 990 τῷ
2685 921 2907 992 Ἰωάννῃ
2940 923 3204 992 μάλιστα·
3235 928 3406 979 εἰπόν-

1832 1013 1925 1060 τος
1950 996 2060 1067 γάρ
2086 998 2273 1062 αὑτοῦ,
2317 1000 2564 1069 Ἀϐραὰμ
2610 1005 2643 1055 ό
2685 1003 2880 1071 πατὴρ
2921 1005 3088 1074 ὑμῶν
3122 1008 3412 1076 ἠγαλλιά-

1834 1095 2005 1143 σατο,
2030 1081 2131 1133 ἵνα
2160 1081 2259 1149 ἴδῃ
2286 1082 2400 1151 τὴν
2428 1084 2656 1152 ἡμέραν
2685 1086 2798 1151 τὴν
2816 1086 2990 1156 ἐμὴν,
3025 1089 3124 1142 καὶ
3169 1088 3288 1145 εἶδε
3317 1093 3413 1145 καὶ

1832 1161 2041 1230 ἐχάρη,
2073 1164 2325 1233 λέγουσι·
2375 1167 2834 1236 Τεσσαράκοντα
2875 1169 2977 1238 ἔτη
3018 1172 3182 1225 οὔπω
3230 1175 3412 1242 ἔχεις,

1833 1246 1932 1298 καὶ
1963 1248 2020 1299 Ἀ
2032 1248 2219 1317 ϐραὰμ
2240 1247 2538 1316 ἐώρακας;
2579 1251 2739 1321 Ὁρᾷς
2765 1252 2846 1305 ὄτι
2867 1252 2942 1315 ὡς
2967 1255 3095 1325 περὶ
3126 1255 3413 1325 ἀνθρώπου

1833 1327 1990 1395 ψιλοῦ
2021 1329 2280 1383 διέκειντο
2301 1348 2314 1395 ;
2334 1333 2375 1382 Τ
2383 1327 2506 1384 ίοὺν
2531 1333 2724 1396 αὑτός;
2751 1333 2871 1400 Πρὸ
2894 1335 3000 1389 τοῦ
3031 1337 3140 1390 τὸν
3171 1338 3413 1406 Ἀϐραὰμ

1833 1411 2132 1480 γενέσθαι,
2159 1414 2343 1482 φησὶν,
2385 1413 2498 1482 ἐγώ
2535 1417 2670 1484 εἰμι.
2725 1417 2833 1469 Καὶ
2856 1413 3009 1486 ἦραν
3045 1420 3276 1486 λίθους,
3317 1420 3414 1472 ἵνα

1828 1493 2255 1557 ,βάλλιυσινέπ⁹
2281 1497 2488 1549 αὐτόν.
2523 1498 2633 1549 Καὶ
2662 1498 2750 1550 ὅτε
2790 1503 2917 1569 περί
2959 1501 3070 1554 τῶν
3099 1503 3414 1571 μυστηρίων

1836 1578 2081 1646 μακροὺς
2110 1579 2352 1630 ἐπέτεινε
2379 1579 2590 1647 λόγους,
2614 1581 2808 1649 λέγων,
2836 1583 2948 1635 Κιιί
2972 1587 3005 1637 ό
3026 1583 3205 1651 ἄρτος
3225 1586 3314 1648 δὲ,
3343 1586 3414 1639 ὃν

1831 1659 1945 1728 ἐγὼ
1973 1658 2144 1712 δώσω
2175 1659 2326 1727 ὺπέρ
2349 1661 2461 1729 τῆς
2488 1663 2593 1716 τοῦ
2617 1669 2849 1732 κόσμου
2869 1664 3035 1732 ζὶυῆς,
3057 1666 3095 1732 ἠ
3118 1666 3274 1734 σάρξ
3291 1686 3412 1736 μου

1831 1741 2022 1803 ἐστὶν,
2053 1739 2257 1810 ἔλεγον,
2284 1745 2556 1812 Σκληρός
2593 1745 2764 1800 ἐστιν
2796 1750 2828 1801 ό
2861 1748 3044 1816 λόγος
3071 1744 3250 1815 οὗτος
3275 1766 3287 1779 ·
3321 1751 3414 1815 τίς

1832 1824 2083 1876 δύναται
2134 1825 2321 1879 αὑτοῦ
2368 1828 2643 1892 ἀκούειν;
2676 1829 2785 1882 Καὶ
2819 1830 2889 1882 ἐκ
2922 1831 3138 1884 τούτου
3191 1835 3412 1888 πολλοί

1832 1908 1951 1960 τῶν
1976 1907 2258 1976 μαθητῶν
2299 1909 2485 1963 αὐτοῦ
2525 1911 2805 1979 ἀπῆλθον
2843 1915 2930 1978 είς
2959 1913 3033 1967 τὰ
3063 1915 3278 1980 ὀπίσω,
3313 1918 3414 1970 καὶ

1832 1989 2031 2044 οὐκέτι
2055 1992 2182 2060 μετ’
2214 1992 2401 2045 αὑτοῦ
2429 1993 2844 2061 περιεπάτουν.
2870 1995 2934 2046 Τί
2962 1993 3054 2049 οὖν
3080 1997 3185 2050 ἔδει
3217 2003 3410 2065 ποιεῖν;

1834 2074 1957 2126 εἰπέ
1985 2091 2106 2144 μοι·
2167 2076 2279 2136 τοῖς
2308 2073 2659 2144 ὑψηλοτέροις
2689 2077 3046 2149 ἐνδιατρίϐειν
3078 2082 3284 2151 ῥήμασι
3329 2084 3408 2136 δι-

1832 2156 2065 2225 ηνεκῶς,
2081 2154 2220 2207 ὥστε
2245 2157 2583 2226 ἀποσοϐῆσαι
2606 2158 2704 2228 τὴν
2725 2157 2923 2229 θήραν,
2943 2163 3035 2214 καὶ
3061 2163 3266 2226 πάντας
3279 2165 3412 2218 ἀπο-

1836 2237 2166 2307 κρούσασθαι
2188 2239 2284 2306 τῆς
2303 2238 2680 2304 διδασκαλίας;
2723 2243 2861 2294 Ἀλλ’
2889 2243 2987 2296 οὑκ
3030 2240 3099 2315 ἦν
3128 2245 3285 2299 τοῦτο
3312 2248 3409 2316 τῆς,

1833 2319 1926 2372 τοῦ
1955 2319 2088 2372 Θεοῦ
2111 2320 2541 2391 φιλανθρωπίας.
2570 2324 2680 2376 Καὶ
2699 2324 2808 2394 γάρ
2835 2325 2998 2378 πάλιν
3019 2326 3206 2398 ἐπειδὴ
3237 2323 3409 2393 εἶπεν,

1847 2403 1908 2453 '0
1942 2403 2048 2455 τὸν
2074 2404 2259 2470 λόγον
2268 2421 2388 2472 μου
2415 2405 2670 2471 ἁκούων,
2702 2407 2963 2461 θανάτου
2993 2410 3065 2462 οὐ
3083 2410 3162 2478 μὴ
3191 2413 3409 2480 γεύση-

1833 2501 1928 2539 ται
1959 2487 2047 2551 εις
2070 2487 2174 2539 τὸν
2196 2484 2401 2548 αἰῶνα,
2434 2487 2641 2556 ἔλεγον,
2676 2491 2758 2544 Οὺ
2781 2490 2980 2556 καλῶς
2996 2491 3305 2562 ἐλέγομεν,
3325 2494 3412 2547 ὅτι

1832 2566 2141 2638 δαιμόνιον
2166 2568 2326 2636 ἔχεις
2342 2586 2362 2634 ;
2399 2570 2642 2640 Ἀϐραὰμ
2663 2571 2946 2635 ἀπέθανε,
2979 2575 3077 2628 καὶ
3107 2578 3162 2628 οἱ
3183 2592 3248 2643 πί
3265 2575 3412 2645 0ρῆ-

1833 2668 1926 2705 ται
1952 2653 2272 2715 ἀπέθανον,
2305 2653 2503 2707 καὶσὺ
2523 2652 2737 2722 λέγεις,
2761 2654 2850 2710 ὅτι
2867 2652 2929 2708 Ὀ
2957 2659 3064 2712 τὸν
3090 2662 3278 2728 λόγον
3295 2679 3416 2729 μου

1833 2735 2068 2789 ἀκούων
2104 2738 2175 2788 οὑ
2204 2735 2290 2804 μὴ
2327 2737 2611 2804 γεύσηται
2633 2736 2936 2805 θανάτου;
2969 2742 3078 2794 Καὶ
3115 2743 3168 2795 τί
3201 2742 3414 2813 θαυμαο

1836 2820 1960 2872 στὸν
1985 2822 2033 2872 εἰ
2053 2819 2114 2872 τὸ
2146 2819 2350 2889 πλῆθος
2372 2819 2516 2874 οὑτω
2539 2821 2790 2887 διέκειτο,
2820 2823 2951 2876 ὅπου
2981 2841 3044 2882 γε
3067 2828 3161 2879 καὶ
3192 2827 3344 2880 αὑτοὶ
3366 2827 3414 2881 οι

1833 2903 2092 2975 ἄρχοντες
2111 2905 2313 2976 ταύτην
2335 2901 2479 2975 είχον
2509 2905 2605 2976 τὴν
2639 2905 2897 2977 γνώμην;
2935 2907 2992 2960 '0
3023 2908 3155 2976 γοῦν
3185 2909 3413 2981 Νικόδη-

1838 3003 1934 3058 μος
1960 2990 2142 3058 ἄρχων
2170 2990 2333 3052 αὑτὸς
2380 2988 2476 3052 ὢν,
2511 2991 2605 3042 καὶ
2639 2991 2780 3059 μετά
2822 2991 3024 3061 πολλῆς
3053 2993 3156 3060 τῆς
3203 2995 3424 3059 εὐνοίας,

1836 3070 1971 3141 πρὸς
2003 3070 2164 3124 αὑτὸν
2183 3071 2354 3124 ἐλθὼν
2377 3073 2471 3125 καὶ
2500 3073 2689 3137 εἰπὼν,
2714 3072 2971 3141 Οἴδαμεν
3001 3073 3090 3126 ὅτι
3119 3075 3237 3128 ἀπὸ
3266 3075 3416 3129 Θεοῦ

1832 3152 2138 3218 ἐλήλυθας
2163 3153 2561 3222 διδάσκαλος,
2607 3155 2698 3208 τὸν
2739 3156 2865 3224 περὶ
2911 3155 3002 3208 τοῦ
3041 3156 3414 3228 βαπτίσματος

1833 3237 1934 3288 οὑκ
1975 3234 2217 3306 ἠδυνήθη
2273 3237 2526 3302 δέξασθαι
2575 3237 2751 3305 λόγον,
2813 3237 2993 3308 πολλῷ
3045 3238 3268 3308 μείζονα
3314 3241 3414 3308 τῆς

1833 3319 2115 3382 ἀσθενείας
2145 3319 2277 3373 ὄντα
2312 3321 2410 3391 τῆς
2445 3322 2650 3373 ἐκείνου
2678 3337 2691 3351 ·
2720 3323 2966 3385 εἰπόντος
3009 3322 3120 3393 γάρ
3159 3323 3252 3376 τοῦ
3281 3325 3416 3393 Χρι-

1837 3399 1986 3466 στοῦ,
2022 3403 2102 3455 ὄτι
2135 3405 2245 3457 “Ar
2268 3402 2352 3473 μή
2375 3421 2463 3470 τις
2481 3403 2743 3471 γεννηθῇ
2768 3404 2836 3467 ἐξ
2864 3404 3085 3468 ὕδατος
3106 3405 3204 3459 καὶ
3229 3408 3413 3460 πνεύ-

1828 3502 2038 3555 ματος,
2073 3488 2145 3541 οὐ
2176 3485 2425 3541 δύναται
2450 3486 2596 3539 ἰδεῖν
2621 3486 2734 3554 τὴν
2753 3488 3085 3551 βασιλείαν
3105 3489 3210 3542 τοῦ
3242 3490 3424 3544 Θεοῦ·-

1833 3571 2006 3633 οὑτως
2058 3570 2138 3634 εἰς
2185 3570 2529 3643 ἀνθρωπίνας⁸
2561 3579 2583 3603 ⁸
2634 3569 2936 3624 κατέπεσεν
2995 3573 3268 3636 ὑπονοίας,
3321 3573 3416 3626 καί

1835 3670 2003 3724 φησι,
2035 3652 2168 3719 Πῶς
2198 3653 2444 3707 δύναται
2477 3653 2785 3720 ἄνθρωπος
2820 3654 3184 3723 γεννηθῆναι
3227 3655 3432 3724 γέρων-

1835 3736 1958 3801 ὤν;
1983 3735 2068 3804 μὴ
2092 3736 2338 3790 δύναται
2375 3738 2462 3800 είς
2482 3734 2596 3803 τὴν
2633 3738 2864 3789 κοιλίαν
2897 3736 3006 3804 τῆς
3048 3739 3272 3806 μητρὸς
3308 3743 3418 3794 αὑ-

1837 3819 1941 3873 τοῦ
1967 3819 2247 3886 δεύτερον
2263 3817 2578 3880 εἰσελθεῖν,
2607 3818 2707 3871 καὶ
2735 3819 3094 3888 γεννηθῆναι
3144 3819 3409 3886 ἄνωθεν;

1837 3903 1901 3955 Τί
1931 3898 2024 3955 οὖν
2047 3905 2075 3954 ὁ
2093 3902 2358 3972 Χριστός;
2387 3903 2457 3953 Εἰ
2479 3900 2549 3954 τὰ
2569 3901 2800 3969 ἐπίγεια
2814 3899 2987 3953 εἷπον
3015 3902 3158 3970 ὑμῖν
3181 3903 3279 3956 καὶ
3300 3907 3412 3959 οὐκ

1836 3985 2250 4045 ἐπιστεύσατε,
2308 3982 2433 4048 πῶς
2483 3982 2592 4035 ἐὰν
2622 3984 2768 4035 εἴπω
2802 3984 2943 4051 ὑμῖν
2975 3983 3046 4036 τὰ
3089 3983 3414 4052 ἐπουράνια

1838 4067 2229 4129 πιστεύσετε;
2274 4065 2554 4136 μονονουχὶ
2595 4063 3029 4134 ἀπολογούμενος
3073 4067 3167 4119 καὶ
3216 4066 3409 4134 λέγων,

1837 4148 1980 4212 τίνος
2007 4147 2191 4200 ἕνεκεν
2231 4148 2291 4200 οὑ
2317 4146 2556 4217 συνεχῶς
2587 4149 2770 4210 αὐτοῖς
2800 4149 2926 4219 περὶ
2955 4148 3053 4217 τῆς
3082 4148 3196 4202 ἄνω
3219 4152 3413 4219 γεννή-

1841 4247 1976 4292 σεως
2001 4230 2290 4296 διελέγετο.
2338 4230 2505 4284 Πάλιν
2559 4230 2690 4301 παρ’
2716 4230 2877 4283 αὑτὸν
2913 4231 3006 4283 τοῦ
3056 4231 3291 4303 σταυροῦ
3320 4232 3412 4286 τὸν

1839 4314 2027 4384 καιρὸν
2057 4313 2194 4383 μετά
2226 4312 2294 4366 τὰ
2317 4314 2484 4384 μυρία
2515 4316 2739 4383 σημεῖα,
2771 4314 2907 4382 μετά
2928 4321 3028 4385 τὴν
3045 4313 3244 4387 πολλὴν
3272 4318 3416 4370 ἐκεί-

1839 4409 1932 4462 νην
1962 4397 2236 4460 ἀπόδειξιν
2286 4397 2386 4466 τῆς
2430 4396 2595 4449 αὑτοῦ
2626 4396 2925 4467 δυνάμεως,
2991 4398 3078 4452 ἵνα
3128 4400 3280 4471 εἴπῃ.
3327 4401 3413 4456 ὄτι

1843 4479 2106 4544 Ὂψεσθε
2131 4479 2238 4532 τὸν
2269 4478 2404 4532 Υἰὸν
2434 4478 2541 4532 τοῦ
2558 4479 2869 4547 ἀνθρώπου
2883 4480 2980 4533 ἐπὶ
3005 4478 3123 4534 τῶν
3140 4483 3416 4551 νεφελῶν

1839 4559 2184 4628 ἐρχόμενον,
2213 4563 2313 4614 οὐκ
2334 4559 2572 4628 ἐνεγκὼν
2597 4562 2658 4613 τὸ
2677 4561 2864 4631 λεχθὲν
2890 4564 2920 4614 ὁ
2939 4563 3248 4634 ἀρχιερεὺς,
3265 4565 3416 4637 διέρ-

1842 4641 2002 4711 ρηξεν
2028 4643 2192 4695 αὑτοῦ
2223 4643 2290 4695 τὰ
2319 4644 2528 4712 ἱμάτια.
2565 4643 2690 4706 Πῶς
2711 4641 2802 4696 οὖν
2827 4643 3039 4706 τούτοις
3066 4644 3414 4714 διαλέγεσθαι

1840 4723 1970 4788 ἔδει,
1992 4727 2102 4786 τοῖς
2130 4724 2280 4776 οὐδὲν
2301 4724 2410 4776 τῶν
2435 4723 2654 4794 ὑψηλῶν
2678 4725 2928 4794 φέρουσιν
2954 4742 2966 4789 ;
3003 4726 3124 4778 ’Ότι
3147 4728 3255 4798 γὰρ
3274 4729 3414 4792 ὅλως

1840 4807 1941 4858 οὑκ
1978 4802 2097 4858 εἶπέ
2118 4823 2171 4857 τι
2201 4804 2342 4875 μέγα
2361 4806 2456 4858 καὶ
2488 4805 2690 4874 ὑψηλὸν
2720 4806 2846 4876 περὶ
2875 4807 3093 4872 ἐαυτοῦ,
3117 4809 3177 4860 οὑ
3200 4809 3414 4882 θαυμα-

1843 4888 1968 4940 στὸν
2003 4887 2309 4959 ἀνθρώποις
2334 4888 2510 4959 χαμαὶ
2554 4889 2892 4959 συρομένοις,
2938 4891 3030 4944 καὶ
3049 4889 3225 4957 οὕτως
3251 4893 3414 4949 ἀσθε-

1841 4973 1947 5036 νῶς
1973 4971 2206 5042 ἔχουσιν.

1905 5158 1965 5210 δ’,
1986 5157 2182 5227 Ἤρκει
2203 5157 2300 5227 μὲν
2320 5150 2413 5210 οῦν
2439 5155 2530 5209 καὶ
2545 5155 2610 5209 τά
2629 5156 2893 5228 εἰρημένα
2909 5157 3098 5224 δεῖξαι,
3114 5159 3198 5211 ὅτι
3219 5159 3356 5227 αὕτη
3376 5162 3410 5229 ἡ

1842 5241 1993 5294 αἰτία
2015 5240 2108 5292 καὶ
2125 5242 2156 5310 ἡ
2182 5239 2453 5311 πρόφασις
2475 5235 2542 5309 ἦν
2559 5239 2657 5308 τῆς
2670 5239 2780 5293 τῶν
2804 5239 2923 5292 τότε
2940 5240 3246 5309 λεγομένων
3263 5241 3412 5292 εὐτε-

1841 5325 1989 5386 λείας
2009 5339 2020 5352 ·
2046 5323 2156 5390 ἐγὼ
2181 5322 2236 5374 δέ
2277 5322 2371 5374 καὶ
2393 5321 2501 5376 ἀπὸ
2515 5321 2741 5392 θατέρου
2769 5323 2968 5392 μέρους
2983 5321 3140 5375 τοῦτο
3156 5321 3409 5392 πειράσο-

1846 5423 1939 5477 μαι
1965 5404 2189 5473 ποιῆσαι
2209 5404 2460 5474 φανερόν.
2488 5405 2694 5474 Ὠσπερ
2715 5405 2823 5474 γὰρ
2843 5404 3036 5467 αὑτοὺς
3053 5404 3219 5457 εἴδετε
3256 5423 3409 5461 exav-

1905 5681 1923 5705 ⁸
1945 5680 2041 5733 Alii
2065 5681 2199 5737 οὗτος
2222 5683 2286 5738 εἰς
2304 5681 2429 5744 ἀνθρ.
