3838 6220
452 283 549 338 7M

455 393 859 466 δαλιζομένους,
907 389 1358 462 θορυϐουμένους,
1399 388 1800 459 ἀποπηδῶντας
1822 427 1836 452 ,
1870 385 2036 439 λοιδο-

459 480 777 549 ρουμένους,
815 474 1137 545 φεύγοντας,
1183 473 1236 525 εἰ
1274 473 1406 525 ποτέ
1445 489 1496 525 τι
1537 472 1683 541 μέγα
1710 471 1807 524 καὶ
1842 468 2042 540 ὑψηλὸν

457 562 800 632 ἐφθέγξατοό
831 561 1084 630 Χριστὸς,
1112 557 1285 619 οὕτως
1312 557 1441 627 ὑμῖν
1472 556 1669 619 αὐτοὺς
1705 555 1874 620 δεῖξαι
1918 570 2042 606 πει-

460 648 696 718 ράσομαι
717 643 1177 716 προστρέχοντας,
1197 640 1293 692 καὶ
1307 639 1572 709 καταδεχο
1580 639 1775 710 μένους
1792 638 1889 709 τὴν
1901 636 2045 689 διδα-

459 729 708 792 σκαλίαν,
730 727 784 780 ετ
810 725 941 778 ποτέ
961 743 1016 777 τι
1042 722 1295 777 ταπεινὸν
1322 723 1418 775 καὶ
1446 721 1661 785 εὐτελὲς
1684 718 1858 775 εἶπεν.
1891 718 2044 791 [506]

457 815 623 867 Αὐτοὶ
663 811 793 880 γὰρ,
822 809 978 863 αὑτοὶ
1030 812 1079 861 οἱ
1128 805 1539 876 ἀποπηδῶντες,
1585 807 1831 867 εἰπόντος
1879 803 2044 859 αὐτοῦ

458 898 641 956 πάλιν,
669 897 751 949 ὅτι
785 896 902 948 Ἀπ’
927 892 1189 963 ἐμαυτοῦ
1219 893 1291 945 οὐ
1334 889 1481 944 ποιῶ
1507 889 1707 953 οὐδὲν,
1752 890 1910 944 ἀλλὰ
1942 905 2046 941 κα-

458 981 574 1046 θὼς
601 977 844 1041 ἐδίδαξέ
869 994 946 1046 με
970 980 1002 1029 ό
1025 973 1226 1043 Πατήρ
1248 992 1367 1042 μου
1399 974 1587 1039 λαλῶ,
1614 973 1830 1039 εὐθέως
1857 987 2047 1038 προσ-

457 1063 735 1132 έδραμον.
773 1061 884 1114 Καὶ
928 1059 1248 1129 βουλόμενος
1286 1058 1418 1127 ἡμῖν
1449 1055 1783 1120 ἐνδείξασθαι
1816 1058 1843 1108 6
1874 1056 2050 1121 Εὐαγ-

460 1144 732 1215 γελιστὴς,
759 1145 842 1196 ὃτι
866 1142 955 1195 διὰ
984 1142 1084 1211 τὴν
1106 1139 1470 1209 ταπεινότητα
1495 1139 1604 1192 τῶν
1639 1140 1898 1210 ῥημάτων
1926 1139 2047 1191 ἐπί-

461 1244 715 1292 στευσαν,
745 1224 1168 1295 ἐπισημαίνεται
1196 1223 1399 1291 λέγων·
1430 1222 1620 1276 Ταῦτα
1642 1222 1830 1276 αὑτοῦ
1853 1221 2042 1288 λαλή-

461 1328 714 1375 σαντος,
737 1308 952 1363 πολλοὶ
981 1307 1357 1360 ἐπίστευσαν
1385 1308 1473 1371 είς
1509 1306 1716 1360 αὐτόν.
1750 1306 1858 1359 Καὶ
1888 1304 2049 1359 ἀλλα-

463 1396 561 1467 χοῦ
585 1391 853 1463 πολλαχοῦ
877 1391 1034 1444 τοῦτο
1058 1388 1208 1460 εὖροι
1235 1405 1319 1451 τις
1347 1388 1413 1442 ἂν
1438 1387 1580 1441 οὑτω
1615 1388 1931 1459 συμϐαῖνον.
1950 1390 2049 1440 Διά

462 1479 623 1532 τοῦτο
682 1474 851 1528 πολλά
901 1473 997 1527 καὶ
1034 1471 1295 1535 πολλάκις
1332 1471 1689 1544 ἀνθρωπίνως
1731 1470 2047 1540 ἐφθέγγετο,

465 1564 561 1617 καὶ
584 1561 744 1614 πάλιν
773 1560 874 1612 οὑκ
897 1556 1275 1628 ἀνθρωπίνως,
1305 1555 1442 1609 ἀλλά
1469 1555 1807 1626 θεοπρεπῶς,
1833 1556 1926 1608 καὶ
1950 1555 2050 1624 τῆς

462 1645 744 1713 εὐγενείας
770 1640 895 1706 ἀξια
927 1640 1026 1709 τῆς
1052 1638 1269 1703 ἐαυτοῦ,
1302 1638 1362 1691 τὸ
1388 1638 1486 1707 μὲν
1510 1640 1575 1708 τῇ
1605 1637 1713 1690 τῶν
1745 1638 2050 1691 ἀκουόντων

466 1725 919 1796 συγκαταϐαίνων
968 1718 1244 1792 ἀσθενείᾳ,
1279 1720 1341 1774 16
1385 1720 1443 1774 δέ
1484 1721 1586 1791 τῆς
1627 1720 1734 1773 τῶν
1767 1720 2051 1791 δογμάτων

466 1809 709 1882 προνοῶν
738 1805 1175 1879 ὀρθότητος.”1να
1202 1804 1311 1874 γὰρ
1343 1802 1417 1874 μὴ
1443 1806 1476 1873 ἡ
1502 1802 1908 1871 συγκατάϐασις
1933 1805 2047 1857 δια-

466 1893 670 1954 παντὸς
695 1888 955 1959 γινομένη
989 1889 1069 1949 είς
1097 1887 1196 1956 τὴν
1226 1887 1354 1958 περὶ
1386 1886 1485 1956 τῆς
1522 1886 1680 1951 ἀξίας
1704 1886 1868 1941 αὑτοῦ
1896 1886 2051 1952 δόξαν

467 1972 844 2047 παραϐλάψειε
875 1972 1001 2033 τοὺς
1039 1969 1176 2039 μετά
1218 1969 1412 2031 ταῦτα,
1440 1968 1560 2021 οὑδέ
1585 1970 1793 2023 ἐκείνου
1822 1969 1917 2023 τοῦ
1953 1971 2052 2040 μέ-

472 2076 596 2130 ρους
629 2055 901 2126 ημέλησεν
919 2071 933 2084 ο
967 2050 1103 2104 ἀλλά
1128 2050 1307 2103 καίτοι
1335 2050 1619 2120 προειδὼς,
1652 2052 1733 2104 ὅτι
1761 2053 1860 2106 οὐκ
1888 2052 2052 2107 ἀκού-

470 2156 673 2203 σονται,
700 2137 837 2191 ἀλλά
875 2136 968 2188 καί
994 2133 1398 2206 λοιδορήσονται
1426 2134 1599 2204 αὐτῷ,
1634 2137 1727 2189 καὶ
1769 2136 2053 2207 duom-36+,

470 2240 675 2286 σουσιν,
702 2221 850 2291 ὅμως
880 2215 1055 2279 εἶπεν,
1085 2216 1218 2270 αὑτό
1258 2233 1317 2269 τε
1354 2217 1513 2270 τοῦτο
1542 2219 1679 2289 ὅπερ
1705 2215 1855 2271 εἶπον
1883 2235 2058 2273 κατα-

470 2305 772 2368 σκευάζων,
793 2303 886 2357 καὶ
926 2301 1141 2363 δεικνὺς
1173 2298 1273 2371 τὴν
1302 2299 1501 2363 αἰτίαν,
1541 2301 1607 2353 δι’
1634 2303 1700 2371 ἣν
1732 2303 1826 2354 καὶ
1856 2302 1926 2355 τὰ
1956 2319 2054 2355 τα-

470 2389 630 2442 πεινά
658 2389 840 2449 αὑτοῖς
871 2383 1091 2455 ἀνέμιξε
1121 2383 1360 2453 ῥήματα.
1386 2382 1531 2454 Αὕτη
1556 2383 1613 2436 δὲ
1635 2379 1723 2454 ἦν,
1746 2384 1808 2436 τὸ
1829 2384 2054 2456 μηδέπω

467 2471 729 2526 δύνασθαι
756 2468 1018 2536 δέξασθαι
1044 2467 1106 2520 τὸ
1146 2465 1377 2536 μέγεθος
1407 2465 1514 2519 τῶν
1550 2467 1853 2538 λεγομένων
1867 2478 1911 2524 ⁸.
1941 2470 2052 2522 Καὶ

469 2558 519 2610 εἰ
574 2555 648 2626 μὴ
696 2553 853 2606 τοῦτο
902 2554 1311 2604 κατασκευάσαι
1367 2549 1637 2612 ἐϐούλετο,
1672 2553 1900 2624 περιττὴ
1944 2553 2052 2606 τῶν

471 2640 689 2710 ὑψηλῶν
727 2636 1013 2707 δογμάτων
1050 2630 1119 2705 ἦν
1147 2636 1180 2703 ἠ
1205 2632 1523 2686 διδασκαλία
1550 2636 1661 2697 τοῖς
1694 2635 1794 2687 οὑκ
1823 2637 2047 2690 ἀκουσο-

473 2724 675 2795 μένοις,
699 2720 820 2774 οὑδὲ
844 2717 1201 2790 προσέξουσιν
1221 2734 1233 2746 ο
1268 2716 1364 2769 νῦν
1388 2716 1443 2767 δὲ
1471 2717 1520 2769 εἰ
1554 2718 1646 2769 καὶ
1674 2717 1918 2782 ἐκείνους
1950 2738 2053 2791 μη-

469 2807 557 2860 δὲν
585 2805 804 2874 ὠφέλει,
838 2802 952 2856 ἀλλ’
985 2801 1132 2871 ἡμᾶς
1161 2798 1432 2863 ἐπαίδευε,
1469 2800 1562 2852 καὶ
1601 2799 1700 2870 τὴν
1744 2805 2052 2873 προσήκου-

473 2906 570 2942 σαν
599 2887 729 2957 περὶ
754 2882 919 2938 αὑτοῦ
942 2881 1101 2949 δόξαν
1131 2882 1277 2953 ἔχειν
1304 2881 1702 2952 παρεσκεύαζε,
1727 2885 1822 2937 καὶ
1843 2885 2054 2940 ἔπειθεν

470 2973 556 3025 ὅτι
579 2970 664 3023 διά
688 2969 747 3023 τὸ
778 2967 853 3040 μὴ
884 2965 1141 3021 δύνασθαι
1183 2964 1410 3035 μηδέπω
1438 2964 1497 3016 τὸ
1530 2964 1759 3034 μέγεθος
1782 2966 1890 3022 τῶν
1911 2969 2057 3037 λεγο-

474 3053 653 3122 μένων
673 3050 925 3122 δέχεσθαι
950 3047 1212 3112 ἐκείνους,
1236 3047 1329 3099 ἐπὶ
1354 3047 1414 3099 τὸ
1436 3048 1818 3120 ταπεινότερον
1846 3051 1939 3104 τὸν
1966 3052 2055 3104 λό-

471 3154 569 3207 γον
602 3133 1108 3206 μετήγαγεν.”οταν
1139 3127 1234 3183 οὖν
1269 3129 1387 3201 ἴδῃς
1423 3129 1582 3184 αὑτὸν
1612 3133 1842 3186 ταπεινὰ
1881 3133 2059 3203 λέγον-

471 3238 561 3281 τα,
601 3219 675 3288 μὴ
700 3217 801 3284 τῆς
834 3216 1109 3277 εὐτελείας
1136 3215 1236 3283 τῆς
1266 3212 1407 3265 κατά
1437 3213 1533 3282 τὴν
1560 3214 1765 3280 οὐσίαν,
1796 3216 1933 3271 ἀλλά
1958 3219 2057 3289 τῆς

472 3301 757 3362 ἀσθενείας
791 3300 888 3368 τῆς
920 3298 1060 3351 κατά
1092 3296 1189 3366 τὴν
1218 3297 1452 3349 διάνοιαν
1480 3296 1588 3349 τῶν
1610 3298 1896 3368 ἀκροατῶν
1917 3296 2057 3356 εἶναι

474 3384 662 3455 νόμιζε
694 3381 791 3452 τὴν
820 3378 1242 3449 συγκατάϐασιν.
1276 3377 1536 3431 Βούλεσθε
1564 3381 1701 3432 εἴπω
1736 3382 1830 3434 καὶ
1866 3384 2059 3455 τρίτην

476 3467 686 3531 dtu“;
723 3466 797 3517 οὐ
829 3464 939 3532 γὰρ
961 3462 1023 3533 δὴ
1055 3462 1213 3531 μόνον
1238 3461 1328 3513 διὰ
1350 3460 1449 3531 τὴν
1476 3462 1575 3530 τῆς
1605 3465 1807 3534 σαρκὸς
1839 3470 2059 3538 περιϐο-

476 3550 596 3620 λὴν,
620 3548 739 3601 οὑδὲ
761 3545 848 3599 διὰ
874 3546 972 3616 τὴν
1010 3543 1293 3597 ἀσθένειαν
1324 3543 1433 3598 τῶν
1468 3544 1774 3613 ἀκροατῶν,
1800 3549 1938 3604 ἀλλά
1965 3553 2059 3607 κα)⁵

479 3633 568 3687 διά
583 3632 641 3685 τὸ
658 3627 944 3700 βούλεσθαι
956 3627 1226 3680 διδάσκειν
1238 3630 1679 3697 ταπεινοφρονεῖν
1698 3632 1825 3694 τοὺς
1845 3633 2061 3689 ἀκούον-

481 3733 600 3780 τας,
649 3710 820 3766 πολλά
868 3710 1099 3764 ταπεινᾶ
1148 3710 1239 3763 καὶ
1272 3709 1443 3763 ἐποίει
1478 3711 1569 3763 καὶ
1602 3711 1753 3782 ἔλεγε
1775 3730 1791 3745 ⁸
1822 3717 1915 3769 καὶ
1946 3717 2060 3772 ἔστι

481 3798 577 3851 καὶ
615 3794 756 3866 αὓτη
807 3794 963 3864 τρίτη
1007 3793 1167 3845 πάλιν
1201 3791 1445 3845 αἰτία.Ὀ
1482 3793 1589 3865 γάρ
1615 3804 2060 3870 ταπεινοφρονεῖν

481 3880 768 3942 διδάσκων,
793 3878 914 3946 οὐχ)⁸
946 3876 1032 3928 διὰ
1065 3875 1325 3947 ῥημάτων
1352 3876 1533 3946 μόνον,
1564 3877 1699 3931 ἀλλά
1723 3881 1818 3933 καὶ
1839 3882 1926 3935 διὰ
1952 3883 2061 3937 τῶν

481 3964 823 4036 πραγμάτων
851 3960 1006 4013 τοῦτο
1046 3958 1309 4024 παιδεύει,
1345 3959 1440 4011 καὶ
1480 3959 1620 4031 λόγῳ
1654 3964 1748 4015 καὶ
1781 3963 1927 4035 ἔργῳ
1957 3984 2059 4037 με-

479 4046 716 4117 τριάζων
737 4057 750 4070 ·
781 4041 1009 4097 Μάθετε
1050 4041 1180 4112 γὰρ,
1208 4042 1391 4112 φησιν,
1425 4044 1525 4098 ἀπ’
1556 4044 1702 4112 ἐμοῦ
1742 4046 1831 4099 ὅτι
1871 4047 2061 4115 πρᾶός

479 4132 601 4198 εἰμι
629 4128 726 4180 καὶ
757 4125 1037 4190 ταπεινὸς
1065 4123 1138 4192 τῇ
1167 4125 1377 4194 καρδίᾳ
1400 4142 1411 4155 ·
1448 4128 1543 4179 καὶ
1584 4127 1744 4182 πάλιν
1785 4131 2013 4202 ἀλλαχοῦ
2045 4153 2058 4166 .

494 4216 558 4265 .0
598 4211 729 4275 “bc
770 4209 876 4262 τοῦ
911 4207 1225 4273 ἀνθρώπου
1268 4210 1379 4262 οὐκ
1415 4205 1564 4277 ἦλθε
1611 4210 2059 4282 διακονηθῆναι.

484 4295 646 4351 ἀλ.λά
669 4289 1048 4358 διακονῆσαι.
1065 4291 1124 4342 ’0
1150 4291 1331 4343 τοίνυν
1371 4294 1657 4357 ταπεινοὺς
1684 4294 1949 4352 διδάσκων
1979 4300 2060 4366 γί-

484 4376 692 4438 νεσθαι,
722 4375 817 4428 καὶ
853 4371 1101 4443 μηδαμοῦ
1130 4374 1242 4435 τοῖς
1272 4373 1558 4443 πρωτείοις
1580 4377 1902 4448 ἐπιτρέχειν,
1927 4381 2063 4436 ἀλλά

486 4458 877 4529 καταδέχεσθαι
922 4458 984 4509 τὸ
1029 4456 1379 4510 ἐλαττοῦσθαι
1408 4460 1701 4528 πανταχοῦ,
1733 4462 1826 4514 καὶ
1854 4463 1940 4518 διὰ
1972 4468 2064 4535 ῥη-

489 4543 674 4614 μάτων
699 4542 793 4595 καὶ
820 4538 911 4592 διὰ
945 4539 1285 4609 πραγμάτων
1312 4540 1391 4602 είς
1423 4538 1581 4593 τοῦτο
1604 4542 1830 4610 ἐνάγων.
1864 4546 2062 4611 πολλὰς

486 4620 600 4695 εἶχε
651 4623 952 4694 προφάσεις
997 4620 1090 4674 τοῦ
1136 4620 1367 4674 ταπεινά
1412 4621 1925 4691 φθέγγεσθαι.Ἒστι
1970 4633 2062 4683 καὶ

486 4708 752 4778 τετάρτην
799 4705 977 4758 αἰτίαν
1006 4706 1203 4767 εἰπεῖν,
1243 4704 1344 4757 οὐκ
1369 4704 1576 4758 ἐλάττω
1600 4707 1709 4759 τῶν
1738 4710 2061 4779 εἰρημένων.

488 4792 584 4855 Τίς
613 4791 670 4843 δέ
699 4793 847 4842 ἐστιν
874 4788 1011 4859 αὕτη
1037 4804 1051 4852 ;
1085 4786 1161 4839 Τὸ
1206 4785 1282 4858 μὴ
1317 4787 1407 4841 διά
1431 4788 1530 4860 τὴν
1558 4789 1760 4861 πολλὴν
1790 4793 2063 4866 ἐγγύτητα

486 4874 580 4929 καὶ
605 4872 811 4941 ἄφατον
837 4868 1318 4936 τῶνδὺποστάσεων
1350 4872 1431 4937 εἰς
1461 4872 1578 4935 ἐνὸς
1610 4874 1904 4944 προσώπου
1935 4879 2064 4931 ποτὲ

487 4955 741 5008 ὑπόνοιαν
791 4954 934 5025 ἡμᾶς
976 4956 1259 5025 ἐμπεσεῖν,
1287 4955 1421 5007 ὅπου
1462 4970 1524 5022 γε
1560 4956 1654 5009 καὶ
1695 4955 1790 5010 νῦν
1819 4957 2064 5026 ὀλιγάκις

487 5035 652 5090 αὑτοῦ
696 5053 746 5089 τι
795 5035 1035 5090 τοιοῦτον
1066 5037 1332 5100 εἰπόντος,
1368 5036 1504 5106 πρὸς
1528 5038 1625 5109 τὴν
1653 5040 1909 5094 ἀσέϐειαν
1934 5043 2065 5095 ταύ-

485 5138 585 5191 την
636 5119 738 5191 ήδη
785 5120 927 5181 τινὲς
972 5118 1279 5186 ἐξώλισθον.
1330 5119 1617 5185 Σαϐέλλιος
1658 5122 1789 5191 γοῦν
1832 5126 1862 5177 6
1900 5126 2066 5189 Λίϐυς

487 5202 725 5266 ἀκούσας
771 5202 935 5272 αὑτοῦ
984 5202 1266 5270 λέγοντος·
1325 5202 1465 5272 Ἐγὼ
1511 5203 1610 5257 καὶ
1661 5208 1693 5259 ὀ
1740 5205 1947 5276 Πατὴρ
1997 5208 2066 5263 ἓν

484 5287 694 5357 ἐσμεν,
726 5283 877 5356 [507]
905 5284 1091 5348 καὶ,⁹0
1119 5284 1389 5353 ἑωρακὼς
1425 5285 1530 5353 ἐμὲ
1567 5286 1789 5355 ἑώρακε
1810 5289 1917 5343 τόν
1949 5294 2065 5365 Hc}-

483 5368 644 5437 τέρα.
676 5369 774 5439 τὴν
808 5367 916 5421 ἀπὸ
946 5367 1056 5421 τῶν
1090 5369 1349 5438 ῥημάτων
1381 5367 1586 5421 τούτων
1615 5370 1889 5442 ἐγγύτητα
1929 5373 2065 5445 πρὸς

484 5450 578 5507 τὸν
598 5451 966 5522 γεγεννηκότα
985 5450 1390 5522 ἐμφαινομένην
1411 5451 1491 5513 είς
1512 5450 1763 5517 ἀσεϐείας
1785 5456 2060 5524 ὑπόθεσιν,

551 5666 584 5700 ⁸
605 5667 701 5717 Alii
718 5669 991 5728 λεγομένων.
1027 5668 1082 5716 Εἰ
1104 5669 1155 5715 δὲ
1174 5644 1240 5726 una:
1261 5667 1425 5718 τοῦτο.

1154 276 1211 332 S.
1247 273 1535 331 JOANNIS
1572 270 2065 329 CHRYSOSTOMI
2107 270 2427 327 ARCIHEP.
2469 269 3021 328 CONSTANTINDP.

3637 276 3739 330 732

2146 387 2241 439 καὶ
2268 386 2388 451 ἐνὸς
2426 385 2719 457 προσώπου
2760 386 2854 440 καὶ
2907 387 3039 456 μιᾶς
3083 386 3434 450 ὑποστάσεως
3478 387 3739 441 ὑπόνοιαν

2142 468 2414 539 ἥρπασεν.
2448 468 2562 539 Οὑχ
2609 464 2770 523 αὗται
2812 469 2870 522 δὲ
2923 469 3083 540 μόνον
3132 470 3271 523 είσὶν
3306 472 3363 523 αἰ
3407 471 3737 539 προφάσεις,

2145 552 2283 606 ἀλλά
2318 552 2412 606 καὶ⁵
2443 552 2506 605 16
2535 552 2739 623 μηδένα
2770 552 2991 622 νομίσαι
3024 552 3186 607 αὑτὸν
3217 549 3479 624 εἶναιτὴν
3512 552 3741 624 πρώτην

2147 637 2241 689 καὶ
2279 636 2572 708 ἀγέννητον
2613 636 2822 698 οὐσίαν,
2856 638 2950 690 καὶ
2984 638 3249 708 μείζοναδ
3279 637 3374 691 τοῦ
3408 638 3743 706 γεγεννηκό-

2146 736 2239 783 τος
2285 720 2450 773 αὑτὸν
2502 721 2811 775 ὑπολαϐεῖν.
2841 722 2952 774 Καὶ
2982 722 3089 792 γὰρ
3132 723 3226 776 καὶ
3266 723 3295 775 6
3345 721 3567 784 Παῦλος
3611 721 3743 774 αὑτὸ

2147 803 2305 856 τοῦτο
2334 804 2627 873 φαίνεταιδ
2654 804 2929 870 δεδοικὼς,
2961 807 3035 877 μή
3064 823 3149 870 τις
3171 806 3485 878 ὑποπτεύσῃ
3520 808 3657 860 ποτὲ
3683 807 3746 858 τὸ

2149 886 2347 951 ἀσεϐὲς
2385 887 2546 941 τοῦτο
2582 888 2759 959 δόγμα
2809 889 2900 942 καὶ
2943 889 3196 960 πονηρόν.
3231 888 3417 943 Εἰπὼν
3451 889 3613 957 γοῦν,
3650 890 3746 942 Δεῖ

2151 970 2260 1039 γὰρ
2325 970 2513 1024 αὐτὸν
2567 973 2927 1036 ,ϐασιλεύειν
2984 974 3159 1042 ἄχρις
3202 969 3274 1029 οὗ
3326 974 3406 1028 ἂν
3453 972 3537 1041 θῇ
3597 974 3746 1039 τοὺς

2150 1053 2402 1121 ἐχθροὺς
2430 1055 2550 1109 ὑπὸ
2577 1054 2719 1122 τοὺς
2747 1056 2937 1122 πόδας
2956 1056 3165 1119 αὐτοῦ,
3193 1059 3285 1110 καὶ¹
3323 1057 3611 1126 προσθεὶς,
3661 1059 3745 1109 δτι

2153 1137 2358 1190 Πάντα
2386 1137 2689 1202 ὑπέταξεν
2732 1140 2850 1192 ὑπὸ
2883 1140 3023 1205 τοὺς
3058 1140 3250 1205 πόδας
3277 1140 3486 1204 αὑτοῦ,
3526 1142 3748 1211 ἐπήγα-

2152 1236 2282 1286 γεν·
2330 1220 2533 1286 Ἐκτὸς
2572 1220 2679 1274 τοῦ
2720 1221 3136 1288 ὑποτάξαντος
3175 1222 3336 1288 αὐτῷ
3382 1223 3455 1276 τὰ
3495 1222 3744 1276 πάντα·

2150 1305 2252 1357 οὐκ
2292 1303 2358 1358 ἂν
2404 1303 2718 1373 ἐπαγαγὼν,
2750 1307 2799 1357 εἰ
2846 1305 2919 1377 μὴ
2966 1305 3159 1368 ἔδεισε,
3194 1309 3266 1377 μή
3316 1323 3419 1360 που
3453 1306 3747 1375 διαϐολικὴ

2151 1386 2375 1457 τοιαύτη
2409 1405 2493 1450 τις
2525 1388 2702 1443 ἔννοια
2731 1389 2976 1458 γένηται.
2996 1389 3268 1460 Πολλαχοῦ
3295 1389 3351 1442 δὲ
3380 1391 3476 1444 καὶ
3511 1390 3610 1444 τὸν
3632 1392 3748 1443 τῶν

2165 1470 2430 1524 Ἰουδαίων
2454 1470 2647 1540 φθόνον
2675 1471 3166 1542 παραμυθούμενος
3191 1473 3487 1544 καθυφίησι
3507 1473 3609 1526 τοῦ
3632 1475 3745 1525 τῶν

2154 1554 2415 1625 ῥημάτων
2450 1554 2637 1625 ὕψους,
2660 1556 2755 1607 καὶ
2784 1554 2918 1626 πρὸς
2950 1556 3049 1627 τὴν
3079 1556 3331 1609 ὑπόνοιαν
3356 1556 3411 1609 δὲ
3437 1556 3552 1610 τῶν
3572 1556 3747 1610 διαλε-

2152 1638 2398 1708 γομένων
2424 1638 2576 1707 αὐτῷ
2610 1638 2869 1702 πολλάκις
2905 1639 3354 1710 ἀποκρινόμενος,
3386 1639 3461 1701 ὼς
3502 1640 3637 1692 ὅταν
3664 1640 3744 1691 λέ-

2152 1739 2223 1792 γῃ
2246 1736 2261 1752 °
2300 1722 2400 1775 Ἂν
2432 1721 2547 1790 ἐγὼ
2573 1720 2852 1792 μαρτυρῶ
2882 1723 3013 1791 περὶ
3047 1723 3330 1792 ἐμαυτοῦ,
3363 1725 3402 1791 ἡ
3436 1727 3743 1792 μαρτυρία

2147 1823 2267 1874 μου
2314 1807 2427 1859 οὐκ
2481 1807 2653 1859 ἐστιν
2703 1805 2957 1873 ἀληθής.
3003 1807 3147 1871 Πρὸς
3197 1806 3297 1876 τὴν
3350 1808 3582 1859 ἐκείνων
3632 1808 3745 1875 γάρ

2154 1889 2408 1942 ὑπόνοιαν
2430 1889 2846 1959 ἀποτεινόμενος
2868 1889 3040 1953 οὕτως
3062 1885 3213 1943 εἶπεν
3228 1907 3241 1920 ⁸
3267 1891 3326 1942 οὑ
3354 1891 3463 1962 γὰρ
3487 1891 3553 1963 δὴ
3581 1891 3746 1944 τοῦτο

2151 1971 2383 2043 ἠθέλησε
2416 1972 2604 2038 δεῖξαι,
2639 1974 2722 2026 ὅτι
2766 1974 2866 2026 οὑκ
2893 1973 3040 2026 ἔστιν
3074 1974 3301 2046 ἀληθὴς,
3328 1974 3442 2027 ἀλλ’
3467 1975 3545 2036 ὡς
3582 1978 3747 2046 ὑμεῖς

2153 2055 2400 2129 νομίζετε
2444 2060 2539 2110 καὶ
2590 2059 2946 2121 ὑποπτεύετε,
2981 2060 3134 2130 φησὶ,
3183 2061 3257 2132 μὴ
3303 2061 3624 2131 βουλόμενοί
3673 2081 3743 2133 με

2154 2139 2558 2212 παραδέξασθαι
2583 2141 2745 2196 αὑτὸν
2777 2143 2905 2212 περὶ
2931 2143 3127 2196 ἐαυτοῦ
3156 2144 3402 2213 λέγοντα.

2224 2323 2287 2369 ε’.
2319 2316 2430 2369 Καὶ
2461 2314 2628 2379 ἄλλας
2665 2315 2721 2369 δὲ
2762 2315 2984 2379 πλείους
3011 2317 3191 2380 αἰτίας
3216 2317 3363 2373 ἐστὶν
3400 2318 3607 2390 εὑρεῖν.
3631 2321 3742 2389 Τῆς

2158 2399 2256 2467 μὲν
2278 2393 2371 2452 οὖν
2392 2399 2775 2469 ταπεινότητος
2796 2398 2904 2451 τῶν
2928 2399 3190 2470 ῥημάτων
3213 2400 3414 2464 πολλὰς
3430 2400 3499 2454 ἂν
3521 2402 3743 2474 ἔχοιμεν

2154 2484 2325 2536 εἰπεῖν
2351 2483 2682 2553 προφάσειςο
2712 2484 2776 2536 σὺ
2813 2481 2870 2536 δέ
2897 2484 3020 2537 εἰπὲ
3063 2484 3173 2537 τῶν
3211 2484 3427 2556 ὑψηλῶν
3454 2486 3743 2557 δογμάτων

2159 2566 2285 2635 μίαν
2338 2565 2610 2636 πρόρασιν
2661 2565 2874 2636 ἑτέραν,
2904 2566 3043 2637 πλὴν
3088 2563 3158 2637 ἧς
3204 2570 3366 2639 ἡμεῖς
3394 2571 3738 2640 εἰρήκαμεν·

2154 2648 2292 2721 αὕτη
2319 2648 2376 2702 δὲ
2402 2644 2469 2720 ἦν
2497 2652 2558 2702 16
2586 2649 2870 2719 βούλεσθαι
2898 2650 3063 2704 αὑτὸν
3089 2651 3186 2722 τὴν
3213 2653 3418 2704 οἰκείαν
3459 2653 3741 2722 εὐγένειαν

2154 2733 2284 2802 ἡμῖν
2317 2731 2720 2787 ἐνδείκνυσθαι·
2754 2732 2869 2786 ἀλλ’
2896 2736 2996 2788 οὑκ
3036 2734 3102 2789 ἂν
3131 2734 3275 2805 ἔχοις
3315 2736 3509 2806 ἑτέραν
3541 2739 3742 2793 εἰπεῖν.

2167 2815 2225 2867 'O
2277 2815 2377 2886 μὲν
2422 2814 2531 2886 γάρ
2583 2816 2758 2885 μέγας
2803 2816 3005 2871 δύναιτ’
3026 2818 3092 2872 ἂν
3133 2820 3228 2872 καὶ
3264 2823 3466 2893 μικρόν
3512 2840 3568 2875 τι
3615 2825 3740 2892 περὶ

2155 2897 2350 2952 ἑαυτοῦ
2392 2897 2589 2967 λέγειν,
2618 2899 2714 2952 καὶ
2755 2901 2856 2953 οὑκ
2909 2900 3055 2954 ἐστιν
3102 2900 3385 2973 ἔγκλημα·
3438 2907 3741 2968 ἐπιεικείας

2155 2983 2263 3052 γὰρ
2295 2980 2453 3035 τοῦτό
2487 2982 2634 3035 ἐστιν
2654 2997 2667 3012 ⁸
2692 2983 2720 3035 6
2762 2982 2819 3036 δὲ
2860 2984 3077 3055 μικρός,
3106 2987 3155 3038 εἰ
3187 2987 3330 3056 μέγα
3367 3004 3419 3040 τι
3461 2991 3593 3060 περὶ
3622 2991 3741 3042 ἑαυ-

2155 3066 2250 3120 τοῦ
2293 3067 2436 3119 εἴποι
2481 3065 2634 3132 ποτέ,
2658 3066 2719 3118 οὑ
2758 3064 3102 3134 διαφεύξεται
3155 3071 3487 3141 κατηγορίαν
3514 3088 3527 3100 ’
3558 3072 3744 3137 ἀλαζο-

2156 3149 2273 3202 νεία
2319 3149 2429 3219 γάρ
2461 3150 2595 3202 ἐστι.
2636 3148 2735 3202 Διά
2778 3149 2938 3203 τοῦτο
2977 3152 3070 3204 τὸν
3123 3153 3223 3223 μὲν
3270 3154 3473 3224 ὑψηλὸν
3502 3155 3740 3220 hanc“;

2160 3232 2510 3301 ἐπαινοῦμεν,
2540 3232 2667 3285 ὅταν
2710 3231 2838 3302 περὶ
2886 3233 3079 3286 ἑαυτοῦ
3106 3237 3333 3289 ταπεινά
3358 3237 3493 3311 λέγῃ
3518 3255 3533 3267 ·
3571 3241 3661 3292 τὸν
3686 3241 3741 3293 δὲ

2157 3316 2409 3371 ταπεινὸν
2458 3315 2633 3378 οὐδεὶς
2684 3316 3050 3382 ἐπαινέσεται,
3080 3319 3134 3371 εἴ
3179 3321 3310 3373 ποτέ
3338 3338 3391 3374 τι
3423 3324 3572 3393 μέγα
3616 3328 3739 3395 περὶ

2159 3398 2354 3453 ἑαυτοῦ
2401 3398 2736 3451 εἴποι.”Ωστε
2782 3400 2830 3451 εἰ
2875 3399 3055 3471 πολλῷ
3093 3402 3518 3476 καταδεέστερος
3556 3404 3622 3477 ἦν
3647 3408 3734 3460 τοῦ

2159 3480 2373 3552 Πατρὸς
2407 3482 2436 3533 6
2475 3480 2601 3542 Υἱὸς
2627 3480 2758 3560 ,Ἠὼς
2804 3480 2963 3551 ὑμεῖς
3000 3499 3137 3550 φατε
3160 3524 3175 3549 ,
3216 3487 3316 3538 οὑκ
3362 3486 3470 3539 ἔδει
3522 3493 3735 3560 ῥήματα

2158 3566 2321 3620 αὑτὸν
2339 3563 2538 3632 λέγειν,
2562 3563 2629 3617 δι’
2640 3559 2714 3617 ῶν
2740 3564 2949 3618 ἐδείκνυ
2969 3565 3046 3635 τῷ
3075 3574 3425 3639 γεγεννηκότι
3460 3559 3587 3625 ἴσον
3616 3577 3731 3627 ὄντα

2161 3647 2354 3701 ἑαυτόν
2379 3663 2393 3677 ο
2436 3643 2721 3710 ἀλαζονεία
2745 3647 2854 3718 γάρ
2879 3647 3037 3701 τοῦτο
3063 3645 3130 3720 ἦν
3150 3666 3164 3681 ·
3184 3651 3246 3704 τὸ
3275 3653 3460 3722 μέντοι
3485 3656 3600 3709 tam
3617 3657 3733 3710 εντα

2160 3732 2254 3784 τοῦ
2296 3731 2685 3800 γεγεννηκότος
2725 3731 2904 3799 λέγειν
2942 3732 3064 3786 τινὰ
3108 3735 3341 3788 ταπεινά
3381 3738 3479 3790 καὶ
3531 3741 3729 3808 εὐτελῆ.

2159 3813 2382 3883 οὐδεμία
2416 3812 2785 3884 μέμψις,οὐδὲ
2808 3815 2954 3868 αἰτία
2987 3833 2999 3845 ·
3031 3815 3257 3890 ἔπαινος,
3285 3819 3392 3889 γὰρ
3434 3821 3595 3875 τοῦτό
3630 3824 3734 3875 ἐστι

2162 3898 2254 3951 καὶ
2282 3895 2469 3967 θαῦμα
2509 3896 2783 3966 μέγιστον.
2819 3898 2929 3950 Καὶ
2963 3897 3047 3951 ἵνα
3079 3900 3388 3972 σαφέστερα
3425 3903 3650 3975 γένηται
3675 3905 3738 3959 τὰ

2162 3979 2448 4050 εἰρημένα,
2480 3980 2575 4032 καὶ
2605 3978 2814 4050 μάθητε
2845 3980 3046 4044 πάντες
3074 3982 3258 4051 ὑμεῖς,
3283 3984 3365 4037 ὅτι
3390 3987 3453 4038 οὑ
3481 4003 3738 4043 καταστο-

2163 4060 2444 4143 χαζόμεθα
2476 4060 2586 4143 τῶν
2615 4060 2772 4114 θείων
2809 4062 3063 4133 Γραφῶν,
3092 4065 3225 4135 φέρε
3263 4065 3326 4137 δὴ
3357 4068 3467 4121 τῶν
3515 4072 3737 4143 εἰρημέ-

2165 4161 2270 4197 νων
2289 4142 2479 4197 αἱτιῶν
2499 4141 2705 4197 τούτων
2727 4145 2825 4214 τὴν
2848 4146 3070 4218 πρώτην
3096 4141 3611 4221 μεταχειρισώμεθα
3629 4154 3736 4213 νῦν,

2166 4229 2261 4281 καὶ
2288 4226 2550 4297 δείξωμεν
2581 4226 2682 4280 ποῦ
2716 4227 2803 4281 διά
2832 4228 2928 4300 τὴν
2955 4230 3053 4300 τῆς
3089 4233 3291 4302 σαρκὸς
3317 4235 3616 4307 περιϐολὴν
3642 4256 3739 4307 φα-

2164 4309 2334 4381 νερῶς
2365 4310 2762 4381 καταδεέστερα
2797 4312 2896 4382 τῆς
2940 4313 3128 4377 οὐσίας
3162 4307 3261 4385 τῆς
3298 4314 3496 4371 ἑαυτοῦ
3527 4324 3740 4392 ῥήματα

2166 4392 2461 4460 φθέγγεται
2482 4408 2498 4424 ο
2527 4393 2642 4455 καὶ,
2676 4394 2724 4444 εἰ
2760 4393 2927 4454 δοκεῖ,
2955 4394 3052 4466 την
3080 4397 3246 4469 εὐχὴν
3275 4398 3445 4470 αὑτὴν
3472 4404 3559 4466 εἰς
3587 4405 3740 4474 μέσον

2165 4477 2499 4559 ἀγάγωμεν,
2526 4476 2594 4546 ἦν
2626 4475 2825 4547 ηὔξατο
2873 4477 2951 4548 τῷ
2994 4479 3189 4550 Πατρί.
3238 4481 3397 4536 Ἀλλὰ
3446 4489 3740 4559 προσέχετε

2171 4559 2306 4628 μετά
2339 4558 2625 4629 ἀκριϐείας
2644 4560 2773 4629 ἡμῖν
2794 4574 2807 4588 ’
2830 4560 3023 4631 μικρὸν
3039 4562 3148 4632 γάρ
3167 4562 3371 4619 ἀνωθεν
3393 4568 3528 4638 ὑμῖν
3557 4572 3621 4625 16
3642 4558 3740 4626 πᾶν

2167 4640 2523 4711 διηγήσασθαι
2576 4639 2853 4711 βούλομαι.
2890 4644 3112 4696 Δεῖπνον
3157 4647 3371 4714 ἐγένετό
3418 4668 3558 4707 me
3609 4657 3739 4711 κατά

2166 4724 2264 4809 τὴν
2292 4724 2441 4809 ἰεράν
2470 4722 2639 4809 νύκτα
2663 4724 2897 4809 ἐκείνην,
2930 4727 3049 4809 καθ’
3079 4728 3146 4798 ῆν
3174 4731 3568 4800 παραδίδοσθαι
3594 4739 3741 4809 ἔμελ’

2166 4804 2257 4891 λεν
2274 4823 2300 4891 ’Δ
2322 4804 2480 4891 ’ἱεράν
2530 4804 2639 4891 γάρ
2673 4806 2842 4891 αὐτὴν
2879 4806 2990 4875 ἐγὼ
3031 4810 3201 4877 καλῶ,
3236 4813 3422 4886 ἐπειδὴ
3457 4818 3531 4872 τὰ
3580 4804 3739 4891 μυρία

2169 4887 2369 4975 ἀγαθὰ,
2400 4887 2609 4975 κατά
2641 4888 3104 4975 τὴν-*οἰκουμένην
3151 4895 3393 4963 ἐγένετο,
3429 4899 3533 4971 τὴν
3573 4887 3737 4975 ἀρχὴν

2168 4970 2715 5056 ἐκεῖθεν-ἐλάμϐανε,
2926 4975 3059 5028 Τότε
3082 4977 3263 5032 τοίνυν
3286 4981 3379 5034 καὶ
3410 4984 3441 5035 6
3479 4969 3739 5056 πρώόῆς

2171 5052 2308 5120 μετὰ
2336 5051 2444 5105 τῶν
2479 5052 2670 5107 ἕνδεκα
2696 5054 2940 5108 ἀνέκειτο
2970 5058 3248 5129 μαθητῶν,
3272 5063 3365 5115 καὶ
3385 5051 3739 5121 δειπνούντων

2168 5134 2366 5220 αὑτῶν,
2388 5135 2553 5205 φησιν
2570 5136 2598 5187 6
2621 5136 2874 5220 Χριστὸς,
2898 5133 3004 5205 Εἷς
3022 5140 3092 5204 ἐξ
3117 5141 3283 5210 ὑμῶν
3298 5146 3644 5214 παραδώσει
3652 5166 3737 5220 με.

2169 5217 2384 5271 Τούτων
2409 5217 2778 5288 μνημονεύετέ
2807 5237 2897 5289 μοι
2925 5222 3034 5275 τῶν
3068 5227 3352 5295 ῥημάτων,
3375 5228 3465 5282 ἴνα
3497 5230 3633 5285 ὅταν
3653 5217 3737 5285 ἐπὶ

2169 5300 2266 5369 τὴν
2288 5299 2452 5387 εὑχῂν
2473 5299 2735 5387 ἔλθωμεν,
2762 5302 2960 5387 ἴδωμεν
2985 5305 3130 5370 τίνος
3166 5307 3353 5363 ἕνεκεν
3384 5310 3562 5378 οὕτως
3598 5315 3737 5387 εὔχε-

2169 5398 2278 5435 ται.
2303 5384 2410 5436 Kal
2429 5383 2618 5436 σκόπει
2643 5401 2732 5455 μοι
2754 5386 3081 5457 κηδεμονίαν
3112 5392 3385 5447 Δεσπότου
3402 5412 3417 5425 ο
3444 5397 3547 5451 οὐκ
3575 5383 3734 5463 εἶπεν,

2230 5543 2259 5631 2
2285 5544 2837 5631 Ηιιυῖξξέιιμέξιξειξε
3152 5556 3417 5631 ῡπάσταςιν
3439 5559 3520 5607 καῖ
3542 5560 3732 5625 nam

2114 5625 2118 5628 ~
2172 5603 2260 5656 Sed
2283 5607 2365 5668 alii
2383 5607 2836 5668 omnesﬁﬁwnrov
2859 5603 3040 5663 οὖσίαν.

2240 5670 2263 5698 ε
2303 5667 2403 5718 Alii
2430 5666 2717 5731 ἐμφαίνεται.
