3854 6222
207 275 310 331 761

205 389 422 443 fatum.
447 387 517 444 Ut
559 387 700 443 enim
730 387 774 442 si
803 385 1014 456 quando
1036 401 1282 456 maguum
1312 385 1435 454 quid
1463 393 1516 438 et
1561 383 1788 438 sublime

211 481 618 550 pronunciasset
668 479 948 543 Christus,
1005 477 1198 531 offendi
1253 477 1400 541 illos,
1458 474 1784 544 perturbari,

209 574 442 639 resilire,
473 571 779 634 conviciari,
810 585 872 626 ac
901 569 1141 637 refugere
1162 567 1384 632 vidistis,
1414 568 1485 621 ita
1513 569 1554 620 si
1577 565 1787 634 quando

208 663 339 731 quid
369 663 567 715 humile
598 661 963 729 abjectumque
993 659 1231 721 dixisset,
1255 660 1547 712 accurrisse
1569 655 1708 720 illos,
1735 665 1789 709 et

209 753 508 807 doctrinam
563 751 842 804 admisisse
889 751 1124 804 conabor
1169 747 1473 802 ostendere.
1521 747 1598 800 Illi
1645 747 1784 799 enim

211 847 315 915 ipsi
339 847 427 914 qui
457 845 781 905 resiliebant,
805 859 926 896 cum
955 859 1137 896 rursus
1159 842 1392 895 diceret:
1424 840 1469 893 Α
1495 841 1682 906 meipso
1705 843 1784 909 fa-

208 939 289 990 cio
311 935 472 1001 nihil,
497 937 585 990 sed
609 937 734 988 sicut
762 935 928 986 docuit
956 950 1032 986 nte
1066 933 1217 986 Pater
1242 949 1379 986 meus
1405 933 1581 1002 loquor
1609 931 1785 1004 (Joan.

210 1027 244 1080 8
310 1026 424 1095 28),
471 1027 645 1079 statim
676 1033 1056 1088 accurreruut,
1087 1033 1134 1076 et
1177 1039 1297 1076 cum
1354 1022 1588 1076 indicare
1631 1021 1788 1075 vellet

213 1115 544 1184 Evangelista
571 1125 786 1184 propter
814 1113 1098 1167 verborum
1125 1113 1472 1167 humilitatem
1521 1112 1638 1165 illos
1667 1126 1788 1164 cre-

209 1207 444 1272 didisse,
487 1207 732 1260 iudicium
760 1204 1004 1273 adjuuxit
1030 1205 1245 1266 dicens,
1282 1201 1406 1256 Ηωο
1435 1202 1523 1255 illo
1556 1203 1788 1269 loquente

209 1299 357 1352 ntulti
381 1297 696 1351 crediderunt
722 1297 775 1350 in
801 1312 917 1349 eum
945 1294 1048 1364 (Ib.
1073 1311 1120 1348 υ.
1151 1294 1278 1362 50);
1307 1302 1466 1363 atque
1484 1293 1602 1346 aliis
1623 1293 1787 1362 pluri-

210 1391 312 1442 bus
339 1390 389 1440 in
418 1388 545 1441 locis
598 1388 668 1441 ita
717 1387 958 1441 evenisse
987 1385 1408 1454 comperiemus:
1454 1383 1575 1437 ideo
1626 1382 1787 1436 multa

208 1494 356 1547 Sil-pc
397 1477 700 1531 humanitus
729 1477 1059 1547 loquebatur,
1089 1485 1143 1528 et
1168 1489 1354 1528 rursus
1399 1489 1503 1527 nou
1548 1473 1790 1526 humani-

208 1579 317 1630 tu",
346 1569 437 1622 sed
467 1579 523 1622 ut
555 1569 715 1622 Deum
737 1566 980 1632 decebat,
1007 1575 1164 1634 atque
1188 1564 1354 1632 ipsius
1402 1563 1648 1617 nobilitas
1671 1563 1788 1616 exi-

206 1659 384 1726 gebat:
404 1673 522 1711 cum
545 1669 599 1711 ut
618 1657 918 1710 auditormu
943 1655 1282 1710 imbecillitati
1305 1668 1364 1707 se
1391 1660 1787 1722 attemperaret,

208 1760 324 1802 tum
366 1759 422 1802 ut
449 1749 751 1817 dogmatum
782 1747 1072 1801 sinceritati
1118 1746 1436 1814 provideret.
1468 1745 1678 1798 Etenim
1722 1760 1790 1798 ne

208 1839 376 1903 forte,
410 1839 454 1892 si
502 1853 715 1906 semper
745 1839 814 1892 ita
845 1852 903 1892 se
947 1837 1461 1906 detnitteret,quam
1507 1835 1576 1890 de
1623 1836 1788 1903 ipsius

206 1931 465 2000 dignitate
491 1930 695 1998 concipi
727 1944 820 1998 par
843 1938 925 1983 est
943 1971 959 1992 ,
988 1929 1124 1996 apud
1155 1937 1394 2004 posteros
1420 1927 1602 1996 opinio
1623 1927 1786 1980 laede-

206 2030 378 2082 rctur,
411 2035 476 2073 ne
499 2019 641 2072 illam
663 2017 876 2088 quidem
921 2026 1121 2086 partem
1153 2019 1415 2086 neglexit,
1447 2017 1539 2071 sed
1580 2019 1785 2071 tametsi

209 2113 324 2164 fore
364 2109 684 2178 prmvidebat
706 2151 721 2176 ,
754 2119 812 2162 ut
839 2109 1056 2164 minime
1082 2110 1180 2164 sibi
1211 2109 1660 2178 obtemperarent,
1693 2109 1785 2161 scd

204 2201 629 2254 conviciarentur
679 2214 742 2253 ac
784 2200 1076 2265 resilirent,
1125 2200 1258 2254 dixit
1309 2210 1505 2262 tamen,
1555 2216 1673 2254 cum
1733 2210 1788 2254 ut

206 2289 336 2342 illud
387 2289 525 2358 quod
567 2289 814 2344 iudicavit
861 2291 1247 2353 constitueret,
1297 2299 1405 2344 ttttu
1465 2301 1525 2344 ut
1567 2305 1779 2345 causam

203 2379 475 2448 aperiret,
504 2380 572 2433 ob
592 2396 747 2448 quam
780 2381 880 2434 illis
906 2389 960 2433 et
989 2379 1205 2434 humilia
1239 2381 1394 2434 verba
1431 2383 1782 2437 commiscuit:

206 2469 322 2522 lucc
373 2469 622 2523 nimirum
675 2479 823 2535 erat,
863 2471 1003 2538 quod
1052 2471 1316 2524 dictorum
1371 2473 1782 2542 magnitudinem

202 2578 400 2631 capere
430 2562 662 2616 nondum
693 2573 926 2632 possent.
956 2562 1023 2617 Et
1043 2579 1170 2617 sane
1198 2565 1297 2617 nisi
1336 2565 1436 2619 hoc
1465 2567 1786 2620 Constituere

204 2653 259 2706 iu
312 2653 490 2706 animo
538 2653 828 2716 habuisset,
853 2668 1304 2722 supervacaneum
1337 2654 1522 2710 fuisset
1565 2657 1786 2724 dogma-

201 2753 317 2797 tum
348 2743 653 2799 sublimium
685 2745 976 2798 doctrinam
1006 2745 1110 2798 illis
1137 2760 1432 2814 proponere
1452 2786 1466 2809 ,
1497 2747 1587 2815 qui
1615 2764 1785 2817 neque

203 2853 363 2892 aures
407 2839 640 2905 pra-bere
667 2880 682 2902 ,
708 2853 878 2908 neque
903 2839 1138 2891 auimttm
1169 2837 1422 2893 adhibere
1452 2839 1781 2893 voluissent:

200 2931 312 2996 jam
335 2943 463 2982 vero
489 2929 695 2982 tametsi
721 2930 940 2984 minime
967 2930 1076 2984 illis
1103 2930 1380 2999 prodesset
1401 2970 1413 2992 ,
1445 2945 1545 2984 nos
1569 2933 1781 2998 quidem

200 3025 351 3072 certe
396 3018 788 3084 erudiebat,“
819 3029 875 3074 ιιι
917 3020 1252 3075 convenienti
1297 3021 1546 3089 opinione
1591 3021 1658 3075 de
1695 3023 1785 3075 illo

205 3109 567 3164 imbueremur
596 3110 892 3174 efficiebat;
918 3111 1151 3180 illudque
1171 3109 1519 3180 persuadebat
1545 3111 1596 3164 in
1626 3127 1782 3165 causa

204 3204 390 3268 fuisse,
410 3213 461 3256 ut
482 3204 547 3256 ad
567 3213 761 3256 tantam
781 3202 1126 3257 humilitatem
1145 3203 1435 3257 orationem
1462 3203 1780 3270 traduceret,

199 3295 345 3365 quod
391 3295 728 3350 sublimitatis
784 3309 968 3349 eorum
1020 3310 1138 3363 qua:
1191 3294 1500 3349 dicebantur
1551 3295 1782 3348 nondum

202 3401 429 3453 capaces
448 3395 644 3441 essent.
668 3385 798 3438 Cum
828 3386 984 3454 igitur
1010 3399 1128 3438 eum
1155 3385 1350 3438 videris
1376 3384 1592 3439 humilia
1618 3387 1780 3455 loqui,

204 3492 273 3530 ne
293 3476 358 3529 ad
385 3477 632 3531 essentia:
663 3475 952 3540 vilitatem,
985 3475 1076 3528 sed
1119 3475 1184 3528 ad
1228 3476 1640 3529 imbecillitatem
1686 3493 1780 3529 au-

202 3566 434 3621 ditorum
466 3566 636 3635 ipsum
662 3579 780 3620 sese
807 3576 1160 3631 attemperare
1189 3574 1331 3633 puta.
1369 3565 1536 3619 Vultis
1579 3574 1633 3619 et
1679 3577 1783 3620 ter-

208 3659 335 3712 tiam
378 3673 590 3712 causam
619 3659 878 3712 alierum?
905 3659 1016 3712 Non
1059 3661 1199 3713 enim
1230 3668 1431 3712 tantum
1462 3659 1529 3713 ob
1567 3674 1782 3714 carnem

205 3766 310 3819 qua
375 3751 728 3804 circumdatus
785 3760 928 3813 crat,
985 3766 1154 3819 neque
1213 3751 1281 3804 ob
1333 3750 1631 3805 auditorum
1685 3752 1786 3804 ittt-

205 3841 576 3903 hecillitatem,
604 3841 696 3896 sed
736 3842 875 3910 quod
929 3842 1194 3896 auditores
1253 3843 1443 3897 docere
1486 3844 1676 3909 vellet,
1727 3853 1784 3896 ut

204 3931 384 3983 anitno
433 3931 666 3984 demisso
695 3940 748 3985 et
787 3931 969 3984 humili
1013 3941 1220 3994 essent,
1250 3933 1411 3985 multa
1441 3933 1711 3986 humiliter
1730 3942 1783 3987 et

203 4021 368 4086 gessit
407 4030 461 4074 et
514 4021 640 4074 dixit
667 4040 680 4075 :
706 4033 864 4089 atque
917 4022 1028 4074 lucc
1072 4021 1226 4074 tertia
1258 4036 1439 4074 rursus
1482 4031 1562 4075 est
1599 4037 1776 4076 causa.

203 4110 335 4163 Nam
367 4111 454 4178 qui
487 4111 753 4164 humiliter
778 4113 974 4165 sentire
1002 4111 1190 4173 docet,
1219 4127 1323 4164 non
1347 4112 1522 4164 verbis
1555 4122 1774 4177 tantum,

202 4200 297 4254 Sed
339 4210 391 4252 et
437 4200 586 4254 factis
625 4201 689 4254 ad
736 4200 840 4255 hoc
883 4216 979 4255 uos
1016 4201 1219 4264 erudit,
1247 4215 1493 4256 sermone
1539 4203 1696 4256 simul
1727 4213 1780 4256 et

203 4305 366 4358 opere
391 4290 704 4344 modestiam
726 4307 834 4359 pra:
860 4306 918 4345 se
941 4291 1136 4346 ferens.
1170 4291 1363 4346 Discite
1386 4292 1526 4345 enim
1547 4335 1562 4359 ,
1589 4293 1774 4360 inquit,

204 4397 236 4433 a
266 4398 362 4444 me,
391 4383 508 4452 quia
533 4383 668 4436 mitis
697 4399 807 4436 sum
828 4392 872 4436 et
894 4382 1098 4436 humilis
1122 4382 1274 4436 corde
1301 4382 1511 4453 (Matt/1.
1546 4384 1630 4437 ll.
1659 4383 1773 4448 29),

203 4481 259 4527 el.
288 4471 412 4526 alibi
435 4488 616 4528 rursus
634 4513 648 4536 ,
678 4473 841 4543 Filius
870 4474 1085 4526 hominis
1111 4490 1211 4526 non
1239 4475 1366 4526 venit
1394 4485 1445 4525 ut
1467 4475 1774 4527 ministrare-

205 4575 288 4618 tur
335 4565 411 4629 ei,
463 4565 552 4619 sed
605 4575 660 4619 ut
695 4566 997 4619 ministraret
1040 4563 1150 4634 (Id.
1180 4564 1270 4618 20.
1327 4563 1442 4634 28).
1501 4565 1640 4635 Ergo
1689 4566 1776 4633 qui

204 4657 429 4711 docebat
455 4671 550 4710 nos
570 4699 586 4723 ,
615 4665 674 4711 ut
712 4658 938 4712 humiles
969 4656 1217 4712 ﬁeremus
1241 4697 1256 4720 ,
1289 4672 1458 4725 neque
1489 4657 1776 4726 principem

204 4750 381 4804 locum
431 4764 649 4821 usquam
695 4764 1110 4818 occuparemus,
1143 4750 1236 4804 sed
1268 4749 1546 4804 inferiores
1587 4749 1775 4818 ubiun

203 4841 411 4896 censeri
439 4842 673 4896 contenti
698 4855 968 4905 essemus,
1000 4857 1061 4895 ac
1091 4842 1266 4896 verbis
1292 4841 1550 4912 factisque
1591 4857 1688 4895 nos
1711 4841 1778 4894 ad

204 4933 307 4986 hoc
356 4930 642 4996 incitabat,
675 4932 724 4986 ei
773 4932 953 4986 multa:
1007 4931 1354 5002 suppetebant
1407 4931 1676 4986 humiliter
1705 4931 1780 4984 lo-

200 5024 396 5093 quendi
427 5025 751 5079 occasiones.
781 5024 929 5079 Licet
953 5033 1008 5080 et
1033 5032 1274 5094 quartam
1302 5023 1540 5093 proferre
1565 5039 1780 5078 causam

203 5115 371 5169 nihilo
399 5114 701 5170 inferiorem
742 5115 947 5170 allatis:
977 5130 1218 5185 quamam
1263 5124 1345 5169 est
1383 5115 1471 5168 illa
1524 5112 1780 5168 tandem?

201 5204 280 5261 Ne
308 5203 442 5261 forte
469 5213 691 5274 propter
718 5220 964 5276 magnam
990 5213 1044 5260 et
1071 5206 1384 5260 immensam
1413 5204 1778 5275 bypostasiunt

201 5295 647 5365 propinquitatem
683 5310 782 5350 nos
812 5295 864 5349 in
891 5295 1048 5350 unius
1081 5310 1322 5366 persona:
1351 5295 1654 5364 opinionem
1693 5294 1779 5347 in-

199 5379 532 5434 cideremus:
555 5379 654 5434 etsi
673 5380 814 5435 enim
838 5395 960 5434 raro
973 5379 1075 5434 tale
1093 5379 1219 5450 quid
1233 5379 1442 5440 dixerit,
1463 5378 1572 5447 jam
1597 5379 1648 5431 in
1663 5393 1779 5432 eam

204 5471 440 5526 nonnulli
469 5471 696 5542 prolapsi
730 5484 856 5526 sunt
893 5471 1239 5541 impietatem.
1267 5469 1530 5525 Sabellius
1569 5468 1779 5538 quidem

199 5573 348 5618 certe
379 5563 501 5618 Afer
515 5579 634 5618 cum
657 5564 920 5620 dicentem
949 5565 1214 5630 audisset,
1247 5563 1356 5634 Ego
1380 5573 1425 5617 et
1447 5563 1602 5618 Pater
1626 5579 1783 5616 unum

200 5673 373 5711 sumus
417 5657 592 5729 (Joan.
639 5657 725 5713 10.
773 5658 886 5730 50),
918 5666 1007 5727 et,
1048 5657 1168 5713 vidit
1205 5674 1300 5722 me,
1351 5657 1450 5724 Qui
1500 5657 1620 5712 vidit
1669 5655 1781 5710 Pa-

1025 274 1115 330 DE
1153 269 1798 336 CONSUBSTANTIALI,
1839 267 2107 326 CONTRA
2151 270 2522 330 ΑΝοιιοεοε.
2566 273 2677 329 ιίι.

3377 276 3482 333 ποτε

1893 391 2017 436 trem
2043 383 2222 454 (toan.
2259 386 2342 440 14.
2376 385 2454 448 9).
2495 402 2562 441 ex
2595 387 2694 442 hac
2728 389 3011 444 verborum
3046 391 3477 462 propinquitate,

1896 488 1998 543 qua
2047 475 2113 529 ad
2159 477 2464 546 genitorem
2503 477 2759 534 accedere
2807 479 3100 545 videbatur,
3147 483 3478 538 occasionem

1901 564 2188 633 impietatis
2235 566 2489 635 arripuit,
2521 568 2590 622 ita
2641 579 2695 623 ut
2724 584 2883 624 unam
2931 585 3052 624 esse
3099 585 3379 640 personam
3429 581 3478 627 et

1901 655 2227 724 hypostasim
2251 671 2408 710 unam
2430 669 2690 714 censeret.
2715 661 2894 729 Neque
2917 676 3044 715 vero
3063 663 3192 717 solae
3213 673 3337 717 sunt
3367 664 3478 717 ista:

1895 759 2092 808 causte,
2125 745 2218 801 sed
2244 763 2310 800 ne
2337 748 2457 816 quis
2486 764 2607 803 eum
2654 749 2875 818 primam
2909 751 3050 805 illam
3088 762 3142 807 et
3185 753 3476 823 ingenitam

1895 853 2015 892 esse
2039 839 2388 894 substantiam
2409 843 2894 909 arbitraretur,.aut
2921 846 3176 916 majorem
3199 863 3298 903 suo
3314 850 3481 918 ipsius

1896 928 2134 992 genitore
2164 939 2445 983 censeret:
2479 947 2596 983 nam
2627 943 2682 986 et
2717 934 2817 986 hoc
2847 926 3017 1003 ipsum
3063 936 3302 992 timuisse
3346 939 3481 992 Pan-

1899 1017 2007 1070 Ium
2035 1029 2289 1087 apparet,
2323 1022 2533 1089 nequis
2576 1021 2714 1076 forte
2766 1023 2867 1079 hoc
2909 1026 3125 1094 itnpiutn
3157 1043 3484 1099 pravumque

1896 1108 2088 1178 dogma
2139 1112 2520 1178 suspicaretur.
2570 1112 2729 1168 Certe
2783 1130 2905 1169 cum
2960 1117 3207 1173 dixisset:
3267 1119 3476 1189 Oportet

1895 1202 2029 1255 enim
2067 1203 2210 1256 illuni
2239 1220 2479 1274 regnare,
2508 1205 2666 1260 donec
2693 1216 2846 1275 ponat
2874 1209 3102 1264 inimicos
3145 1213 3234 1265 sub
3275 1213 3482 1280 pedibus

1897 1291 1974 1361 (Ι.
1999 1292 2116 1347 Cor.
2145 1296 2230 1348 15.
2254 1296 2345 1349 25.
2373 1307 2419 1350 et
2447 1296 2539 1366 27)
2566 1315 2578 1350 :
2609 1309 2664 1352 et
2690 1298 3016 1364 addidisset,
3049 1302 3236 1357 Omnia
3273 1305 3481 1376 subjecit

1896 1383 1987 1436 sub
2031 1384 2239 1455 pedibus
2269 1389 2378 1456 ejus
2397 1429 2410 1452 ,
2442 1388 2710 1456 adiunxit,
2751 1389 2946 1445 Prteter
2968 1410 3113 1458 eum,
3141 1397 3230 1465 qui
3273 1399 3484 1466 subjecit

1897 1475 1972 1528 illi
1993 1478 2202 1530 omnia:
2228 1493 2332 1532 non
2365 1480 2548 1549 utique
2581 1481 2957 1550 adjuncturus,
2993 1485 3092 1539 nisi
3121 1486 3387 1541 timuisset
3417 1503 3483 1542 ne

1893 1582 1993 1634 qua
2026 1565 2163 1623 forte
2188 1568 2446 1624 diabolica
2493 1571 2613 1624 talis
2661 1574 2920 1626 sententia
2965 1576 3282 1630 exoriretur.
3325 1577 3480 1647 Same

1894 1671 2102 1726 quoque
2131 1657 2258 1712 dum
2293 1658 2606 1714 Jutltporum
2636 1661 2885 1715 invidiam
2912 1663 3069 1728 lenit,
3100 1665 3168 1720 de
3198 1666 3480 1721 verborum

1894 1749 2218 1804 sublimitate
2275 1752 2517 1807 nonnihil
2577 1753 2835 1816 remittit,
2890 1765 2946 1808 ut
2996 1771 3181 1819 eorum
3222 1759 3310 1827 qui
3361 1773 3482 1812 cum

1896 1841 2010 1908 ipso
2047 1843 2560 1908 sermocinabautur,
2589 1846 2875 1913 suspicioni
2902 1847 3192 1903 satisfaciat
3220 1853 3240 1904 ':
3274 1860 3330 1905 ut
3359 1867 3480 1906 cum

1893 1931 1966 1982 ait
1996 1949 2007 1982 :
2041 1931 2102 1983 Si
2143 1949 2232 2000 ego
2263 1933 2600 1986 testimonium
2646 1935 2877 2000 perhibeo
2907 1937 2969 1989 de
3011 1939 3230 2008 nteipso,
3256 1942 3476 1995 testintoo

1894 2023 2034 2074 nium
2057 2040 2218 2076 meum
2236 2041 2336 2078 non
2357 2034 2429 2078 est
2455 2041 2624 2079 verum
2644 2025 2822 2094 (Joan.
2848 2030 2900 2082 5.
2925 2028 3036 2101 51).
3062 2030 3192 2092 Nam
3221 2041 3278 2086 ut
3293 2050 3476 2089 eorum

1893 2114 2249 2180 suspicionem
2301 2117 2604 2182 refelleret,
2631 2118 2701 2171 ita
2745 2118 2876 2172 dixit
2915 2137 2928 2172 :
2984 2136 3156 2191 neque
3203 2124 3345 2178 enim
3375 2127 3473 2178 hoc

1891 2220 2074 2258 verum
2108 2221 2210 2260 non
2238 2222 2356 2261 esse
2388 2208 2548 2261 voluit
2592 2209 2857 2275 indicare,
2887 2212 3011 2279 quin
3037 2213 3210 2280 potius
3230 2256 3244 2280 ,
3279 2225 3334 2268 ιιι
3383 2231 3476 2269 vos

1892 2296 2222 2350 arbitramini
2271 2308 2327 2352 et
2375 2299 2750 2367 suspicamini,
2783 2300 2983 2370 inquit,
3015 2317 3137 2356 cum
3185 2320 3271 2359 me
3298 2305 3476 2360 nolitis

1894 2387 2128 2455 recipere
2157 2387 2224 2442 de
2252 2405 2336 2442 me
2361 2389 2477 2456 ipso
2503 2389 2660 2444 verba
2686 2389 2990 2445 facientem.

2057 2480 2124 2532 Et
2149 2496 2276 2534 vero
2302 2481 2481 2550 plures
2509 2481 2628 2535 alias
2658 2483 2879 2551 reperiri
2917 2499 3092 2538 causa:
3125 2497 3340 2555 possent
3372 2505 3386 2539 :
3418 2504 3478 2542 ac

1893 2571 2173 2624 verborum
2204 2571 2419 2642 quidem
2463 2571 2777 2627 humilitatis
2816 2574 3009 2629 multas
3050 2576 3203 2631 nobis
3233 2577 3475 2646 proferre

1889 2663 2198 2716 occasiones
2217 2664 2400 2718 liceret
2419 2681 2431 2716 :
2453 2671 2508 2718 at
2535 2672 2589 2717 tu
2615 2663 2919 2733 dogmatum
2941 2665 3306 2721 sublimiorum
3324 2669 3481 2724 aliam

1893 2753 2025 2808 alter
2048 2754 2380 2808 occasionem
2408 2763 2605 2824 prartcr
2625 2769 2763 2813 eam.
2791 2770 2948 2823 quam
2978 2756 3232 2812 diximus.
3258 2758 3329 2812 Ea
3359 2774 3484 2814 vero

1893 2843 1989 2895 fuit
2009 2885 2022 2904 ,
2050 2844 2190 2912 quod
2222 2859 2370 2897 suam
2410 2844 2562 2899 nobis
2594 2846 2750 2899 veliet
2791 2845 3086 2913 patefacere
3115 2848 3439 2903 nobilitatem
3465 2867 3479 2913 ;

1892 2934 1985 2986 sed
2011 2934 2166 2987 aliam
2197 2935 2389 2988 all'erre
2426 2936 2624 2988 nullam
2671 2950 2874 3004 posses.
2917 2937 3048 2990 Nam
3081 2938 3124 2991 is
3152 2939 3364 3007 quidem
3390 2944 3482 3011 qui

1893 3041 2115 3095 tmtguus
2137 3035 2238 3090 est,
2263 3026 2514 3095 exiguum
2543 3025 2740 3094 aliquid
2769 3027 2960 3093 poterit
2982 3026 3049 3080 de
3078 3042 3137 3082 se
3156 3029 3356 3096 dicere,
3384 3048 3484 3087 nec

1892 3116 2056 3168 ullum
2088 3115 2136 3168 id
2165 3115 2366 3168 crimen
2407 3115 2543 3178 erit,
2575 3115 2835 3185 siquidem
2879 3117 3015 3170 istud
3047 3128 3131 3172 est
3164 3121 3436 3176 modestia:
3466 3142 3479 3177 :

1891 3199 1933 3251 si
1961 3198 2079 3265 quis
2105 3206 2281 3251 autem
2313 3197 2402 3266 qui
2431 3211 2624 3266 parvus
2652 3198 2739 3258 sit,
2771 3214 3018 3265 magnum
3045 3199 3111 3253 de
3132 3216 3190 3255 se
3211 3203 3498 3272 quidpiam

1891 3290 2051 3349 dicat.
2078 3290 2504 3344 criminationem
2533 3305 2637 3344 non
2669 3291 2882 3360 effugiet
2914 3310 2926 3346 :
2954 3303 3034 3347 est
3061 3295 3201 3348 enim
3232 3297 3357 3351 illud
3391 3314 3453 3352 ar
3480 3334 3485 3339 -

1891 3383 2182 3448 roganda):
2217 3388 2538 3449 quapropter
2579 3379 2859 3434 sublimem
2889 3383 3104 3451 quidem
3135 3401 3322 3442 omnes
3362 3389 3448 3442 lati

1889 3468 2076 3523 damus
2095 3510 2110 3532 ,
2147 3484 2268 3524 cum
2312 3468 2531 3523 humilia
2559 3468 2626 3524 de
2671 3485 2728 3524 se
2755 3471 2950 3526 dixerit
2979 3491 2992 3525 :
3029 3472 3280 3530 humilem
3307 3487 3480 3532 autem

1891 3576 2047 3614 nemo
2074 3561 2341 3624 laudabit,
2375 3561 2421 3616 si
2449 3561 2576 3631 quid
2618 3561 2754 3616 forte
2793 3578 3038 3631 magnum
3080 3566 3147 3620 de
3176 3581 3234 3620 se
3262 3567 3478 3624 dixerit.

1892 3652 2072 3718 Itaque
2098 3652 2141 3704 si
2173 3652 2340 3705 multo
2371 3651 2590 3706 inferior
2619 3651 2779 3706 P..tre
2810 3653 2974 3706 Filius
3001 3663 3161 3718 esset,
3193 3665 3248 3709 ut
3273 3672 3367 3712 vos
3393 3659 3479 3712 di-

1889 3745 2030 3807 citis,
2060 3760 2163 3798 non
2193 3745 2521 3813 oportuisset
2546 3759 2666 3798 eum
2690 3745 2850 3798 verba
2881 3747 3119 3814 proloqui
3145 3788 3159 3807 ,
3188 3762 3253 3802 ex
3289 3750 3480 3818 quibus

1891 3836 2060 3902 ipsum
2084 3835 2310 3904 genitori
2339 3850 2436 3888 suo
2462 3835 2720 3903 aequalem
2757 3850 2878 3890 esse
2910 3846 3180 3892 constaret
3208 3856 3221 3891 :
3251 3840 3302 3893 id
3335 3855 3478 3896 enim

1889 3926 2206 3994 arrogantia:
2234 3925 2438 3978 fuisset.
2469 3925 2620 3992 Quod
2647 3935 2822 3980 autem
2854 3927 2896 3979 is
2922 3929 3009 3994 qui
3039 3930 3266 3996 genitori
3293 3946 3390 3984 suo
3410 3935 3492 3987 sit-

1886 4018 2104 4087 mqttalis
2125 4058 2139 4082 ,
2169 4016 2388 4070 humilia
2425 4016 2665 4084 qumdam
2693 4025 2748 4071 et
2774 4017 2979 4085 abjecta
3027 4019 3208 4087 dicat,
3240 4023 3366 4076 nulli
3395 4035 3479 4078 est

1886 4107 2170 4160 obnoxium
2224 4106 2662 4175 reprehensioni,
2715 4107 2794 4161 vel
2848 4107 3094 4172 erimiui;
3151 4126 3272 4166 cum
3323 4113 3477 4168 laude

1887 4197 2062 4264 potius
2082 4205 2137 4250 et
2158 4196 2392 4250 maxima
2417 4195 2554 4250 istud
2580 4196 2930 4251 admiratione
2951 4200 3021 4252 sit
3042 4199 3278 4270 dignum.
3306 4203 3492 4272 Atque-

1885 4301 1940 4343 ut
1965 4288 2326 4345 manifestiora
2357 4291 2501 4352 ﬁant,
2531 4306 2647 4357 qua:
2677 4291 2929 4354 diximus,
2954 4301 3008 4346 et
3049 4293 3355 4365 intelligatis
3382 4313 3477 4352 vos

1882 4396 2090 4448 omnes,
2124 4397 2221 4435 nos
2248 4381 2442 4436 divinis
2471 4397 2577 4435 non
2604 4381 2874 4436 adversari
2899 4381 3206 4452 Scripturis,
3235 4387 3476 4456 age-pri-

1885 4488 2024 4526 mam
2050 4487 2330 4528 causarum
2373 4472 2590 4526 istarum
2613 4513 2628 4536 ,
2652 4487 2784 4542 quas
2812 4473 3084 4529 attulimus
3102 4517 3116 4540 ,
3139 4475 3248 4544 jam
3277 4487 3480 4546 pertra-

1884 4573 2088 4617 ctemus
2107 4605 2122 4628 ,
2153 4571 2207 4617 et
2233 4577 2465 4632 quonam
2496 4563 2546 4616 iu
2576 4562 2695 4615 loco
2726 4571 2940 4630 propter
2971 4563 3334 4620 indumentum
3355 4582 3477 4622 car-

1887 4657 1966 4709 nis
1988 4664 2170 4726 aperte
2196 4671 2290 4709 sua
2314 4656 2545 4710 essentia
2571 4653 2826 4709 inferiora
2851 4655 3008 4709 verba
3038 4657 3267 4726 proferat
3289 4669 3475 4714 osten-

1885 4748 2093 4801 damus.
2139 4748 2217 4800 Ac
2254 4746 2300 4800 si
2339 4745 2550 4800 videtur
2587 4746 2883 4801 orationem
2929 4747 3100 4816 ipsam
3149 4747 3201 4801 in
3241 4751 3472 4805 medium

1885 4839 2230 4904 adducamus,
2256 4853 2357 4907 qua
2391 4847 2590 4906 patrem
2621 4839 2811 4892 oravit.
2837 4837 2944 4895 Sed
2965 4839 3242 4905 attendite,
3270 4857 3452 4912 quaeso
3469 4887 3483 4907 ,

1886 4929 2168 4999 diligenter
2195 4945 2210 4982 :
2239 4943 2351 4983 rem
2396 4927 2536 4982 enim
2579 4943 2793 4981 otnnem
2825 4929 2981 4997 paulo
3010 4929 3168 4984 altius
3197 4934 3476 5000 repetitam

1887 5021 2046 5076 statui
2069 5035 2304 5074 narrare.
2330 5020 2548 5074 Peracta
2569 5027 2650 5074 est
2669 5019 2795 5074 olim
2818 5035 2990 5085 omna,
3011 5037 3161 5076 sacra
3187 5023 3274 5078 illa
3296 5035 3474 5094 nocte,

1887 5129 1988 5182 qua
2016 5111 2306 5166 tradendus
2335 5110 2431 5164 fuit
2459 5128 2472 5165 :
2502 5125 2706 5165 sacram
2738 5111 2879 5166 enim
2911 5113 3054 5168 illam
3087 5116 3316 5183 appello,
3347 5118 3470 5185 quia

1888 5205 2166 5259 innumera
2211 5203 2300 5257 illa
2343 5204 2514 5266 bona,
2543 5218 2664 5272 quae
2708 5203 2763 5257 in
2792 5203 2976 5259 orbem
3006 5211 3268 5259 terrarum
3308 5207 3477 5262 effusa

1887 5304 2012 5349 sunt
2033 5335 2048 5357 ,
2083 5294 2290 5348 initium
2324 5293 2446 5347 inde
2479 5293 2766 5348 duxerunt.
2807 5294 2956 5349 Tunc
2985 5293 3143 5364 igitur
3168 5310 3288 5349 cum
3313 5295 3479 5351 disci-

1889 5386 2025 5454 pttlis
2062 5385 2307 5440 undecim
2354 5384 2592 5453 proditor
2620 5384 3012 5447 recumbebat,
3047 5395 3101 5438 et
3145 5386 3480 5442 emanantibus

1885 5476 1992 5529 illis
2020 5475 2093 5528 ait
2117 5474 2380 5543 Christus,
2411 5472 2556 5529 Unus
2583 5490 2650 5528 ea:
2672 5474 2808 5528 vobis
2836 5473 2999 5528 tradet
3023 5489 3102 5528 me
3130 5471 3355 5544 (Matth.
3385 5477 3474 5532 26.

1885 5565 1951 5619 21
1979 5565 2018 5635 ).
2053 5566 2249 5620 llorum
2277 5565 2406 5621 mihi
2437 5580 2703 5622 memores
2722 5574 2894 5620 estote
2918 5564 3202 5619 verborum
3225 5607 3240 5631 ,
3273 5577 3329 5620 nt
3356 5584 3478 5625 cum

1897 5657 1960 5712 ad
1987 5657 2280 5714 orationem
2305 5665 2518 5714 ventum
2543 5657 2718 5725 fuerit,
2742 5671 2845 5727 qua
2872 5655 2936 5710 de
2957 5669 3116 5710 causa
3139 5658 3218 5714 sic
3241 5669 3377 5727 oret,
3399 5661 3478 5716 vi.
