3854 6222
285 258 394 315 765

285 373 420 426 ὅτιὸ
453 370 654 434 Ἰούδας
700 369 1015 440 παραδώσει
1049 381 1074 408 ει
1119 387 1208 439 με,
1245 369 1386 422 ὥστε
1429 367 1504 438 μὴ
1539 369 1604 436 τῇ
1645 383 1872 436 περιφαο

287 444 410 517 νείᾳι
433 455 540 506 τῶν
565 453 802 524 ἐλέγχων
827 453 1311 523 ἀναισχυντότερον
1331 452 1495 505 αὐτὸν
1516 450 1882 520 ἐργάσασθαι·

289 542 368 600 ὡς
397 538 451 590 δέ
478 539 684 598 ἐκεῖνος
725 536 829 587 ὑπὸ
865 535 960 587 τοῦ
1003 535 1302 596 συνειδότος
1335 533 1692 603 κεντούμενός
1726 548 1878 600 φησι,

292 614 392 689 Μή
427 638 481 673 τι
513 618 625 688 ἐγώ
650 621 786 686 είμι,
817 619 993 685 Κύριε
1013 635 1030 682 ;
1054 617 1216 686 λέγει
1252 615 1431 682 αὐτῷ,
1457 617 1541 670 Σὺ
1567 613 1741 680 εἶπας
1760 631 1771 642 ⁸
1793 614 1884 666 καὶ

291 703 414 755 ούδέ
465 702 584 755 τότε
632 701 794 754 αὑτοῦ
835 705 1208 771 κατηγορῆσαι
1245 700 1503 768 ἠνέσχετο
1531 739 1546 761 ,
1581 698 1694 751 ἀλλ’
1724 696 1884 750 αὑτὸν

292 784 487 838 ἑαυτοῦ
509 783 838 851 κατέστησεν
865 782 1082 852 ἔλεγχον
1104 800 1116 810 '
1133 782 1246 834 ἀλλ’
1269 783 1417 852 ὅμως
1434 782 1553 833 ούδέ
1581 780 1753 841 οὕτως
1767 778 1887 846 ἐγέ-

290 885 417 921 νετο
443 866 693 936 βελτίων,
716 865 850 918 ἀλλὰ
879 865 1057 919 λαϐὼν
1082 867 1142 918 τὸ
1159 865 1369 934 ψωμίον
1407 864 1650 935 ἐξῆλθεν.
1667 861 1885 932 Ἐπειδὴ

291 954 477 1005 τοίνυν
507 949 720 1019 ἐξῆλθε,
746 948 926 1001 λαϐὼν
958 951 987 1001 6
1033 947 1240 1017 Ἰησοῦς
1279 949 1404 1010 τοὺς
1451 946 1698 1018 μαθητάς
1726 961 1880 1016 φησι’

293 1035 526 1098 Πάντες
554 1032 724 1100 ὑμεῖς
754 1029 1365 1095 σκανδαλισθήσεσθε
1392 1029 1462 1081 ἐν
1477 1029 1608 1097 ἐμοί
1625 1045 1639 1058 ·
1656 1027 1752 1080 τοῦ
1785 1027 1887 1079 Πέ-

292 1133 428 1187 τρου
473 1116 527 1168 δὲ
567 1115 938 1182 ἀντιλέγοντος
971 1114 998 1153 b
1029 1113 1125 1165 καὶ
1173 1112 1454 1180 λέγοντος,
1487 1109 1614 1164 Κᾶν
1664 1109 1887 1175 πάντες

295 1198 964 1264 σκανδαλισθήσωνται,
989 1197 1126 1250 ἀλλ’
1149 1195 1264 1264 ἐγὼ
1300 1193 1586 1248 οὐδέποτε
1627 1193 1888 1247 σκανδα-

295 1281 690 1350 λισθήσομαι,
743 1279 906 1332 πάλιν
940 1281 968 1331 6
1015 1277 1225 1348 Ἰησοῦς
1272 1294 1472 1347 φησιν,
1518 1275 1698 1346 Ἀμὴν
1733 1276 1887 1346 λέγω

295 1380 421 1426 σοι,
446 1365 589 1430 πρὶν
616 1363 915 1429 ἀλέκτορα
939 1360 1239 1430 φωνῆσαι,
1276 1359 1403 1428 τρίς
1436 1357 1761 1427 ἀπαρνήσῃ
1787 1375 1884 1427 με.

309 1447 400 1509 Ὠς
448 1447 505 1498 δέ
557 1445 718 1497 πάλιν
770 1444 1090 1512 ἀντέλεγεν,
1136 1445 1319 1496 εῐασεν
1363 1443 1524 1495 αὑτὸν
1563 1441 1770 1496 λοιπόν.
1810 1442 1885 1494 Οὐ

298 1529 488 1599 πείθῃ.
519 1530 671 1598 φησὶ,
697 1527 785 1580 διὰ
821 1527 930 1579 τῶν
959 1525 1240 1596 ῥημάτων.
1261 1525 1374 1578 ἀλλ’
1392 1523 1695 1592 ἀντιλέγεις
1717 1541 1731 1554 ⁸
1770 1541 1889 1577 πει-

299 1612 477 1681 σθήσῃ
507 1611 596 1662 διὰ
615 1611 724 1663 τῶν
752 1610 1095 1680 πραγμάτων
1127 1609 1326 1671 αὐτῶν,
1353 1609 1434 1661 ὃτι
1474 1609 1715 1679 Δεσπότῃ
1742 1607 1889 1660 ἀντι-

302 1695 484 1760 λέγειν
507 1693 568 1744 οὐ
599 1694 728 1763 χρή.
759 1694 870 1746 Kal
893 1692 1097 1746 τούτων
1131 1709 1220 1762 μοι
1251 1691 1530 1762 μέμνησθε
1569 1690 1676 1742 τῶν
1713 1688 1891 1759 ῥημά-

301 1794 413 1828 των
444 1775 605 1829 πάλιν
638 1793 651 1806 ·
681 1778 951 1846 χρήσιμος
982 1775 1089 1845 γὰρ
1119 1773 1300 1828 αὐτῶν
1327 1776 1458 1844 ἡμῖν
1495 1774 1528 1843 ἡ
1561 1775 1746 1842 μνήμη
1791 1774 1888 1841 τὴν

302 1859 470 1929 εὐχὴν
495 1857 840 1922 ἐξετάζουσιν
861 1857 1031 1910 ἔσται.
1057 1853 1190 1909 Εἷπε
1227 1856 1315 1908 τὸν
1347 1855 1630 1924 προδότην,
1663 1858 1890 1924 προεῖπε

299 1941 402 2011 τὴν
431 1943 646 1994 πάντων
689 1940 899 2012 φυγὴν,
929 1939 1023 1992 καὶ
1069 1940 1160 1992 τὸν
1199 1937 1364 1991 αὑτοῦ
1418 1937 1642 1990 θάνατον
1664 1953 1678 1966 °
1707 1936 1894 1990 Πατά-

302 2024 420 2087 ξω,
460 2024 613 2093 φησὶ,
656 2024 763 2077 τόν
808 2021 1092 2091 ποιμένα,
1137 2020 1239 2074 καὶ
1277 2018 1892 2086 διασκορπισθήσεται

303 2110 375 2162 τὰ
414 2109 678 2174 πρόϐατα
712 2122 726 2135 ·
777 2109 1006 2178 προεῖπε
1057 2105 1146 2158 τὸν
1198 2104 1460 2175 μέλλοντα
1515 2103 1676 2156 αὐτὸν
1727 2104 1895 2173 ἀρνή-

305 2190 524 2253 σασθαι,
553 2190 645 2242 καὶ
684 2190 815 2242 πότε
850 2189 947 2242 καὶ
985 2188 1237 2251 ποσάκις,
1278 2188 1372 2241 καὶ
1421 2188 1559 2259 μετά
1611 2186 1895 2258 ἀκριϐείας

307 2273 546 2326 ἅπαντα.
583 2273 694 2325 Kal
736 2272 872 2342 μετά
918 2271 1090 2325 ταῦτα
1141 2271 1319 2324 πάντα
1365 2270 1552 2340 ἱκανὴν
1587 2267 1749 2324 αὑτοῦ
1797 2268 1895 2338 τῆς

305 2355 667 2425 προγνώσεως
717 2355 827 2407 τῶν
877 2355 1179 2424 μελλόντων
1231 2354 1503 2419 ἀπόδειξιν
1550 2353 1694 2415 δοὺς,
1726 2351 1892 2404 ἐλθὼν

307 2439 406 2490 ἐπί
434 2455 487 2490 τι
515 2438 710 2508 χωρίον
744 2436 962 2506 εὔχεται
987 2455 1000 2468 ·
1032 2438 1125 2490 καί¹
1169 2438 1363 2489 ἐκεῖνοι
1391 2437 1486 2506 μὲν
1516 2435 1786 2503 λέγουσιν,
1813 2434 1894 2485 ὅτι

304 2523 406 2590 τῆς
429 2520 679 2589 θεότητός
705 2521 852 2572 ἐστιν
883 2522 915 2589 ἡ
947 2520 1104 2589 εὐχὴ,
1131 2521 1291 2588 ἡμεῖς
1317 2519 1374 2571 δέ
1403 2519 1656 2588 λέγομεν,
1680 2519 1762 2570 ὅτι
1796 2515 1894 2585 τῆς

303 2605 618 2673 οίκονομίας
670 2604 938 2656 Δικάσατε
971 2603 1174 2666 τοίνυν,
1195 2603 1289 2654 καὶ
1319 2601 1456 2672 πρὸς
1486 2600 1656 2668 αὐτῆς
1684 2600 1781 2668 τῆς
1803 2598 1894 2650 τοῦ

307 2688 646 2755 Μονογενοῦς
678 2686 836 2757 δόξης
891 2685 1082 2756 μηδενὶ
1126 2686 1532 2756 κεχαρισμένην
1575 2685 1676 2754 τὴν
1717 2683 1895 2752 ψῆφον

309 2770 593 2838 ἐνέγκητε.
633 2770 694 2821 Εἰ
724 2769 831 2839 γὰρ
877 2769 972 2839 καὶ
1002 2770 1060 2820 ἐν
1097 2767 1270 2836 φίλοις
1314 2766 1603 2836 δικάζομαι
1633 2765 1748 2827 νῦν,
1781 2764 1894 2817 ἀλλ’

309 2836 574 2905 ἀντιϐολῶ
601 2853 695 2905 καὶ
715 2836 925 2920 δέομαί,
956 2851 1252 2904 ἀδέκαστον
1279 2848 1532 2917 γενέσθαι
1560 2849 1658 2917 τὴν
1694 2847 1895 2917 κρίσιν,

310 2938 408 2988 καὶ
444 2937 580 3004 μήτε
616 2935 753 3005 πρὸς
794 2934 933 3004 ἐμὴν
956 2935 1136 3004 χάριν,
1181 2934 1316 3002 μήτε
1351 2933 1487 3003 πρὸς
1529 2931 1750 2984 ἐκείνων
1793 2933 1897 2984 ἀπ-

311 3016 548 3089 έχθειαν.
587 3019 835 3072 Μάλιστα
862 3018 958 3087 μὲν
981 3017 1089 3086 γὰρ
1123 3018 1217 3069 καὶ
1245 3016 1466 3093 αὐτόθεν
1495 3015 1668 3086 δῆλον,
1699 3015 1897 3067 ὅτιούκ

311 3103 430 3154 ἐστι
463 3103 560 3172 τῆς
614 3099 864 3169 θεότητος
899 3102 931 3170 ἠ
977 3100 1146 3170 εὐχή·
1179 3099 1311 3161 Θεὸς
1357 3098 1464 3167 γὰρ
1506 3099 1607 3150 οὐκ
1654 3097 1896 3166 εὔχεται,

310 3184 448 3237 Θεοῦ
471 3184 580 3255 γάρ
606 3182 665 3235 τὸ
695 3182 1119 3254 προσκυνεῖσθαί
1147 3184 1262 3234 ἐστι
1286 3199 1302 3214 ·
1332 3181 1467 3234 Θεοῦ
1489 3182 1549 3233 τὸ
1573 3181 1736 3251 εὐχὴν
1750 3180 1898 3249 δέχε-

314 3268 463 3328 σθαι,
488 3268 548 3319 ού
579 3265 642 3317 τὸ
664 3265 828 3346 εὐχὴν
862 3265 1151 3336 ἀναφέρειν
1174 3282 1186 3295 ’
1215 3264 1329 3316 ἀλλ’
1351 3266 1498 3334 ὅμως
1535 3263 1720 3332 ἐπειδὴ
1749 3264 1900 3315 ἀναι-

315 3349 656 3420 σχυντοῦσιν,
696 3349 791 3401 ἀπ’
816 3348 994 3402 αὐτῶν
1031 3348 1138 3400 τῶν
1165 3349 1426 3418 ῥημάτων
1452 3348 1552 3416 τῆς
1583 3348 1748 3418 εὐχῆς
1772 3348 1898 3416 ὑμῖν

312 3433 542 3503 ποιῆσαι
582 3431 914 3502 πειράσομαι
953 3431 1207 3503 φανερὸν,
1231 3431 1311 3484 δτι
1342 3431 1402 3483 τὸ
1426 3431 1543 3483 ὅλον
1567 3431 1669 3500 τῆς
1695 3433 1900 3483 οἰκονο-

318 3516 450 3586 μίας
477 3515 614 3579 ἐστὶ,
646 3515 741 3566 καὶ
761 3513 862 3582 τῆς
893 3513 1034 3566 κατὰ
1071 3512 1167 3582 τὴν
1191 3513 1370 3582 σάρκα
1401 3512 1702 3575 ἀσθενείας.
1733 3514 1900 3565 Ὀταν

313 3600 428 3667 γὰρ
453 3595 757 3665 φθέγγηταί
777 3612 829 3647 τι
847 3595 1098 3647 ταπεινὸν
1120 3597 1147 3647 6
1171 3595 1422 3664 Χριστὸς,
1441 3594 1584 3647 οὕτω
1608 3594 1900 3663 φθέγγεται

314 3679 567 3732 ταπεινὸν
587 3678 680 3732 καὶ
697 3678 927 3742 εὐτελὲς,
950 3678 1025 3740 ὡς
1041 3679 1138 3748 τὴν
1159 3678 1459 3750 ὑπερϐολὴν
1479 3678 1576 3748 τῆς
1591 3678 1903 3747 ταπεινότη-

314 3779 410 3825 τος
433 3760 536 3814 τῶν
547 3759 852 3830 λεγομένων
876 3765 969 3812 καὶ
988 3762 1114 3822 τοὺς
1141 3760 1343 3830 σφόδρα
1363 3758 1796 3828 φιλονεικοῦντας
1813 3759 1902 3810 δυ-

317 3845 548 3914 νηθῆναι
569 3843 870 3906 πεῖσαι,ὄτι
893 3843 1025 3895 πολὺ
1052 3845 1148 3912 τῆς
1170 3843 1478 3913 ἀπορρήτου
1506 3845 1597 3895 καὶ
1623 3843 1900 3912 ἀφράστου

315 3930 508 3990 οὐσίας
537 3927 751 3998 ἐκείνης
775 3926 1053 3979 ἀποδεῖτά
1077 3936 1098 3963 ε
1122 3927 1358 3995 ῥήματα.
1388 3927 1586 3995 Ἴωμεν
1612 3925 1788 3978 τοίνυν
1816 3926 1902 3976 ἐπ’

317 4010 459 4064 αὐτὰ
480 4012 546 4063 τὰ
570 4011 786 4080 ῥήματα
809 4010 907 4079 τῆς
936 4009 1100 4077 εὐχῆς
1117 4025 1128 4037 '
1149 4007 1358 4076 Πάτερ,
1388 4011 1441 4061 εί
1461 4008 1902 4075 δυνατὸν,παρ·-

317 4095 539 4148 ελοέτω
587 4093 687 4146 ἀπ’
721 4092 866 4160 ἐμοῦ
920 4090 987 4144 τὸ
1035 4089 1321 4155 ποτήριον
1353 4090 1560 4144 τοῦτο’
1592 4090 1762 4156 πλὴν
1788 4092 1901 4159 οὐχ

317 4178 403 4243 ὡς
422 4177 535 4240 ἐγὼ
550 4177 720 4240 θέλω,
735 4176 869 4228 ἀλλ’
882 4175 961 4240 ὠς
981 4175 1081 4227 σύ.
1099 4175 1302 4244 Ἐρωτή
1313 4190 1492 4242 σωμεν
1508 4173 1686 4226 τοίνυν
1706 4173 1902 4235 αὐτοὺς

320 4257 556 4312 ἐνταῦθα
580 4274 592 4286 ·
617 4257 813 4324 ἀγνοεῖ,
845 4257 951 4308 εἴτε
979 4255 1221 4318 δυνατὸν,
1247 4258 1352 4307 είτε
1374 4257 1432 4306 ού
1468 4256 1709 4320 δυνατὸν,
1736 4258 1764 4308 6
1797 4257 1902 4325 πρὸ

327 4340 524 4411 μικροῦ
549 4341 719 4407 λέγων
747 4342 802 4391 ἐν
831 4337 907 4407 τῷ
928 4339 1146 4407 δείπνῳ,
1164 4333 1266 4403 Εἷς
1292 4338 1361 4401 ἐξ
1380 4337 1546 4406 ὑμῶν
1565 4337 1902 4404 παραδώσει

315 4440 430 4494 με;
460 4425 488 4476 6
521 4422 626 4494 πρὸ
652 4420 850 4492 μικροῦ
884 4421 1076 4488 λέγων,
1119 4420 1452 4490 Γέγραπται
1471 4461 1484 4483 ,
1522 4421 1768 4484 Πατάξω
1797 4419 1902 4473 τὸν

321 4505 601 4574 ποιμένα.
623 4505 720 4556 καὶ
737 4501 1353 4570 διασκορπισθήσεται
1373 4503 1446 4556 τὰ
1465 4505 1728 4570 πρόϐατα
1747 4520 1758 4531 ·
1785 4504 1897 4566 καὶ,

327 4590 414 4641 ὅτι
440 4585 588 4658 [569]
609 4585 836 4649 Πάντες
853 4584 1020 4652 ὑμεῖς
1041 4584 1650 4652 σκανδαλισθήσεσθε
1664 4586 1732 4638 ἐν
1750 4585 1897 4654 ἐμοί·

316 4670 445 4740 ὁτῷ
463 4670 651 4739 Πέτρῳ
681 4666 966 4730 είπὼν,ὅτι
994 4668 1256 4734 Ἀρνήσῃ
1279 4683 1375 4736 με,
1402 4669 1515 4732 καὶ,
1550 4668 1803 4737 Ἀρνήσῃ
1825 4687 1904 4738 με

320 4754 482 4821 τρίς·
510 4744 665 4812 οὗτος
696 4751 881 4817 ἀγνοεῖ
907 4749 1024 4809 νῦν,
1059 4749 1181 4802 εἰπέ
1229 4766 1318 4818 μοι
1346 4766 1362 4815 ;
1393 4750 1502 4802 Kal
1537 4755 1620 4812 τίς
1652 4751 1718 4805 ἂν
1744 4751 1903 4804 τοῦτο

320 4837 472 4891 εἴποι
499 4838 592 4888 καὶ
619 4834 726 4888 τῶν
749 4833 996 4888 ὁπωσοῦν
1023 4833 1436 4902 καθεστηκότων
1462 4851 1476 4899 ;
1516 4836 1623 4888 Kal
1649 4835 1755 4907 γὰρ
1773 4838 1902 4890 ὅταν

331 4920 433 4991 μὲν
525 4921 588 4970 τὸ
613 4917 971 4987 ἀγνοούμενον
995 4916 1180 4986 μηδενὶ
1213 4917 1371 4987 δῆλον
1407 4919 1545 4988 μήτε
1585 4920 1898 4990 προφητῶν,

327 5005 468 5073 μήτε
499 5001 771 5068 ἀγγέλων,
799 5002 936 5070 μήτε
961 4999 1340 5070 ἀρχαγγέλων,
1370 5000 1497 5062 ἴσως
1531 5001 1756 5071 παρέξει
1780 5004 1900 5055 τινὰ

318 5087 438 5147 τοῖς
485 5081 847 5152 φιλονεικοῦσι
886 5081 1057 5151 λαϐήν
1082 5097 1096 5111 ⁸
1123 5081 1252 5134 ὅταν
1287 5081 1470 5150 μέντοι
1508 5082 1570 5133 τὸ
1603 5083 1900 5152 ἀγνοούμε-

320 5185 416 5220 νον
453 5166 622 5228 οὕτως
728 5164 959 5234 φανερὸν
1003 5165 1096 5216 καὶ
1131 5164 1404 5233 γνώριμον
1450 5163 1672 5226 ἅπασιν,
1701 5165 1776 5227 ὡς
1807 5167 1900 5219 καὶ

320 5249 647 5316 ἀνθρώπους
687 5247 819 5299 αὐτὸ
861 5246 1056 5298 εἰδέναι
1091 5245 1229 5315 μετὰ
1256 5243 1561 5315 ἀκριϐείας,
1593 5249 1718 5298 ποία
1762 5248 1895 5300 ἀπο.

321 5332 483 5397 λέγγία
524 5331 618 5383 καὶ
662 5330 784 5381 ποία
823 5329 1116 5398 συγγνώμη
1151 5330 1262 5390 τοῖς
1301 5327 1566 5395 λέγουσιν,
1609 5329 1691 5380 ὅτι
1739 5330 1900 5392 αὐτὸς

321 5411 533 5474 ἀγνοῶν
560 5411 731 5464 ταῦτα
755 5412 938 5478 ἐλεγε;
969 5410 1166 5463 Τοῦτον
1198 5409 1375 5462 τοίνυν
1411 5409 1501 5462 τὸν
1521 5411 1647 5480 περὶ
1679 5404 1740 5462 οὗ
1760 5411 1900 5479 λέγω

390 5559 418 5618 ἒ
441 5557 523 5605 Sic
545 5570 717 5605 omnes
739 5571 872 5614 mss.,
900 5557 1066 5618 Morel.
1090 5567 1209 5602 vero
1234 5556 1548 5618 παραδίδωσι.

388 5617 419 5657 b
443 5620 522 5666 Sic
540 5633 710 5666 omnes
729 5631 866 5679 mss.,
889 5617 1059 5668 Morel.
1088 5629 1207 5667 vero
1227 5617 1575 5673 ἀντιτείνοντος.

391 5679 413 5710 ⁶
438 5683 535 5730 Alii
558 5681 820 5732 άποδεῖται.

1096 256 1182 311 DE.
1221 253 1884 317 CONSUBSTANTIALI,
1925 252 2204 308 CONTRA
2236 256 2621 314 ANOMfEOS.
2664 259 2782 314 VII.

3448 259 3551 313 76.5

1989 365 2184 433 λόγονά
2219 369 2312 421 καὶ
2346 369 2518 424 δοῦλοι
2551 371 2717 425 αὐτοῦ
2759 372 3037 442 φαίνονται
3085 373 3221 442 μετά
3270 371 3550 444 ἀκριϐείας

1987 449 2204 512 εἰδότες,
2229 452 2320 504 καὶ
2367 454 2447 505 ὅτι
2473 453 2781 520 ἀποθανεῖν,
2811 455 2906 508 καὶ
2921 457 3002 507 ὅτι
3029 455 3118 508 διὰ
3151 457 3380 524 σταυροῦ
3395 456 3551 509 τοῦτο

1989 532 2177 585 παθεῖν
2198 534 2358 586 αὑτὸν
2383 535 2509 596 ἔδει,
2537 537 2631 588 καὶ
2657 537 2761 608 πρὸ
2796 537 3066 591 τοσούτων
3099 540 3236 592 ἐτῶν
3269 538 3553 609 ἀμφότερα

1984 613 2156 667 ταῦτα
2179 615 2352 684 δηλῶν
2382 619 2409 669 6
2442 617 2602 670 Δαυῖδ
2641 617 2822 686 ἔλεγεν
2861 621 2923 672 ἐκ
2951 620 3238 690 προσώπου
3272 620 3365 673 τοῦ
3416 619 3550 691 Χρι-

1990 696 2134 747 στοῦ·
2165 699 2426 766 Ὠρυξαν
2450 700 2650 768 χεῖράς
2670 719 2788 770 μου
2829 702 2922 755 καί
2955 703 3138 768 πόδας
3176 722 3295 772 μου
3323 719 3337 733 ⁶
3372 705 3464 756 καὶ
3495 703 3556 756 τὸ

1990 777 2182 846 μέλλον
2225 779 2300 842 ὼς
2344 783 2707 852 γεγενημένον
2747 796 2770 823 ο
2807 784 3107 854 ἀπήγγειλε
3131 826 3144 850 ,
3189 786 3401 848 δεικνὺς
3435 785 3514 837 ὃτι
3541 823 3555 846 ,

1987 860 2236 932 καθάπερ
2264 863 2331 915 τά
2388 865 2667 934 συμϐάντα
2700 867 2978 936 ἀμήχανον
3050 868 3123 938 μὴ
3151 868 3434 937 γενέσθαι,
3461 867 3552 919 οὕ-

1987 961 2063 996 τω
2104 946 2198 997 κα¹ι
2257 945 2416 999 τοῦτο
2465 947 2745 1017 ἀμήχανον
2803 950 2876 1020 μὴ
2930 951 3278 1019 γεγενῆσθαι.
3316 950 3484 1004 Πάλιν
3529 952 3559 1000 6

1999 1027 2226 1089 Ἡσαΐας
2258 1028 2390 1081 αὐτὸ
2417 1028 2573 1082 τοῦτο
2601 1032 3004 1102 προαναφωνῶν
3033 1033 3217 1101 έλεγεν
3235 1052 3250 1065 ⁸
3287 1034 3384 1098 Ὡς
3416 1034 3558 1100 πρό-

1987 1109 2168 1162 ϐατον
2198 1111 2296 1163 ἐπὶ
2335 1113 2586 1181 σφαγὴν
2616 1113 2793 1182 ἢχθη,
2825 1115 2922 1168 καὶ
2953 1115 3033 1181 ὡς
3059 1115 3246 1183 ἀμνὸς
3281 1116 3560 1169 ἐναντίον

1986 1190 2092 1245 τοῦ
2158 1193 2464 1262 κείροντος
2514 1195 2702 1249 αὐτὸν
2755 1195 3012 1265 ἄφωνος.
3067 1197 3269 1252 Τοῦτον
3327 1197 3486 1252 πάλιν
3531 1197 3562 1248 ὁ

2000 1274 2250 1344 Ἰωάννης
2293 1277 2383 1330 τὸν
2433 1277 2603 1347 ἀμνὸν
2643 1277 2764 1332 ἰδὼν
2810 1278 3013 1347 ἔλεγεν,
3049 1279 3161 1334 Ἴδε
3189 1285 3220 1334 ὀ
3247 1281 3433 1350 ἀμνὸς
3454 1279 3560 1333 τοῦ

1990 1357 2136 1409 Θεοῦ
2161 1361 2194 1410 ό
2221 1359 2404 1426 αἴρων
2429 1360 2544 1426 τὴν
2565 1361 2860 1428 ἁμαρτίαν
2887 1361 2993 1415 τοῦ
3023 1366 3276 1431 κόσμου,
3305 1363 3508 1425 ἐκεῖνος
3533 1363 3562 1413 6

1992 1439 2347 1510 προρρηθεὶς,
2405 1442 2559 1512 φησί.
2599 1443 2708 1496 Καὶ
2751 1445 2874 1514 ὅρα,
2914 1445 3010 1513 οὐχ
3050 1445 3234 1508 ἁπλῶς
3285 1445 3497 1515 εἴρηται
3533 1446 3564 1497 6

1991 1521 2181 1590 ἀμνὸς,
2216 1522 2353 1575 ἀλλά
2386 1525 2706 1594 πρόσκειται
2734 1526 2826 1578 τοῦ
2862 1527 3017 1581 Θεοῦ.
3067 1528 3284 1597 Ἐπειδὴ
3324 1527 3434 1598 γὰρ
3470 1529 3563 1581 καὶ

1991 1603 2175 1674 ἕτερος
2201 1599 2268 1674 ἦν
2300 1606 2469 1674 ἀμνὸς
2517 1607 2544 1658 6
2601 1608 2909 1672 Ἰουδαῖκὸς,
2959 1609 3134 1679 δηλῶν
3171 1610 3251 1662 ὃτι
3280 1604 3433 1673 οὗτος
3465 1611 3558 1663 τοῦ

1990 1685 2124 1737 Θεοῦ
2166 1688 2280 1739 ἐστι
2322 1686 2366 1754 ί,
2401 1688 2489 1741 διὰ
2529 1690 2686 1741 τοῦτο
2721 1688 2896 1751 οὕτως
2921 1687 3092 1744 εἶπεν.
3147 1693 3382 1756 Ἐκεῖνος
3425 1693 3566 1764 ὺπέρ

1990 1767 2084 1819 τοῦ
2137 1767 2324 1831 ἔθνους
2364 1770 2733 1842 προσεφέρετο
2771 1773 2951 1842 μόνον,
2987 1767 3142 1836 οὗτος
3188 1775 3328 1846 ὑπὲρ
3365 1778 3462 1844 τῆς
3491 1780 3566 1828 οἰ-

1992 1867 2088 1903 κου
2100 1849 2268 1920 μένης
2295 1853 2641 1924 προσηνέχθη
2668 1855 2848 1926 πάσης
2868 1873 2881 1886 '
2917 1855 3172 1909 κάκείνου
3216 1858 3314 1927 μὲν
3345 1859 3404 1912 τὸ
3427 1855 3566 1928 αἷμα

1993 1933 2207 2005 πληγὴν
2259 1936 2579 2006 σωματικὴν
2639 1936 2907 1990 ἐκώλυσεν
2961 1939 3019 2004 ἐξ
3079 1940 3345 1994 Ἰουδαίων
3387 1943 3565 2012 μόνον,

1991 2016 2184 2069 τούτου
2225 2017 2282 2070 δέ
2328 2017 2390 2070 τὸ
2431 2013 2572 2088 αἷμα
2604 2019 2703 2087 τῆς
2740 2022 3067 2092 οἰκουμένης
3121 2024 3335 2093 ἀπάσης
3391 2025 3569 2090 κοινὸς

1993 2100 2182 2166 γέγονε
2215 2098 2518 2170 καθαρμός.
2554 2102 2663 2154 Kal
2691 2101 2848 2155 τοῦτο
2879 2104 2934 2156 δέ
2955 2105 3014 2157 τὸ
3038 2100 3175 2176 αἷμα
3203 2109 3262 2159 τὸ
3300 2107 3394 2160 τοῦ
3439 2109 3570 2161 Ἰου-

1931 2181 2179 2258 Ἂδαῖκοῦ
2214 2183 2388 2252 ἀμνοῦ
2433 2185 2651 2252 ἴσχυσεν
2688 2184 2825 2256 ὅπερ
2870 2187 3120 2256 ἴσχυσεν,
3162 2190 3222 2242 ού
3271 2191 3424 2260 παρά
3471 2193 3570 2263 τὴν

1995 2263 2202 2317 οἰκείαν
2231 2264 2414 2332 φύσιν,
2444 2265 2558 2317 ἀλλ’
2597 2266 2784 2336 ἐπειδὴ
2814 2267 3003 2322 τούτου
3041 2269 3210 2334 τύπος
3237 2267 3325 2341 ἦν,
3354 2274 3452 2344 τὴν
3481 2274 3572 2328 δύ-

1995 2364 2156 2416 ναμιν
2175 2347 2330 2415 έσχεν
2357 2348 2594 2419 ἐκείνην.

2067 2443 2139 2493 ς’.
2161 2429 2271 2481 Ποῦ
2306 2430 2486 2483 τοίνυν
2520 2432 2718 2484 είσὶνοί
2741 2431 3010 2500 λέγοντες,
3030 2435 3109 2488 ὅτι
3138 2437 3230 2489 καὶ
3251 2439 3412 2501 αὐτὸς
3445 2439 3572 2504 Υἱὸς

1995 2512 2226 2580 λέγεται,
2252 2512 2522 2583 καί-ἡμεῖς
2552 2515 2678 2578 υἱοὶ,
2713 2516 2808 2568 καὶ
2834 2516 2940 2569 ἀπὸ
2975 2517 3076 2586 τῆς
3117 2521 3256 2572 κατά
3284 2522 3383 2590 τὴν
3409 2539 3576 2592 προσ.

1995 2595 2222 2664 ηγορίαν
2246 2596 2531 2658 κοινωνίας
2565 2599 2645 2660 είς
2674 2599 2955 2654 εὐτέλειαν
2998 2602 3159 2654 αὐτὸν
3199 2605 3350 2672 ἄγειν
3375 2607 3572 2676 ἡμετέ-

1998 2695 2099 2748 ραν
2153 2688 2178 2725 Β
2231 2677 2668 2748 ἐπιχειροῦντες;
2736 2683 2866 2736 Ἰδοὺ
2918 2685 3026 2755 γὰρ
3083 2685 3177 2737 καὶ
3231 2687 3420 2757 ἀμνὸς,
3478 2690 3574 2741 καὶ

1995 2759 2183 2828 ἀμνὸς,
2217 2761 2312 2814 καὶ
2338 2761 2394 2813 ἐν
2425 2762 2524 2831 μὲν
2557 2762 2618 2815 τὸ
2644 2764 2837 2834 ὄνομα,
2864 2765 2925 2818 τὸ
2947 2766 3004 2817 δὲ
3038 2767 3202 2836 μέσον
3229 2771 3328 2839 τῆς
3359 2770 3574 2839 φύσεως

1997 2843 2261 2913 ἑκατέρας
2281 2843 2526 2914 ἄπειρον.
2561 2847 2772 2918 Ὥσπερ
2787 2843 2880 2900 οὖν
2906 2848 3118 2902 ἀκούων
3140 2850 3374 2905 ἐνταῦθα
3405 2870 3574 2923 προσ-

1996 2925 2222 2996 ηγορίας
2259 2927 2578 3009 κοινωνίαν,
2625 2930 2779 2983 οὐδὲν
2825 2931 2936 2983 ἴσον
2999 2933 3275 3004 φαντάξῃ,
3323 2935 3466 2990 οὕτω
3509 2937 3574 3009 δὴ

1997 3009 2092 3060 καὶ
2121 3007 2355 3091 ἐνταῦθα
2389 3010 2605 3065 ἀκούων
2632 3013 2746 3065 υίὸν
2777 3013 2872 3065 καὶ
2899 3014 3036 3077 υἱὸν,
3065 3017 3139 3086 μὴ
3170 3018 3308 3088 πρὸς
3339 3018 3437 3087 τὴν
3473 3007 3573 3091 σὴν

1997 3090 2270 3144 εὐτέλειαν
2297 3095 2499 3160 κάταγε
2527 3094 2618 3146 τὸν
2645 3096 2947 3166 Μονογενῆ.
2989 3097 3149 3152 Ἀλλά
3171 3099 3222 3151 τί
3255 3100 3360 3171 χρὴ
3396 3090 3574 3170 λέγειν

1999 3173 2128 3243 περὶ
2141 3173 2248 3226 τῶν
2266 3174 2441 3245 δήλων
2467 3176 2494 3214 ιι
2517 3191 2532 3240 ;
2557 3177 2619 3228 Εἰ
2640 3175 2750 3247 γὰρ
2777 3179 2875 3248 τῆς
2898 3179 3166 3244 Θεότητός
3197 3183 3344 3236 ἐστιν
3364 3186 3396 3255 η
3415 3187 3571 3257 εὐχὴ,

1998 3257 2351 3326 εὑρεθήσεται
2378 3257 2473 3310 καὶ
2504 3259 2665 3322 αὐτὸς
2698 3261 2874 3331 ἐαυτῷ
2906 3263 3254 3332 περιπίπτων
3291 3268 3385 3319 καὶ
3415 3269 3570 3320 ἐνανο

1998 3337 2257 3406 τιολογῶν
2280 3339 2375 3392 καὶ
2409 3340 2735 3411 μαχόμενος.
2763 3337 2930 3408 Οὗτος
2948 3344 3057 3415 γὰρ
3076 3347 3104 3397 6
3126 3347 3359 3400 ἐνταῦθα
3381 3349 3570 3414 εἰπὼν,

1999 3419 2210 3488 Πάτερ,
2244 3423 2296 3474 εί
2315 3421 2598 3486 δυνατὸν,
2627 3425 2970 3492 παρελθέτω
2992 3429 3092 3481 ἀπ’
3121 3429 3268 3497 ἐμοῦ
3294 3430 3360 3483 τὸ
3386 3433 3573 3499 ποτή-

1992 3519 2132 3569 ριον
2170 3503 2363 3569 τοῦτο,
2411 3506 2506 3558 καὶ
2549 3506 2725 3559 ὀκνῶν
2779 3508 2872 3560 καὶ
2923 3510 3288 3580 ἀναδυόμενος
3320 3515 3458 3585 πρὸς
3515 3516 3577 3568 τὸ

2001 3585 2194 3648 πάθος,
2232 3585 2464 3656 ἀλλαχοῦ
2502 3587 2691 3653 εἰπὼν,
2729 3591 2810 3642 ὃτι
2847 3592 2929 3644 δεῖ
2953 3593 3042 3645 τὸν
3081 3594 3210 3648 Υἱὸν
3237 3598 3330 3650 τοῦ
3361 3598 3572 3669 ἀνθρώ-

2003 3685 2107 3721 που
2143 3670 2509 3739 παραδοθῆναι
2541 3673 2638 3724 καὶ
2674 3675 3104 3751 μαστιγωθῆναι,
3136 3679 3322 3751 ἐπειδὴ
3367 3683 3575 3752 Πέτρου

2002 3752 2202 3820 ἤκουσε
2232 3752 2499 3820 λέγοντος,
2533 3754 2738 3821 Ἵλεώς
2752 3773 2872 3821 σοι,
2891 3761 2962 3812 οὐ
2973 3759 3059 3826 μὴ
3076 3761 3245 3814 ἔσται
3260 3781 3358 3815 σοι
3374 3765 3574 3831 τοῦτο,

2004 3832 2148 3885 οὕτω
2180 3833 2385 3904 σφόδρα
2418 3836 2772 3906 ἐπετίμησεν,
2807 3839 2883 3902 ὡς
2904 3842 3098 3906 εἰπεῖν,
3135 3844 3362 3913 "utare
3381 3847 3574 3899 ὀπίσω

1996 3932 2135 3983 μου,
2173 3917 2442 3970 Σατανᾱ’
2481 3918 2831 3975 σκάνδαλόν
2859 3941 2977 3990 μου
3003 3921 3074 3985 εί,
3110 3925 3199 3978 ὅτι
3231 3931 3302 3980 οὐ
3334 3930 3574 3995 φρονεῖς

2002 3997 2075 4051 τὰ
2124 3999 2230 4052 τοῦ
2264 3999 2432 4079 Θεοῦ,
2460 4001 2624 4055 ἀλλὰ
2663 4006 2734 4055 τὰ
2763 4003 2880 4057 τῶν
2915 4006 3258 4072 ἀνθρώπων.
3294 4010 3483 4063 Καίτοι
3509 4029 3573 4079 γε

2003 4080 2111 4152 πρὸ
2141 4079 2370 4151 βραχέος
2392 4077 2460 4152 ἦν
2485 4083 2648 4135 αὑτὸν
2669 4086 2962 4151 ἐπαινέσας
2982 4089 3074 4140 καὶ
3097 4091 3428 4161 μακαρίσας,
3457 4077 3572 4145 ἀλλ’

2002 4163 2150 4233 ὅμως
2180 4165 2424 4218 Σατανᾶν
2466 4165 2628 4218 αὐτὸν
2661 4166 2940 4229 ἐκάλεσεν,
2969 4171 3089 4240 οὐχὶ
3119 4173 3209 4226 τὸν
3251 4175 3579 4230 Ἀπόστολσνι

2003 4247 2222 4318 ὑϐρίσαι
2265 4247 2607 4318 βουλόμενος,
2644 4250 2778 4304 ἀλλά
2807 4252 2892 4305 διὰ
2920 4253 3019 4322 τῆς
3050 4253 3256 4325 ὕϐρεως
3287 4257 3454 4314 δεῖξαι
3484 4258 3580 4313 θέο-

2003 4329 2130 4412 λων,
2247 4329 2393 4402 [510]
2409 4332 2466 4383 οὐ
2499 4333 2638 4385 κατά
2659 4333 2884 4403 γνώμην
2909 4335 3057 4406 αὐτῷ
3084 4337 3145 4390 τὸ
3169 4340 3455 4409 εἰρημένον
3479 4337 3577 4412 ἦν,

2004 4410 2118 4463 ἀλλ’
2145 4410 2318 4474 οὓτως
2340 4413 2638 4484 ἀλλότριον,
2669 4415 2745 4478 ὡς
2773 4417 2865 4470 τὸν
2894 4417 3068 4470 ταῦτα
3090 4420 3370 4490 εἰρηκότα,
3397 4410 3575 4480 καίτοι

2005 4493 2208 4565 Πέτρον
2237 4495 2387 4557 ὄντα,
2438 4496 2515 4565 μὴ
2547 4497 2774 4567 ὀκνῆσαι
2811 4500 3055 4552 Σατανᾶν
3083 4501 3367 4570 ὀνομάσαι.
3401 4505 3577 4558 Πάλιν

2003 4576 2235 4646 ἀλλαχοῦ
2276 4595 2468 4647 φησιν’
2517 4579 2826 4649 Ἐπιθυμίᾳ
2854 4583 3207 4652 ἐπεθύμησα
3244 4586 3310 4638 τὸ
3355 4587 3575 4656 Πάσχα

2004 4659 2180 4713 τοῦτο
2198 4660 2410 4728 φαγεῖν
2431 4663 2560 4730 μεθ’
2586 4662 2769 4732 ὑμῶν.
2791 4665 2950 4728 Τίνος
2963 4662 3056 4719 οὖν
3082 4667 3268 4720 ἕνεκεν
3291 4669 3352 4721 τὸ
3379 4671 3572 4741 Πάσχα

2003 4742 2173 4826 τοῦτό
2205 4761 2372 4813 φησι;
2414 4745 2590 4798 καίτοι
2629 4747 2724 4800 καὶ
2775 4747 2964 4802 ἄλλοτε
3010 4744 3124 4820 τῆν’
3150 4751 3343 4823 ἑορτὴν
3368 4754 3578 4826 ταύτην

2003 4824 2286 4877 ἐπετέλεσε
2339 4828 2457 4896 μετ’
2493 4829 2700 4881 αὐτῶν·
2745 4831 2891 4894 τίνος
2941 4827 3033 4886 οὖν
3079 4832 3292 4899 ἐνεκεν;
3354 4824 3574 4910 Ἐπειδὴ

2005 4905 2124 4975 μετ’
2154 4906 2287 4959 αὐτὸ
2307 4909 2335 4960 6
2363 4909 2595 4980 σταυρὸς
2615 4907 2702 4981 ἦν.
2730 4913 2840 4966 Kal
2863 4914 3046 4976 πάλιν,
3078 4914 3286 4982 Πάτερ,
3309 4905 3566 4982 δόξασόκ

2002 5003 2119 5041 σου
2151 4988 2256 5041 τὸν
2291 4991 2451 5058 Υίὸν,
2468 4993 2569 5048 ἵνα
2596 4995 2692 5047 καί
2722 4998 2754 5049 ό
2792 4997 2924 5062 Υἱός
2947 5012 3066 5050 σου
3087 4998 3324 5068 δοξάσῃ
3349 5015 3442 5054 σε.
3465 5005 3572 5056 Καὶ

2065 5189 2090 5228 ἃ
2116 5190 2227 5259 Mss.
2250 5191 2472 5259 (ξι-ξενίῃ
2495 5194 2661 5259 ,τοίνυν
2678 5196 2783 5257 περὶ
2801 5193 2886 5243 τοῦ
2918 5194 3124 5259 σταυροῦ
3147 5199 3268 5259 λέγω
3291 5199 3448 5259 λόγον,
3494 5199 3577 5248 alii

2000 5253 2080 5299 τὸν
2101 5254 2206 5314 περί
2232 5253 2286 5299 οὖ
2310 5254 2431 5314 λέγω
2454 5255 2607 5314 λόγον.

2069 5324 2092 5351 e
2115 5314 2199 5422 ἓὶο
2219 5314 2480 5362 evidenter
2521 5315 2887 5374 rescribendum
2911 5316 3018 5376 fuiz,
3043 5330 3131 5379 pro
3157 5319 3292 5367 edito
3317 5322 3576 5380 γενησόμε-

2069 5395 2092 5422 ι.
2157 5388 2248 5421 οιτ.

1999 5391 2092 5424 νον.
2115 5388 2248 5422 ινιτ.

2067 5435 2087 5474 ί
2124 5437 2330 5502 _P|urimj
2369 5449 2481 5502 nisi.
2508 5439 2578 5502 sic
2599 5437 2781 5486 habent
2831 5437 3104 5498 Ἰσυδαίκὸς,
3145 5441 3220 5488 διὰ
3253 5438 3396 5488 τοῦτο
3421 5442 3578 5502 φησὶν,

1999 5499 2072 5546 ὅτι
2093 5497 2230 5551 οὗτος
2249 5495 2334 5544 τοῦ
2361 5495 2485 5544 Θεοῦ
2507 5499 2653 5546 ἐστιν.

2066 5561 2090 5598 8
2111 5558 2193 5666 Sic
2218 5558 2390 5665 ἥξοι-ει.
2418 5564 2469 5606 el
2485 5557 2658 5617 Savil.,
2683 5561 2774 5609 sed
2795 5560 2846 5608 in
2867 5573 2980 5608 mss.
3007 5572 3135 5621 pene
3157 5560 3385 5610 omnibus
3405 5565 3577 5626 ἡμετέ-

2066 5638 2086 5666 ν
2146 5632 2232 5665 ees
2263 5654 2272 5662 .

2003 5637 2086 5683 ραν
2111 5625 2272 5683 (190-8!-

2069 5682 2097 5718 h
2122 5678 2201 5730 Sic
2227 5679 2377 5730 Savil.
2401 5683 2582 5730 rectius
2605 5694 2749 5743 quam
2774 5680 2937 5732 Μοιιιῐ.
2965 5683 3059 5729 τῶν
3076 5682 3272 5733 δούλων.
3302 5685 3433 5735 Enn.
