3854 6222
377 229 482 278 163i

379 339 620 408 cturifiret
639 349 685 391 te
715 336 889 408 (Joun.
919 339 1004 392 Π.
1039 339 1089 408 1)
1118 355 1130 390 :
1163 353 1224 390 ac
1251 339 1428 392 multis
1452 338 1503 391 itt
1531 338 1661 392 locis
1685 354 1807 392 eum
1833 353 1953 407 pas-

380 443 584 480 sionem
615 427 959 495 praedixisse,
989 435 1171 496 atque,
1201 437 1258 492 ut
1285 428 1538 491 eveniret,
1571 439 1786 496 optasse
1811 442 1962 480 cont-

383 520 651 586 perimus.
693 519 913 588 ejusque
943 519 1019 572 rei
1062 533 1218 572 causa
1255 519 1496 582 venisse;
1525 518 1792 588 quomodo
1833 533 1960 587 ergo

385 610 467 662 hic
528 611 687 673 dicit,
740 609 801 664 Si
841 610 1073 678 possibile
1110 613 1232 664 est?
1288 610 1705 666 Imbecillitatem
1761 620 1961 664 natura:

381 703 616 755 ostendit
659 702 934 768 humanae,
981 719 1098 772 qua:
1140 714 1425 773 utcumque
1467 705 1623 757 avelli
1653 720 1682 757 a
1711 705 1959 772 pra'senti

377 791 492 843 vita
519 790 760 854 nolebat;
789 791 880 845 sed
909 792 1188 846 recusabat
1207 802 1260 846 et
1283 793 1726 862 tergiverSahatur
1748 803 1962 862 propter

385 882 599 934 insitum
628 881 699 934 illi
724 898 752 934 a
781 882 890 936 Deo
909 883 1017 951 jam
1040 898 1069 935 a
1094 883 1350 951 principio
1374 884 1648 950 prmsentis
1670 884 1788 935 vita:
1814 898 1961 935 amo-

385 988 497 1024 rem
528 969 625 1043 (a).
656 971 711 1026 Si
739 972 879 1026 enim
909 983 1185 1042 p05tquatn
1214 973 1325 1040 ipse
1352 979 1430 1026 tot
1456 980 1704 1042 lautaque
1731 972 1956 1036 dixerit,

382 1077 598 1117 carnem
627 1063 771 1116 illum
802 1079 905 1116 non
923 1064 1273 1132 assumpsisse
1299 1063 1413 1116 ausi
1437 1063 1784 1132 suutqnidam
1813 1079 1957 1116 asse-

385 1168 539 1206 rere:
573 1154 615 1205 si
648 1153 778 1206 nihil
811 1155 996 1206 horum
1024 1154 1218 1206 dictum
1245 1151 1429 1208 fuisset
1450 1195 1465 1218 ,
1509 1154 1632 1222 quid
1660 1171 1761 1208 non
1793 1154 1960 1208 dixis-

383 1246 540 1298 sent?
569 1244 768 1298 Idcirco
797 1247 1030 1314 pta-dicit
1054 1245 1264 1314 quidem
1295 1247 1399 1300 illic
1421 1257 1477 1300 ut
1507 1247 1670 1308 Deus,
1721 1255 1773 1300 et
1797 1247 1958 1300 adve-

384 1336 500 1389 nire
529 1337 826 1405 passionem
857 1346 1079 1405 exoptat
1105 1355 1118 1389 :
1153 1335 1344 1406 refugit
1370 1347 1544 1392 autem
1579 1337 1664 1390 hic
1692 1348 1742 1390 et
1769 1337 1958 1405 depre-

383 1439 564 1491 catur,
617 1438 674 1480 ut
726 1427 931 1481 homo:
978 1427 1120 1481 ultro
1163 1428 1304 1482 enim
1355 1429 1503 1482 illum
1544 1428 1611 1482 ad
1660 1429 1958 1496 passionem

386 1517 598 1570 venisse
627 1516 782 1570 docet
818 1517 981 1584 illud,
1022 1516 1163 1586 quod
1198 1519 1304 1583 ait,
1348 1516 1653 1572 Potestatem
1690 1519 1846 1571 habeo
1873 1537 1960 1586 po-

384 1609 538 1659 nendi
563 1609 784 1660 animant
809 1625 989 1672 meam,
1022 1619 1068 1662 et
1087 1619 1379 1680 potestatem
1399 1610 1554 1662 habeo
1579 1611 1810 1662 sumendi
1830 1627 1958 1662 (iam.

386 1697 552 1751 Nemo
578 1698 707 1751 tollit
751 1717 860 1752 eum
889 1717 921 1753 a
946 1716 1026 1755 me
1049 1717 1069 1754 :
1093 1717 1183 1771 ego
1208 1717 1340 1770 pono
1367 1717 1478 1753 eam
1524 1717 1556 1752 a
1607 1702 1796 1767 meipso
1837 1700 1955 1770 (Id.

386 1789 474 1841 10.
501 1790 607 1858 18).
639 1789 917 1855 Quomodo
943 1806 1070 1860 ergo
1095 1791 1258 1856 dicit,
1292 1789 1411 1843 Non
1440 1791 1569 1844 sicut
1595 1807 1684 1862 ego
1711 1792 1843 1857 volo,
1872 1792 1959 1845 sed

383 1881 512 1932 sicut
538 1881 632 1934 tu?
659 1881 793 1948 Quid
817 1896 942 1936 vero
968 1882 1201 1946 miraris,
1229 1882 1270 1935 si
1292 1890 1414 1936 ante
1438 1882 1735 1949 passionem
1760 1891 1959 1936 tantum

384 1971 632 2025 adhibeat
668 1973 862 2037 studii,
897 1983 952 2026 ut
979 1973 1252 2026 veritatem
1293 1973 1468 2026 carnis
1497 1972 1808 2038 conﬁrmet,
1839 1988 1960 2027 cum

384 2071 441 2116 et
485 2073 603 2131 post
639 2065 1084 2119 resurrectionem
1115 2064 1430 2133 discipulum
1459 2080 1683 2118 cernens
1712 2066 1960 2120 incredu-

387 2153 529 2215 lum,
557 2163 613 2210 et
647 2155 866 2208 vulnera
911 2155 1008 2223 ipsi
1047 2163 1100 2207 et
1134 2157 1403 2209 clavorum
1447 2156 1641 2210 tixuras
1679 2156 1961 2211 ostendere

385 2261 492 2300 non
523 2247 778 2301 recusarit
797 2287 813 2312 ,
846 2255 899 2301 et
929 2263 1113 2300 manus
1139 2247 1404 2302 contactui
1449 2247 1708 2317 subjicere
1751 2248 1958 2302 cicatri~

386 2351 476 2388 ccs
495 2377 508 2398 ,
539 2351 602 2390 ac
626 2336 830 2400 dicere,
867 2337 1107 2389 Scrutare
1130 2347 1175 2389 et
1202 2338 1340 2400 ride,
1373 2339 1488 2408 quia
1517 2339 1722 2408 spiritus
1761 2355 1960 2392 carnem

385 2437 432 2476 et
458 2442 572 2478 ossa
598 2442 698 2479 non
723 2425 866 2479 habet
895 2426 1042 2496 (Luc.
1070 2427 1160 2480 9.4.
1191 2427 1323 2497 59)?
1352 2429 1551 2482 Idcirco
1580 2442 1676 2481 nec
1703 2443 1730 2481 a
1761 2429 1960 2498 princi-

387 2519 474 2587 pio
498 2517 742 2586 perfectae
769 2521 942 2572 aetatis
969 2519 1234 2574 hominem
1265 2521 1519 2588 suscepit,
1551 2521 1644 2573 sed
1671 2531 1725 2573 et
1752 2521 1957 2588 concipi

382 2618 438 2661 et
469 2610 632 2671 nasci,
662 2619 715 2664 et
745 2611 879 2664 lacte
904 2611 1089 2664 nutriri
1120 2611 1369 2664 sustinuit
1389 2628 1448 2664 ac
1478 2621 1621 2664 tanto
1648 2621 1884 2680 tempore
1908 2615 1957 2666 in

383 2710 526 2754 terra
556 2703 792 2768 versari,
835 2711 891 2756 ut
919 2702 1020 2757 hoc
1050 2703 1220 2772 ipsum
1253 2714 1306 2757 et
1333 2703 1584 2772 temporis
1613 2703 1960 2760 diuturnitate

382 2805 434 2845 et
462 2793 578 2846 aliis
603 2793 849 2847 omnibus
875 2795 1228 2848 confirmaret.
1267 2793 1396 2847 Nam
1428 2794 1677 2863 quoniam
1708 2811 1956 2863 smpenu-

384 2899 532 2936 luero
554 2883 611 2967 in
637 2884 795 2937 terris
815 2885 986 2954 angeli
1017 2886 1067 2938 in
1091 2887 1254 2939 forma
1283 2885 1553 2938 hominum
1577 2896 1953 2954 apparuerunt,

381 2976 702 3043 atqueadeo
731 2976 842 3045 ipse
887 2978 1058 3041 Deus;
1091 2977 1231 3046 quod
1272 2987 1446 3032 autem
1489 2978 1808 3046 apparebat,
1851 2994 1956 3032 non

380 3067 561 3120 carnis
585 3067 784 3121 veritas
808 3077 955 3134 erat,
987 3069 1078 3122 sed
1107 3069 1510 3137 attemperatio;
1543 3085 1608 3124 ne
1636 3071 1768 3124 forte
1797 3071 1954 3125 talem

381 3157 522 3210 Imuc
563 3173 682 3212 csse
711 3159 996 3212 adventum
1029 3159 1334 3223 arbitreris,
1366 3161 1552 3228 quales
1581 3160 1656 3213 illi
1702 3159 1952 3226 fuerunt,

381 3247 475 3300 scd
505 3263 680 3302 veram
709 3263 826 3303 esse
849 3265 1062 3304 carnem
1092 3251 1183 3304 tibi
1209 3251 1338 3305 lides
1367 3253 1476 3313 fiat,
1505 3259 1557 3305 et
1587 3263 1873 3320 conceptus
1903 3263 1957 3306 et

382 3347 538 3392 natus
573 3348 626 3392 et
653 3339 940 3405 educatus,
989 3351 1145 3410 atque
1187 3341 1238 3395 in
1280 3344 1538 3411 przcsepio
1582 3345 1783 3412 positus
1823 3345 1951 3410 fuit,

381 3445 488 3481 non
519 3430 568 3482 in
605 3430 849 3483 cubiculo
878 3431 1107 3499 quodam
1139 3433 1231 3486 ενι]
1262 3435 1312 3488 in
1339 3435 1639 3489 diversorio
1668 3451 1845 3490 coram
1876 3439 1954 3490 iu-

381 3535 600 3573 nnmera
633 3521 998 3586 multitudine,
1027 3532 1085 3576 ut
1127 3524 1286 3594 vulgo
1327 3525 1442 3595 ejus
1467 3527 1712 3582 uativitas
1748 3529 1957 3583 innote-

380 3618 572 3662 scerct.
605 3609 804 3664 Idcirco
829 3621 880 3665 et
912 3611 1120 3679 fasciaa,
1165 3625 1219 3668 et
1261 3616 1556 3685 prOphctize
1593 3620 1954 3687 superioribus

382 3700 606 3768 idipsum
646 3702 856 3757 seculis
886 3705 1238 3772 prmdixeruut
1261 3748 1275 3771 ,
1307 3723 1410 3760 non
1453 3709 1718 3763 hominem
1753 3721 1952 3766 tmtum

380 3792 527 3844 illum
557 3792 788 3848 futurum
811 3836 824 3856 ,
854 3796 946 3850 sed
977 3796 1091 3852 fore
1118 3806 1170 3850 ut
1199 3800 1584 3868 conciperetur,
1617 3815 1949 3869 nasceretur,

381 3893 430 3935 et
456 3900 738 3950 puerorum
764 3903 909 3940 more
928 3888 1238 3942 nutriretur.
1261 3889 1330 3943 Et
1354 3890 1454 3945 hoc
1477 3903 1554 3944 cst
1577 3893 1714 3960 quod
1738 3893 1953 3949 IIesaias

379 3973 574 4026 clamat
609 3974 790 4029 dicens
818 3995 831 4030 :
864 3976 990 4030 Ecce
1017 3979 1154 4048 virgo
1187 3980 1242 4033 in
1278 3990 1416 4034 utero
1446 3981 1674 4047 habebit,
1705 3995 1751 4036 et
1795 3986 1954 4052 pariet

383 4064 608 4132 Filium,
649 4078 694 4120 et
726 4071 965 4122 rocubtmt
995 4087 1172 4123 nomen
1199 4073 1306 4142 ejus
1347 4071 1665 4126 Emmanuel.
1705 4073 1955 4145 Butyruut

379 4168 426 4209 et
453 4159 552 4210 mel
579 4160 798 4213 comedet
841 4161 1043 4229 (Ilesai.
1079 4164 1131 4216 7.
1165 4164 1257 4232 14)
1291 4180 1305 4216 :
1350 4173 1405 4218 et
1440 4180 1654 4225 rursus.
1704 4165 1954 4222 Parvulas

375 4259 526 4300 muns
555 4260 626 4301 est
672 4252 831 4314 nobis,
867 4262 912 4303 et
944 4251 1108 4305 Filius
1136 4253 1284 4306 datus
1323 4265 1395 4306 est
1449 4255 1590 4308 nobis
1638 4255 1746 4323 (Id.
1777 4259 1830 4310 9.
1872 4257 1948 4327 6).

387 4336 542 4390 Vides
570 4348 622 4390 ut
667 4340 893 4406 priori-ut
922 4341 1078 4394 etiam
1111 4341 1252 4394 illius
1277 4352 1487 4398 aetatem
1515 4348 1954 4413 przcnuntiarint?

381 4429 648 4499 Interroga
676 4447 802 4500 ergo
834 4431 1171 4498 hmreticum,
1207 4435 1346 4488 Deus
1379 4435 1694 4490 formidatae
1718 4453 1780 4492 ac
1801 4455 1953 4493 recu-

380 4528 461 4573 sat
481 4531 537 4573 et
559 4531 856 4586 cunctatur,
888 4531 943 4577 et
966 4523 1174 4578 tristitia
1196 4523 1461 4579 afficitur?
1489 4527 1640 4594 Quod
1666 4529 1709 4581 si
1737 4529 1948 4590 dixerit,

380 4616 570 4676 etiam,
610 4611 863 4682 deinceps
906 4615 1131 4677 recede,
1176 4626 1230 4670 et
1265 4626 1439 4672 statue
1469 4619 1616 4672 illum
1658 4620 1792 4674 infra
1831 4636 1950 4676 cum

378 4699 593 4756 diabolo
612 4743 626 4766 ,
658 4703 740 4758 vel
773 4705 948 4772 potius
974 4720 1038 4758 eo
1067 4706 1284 4760 inferius
1310 4725 1323 4760 :
1353 4723 1525 4778 neque
1554 4711 1695 4764 enim
1739 4711 1826 4765 ille
1850 4710 1952 4766 hoc

379 4792 556 4847 dicere
584 4793 798 4849 audebit
822 4813 835 4848 :
867 4797 948 4850 sin
975 4807 1152 4852 autem
1179 4799 1404 4865 dixerit,
1446 4799 1577 4855 nihil
1616 4801 1805 4859 horum
1833 4819 1951 4859 esse

381 4883 490 4937 Deo
516 4883 730 4954 dignum
750 4925 768 4952 ,
811 4886 925 4952 dic,
967 4903 1093 4956 ergo
1120 4904 1220 4944 nec
1256 4901 1374 4944 orat
1403 4891 1543 4946 Deus
1568 4911 1581 4946 :
1610 4893 1808 4964 absque
1839 4895 1952 4948 istis

380 4974 522 5026 enim
569 4984 624 5029 et
669 4976 810 5031 aliud
861 4979 1148 5032 absurdum
1196 4981 1336 5048 erit,
1391 4983 1436 5036 si
1491 4982 1604 5038 hazc
1655 4983 1748 5040 Dei
1791 4987 1949 5039 verba

383 5062 597 5118 l'ueriut.

453 5151 584 5207 Duo:
611 5155 884 5211 voluntates
904 5158 956 5212 in
977 5157 1195 5213 Christo.
1219 5189 1290 5200 -—-
1312 5159 1493 5230 Neque
1517 5163 1657 5217 enim
1684 5165 1841 5218 animi
1864 5180 1952 5220 so-

381 5245 489 5299 lum
524 5249 887 5302 aestuationem
932 5249 1046 5304 hate
1087 5252 1247 5306 verba
1289 5253 1622 5322 significant,
1667 5255 1760 5309 Sed
1789 5257 1948 5310 etiam

379 5335 512 5388 duas
540 5335 868 5401 voluntates,
913 5355 1072 5392 uuam
1112 5341 1325 5409 quidem
1371 5342 1521 5406 Filii,
1565 5343 1784 5398 alteram
1823 5359 1952 5399 vero

380 5425 554 5480 Patris
575 5423 714 5481 inter
738 5443 797 5482 se
819 5432 1112 5484 contrarias
1135 5449 1148 5483 :
1179 5447 1298 5484 nam
1323 5432 1464 5500 quod
1491 5433 1622 5488 dixit
1645 5452 1660 5488 :
1687 5433 1807 5489 Non
1825 5437 1952 5491 sicut

380 5533 472 5584 ego
499 5524 640 5582 voto,
671 5518 763 5571 sed
782 5519 909 5573 sicut
934 5531 988 5574 tu
1021 5519 1242 5590 (Matth.
1267 5521 1358 5577 26.
1385 5522 1454 5578 39
1471 5523 1514 5595 ),
1543 5524 1642 5580 hoc
1668 5501 1950 5583 indicantis

443 5634 514 5694 (a)
548 5633 899 5697 theodoretus,
921 5633 1113 5700 Dialogo
1126 5634 1174 5697 3,
1191 5633 1318 5686 hunc
1332 5634 1487 5694 loctuu
1497 5637 1627 5687 citat.

1146 223 1234 279 DE
1275 222 1918 302 CONSUBSTANTIALI,
1961 220 2236 277 CONTRA
2279 213 2655 278 ANOMOEOS.
2699 217 2809 274 VII.

3537 211 3641 268 766

2072 345 2175 391 est.
2207 330 2363 407 Atqui
2393 353 2459 392 ne
2502 335 2604 390 hoc
2629 335 2840 404 quidem
2883 346 3129 402 umquam
3176 329 3251 384 illi
3275 325 3602 382 admiserunt
3622 369 3634 390 ,

2069 429 2161 485 sed
2189 429 2342 484 nobis
2371 444 2580 498 semper
2603 427 2896 481 dicentibus
2926 423 3073 489 illud,
3104 423 3212 492 Ego
3233 431 3280 475 et
3309 421 3465 474 Pater
3483 437 3640 472 unum

2067 539 2242 576 sumus
2264 521 2444 589 (Joan.
2482 520 2570 574 10.
2601 517 2716 582 30),
2751 519 2801 570 in
2832 516 3138 584 majestate,
3173 513 3245 566 illi
3277 513 3331 564 in
3370 511 3641 563 voluntate

2067 613 2264 666 dietqu
2307 626 2424 665 csse
2455 611 2699 678 inquiunt
2719 649 2732 671 ,
2761 608 2999 661 dicentes
3039 605 3209 659 Patris
3238 612 3291 657 ι·ι
3333 602 3452 656 Filii
3483 618 3637 652 unam

2067 719 2186 757 esse
2211 702 2554 756 voluntatem.
2577 700 2631 754 Si
2656 714 2780 768 ergo
2808 697 2976 751 I’atris
3001 705 3053 749 ct
3076 695 3194 749 Filii
3222 709 3322 748 una
3349 700 3432 747 est
3457 691 3642 744 volun-

2069 805 2180 856 tas,
2224 792 2492 862 qnomodo
2532 791 2614 843 hic
2651 789 2810 849 dicit,
2865 787 3208 840 Verumtamen
3248 800 3346 836 non
3389 782 3514 835 sicut
3552 796 3642 847 ego

2065 886 2177 938 volo
2199 925 2214 949 ,
2245 885 2332 937 sed
2371 883 2498 936 sicut
2529 882 2622 934 tu?
2663 879 2792 934 Nam
2834 879 2876 930 si
2923 879 2973 930 in
3004 876 3276 930 divinitate
3301 873 3511 941 quidem
3543 870 3640 929 sit,

2065 976 2204 1047 quod
2232 976 2428 1029 dictum
2473 983 2586 1038 est,
2633 970 2867 1025 exoritur
2894 967 3136 1038 quaedam
3179 961 3556 1021 contradictio,
3588 969 3643 1012 et

2067 1066 2229 1119 multa
2259 1080 2321 1119 ex
2349 1081 2413 1116 co
2442 1060 2667 1115 absurda
2704 1067 2994 1113 nascuntur
3017 1073 3030 1109 :
3058 1055 3138 1110 sin
3165 1061 3341 1107 autem
3368 1051 3420 1105 in
3447 1065 3605 1102 carne
3627 1089 3641 1109 ,

2067 1155 2255 1210 rationi
2281 1162 2636 1207 consentanea
2656 1158 2798 1210 sunt,
2825 1162 2996 1215 neque
3020 1142 3333 1214 reprehendi
3355 1139 3638 1210 quidquam

2069 1248 2260 1317 poterit
2287 1263 2300 1299 :
2333 1261 2436 1298 tton
2476 1244 2616 1298 enim
2648 1255 2862 1295 carnem
2894 1237 3033 1292 nolle
3075 1235 3246 1299 mori,
3279 1229 3515 1286 damnari
3549 1244 3642 1296 po-

2070 1348 2200 1401 test,
2244 1352 2364 1391 cutn
2396 1336 2498 1388 hoc
2525 1335 2595 1388 sit
2622 1341 2856 1395 natura};
2899 1331 3012 1398 ipse
3046 1337 3221 1381 autem
3243 1367 3257 1388 ,
3289 1339 3406 1394 quae
3447 1330 3644 1375 natura:

2067 1439 2219 1490 sunt,
2253 1427 2429 1480 omnia
2460 1431 2653 1493 prazter
2679 1431 2948 1491 peccatum
2979 1416 3343 1486 copiosissime
3368 1411 3642 1472 ostendat,

2066 1530 2121 1574 ut
2161 1535 2252 1574 ora
2285 1517 2651 1572 haereticorum
2696 1514 2926 1567 obturet.
2960 1509 3182 1577 Quando
3212 1522 3336 1571 ergo
3375 1504 3534 1563 dicit,
3582 1501 3642 1556 Si

2067 1610 2299 1682 possibile
2321 1617 2420 1671 est,
2448 1613 2667 1660 transeat
2694 1622 2726 1656 a
2751 1620 2829 1656 me
2852 1602 2986 1654 calta:
3009 1601 3120 1663 iste,
3148 1607 3220 1661 et,
3257 1595 3374 1649 Non
3400 1597 3526 1648 sicut
3553 1609 3644 1662 ego

2066 1703 2198 1768 volo,
2241 1701 2330 1756 sed
2371 1700 2500 1753 sicut
2541 1708 2596 1751 tu
2639 1695 2859 1767 (Matth.
2884 1693 2975 1747 26.
3003 1691 3128 1760 '59),
3175 1688 3303 1742 nihil
3355 1685 3498 1741 aliud
3539 1701 3645 1755 pra:

2066 1810 2124 1848 se
2151 1793 2283 1856 fert,
2331 1791 2431 1845 nisi
2468 1805 2526 1844 se
2559 1802 2686 1843 vere
2727 1800 2886 1841 carne
2924 1780 3306 1838 circumdatum
3344 1792 3493 1841 esse,
3527 1792 3645 1846 qua:

2068 1893 2292 1938 mortem
2319 1879 2664 1936 reformidet:
2696 1877 2836 1931 illius
2873 1875 3014 1930 enim
3053 1880 3134 1926 est
3164 1879 3389 1926 mortem
3421 1870 3609 1922 timere
3629 1907 3644 1928 ,

2067 1984 2120 2030 et
2141 1987 2386 2028 recusare
2410 1979 2464 2026 et
2491 1983 2724 2024 maerore
2749 1966 2906 2021 afﬁci.
2938 1963 3265 2032 Quandoque
3293 1961 3453 2030 igitur
3480 1958 3647 2012 desti-

2067 2074 2230 2119 tutam
2261 2064 2403 2117 illam
2430 2069 2486 2116 et
2527 2059 2775 2114 nudatam
2818 2055 3027 2126 propria
3068 2051 3378 2123 operatione
3417 2048 3646 2102 derelin-

2066 2156 2212 2226 quit,
2241 2163 2300 2208 ut
2339 2168 2458 2206 cum
2489 2150 2602 2220 ejus
2630 2147 2986 2203 inﬁrmitatem
3017 2141 3338 2205 ostenderit,
3366 2138 3482 2208 ejus
3509 2152 3646 2206 quo-

2066 2263 2168 2318 que
2209 2255 2409 2315 natura:
2441 2245 2596 2298 ﬁdem
2638 2240 2796 2295 faciat
2832 2256 2845 2292 :
2889 2235 3203 2307 quandoque
3239 2247 3366 2287 vero
3402 2229 3642 2285 eamdem

2064 2341 2231 2405 celat,
2266 2348 2322 2393 ut
2347 2336 2546 2391 nudum
2573 2333 2840 2388 hominem
2869 2344 2976 2383 non
3003 2327 3165 2382 fuisse
3203 2323 3482 2391 intelligas.
3513 2320 3645 2375 Nam

2064 2427 2510 2496 quemadmodum
2559 2424 2603 2478 si
2653 2436 2865 2492 semper
2915 2421 3141 2472 humana
3177 2415 3642 2470 demonstrasset.

2065 2523 2165 2575 hoc
2192 2522 2370 2588 utique
2398 2516 2654 2571 creditum
2695 2512 2882 2566 fuisset
2918 2527 2931 2563 :
2965 2511 3034 2562 ita
3075 2508 3118 2560 si
3163 2519 3374 2572 semper
3402 2518 3519 2571 qme
3553 2502 3642 2555 Dei

2064 2624 2186 2667 sunt
2211 2609 2552 2678 perfecisset,
2581 2601 2993 2673 dispensationis
3020 2596 3212 2652 rationi
3253 2593 3382 2647 ﬁdes
3409 2590 3642 2646 adhibita

2064 2718 2170 2756 non
2193 2700 2397 2754 fuisset.
2426 2698 2709 2766 Propterea
2730 2692 2901 2746 variat
2920 2700 2968 2745 et
2993 2687 3321 2742 intermiscet
3340 2699 3460 2738 cum
3485 2682 3641 2735 verba

2065 2802 2174 2845 tum
2201 2790 2458 2850 actiones,
2489 2795 2546 2840 ut
2575 2799 2744 2853 neque
2773 2782 2918 2836 Pauli
2946 2777 3239 2834 Samosatei
3261 2816 3276 2839 ,
3310 2789 3481 2842 neque
3502 2773 3643 2825 Mar-

2061 2883 2230 2938 cionis
2253 2891 2306 2936 et
2329 2878 2599 2934 Manichzni
2630 2876 2817 2930 morbo
2847 2887 2909 2928 ac
2937 2871 3100 2926 furori
3127 2868 3359 2938 pmbeat
3398 2866 3638 2920 occasio-

2062 2991 2182 3030 nem
2209 2992 2222 3028 :
2257 2973 2376 3027 ideo
2401 2979 2456 3025 et
2488 2968 2630 3039 quod
2659 2967 2893 3020 futurum
2924 2973 3003 3018 est
3031 2960 3270 3032 prtedicit
3298 2967 3357 3012 ut
3383 2958 3522 3012 Deus
3540 2997 3555 3021 ,
3587 2964 3641 3010 et

2061 3079 2244 3122 rursus
2271 3075 2327 3117 ιιι
2356 3063 2515 3116 homo
2541 3065 2768 3113 recusat.

2132 3183 2182 3235 7.
2217 3178 2513 3234 Exhortatio
2534 3175 2739 3230 moralis
2759 3173 2826 3225 ad
2849 3171 3146 3226 orationem.
3166 3195 3236 3206 —-
3259 3165 3459 3218 Vellem
3490 3162 3640 3230 equi-

2060 3272 2180 3327 dem
2211 3271 2439 3340 rcqunas
2466 3269 2622 3322 etiam
2650 3279 2838 3320 causas
2869 3275 3196 3332 percurrere,
3225 3267 3382 3326 atque
3409 3271 3477 3310 ex
3509 3251 3638 3323 ipsis

2060 3362 2352 3417 actionibus
2380 3359 2642 3421 indicare,
2680 3351 3124 3425 quemadmodum
3156 3350 3274 3414 hic,
3309 3349 3431 3401 dum
3464 3344 3640 3399 carnis

2061 3453 2419 3507 inﬁrmitatem
2468 3448 2808 3508 ostenderet,
2863 3445 2939 3498 sic
2984 3453 3039 3498 et
3082 3442 3206 3494 alibi
3257 3453 3441 3493 rursus
3490 3437 3633 3490 illum

2059 3560 2272 3610 orasse,
2304 3543 2429 3596 dum
2470 3540 2766 3599 auditorum
2809 3535 3169 3590 inﬁrmitatem
3195 3531 3502 3600 corrigeret.
3529 3526 3636 3580 Ne-

2058 3653 2161 3707 que
2186 3636 2324 3690 cuim
2353 3644 2559 3698 cuncta,
2589 3647 2705 3700 qum
2735 3628 3003 3682 humiliter
3030 3626 3166 3680 dicta
3197 3631 3338 3685 sunt,
3369 3621 3438 3676 ob
3462 3619 3636 3674 carnis

2060 3729 2308 3780 amictum
2353 3726 2524 3777 solum
2570 3737 2689 3776 esse
2727 3721 2867 3774 dicta
2909 3715 3232 3771 censendum
3275 3723 3390 3775 est,
3431 3710 3524 3765 sed
3566 3709 3636 3761 ob

2058 3818 2188 3871 alias
2217 3816 2373 3869 etiam
2404 3827 2534 3883 quas
2562 3811 2744 3874 attuli,
2786 3824 3010 3863 causas:
3041 3815 3402 3860 verumtamen
3437 3817 3504 3855 ne
3533 3815 3628 3855 eo-

2058 3924 2212 3973 rum,
2260 3921 2377 3975 quze
2417 3905 2556 3958 dicta
2584 3902 2810 3963 fuerint,
2853 3897 3130 3953 n‘mltitudo
3155 3910 3373 3956 eorum,
3412 3909 3528 3960 qua:
3552 3892 3636 3944 di-

2057 3998 2222 4054 cenda
2252 4006 2407 4060 sunt,
2435 3994 2639 4063 copiam
2669 3992 2874 4053 obruat,
2919 3989 3004 4042 hic
3029 3988 3188 4041 ﬁnem
3217 3984 3412 4038 faciens
3437 3981 3629 4035 adver-

2057 4105 2149 4145 sus
2171 4104 2265 4144 eos
2290 4086 2526 4149 dicendi,
2554 4094 2606 4139 et
2631 4081 2849 4152 reliquis
2886 4081 2940 4135 in
2965 4079 3126 4132 alium
3153 4076 3294 4130 diem
3330 4073 3537 4142 rejectis
3561 4070 3630 4124 ad

2057 4180 2310 4234 orationis
2340 4192 2518 4231 rursus
2546 4173 2966 4228 cohortationem
3005 4183 3090 4223 me
3122 4174 3452 4221 convertant.
3480 4161 3629 4216 Licet

2057 4271 2197 4325 enim
2226 4269 2292 4323 de
2321 4268 2421 4322 hoc
2443 4272 2753 4334 argumento
2773 4276 2915 4330 sape
2941 4259 3097 4314 verba
3124 4257 3423 4316 fecerimus,
3454 4264 3626 4308 tamen

2058 4378 2234 4432 operm
2259 4361 2482 4430 pretium
2510 4356 2697 4422 fuerit,
2725 4363 2783 4409 ut
2815 4367 2955 4406 nunc
2980 4352 3138 4406 etiam
3167 4349 3235 4403 de
3261 4363 3328 4402 eo
3351 4347 3583 4400 dicamus
3611 4363 3624 4398 :

2059 4471 2178 4509 nam
2207 4463 2261 4508 et
2281 4467 2461 4506 earmn
2490 4449 2715 4504 vestium
2753 4461 2870 4516 qua:
2894 4443 3058 4498 semel
3087 4443 3262 4496 tincta:
3290 4440 3512 4502 fuerint,
3547 4437 3631 4491 fa-

2057 4545 2157 4600 cile
2183 4545 2328 4599 coIor
2352 4541 2620 4596 evanescit
2648 4556 2661 4593 :
2693 4551 2824 4607 quas
2850 4551 2977 4589 vero
3004 4533 3268 4586 multotics
3297 4540 3347 4584 et
3377 4530 3624 4599 frequen-

2058 4645 2138 4688 ter
2167 4635 2442 4687 immersas
2469 4630 2748 4684 eduxerint
2771 4625 3078 4686 infectores,
3120 4637 3196 4676 ea).
3225 4619 3408 4674 ﬂorem
3436 4619 3630 4674 coloris

2059 4723 2434 4778 immutabilem
2476 4729 2722 4782 servant;
2772 4717 2874 4770 hoc
2915 4724 2964 4768 et
3015 4716 3066 4767 itt
3115 4711 3392 4766 animabus
3432 4710 3627 4764 nostris

2055 4814 2338 4882 contingit;
2384 4812 2429 4865 si
2471 4809 2682 4879 quando
2723 4808 2863 4864 enim
2904 4805 3089 4860 eadem
3122 4804 3278 4857 verba
3321 4801 3626 4870 frequenter

2055 4901 2397 4965 audierimus,
2430 4899 2578 4968 quasi
2608 4899 2886 4951 tineturant
2915 4893 3199 4965 quamdam
3224 4902 3495 4960 exceptam
3526 4892 3620 4944 do-

2054 4993 2278 5046 ctrinam
2306 5005 2408 5044 non
2437 4988 2589 5042 facile
2613 4986 2960 5056 deponemus.
2988 4983 3064 5038 Nc
3086 4983 3242 5052 igitur
3270 4981 3625 5051 perfunctorie

2054 5084 2329 5138 audiamus
2354 5100 2366 5134 :
2399 5096 2499 5134 non
2528 5080 2669 5134 enim
2695 5087 2794 5142 est,
2825 5093 2929 5131 non
2959 5085 3074 5140 est,
3107 5076 3318 5144 inquam
3341 5114 3354 5136 ,
3387 5071 3626 5126 oratione

2055 5177 2340 5246 quidquam
2371 5172 2666 5242 potentius,
2699 5178 2788 5222 aut
2816 5167 2958 5237 quod
2995 5167 3045 5221 ei
3073 5166 3236 5234 possit
3260 5162 3476 5230 aequari.
3509 5159 3622 5214 Non

2053 5268 2132 5320 sic
2163 5264 2386 5320 amictus
2414 5277 2642 5332 purpura
2672 5259 2979 5330 splendidus
3006 5265 3089 5313 est
3117 5257 3427 5324 imperator,
3455 5261 3513 5305 ut
3537 5252 3624 5320 qui

2054 5364 2205 5420 orat,
2252 5353 2513 5423 colloquio
2538 5367 2658 5406 cum
2689 5351 2801 5405 Deo
2829 5357 3132 5404 exornatus.
3181 5345 3250 5400 Ut
3288 5345 3431 5399 enim
3458 5344 3500 5396 si
3529 5343 3626 5396 ad-

2055 5454 2229 5500 stante
2253 5443 2523 5508 exercitu,
2563 5441 2816 5504 ducibus,
2862 5436 3286 5508 magistratibus,
3321 5433 3624 5490 consulibus

2056 5535 2271 5599 multis,
2318 5532 2577 5588 accedens
2617 5530 2736 5600 quis
2765 5528 3004 5598 privatim
3048 5541 3168 5581 cum
3213 5525 3535 5592 imperatore
3573 5522 3624 5578 in

2061 5629 2377 5701 colloquium
2403 5626 2598 5692 veniat,
2625 5635 2936 5680 cunctorum
2961 5621 3144 5676 oculos
3169 5618 3233 5673 ad
3255 5633 3313 5675 se
3340 5619 3621 5685 convertit,
