3838 6220
269 245 374 300 767

275 380 446 435 eaque
474 365 680 419 ratione
708 364 770 420 fit
807 364 1081 430 illustrior,
1127 365 1206 418 sic
1241 372 1294 418 et
1328 363 1601 418 orantibus
1638 361 1847 416 accidit.

268 455 452 524 Cogita
485 469 712 524 namque
746 463 997 523 quantum
1033 454 1162 508 illud
1203 455 1272 508 sit
1309 453 1542 507 futurum
1563 494 1578 519 ,
1610 463 1669 507 ut
1705 468 1845 522 pra:-

269 545 514 598 sentibus
537 545 737 614 angelis
755 585 769 608 ,
797 544 1124 597 adstantibus
1149 543 1502 612 archangelis,
1530 542 1808 610 Seraphim
1825 583 1840 607 ,

268 634 577 699 Cherubin),
597 637 907 703 casterisque
928 634 1208 688 virtutibus
1234 635 1500 699 omnibus,
1521 651 1656 688 unus
1686 634 1846 687 homo

269 727 433 778 multa
477 741 598 780 cum
644 725 832 780 fiducia
871 726 1036 795 possit
1073 724 1360 789 accedere,
1418 733 1472 779 et
1508 740 1628 778 cum
1675 725 1842 778 virtu-

271 823 386 867 tum
442 816 646 869 illarum
693 831 815 884 rege
863 815 1124 884 colloqui;
1166 830 1292 868 num
1329 814 1429 868 hoc
1459 814 1536 868 illi
1568 813 1851 883 cujuslibet

270 905 489 958 honoris
515 907 678 959 instar
702 905 841 959 erit?
868 905 1048 974 Neque
1068 920 1194 959 vero
1221 912 1422 958 tantum
1449 903 1726 966 honorem,
1749 903 1842 957 sed

270 997 549 1050 utilitatem
587 1013 799 1067 quoque
841 998 1124 1051 maximam
1173 1011 1454 1066 possumus
1497 1012 1564 1051 ex
1607 996 1846 1050 oratiOne

271 1086 594 1156 decerpere,
623 1088 706 1141 vel
737 1088 898 1142 etiam
925 1097 1204 1156 antequam
1234 1086 1286 1141 id
1314 1086 1454 1156 quod
1495 1087 1719 1156 petimus
1747 1087 1846 1140 ob—

272 1177 604 1232 tinuerimus.
643 1176 775 1230 Nam
806 1177 964 1230 simul
1009 1185 1169 1243 atque
1198 1191 1388 1230 manus
1425 1176 1479 1230 in
1508 1176 1702 1231 caelum
1731 1175 1849 1244 quis

268 1266 602 1332 extenderit,
651 1267 923 1335 Deumque
952 1266 1240 1330 invocarit,
1286 1264 1562 1320 confestim
1597 1281 1662 1320 ex
1690 1265 1847 1323 rebus

273 1357 503 1409 excessit
521 1355 787 1421 humanis,
815 1355 880 1409 ad
904 1354 1131 1410 futuram
1159 1356 1319 1409 vitam
1345 1364 1522 1410 mente
1543 1356 1847 1420 translatus,

273 1459 338 1498 ac
365 1443 615 1514 deinceps
643 1461 760 1514 quae
785 1456 907 1499 sunt
932 1447 981 1498 iu
1023 1446 1166 1500 czclis
1195 1447 1374 1500 animo
1400 1445 1662 1514 concipit;
1691 1445 1853 1500 nihil-

273 1549 379 1602 que
406 1549 527 1588 cum
564 1535 664 1588 hac
693 1535 796 1588 vita
825 1550 1105 1590 commune
1147 1545 1384 1604 tempore
1410 1535 1732 1605 precationis
1758 1535 1846 1588 ha:

277 1624 384 1691 bet,
415 1627 458 1679 si
482 1625 760 1696 diligenter
783 1637 1025 1696 precatus
1047 1628 1243 1682 fuerit:
1274 1628 1368 1683 sed
1397 1629 1520 1684 licet
1545 1627 1855 1683 effervescat

274 1713 542 1769 iracundia
565 1757 580 1782 ,
613 1715 764 1770 facile
790 1717 1004 1770 sedatur
1028 1735 1041 1771 :
1072 1717 1194 1771 licet
1218 1717 1480 1787 cupiditas
1505 1717 1816 1773 exardescat
1834 1757 1850 1783 ,

274 1804 662 1874 exstinguitur:
695 1807 820 1861 licet
847 1807 1042 1860 invidia
1074 1817 1348 1877 torqueat,
1381 1809 1542 1862 multa
1575 1825 1695 1862 cum
1724 1809 1850 1862 faci-

275 1897 420 1949 litate
449 1895 770 1966 depellitur:
803 1897 1047 1968 idemque
1073 1899 1365 1968 contingit,
1406 1901 1547 1970 quod
1576 1902 1854 1956 exoriente

272 1986 385 2040 sole
413 1987 670 2056 propheta
711 1989 840 2043 dicit
876 1991 1204 2060 contingere.
1238 1991 1373 2057 Quid
1419 1992 1545 2046 illud
1580 1994 1701 2048 est?
1741 1991 1853 2047 Po-

276 2078 425 2130 suisti
454 2080 676 2132 tenebras
696 2121 711 2144 ,
744 2090 790 2133 et
825 2080 960 2148 facta
987 2091 1058 2135 est
1083 2098 1186 2134 nox
1205 2099 1224 2136 :
1253 2083 1307 2135 in
1344 2083 1458 2150 ipsa
1486 2084 1856 2151 pertransibunt

276 2185 446 2222 omnes
467 2169 633 2223 bestiae
652 2171 807 2239 sylva:
827 2186 845 2224 :
869 2172 1024 2224 catuli
1047 2173 1246 2226 leonum
1266 2173 1533 2242 rugientes,
1557 2183 1609 2225 ut
1629 2173 1853 2242 rapiant,

273 2268 320 2310 et
345 2267 570 2323 quatrant
594 2274 625 2310 α
650 2257 761 2312 Deo
801 2275 966 2313 escam
991 2261 1107 2314 sibi.
1147 2261 1300 2314 Ortus
1331 2271 1404 2315 est
1429 2261 1505 2315 sol
1522 2302 1536 2326 ,
1569 2271 1613 2315 et
1642 2278 1854 2332 congre-

274 2348 380 2417 gati
407 2358 541 2412 sunt,
572 2357 616 2401 et
643 2351 694 2402 in
729 2350 972 2404 cubilibus
997 2352 1101 2406 suis
1128 2351 1505 2406 collocabantur
1532 2335 1703 2424 (Psa'l.
1729 2353 1853 2408 105.

277 2438 485 2512 20-22).
517 2439 584 2494 Ut
631 2441 788 2510 igitur
812 2442 972 2497 radiis
997 2443 1124 2497 solis
1145 2445 1503 2500 exorientibus
1524 2446 1646 2500 ferte
1667 2461 1855 2501 omnes

274 2526 539 2598 fugantur,
569 2540 622 2584 ct
652 2532 702 2584 iu
729 2547 821 2584 sua
846 2532 1012 2586 lustra
1041 2533 1359 2590 discedunt:
1392 2536 1460 2591 ita
1485 2538 1733 2591 nimirum
1766 2539 1854 2593 ubi

275 2628 543 2686 tamquam
572 2621 750 2676 radius
778 2623 991 2691 quidam
1017 2639 1082 2678 ex
1103 2640 1195 2680 ore
1221 2636 1404 2682 nostro
1429 2627 1709 2698 linguaque
1730 2644 1854 2683 ora-

269 2713 350 2767 tio
377 2728 496 2768 sese
536 2714 814 2780 effuderit,
862 2731 981 2770 cum
1013 2732 1164 2772 mens
1209 2719 1560 2786 illuminatur,
1605 2731 1713 2774 tum
1756 2736 1852 2775 ex—

280 2813 456 2872 pertes
485 2806 703 2860 rationis
735 2822 797 2860 ac
826 2806 1072 2861 belluinzn
1114 2809 1539 2878 perturbationes
1583 2811 1856 2881 aufugiuut

275 2902 335 2947 ct
360 2894 659 2964 abiguntur,
681 2905 838 2965 atque
859 2897 910 2950 in
937 2912 1063 2953 suos
1087 2913 1277 2968 specus
1297 2899 1604 2964 abscedunt,
1629 2900 1673 2954 si
1694 2900 1854 2956 modo

269 2985 575 3056 diligenter,
604 2988 648 3040 si
681 2996 882 3043 attento
922 2989 1128 3053 animo,
1162 2991 1204 3043 si
1245 3000 1422 3045 mente
1451 2991 1684 3059 vigilanti
1730 3007 1853 3046 ora-

275 3077 524 3132 verimus.
557 3079 691 3132 Tum
721 3080 843 3134 licet
867 3079 1094 3135 adfuerit
1119 3081 1390 3148 diabolus,
1430 3084 1700 3153 abigitur:
1731 3084 1854 3138 licet

275 3166 515 3235 dzemon,
559 3169 776 3224 recedit.
809 3170 942 3224 Nam
984 3171 1063 3237 si,
1109 3171 1326 3229 domino
1352 3174 1613 3244 colloquia
1645 3187 1854 3231 serente

267 3273 394 3311 cum
426 3274 602 3325 servo,
632 3261 806 3316 nullus
834 3278 900 3316 ex
928 3263 1200 3317 conservis
1224 3305 1239 3329 ,
1287 3280 1352 3318 ne
1395 3281 1460 3318 ex
1491 3266 1597 3319 illis
1639 3268 1853 3335 quidem

273 3350 361 3418 qui
389 3349 632 3404 fiduciam
663 3352 800 3420 apud
831 3352 977 3405 illum
1008 3353 1280 3420 obtinent,
1318 3355 1537 3409 auderet
1563 3357 1851 3422 accedere,

267 3448 329 3492 et
355 3438 501 3492 illum
533 3439 853 3494 obturbare:
888 3442 1058 3496 multo
1085 3443 1262 3497 minus
1286 3443 1338 3498 hi
1362 3460 1428 3499 ex
1454 3460 1639 3500 eorum
1670 3464 1855 3502 nume-

273 3543 356 3595 ro,
385 3530 474 3599 qui
517 3529 682 3582 Deum
710 3529 1072 3600 offenderunt,
1103 3549 1274 3603 neque
1305 3534 1548 3591 fiduciam
1575 3537 1850 3604 obtinent,

275 3618 428 3673 nobis
455 3621 506 3673 in
535 3619 769 3674 divinum
798 3622 1116 3691 colloquium
1147 3620 1392 3680 admissis
1417 3628 1725 3698 obstrepere
1757 3647 1854 3698 po-

275 3717 486 3775 terunt,
526 3711 570 3764 si
599 3713 920 3766 conveniens
947 3713 1178 3768 studium
1215 3715 1231 3746 ι
1268 3715 1679 3773 adhibuerimus.
1722 3719 1854 3775 Ora-

277 3802 349 3856 tio
375 3812 558 3871 portus
589 3814 899 3874 tempestate
922 3806 1154 3876 jactatis,
1196 3808 1569 3866 fluctuantibus
1597 3815 1848 3881 anchora,

341 3933 358 3966 ⁸
395 3932 541 3994 Alius,
566 3935 913 3986 convenientem
935 3939 1266 3989 reuerentimn.

1004 243 1061 300 S.
1100 243 1378 300 JOANNIS
1414 243 1890 299 CllRYSOSTOMl
1930 242 2246 297 AﬂClllEP.
2287 239 2817 297 CUNSTANTINO'P.

3423 240 3541 296 ’168

1961 360 2129 430 scipio
2176 360 2558 422 titubantibus,
2609 373 2898 427 pauperum
2947 357 3258 422 thesaurus,
3309 354 3541 411 divitum

1954 452 2232 517 Securitas,
2261 451 2565 504 morborum
2591 450 2815 513 curatio,
2845 448 3082 502 custodia
3107 450 3368 503 sanitatis.
3399 447 3545 502 Ora—

1956 543 2030 594 tio
2045 541 2200 594 simul
2223 551 2277 595 et
2297 542 2432 594 bona
2455 541 2606 595 nobis
2623 540 2836 594 immota
2858 549 3155 605 conservat,
3179 547 3231 594 et
3251 539 3545 592 confestim

1957 632 2094 686 mala
2127 641 2440 685 transmutat
2466 649 2478 683 :
2509 632 2620 686 sive
2651 631 2873 684 tentatio
2905 631 3187 695 invaserit,
3219 629 3376 683 facile
3405 645 3544 697 pro-

1955 723 2230 792 pulsatur:
2279 724 2395 776 sive
2441 723 2776 792 pecuniarum
2816 721 3055 790 jactura,
3101 724 3213 776 sive
3256 722 3546 791 quodlibet

1955 813 2096 866 aliud
2123 828 2304 866 eorum
2323 854 2337 877 ,
2365 827 2484 882 qua:
2509 813 2802 866 molestiam
2833 812 3023 863 anima:
3053 820 3244 866 nostra:
3276 814 3538 876 inurunt,

1955 911 2142 956 cuncta
2170 917 2328 971 quam
2361 902 2586 970 primum
2617 901 2844 971 repellit.
2873 901 3055 955 Oratio
3082 901 3326 957 mmroris
3355 903 3538 954 omnis

1956 990 2240 1060 refugium,
2274 991 2559 1046 hilaritatis
2584 999 2954 1060 argumentum
2976 1029 2991 1056 ,
3024 990 3234 1044 occasio
3261 999 3542 1059 perpetuae

1959 1081 2245 1150 voluptatis
2265 1120 2280 1144 ,
2323 1080 2673 1150 philosophia:
2703 1089 2894 1134 mater.
2920 1080 3019 1146 Qui
3049 1079 3330 1149 diligenter
3357 1087 3543 1148 potest

1957 1185 2131 1236 orare,
2157 1170 2282 1224 licet
2307 1171 2544 1224 omnium
2571 1171 2644 1224 sit
2665 1170 3055 1239 pauperrimus,
3082 1178 3258 1223 tamen
3287 1169 3533 1222 omnium

1957 1270 2038 1316 est
2063 1261 2356 1316 ditissimus
2381 1279 2394 1314 :
2425 1270 2482 1316 ut
2508 1261 2596 1330 qui
2621 1261 2863 1315 oratione
2887 1260 3169 1314 destitutus
3195 1269 3296 1322 est,
3329 1259 3452 1312 licet
3482 1260 3534 1312 in

1958 1351 2073 1418 ipso
2103 1351 2248 1420 regio
2269 1350 2462 1404 throno
2496 1350 2707 1416 sedeat,
2739 1351 2974 1404 omnium
2996 1359 3078 1404 est
3105 1350 3475 1420 pauperrimus
3495 1353 3535 1404 ‘.

1957 1441 2144 1497 Nonne
2167 1458 2257 1496 rex
2288 1451 2403 1498 erat
2431 1440 2635 1507 Achab,
2663 1449 2719 1496 et
2747 1442 2852 1496 vim
2885 1443 2997 1495 auri
3023 1443 3334 1512 argentique
3362 1440 3536 1495 habe-

1959 1532 2048 1585 hat
2076 1531 2426 1587 immensam?
2451 1533 2521 1586 At
2546 1517 2798 1602 quoniam
2824 1533 3117 1587 orationem
3149 1548 3253 1587 non
3281 1533 3536 1598 habebat,

1956 1623 2130 1677 Eliam
2155 1638 2402 1693 quaerens
2425 1623 2772 1688 circumibat,
2803 1623 3068 1678 hominem
3089 1665 3103 1689 ,
3135 1623 3227 1692 qui
3253 1640 3426 1693 neque
3451 1624 3538 1676 di-

1957 1713 2250 1766 versorium
2271 1752 2287 1778 ,
2329 1727 2504 1783 neque
2535 1723 2736 1768 vestem
2766 1715 3026 1780 habebat,
3070 1714 3162 1769 scd
3189 1716 3422 1770 melotcn
3448 1729 3542 1768 so-

1958 1803 2084 1857 lani.
2113 1803 2250 1870 Quid
2281 1805 2383 1860 hoc
2425 1806 2528 1860 sibi
2568 1806 2713 1872 vult,
2764 1807 2976 1875 (μω)ευῖ
3017 1806 3096 1860 Tu
3132 1807 3221 1876 qui
3266 1818 3340 1860 tot
3370 1807 3541 1860 habes

1957 1896 2272 1966 apothecas,
2301 1912 2421 1952 eum
2447 1898 2537 1968 qui
2567 1897 2699 1952 nihil
2724 1897 2884 1951 habet
2906 1898 3147 1967 qumris?
3191 1898 3262 1952 Ita
3303 1906 3417 1962 est,
3451 1898 3540 1951 in-

1956 1989 2070 2059 quit
2097 2007 2110 2043 :
2139 2005 2258 2044 nam
2285 1989 2410 2059 quid
2440 1989 2569 2044 mihi
2596 1990 2808 2045 tandem
2835 2000 3056 2060 prosunt
3077 1990 3192 2044 haec
3219 2000 3536 2059 promptua-

1958 2081 2058 2142 ria,
2088 2095 2209 2134 cum
2238 2080 2324 2135 hic
2350 2081 2502 2135 nobis
2525 2081 2718 2136 caelum
2741 2081 3008 2144 clauserit,
3039 2091 3094 2135 et
3122 2081 3324 2134 inutilia
3345 2088 3538 2135 cuncta
3569 2118 3576 2122 .

1957 2168 2280 2224 reddiderit?
2307 2169 2487 2234 Vides,
2533 2180 2589 2224 ut
2616 2169 2702 2226 hic
2728 2171 2820 2224 illo
2847 2171 3004 2224 fuerit
3029 2171 3371 2240 opulentior?
3403 2170 3538 2224 Nam

1957 2274 2233 2330 quousque
2271 2276 2454 2317 vocem
2485 2261 2572 2316 hic
2607 2263 2908 2328 emitteret,
2941 2262 2992 2316 iu
3035 2263 3197 2316 multa
3227 2273 3543 2331 paupertate

1957 2367 2050 2406 rex
2075 2367 2196 2406 cum
2225 2362 2336 2407 toto
2359 2354 2612 2408 comitatu
2635 2353 3035 2409 versabatur.'0
3063 2369 3174 2408 rem
3201 2354 3500 2408 mirabilem
3522 2356 3538 2408 ι

1957 2441 2035 2497 Ne
2071 2451 2273 2497 vestem
2303 2444 2514 2513 quidem
2558 2443 2781 2511 habuit,
2823 2453 2880 2499 et
2921 2445 3113 2498 caslum
3141 2445 3365 2500 clausit:
3415 2445 3543 2500 ideo

1958 2531 2208 2585 nimirum
2237 2534 2420 2588 cadum
2443 2535 2647 2600 clausit,
2676 2536 2798 2605 quia
2819 2545 3021 2589 vestem
3049 2551 3153 2588 non
3177 2535 3384 2598 habuit;
3413 2536 3544 2604 quia

1959 2621 2090 2676 nihil
2121 2622 2208 2678 hic
2228 2624 2496 2694 possedit,
2543 2623 2742 2680 idcirco
2786 2626 3007 2680 multam
3033 2626 3273 2680 exhibuit
3301 2635 3540 2695 potesta-

1960 2719 2102 2778 tem;
2135 2728 2257 2767 cum
2298 2714 2440 2768 labra
2487 2725 2692 2770 tantum
2742 2715 3070 2782 diduxisset,
3119 2728 3174 2770 ut
3216 2717 3480 2771 innumeri
3509 2734 3544 2770 e

1959 2805 2091 2859 caelo
2119 2804 2350 2861 thesauri
2377 2806 2753 2862 delaberentur
2782 2808 2975 2862 effecit.
3004 2807 3048 2862 Ο
3069 2817 3307 2862 sanctum
3336 2822 3419 2873 os,
3453 2809 3538 2862 cui

1959 2892 2132 2950 fontes
2170 2895 2423 2951 imbrium
2451 2896 2694 2952 inerant!
2733 2913 2766 2952 0
2803 2897 3032 2967 linguam
3061 2897 3231 2952 stillas
3254 2897 3541 2951 eﬂ'unden-

1962 2986 2102 3040 tem!
2149 3000 2182 3039 ο
2227 3001 2410 3041 vocem
2456 2987 2609 3042 bonis
2653 2989 3406 3043 innumerisscaturientcm!
3455 2987 3544 3042 Ad

1960 3075 2101 3131 hunc
2126 3076 2285 3146 igitur
2316 3086 2530 3132 nostros
2551 3093 2764 3149 semper
2790 3079 2974 3133 oculos
3002 3088 3375 3134 convertentes
3404 3093 3544 3147 pau-

1961 3181 2143 3235 perem
2171 3167 2326 3221 simul
2357 3175 2412 3222 et
2433 3166 2683 3234 divitem,
2714 3169 2804 3238 qui
2830 3169 2980 3224 dives
3025 3169 3222 3224 idcirco
3250 3168 3382 3234 fuit,
3415 3169 3542 3238 quia

1962 3271 2161 3326 pauper
2186 3258 2302 3323 fuit,
2335 3269 2743 3314 contemnamus
2769 3260 3074 3329 praiscntia,
3095 3261 3540 3329 concupiscamus

1959 3347 2174 3402 futura:
2219 3350 2297 3405 sic
2339 3351 2480 3405 enim
2525 3359 2580 3405 et
2625 3367 2744 3420 qua:
2787 3351 2874 3405 hic
2912 3359 3073 3417 sunt,
3130 3359 3186 3406 et
3225 3366 3343 3420 qua:
3390 3351 3540 3416 illic,

1958 3438 2133 3492 omnia
2168 3438 2302 3493 bona
2332 3452 2748 3510 consequemur.
2780 3440 2909 3508 Qua:
2935 3441 3088 3495 nobis
3118 3441 3367 3494 omnibus
3397 3455 3536 3508 pra:-

1957 3538 2100 3585 stare
2143 3531 2391 3601 dignetur
2439 3533 2608 3602 gratia
2659 3541 2712 3587 et
2763 3533 3060 3604 benignitas
3112 3532 3317 3587 Domini
3369 3532 3539 3586 nostri

1957 3617 2081 3674 Jesu
2109 3621 2341 3686 Christi,
2381 3636 2502 3677 cum
2545 3639 2650 3691 quo
2689 3623 2831 3677 Patri
2857 3623 3024 3692 gloria
3053 3623 3315 3692 simulque
3351 3632 3542 3676 sancto

1959 3709 2211 3778 Spiritui,
2259 3727 2398 3767 nunc
2437 3722 2492 3767 et
2530 3727 2742 3781 semper
2770 3723 2825 3768 et
2862 3714 2915 3767 in
2945 3713 3137 3769 saecula
3177 3713 3494 3768 saeculorum
3519 3755 3536 3778 ,

1960 3803 2151 3856 Amen.

2023 3893 2039 3923 ι
2077 3899 2162 3955 Pro
2187 3893 2367 3952 verbis,
2390 3895 2742 3955 pauperrimus.
2768 3902 2926 3944 Nonne
2956 3907 3046 3944 rex
3065 3899 3169 3943 erat
3191 3893 3382 3944 Achab?
3395 3893 3540 3945 savil.

1956 3960 2008 4001 et
2030 3954 2223 4014 quidam
2246 3960 2375 4013 Mss.,
2393 3954 2768 4017 pauperrimus;
2789 3963 2962 4005 etenim
2981 3955 3155 4016 ΑεΙιαὺ,
3181 3964 3277 4005 etc.

306 4038 3540 4076 Ἥ

277 4126 344 4172 IN
388 4117 695 4184 ιειιρωί
744 4132 1062 4176 ADVERSUS
1109 4134 1516 4191 HERETICOS,
1564 4139 1644 4180 ET
1705 4140 1786 4180 DE
1827 4141 2080 4185 JUDlClO
2123 4143 2330 4195 ATQUE
2385 4144 2844 4204 ELEEMOSYNA,
2904 4148 2986 4189 ΕΤ
3039 4147 3105 4191 IN
3149 4146 3541 4190 PETITIONIS-ﬂ

1428 4237 1662 4280 ΜΔΤιιιε
1707 4239 2014 4284 ιτιιιοηυΜ
2059 4244 2368 4287 ZEBEDEJ.

1803 4347 1994 4398 ςεκ<<<<ξη
2007 4347 2057 4401 CK}

831 4468 1052 4507 IIOHILIA
1089 4468 1319 4510 OCTAVA.

351 4541 400 4594 Ι.
443 4540 518 4594 Ex
551 4541 690 4595 bello
720 4543 918 4596 reversi
952 4542 1204 4597 hesterno
1232 4545 1318 4600 die
1362 4562 1565 4615 sumus,
1599 4565 1666 4604 ex
1710 4552 1850 4608 bello

278 4646 556 4702 pugnaque
601 4648 723 4687 cum
753 4633 1022 4690 hmreticis
1049 4636 1352 4704 commissa,
1395 4643 1652 4710 sanguine
1691 4644 1849 4698 tincta

275 4731 522 4791 gerentes
563 4738 729 4786 arma,
773 4725 1004 4794 gladium
1052 4726 1210 4780 Verbi
1240 4741 1538 4795 cruentum,
1573 4749 1679 4788 non
1729 4751 1855 4805 pro-

278 4814 460 4868 stratis
483 4814 816 4881 corporibus,
843 4815 934 4869 sed
963 4817 1196 4872 consiliis
1223 4818 1509 4876 destructis
1533 4833 1580 4875 et
1621 4827 1755 4877 omni
1779 4827 1856 4879 al-

277 4903 510 4967 titudine,
549 4919 662 4974 qua
694 4905 930 4960 adversus
953 4907 1049 4960 Dei
1093 4910 1114 4941 ⁸
1165 4912 1423 4966 scientiam
1463 4930 1518 4967 se
1557 4917 1750 4971 extollit
1774 4918 1852 4987 (2.

276 4993 396 5048 Cor.
429 4994 516 5049 10.
545 4995 624 5064 5).
665 4995 790 5050 Tale
818 5011 1044 5067 namque
1072 5015 1238 5068 genus
1264 5011 1344 5056 est
1367 5018 1556 5074 pugnae
1583 5006 1758 5075 hujus,
1791 5025 1855 5064 ac

278 5085 502 5153 proinde
532 5087 648 5142 talis
669 5097 750 5141 est
777 5103 1044 5144 armorum
1068 5101 1252 5146 natura
1283 5110 1296 5146 :
1321 5109 1545 5162 quorum
1565 5107 1852 5168 utrumque

278 5175 477 5232 docens
507 5177 692 5232 beatus
719 5177 909 5232 Paulus
937 5181 1180 5236 dicebat:
1210 5182 1349 5238 Nam
1375 5203 1520 5240 arma
1543 5187 1739 5243 militia:
1766 5207 1858 5245 no-

277 5274 396 5319 stra:
421 5283 520 5320 non
546 5267 774 5322 carnalia
794 5279 908 5322 sunt
927 5285 946 5323 :
975 5273 1063 5325 sed
1092 5275 1312 5343 potentia
1332 5274 1442 5330 Deo
1463 5277 1532 5330 ad
1556 5277 1856 5334 destructio-

281 5359 394 5408 nem
418 5357 769 5422 munitionum,
802 5361 1012 5414 consilia
1037 5363 1362 5431 destruentia,
1389 5375 1434 5421 et
1457 5382 1652 5423 omnem
1681 5368 1856 5424 altitu-

343 5504 362 5568 ξ
397 5504 503 5566 Alit,
524 5509 757 5568 ejusdem.

341 5565 366 5598 ¹
395 5572 468 5616 Sic
487 5565 626 5619 Savil.
653 5579 705 5622 et
724 5577 813 5622 Mss
858 5572 1039 5634 uorel.,
1062 5571 1255 5623 Christi.

1963 4482 2128 4534 dinem
2170 4483 2483 4536 extollentem
2521 4500 2575 4537 se
2612 4485 2847 4539 adversus
2887 4486 3144 4538 scientiam
3176 4485 3271 4540 Dei
3296 4485 3368 4556 (‘2.
3417 4485 3536 4538 Cor.

1964 4572 2047 4627 l0.
2081 4572 2158 4644 4).
2181 4576 2318 4627 Sane
2345 4575 2555 4642 quidem
2586 4587 2853 4644 oporteret
2883 4578 2966 4641 iis,
2991 4579 3079 4648 qui
3109 4578 3409 4643 abfuerunt,
3441 4577 3543 4632 he-

1960 4671 2168 4717 sternos
2189 4663 2387 4717 referre
2413 4680 2588 4730 casus,
2621 4675 2676 4719 et
2713 4667 2881 4720 aciem
2918 4669 3224 4720 instructam
3255 4682 3537 4734 enarrare,

1959 4754 2288 4818 conﬂictum,
2323 4756 2619 4820 victoriam,
2655 4765 2849 4824 ινωρωει
2881 4774 2895 4808 :
2927 4756 3017 4811 sed
3048 4772 3115 4811 ne
3145 4771 3239 4812 vos
3267 4757 3541 4827 negligen—

1963 4842 2125 4897 tiores
2153 4844 2457 4910 reddamus,
2491 4845 2570 4900 his
2602 4847 2992 4914 praetermissis,
3025 4857 3080 4899 ut
3114 4846 3321 4916 jactura
3349 4848 3544 4901 Stimu-

1965 4934 2052 4988 lati
2083 4935 2448 5005 diligentiores
2489 4937 2623 4990 ﬁalis
2652 4952 2764 5001 vos,
2797 4939 2884 5006 qui
2916 4939 3175 5004 abfuistis,
3216 4940 3281 4994 ad
3313 4955 3394 5004 ea,
3425 4956 3543 5008 qu:e

1963 5035 2274 5095 sequuntur,
2302 5027 2461 5082 hodie
2488 5030 2709 5097 gradum
2743 5029 2996 5084 faciemus
3024 5047 3037 5083 :
3067 5030 3208 5100 quod
3236 5031 3279 5084 si
3311 5032 3432 5100 quis
3456 5029 3542 5083 di-

1964 5117 2132 5188 ligens
2175 5118 2333 5173 fuerit
2372 5129 2424 5174 et
2451 5129 2703 5187 attentus,
2735 5135 2801 5176 ex
2848 5122 2912 5175 iis
2950 5123 3040 5191 qui
3083 5121 3434 5176 interfuerunt
3477 5137 3541 5175 ea

1963 5225 2080 5279 quae
2109 5220 2236 5266 sunt
2261 5227 2291 5264 a
2323 5213 2476 5267 nobis
2502 5212 2753 5267 hesterno
2781 5213 2868 5269 die
2895 5215 3034 5268 dicta
3069 5223 3369 5282 cognoscet.
3401 5214 3541 5268 Tan-

1966 5309 2071 5354 tam
2102 5301 2243 5355 enim
2279 5302 2606 5357 alacritatem
2635 5303 2796 5357 animi
2825 5303 2978 5358 nobis
3005 5303 3361 5360 exhibuerunt
3386 5305 3541 5358 audi-

1964 5399 2126 5456 tores,
2154 5400 2211 5445 ut
2234 5395 2466 5462 acceptis
2495 5394 2741 5448 omnibus
2763 5393 2975 5448 domum
3001 5395 3337 5459 recesserint,
3367 5409 3539 5462 neque

1963 5479 2251 5549 quidquam
2294 5498 2499 5550 eorum,
2543 5499 2660 5553 qua:
2694 5483 2837 5538 dicta
2875 5481 3102 5549 fuerant,
3145 5484 3244 5538 sibi
3290 5482 3538 5538 excidere

1967 5571 2351 5640 passifueriut.
2381 5573 2562 5644 Itaque
2595 5572 2679 5628 illa
2709 5573 2920 5643 quidem
2945 5573 3277 5645 cognoscetis
3299 5587 3363 5629 cx
3395 5573 3498 5628 illis
3509 5588 3529 5638 λ
