3854 6222
305 269 412 323 767

301 385 412 436 τῶν
461 383 768 456 εὐχομένων
799 389 994 457 γένοιτ’
1026 392 1110 447 ἄν.
1159 395 1439 466 Ἐννόησον
1486 395 1595 467 γὰρ
1649 396 1876 466 πηλίκον

303 467 455 520 ἔσται
482 470 728 538 ἀγγέλων
773 475 1078 544 παρόντων,
1110 477 1465 550 ἀρχαγγέλων
1493 479 1878 550 παρεστώτων,

305 551 413 604 τῶν
452 553 727 625 Σεραφὶμ,
772 557 882 610 τῶν
938 559 1239 632 Χερουϐὶμ,
1286 561 1396 615 τῶν
1429 561 1602 616 ἄλλων
1655 562 1881 615 ἁπασῶν

301 633 607 704 δυνάμεων.
644 637 807 691 αὐτὸν
836 640 1122 710 ἄνθρωπον
1170 643 1300 696 ὄντα
1329 644 1466 714 μετὰ
1495 644 1699 714 πολλῆς
1723 646 1882 698 δύναη

306 715 429 768 σθαι
461 719 746 786 προσιέναι
781 722 878 791 τῆς
910 725 1256 796 παρρησίας,
1295 727 1389 778 καὶ
1419 725 1497 796 τῷ
1529 725 1738 795 βασιλεῖ
1772 727 1881 779 τῶν

302 797 585 868 δυνάμεων
620 802 844 856 ἐκείνων
882 806 1262 875 διαλέγεσθαι·
1296 808 1472 878 πόσης
1508 807 1666 862 τοῦτο
1691 809 1789 862 οὐκ
1816 809 1881 862 ἂν

303 881 557 946 ἀντάξιον
606 883 690 954 εἴη
745 889 950 957 τιμῆς;
1011 890 1088 942 Οὐ
1127 890 1264 961 τιμὴ
1299 890 1356 944 δὲ
1391 891 1572 962 μόνον,
1615 891 1750 943 ἀλλά
1788 891 1882 943 καὶ

304 962 542 1029 ὠφέλεια
576 967 808 1039 μεγίστη
838 971 1034 1037 γένοιτ’
1061 972 1128 1026 ἂν
1155 974 1288 1044 ἡμῖν
1321 974 1428 1027 ἀπὸ
1459 977 1557 1044 τῆς
1584 975 1768 1044 εὐχῆς,
1788 974 1883 1027 καὶ

305 1047 436 1116 πρὶν
481 1048 513 1116 ἢ
565 1048 750 1102 λαϐεῖν
802 1054 938 1123 ὅπερ
984 1055 1264 1125 αἰτοῦμεν.
1314 1055 1483 1126 Ὁμοῦ
1529 1074 1587 1108 τε
1643 1059 1752 1127 γάρ
1799 1073 1884 1118 τις

302 1129 542 1182 ἀνέτεινε
583 1132 682 1195 τὰς
710 1138 901 1204 χεῖρας
935 1140 1016 1202 είς
1053 1139 1144 1192 τὸν
1174 1140 1426 1211 οὐρανὸν,
1479 1142 1574 1194 καὶ
1623 1141 1714 1192 τὸν
1749 1140 1883 1193 Θεὸν

305 1211 553 1275 ἐκάλεσε,
585 1216 679 1268 καὶ
719 1219 936 1271 πάντων
967 1221 1168 1284 εὐθέως
1214 1222 1424 1293 ἀπέστη
1464 1223 1573 1275 τῶν
1605 1223 1885 1294 ἀνθρωπί-

304 1312 418 1379 νων
445 1300 811 1368 πραγμάτων,
845 1303 939 1356 καὶ
974 1305 1207 1375 μετέστη
1259 1309 1324 1376 τῇ
1367 1307 1575 1378 διανοίᾳ
1618 1309 1755 1379 πρὸς
1785 1308 1884 1378 τὴν

307 1377 608 1446 μέλλουσαν
629 1379 795 1453 ζωήν,
837 1385 1014 1439 καὶτὰ
1046 1387 1104 1440 ἐν
1138 1391 1252 1451 τοῖς
1277 1390 1527 1460 οὐρανοῖς
1554 1377 1883 1459 φαντάζεται

303 1461 510 1525 λοιπὸν,
539 1465 634 1518 καὶ
661 1466 815 1520 οὐδὲν
841 1471 978 1540 πρὸς
1001 1471 1098 1541 τὴν
1121 1472 1402 1543 παροῦσαν
1425 1473 1538 1543 ἔχει
1561 1472 1726 1545 ζωὴν,
1743 1476 1886 1529 κατὰ

301 1547 396 1598 τὸν
431 1548 620 1618 καιρὸν
649 1550 751 1620 τῆς
779 1553 964 1624 εὐχῆς,
997 1554 1092 1608 ἐὰν
1125 1556 1264 1626 μετὰ
1293 1557 1584 1628 ἀκριϐείας
1615 1557 1844 1628 εὐχηται
1867 1577 1882 1592 ο

302 1629 440 1712 ἀλλά
466 1631 569 1684 κᾶν
593 1631 764 1704 θυμὸς
802 1636 1028 1709 ἀναζέῃ,
1056 1638 1366 1710 κοιμίζεται
1399 1641 1618 1712 ῥαδίως,
1639 1641 1742 1695 κᾶν
1766 1645 1885 1695 ἐπι-

303 1711 477 1781 θυμία
537 1714 732 1790 φλέγῃ,
797 1719 1107 1784 σϐέννυται,
1165 1721 1268 1774 κᾶν
1302 1711 1494 1792 φθόνος
1538 1725 1704 1795 τήκῃ,
1747 1725 1886 1794 μετά

305 1795 506 1867 πολλῆς
554 1798 650 1867 τῆς
703 1801 952 1866 εὐκολίας
982 1804 1376 1859 ἀπελαύνεται·
1419 1807 1515 1860 καὶ
1550 1807 1707 1860 τοῦτο
1739 1809 1884 1876 γίνε-

301 1894 416 1960 ται,
446 1881 581 1952 ὅπερ
611 1884 640 1933 6
671 1885 957 1956 προφήτης
996 1885 1166 1955 λέγει,
1209 1888 1524 1960 ἀνίσχοντος
1565 1891 1661 1943 τοῦ
1704 1891 1882 1960 ήλίου.

303 1959 370 2011 Τί
398 1962 454 2013 δὲ
489 1964 698 2028 ἐκεῖνός
749 1985 950 2038 φησιν;
985 1972 1168 2024 Ἐθου
1211 1959 1456 2039 σκότος,
1505 1973 1604 2027 καὶ
1649 1959 1885 2043 ἐγένετο

300 2045 418 2108 νύξ
443 2062 457 2075 ’
489 2047 558 2100 ἐν
589 2046 746 2117 αὐτῇ
792 2051 1167 2107 διελεύσεται
1209 2055 1407 2109 πάντα
1454 2057 1525 2110 τὰ
1573 2058 1747 2125 θηρία
1779 2057 1885 2112 τοῦ

301 2126 566 2197 δρυμοῦ,
623 2134 880 2202 σκύμνοι
934 2135 1261 2206 ὠρυόμενοι
1313 2138 1420 2193 τοῦ
1467 2141 1731 2207 ἁρπάσαι
1788 2142 1886 2194 καὶ

303 2207 553 2278 ζητῆσαι
582 2217 740 2283 παρὰ
777 2217 884 2271 τοῦ
905 2219 1053 2272 Θεοῦ
1083 2232 1108 2259 ι
1135 2220 1372 2286 βρῶσιν
1393 2223 1599 2288 αὐτοῖς
1621 2240 1634 2254 °
1663 2223 1886 2278 ἀνέτει-

301 2297 414 2380 tier
453 2299 486 2350 ό
516 2297 718 2380 ῇλιος,
759 2302 855 2354 καί
886 2301 1310 2372 συνήχθησαν,
1349 2307 1447 2358 καὶ
1482 2308 1566 2372 εἰς
1601 2306 1709 2373 τὰς
1733 2307 1885 2376 μάν⁶

300 2378 448 2446 δρας
493 2378 694 2436 αὐτῶν
753 2385 1278 2452 κοιτασθήσονται.
1341 2388 1552 2460 ’Ὠσπερ
1623 2386 1717 2444 οῦν
1787 2391 1886 2460 τῆς

301 2466 518 2529 ἀκτῖνος
552 2467 878 2539 ἀνισχούσης
898 2471 1074 2524 πάντα
1100 2472 1458 2540 φυγαδεύεται
1484 2472 1553 2525 τά
1579 2472 1762 2544 θηρία,
1791 2477 1886 2527 καὶ

303 2548 440 2617 πρὸς
486 2551 614 2613 τοὺς
648 2551 888 2620 φωλεοὺς
934 2556 1058 2618 τοὺς
1105 2555 1312 2608 ἐαυτῶν
1351 2556 1675 2610 καταδύεται
1703 2575 1716 2589 ο
1743 2557 1887 2611 θ’ύτω

302 2630 366 2701 δὴ
389 2632 487 2701 τῆς
513 2633 674 2704 εὐχῆς
695 2675 708 2697 ,
739 2635 926 2708 ῶσπερ
950 2638 1095 2700 τινὸς
1118 2640 1334 2701 ἀκτῖνος
1360 2639 1469 2692 άπὸ
1495 2639 1587 2692 τοῦ
1620 2640 1886 2708 στόματος

301 2713 396 2766 τοῦ
427 2717 698 2788 ἡμετέρου
736 2719 829 2770 καὶ
864 2720 962 2790 τῆς
992 2720 1237 2790 γλώττης
1283 2723 1652 2792 ἀναφανείσης
1674 2763 1688 2781 ,
1717 2724 1882 2792 φωτί-

303 2795 454 2861 ζεται
491 2799 588 2868 μὲν
617 2803 650 2870 ἡ
682 2801 910 2861 διάνοια,
947 2804 1124 2858 πάντα
1146 2804 1292 2857 δέτά
1325 2805 1493 2872 ἄλογα
1524 2807 1618 2857 καὶ
1646 2804 1882 2876 θηριώδη

303 2880 450 2948 πάθη
482 2881 804 2952 δραπετεύει
851 2887 944 2938 καὶ
989 2887 1345 2954 φυγαδεύεται
1371 2927 1386 2950 ,
1418 2888 1512 2940 καὶ
1541 2888 1675 2958 πρὸς
1707 2889 1833 2950 τοὺς
1857 2888 1884 2927 ι)

303 2965 537 3029 οἰκείους
583 2967 910 3020 καταδύεται
944 2969 1186 3036 φωλεοὺς
1211 3009 1225 3033 ,
1261 2971 1420 3040 μόνον
1459 2969 1524 3023 ἂν
1554 2972 1689 3040 μετά
1728 2973 1886 3042 ἀκρι-

304 3046 460 3110 ϐείας
487 3048 776 3120 εὐχώμεθα
799 3091 812 3110 ,
843 3051 908 3104 ἂν
941 3051 1082 3119 μετὰ
1122 3052 1301 3122 ψυχῆς
1334 3054 1767 3125 διεγηγερμένης
1793 3055 1887 3107 καὶ

303 3129 540 3194 διανοίας
585 3134 883 3204 νηφούσης.
917 3135 1051 3187 Τότε
1097 3137 1200 3188 κᾶν
1248 3136 1490 3199 διάϐολος
1525 3139 1674 3207 παρῇ
1708 3153 1884 3204 φυγα-

303 3211 517 3265 δεύεται
545 3253 558 3275 ,
593 3213 694 3267 κᾶν
729 3216 939 3286 δαίμων
966 3257 980 3280 ,
1014 3219 1308 3288 ἀναχωρεῖ.
1356 3218 1418 3271 El
1450 3219 1558 3289 γὰρ
1589 3219 1773 3291 οἰκέτῃ
1799 3219 1884 3270 δε-

305 3296 504 3349 σπότου
529 3297 946 3368 διαλεγομένου,
973 3300 1145 3364 οὐδεὶς
1173 3300 1238 3354 ἂν
1272 3302 1379 3354 τῶν
1410 3303 1732 3364 συνδούλων,
1763 3301 1885 3354 οὐτε

303 3393 386 3440 τις
442 3379 548 3432 τῶν
596 3382 906 3451 παρρησίαν
959 3383 1190 3452 ἐχόντων
1233 3385 1550 3453 προσελθεῖν
1595 3386 1885 3456 τολμήσειε

305 3461 400 3511 καὶ
430 3461 770 3532 διενοχλῆσαι
797 3504 811 3527 ,
845 3465 1024 3536 πολλῷ
1055 3465 1256 3536 μᾶλλον
1287 3462 1432 3522 οὗτοι
1457 3510 1472 3535 ,
1507 3468 1616 3522 τῶν
1649 3487 1886 3540 προσκε-

306 3544 615 3613 κρουκότων
646 3547 796 3610 ὄντες
826 3549 919 3601 καὶ
961 3550 1428 3622 ἀπαρῤησιάστων
1454 3592 1467 3609 .
1500 3554 1600 3605 οὐκ
1633 3552 1697 3606 ἂν
1723 3553 1876 3624 δυνη-

305 3625 447 3678 θεῖεν
480 3629 608 3698 ήμῖν
633 3632 916 3702 ἐνοχλῆσαι
948 3632 1025 3702 τῷ
1047 3633 1166 3705 Θεῷ
1194 3635 1594 3706 διαλεγομένοις
1625 3637 1761 3706 μετὰ
1787 3637 1884 3706 τῆς

327 3817 335 3826 ,
369 3773 515 3837 ᾼΙὶἱ
539 3775 608 3833 τῷ
633 3776 760 3837 Θεῷ.

369 3832 398 3906 ξι
424 3835 507 3882 Sic
541 3832 690 3884 εει-ιι.
718 3832 773 3885 οι
795 3837 1003 3886 maxima
1037 3853 1146 3901 pars
1168 3853 1284 3888 mss.
1306 3840 1478 3889 Morel.
1516 3853 1636 3889 vero
1657 3843 1738 3888 καὶ
1762 3842 1886 3888 κατὰ

305 3909 431 3940 τους.

397 3927 560 4006 illius
577 3960 910 4020 προσηκούσης
935 3967 1088 4022 τιμῆς.

1009 277 1097 332 DE
1131 278 1354 336 PETIT.
1392 279 1643 336 FlLlOR.
1686 279 1884 335 ZEBEI

1988 281 2025 346 Ι,
2066 281 2342 339 CONTRA
2383 283 2768 342 ANOMCEOS.
2811 283 2946 341 Vlll.

1935 4109 2095 4120 ὼ..
2147 4113 2175 4117 —
2215 4109 2255 4113 ——
2283 4112 2404 4118 _-__..,.

3461 278 3562 335 768

1983 398 2364 470 προσηκούσης
2404 401 2639 472 σπουδῆς
2676 412 2723 454 ο.
2759 399 2912 473 [515]
2959 398 3106 470 Εὐχὴ
3149 397 3564 470 χειμαζομένων

1982 478 2165 551 λιμὴν,
2187 482 2658 554 κλυδωνιζομένων
2694 484 2926 554 ἄγκυρα,
2966 482 3336 554 σαλευομένων
3371 483 3564 558 βακτηι

1985 563 2074 634 ρία
2097 604 2113 627 ,
2169 568 2414 636 πενήτων
2463 566 2771 636 θησαυρὸς,
2838 565 3209 619 πλουτούντων
3258 567 3561 636 ἀσφάλεια.

1983 649 2302 716 νοσημάτων
2335 648 2632 720 ἀναίρεσις,
2663 649 2872 717 ὑγιείας
2905 647 3151 718 φυλακή·
3183 648 3317 719 εὐχὴ
3345 650 3440 702 καὶ
3493 651 3563 704 τὰ

1983 729 2160 796 ἀγαθά
2209 731 2339 800 ἡμῖν
2389 731 2621 802 ἀκίνητα
2654 733 2938 802 διατηρεῖ,
2990 732 3084 784 καλ⁵
3116 731 3186 784 τά
3215 732 3358 784 κακά
3396 749 3562 802 μετα-

1985 810 2166 864 ϐάλλει
2199 813 2436 883 ταχέως·
2471 814 2573 868 κᾶν
2602 815 2910 886 πειρασμὸς
2941 814 3170 885 ἐπέλθῃ,
3202 815 3399 884 ῥᾳδίως
3429 815 3568 867 6m-

1983 894 2267 962 κρούεται,
2303 895 2404 949 κᾶν
2448 896 2620 967 ζημία
2654 899 2952 968 χρημάτων
2974 936 2988 960 ,
3025 897 3127 949 κᾶν
3163 895 3339 950 ὁτιοῦν
3377 896 3566 966 ἕτερον

1982 977 2090 1028 τῶν
2112 977 2465 1049 λυπουμένων
2492 979 2649 1050 ήμῶν
2676 981 2774 1050 τὴν
2801 980 3000 1049 ψυχὴν,
3032 979 3246 1032 ἅπαντα
3271 978 3564 1032 ἀπελαύνει

1982 1061 2221 1130 ταχέως*
2256 1062 2389 1134 εὐχὴ
2434 1063 2612 1134 λύπης
2649 1064 2868 1132 ἀπάσης
2915 1063 3375 1132 φυγαδευτήριον,
3407 1061 3565 1113 εὐθυ-

1989 1144 2116 1214 μίας
2151 1144 2406 1207 ὐπόθεσις
2430 1187 2443 1208 ,
2481 1145 2761 1216 διηνεκοῦς
2817 1147 3007 1216 ήδονῆς
3061 1145 3282 1216 ἀφορμὴ
3308 1186 3321 1207 ,
3351 1144 3566 1212 φιλοσο-

1986 1227 2110 1294 φίας
2141 1229 2341 1298 μήτηρ.
2391 1229 2448 1281 '0
2477 1229 2774 1300 δυνάμενος
2804 1228 3057 1299 εὐχεσθαι
3092 1229 3232 1298 μετὰ
3257 1227 3564 1296 ἀκριϐείας,

1985 1308 2088 1361 κᾶν
2115 1311 2369 1364 ἁπάντων
2415 1311 2735 1382 πενέστερος
2773 1308 2844 1382 ᾗ,
2873 1312 3090 1364 πάντων
3135 1312 3253 1363 ἐστὶ
3297 1307 3565 1361 πλουσιώ-

1984 1409 2142 1463 τερος
2165 1409 2180 1423 ’
2215 1392 2402 1464 ὥσπερ
2427 1395 2455 1446 6
2499 1395 2598 1466 τῆς
2635 1395 2800 1465 εὐχῆς
2836 1394 2996 1448 πάλιν
3031 1393 3427 1464 ἐστερημένος,
3464 1389 3572 1443 κᾶν

1985 1476 2043 1527 ἐν
2073 1474 2222 1545 αὐτῷ
2251 1475 2548 1546 καθέζηται
2581 1476 2658 1547 τῷ
2697 1477 2872 1548 θρόνῳ
2905 1477 2981 1546 τῷ
3015 1474 3280 1545 βασιλικῷ
3305 1515 3319 1538 ,
3351 1474 3569 1527 πάντων

1987 1558 2104 1611 ἐστὶ
2153 1559 2496 1631 πενέστερος.
2529 1560 2641 1629 Οὐχ
2681 1562 2710 1612 6
2738 1559 2942 1628 Ἀχαάϐ
2976 1558 3002 1598 ἀ
3039 1558 3290 1628 βασιλεὺς
3322 1553 3392 1628 ἦν
3415 1597 3428 1618 ,
3474 1557 3569 1608 καὶ

1989 1640 2207 1710 χρυσίον
2263 1637 2406 1710 εἶχεν
2464 1642 2670 1710 ἄφατον
2722 1643 2815 1693 καὶ
2860 1641 3161 1712 ἀργύριον;
3212 1641 3327 1694 ἀλλ’
3381 1638 3569 1709 ἐπειδὴ

1987 1723 2150 1793 εὐχὴν
2177 1725 2276 1775 οὐκ
2305 1721 2438 1794 εἶχε,
2464 1723 2677 1794 περιῄει
2703 1724 2890 1777 Ἠλίαν
2919 1722 3117 1791 ζητῶν,
3141 1722 3428 1793 ἄνθρωπον
3447 1722 3568 1774 οὐδέ

1988 1804 2331 1873 καταγώγιον
2360 1807 2548 1876 ἔχοντα
2573 1847 2585 1868 ,
2632 1805 2753 1858 οὐδέ
2789 1805 3023 1874 ἱμάτιον,
3054 1805 3168 1858 ἀλλ’
3212 1805 3245 1874 ἢ
3317 1805 3569 1876 μηλωτὴν

1992 1889 2177 1959 μόνην.
2212 1889 2275 1940 Τί
2310 1889 2497 1949 τοῦτος
2531 1888 2650 1940 εἰπέ
2698 1905 2816 1958 μοι·
2854 1889 2882 1940 6
2933 1887 3202 1950 τοσαύτας
3247 1886 3386 1954 ἔχων
3436 1887 3570 1940 ἀπο-

1990 1970 2160 2042 θήκας
2201 1972 2291 2024 τὸν
2323 1971 2472 2023 οὐδὲν
2501 1970 2693 2040 έχοντα
2723 1969 2903 2040 ζητεῖς
2929 1961 3120 2037 ;’Ναλ.,
3159 1968 3310 2039 φησί.
3353 1969 3419 2020 Τί
3459 1969 3568 2039 γάρ

1992 2072 2081 2124 μοι
2114 2055 2223 2106 τῶν
2272 2054 2510 2124 ταμείων
2547 2054 2770 2122 δφελος,
2797 2053 2987 2106 τούτου
3027 2053 3120 2106 τὸν
3158 2051 3387 2123 οὐρανὸν
3434 2052 3569 2103 ἀπο-

1990 2137 2326 2200 κλείσαντος,
2357 2139 2451 2191 καὶ
2481 2137 2658 2191 πάντα
2693 2137 2943 2208 ἀχρηστα
2971 2135 3384 2207 ἐργασαμένου;
3415 2129 3569 2197 Εἶδες

1989 2220 2107 2282 πῶς
2131 2213 2286 2283 οὗτος
2315 2219 2688 2291 εὐπορώτερος
2714 2215 2782 2290 ἦν
2813 2218 3056 2283 ἐκείνου;
3099 2216 3244 2279 Ἕως
3275 2216 3382 2287 γὰρ
3415 2212 3569 2278 οὗτος

1990 2302 2289 2370 ἐφθέγξατο
2310 2303 2362 2365 δ,
2391 2306 2418 2356 6
2454 2303 2707 2373 βασιλεὺς
2740 2299 2808 2374 ῆν
2841 2304 2899 2356 ἐν
2930 2303 3089 2374 πενία
3111 2301 3277 2370 πολλῇ
3315 2300 3452 2370 μετά
3475 2297 3569 2352 τοῦ

1991 2385 2353 2456 στρατοπέδου
2382 2386 2599 2448 παντός.
2636 2388 2700 2438 Ὠ
2733 2385 2827 2438 τοῦ
2859 2385 3132 2454 θαύματος
3157 2425 3171 2448 ,
3205 2385 3325 2437 οὐδὲ
3358 2383 3571 2452 ἱμάτιον

1987 2465 2098 2539 εἶχε
2123 2510 2137 2532 ,
2169 2470 2263 2522 καὶ
2312 2470 2400 2522 τὸν
2434 2470 2661 2542 οὐρανὸν
2713 2470 3027 2523 ἀπέκλεισε.
3067 2469 3146 2521 Δι’
3177 2467 3308 2520 αὐτὸ
3351 2467 3447 2537 μέν
3477 2462 3571 2519 οῦν

1985 2551 2144 2604 τοῦτο
2175 2550 2465 2605 ἀπέκλεισε
2493 2552 2582 2606 τὸν
2615 2553 2863 2623 οὐρανὸν,
2887 2552 3074 2621 ἐπειδὴ
3102 2551 3336 2622 ἱμάτιον,
3365 2551 3467 2602 οὐκ
3489 2545 3569 2601 εί-

1987 2651 2080 2704 χεν
2105 2651 2118 2663 ·
2149 2634 2334 2704 ἐπειδὴ
2362 2634 2514 2687 οὐδὲν
2553 2635 2788 2688 ἐνταῦθα
2821 2635 3104 2704 ἐκέκτητο,
3136 2632 3225 2686 διὰ
3252 2632 3411 2686 τοῦτο
3441 2632 3572 2684 πολ-

1987 2718 2084 2788 λὴν
2115 2717 2212 2788 τὴν
2244 2716 2473 2788 δύναμιν
2505 2719 2816 2783 ἐπεδείξατο
2843 2736 2856 2748 °
2899 2718 3118 2783 ἀνοίξας
3168 2716 3278 2786 γὰρ
3311 2716 3379 2768 τὰ
3417 2715 3573 2786 χείλη

1993 2801 2189 2871 μόνον,
2230 2801 2453 2870 μυρίους
2490 2803 2744 2868 ἐποίησεν
2779 2801 2984 2856 ἄνωθεν
3030 2799 3419 2869 κατενεχθῆναι
3473 2798 3571 2868 θηο

1992 2884 2226 2951 σαυρούς
2267 2884 2506 2951 ἀγαθῶν.
2541 2886 2604 2936 Ὢ
2641 2885 2903 2954 στόματος
2937 2885 3119 2953 πηγὰς
3160 2882 3381 2953 ὄμϐρων
3424 2882 3572 2952 ἔχον-

1987 2984 2106 3029 τοςο
2135 2966 2180 3018 ῶ
2213 2967 2463 3037 γλώσσης
2495 2967 2722 3035 νιφάδας
2770 2967 2942 3020 ὑετῶν
2987 2967 3267 3036 ἀφιείσης·
3311 2964 3355 3016 ῶ
3388 2966 3570 3036 φωνῆς

1993 3051 2162 3120 μυρία
2192 3051 2371 3117 ἀγαθά
2412 3051 2700 3122 βρυούσης,
2736 3051 2876 3122 Πρὸς
2908 3050 2971 3119 δὴ
3017 3049 3204 3102 τοῦτον
3231 3049 3317 3100 ἀεὶ
3348 3047 3570 3117 βλέπον-

1988 3149 2078 3195 τες
2103 3133 2192 3184 τὸν
2227 3133 2432 3203 πένητα
2459 3135 2552 3186 καὶ
2577 3133 2854 3196 πλούσιον,
2878 3133 2966 3185 τὸν
2996 3132 3085 3185 διά
3106 3131 3263 3184 τοῦτο
3295 3132 3566 3196 πλούσιον,

1989 3217 2173 3286 ἐπειδὴ
2206 3217 2376 3286 πένης
2403 3212 2492 3286 ἦν,
2524 3215 2882 3288 ὐπερορῶμεν
2911 3216 3018 3268 τῶν
3045 3216 3349 3286 παρόντων,
3385 3217 3567 3268 ἐπιθυο

1992 3300 2181 3370 μῶμεν
2215 3299 2321 3352 τῶν
2353 3300 2677 3369 μελλόντων.
2713 3301 2868 3352 Οὕτω
2909 3298 3016 3369 γὰρ
3057 3301 3149 3351 καὶ
3184 3299 3290 3350 τῶν
3335 3296 3570 3349 ἐνταῦθα

1987 3384 2082 3435 καὶ
2110 3381 2217 3434 τῶν
2269 3385 2384 3434 ἐκεῖ
2416 3384 2631 3436 πάντων
2665 3381 3058 3451 ἐπιτευξόμεθα
3085 3380 3334 3449 ἀγαθῶν·
3372 3374 3445 3433 ὧν
3475 3378 3568 3447 γέ-

1988 3483 2130 3520 νοιτο
2173 3466 2380 3528 πάντας
2410 3467 2556 3536 ἡμᾶς
2581 3467 2879 3534 ἐπιτυχεῖν,
2908 3465 3090 3536 χάριτι
3133 3465 3230 3517 καὶ
3262 3463 3568 3533 φιλανθρω-

1992 3551 2092 3620 πίᾳ
2129 3551 2222 3602 τοῦ
2268 3551 2470 3621 Κυρίου
2507 3549 2664 3619 ἡμῶν
2711 3547 2884 3618 Ἰησοῦ
2918 3547 3154 3619 Χριστοῦ
3181 3587 3195 3611 ,
3245 3549 3362 3618 μεθ’
3399 3542 3459 3599 οὗ
3494 3545 3569 3614 τῷ

1991 3634 2166 3706 Πατρὶ
2186 3633 2331 3700 δόξα,
2356 3633 2471 3704 ἅμα
2492 3633 2570 3701 τῷ
2597 3633 2734 3701 ἁγίῳ
2760 3631 3060 3703 Πνεύματι,
3088 3631 3184 3686 νῦν
3217 3633 3312 3686 καὶ
3341 3631 3450 3697 ἀεὶ,
3475 3631 3572 3684 καὶ

1992 3720 2071 3782 είς
2104 3720 2228 3780 τοὺς
2261 3716 2463 3781 αίῶνας
2493 3716 2602 3770 τῶν
2636 3715 2866 3772 αἰώνων.
2915 3719 3102 3789 Ἀμήν.

2059 3897 2085 3936 τι
2113 3900 2259 3948 Savil.
2290 3905 2340 3946 οι
2360 3899 2553 3959 quidam
2579 3911 2693 3944 mss.
2714 3899 3004 3959 πενέστερος
3033 3897 3112 3944 καὶ
3135 3897 3224 3958 γὰρ
3250 3897 3276 3943 6
3305 3893 3510 3958 Ἀχαάε.

2067 3964 2089 3989 ε
2115 3961 2263 4008 Savil.
2279 3967 2331 4007 et
2352 3960 2434 4008 alii
2457 3959 2720 4020 ἐφθέγξατο,
2747 3959 2916 4006 Morel.
2941 3959 3200 4019 ἐφθέγγετο.

2411 4113 2468 4118 _.__
2493 4111 2554 4117 .__
2567 4111 2656 4117 ...μ--
2672 4103 3473 4116 _-___—__._____.____——————-
3493 4101 3548 4121 ._.

395 4257 414 4277 ‘
443 4258 548 4320 Είς
586 4255 658 4309 τὰ
683 4257 982 4310 ὑπόλοιπα
1011 4257 1160 4311 κατὰ
1190 4255 1532 4327 αἱρετικῶν,
1559 4259 1655 4311 καὶ
1696 4257 1828 4326 περὶ
1861 4257 2111 4327 κρίσεως
2135 4258 2231 4310 καὶ.
2262 4256 2697 4324 ἐλεημοσύνης,
2723 4255 2817 4308 καὶ
2840 4256 2926 4319 εἷς
2955 4253 3068 4321 τὴν
3089 4254 3331 4322 αἴτησιν
3350 4251 3463 4324 τῆς

1428 4329 1652 4398 μητρὸς
1681 4328 1801 4381 τῶν
1833 4326 1980 4381 υἱῶν
2005 4328 2321 4380 Ζεϐεδαίου
2347 4340 2394 4379 ⁸.

879 4578 1068 4646 Λόγος
1093 4576 1322 4644 ὄγδοος.

382 4669 449 4716 α’.
481 4660 575 4715 Ἐκ
605 4662 840 4731 πολέμου
865 4662 990 4730 χθὲς
1014 4659 1412 4729 ἐπανήλθομεν,
1433 4659 1497 4710 ἐκ
1522 4658 1757 4729 πολέμου
1793 4658 1889 4711 καὶ

315 4747 495 4817 μάχης
547 4744 864 4816 αίρετικῆς,
900 4744 1196 4814 ᾑμαγμένα
1245 4743 1312 4795 τὰ
1362 4741 1502 4794 ὅπλα
1541 4741 1784 4811 ἔχοντες,
1829 4741 1888 4793 τὸ

313 4830 467 4898 ξίφος
499 4828 593 4881 τοῦ
626 4829 780 4896 λόγου
816 4827 1232 4896 πεφοινιγμένον
1252 4868 1267 4892 ,
1295 4826 1354 4878 οὐ
1381 4824 1609 4896 σώματα
1650 4825 1888 4878 καταϐα-

310 4914 495 4974 λόντες
520 4953 534 4974 ,
593 4911 727 4964 ἀλλά
759 4910 1049 4979 λογισμοὺς
1075 4908 1350 4967 ἀνελόντες
1385 4909 1475 4961 καὶ
1514 4907 1641 4962 Πᾶν
1673 4909 1887 4976 ὕψωμα

311 4997 704 5064 ἐπαιρόμενον
733 4995 882 5047 κατὰ
928 4991 1038 5060 τῆς
1070 4992 1343 5061 γνώσεως
1372 4992 1478 5044 τοῦ
1511 4991 1658 5044 Θεοῦ
1684 4991 1733 5047 δ.
1767 4992 1892 5044 To:-

312 5079 468 5131 οῦτον
495 5079 579 5148 [51
597 5079 643 5150 ι]
668 5079 777 5149 γάρ
806 5080 903 5146 τῆς
950 5076 1125 5146 μάχης
1148 5075 1350 5144 ταύτης
1395 5076 1456 5127 τὸ
1481 5069 1618 5138 εἶδος
1637 5090 1650 5104 ο
1685 5075 1764 5128 διὸ
1781 5075 1891 5128 mal.

314 5161 534 5231 τοιαύτη
567 5162 672 5214 τῶν
709 5161 887 5214 ὃπλων
935 5163 967 5228 ὴ
1013 5159 1173 5227 φύσις
1198 5175 1213 5189 ο
1243 5157 1386 5226 ἅπερ
1433 5159 1717 5230 ἀμφότερα
1746 5157 1892 5210 διδά-

315 5260 462 5296 σκων
510 5247 538 5297 6
567 5245 834 5313 μακάριος
860 5241 1069 5304 Παῦλος
1109 5241 1285 5308 έλεγε·
1324 5239 1398 5296 Τὰ
1438 5241 1545 5308 γὰρ
1585 5239 1745 5293 ὅπλα
1781 5238 1890 5306 τῆς

312 5329 629 5393 στρατείας
679 5326 849 5396 ἡμῶν
894 5329 965 5380 οὺ
995 5323 1286 5392 σαρκικὰ,
1321 5325 1484 5378 ἀλλὰ
1535 5324 1763 5378 δυνατὰ
1807 5323 1888 5388 τῷ

382 5426 396 5440 ⁸
419 5424 602 5474 Collatn
625 5437 734 5470 cum
760 5421 1008 5471 codicibus
1040 5421 1210 5481 Regiis
1233 5419 1371 5474 1819,
1397 5420 1532 5476 1973,
1560 5421 1728 5468 etalio
1753 5420 1886 5476 ejus-

315 5485 428 5534 dem
460 5485 792 5537 llnllliothecw.
829 5483 1125 5531 ('Iollwrlinis
1150 5483 1228 5539 49,
1248 5481 1357 5536 (37.9,
1378 5482 1514 5528 3055.

383 5547 407 5575 ⁸
430 5543 545 5598 Alii.
571 5544 691 5604 inter
712 5558 829 5604 quos
849 5542 1000 5592 Suvil.
1022 5541 1108 5590 τοῦ
1131 5541 1275 5590 αὐτοῦ
1297 5544 1418 5590 κατὰ
1441 5543 1702 5604 αἱρετικῶν,
1723 5543 1802 5590 καὶ
1825 5542 1889 5597 εἰς

312 5605 400 5660 τήν
429 5609 616 5664 αἴτησιν
631 5609 727 5653 τῶν
748 5607 862 5653 υἱῶν
884 5605 1148 5651 Ζεϐεδαίου.

378 5666 409 5707 δ
436 5661 701 5717 εκείνη.
736 5671 790 5714 ει
813 5679 927 5713 mss.
955 5664 1125 5713 Morel.
1153 5662 1238 5712 τοῦ
1263 5661 1488 5720 Χριστοῦ.

1984 4579 2106 4644 Θεῷ
2153 4578 2302 4646 πρὸς
2361 4577 2713 4644 καθαίρεσιν
2760 4574 3196 4644 ὀχυρωμάτων,
3229 4570 3566 4642 λογισμοὺς

1985 4661 2380 4728 καθαιροῦντα
2409 4659 2504 4711 καὶ
2540 4659 2662 4711 πᾶν
2722 4659 2937 4726 ὕψωμα
2972 4658 3366 4725 ἐπαιρόμενον
3413 4658 3564 4711 κατὰ

1984 4746 2095 4813 τῆς
2127 4743 2400 4814 γνώσεως
2436 4742 2540 4796 τοῦ
2589 4741 2756 4796 Θεοῦ.
2795 4742 2940 4794 Ἔδει
2994 4741 3092 4809 μὲν
3139 4737 3230 4793 οὖν
3262 4743 3371 4800 τοῖς
3422 4739 3559 4792 ἀπο-

1985 4827 2279 4896 λειφθεῖσιν
2318 4828 2491 4878 εἰπεῖν
2542 4825 2610 4878 τὰ
2658 4824 2928 4894 πτώματα
2980 4823 3048 4877 τὰ
3097 4823 3224 4893 χθὲς
3272 4822 3558 4891 γενόμενα,

1989 4913 2082 4965 καὶ
2107 4909 2466 4980 διηγήσασθαι
2493 4910 2589 4979 τὴν
2620 4906 2920 4978 παράταξιν
2945 4951 2959 4974 ,
2991 4907 3089 4976 τὴν
3125 4906 3395 4975 συμϐολὴν
3420 4945 3434 4966 ,
3461 4908 3561 4976 τὴν

1989 4995 2184 5063 νίκην,
2247 4992 2314 5045 τὰ
2366 4992 2640 5063 τρόπαια·
2701 4991 2815 5043 ἀλλ’
2868 4989 2960 5042 ἵνα
3025 4990 3100 5059 μὴ
3159 4988 3559 5059 ρᾳθυμοτέρους

1991 5079 2134 5148 ὑμᾶς
2200 5077 2512 5145 ποιήσωμεν
2545 5114 2558 5138 ,
2631 5074 2802 5127 ταῦτα
2863 5072 3348 5145 παραδραμόντες,
3418 5070 3559 5122 ὥστε

1988 5163 2052 5232 τῇ
2119 5158 2290 5231 ζημίᾳ
2365 5161 2491 5222 τοὺς
2567 5157 2992 5227 ἀπολειφθέντας
3063 5157 3206 5226 ὑμᾶς
3267 5154 3559 5223 δηχθέντας

1991 5243 2440 5313 σπουδαιοτέρους
2492 5241 2782 5309 γενέσθαι,
2854 5240 3013 5294 πάλιν
3069 5239 3178 5292 τῶν
3242 5236 3365 5306 ἑξῆς
3423 5235 3557 5306 ἀψό-

1992 5326 2131 5396 μεθα
2183 5327 2454 5397 σήμερον·
2487 5326 2536 5378 εί
2575 5324 2632 5377 δέ
2678 5342 2760 5387 τις
2804 5323 3090 5384 σπουδαῖος
3137 5321 3227 5373 καὶ
3275 5319 3560 5388 διεγηγερ-

1991 5410 2150 5479 μένος
2180 5405 2243 5480 ᾖ,
2291 5407 2442 5480 παρὰ
2471 5407 2578 5461 τῶν
2616 5405 3073 5478 παραγενομένων
3115 5404 3317 5456 εἴσεται
3361 5401 3427 5453 τά
3471 5400 3559 5453 λε-

1989 5491 2185 5561 χθέντα
2220 5494 2348 5562 ἡμῖν
2379 5494 2440 5562 τῇ
2474 5491 2597 5560 χθὲς
2627 5490 2830 5561 ἡμέρᾳ.
2861 5490 2969 5541 Καὶ
2996 5487 3102 5555 γὰρ
3134 5483 3398 5554 τοσαύτην
3426 5485 3559 5553 ἡμῖν

1988 5575 2036 5628 οἱ
2078 5575 2340 5645 ἀκροαταὶ
2371 5574 2469 5641 τὴν
2504 5573 2807 5644 προθυμίαν
2853 5569 3208 5634 ἐπεδείξαντο,
3257 5566 3331 5630 ὡς
3383 5567 3562 5622 πάντα

1989 5656 2241 5720 λαϐόντες
2296 5657 2476 5710 οἴκαδε
2534 5656 2919 5726 ἀναχωρῆσαι,
2971 5654 3062 5706 καὶ
3117 5651 3280 5722 μηδὲν
3345 5651 3559 5717 ἀφεῖναι
