3838 6220
310 246 414 299 76")

309 354 627 430 διαρρυῆναι
672 358 780 412 τῶν
825 360 1146 431 εἰρημένων.
1192 363 1406 416 Ἐκεῖνα
1458 363 1557 432 μὲν
1606 358 1700 417 οὖν
1756 361 1885 434 παρ’

308 440 531 493 ἐκείνων
583 441 823 495 εἴσεσθε⁶
858 444 895 498 ἀ
954 442 1011 496 δέ
1061 445 1300 516 σήμερον
1348 445 1643 513 ἀναγκαῖον
1694 445 1888 507 εἰπεῖν,

307 523 479 579 ταῦτα
520 526 679 594 ἡμεῖς
715 525 945 598 ἐροῦμεν
971 528 1121 597 ύμῖν,
1158 526 1255 598 τὴν
1288 527 1580 593 ἀντίθεσιν,
1608 529 1673 601 ἣν
1705 530 1755 582 οἱ
1785 528 1889 580 τῶν

307 608 600 678 αίρετικῶν
634 609 824 671 παῖδες
891 610 1291 681 ἀντεπήγαγον,
1331 612 1412 674 εἰς
1453 612 1615 683 μέσον
1666 611 1891 683 προθέν-

307 707 415 754 τες.
456 691 552 754 Τίς
593 688 686 745 οὖν
728 694 874 745 ἐστιν
899 694 1069 763 αῦτης
1109 693 1324 767 Ἐπειδὴ
1377 694 1571 766 πρώην
1618 695 1750 767 περὶ
1790 695 1891 763 τῆς

305 772 399 826 τοῦ
421 773 753 843 Μονογενοῦς
778 775 1020 841 ἐξουσίας
1040 776 1411 848 διελεγόμεθα,
1434 777 1739 842 δεικνύντες
1769 776 1892 847 ίσην

302 852 469 911 οὖσαν
493 858 594 927 τὴν
630 856 875 921 ἐξουσίαν
909 858 1003 912 τοῦ
1032 861 1422 933 γεγεννηκότος
1455 861 1617 914 αὑτὸν
1656 861 1887 932 Πατρδς,

304 941 398 993 καὶ
428 940 594 995 πολὺν
626 942 766 1012 ὑπὲρ
796 942 1000 995 τούτων
1037 943 1395 1015 ἀναλώσαμεν
1438 944 1616 1013 λόγον,
1658 943 1891 1014 πληγέν-

302 1039 394 1086 τες
423 1026 535 1086 τοῖς
570 1024 883 1095 εἰρημένοις
908 1026 1125 1091 ἐκεῖνοι,
1156 1029 1340 1097 φωνήν
1358 1044 1481 1080 τινα
1510 1026 1889 1095 εύαγγελικὴν,

304 1106 507 1177 ἑτέρως
548 1108 647 1177 μὲν
686 1108 1003 1178 εἰρημένην,
1046 1108 1248 1180 ἑτέρως
1290 1109 1347 1163 δὲ
1395 1112 1524 1181 παρ’
1551 1110 1730 1165 αὐτῶν
1761 1112 1890 1163 ὑπο-

305 1190 628 1243 πτευθεῖσαν
657 1191 926 1261 εἰρῆσθαι,
961 1192 1165 1263 ταύτην
1198 1193 1577 1263 ἀντεπήγαγον
1607 1193 1856 1261 λέγοντες
1875 1209 1887 1222 ’

305 1276 399 1328 καὶ
432 1273 536 1343 μὴν
571 1273 911 1344 γέγραπται·
958 1274 1033 1327 Τὸ
1056 1274 1125 1327 δὲ
1162 1276 1403 1331 καθίσαι
1438 1278 1507 1329 ἐκ
1536 1276 1751 1338 δεξιῶν
1773 1295 1891 1345 μου

305 1358 405 1411 καὶ
430 1357 497 1420 ἐξ
523 1358 846 1424 εὐωνύμων
871 1359 980 1410 οὐκ
1009 1356 1182 1410 ἐστιν
1204 1358 1352 1426 ἐμὸν
1378 1358 1610 1425 δοῦναι,
1636 1359 1773 1414 ἀλλ’
1800 1354 1892 1425 οἷς

305 1440 662 1506 ἡτοίμασται
705 1441 821 1492 ὑπὸ
869 1438 977 1492 τοῦ
1031 1441 1261 1507 Πατρός
1299 1459 1442 1510 μου.

390 1521 531 1588 Ἐγὼ
545 1522 599 1574 δὲ
617 1522 752 1591 ὅπερ
768 1523 855 1574 ἀεὶ
882 1521 1187 1591 παρακαλῶ
1218 1522 1317 1593 τὴν
1353 1524 1625 1595 ὑμετέραν
1648 1524 1886 1593 ἀγάπην,

303 1602 462 1655 τοῦτο
479 1604 568 1656 καὶ
587 1608 824 1674 σήμερον
842 1604 1092 1675 παραινῶ
1108 1606 1201 1659 καὶ
1221 1606 1593 1676 συμϐουλεύω,
1612 1609 1685 1679 μὴ
1704 1608 1887 1674 ἁπλῶς

303 1687 596 1740 ἐπιέναιτά
621 1687 945 1758 γράμματα,
970 1687 1104 1741 ἀλλά
1132 1687 1505 1759 διερευνᾶσθαι
1531 1690 1598 1743 τὰ
1621 1693 1881 1763 νοήματα·

304 1770 353 1823 εἰ
374 1768 480 1841 γάρ
502 1786 587 1832 τις
617 1769 804 1834 ἁπλῶς
829 1772 948 1833 ταῖς
970 1770 1148 1835 λέξεσι
1178 1772 1575 1842 παρακάθοιτο,
1600 1775 1694 1826 καὶ
1723 1774 1888 1845 μηδὲν

304 1852 465 1907 πλέον
481 1854 586 1906 τῶν
602 1854 1005 1925 γεγραμμένων
1020 1854 1303 1926 ἐπιζητοίη
1328 1869 1377 1920 ο,
1395 1856 1563 1911 πολλὰ
1583 1858 1891 1929 ἁμαρτήσε-

302 1953 413 1989 ται.
446 1938 557 1990 Καὶ
588 1937 695 2008 γὰρ
727 1940 818 1990 καὶ
852 1938 1127 2007 πτέρυγας
1155 1939 1223 1993 τὰ
1255 1940 1561 2011 γράμματα
1582 1940 1726 2011 ἔχειν
1759 1943 1890 2011 φησὶ

302 2019 393 2072 τὸν
416 2019 565 2083 Θεὸν,
583 2021 679 2072 τοῦ
706 2023 987 2090 προφήτου
1009 2021 1278 2089 λέγοντος,
1309 2023 1392 2076 ὅτι
1428 2024 1523 2076 Ἐν
1550 2023 1747 2093 σκέπῃ
1774 2025 1891 2077 τῶν

304 2104 611 2173 πτερύγιον
640 2118 756 2158 σου
785 2103 1121 2172 σκεπάσεις
1142 2123 1239 2175 με,
1272 2106 1388 2159 ἀλλ’
1429 2108 1491 2159 ού
1540 2109 1690 2177 παρά
1732 2106 1890 2160 τοῦτο

305 2186 589 2256 πτερωτὴν
633 2191 877 2259 φήσομεν
926 2185 1066 2243 εἶναι
1110 2190 1209 2260 τὴν
1253 2190 1446 2262 νοεράν
1477 2191 1504 2230 b
1535 2192 1750 2260 ἐκείνην
1796 2192 1890 2245 καὶ

303 2268 606 2339 ἀνώλεθρον
652 2273 858 2327 ούσίαν.
905 2273 969 2326 Ei
1024 2272 1132 2345 γὰρ
1175 2274 1262 2326 ἐπ’
1304 2272 1606 2345 ἀνθρώπων
1655 2275 1755 2327 οὐκ
1809 2273 1888 2326 ἒνι

302 2350 461 2404 τοῦτο
503 2353 695 2418 εἰπεῖν,
739 2354 919 2424 πολλῷ
957 2355 1158 2425 μᾶλλον
1206 2356 1298 2408 ἐπὶ
1336 2357 1432 2428 τῆς
1469 2357 1748 2428 ἀκηράτου
1796 2356 1889 2409 καὶ

306 2435 540 2505 ἀοράτου
589 2438 681 2491 καὶ
722 2438 1103 2511 ἀκαταλήπτου
1156 2438 1371 2508 φύσεως
1417 2442 1649 2510 ἐκείνης.
1694 2440 1759 2493 Τί
1797 2436 1890 2494 οὖν

304 2521 455 2573 ἐστιν
477 2521 585 2574 ἀπὸ
604 2521 714 2574 τῶν
743 2525 1031 2595 πτερύγων
1049 2524 1267 2594 νοητέον
1296 2526 1457 2594 ἡμῖνς
1483 2524 1593 2595 Τὴν
1616 2524 1887 2595 βοήθειαν,

304 2602 404 2672 τὴν
432 2602 750 2671 ἀσφάλειαν,
782 2606 880 2675 τὴν
908 2606 1135 2674 σκέπην,
1164 2607 1263 2677 τὴν
1292 2606 1624 2675 συμμαχίαν,
1660 2607 1719 2660 τὸ
1742 2606 1891 2677 ἀχεί-

304 2701 477 2754 ρωτον
529 2687 627 2757 τῆς
674 2687 944 2758 βοηθείας.
999 2690 1167 2744 Πάλιν
1204 2688 1406 2743 ύπνοῦν
1438 2689 1599 2743 αὐτόν
1638 2705 1801 2758 φασιν
1833 2691 1889 2743 αἰ

304 2767 520 2837 Γραφαὶ
550 2768 692 2822 οὕτω
722 2772 979 2839 λέγουσαι
998 2788 1013 2801 ·
1054 2772 1378 2842 Ἀνάστηθι
1411 2775 1636 2837 ο,ίνατί
1652 2772 1886 2839 ὐπνοῖς,

303 2851 520 2916 Κύριε;
570 2851 667 2921 οὐχ
716 2853 802 2905 ἵνα
836 2854 929 2909 τὸν
960 2854 1093 2909 Θεὸν
1138 2854 1418 2909 καθεύδειν
1461 2854 1885 2925 ὑποπτεύωμενο

302 2931 462 2986 τοῦτο
507 2934 615 3005 γάρ
670 2936 904 3007 ἐσχάτης
953 2938 1169 3002 ἀνοίας*
1213 2937 1349 2992 ἀλλά
1395 2938 1473 3008 τῷ
1516 2939 1742 3008 ὀνόματι
1793 2938 1888 2992 τοῦ

306 3014 473 3070 ὕπνου
522 3018 618 3090 τὴν
670 3019 1049 3091 μακροθυμίαν
1078 3022 1172 3075 καὶ
1215 3022 1315 3093 τὴν
1363 3021 1712 3087 ἀνεξικακίαν
1758 3023 1891 3093 ἡμῖν

305 3099 685 3170 ἐμφαίνουσαι.
711 3102 936 3173 Ἕτερος
966 3103 1021 3156 δὲ
1050 3105 1333 3175 προφήτης
1362 3104 1517 3174 φησί·
1552 3103 1650 3172 Μὴ
1673 3107 1788 3172 ἐστι
1812 3105 1893 3169 ὡς

303 3181 618 3252 ἄνθρωπος
657 3183 896 3249 ὑπνῶν;
942 3186 1102 3256 Ὁρᾷς
1129 3186 1212 3238 ὅτι
1245 3187 1444 3258 πολλῆς
1472 3188 1605 3258 ἡμῖν
1637 3186 1739 3256 τῆς
1771 3204 1894 3240 συν-

305 3265 475 3329 έσεως
501 3267 659 3338 χρεία
687 3268 778 3321 τὸν
811 3266 1085 3338 θησαυρὸν
1122 3269 1569 3340 διερευνωμένοις
1597 3269 1707 3322 τῶν
1733 3269 1893 3323 θείων

306 3349 572 3420 Γραφῶν;
616 3351 692 3414 ('0;
745 3351 840 3404 ἐάν
886 3351 1075 3413 ἁπλῶς
1123 3353 1217 3404 καὶ
1268 3353 1394 3423 είκῆ
1444 3354 1538 3407 καὶ
1580 3353 1657 3417 ὡς
1707 3353 1893 3423 ἔτυχεν

307 3430 594 3501 ἀκούωμεν
625 3432 733 3486 τῶν
763 3433 1092 3503 λεγομένων,
1119 3434 1182 3485 ού
1226 3434 1385 3504 μόνον
1415 3435 1483 3488 τά
1509 3436 1685 3489 ἄτοπα
1713 3438 1894 3489 ἐκεῖνα

307 3512 515 3582 Ξψεται,
547 3513 684 3567 ἀλλά
714 3516 810 3569 καὶ
843 3516 1012 3586 πολλὴ
1049 3517 1197 3586 μάχη
1226 3519 1283 3570 ἐν
1314 3521 1429 3581 τοῖς
1459 3518 1767 3589 εἰρημένοις
1795 3536 1897 3587 φας

307 3600 497 3651 νεῖται.
534 3596 685 3670 [515]
721 3599 779 3652 Ὀ
811 3600 911 3668 μὲν
935 3601 1042 3670 γάρ
1082 3599 1284 3654 ύπνοῦν
1306 3602 1468 3654 αὐτόν
1491 3601 1789 3672 φησιν,όδὲ
1819 3603 1893 3674 μὴ

309 3679 540 3733 ύπνοῦν·
576 3680 689 3734 ἀλλ’
722 3682 1004 3753 ἀμφότερα
1040 3683 1238 3755 ἀληθῆ,
1275 3683 1342 3737 ἀν
1379 3684 1477 3756 τὴν
1515 3687 1892 3756 προσήκουσαν

308 3760 516 3817 ἔννοιαν
539 3758 793 3837 ὲκλάϐῃς.
824 3767 883 3819 Ὀ
914 3767 1012 3837 μὲν
1041 3766 1151 3839 γὰρ
1187 3766 1359 3835 λέγων
1384 3768 1547 3822 αὑτὸν
1574 3767 1773 3821 ύπνοῦν
1795 3771 1893 3840 τὴν

308 3846 556 3901 ἐπίτασιν
574 3849 675 3918 τῆς
706 3848 1089 3920 μακροθυμίας
1112 3851 1464 3914 ἐνδείκνυται,
1490 3853 1519 3904 ὁ
1540 3852 1596 3905 δὲ
1620 3852 1792 3921 λέγων
1820 3853 1893 3924 μὴ

309 3929 531 3994 ὑπνοῦν,
557 3932 618 3984 τὸ
638 3933 912 4003 ἀκήρατον
938 3933 1035 4003 τῆς
1058 3934 1273 4003 φύσεως
1295 3937 1428 4005 ἡμῖν
1452 3935 1724 4005 ἐμφαίνει.
1742 3936 1895 3988 Ἐπεὶ

306 4010 402 4068 οὖν
433 4014 634 4086 πολλῆς
667 4017 936 4081 συνέσεως
969 4019 1100 4090 ἡμῖν
1136 4019 1313 4090 χρεία,
1348 4019 1484 4091 μηδὲ
1520 4018 1677 4072 τοῦτο
1710 4020 1895 4084 ἁπλῶς

309 4097 629 4167 ἐκλάϐωμεν
648 4098 709 4151 τδ
732 4100 1040 4171 εἰρημένον,
1059 4102 1122 4154 τὸ
1149 4104 1269 4155 Οὐκ
1300 4103 1473 4155 ἐστιν
1489 4101 1637 4170 ἐμὸν
1659 4101 1891 4168 δοῦναι,

309 4181 449 4234 ἀλλ’
479 4178 568 4246 οἷς
592 4180 951 4249 ἡτοίμασται
983 4184 1107 4238 ὑπὸ
1133 4185 1237 4237 τοῦ
1260 4186 1490 4251 Πατρός
1510 4202 1649 4251 μου.
1684 4187 1759 4237 Ού
1786 4186 1893 4257 γάρ

311 4263 559 4329 ἐξουσίας
596 4262 869 4336 ἀναίρεσις
921 4264 1100 4328 τοῦτο,
1147 4266 1267 4318 ούδέ
1311 4265 1599 4330 αὐθεντίας
1645 4267 1895 4338 ἀκρωτη-

313 4346 563 4416 ριασμδς,
610 4346 750 4399 ἀλλά
777 4348 1103 4418 κηδεμονίας
1140 4348 1340 4419 πολλῆς
1370 4348 1645 4413 ἀπόδειξις
1684 4352 1777 4403 καὶ
1810 4366 1897 4402 σο-

313 4429 442 4496 φίας
473 4429 567 4481 καλ⁵
588 4429 843 4500 προνοίας
870 4430 968 4501 τῆς
995 4430 1135 4501 ὑπὲρ
1156 4430 1250 4484 τοῦ
1273 4431 1461 4499 γένους
1486 4432 1580 4484 τοῦ
1603 4432 1893 4504 ἡμετέρου.

316 4512 436 4565 Ὅτι
473 4512 582 4584 γάρ
609 4511 798 4584 κύριός
828 4514 943 4566 ἐστι
976 4514 1071 4566 καὶ
1117 4514 1366 4579 κολάζειν
1403 4516 1497 4568 καὶ
1521 4518 1706 4587 τιμᾷν,
1734 4517 1898 4571 ἀκου⁶

313 4612 406 4648 σον
434 4596 485 4649 τί
517 4612 680 4667 φησιν
712 4596 873 4658 αὐτὸς
896 4598 926 4649 ό
949 4594 1120 4649 ταῦτα
1146 4597 1319 4665 λέγων
1341 4614 1356 4631 ο
1381 4597 1569 4652 ’Ὅταν
1590 4598 1761 4667 ἔλθῃ,
1792 4617 1898 4671 φη-

315 4677 421 4741 σιν,
449 4681 483 4732 ό
520 4678 654 4745 Υἱὸς
683 4678 789 4732 τοῦ
813 4677 1127 4746 ἀνθρώπου
1152 4679 1223 4733 ἐν
1250 4679 1325 4748 τῇ
1356 4680 1508 4749 δόξη
1530 4681 1635 4735 τοῦ
1670 4682 1900 4750 Πατρός

311 4761 524 4827 αὑτοῦ,
560 4760 780 4830 στήσει
802 4759 878 4814 τὰ
909 4763 1173 4829 πρόϐατα
1201 4763 1271 4817 ἐκ
1296 4763 1530 4827 δεξιῶν,
1557 4765 1655 4818 καί
1686 4770 1759 4819 τὰ
1786 4765 1901 4833 ἐρί-

311 4862 422 4917 φια
447 4844 516 4909 ἐξ
546 4845 885 4914 εὐωνύμων,
914 4845 1011 4900 καί
1034 4846 1155 4914 ἐρεῖ
1183 4846 1308 4913 τοῖς
1334 4848 1403 4899 ἐκ
1443 4846 1647 4911 δεξιῶν
1675 4849 1864 4902 αὐτοῦ
1883 4866 1897 4879 ·

315 4927 515 4993 Δεῦτε,
546 4929 603 4980 οι
638 4927 1027 4997 εὐλογημένοι
1056 4929 1162 4983 τοῦ
1197 4931 1432 4999 Πατρός
1458 4947 1594 4998 μου,
1615 4933 1903 4999 κληρονο-

312 5009 548 5079 μήσατε
594 5008 711 5079 τὴν
749 5009 1197 5081 ἡτοιμασμένην
1234 5012 1378 5082 ὑμῖν
1412 5013 1742 5076 ,βασιλείαν
1782 5014 1902 5069 ἀπὸ

318 5091 653 5162 καταϐολῆς
680 5096 934 5165 κόσμου.
981 5096 1302 5150 Ἐπείνασα
1333 5096 1464 5166 γὰρ,
1508 5099 1606 5151 καί
1647 5096 1904 5152 ἐδώκατέ

313 5194 416 5247 μοι
441 5177 655 5249 φαγεῖν
675 5195 689 5211 ο
723 5178 1013 5247 ἐδίψησα,
1043 5178 1143 5233 καὶ
1173 5178 1493 5233 ἐποτίσατέ
1512 5197 1590 5250 με
1612 5188 1661 5233 α.
1695 5181 1821 5243 Τοῖς
1848 5181 1905 5233 δὲ

318 5261 381 5327 ὶξ
409 5261 703 5332 εὐωνύμων
732 5262 874 5329 ἐρεί⁶
899 5262 1234 5329 Πορεύεσθε
1253 5262 1539 5334 ἀπ’έμοῦ,
1572 5266 1624 5315 οἱ
1650 5279 1902 5329 κατηραο

313 5344 512 5412 μένοι,
530 5347 617 5411 είς
637 5357 704 5398 το
723 5344 842 5412 πῦρ
866 5343 934 5396 τὸ
955 5343 1400 5414 ἡτοιμασμένον
1422 5344 1501 5410 τῷ
1525 5345 1783 5409 διαϐόλῳ
1805 5346 1903 5399 καὶ

320 5426 446 5492 τοῖς
495 5426 769 5496 ἀγγέλοις
826 5424 1033 5479 αὑτοῦ.
1083 5427 1410 5480 Ἐπείνασα
1467 5425 1596 5495 γὰρ,
1650 5428 1749 5480 καί
1793 5430 1905 5481 οὐκ

383 5531 411 5598 _‘
444 5533 527 5598 Sic
548 5546 719 5598 omines
743 5533 850 5584 fere
870 5548 1008 5593 mss...
1025 5542 1174 5598 atque
1195 5537 1261 5586 ita
1284 5535 1554 5597 legendum
1577 5535 1788 5584 videtur.
1804 5535 1906 5586 Mo-

322 5594 419 5656 rel-
446 5594 725 5656 ἐπιζητήσο-

382 5651 535 5717 ῙΡΔΙίἱ
567 5651 652 5711 τὴν
673 5651 816 5717 ίέράν.
912 5716 921 5717 7
1758 5668 1781 5691 δ

388 5716 413 5779 °_
438 5712 701 5779 Τιςεεηιεε.
719 5712 944 5779 'e_l_Savil.
965 5721 1015 5766 αι
1040 5718 1239 5779 Γραφαὶ,
1262 5720 1327 5773 ὡς
1348 5718 1396 5766 έν
1417 5719 1505 5779 τῷ,
1530 5739 1555 5762 ιι
1591 5717 1902 5776 Ἀνάστηθι.»

1064 248 1122 303 S.
1161 247 1452 304 JOANNIS
1487 249 1893 306 CIIRYSOSTO

2018 247 2342 305 ΑιιαηΕΡ.
2385 243 2935 302 CONSTANTINOP.

3477 247 3581 301 770

2001 359 2258 414 ἐδώκατέ
2283 376 2383 428 μοι
2412 356 2625 428 φαγεῖν
2642 372 2657 389 ο
2685 357 2976 425 ἐδίψησα,
3002 355 3099 409 καί
3129 358 3241 410 οὐκ
3266 357 3587 415 ἐποτίσατέ

1986 459 2093 512 με·
2135 441 2311 508 ξένος
2357 440 2539 509 ἤμην,
2592 440 2689 494 καί
2744 446 2818 495 οὐ
2863 439 3235 510 συνηγάγετέ
3272 458 3367 510 με.
3431 440 3585 507 Εἶδες

1993 527 2174 597 κρίσιν
2195 523 2632 595 ἀπηρτισμένην,
2663 525 2758 577 καὶ
2789 522 2905 587 πῶς
2938 524 3030 577 καὶ
3049 526 3182 595 τιμᾷ
3217 527 3307 578 καὶ
3342 527 3581 592 κολάζει,

1993 612 2087 664 καὶ
2122 611 2375 680 στεφανοῖ
2421 608 2515 662 καὶ
2560 611 2917 679 τιμωρεῖται,
2955 608 3048 660 καὶ
3080 610 3204 672 τοὺς
3239 610 3338 678 μὲν
3376 614 3457 675 εἰς
3485 616 3585 681 τὴν

1995 693 2271 765 βασιλείαν
2294 691 2526 760 εἰσάγει,
2543 694 2668 755 τοὺς
2690 692 2746 745 δὲ
2768 693 2845 755 είς
2869 689 2965 762 τὴν
2986 692 3205 759 γέενναν
3231 694 3584 763 ἀποπέμπεις

2067 776 2134 848 β’.
2153 778 2352 830 Σκόπει
2374 775 2431 829 δέ
2460 776 2553 828 καὶ
2569 773 2804 828 ἐνταῦθα
2826 774 2924 845 τὴν
2955 775 3156 846 πολλὴν
3174 776 3300 845 περὶ
3316 779 3468 847 ἡμᾶς
3489 779 3589 831 αύ-

1992 861 2084 915 τοῦ
2120 859 2445 933 κηδεμονίαν
2483 872 2527 916 ο.
2560 860 2685 922 Τοῖς
2725 858 2825 929 μὲν
2857 858 2966 928 γὰρ
3008 860 3463 930 στεφανουμένοις
3493 860 3586 915 ὅτε

1991 943 2282 1012 διελέγετο,
2322 942 2520 1007 Δεῦτε,
2554 943 2738 1011 φησὶν,
2781 943 2835 994 οἱ
2879 943 3271 1011 εὐλογημένοι
3310 942 3418 996 τοῦ
3467 946 3587 997 Πα-

1992 1015 2134 1096 τρός
2185 1042 2341 1095 μου,
2392 1024 2888 1094 κληρονομήσατε
2953 1024 3070 1092 τὴν
3132 1025 3585 1094 ἡτοιμασμένην

1992 1109 2135 1178 ὑμῖν
2155 1109 2485 1173 ,βασιλείαν
2516 1108 2630 1176 πρὸ
2677 1106 3021 1175 καταϐολῆς
3065 1108 3330 1176 κόσμου·
3378 1111 3495 1171 τοῖς
3525 1108 3584 1161 δὲ

1992 1192 2374 1263 κολαζομένοις
2398 1193 2498 1246 οὐκ
2524 1188 2645 1244 εἷπε
2664 1207 2678 1221 ’
2708 1189 3012 1263 Πορεύεσθε
3040 1191 3134 1243 ἀπ’
3164 1190 3321 1261 ἐμοῦ,
3360 1194 3411 1244 οἰ
3449 1209 3584 1246 κατ-

1992 1276 2278 1348 ηραμένοι,
2308 1277 2387 1338 εἰς
2414 1274 2475 1328 τὸ
2509 1273 2622 1343 πῦρ
2645 1273 2707 1326 τὸ
2735 1271 3134 1343 ἡτοιμασμένον
3155 1273 3303 1343 ὑμῖν,
3339 1274 3474 1327 ἀλλά
3515 1276 3585 1329 Τὸ

1993 1358 2437 1429 ἡτοιμασμένον
2477 1356 2558 1422 τῷ
2602 1355 2879 1423 διαϐόλῳ.
2928 1356 2971 1408 Τ
2974 1355 3039 1426 ὴν
3104 1356 3201 1426 μὲν
3259 1357 3368 1428 γὰρ
3428 1357 3587 1427 βασι-

1991 1442 2139 1495 λείαν
2192 1440 2499 1512 ἀνθρώποις
2556 1439 2830 1509 ἡτοίμασα
2879 1436 2925 1501 ί,
2961 1438 3062 1509 τὴν
3110 1439 3168 1492 δὲ
3209 1439 3436 1507 γέενναν
3484 1440 3587 1493 οὐκ

1992 1525 2320 1597 ἀνθρώποις,
2349 1525 2533 1593 φησὶν,
2561 1521 2699 1576 ἀλλά
2726 1521 2803 1592 τῷ
2823 1521 3052 1591 διαϐόλῳ
3079 1523 3171 1574 καί
3194 1525 3309 1584 τοῖς
3334 1523 3588 1592 ἀγγέλοις

1990 1612 2104 1673 τοῖς
2136 1610 2343 1661 ἐκείνου
2393 1606 2802 1677 παρεσκεύασα.
2840 1606 2901 1658 Εἰ
2941 1604 2996 1658 δὲ
3028 1606 3184 1674 ὑμεῖς
3213 1605 3457 1659 τοιοῦτον
3490 1609 3587 1659 ἐπι

1994 1689 2266 1755 εδείξασθε
2299 1689 2433 1760 βίον,
2471 1689 2546 1751 ὡς
2577 1687 2717 1752 ἀξιοι
2754 1687 3009 1756 γενέσθαι
3048 1690 3147 1758 τῆς
3186 1688 3462 1753 κολάσεως
3492 1689 3588 1741 καὶ

1992 1774 2093 1843 τῆς
2117 1773 2408 1844 τιμωρίας,
2441 1773 2653 1834 ἑαυτοῖς
2697 1771 2764 1825 ἂν
2796 1771 2942 1839 είητε
2968 1772 3126 1825 τοῦτο
3169 1771 3477 1841 λογίζεσθαι
3501 1774 3585 1825 δία

1992 1872 2158 1911 καιοι.
2191 1857 2299 1909 Καὶ
2334 1855 2523 1908 σκόπει
2552 1853 2614 1907 τὸ
2646 1854 2783 1925 πρὸς
2815 1853 3222 1924 φιλανθρωπίαν
3253 1855 3583 1926 ἐπιρῤεπές·

1991 1938 2142 1993 οῦπω
2187 1939 2297 2008 γὰρ
2338 1938 2447 1991 τῶν
2490 1936 2809 2005 ἀγωνιστῶν
2854 1938 3183 2007 γενομένων,
3225 1940 3277 1991 οἰ
3325 1940 3587 2008 στέφανοι

1991 2021 2543 2094 προητοιμάσθησαν,
2591 2022 2685 2073 καὶ
2736 2019 2804 2073 τά
2852 2019 3083 2090 βραϐεῖα
3131 2022 3588 2092 προπαρεσκευά-

1992 2106 2218 2176 σθησαν.
2272 2103 2786 2172 κληρονομήσατε
2842 2102 2973 2174 γὰρ,
3027 2103 3184 2173 φησὶ,
3251 2102 3366 2170 τὴν
3401 2104 3590 2167 βασι.

1989 2190 2165 2242 λείαν
2217 2185 2332 2255 τὴν
2382 2184 2837 2255 ἡτοιμασμένην
2879 2184 3022 2253 ὑμῖν
3076 2185 3190 2253 πρὸ
3242 2185 3587 2253 καταϐολῆς

1991 2273 2245 2339 κόσμου.
2274 2269 2384 2323 Καὶ
2411 2269 2504 2321 ἐπὶ
2543 2267 2642 2337 τῆς
2675 2267 2989 2339 παραϐολῆς
3036 2268 3095 2322 δὲ
3141 2266 3250 2323 τῶν
3285 2267 3416 2322 δέκα
3448 2284 3588 2337 παρ-

1991 2359 2158 2411 θένων
2199 2358 2259 2411 τὸ
2305 2356 2545 2410 τοιοῦτον
2596 2356 2693 2409 ἴδοι
2746 2374 2832 2420 τις
2874 2358 2973 2411 ἀν’
3020 2356 3207 2429 ἐπειδὴ
3243 2356 3353 2428 γὰρ
3392 2356 3586 2427 ἔμελλε

1992 2441 2387 2513 παραγίνεσθαι
2434 2443 2463 2494 ὁ
2519 2441 2770 2511 νυμφίος,
2815 2440 3064 2509 λέγουσιν
3113 2442 3171 2493 αἰ
3235 2441 3417 2511 μωραὶ
3463 2442 3589 2503 ταῖς

1991 2527 2311 2599 φρονίμοις·
2356 2526 2499 2579 Δότε
2545 2524 2690 2594 ἡμῖν
2725 2523 2845 2579 ἀπὸ
2893 2523 3001 2577 τοῦ
3045 2523 3254 2578 ἐλαίου
3299 2521 3489 2592 ὑμῶν.
3521 2523 3588 2576 AI

1990 2611 2058 2664 δέ
2109 2611 2259 2678 πρὸς
2293 2609 2510 2674 αὐτοῖς’
2552 2607 2801 2674 Μήποτε
2857 2609 2969 2662 οὐκ
3018 2608 3247 2676 ἀρκέσῃ
3282 2606 3433 2676 ἡμῖν
3487 2606 3585 2659 καί

1990 2693 2160 2762 ὑμῖν·
2190 2694 2250 2746 ού
2275 2710 2341 2745 πε
2353 2692 2405 2764 ρὶ
2432 2692 2615 2747 ἐλαίου
2642 2692 2877 2747 ἐνταῦθα
2904 2692 3000 2745 καὶ
3027 2692 3196 2762 πυρὸς
3221 2690 3584 2760 διαλεγομένη

1990 2780 2023 2847 ἡ
2061 2776 2282 2847 Γραφὴ,
2336 2775 2472 2829 ἀλλά
2503 2776 2632 2847 περὶ
2678 2775 2979 2847 παρθενίας
3020 2776 3116 2828 καὶ
3149 2773 3584 2844 φιλανθρωπίας.

1992 2859 2086 2913 καὶ
2117 2858 2212 2928 τὴν
2237 2859 2335 2929 μὲν
2358 2858 2657 2929 παρθενίαν
2687 2861 2744 2912 ἐν
2764 2858 2915 2925 τάξει
2937 2858 3129 2929 πυρὸς,
3149 2859 3248 2927 τὴν
3274 2856 3330 2908 δέ
3353 2855 3584 2924 ἐλεημο-

1995 2940 2160 3012 σύνην
2199 2943 2257 2995 ἐν
2289 2939 2439 3005 τάξει
2470 2940 2653 2995 ἐλαίου
2686 2941 2905 3011 τίθησι,
2951 2938 3209 2994 δεικνῦσα
3257 2939 3340 2992 ὅτι
3375 2938 3587 3006 σφόδρα

1991 3023 2165 3076 δεῖται
2196 3022 2670 3095 φιλανθρωπίαςή
2718 3024 3022 3094 παρθενία,
3068 3023 3165 3076 καὶ
3211 3022 3338 3076 ἀνευ
3378 3019 3584 3091 ταύτης

1998 3105 2238 3176 σωθῆναι
2271 3108 2372 3159 οὐκ
2417 3105 2517 3159 ἔνι.
2554 3105 2711 3169 Τίνες
2754 3107 2811 3159 δὲ
2858 3109 2908 3159 οί
2958 3106 3020 3159 τὸ
3051 3104 3228 3158 ἔλαιον
3273 3102 3434 3157 τοῦτο
3471 3118 3561 3155 πω

1993 3186 2246 3254 λοῦντες;
2290 3189 2446 3251 Τίνες
2501 3187 2652 3242 ἄλλοι
2702 3187 2818 3243 ἀλλ’
2866 3188 2900 3259 ἢ
2950 3189 3001 3240 οἰ
3053 3187 3319 3257 πένητες;
3363 3185 3427 3237 ού
3477 3184 3587 3252 γάρ

1993 3270 2332 3341 λαμϐάνουσι
2384 3271 2588 3342 μᾶλλον
2640 3271 2673 3343 ἢ
2723 3271 2949 3325 διδόασι.
3000 3269 3091 3341 Μὴ
3138 3269 3202 3339 δὴ
3256 3267 3450 3338 νόμιζε
3490 3270 3585 3333 tif:

1995 3352 2364 3423 ἐλεημοσύνην
2408 3354 2672 3423 ἀνάλωμα
2715 3349 2889 3416 εἶναι,
2932 3352 3069 3406 ἀλλά
3114 3350 3394 3424 πρόσοδον,
3450 3350 3585 3419 μηδὲ

1997 3434 2149 3507 [516]
2195 3436 2470 3508 δαπάνην,
2512 3436 2648 3490 ἀλλά
2695 3436 3111 3508 πραγματείαν’
3150 3433 3375 3505 μείζονα
3417 3433 3531 3504 γὰρ
3560 3434 3585 3473 ε

1994 3519 2060 3571 λα
2069 3519 2291 3589 μϐάνεις
2320 3520 2352 3590 ἣ
2381 3515 2557 3584 δίδως.
2586 3518 2756 3582 Δίδως
2784 3520 2968 3586 ἄρτον,
2992 3518 3085 3571 καὶ
3112 3516 3410 3588 λαμϐάνεις
3437 3515 3585 3586 ζωὴν

1996 3603 2239 3655 αίιὺνιονο
2286 3602 2442 3665 δίδως
2494 3603 2744 3673 ἱμάτιον,
2783 3602 2879 3656 καὶ
2928 3601 3224 3671 λαμϐάνεις
3271 3597 3582 3669 ἀφθαρσίας

1999 3684 2338 3756 περιϐόλαιον
2355 3703 2370 3715 ’
2412 3685 2572 3749 δίδως
2599 3684 2884 3738 κοινωνίαν
2917 3683 3136 3753 στέγης,
3160 3683 3255 3736 καὶ
3281 3681 3584 3752 λαμϐάνεις

1998 3767 2277 3837 βασιλείαν
2324 3768 2603 3840 οὐρανῶν·
2637 3768 2899 3839 παρέχεις
2948 3767 3017 3820 τά
3064 3765 3452 3833 ἀπολλύμενα,
3489 3765 3584 3818 καὶ

1994 3851 2121 3921 δέχῃ
2175 3850 2245 3903 τὰ
2287 3850 2553 3922 διηνεκῶς
2609 3852 2860 3922 μένοντα.
2912 3850 3025 3903 Καὶ
3079 3849 3196 3914 πῶς
3232 3848 3300 3902 ἀν
3344 3848 3583 3918 δύναμαι

1994 3933 2163 3986 ἐλεεῖν
2185 3973 2198 3995 ,
2232 3933 2423 4002 πένης,
2460 3933 2646 4004 φησὶν,
2689 3932 2798 3999 GN;

2065 4015 2317 4069 Μάλιστα
2379 4016 2506 4069 ὅταν
2567 4016 2736 4087 πένης
2789 4011 2887 4087 ᾖς,
2939 4015 3061 4069 τότε
3116 4015 3345 4068 δύνασαι
3387 4015 3577 4068 ἐλεεῖν.

2007 4098 2065 4151 '0
2113 4097 2211 4167 μὲν
2265 4097 2374 4168 γάρ
2429 4097 2672 4151 πλουτῶν
2733 4097 2947 4170 μεθύων
3001 4100 3068 4168 τῇ
3129 4098 3419 4168 περιουσία
3472 4098 3582 4163 τῶν

1995 4181 2332 4252 χρημάτων,
2386 4181 2479 4233 καὶ
2531 4181 2767 4251 πυρετὸν
2818 4180 3200 4251 χαλεπώτατον
3257 4180 3580 4251 πυρέττων,

1996 4264 2093 4317 καὶ
2140 4263 2435 4334 ἀκόρεστον
2496 4262 2637 4332 έχων
2700 4262 2915 4333 ἔρωτα,
2984 4262 3207 4316 πλείονα
3264 4265 3441 4316 ποιεῖν
3510 4261 3587 4315 τὰ

1996 4346 2130 4399 ὅντα
2195 4344 2482 4413 βούλεταιο
2543 4348 2572 4399 ὁ
2617 4345 2673 4399 δὲ
2726 4345 2896 4416 πένης
2921 4344 3126 4416 ταύτης
3164 4344 3584 4415 ἀπηλλαγμένος

1998 4429 2097 4499 τῆς
2120 4428 2300 4490 νόσου,
2330 4428 2423 4481 καὶ
2444 4427 2546 4498 τῆς
2575 4428 2887 4500 ἀρρωστίας
2919 4428 3263 4499 καθαρεύων,
3287 4426 3587 4481 εὐκολώτε-

2004 4528 2094 4582 ρον
2128 4513 2191 4563 ὲκ
2223 4509 2332 4564 τῶν
2365 4510 2533 4564 ὄντων
2568 4513 2885 4583 προήσεται.
2931 4512 3007 4564 Οὐ
3047 4512 3157 4579 γὰρ
3185 4511 3254 4563 τὰ
3286 4511 3460 4582 μέτρα
3485 4512 3586 4573 1i;

2000 4592 2207 4655 οὐσίας,
2238 4593 2373 4646 ἀλλά
2401 4593 2470 4646 τά
2500 4594 2675 4665 μέτρα
2708 4594 2809 4665 τῆς
2834 4594 3059 4665 γνώμης
3087 4595 3185 4664 τὴν
3211 4593 3585 4665 ἐλεημοσύνην

2003 4675 2330 4748 ἐργάζεσθαι
2368 4676 2644 4745 πέφυκενο
2688 4678 2810 4729 ἐπεὶ
2852 4676 2948 4730 καὶ
2992 4679 3024 4748 ή
3063 4678 3209 4749 χήρα
3246 4678 3429 4747 ἐκείνη
3459 4678 3587 4729 τότε

2001 4757 2094 4812 δύο
2126 4759 2425 4812 κατέϐαλεν
2456 4759 2696 4824 ὀϐολοὺς,
2729 4760 2823 4813 καὶ
2854 4761 2980 4823 τοὺς
3011 4759 3089 4831 τῷ
3124 4758 3339 4829 πλούτῳ
3369 4759 3589 4829 κομῶν-

2000 4858 2097 4905 τας
2119 4841 2538 4913 ύπερηκόντισε,
2564 4842 2658 4896 καὶ
2682 4845 2715 4913 ὴ
2737 4843 2902 4914 ἑτέρα
2925 4843 3070 4913 χήρα
3089 4843 3147 4896 ἐν
3169 4841 3328 4913 δρακὶ
3350 4841 3589 4912 ἀλεύρου

2003 4924 2097 4975 καὶ
2119 4923 2283 4995 ὀλίγῳ
2302 4924 2467 4995 ἐλαίῳ
2484 4923 2583 4997 τὴν
2602 4925 2956 4998 οὐρανομήκη
2979 4924 3154 4996 ψυχὴν
3174 4923 3390 4995 ἐκείνην
3409 4924 3588 4991 ἐξενο-

2004 5004 2233 5076 δόχησε,
2287 5007 2383 5060 καὶ
2421 5008 2648 5079 οὐδεμιᾷ
2693 5007 2901 5061 τούτων
2936 5007 3159 5077 γέγονεν
3194 5010 3227 5079 ἡ
3274 5008 3433 5060 πενία
3470 5007 3584 5060 κὼ-

2003 5088 2170 5159 λιῖμα.
2200 5088 2291 5160 Μὴ
2317 5089 2380 5161 δὴ
2425 5089 2761 5161 προφασίζου
2801 5091 3029 5162 περιττά
3075 5091 3169 5145 καὶ
3210 5091 3474 5161 ἀνόνητα·
3522 5093 3588 5145 οὐ

2007 5172 2113 5243 γάρ
2168 5174 2485 5245 περιουσίαν
2542 5175 2801 5244 εἰσφορᾶς
2860 5175 3115 5239 ἀπαιτεῖ,
3162 5173 3298 5226 ἀλλά
3356 5172 3590 5227 πλοῦτον

2006 5256 2379 5327 προαιρέσεως
2399 5275 2411 5287 ·
2439 5256 2497 5320 ὃς
2523 5258 2624 5310 οὐκ
2652 5256 2760 5309 ἀπὸ
2786 5255 2879 5309 τοῦ
2906 5258 3105 5327 μέτρου
3125 5255 3236 5309 τῶν
3261 5255 3587 5326 δεδομένωι,

2004 5338 2120 5391 ἀλλ’
2146 5338 2254 5391 ἀπὸ
2279 5339 2379 5409 τῆς
2399 5340 2707 5411 προθυμίας
2733 5340 2843 5403 τῶν
2868 5339 3214 5410 παρεχόντων
3234 5338 3511 5392 δείκνυται
3533 5337 3590 5390 ι.

2067 5479 2206 5546 tim
2229 5482 2314 5538 τήν
2334 5483 2514 5546 πολλὴν
2528 5484 2638 5546 περὶ
2657 5483 2713 5531 τὸ
2731 5484 2863 5543 γένος
2882 5485 3020 5545 ἡμῶν

2072 5538 2093 5577 ί
2120 5540 2248 5589 ’l‘res
2286 5555 2401 5590 mss.
2430 5538 2706 5605 ἡτοίμασεν,
2735 5538 2787 5592 ἑι
2817 5538 2929 5593 moi
2952 5546 3060 5606 ἀγγ.
3096 5538 3262 5592 αὐτοῦ.
3286 5545 3343 5593 Εἰ
3365 5544 3586 5604 δὲὺμεῖς.

2071 5602 2097 5640 ⁸
2122 5602 2338 5659 Quatuor
2359 5617 2474 5653 mss.
2498 5605 2641 5660 μείζω
2662 5605 2767 5660 γάρ.

2072 5620 2096 5640 ο
2122 5620 2338 5659 qualum
2359 5620 2474 5653 mss.
2498 5620 2641 5665 μειςω
2725 5620 2767 5667 ρ.

2072 5660 2241 5733 {Han}
2261 5669 2341 5711 est
2362 5666 2604 5733 scripugg-a
2623 5621 2813 5733 alﬁpog
2841 5678 2958 5733 lpus.
2981 5671 3043 5733 _et
3063 5663 3254 5721 Savilii,
3274 5679 3421 5733 qvam
3449 5666 3587 5733 ὶιοηο

2014 5723 2353 5790 [efglconianay
2373 5723 2679 5790 pragtulimus
2699 5723 2770 5790 sic
2788 5727 2992 5790 haben”
3134 5723 3473 5790 προαιρέσεως
3499 5728 3591 5775 οὐκ

386 5770 1021 5855 1'.“11“i‘,2_§3?".‘;5°f§°_;
1033 5770 1159 5855 ξέθοέ
1171 5770 1324 5837 ἤιληνέ
1339 5780 1419 5825 καὶ
1442 5770 1726 5843 ἀνηγάγετί
1754 5770 1832 5843 μὶν
1854 5793 1893 5833 ει

2012 5770 2109 5855 διςῦ
2139 5799 2261 5855 τημ.
2282 5770 2677 5848 τεντδιεδαιζιῑιζ
2701 5770 3592 5851 {ei};'Jréékéiféf'ﬁééix;

328 5843 440 5879 mox
464 5833 518 5878 τὸ
546 5835 735 5879 αἰώνιον
759 5839 869 5892 post
888 5836 943 5882 τὸ
961 5836 1072 5888 πῦρ.

2019 5846 2129 5891 σθαι
2146 5846 2373 5895 πέφυκεν.
