3854 6222
227 305 343 360 769

230 439 354 493 qua}
383 435 509 476 vero
542 429 666 474 sunt
691 415 848 472 hodie
886 415 1132 483 dicenda,
1164 429 1262 468 nos
1291 411 1442 465 vobis
1471 409 1730 468 dicemus,
1760 411 1817 457 et

233 511 614 580 objectiouem,
643 523 803 579 quam
837 505 1069 560 haeretici
1102 503 1253 558 nobis
1279 507 1570 570 opponunt,
1618 496 1670 550 in
1702 510 1812 547 tue-

232 601 381 654 dimu
411 598 763 669 proferemus.
791 597 1045 664 Quzenam
1070 595 1227 664 igitur
1249 592 1334 646 illa
1361 590 1478 646 est?
1499 588 1629 655 Quia
1652 600 1820 653 nuper

233 690 306 743 de
337 689 589 757 unigeniti
637 696 900 756 potestate
944 684 1314 744 disseruimus,
1358 691 1582 748 eamque
1625 675 1816 738 Patris,

235 798 265 834 a
299 797 406 852 quo
427 781 636 851 genitos
665 789 768 842 est,
801 778 1048 849 potestati
1079 791 1256 846 parem
1291 787 1411 828 esse
1432 767 1818 826 demonstravi-

235 889 378 938 mus,
403 873 534 926 etin
576 887 693 926 eam
725 887 837 924 rem
882 883 1156 924 sermones
1189 865 1384 920 multos
1425 860 1815 930 impendimus:

237 963 324 1017 his
353 964 426 1018 illi
468 963 697 1034 perculsi
737 961 892 1015 dictis
933 958 1290 1028 evangelicam
1317 969 1498 1008 rocz-m
1535 950 1816 1021 quamdam

236 1055 363 1121 alio,
388 1071 543 1124 quam
574 1053 646 1108 illi
669 1052 1024 1119 surpicantur,
1051 1047 1209 1100 modo
1233 1046 1425 1100 dictam
1455 1041 1688 1095 vicissim
1726 1055 1820 1093 no-

236 1145 324 1198 his
351 1145 682 1213 objecerunt.
712 1144 886 1212 Atque
915 1141 1170 1208 scriptttm
1200 1147 1301 1200 est,
1336 1135 1596 1204 inquiunt,
1633 1130 1820 1185 Sedere

236 1248 404 1288 autem
434 1235 500 1286 ad
520 1235 776 1287 dexteram
806 1249 965 1284 meum
992 1240 1036 1284 ct
1063 1229 1129 1282 ad
1158 1229 1411 1281 sinistrum
1441 1240 1538 1278 non
1561 1232 1629 1275 est
1657 1236 1819 1272 meum

237 1327 378 1383 dare.
397 1326 484 1377 sed
503 1323 679 1393 quibus
699 1332 929 1390 paratum
946 1330 1016 1374 est
1036 1336 1066 1372 a
1091 1319 1242 1371 Patre
1262 1334 1367 1370 meo
1386 1313 1687 1388 (Matt/:20.
1703 1312 1815 1382 25).

313 1415 392 1468 Ad
413 1414 735 1481 objectionent
762 1411 1126 1465 llwreticorum
1157 1408 1433 1477 responsio.
1459 1435 1528 1445 —
1557 1405 1667 1473 Ego
1693 1418 1819 1457 vero

237 1506 382 1575 quod
407 1521 620 1576 semper
649 1505 920 1558 caritatem
950 1511 1179 1557 vestram
1212 1500 1414 1564 hortor,
1446 1497 1497 1552 id
1536 1497 1695 1551 etiam
1726 1495 1822 1548 ho-

236 1599 327 1651 die
357 1613 547 1650 moneo
575 1596 917 1663 cousuloque,
949 1609 1015 1648 ne
1046 1592 1357 1662 simpliciter
1391 1589 1576 1643 literas
1605 1603 1821 1656 percur-

236 1689 393 1749 ratis,
417 1688 508 1741 sed
533 1703 720 1740 sensus
743 1685 1104 1755 iuvestigetis:
1136 1685 1178 1736 si
1202 1683 1320 1751 quis
1339 1681 1482 1734 enim
1512 1677 1822 1747 simpliciter

235 1780 419 1834 verbis
463 1780 735 1840 inluereat,
767 1794 936 1846 neque
965 1785 1156 1846 praeter
1184 1791 1266 1840 ea,
1295 1790 1412 1844 qua:
1442 1773 1635 1840 scripta
1677 1779 1819 1834 sunt,

236 1871 527 1941 quidquam
568 1870 832 1940 exquirat,
878 1870 928 1922 in
977 1867 1159 1922 multis
1188 1867 1404 1920 errabit.
1438 1863 1569 1917 Nam
1614 1872 1668 1917 et
1713 1862 1822 1914 alas

239 1963 440 2016 habere
462 1963 624 2015 Deum
647 1961 932 2030 Scripturze
953 1959 1154 2025 dicunt,
1179 1959 1254 2012 sic
1275 1957 1521 2026 loquente
1546 1953 1820 2023 prorheta,

240 2053 311 2107 In
341 2054 552 2124 tegmine
576 2053 775 2106 alarum
813 2063 1014 2105 tuarum
1055 2060 1258 2120 protege
1305 2065 1382 2101 nte
1407 2047 1558 2117 (Psal
1610 2046 1694 2099 16.
1724 2046 1819 2111 8):

237 2159 342 2198 nec
386 2155 559 2198 tamen
601 2143 797 2198 idcirco
843 2142 1082 2196 dicemus
1122 2140 1314 2192 alatam
1363 2153 1480 2192 esse
1528 2135 1822 2206 spiritalem

238 2235 386 2288 illam
417 2242 470 2286 et
500 2234 854 2288 immortalem
881 2231 1190 2286 essentiam.
1220 2230 1275 2284 Si
1314 2230 1458 2284 enim
1488 2227 1554 2281 de
1586 2227 1821 2281 homini-

238 2325 342 2378 bus
371 2326 470 2376 hoc
506 2323 608 2378 dici
639 2325 842 2392 nequit,
885 2322 1055 2376 multo
1079 2321 1252 2374 minus
1282 2319 1348 2374 de
1378 2319 1681 2385 incorrupta
1715 2317 1821 2380 illa,

238 2415 513 2478 invisibili,
544 2424 597 2468 et
626 2411 1154 2482 incomprehensibili
1181 2420 1388 2464 natura.
1412 2408 1545 2476 Quid
1573 2424 1701 2475 ergo
1732 2422 1825 2476 per

237 2507 357 2559 alas
385 2506 603 2574 intelligi
633 2519 661 2558 a
689 2505 842 2558 nobis
874 2519 969 2573 par
997 2502 1122 2557 est?
1152 2501 1530 2563 Securitatem,
1561 2509 1820 2560 tutamen,

238 2599 520 2665 auxilium,
554 2597 775 2652 subsidii
807 2596 970 2650 robur
1001 2595 1276 2649 invictum.
1304 2593 1506 2647 Rursus
1541 2607 1661 2645 eum
1701 2590 1824 2643 dor-

241 2690 381 2744 mire
425 2697 685 2742 testantur
713 2687 1025 2756 Scriptum,
1057 2685 1181 2738 dum
1214 2685 1281 2738 ita
1321 2683 1542 2736 dicunt:
1573 2680 1819 2750 Exsurge,

239 2796 400 2851 quare
440 2779 715 2840 obdormis,
740 2777 952 2830 Domine
984 2776 1154 2847 (Psal.
1183 2776 1271 2830 45.
1299 2773 1432 2843 23)?
1475 2789 1578 2826 non
1616 2782 1673 2826 ut
1702 2773 1827 2825 dor-

240 2869 380 2923 mire
423 2869 586 2922 Deum
617 2868 947 2936 suspicemur
975 2885 987 2918 :
1022 2867 1072 2918 id
1103 2866 1244 2920 enim
1275 2872 1418 2918 esset
1455 2871 1707 2917 extremm
1735 2862 1828 2913 de-

242 2958 600 3014 meutiaezsed
622 2957 795 3011 somni
825 2956 1040 3010 nomine
1067 2954 1516 3024 longanimitalem
1539 2963 1591 3006 et
1622 2951 1828 3021 patien-

245 3053 371 3104 tiam
403 3051 554 3104 nobis
581 3051 884 3117 exprimunt
922 3065 936 3102 :
970 3049 1104 3102 alius
1130 3055 1308 3101 autem
1342 3045 1619 3116 propheta,
1657 3044 1823 3097 Num-

243 3141 368 3213 quid
397 3147 512 3207 eris,
546 3142 733 3210 inquit,
761 3142 904 3207 quasi
937 3141 1083 3193 homo
1104 3138 1355 3193 dorntiens
1387 3136 1596 3208 (Jerent.
1628 3133 1826 3207 14.9)?

244 3234 410 3288 Vides
476 3234 638 3287 multa
709 3234 860 3287 nobis
929 3247 1063 3300 Opus
1119 3246 1241 3285 esse
1311 3229 1631 3299 prudentia,
1699 3227 1824 3280 dum

243 3325 534 3393 Scriptum
603 3324 877 3378 thesturos
947 3322 1380 3392 perserutamur?
1429 3319 1486 3374 Si
1541 3320 1681 3374 enim
1747 3319 1826 3371 le-

250 3419 389 3470 viter
441 3431 503 3470 ac
560 3427 760 3470 temere
813 3426 866 3469 et
903 3429 1116 3484 quoquo
1174 3414 1369 3474 modo,
1425 3428 1544 3482 qua:
1582 3412 1828 3466 dicuntur

243 3507 560 3570 audiamus,
621 3523 726 3560 nott
782 3507 870 3560 illa
925 3514 1126 3559 tantum
1195 3515 1482 3572 sequentur
1555 3504 1824 3568 absurda,

246 3599 344 3652 st-d
391 3609 444 3651 et
471 3614 641 3666 pugna
685 3615 789 3652 non
820 3599 1104 3651 mediocris
1144 3598 1195 3650 in
1237 3597 1322 3660 iis,
1351 3613 1470 3666 qnte
1498 3595 1639 3650 dicta
1679 3604 1823 3659 sunt,

256 3691 555 3759 apparebit.
587 3689 717 3744 Nam
748 3689 836 3744 ille
865 3689 1076 3758 quidem
1108 3689 1278 3756 ipsum
1305 3688 1537 3741 dormire
1559 3687 1710 3750 dicit,
1740 3685 1828 3740 hic

246 3796 378 3836 vero
405 3796 507 3833 non
534 3779 788 3843 dormire,
820 3781 910 3833 sed
935 3789 1214 3847 utrtunque
1234 3793 1417 3831 verum
1442 3787 1539 3842 est,
1569 3777 1613 3831 si
1637 3791 1828 3831 conve-

247 3874 415 3927 nienti
455 3885 613 3925 sensu
642 3871 892 3939 accipias.
919 3871 1018 3936 Qui
1049 3870 1190 3923 enim
1220 3869 1388 3937 ipsum
1419 3869 1650 3922 dormire
1674 3869 1824 3932 dicit,

248 3977 512 4016 summam
526 3960 640 4028 ejus
655 3960 1106 4029 longanimitatetn
1119 3958 1359 4027 designat
1383 3973 1396 4009 :
1421 3958 1506 4026 qui
1526 3973 1656 4011 vero
1673 3966 1831 4026 negat

249 4053 508 4117 dormire,
541 4061 744 4104 natura:
769 4051 922 4103 nobis
943 4048 1394 4102 iunnortalitatem
1417 4047 1668 4102 declarat.
1697 4045 1828 4100 Cum

250 4144 412 4212 igitur
440 4142 600 4196 multa
631 4141 782 4194 nobis
813 4140 1088 4209 prudentia
1119 4140 1188 4192 sit
1211 4153 1364 4206 opus,
1396 4154 1463 4192 ne
1514 4149 1714 4193 temere
1752 4139 1831 4192 di-

249 4245 397 4288 ctum
421 4233 558 4286 istud
584 4234 926 4301 accipiamus,
949 4230 1069 4284 Non
1099 4241 1172 4284 est
1203 4248 1365 4284 meum
1386 4231 1529 4296 dare,
1551 4231 1638 4285 sed
1655 4233 1832 4301 quibus

251 4334 487 4394 paratum
511 4333 582 4377 est
600 4340 633 4376 a
651 4322 807 4376 Patre
823 4339 932 4376 meo
946 4321 1260 4393 (Matth.20.
1283 4322 1376 4393 25)
1399 4339 1414 4377 :
1437 4338 1541 4377 nan
1567 4323 1706 4378 enim
1731 4323 1832 4377 hoc

253 4421 570 4484 potestatem
597 4412 712 4482 ejus
746 4412 901 4476 tollit,
938 4427 1109 4481 neque
1145 4414 1516 4468 auctoritatem
1547 4413 1828 4478 imminuit,

253 4505 347 4559 sed
392 4505 608 4558 multam
634 4504 1066 4568 sollicitudinem,
1095 4503 1434 4572 sapientiam,
1466 4513 1521 4558 et
1547 4518 1686 4570 eam,
1728 4521 1830 4574 qua

251 4595 439 4666 generi
486 4604 670 4650 nostro
713 4595 972 4660 consulit,
1027 4593 1412 4663 providentiam
1456 4595 1712 4650 ostendit.
1769 4596 1834 4650 Ut

254 4687 399 4741 enim
445 4688 582 4741 scias
611 4688 662 4740 in
689 4687 804 4756 ejus
848 4694 1111 4756 potestate
1151 4687 1308 4739 situm
1339 4701 1480 4749 esse,
1523 4696 1580 4740 ιιι
1620 4703 1830 4756 pomum

255 4782 473 4847 inferat,
499 4782 583 4836 vel
609 4781 867 4836 honorem
893 4779 1181 4849 impertiat,
1205 4778 1326 4850 audi
1347 4779 1472 4849 quid
1504 4780 1591 4834 ille
1615 4781 1730 4850 ipse
1756 4781 1836 4834 di-

255 4882 363 4936 cat,
399 4873 551 4941 cujus
578 4872 735 4926 verba
764 4882 1073 4937 tractamus,
1104 4868 1230 4925 Cum
1257 4871 1440 4924 venerit
1470 4869 1637 4926 Filius
1666 4871 1833 4925 homi-

256 4967 336 5019 nis
361 4965 414 5016 in
440 4963 602 5032 gloria
623 4963 782 5031 patris
812 4963 910 5024 sui,
933 4969 1112 5014 statuet
1131 4976 1243 5014 oves
1267 4977 1298 5014 a
1324 4961 1515 5014 dextris
1533 4970 1581 5014 et
1603 4962 1776 5016 luedos
1804 4979 1836 5016 a

237 5040 494 5119 ‘sinistris,
536 5064 586 5109 et
617 5054 746 5108 dicet
776 5055 858 5118 iis,
881 5054 966 5122 qui
988 5071 1019 5104 a
1043 5052 1235 5106 dextris
1263 5061 1428 5118 erunt,
1459 5052 1660 5112 Venite,
1684 5054 1833 5108 bene-

261 5148 381 5200 dicti
411 5146 569 5216 patris
591 5145 706 5210 mei,
731 5145 978 5214 possidete
1000 5153 1233 5212 paratum
1256 5142 1393 5195 vobis
1418 5159 1627 5211 regnum
1653 5160 1684 5196 a
1710 5161 1833 5196 con-

260 5237 518 5292 stitutione
543 5235 738 5288 mundi.
763 5233 965 5287 Esurioi
994 5233 1125 5286 enim
1152 5242 1199 5286 et
1227 5232 1434 5286 dedistis
1462 5233 1586 5285 mihi
1618 5236 1836 5288 mandu-

256 5344 375 5383 care
403 5343 424 5380 :
450 5327 580 5380 sitioi
608 5334 656 5380 et
695 5325 903 5379 dedistis
927 5323 1050 5376 mihi
1079 5323 1261 5376 bibere.
1293 5321 1369 5376 lis
1397 5333 1566 5377 autem
1589 5325 1676 5394 qui
1702 5342 1732 5376 a
1761 5326 1834 5378 si-

258 5421 432 5476 nistris
459 5426 624 5484 erunt,
655 5418 802 5480 dicet,
833 5415 1081 5469 Discedite
1102 5433 1135 5467 a
1160 5431 1239 5468 me
1262 5415 1518 5469 maledicti
1553 5415 1608 5468 in
1644 5417 1830 5486 ignem,

256 5511 344 5579 qui
365 5519 574 5580 paratus
601 5516 672 5560 est
699 5504 901 5560 diabolo
931 5515 979 5558 et
998 5505 1190 5574 angelis
1211 5502 1340 5574 ejus.
1381 5503 1583 5559 Esurivi
1608 5507 1764 5574 enim,
1787 5517 1834 5561 et

255 5618 363 5655 non
383 5597 586 5653 dedistis
606 5597 728 5650 mihi
750 5597 1056 5650 manducare
1077 5611 1095 5650 :
1117 5596 1268 5660 sitioi,
1294 5605 1341 5649 et
1362 5613 1462 5650 non
1483 5597 1690 5652 dedistis
1711 5597 1834 5652 mihi

261 5703 442 5766 petum
463 5710 481 5748 :
501 5692 682 5761 hospes
707 5705 866 5758 erant,
899 5699 943 5742 et
974 5705 1072 5743 non
1102 5689 1371 5759 collegistis
1397 5706 1474 5744 me
1496 5688 1708 5760 (Matth.
1739 5690 1828 5748 25.

915 301 1000 358 DE
1043 299 1264 356 PE'l'l'l'.
1299 296 1548 356 FILIOR.
1591 289 1934 359 ΖΕΒΕΒιΕΙ,
1973 287 2243 346 CONTRA
2288 290 2655 348 ANOMGSOS.
2699 291 2832 346 Vlll.

1870 424 1904 477 ιι
1927 404 1988 458 5|
2004 443 2017 455 .
2037 405 2194 475 sqq.).
2222 405 2380 460 Vides
2401 404 2980 474 absolutumjudicium,
3006 413 3058 458 et
3082 420 3186 476 quo
3208 415 3359 474 pacto
3377 422 3497 463 eum

3397 295 3502 353 ’ΠΩ

1927 493 2130 550 honore
2171 494 2386 561 afliciat,
2435 507 2543 550 tum
2588 510 2796 564 ptenam
2839 495 3031 550 inferat
3067 513 3080 548 :
3113 511 3232 550 eum
3275 512 3502 551 coronas

1925 586 2142 654 tribuat,
2183 597 2293 641 tum
2325 588 2582 656 supplicio
2611 589 2798 656 plectat
2823 603 2839 652 ;
2879 595 2932 642 et
2961 586 3059 640 hos
3081 588 3294 658 quidem
3324 589 3375 641 in
3411 604 3498 642 res

1923 690 2086 744 gnum
2118 676 2435 744 introdueat,
2481 678 2600 731 illos
2637 687 2814 732 autem
2848 678 2900 732 in
2928 679 3222 748 gehennam
3250 680 3454 749 ableget
3475 679 3502 732 7

1992 767 2048 821 2.
2088 768 2465 822 Animadverte
2507 779 2684 822 autem
2731 768 2833 823 hoc
2874 769 3032 824 etiam
3076 771 3213 834 loco,
3247 780 3497 839 quantam

1925 860 2012 915 ille
2058 861 2223 914 nostri
2254 862 2270 893 ί
2299 877 2479 916 curam
2513 871 2662 931 gerat
2691 880 2704 916 :
2737 861 2862 916 dum
2893 863 3034 917 enim
3063 879 3155 917 eos
3202 864 3502 932 alloquere-

1925 963 2031 1016 tur,
2061 958 2150 1024 qui
2171 971 2397 1026 coronas
2425 957 2776 1026 accipiebant,
2819 956 3010 1021 Venite,
3041 959 3229 1030 inquit,
3259 960 3502 1013 benedicti

1925 1045 2101 1100 Patris
2125 1048 2239 1100 mei.
2279 1046 2545 1102 Possidete
2574 1057 2805 1116 paratum
2833 1049 2966 1103 vobis
2991 1066 3200 1120 regnum
3227 1061 3344 1105 ante
3377 1067 3501 1103 con-

1923 1140 2230 1191 stitutioncm
2260 1139 2435 1192 mundi
2467 1155 2487 1192 :
2514 1139 2617 1194 illis
2644 1155 2772 1194 vero
2797 1141 2885 1210 qui
2915 1141 3173 1208 supplicio
3199 1141 3504 1195 afficiebat»

1925 1237 2008 1280 tur
2029 1245 2131 1282 non
2160 1229 2311 1290 dixit,
2342 1229 2596 1284 discedite
2621 1246 2651 1284 ι
2677 1245 2760 1283 me
2783 1229 2834 1284 itt
2868 1231 3038 1300 ignem
3070 1231 3155 1300 qui
3186 1240 3397 1299 paratus
3421 1243 3502 1284 est

1923 1319 2094 1385 Vobis,
2130 1320 2244 1385 sed,
2281 1320 2378 1385 Qui
2406 1331 2616 1389 paratus
2640 1332 2711 1375 est
2741 1321 2962 1374 diabolo.
2989 1320 3120 1376 Nam
3149 1339 3366 1392 regnum
3387 1324 3503 1392 qui-

1925 1411 2046 1464 dem
2080 1412 2384 1466 hominibus
2411 1415 2584 1482 paravi
2614 1415 2658 1480 ²,
2699 1414 2996 1483 gehennam
3045 1425 3222 1468 autem
3252 1430 3356 1468 nou
3407 1415 3504 1467 ho-

1925 1503 2176 1566 minibus,
2201 1503 2393 1572 inquit,
2424 1503 2516 1558 sed
2558 1505 2771 1559 diabolo
2801 1515 2854 1559 et
2882 1506 3084 1574 angelis
3114 1506 3253 1560 illius
3279 1508 3458 1577 parari
3486 1526 3499 1561 :

1924 1595 2064 1665 quod
2093 1597 2136 1648 si
2167 1611 2261 1649 vos
2286 1597 2442 1650 talem
2473 1597 2629 1648 vitam
2661 1597 2994 1661 exhibuistis,
3022 1608 3075 1650 nt
3105 1613 3257 1667 ptena
3285 1599 3429 1668 digni
3451 1609 3504 1652 et

1924 1685 2186 1753 supplicio
2215 1684 2440 1750 fieretis,
2488 1685 2538 1738 id
2569 1685 2960 1755 vobismetipsis
3008 1688 3266 1754 imputare
3313 1691 3503 1742 merito

1927 1777 2166 1847 potestis.
2214 1778 2291 1830 Ac
2333 1776 2471 1840 vide,
2517 1773 2709 1844 quanta
2754 1777 2822 1831 sit
2850 1778 2966 1844 ejus
3016 1778 3080 1830 ad
3129 1779 3500 1848 benignitatem

1927 1869 2245 1939 propensio;
2275 1884 2395 1922 eum
2445 1869 2584 1922 enim
2618 1869 2852 1923 nondum
2884 1879 3064 1922 essent
3089 1869 3320 1932 athleta;
3367 1885 3504 1939 prte-

1929 1967 2126 2027 parata:
2155 1967 2277 2011 sunt
2302 1973 2536 2020 coronae,
2562 1973 2624 2010 ac
2652 1959 2866 2026 prmtnia
2897 1958 3180 2012 destinata.
3217 1957 3356 2012 Nunt
3386 1976 3504 2029 pos-

1927 2047 2100 2113 sidete,
2148 2047 2335 2116 inquit,
2365 2055 2597 2114 paratum
2625 2047 2758 2100 vobis
2788 2063 2996 2116 regnum
3041 2057 3157 2100 ante
3193 2049 3508 2101 constitutio-

1927 2156 2040 2192 nem
2065 2141 2238 2192 mundi
2279 2139 2492 2210 (Matth.
2522 2140 2614 2195 25.
2643 2140 2755 2210 54).
2782 2140 2850 2193 Et
2880 2155 3010 2194 vero
3040 2140 3092 2194 in
3135 2141 3382 2210 parabola
3415 2142 3501 2194 de-

1926 2244 2044 2282 cem
2073 2229 2332 2299 virginum
2371 2229 2510 2284 idem
2541 2245 2761 2284 cernere
2789 2229 2948 2284 licet:
2989 2245 3107 2284 cum
3137 2232 3280 2284 enim
3310 2231 3500 2285 adven-

1929 2328 2077 2372 tnrns
2099 2330 2238 2373 esset
2286 2335 2534 2389 sponsus,
2569 2320 2748 2374 dicunt
2780 2320 3126 2388 prudentibus
3151 2321 3306 2375 fatua:
3332 2338 3345 2373 :
3375 2319 3508 2374 Date

1928 2409 2066 2464 nobis
2096 2410 2158 2463 de
2206 2410 2314 2464 oleo
2355 2421 2516 2465 vestro
2563 2410 2738 2480 (Ibid.
2793 2415 2846 2465 8.
2897 2412 3013 2480 9):
3057 2410 3122 2464 ad
3169 2427 3299 2482 quas
3355 2412 3504 2466 illan:

1929 2499 2014 2554 Ne
2047 2501 2179 2570 forte
2205 2519 2308 2555 non
2348 2503 2560 2572 sufficiat
2607 2502 2748 2556 nobis
2775 2513 2821 2555 et
2848 2501 2984 2555 vobis
3019 2517 3038 2556 :
3081 2517 3186 2555 non
3213 2501 3280 2556 de
3306 2502 3426 2556 oleo
3454 2513 3508 2557 et

1930 2593 2049 2662 igne
2071 2594 2287 2648 disserit
2334 2594 2433 2649 hoc
2475 2595 2592 2648 loco
2632 2593 2926 2664 Scriptura,
2966 2594 3058 2648 sed
3095 2595 3162 2648 de
3205 2594 3508 2663 virginitate

1927 2695 2086 2753 atque
2113 2684 2480 2741 humanitate:
2512 2701 2575 2740 ac
2602 2686 2953 2754 virginitatem
2982 2685 3194 2755 quidem
3227 2685 3362 2755 ignis
3391 2686 3510 2740 loco

1929 2775 2109 2841 habet,
2157 2777 2552 2848 elecmosynam
2599 2787 2775 2830 autem
2806 2777 2909 2831 olei
2953 2776 3092 2840 loco,
3135 2777 3503 2847 significatque

1928 2867 2280 2934 virginitatem
2313 2867 2640 2921 humanitate
2680 2868 2901 2920 multum
2935 2867 3193 2937 indigere,
3226 2883 3398 2938 neque
3442 2869 3507 2921 li-

1928 2971 2052 3012 cere
2077 2959 2276 3027 absque
2316 2959 2401 3012 illa
2428 2961 2638 3014 salvari.
2668 2960 2892 3027 Quinam
2935 2970 3112 3036 autem
3144 2961 3215 3015 illi
3243 2971 3385 3027 sunt,
3419 2964 3505 3030 qui

1929 3048 2103 3102 oleum
2137 3049 2272 3102 istud
2317 3049 2591 3103 vendunt?
2619 3051 2846 3115 Quinam
2892 3051 3003 3115 alii,
3051 3051 3151 3104 nisi
3210 3052 3511 3120 pauperes?

1929 3136 2042 3190 Non
2091 3138 2232 3190 enim
2276 3139 2544 3208 accipiunt
2584 3141 2775 3208 potius,
2821 3155 2978 3208 quam
3018 3139 3166 3193 dant.
3213 3140 3290 3194 Ne
3331 3142 3510 3208 utique

1929 3240 2150 3280 censeas
2175 3227 2568 3298 elecmosynam
2595 3229 2892 3297 impensam
2940 3243 3081 3295 esse,
3135 3228 3228 3283 sed
3277 3245 3507 3299 proven-

1932 3327 2079 3384 tum;
2135 3335 2308 3388 neque
2353 3331 2647 3387 sumptum,
2676 3320 2769 3374 sed
2825 3321 3275 3390 negotiationem:
3307 3322 3508 3389 majora

1930 3410 2126 3478 quippe
2151 3410 2363 3478 recipis,
2411 3425 2567 3480 quam
2598 3410 2692 3464 des
2719 3428 2732 3464 :
2759 3410 2855 3464 das
2882 3426 3092 3480 panem,
3123 3420 3178 3465 et
3223 3414 3412 3479 recipis
3436 3414 3510 3464 vi-

1933 3510 2038 3553 tam
2066 3510 2358 3566 :eternam;
2390 3499 2487 3554 das
2515 3509 2741 3566 vestem,
2785 3509 2839 3556 et
2873 3501 3283 3555 immortalitatis
3318 3502 3511 3571 recipi:

1934 3594 2336 3659 indumentum;
2369 3593 2463 3647 das
2491 3594 2612 3649 tecti
2643 3593 3098 3658 communionem,
3127 3603 3181 3648 et
3211 3595 3404 3663 recipis
3435 3611 3516 3650 re-

1933 3702 2092 3757 gnum
2122 3687 2409 3750 caelorum;
2442 3686 2649 3755 praebes
2701 3701 2820 3756 qua:
2859 3696 3103 3754 pereunt,
3136 3698 3186 3739 ct
3227 3703 3346 3755 qua:
3386 3703 3512 3756 per-

1935 3787 2094 3847 petuo
2125 3785 2435 3845 permanent
2461 3776 2677 3844 accipis.
2717 3778 2786 3829 At
2809 3777 2950 3829 enim
2979 3793 3083 3846 quo
3117 3785 3269 3845 pacto
3297 3791 3512 3846 possunt

1933 3870 2325 3938 eleemosynam
2348 3866 2752 3935 impertiri,eum
2772 3881 2969 3934 pauper
2989 3867 3125 3920 sim?
3144 3867 3279 3923 dicet
3303 3869 3512 3938 aliquis.

2005 3957 2070 4012 In
2092 3959 2405 4026 eleentosyna
2423 3974 2520 4010 non
2541 3957 2660 4009 doni
2675 3958 2989 4027 magnitudo,
3012 3959 3100 4010 sed
3119 3959 3286 4013 dantis
3311 3962 3512 4014 animus

1935 4059 2208 4119 spectatur.
2227 4079 2300 4088 —
2319 4049 2544 4102 Maxime
2571 4062 2719 4113 vero,
2749 4063 2868 4102 cum
2896 4063 3094 4116 pauper
3114 4065 3192 4112 es,
3219 4061 3328 4104 tum
3363 4061 3515 4120 potes

1937 4142 2331 4213 eleetnosynam
2373 4139 2628 4209 impertiri
2660 4158 2672 4192 :
2706 4155 2826 4193 nam
2856 4140 2941 4193 ille
2969 4141 3204 4209 quidem,
3237 4143 3323 4212 qui
3364 4143 3514 4198 dives

1936 4241 2037 4296 est,
2080 4231 2422 4302 pecuniarum
2463 4231 2614 4300 copia
2647 4231 2988 4295 temulentus,
3032 4234 3341 4301 gravissima
3373 4233 3508 4288 febri

1936 4333 2232 4394 correptus,
2265 4322 2590 4377 insaturabili
2617 4337 2799 4376 amore
2825 4322 3034 4386 ductus,
3059 4323 3294 4380 fortunas
3320 4340 3516 4395 augere

1937 4415 2080 4468 vult:
2111 4429 2309 4483 pauper
2333 4423 2509 4468 autem
2538 4412 2605 4466 ab
2634 4413 2736 4467 hoc
2765 4414 2952 4468 morbo
2987 4414 3141 4478 liber,
3167 4424 3222 4469 et
3248 4417 3516 4485 :rgritudi-

1938 4505 2020 4558 nis
2044 4519 2235 4574 expers
2265 4502 2466 4558 facilius
2491 4519 2555 4557 ex
2583 4503 2736 4557 bouis
2774 4504 2884 4557 suis
2922 4503 3209 4572 largietur:
3239 4520 3345 4558 non
3373 4508 3514 4561 enim

1939 4613 2035 4666 pro
2064 4598 2371 4650 substantia:
2421 4609 2689 4660 mensura,
2725 4594 2816 4649 sed
2861 4609 2958 4664 pro
3001 4596 3162 4649 animi
3205 4598 3517 4668 consiliique

1940 4702 2210 4751 mensura,
2241 4686 2378 4740 solet
2405 4687 2758 4754 elecmosyna:
2804 4685 2992 4738 modus
3022 4687 3292 4753 przescribi
3313 4704 3326 4740 :
3351 4702 3518 4758 quan-

1939 4777 2223 4848 doquidem
2249 4784 2304 4830 et
2329 4776 2416 4829 illa
2436 4775 2588 4828 vidua
2622 4785 2730 4828 tum
2760 4775 2893 4830 duos
2918 4775 3106 4830 obolos
3134 4777 3294 4841 misit,
3318 4788 3373 4832 et
3401 4780 3517 4834 illos

1939 4871 2027 4941 qui
2067 4870 2255 4939 opibus
2280 4868 2716 4923 circumfluebant
2745 4869 3033 4936 superavit,
3075 4878 3131 4923 et
3167 4870 3330 4924 altera
3362 4873 3516 4927 vidua

1937 4977 2060 5017 cum
2086 4961 2268 5014 farinae
2297 4960 2568 5030 pugillum,
2609 4969 2664 5014 et
2704 4958 2807 5013 olei
2840 4959 3106 5028 paululum
3140 4961 3373 5025 haberet,
3403 4965 3520 5017 ani-

1942 5069 2082 5108 mam
2113 5054 2255 5106 illam
2295 5052 2361 5105 ad
2386 5053 2571 5105 catlum
2604 5051 2988 5121 pertingeutcm
3017 5050 3248 5120 hospitio
3285 5056 3515 5123 excepit,

1941 5153 1996 5199 et
2016 5144 2188 5199 neutri
2209 5145 2426 5196 istarum
2453 5151 2660 5211 egestas
2678 5141 3056 5211 impedimento
3082 5141 3178 5197 fuit
3208 5142 3395 5212 (Marc.
3430 5145 3516 5196 19..

1941 5237 2054 5306 42).
2087 5234 2204 5290 Noli
2233 5233 2412 5303 utique
2431 5232 2724 5303 superﬂuas
2742 5241 2796 5288 et
2821 5233 3031 5288 inutiles
3055 5237 3422 5289 excusationes
3441 5239 3520 5289 af-

1941 5326 2114 5380 ferre:
2139 5341 2246 5379 non
2275 5325 2414 5379 enim
2439 5323 2737 5379 collationis
2762 5325 3158 5391 abundantiam,
3189 5327 3280 5379 sed
3309 5325 3519 5382 ditiuas

1941 5417 2227 5471 voluntatis
2257 5414 2512 5484 requirit;
2537 5429 2641 5468 non
2667 5430 2729 5468 ex
2757 5428 2940 5469 eorum
2964 5429 3208 5468 mensura
3235 5431 3352 5485 qua:
3380 5417 3516 5470 dan-

1942 5517 2047 5572 tur,
2089 5506 2184 5561 sed
2217 5521 2281 5559 cx
2311 5519 2494 5559 eorum
2523 5505 2796 5574 proposito
2823 5503 2914 5574 qui
2946 5504 3255 5574 largiuntur,
3281 5504 3518 5563 cleetnoo

2006 5641 2023 5673 ι
2061 5638 2163 5698 Alii,
2186 5635 2374 5700 generis
2391 5634 2559 5704 nostri.
2696 5694 2707 5704 _

2003 5704 2025 5734 '
2057 5709 2176 5750 ἰτ-εδ
2195 5699 2520 5765 manuscripti,
2541 5699 2746 5761 pararit.
