3838 6220
356 261 450 318 771

352 386 487 443 syna
510 372 647 428 solet
670 369 931 427 exhiberi.
962 370 1167 440 Pauper
1186 385 1265 437 es,
1293 379 1344 427 et
1370 371 1607 426 omnium
1633 369 1940 426 mortallum

355 464 746 535 pauperrimus,
777 470 834 517 at
859 462 942 517 illa
971 462 1128 516 vidua
1159 477 1266 517 non
1299 464 1571 532 egentior:
1600 476 1721 532 qua:
1748 460 1941 521 divites

240 599 260 617 .
353 555 515 627 longo
534 554 820 610 intervallo
843 554 1142 622 superavit;
1162 553 1255 609 sed
1273 553 1383 622 ipsa
1411 553 1503 608 tibi
1525 552 1822 610 necessaria
1841 551 1941 607 de-

322 652 479 709 '.sunt
504 647 789 702 alimenta?
818 646 885 700 At
909 643 1140 715 Sydouia
1163 644 1388 700 muliere
1413 645 1697 714 pauperior
1717 658 1823 699 non
1853 658 1937 709 es,

352 754 476 807 qua:
518 754 638 794 cum
685 739 749 794 ad
794 738 963 809 ipsum
1011 738 1169 794 famis
1212 738 1429 793 fundum
1460 737 1785 803 devcnisset,
1817 753 1940 794 cum

356 827 608 899 deinceps
637 842 860 885 mortem
884 840 1240 900 exspectaret,
1271 846 1495 902 eamque
1525 831 1676 886 turba
1711 832 1939 887 circum-

354 922 568 977 sisteret
596 922 844 985 liliorum,
874 939 942 976 ne
980 925 1057 977 sic
1092 922 1306 991 quidem
1338 920 1674 978 facultatibus
1701 923 1813 978 suis
1844 920 1940 992 p'c-

354 1015 543 1084 percit,
575 1013 666 1069 sed
697 1029 790 1084 per
823 1029 1086 1069 summam
1134 1015 1274 1069 illam
1319 1025 1610 1086 egestatem
1653 1017 1942 1071 immensas

353 1105 564 1160 divitias
592 1106 939 1175 comparavit,
968 1115 1022 1161 et
1049 1121 1262 1160 manum
1290 1121 1445 1161 suam
1464 1122 1664 1172 aream,
1698 1106 1940 1177 hydriam

352 1210 483 1250 vero
504 1196 737 1251 torcular
760 1195 1010 1263 reddidit,
1034 1209 1192 1266 atque
1223 1206 1280 1252 ut
1306 1214 1369 1252 ex
1402 1199 1582 1268 paucis
1625 1199 1787 1254 multa
1822 1214 1943 1254 sea-

354 1285 584 1340 turirent
599 1284 789 1340 effecit.
818 1286 923 1341 Sed
954 1288 1019 1340 ad
1048 1289 1379 1357 propositum
1409 1289 1709 1356 redeamus,
1734 1305 1799 1344 ne
1815 1304 1944 1345 con-

353 1375 534 1430 tinuas
563 1376 919 1445 digressiones
954 1376 1352 1432 interseramus.
1379 1378 1508 1433 Cum
1534 1379 1712 1449 itaque
1750 1390 1940 1435 ventu-

356 1480 448 1520 rus
486 1481 712 1536 sponsus
738 1476 900 1533 esset,
929 1469 1005 1522 sic
1034 1469 1172 1523 inter
1199 1484 1259 1524 se
1302 1471 1534 1540 virgines
1561 1471 1943 1542 colloquehan-

359 1565 478 1610 tur:
506 1565 560 1610 at
586 1557 689 1611 illte
711 1557 776 1611 ad
807 1558 1101 1613 vendentes
1130 1575 1220 1614 eas
1242 1560 1541 1626 mittebant,
1570 1563 1662 1615 sed
1676 1577 1787 1631 jam
1806 1570 1944 1617 tem-

356 1663 456 1717 pus
500 1664 604 1702 non
638 1658 751 1703 erat
780 1650 1008 1717 amplius
1035 1650 1211 1705 oleum
1247 1652 1490 1708 emendi:
1517 1663 1661 1708 recte
1690 1654 1943 1723 quidem;

360 1759 481 1797 nam
508 1745 597 1815 qui
626 1745 860 1800 vendunt
887 1747 938 1799 in
970 1748 1219 1815 przrsenti
1259 1748 1363 1802 vita
1403 1756 1529 1802 sunt
1559 1757 1795 1814 tantum;
1826 1759 1947 1819 post

354 1833 649 1889 discessum
689 1845 864 1891 autem
912 1852 979 1892 ex
1028 1837 1138 1903 illa,
1188 1853 1314 1892 cum
1371 1840 1647 1895 dimissum
1681 1841 1944 1896 theatrum

356 1922 534 1991 fuerit,
564 1940 668 1979 non
697 1926 820 1980 licet
847 1927 1074 1996 amplius
1122 1929 1567 1984 medicamentum
1615 1933 1749 1986 actis
1788 1933 1947 1986 rebus

357 2015 614 2085 reperire,
638 2031 811 2087 neque
837 2018 1046 2073 veniam
1071 2028 1229 2088 atque
1255 2021 1677 2086 excusationem,
1701 2021 1795 2077 sed
1823 2038 1949 2090 snp-

360 2103 520 2173 plicio
540 2103 678 2160 aflici
704 2104 955 2176 deinceps
976 2122 1196 2164 necesse
1222 2119 1326 2175 est,
1348 2108 1487 2179 quod
1516 2119 1571 2165 et
1591 2118 1716 2180 tunc
1747 2120 1949 2180 tempo-

358 2195 436 2250 ris
461 2195 671 2252 accidit.
704 2196 988 2268 Postquam
1038 2200 1180 2255 enim
1212 2214 1441 2270 sponsus
1462 2200 1699 2266 advenit,
1737 2202 1821 2255 ha:
1837 2203 1948 2273 qui-

360 2283 484 2340 dem
510 2284 762 2356 ingressa:
785 2296 926 2351 sunt,
946 2304 1067 2359 quae
1082 2289 1355 2358 lampades
1378 2304 1630 2346 accensas
1649 2290 1950 2363 habebant;

358 2383 415 2428 at
442 2374 543 2431 illm
568 2390 689 2431 cum
738 2377 961 2444 tardius,
993 2394 1150 2450 quam
1181 2388 1240 2434 ut
1265 2380 1470 2451 ingredi
1501 2391 1733 2450 possent,
1782 2382 1946 2439 adve-

359 2466 584 2533 nissent,
614 2468 831 2524 thalami
861 2469 1002 2526 fores
1044 2473 1339 2541 pulsarunt,
1386 2483 1441 2528 et
1486 2476 1775 2531 terribilem
1803 2476 1946 2530 illam

359 2573 545 2614 vocem
564 2560 861 2621 audierunt.
884 2562 1158 2629 Discedite,
1188 2566 1353 2617 nescio
1381 2582 1466 2619 vos
1487 2565 1697 2637 (Matth.
1719 2567 1810 2622 25.
1834 2567 1946 2638 12).

362 2650 525 2707 Vides
547 2654 692 2707 illum
721 2669 903 2709 rursus
930 2670 1052 2710 cum
1081 2656 1283 2711 honore
1324 2657 1562 2723 afficere,
1592 2668 1702 2713 tnm
1736 2674 1950 2729 pennam

362 2745 591 2811 inferre;
623 2761 743 2800 eum
771 2762 1048 2811 coronare,
1093 2759 1200 2803 tum
1230 2751 1448 2821 punire;
1495 2768 1615 2806 eum
1646 2752 1948 2819 admittere,

363 2842 477 2888 tum
504 2834 770 2905 ablegare,
796 2845 955 2907 atque
979 2840 1255 2909 utriusque
1272 2840 1628 2912 partisjudicii
1647 2856 1949 2913 compotem

365 2926 521 2980 esse?
552 2927 663 2982 lloc
689 2937 745 2983 et
772 2928 826 2983 in
858 2930 1032 2995 vinea,
1064 2930 1167 2986 hoc
1197 2941 1253 2986 et
1286 2933 1339 2986 in
1376 2934 1609 3004 quinque
1640 2951 1705 2991 ac
1746 2937 1953 2992 duobus

366 3017 597 3083 taleutis,
622 3027 676 3073 et
707 3035 816 3074 uno
840 3022 984 3076 cerni
1015 3030 1224 3091 potest:
1249 3039 1370 3078 nam
1400 3023 1518 3080 illos
1548 3025 1760 3096 quidem
1789 3041 1950 3083 exce-

367 3107 463 3176 pit,
487 3117 539 3163 et
560 3109 625 3164 ad
655 3110 855 3182 majora
883 3112 1194 3179 introduxit,
1218 3113 1359 3169 hunc
1378 3125 1555 3171 autem
1582 3117 1814 3172 vinctum
1837 3134 1952 3187 pro-

359 3198 453 3269 jici
483 3201 534 3255 in
566 3204 857 3258 exteriores
883 3203 1128 3259 tenebras
1155 3205 1453 3274 imperavit.

437 3292 490 3346 5.
510 3291 614 3347 Sed
641 3293 760 3363 quis
788 3309 974 3350 eorum
998 3296 1228 3350 multusâ€˜
1246 3305 1329 3351 est
1352 3312 1550 3362 sermo,
1575 3300 1656 3354 vel
1675 3301 1851 3369 potius
1863 3301 1953 3370 qui

367 3383 586 3437 multam
617 3385 937 3439 dementiam
984 3385 1220 3441 redolet?
1247 3386 1420 3443 Habet
1448 3389 1534 3443 ille
1578 3390 1789 3461 quidem
1831 3405 1952 3447 cum

371 3475 647 3545 puniendi,
679 3485 790 3530 tum
819 3478 1108 3533 coronaudi
1146 3487 1487 3548 potestatem,
1533 3495 1654 3534 cum
1690 3482 1953 3538 alliciendi

370 3566 652 3635 supplicio,
679 3574 788 3620 tum
818 3569 1031 3637 prtemia
1060 3569 1391 3633 conferendi,
1420 3569 1513 3625 sed
1540 3584 1843 3640 supremam
1865 3586 1954 3629 se-

372 3657 453 3712 dis
474 3658 898 3728 prmregativam,
921 3660 1109 3730 inquit,
1131 3669 1185 3716 et
1203 3661 1519 3716 altissimum
1542 3663 1796 3720 honorem
1816 3664 1957 3721 bone

370 3748 501 3803 dare
524 3764 679 3803 suum
707 3765 813 3804 non
839 3764 959 3805 esse
981 3750 1133 3805 dixit.
1157 3749 1338 3822 Itaque
1365 3754 1412 3808 si
1441 3753 1574 3808 nihil
1604 3755 1721 3825 ejus
1750 3756 1955 3811 calculo

370 3840 700 3896 subtractum
742 3856 861 3897 esse
899 3844 1234 3913 cognoveris,
1262 3859 1388 3899 num
1429 3845 1498 3899 ab
1529 3845 1627 3902 hac
1656 3848 1953 3918 importuna

367 3933 709 3988 contentione
724 3932 986 3988 desistes?
1000 3932 1137 3988 Audi
1154 3949 1282 4005 ergo
1302 3951 1487 3991 rursus
1505 3951 1627 3992 eum
1652 3937 1915 3994 dicentem
1938 3956 1951 3991 :

371 4022 528 4080 Pater
553 4040 653 4078 non
672 4024 873 4094 judicat
900 4040 1218 4096 quemquam,
1267 4027 1357 4082 sed
1403 4044 1550 4083 omne
1565 4029 1821 4099 judicium
1860 4031 1955 4086 de-

366 4118 446 4175 dit
472 4116 610 4173 Filio
633 4116 807 4188 (Joan.
839 4118 893 4173 5.
923 4117 1036 4190 22).
1067 4118 1125 4174 Si
1150 4133 1277 4190 ergo
1296 4119 1552 4189 judicium
1584 4121 1744 4178 habet
1767 4138 1951 4188 omne,

369 4208 507 4265 nihil
536 4208 652 4278 ejus
675 4208 880 4263 calculo
905 4208 1289 4279 sententiaque
1316 4210 1644 4266 subtractum
1682 4223 1763 4266 est
1786 4231 1799 4267 :
1830 4228 1955 4267 nam

366 4299 464 4369 qui
490 4299 746 4370 judicium
786 4298 948 4355 habet
975 4314 1166 4367 omne,
1214 4310 1530 4370 potestatem
1570 4303 1728 4359 habet
1766 4319 1956 4360 omnes

366 4403 496 4444 cum
526 4390 800 4459 puniendi,
825 4399 932 4445 tum
950 4393 1262 4447 coronandi.
1296 4394 1426 4448 Illud
1448 4404 1646 4458 autem.
1668 4397 1824 4463 dedit,
1850 4397 1953 4453 hoc

372 4480 491 4535 loco
512 4497 579 4536 ne
596 4480 867 4536 hominum
887 4498 1036 4537 more
1055 4480 1576 4553 accipias,carissime
1594 4502 1607 4538 :
1625 4501 1798 4556 neque
1811 4488 1952 4542 enim

373 4585 481 4628 non
501 4570 712 4627 habenti
735 4571 900 4635 dedit,
930 4587 1029 4626 nec
1054 4573 1419 4643 imperfectum
1443 4576 1647 4645 genuit,
1675 4592 1847 4647 neque
1864 4594 1959 4648 po-

368 4662 568 4718 Gterius
589 4662 662 4715 illi
693 4662 944 4717 adnatum
965 4671 1081 4718 est:
1113 4665 1206 4719 sed
1229 4664 1375 4732 illud,
1399 4666 1555 4733 dedit,
1579 4666 1681 4723 hoc
1696 4669 1794 4723 sibi
1821 4672 1952 4739 vult,

370 4752 533 4807 talem
563 4752 711 4808 illtttn
741 4754 956 4823 genuit,
1005 4753 1328 4824 perlectum,
1375 4755 1674 4812 absolutum
1709 4776 1722 4811 :
1768 4776 1952 4815 verum

358 4842 477 4897 â€˜ltac
500 4858 625 4898 usus
644 4852 726 4899 est
753 4844 1007 4909 dictione,
1037 4861 1103 4900 ne
1123 4846 1256 4900 duos
1277 4849 1486 4916 genitos
1500 4848 1776 4904 arbitreris
1795 4850 1951 4918 Deos,

373 4933 468 4986 sed
503 4942 562 4987 u-t
585 4933 815 4988 radicem
838 4944 892 4989 et
914 4932 1140 4990 fructum
1168 4938 1397 5012 noveris,
1431 4953 1536 4993 non
1567 4947 1623 4992 ut
1650 4938 1752 4994 hoc
1776 4941 1851 4994 illi
1871 4956 1957 5009 po-

376 5022 571 5078 sterius
597 5022 847 5078 adnatum
875 5038 997 5079 esse
1022 5026 1317 5082 arbitreris.
1344 5026 1476 5082 Nam
1504 5037 1556 5083 et
1593 5028 1953 5100 interrogatus

373 5115 521 5180 alibi,
551 5113 689 5185 Ergo
717 5130 807 5169 rea:
831 5131 882 5169 es
912 5126 965 5169 tu
990 5114 1167 5187 (Joan.
1199 5118 1286 5173 18.
1311 5117 1443 5190 56)?
1483 5134 1588 5173 non
1628 5134 1687 5175 se
1729 5136 1951 5191 regnum

376 5208 647 5276 accepisse
674 5207 826 5271 dixit,
856 5222 959 5262 non
991 5209 1092 5263 sibi
1122 5224 1341 5280 regnum
1372 5214 1633 5279 posterius
1671 5227 1790 5268 esse
1822 5214 1956 5270 dixit

375 5300 711 5365 attributum,
735 5299 851 5367 sed,
882 5300 991 5372 Ego
1016 5301 1070 5355 in
1097 5302 1192 5355 Itoc
1216 5310 1363 5355 natus
1389 5318 1520 5356 sum.
1547 5302 1600 5357 Si
1626 5318 1715 5358 rex
1742 5304 1957 5360 absolu-

375 5398 462 5445 tus
488 5400 572 5446 est
611 5400 790 5459 natus,
835 5394 1053 5448 omnino
1089 5404 1143 5449 et
1176 5393 1408 5463 judicem
1448 5409 1509 5448 ac
1546 5395 1955 5464 disceptatorem

376 5481 525 5537 illum
553 5497 674 5538 esse
701 5482 896 5553 liquet:
926 5484 1065 5553 regis
1087 5484 1233 5538 enim
1261 5492 1345 5538 est
1374 5484 1604 5538 maxime
1626 5484 1865 5554 judicare
1891 5501 1958 5543 ac

376 5569 697 5641 disceptare,
753 5574 983 5628 honores
1028 5573 1273 5638 deferre,
1319 5583 1375 5629 et
1412 5575 1671 5643 supplicio
1718 5576 1952 5635 afï¬cere.

438 5683 457 5715 Â¹
492 5692 701 5743 Quatuor
722 5691 850 5746 uss,
874 5698 1033 5749 asper,
1058 5698 1165 5750 pro,
1185 5689 1397 5751 insutus,-
1420 5701 1515 5739 nec
1535 5691 1678 5740 male.

1063 257 1121 317 8.
1159 255 1440 316 JOANNIS
1477 254 1946 315 CURYSOSTOII
1985 258 2308 316 ARCHIEP.
2346 258 2882 319 CONSTANTINOP.

3529 260 3637 318 Ï„Î·

2049 370 2280 428 Aliunde
2307 386 2519 443 quoque
2545 376 2740 444 poterit
2766 375 2904 430 istud
2928 375 3166 446 intelligi,
3194 390 3456 448 supernos
3473 377 3633 431 etiam

2049 460 2283 516 honores
2309 462 2543 520 tribuere
2569 466 2620 519 in
2654 465 2820 534 ipsius
2851 474 3112 536 potestate
3142 467 3302 522 situm
3328 482 3470 522 esse.
3500 467 3634 522 Cum

2048 553 2189 607 enim
2214 563 2526 609 cunctorum
2568 555 2843 611 hominum
2874 558 3132 628 optimttm
3163 559 3215 613 in
3246 558 3482 613 medium
3508 573 3637 627 pro-

2047 641 2376 710 duxerimus,
2410 653 2465 700 et
2494 646 2634 700 hunc
2661 646 2816 701 abeo
2842 647 3011 703 fuisse
3025 657 3340 702 coronatum
3382 647 3638 703 ostende~

2050 734 2237 801 rimus,
2262 736 2382 804 quis
2407 736 2735 791 excusationi
2780 749 2972 792 vestra:
3018 738 3271 807 deinceps
3297 738 3447 792 locus
3471 737 3639 792 relin-

2046 825 2272 894 quetur?
2300 825 2429 894 Quis
2450 828 2605 898 igitur
2629 836 2712 883 est
2732 828 2819 884 ille
2850 828 3061 883 tandem
3092 829 3326 883 omnium
3356 828 3640 884 hominum

2048 917 2316 985 Optimus?

2122 1006 2279 1061 Pauli
2309 1009 2538 1079 Apostoli
2564 1012 2951 1065 encomium.â€”
2968 1010 3099 1078 Quis
3126 1026 3320 1082 nempe
3345 1011 3509 1073 alius.
3535 1010 3640 1066 nisi

2050 1097 2229 1167 opifex
2249 1101 2337 1156 ille
2357 1101 2838 1168 tabernaculorum,
2861 1102 3050 1157 doctor
3067 1102 3211 1158 orbis
3239 1112 3526 1167 terrarum,
3550 1105 3640 1172 qtti

2051 1208 2197 1247 mare
2230 1200 2496 1261 tamquam
2524 1192 2696 1248 alatus
2726 1194 3006 1261 percurrit,
3032 1209 3126 1249 vas
3153 1193 3453 1255 electionis,
3479 1194 3640 1248 (lhri-

2050 1285 2117 1337 Sli
2146 1286 2447 1353 nuptiarum
2475 1301 2696 1355 auspex,
2727 1287 2978 1341 Ecclesia:
3006 1286 3273 1354 fundator,
3303 1288 3520 1357 sapiens
3554 1303 3640 1341 ar-

2049 1374 2328 1441 chitectus,
2383 1389 2580 1445 pra-co,
2629 1391 2837 1443 cursor,
2886 1377 3108 1446 athleta,
3166 1379 3343 1446 miles,
3376 1381 3641 1450 palaestra

2051 1463 2321 1534 magister,
2363 1465 2453 1536 qui
2480 1465 2676 1536 ubique
2708 1475 2974 1522 terrarum
3001 1479 3346 1525 monumenta
3384 1486 3499 1524 sua:
3530 1470 3641 1525 vir-

2053 1557 2178 1610 tutis
2203 1556 2439 1627 reliquit,
2464 1557 2555 1628 qui
2584 1559 2796 1613 tertium
2825 1559 2877 1613 in
2908 1560 3094 1614 caelum
3131 1572 3256 1615 ante
3285 1563 3642 1616 resurrectioâ€”

2054 1662 2175 1702 nem
2219 1656 2402 1717 raptus
2432 1655 2534 1713 est,
2564 1649 2652 1718 qui
2682 1649 2734 1702 in
2765 1649 3061 1718 paradisum
3094 1651 3355 1716 sublatus,
3398 1652 3490 1721 qui
3521 1668 3643 1722 my-

2052 1743 2333 1797 steriorum
2366 1741 2711 1796 ineï¬‚â€˜abilium
2745 1744 3008 1815 particeps
3033 1758 3061 1797 a
3096 1743 3205 1798 Deo
3233 1744 3423 1809 factus,
3453 1746 3547 1815 qui
3567 1757 3645 1799 ta-

2055 1833 2118 1886 lia
2142 1833 2343 1887 audivit
2370 1842 2424 1887 et
2452 1832 2701 1903 loquutus
2721 1843 2823 1898 est,
2851 1849 2972 1904 qua:
2994 1843 3193 1889 natura:
3217 1835 3360 1905 loqui
3387 1851 3495 1890 non
3519 1838 3643 1892 licet

2054 1926 2321 1990 humanm,
2353 1925 2443 1995 qui
2470 1926 2695 1996 gratiam
2721 1927 3077 1995 capiosiorem
3108 1928 3356 1992 obtinuit,
3386 1939 3443 1984 et
3465 1929 3644 1999 majoâ€”

2052 2033 2163 2071 rem
2194 2016 2433 2070 laborem
2463 2015 2737 2071 exhibuit?
2763 2017 2889 2072 Plus
2930 2027 3107 2073 autem
3151 2035 3308 2087 quam
3356 2034 3554 2075 omnes
3586 2034 3645 2076 se

2052 2107 2344 2169 laborasse,
2402 2107 2575 2177 ipsum
2629 2107 2896 2164 dicentem
2944 2109 3107 2165 audi:
3148 2111 3506 2166 Abundantius
3545 2111 3646 2168 illis

2051 2199 2281 2254 omnibus
2307 2199 2529 2254 laboravi
2559 2199 2633 2272 (l.
2676 2199 2794 2255 Cor.
2833 2201 2925 2264 15.
2974 2199 3266 2271 10):quod
3291 2203 3338 2257 si
3365 2203 3646 2257 abundan-

2054 2290 2179 2358 tius,
2230 2305 2390 2359 quam
2437 2306 2646 2352 omnes,
2694 2292 2905 2345 labores
2955 2293 3226 2357 sustinuit,
3278 2292 3643 2349 abundantius

2051 2383 2212 2437 etiam
2239 2383 2601 2438 coronabitur.
2633 2382 2985 2456 Unusquisque
3012 2385 3142 2439 enim
3170 2387 3431 2455 prapriam
3455 2404 3645 2442 nterce-

2053 2474 2165 2527 dem
2213 2470 2423 2544 accipiet
2446 2474 2723 2530 secundum
2768 2477 3029 2545 praprium
3067 2476 3286 2531 laborem
3316 2477 3431 2550 (Id.
3468 2480 3525 2535 5.
3566 2481 3645 2547 8).

2054 2563 2109 2618 Si
2139 2579 2268 2636 ergo
2296 2565 2552 2634 majorem
2576 2581 2734 2636 quam
2766 2567 3007 2637 Apostoli
3034 2582 3284 2622 cumnam
3313 2570 3510 2638 accipit
3532 2571 3644 2640 (ue-

2056 2671 2143 2710 tno
2172 2670 2333 2725 porro
2361 2656 2530 2725 potuit
2554 2657 2839 2726 Apostolus
2868 2673 3103 2727 aequare,
3130 2659 3322 2729 quibus
3351 2658 3439 2713 hic
3465 2669 3645 2715 tamen

2053 2748 2227 2818 major
2255 2748 2408 2820 fuit):
2438 2748 2577 2804 haud
2608 2749 2825 2805 dubium
2864 2751 2991 2820 quin
3019 2766 3324 2820 supremum
3357 2752 3509 2805 illum
3543 2753 3643 2805 ho-

2056 2854 2243 2895 norem
2267 2849 2323 2895 et
2347 2840 2491 2896 sedis
2512 2843 2910 2911 praerogativam
2936 2842 3008 2896 sit
3033 2850 3463 2911 consequuturus
3481 2858 3499 2895 :
3526 2844 3645 2913 quis

2056 2933 2205 2987 illum
2233 2933 2392 3003 igitur
2416 2934 2728 2989 coronabit?
2753 2934 2929 3003 Ipsum
2956 2935 3219 2991 dicentem
3251 2936 3373 2989 audi
3401 2954 3416 2990 :
3443 2935 3645 2990 Bonam:

2053 3033 2307 3089 certamen
2328 3026 2536 3093 certaui,
2563 3043 2765 3079 cursum
2784 3028 3146 3092 consummavi,
3167 3028 3319 3095 ï¬dem
3343 3030 3560 3082 servavi.
3580 3028 3644 3082 1Î·

2054 3115 2248 3184 reliquo
2273 3118 2495 3186 reposita
2522 3126 2594 3171 est
2637 3117 2759 3169 mihi
2788 3134 2974 3171 corona
2993 3118 3228 3187 justititc.
3274 3134 3426 3187 quam
3471 3120 3644 3172 reddet

2055 3207 2182 3259 mihi
2218 3204 2468 3262 Dominus
2490 3208 2543 3260 in
2570 3208 2660 3261 illa
2688 3208 2771 3260 die
2789 3209 2962 3276 justus
2994 3208 3159 3277 judea:
3187 3208 3260 3277 (2.
3303 3207 3440 3261 Tim.
3476 3209 3530 3263 4.
3564 3210 3641 3273 7).

2057 3296 2216 3352 Pater
2235 3314 2335 3351 non
2350 3298 2553 3367 judicat
2581 3315 2901 3369 quemquam,
2941 3300 3030 3353 sed
3057 3315 3203 3353 omne
3217 3299 3478 3367 judicium
3508 3300 3643 3352 dedit

2058 3388 2197 3443 Filio
2218 3387 2400 3459 (Joau.
2428 3389 2481 3444 5.
2512 3388 2630 3460 22).
2673 3389 2856 3459 Neque
2882 3405 3012 3445 vero
3039 3399 3241 3444 tantum
3281 3389 3406 3444 inde
3433 3400 3643 3445 constat

2059 3480 2221 3544 istud,
2267 3480 2360 3535 sed
2391 3484 2550 3535 etiam
2581 3481 2759 3547 exiis,
2800 3497 2919 3551 qua:
2956 3490 3285 3550 sequuntur:
3311 3482 3433 3534 Non
3484 3484 3642 3536 solum

2056 3582 2224 3624 autent
2255 3572 2398 3636 mihi,
2426 3572 2516 3626 sed
2535 3582 2580 3626 et
2605 3574 2838 3627 omnibus
2862 3575 2949 3641 qui
2974 3573 3241 3627 dilexerint
3269 3590 3423 3643 appet
3437 3575 3642 3627 itionem

2058 3664 2167 3733 ejus
2195 3663 2272 3735 (2.
2295 3663 2428 3717 Tim.
2452 3666 2506 3720 4.
2530 3662 2611 3737 8).
2630 3664 2920 3735 Cttjnsnam
2946 3679 3108 3734 porro
3130 3665 3242 3718 lucc
3265 3666 3535 3733 apparitio
3553 3667 3637 3727 sit,

2057 3752 2181 3807 audi
2211 3768 2334 3808 eum
2383 3754 2472 3823 qui
2519 3763 2731 3809 narrat:
2759 3754 3007 3825 Apparuit
3049 3754 3215 3825 gratia
3255 3752 3354 3807 Dei
3402 3755 3643 3808 salutaris

2058 3844 2289 3897 omnibus
2316 3844 2624 3905 hominibus,
2654 3844 2889 3898 erudiens
2916 3860 3028 3908 nos,
3060 3853 3112 3896 ut
3137 3842 3441 3914 abttegatttes
3466 3844 3643 3908 impie-

2059 3946 2230 4003 tatem,
2261 3947 2308 3992 et
2335 3938 2602 3992 Â«scalaria
2631 3938 2898 4002 desideria,
2930 3937 3095 3992 sobrie
3130 3947 3177 3990 et
3193 3937 3353 4007 justo,
3381 3945 3431 3990 et
3460 3937 3542 4005 pie
3567 3937 3642 3989 tti-

2058 4044 2229 4082 vamus
2256 4028 2311 4081 in
2336 4028 2430 4081 ltoc
2466 4028 2653 4082 steculo
2670 4043 2690 4081 :
2715 4036 3055 4097 exspectantes
3082 4026 3277 4081 beatam
3301 4042 3439 4095 spent
3469 4037 3517 4080 et
3544 4043 3642 4094 ap-

2059 4118 2358 4187 paritionem
2382 4118 2559 4188 gloria:
2586 4119 2756 4188 magni
2790 4117 2904 4183 Dei,
2933 4126 2977 4172 et
3008 4116 3292 4173 Saluatoris
3331 4119 3494 4173 nostri
3517 4117 3645 4172 Jesst

2059 4209 2245 4265 Christi
2271 4209 2398 4280 (Tit.
2419 4208 2475 4263 s.
2503 4210 2617 4281 ll).

2131 4321 2186 4377 4.
2228 4319 2343 4386 Quo
2370 4337 2521 4377 sensu
2546 4322 2777 4377 Christus
2799 4323 3005 4389 dixerit,
3038 4323 3153 4378 Non
3181 4332 3265 4379 est
3288 4336 3470 4379 meum
3488 4321 3646 4378 dare.

2057 4411 2259 4468 -Sed
2299 4412 2386 4467 hic
2409 4413 2623 4483 quidem
2657 4428 2847 4482 (mgna,
2893 4428 2997 4483 qua
3038 4426 3161 4481 eum
3203 4414 3471 4469 hereticis
3513 4428 3650 4468 con-

2059 4505 2225 4572 gressi
2243 4518 2447 4563 sumus.
2468 4504 2625 4558 linem
2644 4503 2825 4568 habet,
2838 4504 3052 4573 jamque
3075 4513 3329 4573 tropreurn
3351 4504 3646 4570 ereximus,

2059 4606 2114 4651 et
2132 4596 2406 4650 victoriam
2434 4596 2734 4661 retulimus,
2755 4609 2875 4649 cum
2900 4610 2966 4649 ex
2992 4595 3056 4649 iis
3074 4595 3340 4659 omnibus,
3359 4608 3480 4664 qua
3495 4607 3651 4647 com-

2060 4694 2350 4740 memorata
2372 4694 2516 4750 sunt,
2541 4686 2594 4738 in
2620 4684 2738 4754 ejus
2764 4698 2884 4739 esse
2912 4692 3173 4752 potestate
3214 4684 3373 4739 situm
3399 4682 3651 4737 docueri-

2061 4792 2199 4842 mus,
2231 4793 2352 4832 cum
2396 4777 2686 4831 honoribus
2711 4776 3004 4841 cumulare,
3037 4783 3149 4830 tum
3178 4789 3333 4845 pcena
3362 4774 3647 4839 muletare,

2061 4878 2240 4938 utpote
2268 4869 2357 4940 qui
2383 4878 2434 4923 et
2462 4884 2622 4924 omne
2640 4869 2895 4939 judicium
2923 4868 3134 4934 habeat,
3162 4876 3219 4923 et
3243 4868 3479 4923 omnium
3501 4867 3647 4935 epti-

2061 4978 2204 5016 mutu
2230 4971 2470 5028 coronet,
2498 4975 2562 5017 ae
2584 4962 2838 5017 victorem
2861 4963 3184 5031 pronuntiet,
3207 4968 3262 5015 et
3282 4960 3334 5013 in
3360 4959 3461 5014 illis
3485 4973 3648 5028 para-

2066 5051 2201 5106 bolis
2229 5061 2512 5122 utrumque
2531 5052 2867 5122 prazstiterit:
2899 5052 2992 5106 sed
3012 5051 3119 5120 jam
3141 5049 3393 5119 deinceps
3410 5048 3645 5117 oportet,

2064 5151 2123 5194 ut
2144 5141 2524 5198 dubitationem
2552 5158 2617 5198 ex
2637 5143 2829 5198 animis
2848 5142 3065 5197 fratrum
3083 5143 3469 5207 eximamus,'et
3482 5154 3645 5209 quam

2060 5232 2129 5287 ob
2154 5247 2368 5286 causam
2406 5234 2476 5287 ita
2514 5232 2727 5299 dixerit,
2770 5233 3088 5289 doceamus:
3113 5232 3234 5286 Non
3262 5241 3519 5285 euincunt
3547 5231 3646 5282 bos

2059 5324 2225 5378 dare:
2251 5324 2447 5379 multos
2485 5325 2626 5380 enim
2665 5340 2733 5380 ex
2773 5340 2957 5381 eorum
2987 5326 3286 5387 occasione,
3331 5338 3452 5393 qua:
3499 5322 3646 5376 dicta

2060 5423 2205 5480 sunt,
2232 5415 2581 5485 quaestionem
2610 5431 2824 5472 movere
2851 5416 3110 5472 arbitror:
3144 5424 3203 5469 ut
3233 5414 3392 5485 igitur
3413 5421 3471 5467 et
3496 5427 3650 5482 qua:-

2061 5506 2287 5560 stionem
2309 5505 2599 5573 solvamus,
2626 5515 2679 5561 et
2702 5506 3155 5577 perturbationem
3182 5503 3344 5559 animi
3368 5504 3644 5568 sedemus,

2062 5594 2337 5662 attendite,
2368 5609 2570 5666 quaeso,
2611 5597 2870 5663 animum,
2902 5605 2958 5653 et
2985 5605 3217 5652 mentem
3244 5603 3475 5648 vestram
3503 5606 3643 5661 pra:-

2069 5686 2479 5755 Palâ€™aletmajor
2500 5686 2825 5758 quippcjam
2853 5687 2981 5742 mihi
3026 5686 3175 5742 labor
3213 5682 3502 5740 incumbit:
3528 5696 3638 5737 non
