3854 6222
180 335 284 392 ’171

177 452 354 520 Πένης
400 446 472 513 εἴ,
509 451 602 505 καὶ
646 451 863 505 πάντων
893 454 1196 524 ἀνθρώπων
1239 461 1599 529 πενέστερος;
1644 460 1756 513 ἀλλ’

173 535 278 585 οὐκ
308 529 357 585 εἴ
382 533 482 602 τῆς
513 534 686 604 χήρας
722 536 936 604 ἐκείνης
969 541 1308 608 πτωχότερος
1328 583 1343 606 ,
1376 542 1410 612 ἥ
1438 546 1565 605 τοὺς
1594 543 1759 596 πλου-

171 614 401 678 τοῦντας
453 617 516 669 ἐκ
570 616 764 668 πολλοῦ
827 617 920 670 τοῦ
978 623 1260 691 περιόντος
1308 624 1756 694 ὑπερηκόντισεν.

189 697 352 750 nam
385 699 702 779 xalhaﬁ'cﬁc
737 701 964 772 ἀπορεῖς
1015 705 1116 773 τῆς
1161 707 1472 775 ἀναγκαίας
1517 710 1756 779 τροφῆςς

847 336 936 392 DE
977 334 1198 391 PETIT.
1243 335 1492 393 FILIOR.
1526 342 1759 399 ZEBED‘

1863 387 1867 406 ι
1902 345 2182 399 comm
2220 344 2601 401 ANommos.
2647 345 2780 402 vm.
3321 332 3393 414 ξπ
3421 338 3429 382 δ

1866 462 2097 532 μάλιστα
2124 463 2184 515 τὸ
2212 461 2439 532 κρίνειν,
2479 461 2575 517 καὶ
2599 462 2860 526 δικάζειν,
2895 463 2988 516 καὶ
3017 464 3202 535 τιμᾷν,
3231 465 3325 519 καὶ
3350 481 3426 519 τι·

1863 544 2181 614 μωρεῖσθαι.
2211 546 2321 597 Καὶ
2347 546 2610 616 ἑτέρωθεν
2631 545 2686 599 δέ
2715 545 2870 598 τοῦτο
2890 546 2989 599 τδοι
3011 563 3092 609 τις
3112 545 3199 608 ἂν,
3227 547 3310 599 ὅτι
3338 548 3428 600 καὶ

1859 626 1958 688 τὰς
1989 627 2100 680 ἄνω
2125 627 2286 696 τιμάς
2317 627 2503 698 κύριος
2543 629 2702 690 αὐτός
2729 630 2844 680 ἐστι
2871 628 3089 682 διδόναι.
3127 631 3293 682 Ὅταν
3323 629 3429 702 γάρ

1860 710 2269 779 παραγάγωμεν
2316 712 2398 774 εἰς
2436 711 2498 764 τὸ
2549 713 2710 781 μέσον
2753 710 2846 764 τὸν
2882 711 3099 764 πάντων
3131 711 3430 782 ἀνθρώπων

171 780 293 835 ἀλλ’
331 781 432 833 οὑκ
457 776 508 833 εἷ
534 781 636 850 τῆς
661 781 919 847 Σιδωνίας
952 785 1325 859 ἀπορώτερος,
1361 790 1394 859 ἥ
1433 776 1570 861 πρὸς
1597 776 1760 845 αὑτὸν
1798 849 1839 863 Α
1859 776 2212 860 ἀμείνωξκάὶ
2240 791 2501 861 δείξωμεν
2540 776 2726 846 τοῦτον
2747 793 2840 846 ὑπ’
2876 793 3038 846 αὐτοῦ
3067 793 3430 863 στεφανούμε-

169 862 408 947 ἐλθοῦσα
433 864 525 947 τοῦ
547 863 707 933 λιμοῦ
729 865 818 918 τὸν
847 849 1117 937 πυθμένα,
1145 849 1237 923 τοῦ
1268 849 1496 924 θανάτού
1528 849 1759 943 προσδοο
1796 849 1842 898 ο
1861 849 1970 938 νόν,
1998 873 2127 926 ποία
2155 849 2816 945 λοιπὺντὺπολειφθήσεται
2846 875 3118 947 πρόφασις
3147 849 3308 946 ὑιμῖνς

175 946 428 1015 κωμένου
454 945 656 1009 λοιπὸν,
685 948 778 999 καὶ
802 948 965 1019 χοροῦ
997 952 1202 1005 παίδων
1233 955 1615 1024 περιεστῶτος,
1638 956 1760 1009 οὑδέ

169 1027 350 1089 οὕτως
379 1028 628 1094 ἐφείσατο
658 1027 768 1081 τῶν
789 1031 983 1097 ὅντων,
1013 1031 1148 1086 ἀλλά
1185 1035 1272 1087 διὰ
1299 1036 1400 1105 τῆς
1432 1037 1758 1107 ἐπιτεταμέ-

174 1125 276 1176 νης
339 1108 528 1172 πενίας
587 1110 814 1164 πλοῦτον
874 1115 1077 1182 ἄφατον
1125 1117 1385 1186 ἐπρίατο,
1427 1117 1609 1171 ἅλωνα
1659 1120 1758 1188 τὴν

175 1190 338 1257 χεῖρα
375 1191 469 1242 καὶ
497 1190 654 1261 ληνὸν
693 1195 790 1263 τὴν
824 1195 1011 1265 ὑδρίαν
1044 1199 1393 1270 ἐργασαμένη
1414 1242 1428 1263 ,
1461 1201 1521 1264 ἐξ
1564 1201 1757 1269 ὀλίγων

175 1271 350 1355 πολλὰ
379 1272 646 1342 πηγάζειν
678 1281 1166 1347 παρασκευάσασα.
1218 1283 1358 1334 Ἀλλ’
1396 1283 1489 1336 ἐπὶ
1532 1285 1594 1337 τὸ
1624 1300 1759 1355 προ-

173 1354 429 1438 κείμενον
462 1355 628 1427 ἴωμεν
653 1370 702 1422 ι,
739 1361 828 1412 ἵνα
858 1361 933 1432 μὴ
970 1367 1210 1434 συνεχεῖς
1246 1365 1344 1427 τάς
1371 1354 1758 1438 παρεκτροπάς

173 1434 482 1520 ποιώμεθα.
526 1441 740 1513 Ἐπειδὴ
772 1439 867 1496 οὖν
906 1444 1126 1514 ἔμελλεν
1163 1448 1191 1499 6
1219 1434 1754 1520 νυμφίοςέρχεσθαι,

171 1516 349 1572 ταῦτα
377 1521 512 1592 πρὸς
536 1523 766 1594 ἀλλήλας
786 1527 841 1580 αἱ
872 1527 1130 1596 παρθένοι
1161 1516 1477 1599 διελέγοντο.
1512 1516 1757 1586 Ἓκεῖναι

165 1599 230 1651 δὲ
266 1601 402 1670 πρὸς
430 1605 555 1667 τοὺς
583 1606 894 1672 πωλοῦντας
920 1609 1164 1679 ἔπεμπον
1196 1613 1365 1676 αὑτάς
1385 1631 1398 1644 ·
1425 1614 1540 1667 ἀλλ’
1569 1617 1669 1668 οὐκ
1688 1611 1756 1685 ἦν

173 1685 367 1755 καιρὸς
400 1687 581 1740 οὐκέτι
615 1687 800 1743 λοιπὸν
833 1692 1125 1763 ἀγοράζειν
1161 1694 1371 1748 ἔλαιον·
1414 1697 1655 1760 εἰκότως.
1692 1699 1755 1750 Οί

171 1767 285 1850 γὰρ
318 1768 622 1834 πωλοῦντες
647 1772 704 1825 ἐν
733 1772 810 1842 τῷ
841 1777 1067 1846 παρόντι
1102 1777 1202 1847 βίῳ
1239 1780 1397 1848 μόνον
1437 1780 1576 1831 εἰσί·
1618 1780 1756 1850 μετά

166 1848 230 1933 δέ
257 1849 354 1920 τὴν
383 1852 628 1905 ἐντεῦθεν
656 1855 964 1927 ἀποδημίαν
991 1859 1084 1911 καὶ
1110 1861 1169 1912 τὸ
1197 1861 1420 1931 λυθῆναι
1445 1863 1503 1914 τὸ
1529 1848 1754 1933 θέατρον

169 1930 276 1984 οὐκ
308 1932 422 1984 ἔστι
453 1934 636 1987 λοιπὸν
666 1937 958 2008 φάρμακον
991 1945 1105 2004 τοῖς
1137 1945 1522 2013 γεγενημένοις
1553 1930 1754 2012 εὑρεῖν,

170 2014 298 2066 οὑδέ
330 2016 660 2088 συγγνώμην
691 2021 784 2072 καὶ
816 2021 1109 2091 ἀπολογίαν
1128 2063 1142 2086 ,
1178 2025 1294 2077 ἀλλ’
1324 2026 1536 2095 ἀνάγκη
1571 2026 1756 2079 λοιπὸν

172 2097 532 2180 κολάζεσθαι·
588 2102 725 2172 ὅπερ
772 2103 864 2156 καὶ
914 2105 1035 2157 τότε
1085 2106 1328 2174 γέγονεν.
1383 2109 1602 2178 Ἐπειδὴ
1647 2109 1756 2180 γὰρ

170 2173 338 2261 ἦλθεν
369 2181 396 2232 6
423 2183 676 2250 νυμφίος,
711 2186 766 2236 αἱ
806 2187 902 2255 μὲν
945 2173 1193 2257 εἰσῆλθον
1241 2189 1498 2261 λαμπρὰς
1533 2173 1754 2261 ἔχουσαι

169 2260 275 2322 τὰς
304 2261 612 2332 λαμπάδας,
648 2268 704 2318 αἱ
737 2266 813 2331 δὲ,
855 2269 1222 2340 ὑστερήσασαι
1251 2260 1353 2341 τῆς
1384 2260 1623 2336 εἰσόδου,
1657 2273 1756 2338 τὰς

167 2343 348 2428 θύρας
375 2346 679 2400 ἐπάτασσον
703 2349 796 2402 τοῦ
819 2353 1123 2421 νυμφῶνος,
1147 2354 1242 2407 καὶ
1267 2355 1329 2408 τὸ
1351 2357 1581 2428 φοϐερὸν
1605 2358 1756 2428 ῥῆμα

170 2426 352 2480 ἐκεῖνο
376 2428 571 2498 ἤκουον
592 2445 606 2459 ο
642 2430 935 2500 Ὑπάγετε,
962 2435 1062 2486 οὐκ
1083 2431 1200 2489 οἴδα
1221 2437 1385 2506 ὑμᾶς.
1411 2426 1564 2503 Εἶδες
1593 2426 1755 2492 αὐτὸν

168 2509 338 2562 πάλιν
368 2512 463 2564 καὶ
486 2512 730 2582 τιμῶντα
767 2516 860 2568 καὶ
904 2517 1220 2582 κολάζοντα,
1253 2522 1346 2573 καί
1388 2521 1755 2590 στεφανοῦνται

169 2592 271 2644 καὶ
312 2595 677 2664 τιμωροῦντα,
717 2599 812 2650 καὶ
850 2599 1136 2670 δεχόμενον
1193 2601 1288 2654 καὶ
1335 2603 1752 2674 ἀποπέμποντα,

171 2677 272 2730 καὶ
314 2678 573 2749 ἐκατέρου
615 2679 710 2732 τοῦ
742 2681 940 2754 μέρους
973 2683 1072 2752 τῆς
1103 2684 1337 2755 κρίσεως
1367 2686 1496 2739 ὄντα
1531 2687 1752 2757 κύριον;

171 2758 347 2811 Τοῦτο
391 2761 486 2812 καὶ
515 2762 607 2814 ἐπὶ
639 2762 731 2814 τοῦ
779 2764 1121 2834 ἀμπελῶνος,
1172 2766 1331 2820 τοῦτο
1374 2769 1468 2821 καὶ
1515 2771 1606 2822 ἐπὶ
1648 2771 1756 2824 τῶν

171 2841 339 2894 πέντε
380 2843 474 2896 καὶ
504 2843 596 2897 δύο
629 2843 780 2917 [517]
811 2847 1105 2914 ταλάντων,
1139 2849 1233 2901 καὶ
1266 2849 1360 2902 τοῦ
1391 2852 1508 2913 ἐνὸς
1540 2852 1638 2906 ίδοι
1670 2871 1758 2917 τις

169 2925 276 2976 ἄν·
318 2927 444 2988 τοὺς
489 2927 586 2995 μὲν
638 2927 747 2998 γὰρ
791 2929 1118 2994 ἀπεδέξατο,
1172 2933 1266 2985 καὶ
1319 2935 1612 3004 εισήγαγεν
1663 2938 1757 2989 ἐπὶ

171 3007 406 3071 πλείοσι,
429 3007 520 3061 τὸν
539 3009 598 3062 δὲ
621 3010 873 3064 ἐκέλευσε
894 3011 1114 3066 δεθέντα
1140 3013 1244 3080 ἔξω
1273 3015 1565 3085 βάλλεσθαι
1592 3021 1672 3082 είς
1697 3019 1756 3072 τὸ

174 3091 371 3154 σκότος
405 3092 466 3144 τὸ
487 3091 772 3164 ἐξώτερον.

249 3270 319 3332 τ.
348 3264 509 3317 Ἀλλὰ
527 3265 610 3328 τίς
633 3267 810 3320 αὐτῶν
829 3270 856 3320 6
874 3269 1114 3339 δριμὺςδ
1131 3269 1307 3339 λόγος,
1325 3272 1524 3342 μᾶλλον
1551 3274 1607 3327 δέ
1636 3275 1756 3328 πολ-

170 3345 278 3411 λῆς
314 3347 497 3410 ἀνοίας
525 3349 738 3419 γέμων;
781 3351 924 3420 ἔχειν
964 3352 1062 3422 μὲν
1103 3353 1350 3418 ἐξουσίαν
1381 3357 1474 3408 καὶ
1509 3356 1755 3419 κολάζειν

172 3431 272 3483 καί
299 3431 614 3499 στεφανοῦν,
643 3433 738 3484 καὶ
760 3434 1121 3504 τιμωρεῖσθαι
1148 3439 1240 3489 καῖ
1265 3438 1502 3508 ἀμοιϐάς
1530 3440 1751 3506 διδόναι,

169 3512 316 3567 ἀλλὰ
351 3514 448 3585 τὴν
488 3515 748 3569 ἀνωτάτω
776 3516 1086 3589 προεδρίαν,
1119 3519 1274 3589 φησὶ,
1306 3523 1400 3574 καὶ¹
1428 3523 1526 3592 τὴν
1557 3523 1754 3594 ὑψηλο-

172 3597 348 3666 τάτην
376 3596 559 3668 τιμὴν,
592 3600 798 3669 ταύτην
824 3599 1025 3670 ἔφησεν
1053 3603 1151 3654 οὐκ
1181 3600 1319 3656 εἶναι
1352 3604 1517 3658 αὑτοῦ
1552 3604 1754 3659 δοῦναι·

174 3680 244 3732 Τί
273 3677 368 3732 οὖν
400 3680 494 3734 ἐὰν
527 3680 702 3753 μάθῃς
729 3683 812 3735 ὅτι
850 3681 1003 3737 οὐδέν
1036 3685 1186 3738 ἐστιν
1218 3685 1632 3759 ὑπεξῃρημένον
1664 3692 1758 3744 αύ-

173 3763 273 3816 τοῦ
297 3764 394 3834 τῆς
415 3763 614 3833 ψήφου,
638 3765 891 3838 ἀποθήσῃ
917 3768 1047 3821 ποτὲ
1069 3768 1168 3838 τὴν
1193 3769 1420 3840 ἄκαιρον
1439 3771 1645 3842 ταύτην
1674 3790 1760 3842 φι-

174 3846 481 3910 λονεικίαν;
521 3848 730 3902 Οὐκοῦν
769 3849 932 3903 αὑτοῦ
967 3852 1128 3904 πάλιν
1172 3853 1336 3906 ἄκουε
1374 3853 1659 3920 λέγοντοςο
1705 3857 1759 3909 '0

177 3929 384 3997 Πατὴρ
414 3931 485 3983 οὐ
507 3931 692 3999 κρίνει
716 3931 955 3996 οὐδένα,
987 3933 1147 3987 ἀλλὰ
1175 3934 1383 3989 πᾶσαν
1415 3937 1530 4002 τὴν
1557 3937 1761 4005 κρίσιν

176 4013 402 4067 δέδωκε
438 4012 520 4077 τῷ
569 4012 696 4078 Υίῷ.
732 4015 794 4067 Εἰ
827 4014 1007 4068 τοίνυν
1049 4017 1232 4069 πᾶσαν
1267 4016 1379 4086 ἔχει
1424 4018 1524 4089 τὴν
1558 4020 1758 4091 κρίσιν,

176 4096 333 4149 οὐδὲν
361 4093 698 4166 ὑπεξῄρηται
723 4099 822 4167 τῆς
851 4097 1033 4168 ψήφου
1054 4113 1067 4125 ·
1100 4100 1128 4151 6
1161 4100 1268 4170 γάρ
1298 4101 1477 4152 πᾶσαν
1501 4101 1638 4170 ἔχων
1664 4103 1762 4173 τὴν

179 4179 388 4248 κρίσιν,
413 4179 598 4250 κύριός
627 4181 744 4232 ἐστι
774 4182 981 4244 πάντας
1016 4183 1110 4234 καὶ
1131 4182 1491 4253 τιμωρεῖσθαι
1519 4185 1614 4236 καὶ
1644 4201 1765 4236 στε-

180 4260 407 4330 φανοῦν.
432 4263 505 4315 Τὸ
524 4263 600 4326 δὲ,
621 4262 839 4330 ἔδωκεν,
865 4264 1101 4316 ἐνταῦθα
1123 4265 1197 4336 μὴ
1221 4265 1576 4336 ἀνθρωπίνως
1597 4267 1762 4321 ἀκού-

183 4361 307 4415 σῃς,
333 4345 584 4414 ἀγαπητέ
605 4363 618 4375 ·
648 4346 709 4399 οὐ
734 4345 842 4416 γάρ
875 4347 974 4400 οὐκ
1005 4347 1180 4416 ἔχοντι
1207 4347 1425 4410 ἔδωκεν,
1452 4349 1572 4402 οὐδὲ
1597 4351 1762 4419 ἀτελῆ

179 4429 493 4498 ἐγέννησεν,
511 4429 631 4483 οὐδὲ
654 4429 878 4500 ὕστερον
903 4429 1049 4500 αὐτῷ
1075 4431 1430 4502 προσεγένετο
1445 4443 1496 4495 α,
1525 4434 1661 4486 ἀλλὰ
1682 4434 1761 4498 τὸ,

179 4510 392 4574 ἔδωκε,
423 4512 662 4566 τοιοῦτόν
703 4515 851 4574 ἐστι,
894 4513 1136 4567 τοιοῦτον
1167 4515 1327 4568 αὑτὸν
1361 4516 1641 4586 ἐγέννησε,
1674 4519 1765 4571 τέ-

179 4595 348 4661 λειον,
399 4597 824 4668 ἀπηρτισμένον.
863 4596 1048 4670 Ταύτῃ
1089 4597 1146 4649 δὲ
1186 4600 1452 4670 κέχρηται
1482 4603 1548 4671 τῇ
1599 4601 1761 4665 λέξει,

183 4679 277 4732 ἵνα
309 4679 383 4749 μὴ
417 4678 508 4731 δύο
538 4681 833 4750 γεννητοὺς
860 4681 1090 4751 νομίσῃς
1129 4679 1304 4744 θεοὺς,
1343 4681 1457 4734 ἀλλ’
1488 4683 1576 4736 ἵνα
1621 4684 1765 4755 εἰδῇς

181 4763 283 4816 καὶ
309 4763 409 4831 τὴν
443 4761 599 4833 ῥίζαν
626 4765 718 4814 καὶ
746 4763 838 4815 τὸν
861 4763 1071 4832 καρπόν
1089 4780 1100 4792 ·
1127 4764 1224 4833 οὐχ
1248 4764 1332 4816 ἵνα
1361 4764 1589 4836 ὕστερον
1618 4767 1766 4837 αὐτῷ

179 4844 656 4916 προηεγενῆσθαι
679 4846 907 4916 νομίσῃς
934 4845 1112 4898 τοῦτο.
1147 4847 1256 4899 Καὶ
1284 4847 1391 4915 γάρ
1415 4847 1768 4917 ἐρωτώμενος

179 4928 441 4998 ἀλλαχοῦ,
484 4927 720 4982 Οὐκοῦν
751 4929 1054 4994 ,ϐασιλεὺς
1090 4925 1149 4983 εἴ
1181 4931 1298 4992 σύ;
1331 4931 1432 4982 οὐκ
1471 4925 1644 4994 εἶπεν,
1684 4934 1765 4986 ὅτι

187 5011 426 5064 Ἕλαϐον
455 5011 552 5080 τὴν
593 5011 868 5081 βασιλείαν
890 5027 903 5040 °
937 5013 1035 5064 οὐκ
1064 5009 1216 5065 εἶπεν
1237 5051 1252 5076 ,
1297 5014 1376 5065 ὅτι
1407 5014 1766 5082 προσεγένετο

182 5092 340 5163 αὐτῷ
379 5092 602 5165 ὕστερον
636 5097 668 5163 ὴ
704 5093 981 5164 βασιλεία·
1015 5094 1149 5155 ἀλλ’,
1181 5097 1262 5148 ὅτι
1303 5094 1451 5165 Ἐγὼ
1475 5099 1561 5161 εἰς
1594 5097 1766 5150 τοῦτο

185 5177 568 5247 γεγέννημαι.
621 5178 683 5231 Et
733 5177 986 5246 βασιλεὺς
1024 5178 1432 5249 ἀπηρτισμένος
1478 5179 1763 5250 ἐγεννήθη,

180 5259 411 5329 εὖδηλον
437 5260 519 5312 ὅτι
549 5260 644 5312 καὶ.
681 5261 872 5330 κριτὴς
901 5262 994 5313 καὶ
1039 5261 1332 5331 δικαστής·
1367 5259 1630 5330 βασιλέως
1657 5262 1777 5332 γάρ’

253 5471 282 5534 _‘
297 5469 432 5534 Unus
448 5472 730 5534 ἐπανίωμεν.

252 5532 286 5598 If
311 5530 593 5593 Legebalur
629 5530 791 5590 πολύς.
839 5534 940 5584 Sed
977 5535 1138 5598 δριμύς
1171 5534 1494 5598 ριιωὶιιιίωυε,
1535 5545 1648 5594 qua:
1675 5537 1769 5598 _est

189 5592 434 5658 scriplufa
453 5604 669 5658 guawor
686 5608 801 5645 mss.
828 5603 878 5645 et
900 5592 1074 5658 Savfll,
1093 5592 1369 5658 meliusque
1387 5596 1447 5644 ad
1469 5592 1766 5644 aen—tentiam

199 5656 420 5716 quadrat.
451 5656 578 5703 Enn.

266 5718 288 5745 τ
315 5715 398 5780 Si_c_
417 5719 618 5780 magnima
638 5730 747 5780 pan
765 5731 901 5777 πιθα,
925 5726 1072 5770 atque
1108 5720 1174 5767 ita
1195 5720 1374 5780 legisse
1397 5717 1590 5766 videtur
1609 5716 1768 5766 inter-

189 5786 335 5835 pres.
357 5776 527 5826 Morel.
555 5776 672 5826 verb
694 5779 892 5839 ἐγένετο.

501 5895 776 5957 Ρλτιῡι.
814 5887 934 5948 Gn.
982 5883 1259 5948 XLVIII.

1930 1022 2023 1084 Τίς
2047 1019 2141 1076 οῦν
2163 1023 2420 1079 ἁπάντων
2438 1023 2740 1095 ἀνθρώπων
2761 1027 2999 1096 ἀμείνων
3019 1044 3034 1091 ;
3061 1027 3156 1091 Τίς
3175 1027 3230 1078 δὲ
3249 1027 3433 1097 ἕτερος

1859 1106 1971 1159 ἀλλ’
1994 1105 2026 1176 ἦ
2048 1107 2074 1157 6
2099 1107 2416 1176 σκηνοποιὺς
2442 1109 2666 1170 ἐκεῖνος,
2687 1110 2715 1160 6
2733 1110 2830 1179 τῆς
2850 1110 3174 1180 οἰκουμένης
3189 1110 3434 1162 διδάσκα-

1859 1189 1968 1254 λος,
1987 1193 2013 1242 6
2035 1190 2137 1260 γῆν
2163 1191 2255 1244 καὶ
2275 1190 2548 1244 θάλασσαν
2572 1191 2822 1262 καθάπερ
2846 1192 3150 1262 ὑπόπτερος
3176 1191 3430 1262 περιδρα-

1862 1272 1998 1343 μὼν,
2031 1273 2090 1326 τὸ
2123 1273 2314 1336 σκεῦος
2337 1275 2434 1343 τῆς
2456 1273 2703 1345 ἐκλογῆς,
2735 1276 2764 1326 6
2793 1274 3157 1344 νυμφαγωγὸς
3181 1273 3274 1326 τοῦ
3303 1274 3435 1343 Χριη

1860 1357 2007 1420 στοῦ,
2039 1358 2067 1409 6
2101 1356 2202 1426 τῆς
2237 1357 2561 1426 Ἐκκλησίας
2595 1357 2915 1427 φυτουργὸς,
2940 1358 2972 1409 6
3013 1354 3174 1425 σοφὸς
3214 1355 3433 1427 ἀρχιτέ-

1859 1456 2000 1492 κτων
2027 1481 2040 1501 ,
2084 1442 2111 1492 6
2155 1439 2348 1511 κήρυξ,
2380 1443 2408 1493 6
2451 1440 2706 1512 δρομεὺς,
2755 1441 2783 1493 6
2825 1439 3153 1510 ἀγωνιστὴς,
3200 1440 3228 1490 6
3272 1453 3436 1508 στρα-

1855 1521 2074 1593 τιώτης,
2109 1523 2137 1574 6
2181 1523 2555 1594 παιδοτρίϐης,
2593 1524 2622 1575 6
2663 1522 2938 1592 πανταχοῦ
2970 1522 3070 1592 τῆς
3114 1520 3437 1590 οἰκουμένης

1858 1603 2225 1674 ὑπομνήματα
2270 1605 2368 1674 τῆς
2401 1606 2604 1668 οἰκείας
2642 1604 2844 1674 ἀρετῆς
2885 1601 3237 1666 καταλιπὼν,
3271 1603 3300 1655 6
3332 1601 3437 1672 πρὸ

1856 1686 1954 1756 τῆς
1982 1687 2329 1748 ἀναστάσεως
2360 1689 2438 1748 είς
2467 1687 2648 1757 τρίτον
2683 1687 2959 1754 ἀρπαγεὶς
2987 1685 3212 1756 οὐρανὸν
3233 1726 3247 1748 ,
3277 1685 3306 1736 6
3356 1685 3436 1747 εἰς

1858 1768 2182 1839 παράδεισον
2209 1769 2548 1839 ἀπενεχθεὶς,
2579 1771 2607 1822 6
2639 1769 2967 1840 ἀπορρήτων
2997 1768 3331 1837 κοινωνήσας
3358 1766 3438 1835 τῷ

1857 1851 1975 1920 Θεῷ
2021 1852 2356 1922 μυστηρίων,
2395 1854 2422 1904 6
2449 1851 2673 1905 τοιαῦτα
2696 1851 2934 1914 ἀκούσας
2973 1851 3066 1903 καὶ
3105 1849 3364 1918 λαλήσας,
3401 1850 3438 1902 ἀ

1857 1934 2174 2006 ἀνθρωπίνῃ
2214 1933 2372 2002 φύσει
2423 1934 2652 2003 λαλῆσαι
2698 1934 2798 1986 ούκ
2846 1933 2947 1997 ἔνι,
2995 1935 3024 1985 6
3071 1933 3164 1985 καὶ¹
3217 1932 3437 2002 χάριτος

1857 2016 2103 2079 πλείονος
2135 2016 2472 2079 ἀπολαύσας,
2504 2017 2597 2069 καὶ
2639 2016 2861 2086 μείζονα
2891 2014 3058 2067 κόπον
3093 2012 3439 2082 ἐπιδειξάμε-

1856 2114 1979 2161 νος;
2019 2098 2224 2150 Ὅτιδέ
2259 2098 2442 2152 πλεῖον
2472 2098 2728 2152 ἁπάντων
2761 2097 2995 2167 ἔκαμεν,
3021 2096 3248 2148 ἄκουσον
3273 2094 3435 2148 αὑτοῦ

1855 2180 2130 2249 λέγοντος,
2177 2182 2259 2235 ὅτι
2297 2183 2738 2249 Περισσὼερον
2782 2179 2980 2234 αὐτῶν
3034 2179 3273 2232 πάντων
3309 2178 3440 2232 ἐκο-

1855 2265 2065 2318 πίασα.
2103 2265 2166 2318 El
2197 2265 2255 2317 δὲ
2287 2265 2672 2335 περισσότερον
2723 2263 2941 2316 πάντων
2985 2262 3210 2332 ἔκαμεν,
3246 2277 3438 2332 περισ⁴

1857 2347 2075 2418 σότερον
2104 2347 2200 2400 καὶ
2243 2345 2632 2416 στεφανοῦται·
2681 2347 2982 2410 Ἕκαστος
3009 2343 3117 2416 γὰρ
3148 2342 3254 2396 τὸν
3283 2342 3440 2397 ἴδιον

1849 2430 2073 2499 μισθὸν
2101 2431 2361 2498 λήψεται
2395 2430 2544 2484 κατὰ
2585 2429 2692 2482 τὸν
2723 2428 2877 2482 ἴδιον
2910 2428 3120 2481 κόπον.
3161 2426 3225 2478 Et
3258 2425 3439 2478 τοίνυν

1859 2512 2082 2582 μείζονα
2108 2512 2216 2566 τῶν
2251 2512 2564 2565 ἀποστόλων
2593 2511 2862 2581 λαμϐάνει
2895 2509 3157 2576 στέφανον
3197 2506 3346 2576 (τῶν
3382 2507 3440 2561 δέ

1857 2595 2170 2648 ἀποστόλων
2210 2596 2329 2658 ἴσος
2365 2595 2539 2658 οὐδεὶς
2575 2595 2798 2662 γέγονεν
2821 2633 2835 2657 ,
2867 2588 3020 2654 οὗτος
3065 2591 3122 2644 δέ
3173 2591 3459 2644 κάκείνων·

1860 2679 2118 2747 μείζων),
2151 2677 2373 2748 εὔδηλον
2415 2679 2495 2731 ὅτι
2534 2678 2633 2746 τῆς
2670 2676 2928 2730 ἀνωτάτω
2958 2673 3327 2728 ἀπολαύσεται
3357 2689 3440 2725 τι-

1860 2761 1969 2830 μῆς
2021 2762 2114 2814 καὶ
2167 2762 2478 2831 προεδρίας.
2527 2760 2624 2821 Τίς
2674 2757 2767 2811 οὖν
2813 2759 2960 2812 ἐστιν
3015 2759 3042 2810 6
3079 2757 3243 2810 αὑτὸν
3286 2755 3438 2828 [5181

1859 2845 2136 2913 στεφανῶν
2163 2855 2184 2882 π
2208 2863 2222 2911 ;
2256 2846 2524 2896 ’Ἄκουσον
2554 2842 2722 2895 αὑτοῦ
2765 2841 3016 2909 λέγοντος
3039 2858 3051 2871 ·
3090 2839 3208 2894 Τὸν
3237 2835 3441 2907 ἀγῶνα

1858 2926 1966 2980 τὸν
1995 2928 2185 2981 καλὸν
2213 2927 2568 2995 ἠγώνισμαι,
2600 2925 2707 2978 τὸν
2735 2924 2955 2993 δρόμον
2987 2921 3288 2986 τετέλεκα,
3326 2920 3441 2988 τὴν

1858 3011 2068 3064 πίστιν
2096 3009 2391 3078 τετήρηκα
2411 3024 2423 3036 °
2449 3007 2669 3062 λοιπὸν
2697 3006 3003 3060 ἀπόκειταί
3020 3021 3123 3074 μοι
3152 3007 3184 3058 ό
3215 3003 3326 3072 τῆς
3357 3003 3441 3056 δι-

1859 3095 2187 3159 καιοσύνης
2218 3092 2539 3160 στέφανος,
2581 3089 2655 3143 ὃν
2685 3087 2983 3143 ἀποδώσει
3021 3105 3124 3156 μοι
3153 3090 3185 3140 ὁ
3226 3085 3440 3154 Κύριος

1852 3176 1926 3228 ἐν
1959 3175 2156 3243 ἐκείνῃ
2186 3173 2260 3241 τῇ
2290 3171 2480 3242 ἡμέρᾳ
2517 3175 2550 3225 ὀ
2582 3171 2809 3235 δίκαιος
2849 3169 3077 3237 κριτής.
3134 3168 3198 3221 '0
3237 3165 3441 3236 Πατὴρ

1858 3260 1928 3310 οὺ
1951 3257 2140 3324 κρίνει
2168 3255 2410 3319 οὐδένα,
2439 3253 2599 3308 ἀλλὰ
2621 3251 2827 3308 πᾶσαν
2856 3251 2974 3320 τὴν
2993 3250 3196 3318 κρίσιν
3219 3248 3442 3302 δέδωκε

1857 3339 1937 3404 τῷ
1975 3337 2102 3403 ΥΙῷ.
2151 3339 2264 3392 Οὐκ
2300 3337 2548 3390 ἐντεῦθεν
2578 3335 2640 3389 δὲ
2673 3335 2832 3388 τοῦτο
2874 3334 3034 3405 μόνον
3077 3331 3255 3402 δῆλον,
3302 3329 3441 3383 ἀλλά

1859 3423 1951 3475 καὶ
1980 3425 2044 3474 ἐκ
2076 3421 2183 3473 τῶν
2216 3421 2342 3490 ἑξῆς
2364 3438 2375 3450 ·
2409 3421 2493 3472 Οὐ
2517 3419 2711 3489 μόνον
2733 3417 2801 3470 δὲ
2822 3417 2970 3485 ἐμοὶ,
2990 3415 3152 3470 ἀλλὰ
3168 3413 3266 3466 καὶ
3285 3409 3439 3466 πᾶσι

1858 3505 1980 3570 τοῖς
1996 3505 2333 3572 ἠγαπηκόσι
2353 3501 2468 3570 τὴν
2480 3501 2834 3569 ἐπιφάνειαν
2847 3497 3212 3560 afﬁnium;
3221 3495 3282 3549 δέ
3293 3497 3440 3548 ἐστιν

1861 3591 1892 3658 ή
1922 3587 2250 3656 ἐπιφάνεια;
2282 3587 2511 3640 ἄκουσον
2549 3583 2709 3638 αὑτοῦ
2735 3584 3006 3651 λέγοντος,
3055 3577 3356 3649 Ἐπεφάνη
3397 3578 3437 3644 ἡ

1859 3670 2031 3738 χάρις
2067 3669 2174 3722 τοῦ
2215 3668 2392 3731 Θεοῦ,
2431 3669 2466 3734 ἡ
2517 3666 2809 3735 σωτήριος
2850 3663 3040 3719 πᾶσιν
3085 3662 3437 3730 ἀνθρώποις,

1861 3752 2235 3806 παιδεύουσα
2259 3749 2435 3820 ἡμᾶς,
2463 3751 2564 3803 ἵνα
2587 3747 2994 3817 ἀρνησάμενοι
3018 3746 3132 3814 τὴν
3159 3744 3440 3800 ἀσέϐειαν

1862 3834 1960 3887 καί
1999 3835 2104 3900 τὰς
2137 3833 2432 3901 κοσμικὰς
2468 3831 2811 3900 ἐπιθυμίας,
2845 3831 3175 3898 σωφρόνως
3216 3828 3315 3881 καὶ
3350 3826 3437 3880 διο

1863 3920 2042 3983 καίως
2083 3916 2182 3969 καὶ
2224 3914 2489 3978 εὐσεϐῶς
2536 3912 2806 3982 ζήσωμεν
2857 3913 2929 3965 ἐν
2969 3911 3050 3976 τῷ
3087 3912 3204 3965 νῦν
3250 3908 3438 3973 αἰῶνι,

1863 3999 2332 4067 ,προσδεχόμενοι
2360 3996 2476 4063 τὴν
2500 3996 2799 4064 μακαρίαν
2825 3993 3066 4056 ἐλπίδα,
3095 3992 3193 4044 καὶ
3233 3991 3443 4060 ἐπιφά-

1862 4099 2031 4135 νειαν
2060 4080 2171 4147 τῆς
2200 4080 2384 4146 δόξης
2409 4078 2514 4132 τοῦ
2550 4076 2816 4147 μεγάλου
2860 4076 3008 4130 Θεοῦ
3041 4075 3140 4129 καὶ
3165 4073 3442 4142 Σωτῆρος

1863 4164 2032 4235 ἡμῶν
2065 4163 2266 4232 Ἰησοῦ
2290 4161 2571 4231 Χριστοῦ.

1931 4318 1997 4371 δ’.
2029 4315 2169 4370 Ἀλλ’
2197 4317 2230 4386 ἡ
2263 4315 2360 4386 μὲν
2389 4314 2524 4385 πρὸς
2551 4313 2680 4376 τοὺς
2702 4312 3008 4382 αἱρετικοὺς
3034 4312 3166 4380 ἡμῖν
3197 4308 3342 4379 μάχη
3360 4308 3440 4360 τέ-

1865 4405 1954 4468 λος
1989 4403 2123 4472 ἔχει,
2154 4401 2251 4454 καὶ
2284 4399 2346 4452 τὸ
2371 4397 2628 4469 τρόπαιον
2661 4397 3001 4465 ἐστήσαμεν,
3033 4393 3129 4447 καὶ
3157 4393 3256 4462 τὴν
3283 4393 3439 4460 νίκην

1865 4486 2128 4558 λαμπρὰν
2157 4482 2433 4556 ἠράμεθα,
2463 4484 2527 4534 ἐκ
2554 4481 2662 4534 τῶν
2693 4479 2998 4550 εἰρημένων
3029 4477 3282 4558 ἁπάντων
3312 4477 3444 4529 ἀπο-

1865 4557 2169 4637 δείξαντες,
2217 4567 2299 4618 ὃτι
2329 4564 2516 4635 κύριος
2547 4564 2641 4616 καὶ
2683 4563 2848 4632 τιμᾷν
2877 4560 2972 4613 καὶ
3009 4557 3254 4621 κολάζειν
3300 4559 3439 4618 ἐστὶ,

1867 4653 2046 4708 πᾶσάν
2073 4668 2135 4704 τε
2170 4651 2271 4720 τὴν
2304 4650 2484 4719 κρίσιν
2517 4647 2676 4716 ἔχων,
2708 4647 2802 4699 καὶ
2831 4645 2922 4698 τὸν
2950 4642 3205 4696 ἁπάντων
3233 4641 3441 4711 ἀμείνω

1869 4735 2150 4806 στεφανῶν
2183 4734 2279 4787 καὶ
2304 4728 2717 4799 ἀνακηρύττων,
2748 4728 2842 4780 καὶ
2869 4729 2926 4778 ἐν
2959 4728 3076 4787 ταῖς
3106 4723 3440 4795 παραϐολαῖς

1867 4821 2098 4880 ἐκείναις
2141 4816 2376 4884 ἑκάτερα
2404 4811 2566 4872 αὑτὸς
2608 4807 2993 4880 ἐργαζόμενος.
3047 4809 3138 4859 Δεῖ
3167 4807 3224 4860 δέ
3255 4807 3440 4859 λοιπὸν

1867 4905 1961 4957 καὶ
1989 4903 2080 4956 τὸν
2112 4897 2342 4970 θόρυϐον
2384 4895 2492 4947 τῶν
2527 4891 2771 4959 ἀδελφῶν
2808 4890 3074 4953 ἐκϐαλεῖν,
3109 4890 3204 4942 καὶ
3232 4889 3441 4955 διδάξαι

1867 4988 2013 5048 τίνος
2037 4985 2222 5038 ’ἐνεκεν
2249 4979 2420 5042 οὕτως
2449 4977 2688 5048 εἴρηκεν,
2704 4976 2914 5029 ὅτιούκ
2925 4977 3091 5029 ἐστιν
3104 4973 3250 5044 ἐμὸν
3265 4974 3442 5026 τοῦτο

1866 5069 2094 5124 δοῦναι·
2113 5065 2209 5118 καὶ
2239 5061 2347 5132 γὰρ
2376 5057 2528 5130 οῐμαι
2563 5058 2789 5121 πολλοὺς
2823 5059 3120 5128 ἐπαπορείν
3149 5060 3260 5120 τοῖς
3286 5058 3444 5126 εἰρη-

1870 5153 2071 5223 μένοις.
2111 5148 2215 5200 ’Ὶνῖ
2239 5142 2330 5199 οὖν
2359 5143 2456 5197 καὶ
2497 5141 2596 5212 τὴν
2624 5139 2856 5211 ἀπορίαν
2902 5140 3173 5210 λύσωμεν,
3206 5141 3301 5223 καῖ
3347 5137 3441 5190 τὸν

1869 5222 2092 5306 θόρυϐον
2125 5233 2224 5302 τῆς
2270 5230 2448 5299 ψυχῆς
2487 5225 2941 5294 κατευνάσωμεν,
2996 5222 3304 5306 συντείνατέ
3349 5236 3440 5306 μοι

1867 5303 1966 5390 τὴν
1995 5319 2252 5375 διάνοιαν,
2290 5309 2746 5382 παρασκευάσατέ
2798 5325 2887 5378 μοι
2920 5308 3018 5379 τὴν
3047 5305 3270 5390 γνώμην
3290 5322 3303 5335 ’
3330 5303 3441 5390 ,καὶ

1867 5387 1976 5474 γάρ
2010 5399 2252 5461 πλείονός
2291 5414 2381 5468 μοι
2409 5396 2574 5448 πόνου
2610 5393 2692 5446 δεῖ
2727 5392 2842 5445 νῦν.
2884 5392 2958 5444 Οὐ
2994 5389 3101 5474 γάρ
3139 5391 3286 5474 ἐστιν
3307 5387 3440 5474 Δἰσον

1868 5469 2123 5554 πολεμεῖν
2150 5483 2245 5535 καὶ
2271 5480 2563 5538 διδάσκειν,
2596 5476 2810 5546 βάλλειν
2829 5475 2920 5528 τὸν
2946 5472 3157 5544 ἐχθρὸν,
3186 5473 3278 5524 καί
3301 5469 3440 5554 διορ-

1867 5551 2090 5622 θοῦσθαι
2115 5566 2204 5618 τὸν
2231 5566 2448 5623 οἰκεῖον,
2474 5559 2608 5614 ἀλλά
2632 5557 2871 5620 πλείονός
2902 5572 2992 5626 μοι
3022 5554 3178 5624 χρεία
3208 5551 3443 5609 ἐνταῦθα

1928 5772 1953 5813 1
1972 5774 2074 5824 Alii
2091 5773 2136 5820 τί
2158 5770 2239 5820 οὖν
2260 5771 2386 5820 ἐστιν
2407 5768 2434 5817 ὃ
2451 5768 2592 5816 αὐτὸν
2619 5765 2854 5830 στεφανοῖ.

3043 5875 3119 5942 16
