3838 6220
402 270 506 328 773

390 385 489 456 τῆς
523 387 776 459 σπουδῆ·,
808 387 948 443 ὥστε
992 392 1068 464 μὴ
1100 395 1345 467 παριδεῖν
1386 396 1449 449 τὸ
1484 397 1648 468 μέρος
1698 397 1929 468 χωλεῦον
1951 438 1966 459 ,

395 469 529 539 μηδέ
569 487 691 522 τινα
734 472 1129 546 θορυϐούμενον
1184 478 1582 549 παραδραμεῖν.
1634 479 1795 548 Λέγω
1841 479 1970 550 γὰρ,

391 552 530 604 ἀλλά
561 553 636 623 μὴ
670 553 986 626 θορυϐεῖσθε
1018 558 1254 629 πρὸς.τά
1283 561 1572 633 λεγόμενα,
1609 561 1743 634 μηδὲ
1774 562 1975 635 ταράτ-

389 635 547 689 τεσθε
569 651 584 666 ο
625 638 686 690 οὐ
725 638 884 708 μόνον
923 641 1030 713 γάρ
1058 640 1152 696 τοῦ
1192 642 1323 697 Υίοῦ
1359 662 1502 716 φημι
1544 645 1620 716 μὴ
1666 641 1825 709 εἶναι,
1856 646 1973 699 ἀλλ’

387 718 509 773 οὐδὲ
541 720 633 773 τοῦ
665 722 905 793 Πατρός·
946 726 1040 779 καὶ
1083 726 1293 798 μεγάλῃ
1322 727 1496 782 ταῦτα
1538 727 1646 799 βοιῖ)
1682 730 1748 800 τῇ
1795 731 1972 801 φωνῇ,

390 802 486 854 καὶ
514 802 811 873 σάλπιγγος
837 806 1240 881 λαμπρότερον,
1265 812 1348 865 ὅτι
1376 811 1477 865 οὐκ
1503 810 1648 864 ἐστιν
1668 811 1833 865 αὐτοῦ
1857 811 1974 865 δοῦ-

387 902 492 945 ναι,
526 884 649 940 οὔτε
680 888 868 948 αὐτοῦ.
901 888 1026 944 οὐτε
1055 891 1151 945 τοῦ
1180 893 1415 965 Πατρός.
1445 894 1510 947 Εἰ
1539 894 1649 965 γὰρ
1686 894 1854 948 αὐτοῦ
1878 890 1968 966 ἦν,

388 969 483 1020 καὶ
512 969 606 1022 τοῦ
632 971 846 1043 Πατρὸς
869 968 965 1043 ἦν·
999 976 1048 1027 εἰ
1079 975 1174 1027 τοῦ
1205 976 1419 1047 Πατρδς
1447 972 1537 1048 ἦν,
1567 978 1663 1030 καί
1689 975 1854 1029 αὐτοῦ
1878 972 1968 1047 ἦν.

387 1049 486 1103 Διά
513 1052 671 1108 τοῦτο
690 1055 782 1107 καί
808 1057 970 1120 αὐτὸς
995 1058 1094 1111 οὐκ
1122 1054 1276 1112 εἶπεν
1309 1059 1515 1123 ἁπλῶς,
1543 1060 1642 1113 οὐκ
1668 1059 1813 1113 ἐστιν
1839 1059 1972 1131 ἐμὸν

385 1134 589 1194 δοῦναι,
622 1136 757 1191 ἀλλά
779 1140 832 1191 τί
850 1148 906 1200 ’ς
939 1142 1061 1193 Οὐκ
1089 1141 1263 1196 ἐστιν
1283 1143 1431 1212 ἐμὸν
1457 1142 1686 1207 δοῦναι,
1714 1143 1853 1198 ἀλλ’
1881 1139 1972 1210 οἷς

386 1220 764 1288 ἡτοίμασται.
804 1223 1085 1278 Δείκνυσιν
1108 1226 1188 1279 ὅτι
1218 1225 1339 1279 οὔτε
1370 1226 1560 1291 αὐτοῦ,
1590 1225 1714 1279 οὐτε
1740 1226 1835 1280 τοῦ
1860 1227 1972 1280 Πα-

392 1301 532 1381 ςρὺς,
568 1302 684 1356 ἀλλ’
709 1304 910 1377 ἐτέρων
947 1307 1129 1363 τινῶν.
1163 1308 1228 1362 Τί
1268 1305 1362 1363 οὖν
1395 1312 1510 1363 ἐστι
1552 1309 1612 1363 τὸ
1639 1309 1967 1381 εἰρημένον;

385 1380 552 1456 Οἶμαι
580 1386 690 1458 γὰρ
728 1388 857 1458 ὑμῖν
895 1389 1163 1460 ηὐξῆσθαι
1197 1392 1288 1445 τὸν
1323 1392 1569 1463 θόρυϐον,
1611 1380 1706 1445 καί
1754 1392 1970 1446 πλείονα

387 1467 638 1534 γενέσθαι
657 1469 756 1541 τὴν
783 1473 1038 1542 ἀπορίαν.
1067 1474 1160 1528 καὶ
1181 1475 1506 1544 ἐναγωνίους
1531 1472 1696 1528 εἶναι’
1730 1475 1865 1529 ἀλλά
1893 1475 1968 1547 μὴ

381 1550 595 1622 δείσητε
618 1569 631 1583 ⁸
668 1556 729 1606 οὐ
765 1556 874 1625 γάρ
901 1557 1316 1629 ἀποστήσομαι,
1349 1558 1454 1624 ἓως
1483 1560 1549 1614 ἂν
1578 1560 1844 1630 ἐπαγάγω
1868 1561 1968 1631 τὴν

384 1635 555 1687 λύσιν.
593 1638 803 1708 Μικρὸν
828 1639 883 1692 δὲ
923 1640 1222 1712 ἀνάσχεσθε
1252 1643 1512 1715 ἀνωτέρω
1558 1642 1649 1697 τὸν
1677 1642 1834 1712 λόγον
1875 1647 1969 1698 άν-

384 1718 626 1787 άγοντος·
655 1721 715 1772 οὐ
738 1723 845 1792 γὰρ
866 1723 1068 1795 ἑτέρως
1093 1724 1231 1794 μετά
1253 1725 1550 1796 σαφηνείας
1573 1725 1788 1779 ἅπαντα
1812 1727 1841 1778 ὐ
1850 1726 1966 1797 μῶν

384 1803 866 1872 παρακαταθέσθαι
889 1810 956 1878 τῇ
988 1807 1183 1877 γνώμῃ
1219 1807 1462 1862 δυνατόν.
1490 1808 1554 1861 Τί
1587 1810 1706 1862 ποτ’
1727 1806 1821 1864 οὖν
1849 1813 1967 1864 ἐστι

381 1886 441 1938 τὸ
463 1887 583 1957 είρη
593 1888 783 1957 μένον;
812 1889 877 1942 Ἦ
903 1892 1082 1963 μήτηρ
1099 1891 1206 1945 τῶν
1227 1891 1358 1945 υἱῶν
1374 1891 1678 1956 Ζεϐεδαίου,
1710 1894 1967 1949 Ἰακώϐου

383 1969 475 2021 καί
511 1970 782 2033 Ἰωάννου,
826 1973 1199 2044 ἀναχωροῦντι
1242 1975 1380 2044 πρὸς
1410 1974 1479 2027 τὰ
1515 1976 1860 2048 Ἰεροσόλυμα
1890 1978 1968 2049 τῷ

395 2050 569 2121 Ἰησοῦ
597 2052 873 2124 προσῆλθε
898 2054 1036 2126 μετὰ
1058 2056 1165 2110 τῶν
1187 2057 1393 2111 παίδων
1415 2057 1672 2127 λέγουσα,
1696 2060 1844 2113 Εἰπὲ
1867 2062 1969 2115 ἵνα

382 2132 533 2206 [519]
553 2137 606 2212 οι
627 2134 737 2188 δύο
762 2137 883 2191 υἱοί
899 2155 1020 2206 μου
1039 2141 1374 2195 καθίσωσιν
1394 2135 1483 2207 εἷς
1500 2141 1568 2195 ἐκ
1591 2141 1808 2206 δεξιῶν
1826 2159 1966 2212 σου,

380 2216 481 2269 καί
511 2211 599 2283 εἷς
624 2217 694 2282 ἐξ
713 2220 1038 2290 εὐωνύμων
1067 2214 1203 2278 σοὺ.
1239 2222 1467 2294 ’Έτερος
1494 2223 1549 2277 δὲ
1574 2211 1969 2297 εὐαγγελιστής

381 2316 568 2371 φησιν,
594 2300 745 2355 ὅτιοί
771 2302 960 2368 παῖδες
979 2302 1151 2358 ταῦτα
1172 2305 1399 2376 ᾐτοῦντο
1420 2307 1573 2378 παρά
1591 2308 1683 2360 τοῦ
1705 2308 1965 2379 Χριστοῦ.

394 2382 534 2436 Ἀλλ’
553 2384 655 2438 οὐκ
683 2384 799 2439 ἔστι
818 2386 1086 2457 διαφωνία
1115 2388 1256 2458 (οὐδὲ
1278 2388 1388 2461 γὰρ
1410 2388 1581 2443 ταῦτα
1604 2390 1775 2445 δεῖτά
1797 2392 1970 2463 μικρά

380 2466 784 2540 παρατρέχειν)
807 2485 822 2499 ·
854 2470 988 2524 ἀλλὰ
1035 2471 1136 2543 τὴν
1196 2474 1408 2545 μητέρα
1452 2474 1879 2546 προϐαλλόμενοι
1914 2477 1966 2538 δ,

375 2549 570 2621 ⁴ἐπειδὴ
597 2547 750 2604 εἶπεν
778 2552 962 2624 ἐκείνη
993 2555 1086 2607 καὶ
1116 2554 1286 2627 θύραν
1320 2556 1522 2627 ἡνοιξε.
1560 2558 1657 2611 καὶ
1690 2559 1844 2612 αὐτοί
1867 2560 1968 2631 τὴν

385 2632 665 2704 ἱκετηρίαν
692 2637 1064 2707 προσήγαγον,
1092 2639 1193 2692 οὐκ
1226 2638 1427 2702 εἰδότες
1458 2640 1556 2711 μὲν
1584 2639 1729 2709 ἅπερ
1756 2642 1966 2710 ἔλεγον,

374 2715 631 2784 λέγοντες
662 2717 720 2770 δὲ
751 2718 922 2789 ὅμως.
959 2722 1024 2773 Εἰ
1064 2721 1175 2793 γὰρ
1202 2723 1296 2774 καί
1325 2721 1615 2775 ἀπόστολοι
1643 2719 1819 2795 ἦσαν,
1851 2725 1968 2779 ἀλλ’

379 2800 734 2871 ἀτελέστερον
760 2802 843 2855 ἐτι
865 2802 1151 2869 διέκειντο,
1181 2803 1434 2875 καθάπερ
1459 2809 1663 2858 νεοττοί
1689 2806 1765 2869 ὡς
1790 2808 1846 2859 ἐν
1872 2826 1970 2862 κα-

380 2883 471 2955 λιᾷ
497 2884 842 2956 πλανώμενοι
872 2896 895 2925 ο
915 2926 931 2952 ,
962 2887 1175 2942 οὐδέπω
1204 2888 1299 2941 τοῦ
1335 2889 1539 2961 πτεροῦ
1575 2891 1843 2958 παγέντος
1870 2893 1970 2944 αὐ-

380 2967 515 3031 τοῖς.
552 2968 664 3022 Καὶ
693 2967 855 3023 τοῦτο
898 2970 1134 3041 μάλιστα
1158 2968 1186 3009 ἀ
1221 2971 1699 3048 ὑμᾶςοάναγκαῖον
1733 2974 1966 3037 εἰδέναι,

379 3051 465 3105 ὅτι
494 3051 600 3123 πρὸ
630 3052 725 3106 τοῦ
760 3054 996 3125 σταυροῦ
1039 3056 1097 3108 ἐν
1128 3055 1299 3127 πολλῇ
1325 3051 1467 3127 ἦσαν
1496 3056 1694 3128 ἀγνοίᾳ.
1713 3074 1727 3088 ο
1760 3057 1842 3111 διὸ
1873 3060 1967 3113 καὶ

382 3135 654 3206 ἐπιτιμῶν
694 3137 880 3202 αὐτοῖς
909 3138 1094 3207 ἔλεγεν
1116 3155 1130 3169 ·
1174 3137 1402 3207 Ἀκμὴν
1426 3141 1524 3193 καὶ
1560 3140 1732 3209 ὑμεῖς
1776 3142 1967 3196 ἀσύν-

380 3220 507 3273 ετοί
532 3220 710 3284 ἐστε;
738 3221 905 3274 οὔπω
924 3220 1116 3276 νοεῖτε
1150 3221 1294 3276 οὐδέ
1321 3224 1566 3278 συνίετε
1583 3264 1598 3289 ,
1627 3225 1716 3278 ὅτι
1733 3228 1805 3280 οὐ
1834 3228 1967 3295 περὶ

380 3301 502 3356 τῶν
534 3302 729 3370 ἀρτων
757 3300 931 3358 εἷπον
959 3304 1102 3372 ὑμῖν
1130 3305 1456 3375 προσέχειν
1491 3306 1612 3361 ἀπὸ
1646 3307 1757 3376 τῆς
1787 3308 1971 3379 ζύμης

386 3384 504 3439 τῶν
539 3388 914 3456 Φαρισαίων;
962 3387 1075 3441 Καὶ
1124 3386 1309 3455 πάλιν,
1354 3388 1565 3443 Πολλὰ
1609 3390 1728 3459 ἔχω
1771 3391 1973 3461 λέγειν

385 3467 548 3537 ὑμῖν,
576 3470 716 3523 ἀλλ’
744 3473 816 3525 οὺ
844 3470 1112 3525 δύνασθε
1136 3470 1464 3541 βαστάζειν
1496 3472 1645 3542 ἄρτι.
1689 3475 1764 3526 Οὐ
1812 3476 1972 3546 μόνον

385 3551 445 3603 δὲ
484 3551 718 3620 ἠγνόουν
754 3551 825 3606 τὰ
868 3552 1178 3625 ὑψηλότερα
1200 3594 1217 3619 ,
1248 3554 1386 3608 ἀλλά
1420 3555 1515 3608 καὶ
1550 3554 1588 3609 ἀ
1615 3556 1811 3626 ἢκουον
1866 3561 1973 3614 άπ-

385 3633 614 3687 έϐαλλον
642 3635 749 3688 ἀπὸ
783 3635 950 3704 φόϐου
981 3635 1075 3689 καὶ
1103 3636 1307 3700 δειλίας
1333 3636 1593 3700 πολλάκις
1616 3654 1630 3668 ι
1664 3639 1803 3711 ὅπερ
1830 3643 1971 3695 ὀνει-

385 3717 547 3782 δίζων
567 3720 752 3782 αὐτοῖς
772 3718 957 3786 ἔλεγεν
971 3735 985 3750 ο
1016 3719 1225 3786 Οὐδεὶς
1242 3720 1310 3784 ἐξ
1332 3721 1500 3790 ὑμῶν
1521 3720 1708 3791 ἐρωτᾷ
1725 3741 1822 3793 με,
1848 3727 1972 3781 Ποῦ

381 3800 671 3870 ὑπάγεις
697 3803 836 3857 ἀλλ’
858 3803 948 3856 ὅτι
983 3804 1174 3858 ταῦτα
1204 3800 1378 3857 εἷπον
1400 3804 1564 3873 ὑμῖν,
1606 3807 1645 3874 ἡ
1681 3807 1846 3875 λύπη
1871 3824 1972 3863 πε-

384 3883 707 3952 πλήρωκεν
730 3884 898 3956 ὑμῶν
918 3885 1034 3955 τὴν
1055 3886 1328 3957 καρδίαν.
1357 3889 1467 3942 Καὶ
1496 3888 1680 3951 πάλιν,
1717 3891 1974 3960 Ἐκεῖνος

384 3967 543 4036 ὑμᾶς
560 3969 898 4039 ἀναμνήσει
918 3969 1135 4035 πάντα,
1154 3972 1253 4024 καὶ
1273 3970 1503 4036 διδάξει
1526 3972 1702 4042 ὑμᾶς,
1726 3974 1855 4045 περὶ
1877 3975 1972 4028 τοῦ

388 4051 748 4123 Παρακλήτου
777 4052 969 4122 λέγων.
1004 4055 1120 4108 Οὐκ
1166 4054 1231 4106 ἂν
1259 4053 1318 4106 δὲ
1356 4050 1530 4119 εἶπεν,
1560 4056 1893 4127 ἀναμνήσει,
1924 4059 1974 4111 εἰ

391 4136 468 4205 μὴ
493 4136 665 4189 πολλὰ
692 4137 802 4191 τῶν
834 4138 1140 4209 εἰρημένων
1167 4137 1438 4202 ἐξέϐαλον.
1466 4137 1654 4192 Ταῦτα
1677 4138 1734 4192 δέ
1763 4157 1851 4210 μοι
1873 4142 1973 4215 οὐχ

390 4218 578 4282 ἁπλῶς
602 4220 837 4291 εἴρηται,
862 4220 977 4273 ἀλλ’
1005 4219 1192 4291 ἐπειδὴ
1220 4220 1469 4288 φαίνεται
1498 4221 1724 4292 Πέτρος,
1749 4222 1844 4275 νῦν
1873 4225 1973 4295 μὲν

390 4302 808 4372 ἀπηρτισμένην
850 4302 1143 4372 ὁμολογίαν
1181 4301 1479 4373 ὁμολογῶν,
1522 4303 1616 4357 νῦν
1647 4304 1705 4357 δὲ
1754 4306 1973 4362 πάντων

389 4384 834 4456 ἐπιλελησμένος.
884 4385 941 4438 '0
983 4385 1092 4455 γὰρ
1121 4384 1313 4450 εἰπὼν,
1349 4386 1433 4440 Σὺ
1478 4382 1538 4440 εἴ
1563 4390 1597 4440 ό
1644 4390 1898 4456 Χριστὸς
1940 4393 1975 4445 ό

398 4469 532 4532 Υἱός
560 4468 666 4523 τοῦ
725 4468 875 4522 Θεοῦ
913 4469 1021 4523 τοῦ
1050 4467 1267 4535 ζῶντος
1291 4509 1306 4533 ,
1339 4472 1435 4524 καὶ
1488 4472 1851 4544 μακαρισθεὶς
1880 4475 1973 4528 ἐπὶ

388 4552 617 4621 τούτοις,
650 4552 892 4607 τοιοῦτον
924 4552 1139 4624 ἥμαρτε
1175 4553 1313 4623 μετὰ
1349 4554 1576 4625 μικρὸν,
1611 4555 1687 4620 ὡς
1728 4557 1974 4622 Σατανᾶς

390 4634 928 4707 ’προσαγορευθῆναι⁸
961 4635 1109 4705 λέγει
1157 4635 1296 4707 γάρ,
1332 4637 1561 4708 ’Ὕπαγε
1591 4639 1785 4694 ὀπίσω
1812 4658 1970 4709 μου,

390 4717 627 4774 Σατανᾶ
644 4736 658 4751 ⁸
682 4719 1037 4774 σκάνδαλόν
1048 4737 1168 4787 μου
1190 4716 1263 4785 εἷ,
1286 4719 1375 4774 ὅτι
1401 4724 1472 4775 οὐ
1496 4721 1737 4792 φρονεῖς
1764 4724 1838 4777 τὰ
1865 4727 1972 4780 τοῦ

370 4801 561 4866 εΘεοῦ,
590 4803 752 4856 ἀλλὰ
780 4803 851 4856 τὰ
884 4801 1001 4855 τῶν
1046 4802 1390 4871 ἀνθρώπων.
1425 4804 1488 4858 Τί
1522 4806 1721 4875 γένοιτ’
1754 4806 1819 4860 ἀν
1845 4809 1971 4860 ἀτε-

389 4883 644 4954 λέστερον
671 4885 765 4938 τοῦ
796 4885 865 4939 τά
892 4886 1058 4939 αὐτοῦ
1094 4886 1170 4957 μὴ
1204 4886 1528 4956 φρονοῦντος
1546 4929 1561 4955 ,
1603 4889 1740 4943 ἀλλὰ
1766 4890 1833 4943 τὰ
1865 4892 1975 4946 τῶν

388 4967 730 5038 ἀνθρώπωνς
774 4979 803 5010 ο
835 4969 1052 5041 Ἐπειδὴ
1100 4969 1210 5041 γὰρ
1252 4971 1383 5041 περὶ
1426 4972 1660 5042 σταυροῦ
1709 4972 1862 5043 αὐτῴ
1900 4973 1977 5026 δι-

388 5050 612 5118 ελέγετο
650 5053 745 5105 καὶ
782 5052 1133 5117 ἀναστάσεως
1152 5091 1167 5117 ,
1209 5053 1308 5106 οὐκ
1340 5053 1498 5119 εἰδὼς
1519 5055 1630 5108 τῶν
1662 5054 1974 5126 λεγομένων

386 5135 450 5188 τὺ
483 5134 666 5205 βάθος,
697 5134 818 5189 οὐδὲ
846 5135 954 5189 τῶν
976 5135 1264 5208 δογμάτων
1287 5138 1348 5192 τὸ
1375 5138 1707 5212 ἀπόρρητον,
1732 5139 1852 5193 οὐδὲ
1874 5140 1974 5211 τὴν

388 5218 693 5289 μέλλουσαν
740 5222 805 5290 τῇ
844 5221 1139 5296 οἰκουμένῃ
1181 5222 1459 5294 σωτηρίαν
1506 5222 1970 5293 καταλαμϐάνειν,

450 5398 483 5463 ξ
503 5398 704 5457 Quidam
727 5412 841 5446 mss.
855 5405 909 5447 et
924 5399 1060 5463 Sam,
1082 5400 1204 5448 ἀλλὰ
1222 5397 1521 5463 τοῦ-πατρὸς,
1681 5400 1753 5463 τίς

451 5460 481 5533 ξ
506 5462 586 5533 ᾖξε
609 5465 923 5533 ιιιι-(ιιὶοιιηιεε.
940 5460 1124 5533 regius
1133 5473 1278 5533 qugm
1292 5460 1865 5533 ᾖροιιίίζπροϐαλλὸμενος.
1884 5461 1969 5510 En.

432 5570 433 5573 η
455 5529 477 5552 υ
514 5522 649 5571 Unus
670 5520 817 5569 liabet
836 5520 1165 5583 πλαττόμενοι.
1192 5520 1345 5570 Savil.
1367 5520 1664 5583 πλαζόμενοι.

452 5580 482 5621 ἀ
502 5582 720 5639 Quatuor
742 5595 855 5629 mss.
876 5584 958 5629 καί
988 5579 1139 5629 ταῦτα
1165 5582 1386 5639 μάλιστα.

457 5598 482 5621 ιι
502 5598 720 5639 Quatuor
742 5598 855 5629 mss.
876 5598 958 5629 και
988 5598 1139 5629 ταυτα
1162 5598 1386 5691 gamma.

457 5647 482 5707 τ
507 5642 624 5707 age
642 5643 700 5689 Τί
718 5643 886 5703 γένοιτ’
907 5644 1023 5691 διν...
1043 5644 1141 5691 τῶν
1194 5643 1418 5706 νθρώπων
1438 5655 1537 5693 non
1559 5642 1799 5707 leguntur
1821 5647 1869 5695 iu
1891 5648 1954 5699 Sa

376 5701 530 5755 «vilia.
556 5702 675 5753 Enu-

1061 276 1119 330 S.
1158 275 1444 333 JOANNIS
1480 278 1972 336 CHRYSOSTOMI
2016 281 2342 342 ARCHIEP.
2382 288 2941 348 CONSTANTINOP.

3552 277 3664 334 πι

2082 401 2261 454 λαϐὼν
2292 405 2454 460 αὐτὸν
2488 406 2607 459 κατ’
2651 405 2788 461 ἰδίαν
2824 406 3030 474 ἔλεγεν·
3085 402 3293 470 Ἵλεώς
3323 418 3423 457 σοι
3470 399 3664 469 γίνου.

2076 494 2275 562 Κύριεο
2303 497 2375 550 οὐ
2396 497 2485 565 μὴ
2505 498 2678 552 ἔσται
2699 513 2800 551 σοι
2818 496 3016 550 τοῦτο.
3057 496 3215 567 Ὀρᾷς
3244 493 3362 558 πῶς
3389 493 3513 547 οὐδέ
3536 493 3667 565 περὶ

2075 587 2425 651 ἀναστάσεως
2451 588 2605 642 οὐδὲν
2638 589 2857 660 ᾔδεισαν
2895 589 3099 657 σαφέςς
3132 587 3239 640 Καὶ
3273 585 3435 639 τοῦτο
3471 582 3610 638 αὐτὸ
3636 585 3667 635 ὀ

2077 678 2485 751 Ιεὶύαγγελιστὴς
2514 681 3011 752 ἐπισημαινόμενος
3039 679 3252 747 ελιγεν·
3279 676 3528 731 Οὐδέπω
3553 676 3666 746 τὰρ

2073 772 2350 842 ᾔδεισαν,
2379 771 2469 826 ὅτι
2494 772 2591 827 δεῖ
2610 772 2798 827 αὐτὸν
2841 772 2911 826 ἐκ
2942 769 3177 840 νεκρῶν
3203 767 3567 836 ἀναστῆναι.
3600 768 3665 820 Οί

2073 866 2153 929 δέ,
2186 866 2363 920 ταῦτα
2394 865 2496 919 οὐκ
2536 865 2915 935 ἐπιστάμενοι,
2966 862 3148 934 πολλῷ
3179 862 3379 934 μᾶλλον
3418 860 3490 913 τὰ
3527 860 3666 914 ἄλλα

2074 959 2306 1028 ἠγνόουν
2324 973 2339 988 ⁶
2369 952 2483 1012 οἷον
2514 957 2583 1011 τά
2619 958 2751 1030 περί
2798 957 3075 1029 βασιλείας
3100 959 3199 1029 τῆς
3245 956 3359 1010 ἀνω
3378 993 3395 1016 ,
3440 954 3540 1006 καὶ
3568 953 3668 1023 τῆς

2076 1052 2334 1123 ἀπαρχῆς
2359 1052 2462 1124 τῆς
2486 1051 2797 1123 ἡμετέρας,
2842 1051 2936 1104 καὶ
2966 1050 3069 1121 τῆς
3100 1048 3424 1120 ἀναλήψεως
3450 1046 3559 1115 τῆς
3585 1047 3667 1108 εἰς

2073 1144 2163 1198 τὸν
2187 1144 2439 1216 οὐρανὸν,
2470 1143 2567 1196 καὶ
2599 1141 2875 1215 χθαμαλοί
2906 1140 2926 1181 ί
2968 1159 3113 1207 τινες
3139 1137 3281 1214 ἦσαν
3311 1140 3415 1206 ἐτι,
3447 1137 3667 1192 οὐδέπω

2071 1237 2361 1307 δυνάμενοι
2390 1236 2572 1308 ὑψηλά
2605 1234 2886 1289 πέτεσθαι.

2142 1362 2202 1417 ε’.
2242 1364 2375 1417 Ἀτε
2399 1359 2492 1417 οὖν
2513 1360 2772 1433 τοιαύτην
2807 1362 3023 1433 ἔχοντες
3048 1361 3279 1423 ἔννοιαν,
3308 1358 3405 1413 καί
3437 1355 3668 1427 1:90:80-

2070 1458 2275 1521 κῶντες
2295 1458 2377 1509 ὅτι
2406 1454 2606 1519 εὐθέως
2634 1455 2938 1526 ἀπαντήσει
2965 1452 3114 1524 αὐτῷ
3139 1455 3173 1522 ἠ
3208 1450 3457 1522 βασιλεία
3479 1453 3542 1502 ἐν
3571 1448 3667 1501 '15-

2073 1550 2398 1621 ροσολύμοις
2444 1547 2685 1618 (ταύτης
2724 1545 2834 1616 γὰρ
2862 1546 3012 1600 οὐδὲν
3042 1544 3203 1599 πλέον
3231 1543 3485 1616 ᾔδεισανο
3528 1541 3668 1609 ὅπερ

2074 1641 2169 1697 οὖν
2204 1645 2299 1696 καὶ
2345 1642 2533 1714 ἔτερος
2561 1639 2982 1712 ἐπισημαίνεται
3018 1633 3426 1705 Εὐαγγελιστὴς
3465 1632 3666 1700 λέγων,

2072 1735 2153 1789 ὃτι
2179 1734 2332 1809 [520]
2365 1731 2614 1805 ἐνόμιζον
2640 1734 2740 1805 ἥδη
2775 1730 3171 1804 παραγίνεσθαι
3196 1726 3360 1782 αὐτοῦ
3383 1726 3489 1796 τὴν
3515 1724 3667 1795 βασι-

2072 1828 2246 1889 λείαν,
2293 1825 2644 1898 ἀνθρωπίνην
2695 1826 2819 1879 τινὰ
2865 1824 3037 1894 αὐτὴν
3082 1817 3485 1879 ὑποπτεύοντες
3511 1854 3528 1879 ,
3572 1814 3668 1868 καί

2069 1919 2486 1991 προσδοκῶντες
2519 1919 2615 1972 ἐπὶ
2647 1918 2809 1972 τοῦτο
2844 1916 3011 1971 αὐτὸν
3046 1915 3264 1986 χωρεῖν,
3297 1909 3411 1965 ἀλλ’
3440 1909 3548 1961 οὐκ
3573 1905 3669 1960 ἐπὶ

2074 2014 2311 2086 σταυρὸν
2344 2015 2438 2067 καὶ
2464 2012 2696 2066 θάνατον
2717 2028 2731 2042 ·
2760 2012 2857 2065 καί
2901 2010 3010 2080 γὰρ
3046 2006 3306 2079 μυριάκις
3332 2002 3667 2064 ἀκούοντες,

2071 2103 2260 2173 σαφῶς
2285 2104 2486 2159 εἰδέναι
2507 2105 2608 2158 οὐκ
2631 2100 2821 2173 εἰχον)·
2855 2100 2977 2154 ἐπεὶ
2996 2095 3093 2152 οὖν
3115 2093 3541 2167 τετρανωμένην
3570 2092 3668 2162 μὲν

2068 2196 2177 2250 τῶν
2202 2197 2489 2267 δογμάτων
2511 2196 2723 2250 οὐδέπω
2749 2193 3037 2265 ἀκρίϐειαν
3059 2190 3374 2259 ἐκέκτηντο,
3410 2186 3666 2256 ἐνόμιζον

2071 2288 2128 2342 δέ
2163 2289 2325 2343 αὐτὸν
2349 2290 2443 2343 ἐπὶ
2474 2288 2753 2359 βασιλείαν
2779 2287 2980 2358 χωρεῖν
3006 2282 3107 2354 τὴν
3135 2278 3400 2350 αἰσθητὴν
3430 2276 3661 2346 ταύτην.

2067 2381 2161 2434 καί
2198 2379 2509 2451 βασιλεύειν
2537 2382 2596 2434 ἐν
2633 2375 3059 2450 Ἰεροσολύμοις,
3105 2369 3475 2429 ἀπολαϐόντες
3500 2366 3664 2421 αὐτὸν

2071 2473 2165 2525 ἐπὶ
2195 2452 2295 2543 τῆς
2317 2470 2459 2535 ὁδοῦ,
2491 2471 2566 2536 ὡς
2597 2469 2789 2540 καιρὸν
2812 2467 3119 2539 ἐπιτήδειον
3139 2463 3282 2534 ἔχειν
3308 2459 3661 2531 νομίσαντες,

2066 2564 2276 2635 ταύτην
2315 2562 2531 2618 αἰτοῦσι
2583 2562 2683 2633 τὴν
2728 2562 2941 2632 αῐτησιν
2975 2560 3023 2613 ⁸.
3077 2553 3515 2630 ’Δπορῤήξαντες
3552 2549 3662 2619 γὰρ

2069 2655 2300 2718 ἐαυτοὺς
2325 2653 2420 2707 τοῦ
2453 2652 2615 2728 χοροῦ
2641 2652 2748 2707 τῶν
2781 2651 3060 2723 μαθητῶν,
3098 2652 3194 2705 καὶ
3220 2650 3300 2711 εἰς
3329 2645 3562 2706 ἑαυτοὺς
3601 2642 3662 2694 τὸ

2068 2749 2178 2800 πᾶν
2211 2746 2664 2818 περιστήσαντες,
2693 2742 2935 2808 ἀξιοῦσιν
2960 2742 3102 2811 ὑπὲρ
3130 2737 3421 2813 προεδρίας
3447 2728 3659 2790 καὶτοῦ

2067 2838 2276 2910 πρῶτοι
2296 2836 2551 2906 γενέσθαι
2573 2835 2683 2889 τῶν
2715 2836 2913 2897 ἄλλων,
2944 2834 3259 2906 νομίζοντες
3287 2830 3391 2901 ήδη
3415 2826 3490 2881 τά
3519 2823 3659 2895 πρά-

2067 2948 2257 3002 γματα
2291 2928 2574 3001 εἰληφέναι
2614 2927 2796 2990 τέλος,
2850 2926 2946 2979 καί
2977 2925 3038 2978 τὸ
3078 2926 3188 2977 πᾶν
3226 2917 3655 2991 κατωρθῶσθαι,

2068 3024 2163 3077 καὶ
2192 3021 2472 3091 στεφάνων
2501 3014 2640 3073 εἶναι
2668 3018 2853 3073 λοιπὸν
2875 3018 2969 3071 καί⁸
2994 3014 3241 3086 ἀμοιϐῶν
3268 3011 3461 3084 καιρόν
3480 3024 3492 3036 ·
3518 3009 3658 3077 ὅπερ

2070 3117 2164 3170 καὶ
2194 3114 2329 3170 αὐτὸ
2357 3113 2455 3182 τῆς
2484 3112 2720 3182 ἐσχάτης
2753 3110 2978 3178 ἀγνοίας
3009 3103 3097 3179 ἦν.
3124 3107 3233 3161 Καὶ
3261 3106 3342 3159 ὃτι
3365 3104 3429 3157 οὐ
3457 3117 3657 3169 στοχα-

2072 3209 2207 3279 σμὸς
2235 3204 2410 3260 ταῦτά
2455 3206 2624 3267 ἐστιν,
2666 3201 2788 3255 οὐδέ
2824 3201 2998 3271 λόγων
3032 3198 3391 3267 πιθανότητες
3426 3194 3481 3255 ιι,
3523 3191 3657 3261 παρ’

2068 3299 2234 3356 αὐτοῦ
2263 3298 2359 3352 τοῦ
2398 3295 2594 3367 Ἰησοῦ,
2621 3292 2715 3348 τοῦ
2739 3292 2808 3346 τὰ
2835 3292 3124 3365 ἀπόρρητα
3146 3287 3532 3359 ἐπισταμένου,
3559 3281 3658 3354 τὴν

2072 3390 2348 3458 ἀπόδειξιν
2372 3389 2500 3460 ὑμῖν
2526 3388 2813 3456 ἐπαγάγω.
2850 3385 3068 3454 Ἐπειδὴ
3090 3385 3200 3456 γὰρ
3222 3381 3395 3435 ταῦτα
3422 3379 3655 3450 ᾔτησαν,

2071 3487 2302 3540 ἄκουσον
2332 3482 2385 3535 τί
2421 3496 2555 3550 φησι
2584 3477 2722 3549 πρὸς
2750 3476 2978 3541 αὐτούς’
3011 3477 3134 3530 Οὐκ
3161 3473 3363 3529 οῖδατε
3389 3472 3448 3523 τί
3475 3465 3655 3522 αἰτεῖ-

2069 3581 2202 3631 σθε.
2234 3574 2301 3627 Τί
2342 3571 2543 3643 ταύτης
2578 3570 2915 3639 σαφέστερον
2944 3568 3044 3639 τῆς
3081 3564 3451 3629 ἀποδείξεως;
3492 3560 3657 3630 Ὀρᾷς

2070 3669 2155 3721 ὅτι
2202 3666 2303 3719 οὐκ
2337 3663 2559 3734 ᾔδεισαν
2600 3663 2739 3730 ὅπερ
2777 3658 3039 3730 ⁴ᾐτοῦντο,
3081 3659 3211 3728 περὶ
3249 3654 3531 3724 στεφάνων
3562 3648 3658 3705 καὶ

2069 3756 2316 3830 ἀμοιϐῶν
2342 3754 2437 3808 καὶ
2464 3751 2757 3823 προεδρίας
2779 3752 2874 3804 καί⁵
2899 3750 3066 3821 τιμῆς
3084 3747 3236 3819 αὐτῷ
3260 3745 3655 3815 διαλεγόμενοι,

2070 3851 2285 3906 οὐδέπω
2313 3847 2422 3901 τῶν
2455 3845 2682 3914 ἀγώνων
2706 3843 2828 3897 οὐδὲ
2851 3843 3027 3914 ἀρχὴν
3057 3840 3357 3913 εἰληφότων
3382 3855 3397 3902 ς
3426 3835 3532 3889 Δύο
3553 3837 3659 3887 τοι·

2070 3960 2167 3999 νυν
2210 3940 2509 3995 αἰνίττεται
2537 3937 2626 3991 διὰ
2658 3935 2753 3989 τοῦ
2780 3935 2978 4003 λέγειν’
3012 3935 3134 3987 Οὐκ
3165 3932 3365 3986 οἴδατε
3393 3931 3453 3983 τί
3478 3924 3657 3983 αἰτεῖ·

2071 4036 2214 4099 σθε,
2248 4032 2306 4086 ἐν
2343 4032 2441 4103 μὲν
2468 4031 2551 4084 ὅτι
2588 4028 2720 4098 περὶ
2754 4025 3026 4097 βασιλείας
3055 4024 3426 4093 διαλέγονται,
3463 4014 3531 4091 ἦς
3562 4018 3657 4071 οὐ·

2069 4127 2181 4190 δείς
2231 4120 2300 4197 ἦν
2345 4123 2422 4194 τῷ
2460 4120 2682 4193 Χριστῷ
2725 4119 2909 4188 λόγος·
2946 4118 3007 4172 οὐ
3050 4116 3158 4188 γὰρ
3194 4116 3260 4186 δὴ
3299 4115 3428 4186 1:591
3448 4110 3660 4181 ταύτης

2072 4208 2381 4287 ἐπήγγελτο
2404 4213 2506 4283 τῆς
2533 4212 2685 4265 κάτω
2707 4212 2800 4265 καί
2829 4212 2927 4281 τῆς
2952 4208 3217 4281 αἰσθητῆς
3234 4226 3249 4241 ο
3279 4207 3468 4279 ἕτερον
3493 4202 3552 4256 δὲ
3572 4203 3659 4256 ὅτι

2073 4308 2364 4380 προεδρίαν
2397 4304 2686 4375 ζητοῦντες
2719 4302 2819 4376 ήδη
2868 4303 2961 4356 καὶ
2998 4302 3163 4373 τιμὰς
3200 4300 3300 4364 τὰς
3348 4296 3616 4353 ἀνωτάτω
3641 4337 3657 4360 ,

2074 4403 2169 4458 καὶ
2192 4400 2301 4454 τῶν
2324 4401 2525 4470 ἐτέρων
2560 4396 2868 4468 βουλόμενοι
2894 4395 3264 4467 λαμπρότεροι
3289 4392 3526 4462 φανῆναι
3557 4390 3661 4445 καὶ

2078 4493 2557 4565 περιφανέστεροι,
2586 4489 2707 4542 οὐδὲ
2733 4490 2792 4542 ἐν
2822 4487 2996 4560 καιρῷ
3016 4486 3192 4542 ταῦτα
3210 4484 3488 4557 ζητοῦσιν,
3515 4480 3661 4535 ἀλλὰ

2072 4591 2166 4643 καὶ
2215 4585 2422 4657 σφόδρα
2473 4583 2739 4655 ἀκαίρως.
2791 4582 2852 4634 '0
2886 4581 2996 4651 γὰρ
3038 4582 3228 4652 καιρὸς
3273 4580 3479 4640 ἐκεῖνος
3528 4576 3658 4645 οὐχὶ

2073 4681 2375 4749 στεφάνων,
2402 4675 2522 4731 οὐδὲ
2554 4673 2826 4738 ἐπάθλων,
2852 4673 2967 4726 ἀλλ’
2994 4672 3393 4742 ἀγωνισμάτων
3416 4669 3512 4723 καὶ
3539 4685 3656 4721 πα-

2071 4756 2387 4841 λαισμάτων
2427 4768 2522 4822 καὶ
2554 4766 2733 4820 πόνων
2774 4766 2867 4819 καὶ
2893 4764 3132 4837 ἱδρώτων
3171 4759 3264 4816 καί
3307 4760 3654 4833 σκαμμάτων

2069 4867 2165 4921 καί.
2192 4864 2464 4933 πολέμων.
2502 4862 2568 4915 Ὀ
2594 4854 2686 4914 οὖν
2715 4859 2864 4928 λέγει
2883 4897 2897 4922 ,
2927 4856 3165 4912 τοιοῦτόν
3193 4859 3369 4911 ἐστιν’
3406 4857 3528 4909 οὐκ
3569 4854 3636 4909 οι

2070 4957 2213 5012 δατε
2256 4957 2313 5009 τί
2350 4953 2613 5009 αἰτεῖσθε
2633 4993 2648 5017 ,
2697 4952 2827 5023 1:591
2871 4950 3077 5005 τούτων
3120 4967 3210 5020 μοι
3242 4947 3621 5016 διαλεγόμενοι

2071 5048 2283 5101 οὐδέπω
2313 5043 2749 5117 καμόντες,ὀύδέ
2769 5042 3169 5113 ἀποδυσάμενοι
3192 5040 3328 5113 πρὸς
3352 5040 3480 5104 τοὺς
3504 5038 3655 5107 άγῶ·

2071 5156 2169 5203 νας
2192 5178 2208 5203 ,
2240 5138 2321 5191 ἔτι
2363 5137 2464 5207 τῆς
2491 5134 2815 5207 οἰκουμένης
2860 5133 3186 5205 ἀδιορθὼτου
3219 5132 3516 5204 μενούσης,
3548 5131 3652 5200 τῆς

2072 5230 2328 5293 ἀσεϐείας
2385 5226 2786 5299 ἐπικρατούσης
2811 5266 2826 5293 ,
2875 5226 2984 5281 τῶν
3038 5224 3341 5297 ἀνθρώπων
3395 5224 3656 5279 ἁπάντων

2141 5467 2162 5505 ί
2191 5466 2328 5514 Unus
2349 5465 2573 5522 χαμηλοί.

2136 5481 2163 5568 ἑ
2349 5481 2573 5575 ﬁmi}:
2591 5527 2870 5589 νομίζοντες,
2880 5529 3056 5588 ταύτην
3073 5528 3313 5578 αἰτοῦνται
3332 5530 3421 5586 τὴν
3442 5531 3649 5587 clm.

2097 5619 2100 5623 .
2133 5588 2410 5653 hAQuatuog
2421 5600 2533 5653 ποτε.
2559 5588 2615 5637 οὐ
2638 5588 2905 5653 στοχασμοί
2926 5589 3078 5640 ταῦτά
3100 5593 3236 5651 εἰσιν,
3259 5591 3373 5638 οὐδὲ
3398 5591 3551 5653 λόγων
3569 5608 3656 5640 πι-

2070 5651 2336 5716 θανότητες.
2362 5647 2530 5716 _Savjl.
2559 5647 2850 5716 ’στοχασμὸς
2871 5657 2924 5701 el
2946 5647 3267 5715 πιθανότητες,
3290 5652 3425 5715 quod
3458 5647 3651 5716 τεθειρὶ-

2070 5666 2336 5706 υανοτητες.
2380 5666 2530 5697 δινιι.
2576 5666 2663 5697 στο
2697 5666 2822 5712 ασμο

2070 5724 2195 5765 mus.
2221 5708 2392 5760 Monlf.
2409 5666 2822 5770 πιθανότηςῆξνιτ.
