3854 6222
241 315 351 371 ππ

241 430 388 482 enim
411 426 626 498 aequalis
655 435 733 481 est
766 425 1030 481 facilitatis
1053 441 1284 496 pugnare
1307 434 1360 480 et
1377 425 1590 488 (locere,
1614 425 1820 479 hostem

238 518 524 572 vulnerare
552 527 602 572 et
641 517 988 570 domesticum
1032 517 1303 586 corrigere
1330 531 1346 580 ;
1376 516 1469 570 sed
1501 515 1620 584 plus
1644 517 1694 569 in
1726 515 1826 568 hoc

241 607 376 659 mihi
405 607 561 660 studii
583 605 959 660 conferendum
985 615 1087 668 est,
1112 615 1167 659 ut
1190 621 1359 676 neque
1379 607 1670 660 membrum
1688 605 1825 659 clan-

235 698 429 751 dicans
457 698 734 766 negligam,
761 713 931 765 neque
961 697 1320 765 perturbatum
1351 712 1667 765 quemquam
1698 712 1824 764 pra!-

239 789 554 843 termittam.
581 790 705 843 Dico
728 789 888 850 enim,
935 787 1027 842 sed
1069 805 1136 842 ne
1163 789 1452 856 pereellant
1479 803 1573 841 vos
1610 803 1726 856 qua:
1753 788 1828 840 di-

235 889 455 942 cuntur,
482 894 652 947 neque
672 878 992 942 turbemiui;
1030 895 1136 931 non
1168 878 1307 932 enim
1337 887 1538 931 t-tntum
1569 877 1686 931 Filii
1717 893 1819 931 non

237 985 360 1024 esse
383 969 666 1033 contendo,
693 968 784 1022 sed
817 984 986 1038 neque
1011 968 1211 1030 Patris,
1239 976 1290 1021 et
1319 967 1420 1021 hoc
1448 983 1638 1037 magna
1667 967 1819 1022 tuba-

237 1077 344 1129 que
385 1060 595 1114 clariori
634 1075 766 1115 voce
808 1061 1097 1128 proclamo,
1123 1076 1294 1128 neque
1324 1060 1489 1130 ipsius
1512 1076 1632 1114 esse
1661 1059 1813 1127 dare,

239 1167 417 1222 neque
443 1151 577 1205 adeo
599 1150 770 1204 Patris
796 1150 983 1218 ipsius.
1005 1148 1060 1205 Si
1088 1150 1228 1204 enim
1256 1150 1418 1218 ipsius
1438 1159 1601 1215 esset,
1630 1159 1682 1204 et
1716 1150 1818 1202 Pa-

239 1243 338 1296 tris
380 1252 520 1296 esset
541 1259 554 1295 :
575 1241 619 1294 si
650 1241 820 1294 Patris
849 1248 1009 1304 esset,
1041 1249 1095 1295 et
1137 1240 1302 1310 ipsius
1340 1249 1514 1294 esset:
1541 1250 1815 1309 propterea

237 1350 345 1387 non
375 1332 508 1387 dixit
539 1332 641 1385 illis
665 1332 996 1401 simpliciter,
1023 1346 1129 1385 non
1158 1341 1238 1386 est
1267 1346 1440 1384 meum
1469 1330 1629 1385 dare‘
1649 1371 1664 1387 .
1682 1330 1816 1398 Quid

236 1423 439 1492 igitur?
465 1421 586 1476 Non
630 1431 704 1476 est
743 1438 906 1475 meum
935 1422 1076 1487 dare,
1105 1422 1193 1477 sed
1232 1422 1407 1490 quibus
1449 1431 1680 1492 paratum
1705 1434 1776 1476 est
1798 1438 1834 1496 εἱ

236 1515 494 1584 signiﬁcat
517 1530 686 1584 neque
715 1513 880 1584 ipsius
898 1527 1038 1578 eSSe,
1064 1529 1234 1582 neque
1263 1513 1453 1573 Patris,
1479 1513 1569 1566 sed
1593 1513 1815 1566 aliorum

236 1605 608 1672 quorumdam.
654 1605 790 1674 Quid
834 1619 962 1675 ergo
1006 1603 1106 1658 sibi
1149 1600 1260 1658 vult
1300 1604 1498 1657 dictum
1533 1603 1692 1657 illud’
1726 1602 1816 1658 Sic

233 1695 381 1748 enim
413 1695 644 1749 arbitror
673 1695 820 1750 vobis
845 1703 1054 1750 auctam
1083 1709 1200 1750 esse
1230 1694 1707 1765 perturbationem,
1753 1709 1815 1747 ac

237 1785 498 1855 majorem
525 1785 906 1842 dubitationem
935 1795 1196 1850 exortam,
1229 1795 1282 1839 et
1309 1787 1498 1840 anxios
1524 1801 1619 1840 vos
1647 1801 1765 1839 esse
1800 1807 1810 1837 :

234 1891 603 1932 verumtamen
630 1878 787 1931 nolite
809 1879 1027 1941 timere;
1054 1893 1156 1931 non
1183 1877 1324 1931 enim
1351 1877 1620 1942 desistam,
1647 1878 1814 1930 donec

235 1969 558 2023 solutionem
603 1969 924 2039 adjuuxt-ro:
955 1969 1112 2024 sinite
1141 1980 1341 2023 tantum
1374 1978 1431 2023 ut
1475 1970 1630 2039 paulo
1656 1970 1814 2024 altius

237 2060 444 2125 initium
477 2061 732 2114 orationis
757 2075 1046 2126 arcessam,
1078 2061 1217 2126 quod
1247 2061 1403 2114 aliter
1429 2061 1538 2115 fieri
1566 2069 1810 2129 nequeat.

234 2161 296 2204 ut
321 2151 544 2204 dilucide
587 2153 745 2205 menti
770 2161 958 2205 vesti-.2
987 2154 1160 2204 omnia
1190 2151 1627 2205 cmumetulcntur
1677 2151 1811 2218 Quid

232 2255 364 2307 ergo
389 2240 489 2293 sibi
516 2243 643 2301 vult,
674 2241 809 2308 quod
839 2249 915 2294 est
943 2241 1172 2296 dictum?
1201 2239 1331 2294 Cum
1360 2256 1418 2296 se
1447 2245 1703 2309 reciperet
1726 2241 1816 2294 Je-

234 2331 557 2399 rnsnlyinam
586 2330 760 2389 Jesus,
793 2332 1014 2384 accessit
1052 2347 1170 2386 cum
1221 2331 1341 2386 filiis
1383 2347 1552 2386 uiator
1583 2332 1808 2387 ﬁliorum

231 2417 701 2480 ZebedzeiJaL-obi
721 2417 1031 2480 etJoannis,
1053 2417 1131 2470 sic
1160 2433 1282 2470 eum
1301 2417 1606 2485 alloquens,
1638 2415 1737 2469 Dic
1766 2426 1821 2467 ut

239 2512 460 2568 sedeant
482 2511 535 2564 lii
553 2511 656 2563 duo
671 2511 776 2579 ﬁlii
794 2509 892 2562 mei
912 2525 1044 2561 u.-ius
1064 2509 1131 2560 ad
1153 2508 1421 2561 dexterum
1451 2519 1671 2573 tuam,et
1685 2526 1822 2564 unus

237 2608 317 2658 ad
332 2603 612 2658 sinistram
640 2612 783 2654 tuam
808 2599 1004 2669 (Marc.
1033 2601 1118 2652 lt).
1139 2598 1227 2669 57)
1248 2618 1260 2652 ;
1282 2600 1419 2653 alter
1448 2610 1632 2652 autem
1658 2615 1823 2653 cvan-

243 2694 443 2761 gelisla
465 2691 601 2744 ﬁlios
625 2691 739 2744 hare
757 2711 783 2740 a
801 2689 1021 2742 Christo
1055 2689 1274 2758 petiisse
1303 2688 1440 2742 dixit
1465 2708 1478 2742 :
1504 2688 1597 2742 sed
1613 2705 1718 2742 non
1739 2695 1823 2742 est

242 2793 432 2838 tamen
450 2781 817 2852 discrepantia
839 2800 851 2834 :
869 2795 1043 2849 neque
1054 2782 1197 2832 cuitu
1219 2787 1347 2832 sunt
1364 2780 1477 2833 haec
1490 2781 1694 2832 minuta
1715 2795 1824 2847 per-

243 2872 522 2928 currenda
549 2891 560 2925 :
591 2887 779 2925 verum
812 2887 935 2923 rum
962 2881 1188 2924 matrem
1224 2871 1582 2939 praemisisset
1603 2874 1645 2935 ³,
1677 2879 1824 2939 pust-

244 2979 415 3033 quam
441 2963 529 3016 illa
550 2961 707 3027 dixit,
723 2969 774 3015 et
793 2969 1001 3030 portam
1025 2961 1257 3029 aperuit,
1281 2962 1382 3031 ipsi
1401 2977 1618 3030 quoque
1639 2977 1822 3028 preces

249 3055 635 3112 admoverunt,
661 3051 1133 3120 nescientes,quid
1157 3051 1423 3116 dicerent,
1457 3053 1548 3106 sed
1579 3051 1823 3105 dicentes

242 3153 459 3199 tamen.
483 3141 618 3197 Nam
644 3143 771 3197 licet
798 3143 1256 3212 apostoliessent,
1286 3143 1719 3212 imperfei-tiores
1742 3152 1822 3195 ta-

251 3249 378 3287 men
407 3235 588 3288 adhuc
617 3241 796 3298 erant,
838 3243 1098 3302 tanquam
1124 3233 1257 3302 pulli
1288 3234 1571 3287 errantes3
1590 3233 1640 3286 in
1675 3235 1820 3295 nido,

247 3340 377 3378 cum
398 3325 636 3378 nondum
655 3323 763 3377 illis
787 3339 974 3392 pennae
991 3325 1384 3377 succrevcrint.
1404 3325 1579 3392 Atque
1595 3325 1693 3376 hoe
1711 3341 1821 3375 ma-

252 3415 401 3468 xime
433 3414 588 3468 vobis
618 3429 740 3466 esse
770 3425 954 3466 notum
989 3423 1225 3482 oportet,
1257 3423 1384 3468 ante
1422 3415 1732 3483 passionem
1769 3417 1819 3467 in

239 3496 412 3550 multa
443 3496 864 3565 illosignorautia
885 3515 1005 3554 esse
1025 3513 1280 3562 versatos,
1305 3512 1626 3571 quaprOpter
1649 3513 1700 3555 et
1727 3503 1805 3555 in-

226 3597 457 3652 crepans
482 3601 574 3640 eos
592 3588 832 3642 dicebat:
863 3590 1039 3643 Adhuc
1059 3601 1106 3644 et
1129 3607 1214 3645 vos
1239 3593 1345 3646 sine
1369 3594 1622 3648 intellectu
1651 3595 1766 3648 estis
1782 3596 1809 3649 7

229 3672 477 3728 Nondum
502 3680 819 3747 cognoscitis,
849 3697 937 3734 nec
961 3682 1260 3752 intelligitis,
1291 3685 1408 3752 quia
1436 3703 1536 3740 non
1570 3686 1633 3740 de
1661 3688 1803 3754 paui-

225 3763 322 3816 luts
343 3767 458 3820 dixi
482 3767 633 3830 vobis,
657 3779 820 3821 cavete
850 3786 881 3821 a
905 3774 1147 3839 fermento
1189 3771 1562 3828 lert'sarorum
1591 3776 1800 3846 (Matt/1.

232 3855 318 3907 15.
350 3855 473 3923 16)?
499 3866 552 3909 et
581 3873 783 3925 rursus,
819 3860 983 3914 Multa
1009 3863 1164 3916 habeo
1208 3865 1341 3917 vobis
1367 3866 1550 3928 dicere,
1589 3870 1677 3922 sed
1706 3887 1805 3923 non

227 3946 433 4010 potestis
459 3958 661 4015 portare
688 3953 836 4003 modo
866 3949 1044 4021 (Joan.
1064 3953 1148 4008 l6.
1181 3953 1289 4024 l2).
1317 3955 1497 4023 Neque
1525 3973 1651 4012 vero
1674 3961 1801 4011 Sith-

227 4037 431 4088 lnniora
464 4050 662 4092 tantum
706 4041 1035 4111 ignorabant,
1087 4047 1177 4100 sed
1209 4048 1316 4102 illis
1355 4051 1513 4104 etiam
1563 4066 1804 4119 sarpenu-

227 4142 398 4190 iuero,
429 4145 546 4198 qua}
569 4131 868 4198 audierant,
897 4150 1005 4203 pra:
1028 4147 1167 4190 metu
1196 4155 1258 4193 ac
1283 4141 1565 4197 timiditate
1591 4145 1803 4197 excide-

226 4218 374 4283 bant,
405 4221 544 4288 quod
575 4223 676 4277 illis
699 4227 1024 4292 exprobrans
1049 4229 1244 4296 aiebat,
1278 4232 1440 4287 Nemo
1462 4251 1524 4289 ea:
1562 4235 1694 4290 robis
1721 4239 1800 4290 in-

223 4319 446 4380 terrogat
473 4329 570 4376 me,
599 4313 708 4377 Quo
735 4316 910 4371 radis?
936 4317 1041 4372 Sed
1065 4322 1183 4390 quia
1210 4323 1316 4376 lucc
1337 4323 1568 4394 loquutus
1585 4343 1696 4379 sum
1720 4345 1805 4381 vo-

223 4400 320 4465 bis,
346 4402 546 4455 tristitia
586 4405 806 4472 implevit
834 4424 920 4460 cor
948 4421 1162 4463 vestrum
1190 4411 1347 4483 (Ibid.
1377 4431 1423 4467 υ.
1457 4415 1514 4484 5)
1549 4433 1562 4468 :
1589 4427 1638 4470 et
1683 4433 1800 4470 rur-

223 4503 337 4555 sus,
362 4489 464 4544 Ille
485 4495 620 4548 robis
649 4507 871 4566 suggeret
892 4501 1080 4563 omnia,
1121 4510 1168 4554 et
1209 4503 1400 4557 docebit
1430 4521 1514 4559 vos
1556 4506 1666 4578 (Id.
1712 4509 1796 4562 Η.

221 4579 320 4648 26)
340 4599 354 4635 :
378 4581 444 4635 de
469 4587 738 4639 Paracleto
765 4588 924 4642 verba
965 4590 1192 4645 faciens:
1224 4603 1470 4648 ceterum
1496 4613 1598 4650 non
1631 4599 1796 4651 dixis-

222 4679 324 4731 set,
349 4681 616 4739 suggeret,
651 4674 748 4728 nisi
776 4677 936 4730 multa
970 4678 1090 4744 illis,
1123 4696 1240 4749 qua:
1270 4684 1406 4736 dicta
1439 4684 1664 4750 fuerant,
1703 4703 1797 4743 cx-

220 4758 496 4814 cidissent.
526 4762 648 4816 lla-c
673 4775 848 4819 autem
871 4782 901 4820 a
929 4784 1014 4823 me
1043 4785 1144 4825 non
1169 4781 1366 4828 temere
1390 4790 1797 4832 commemorata

221 4862 368 4916 sunt,
396 4853 488 4907 sed
519 4856 764 4923 quoniam
793 4858 978 4914 Petrus
1005 4861 1163 4917 modo
1187 4864 1397 4932 quidem
1441 4867 1648 4921 videtur
1675 4885 1793 4936 per-

224 4944 415 4996 fcctam
442 4946 720 5011 quamdam
744 4947 1129 5005 confessionem
1153 4953 1407 5020 proferre,
1438 4957 1595 5010 modo
1622 4969 1794 5012 autem

220 5033 461 5087 omnium
489 5035 702 5089 oblitus.
730 5037 858 5091 Nam
890 5040 978 5109 qui
1008 5041 1234 5108 dixerat,
1261 5043 1340 5098 Tu
1368 5063 1420 5100 es
1445 5046 1672 5102 Christus
1702 5049 1796 5102 Fi-

219 5124 323 5174 lius
346 5121 444 5176 Dei
465 5125 786 5194 vivi(Matth.
812 5130 899 5183 Hi.
929 5129 1039 5200 46),
1073 5149 1133 5185 ac
1161 5145 1434 5202 propterea
1465 5137 1647 5194 beatus
1673 5156 1798 5208 prie-

219 5215 431 5268 dicatus
455 5215 644 5283 fuerat,
671 5219 927 5288 ejusmodi
952 5225 1104 5292 paulo
1128 5237 1242 5293 post
1263 5239 1533 5296 peceatum
1563 5231 1792 5296 admisit,

222 5315 280 5358 ut
309 5307 534 5363 Satanas
560 5308 716 5365 fuerit
757 5314 1049 5381 appellatus
1095 5316 1182 5370 Sic
1208 5319 1347 5371 enim
1377 5320 1469 5384 ait,
1513 5319 1649 5376 Vade
1687 5333 1795 5392 post

220 5413 321 5464 Ita,
340 5399 557 5466 Salano,
593 5403 887 5458 scandalum
912 5422 964 5460 es
987 5408 1111 5461 mihi
1127 5423 1147 5463 :
1171 5411 1288 5479 quia
1312 5427 1410 5464 non
1432 5413 1569 5484 sapis
1588 5430 1665 5481 ea,
1687 5431 1798 5486 qua:

290 5554 312 5628 ξ
340 5553 534 5628 quidam
559 5563 694 5628 uss,
720 5569 811 5608 non
833 5541 1085 5628 eunte-um
1107 5564 1244 5625 dare,
1266 5564 1352 5616 sed
1379 5565 1550 5618 Patris.

284 5614 312 5680 ξ
341 5614 534 5680 Quidam
552 5614 688 5680 iussa,
706 5618 1061 5680 pt'wntisissent.

287 5675 313 5708 ⁸
342 5680 470 5726 Unus
491 5676 654 5739 lubet,
670 5675 916 5746 pinsitum".

916 313 1003 366 DE
1045 266 1263 368 Pl'lTlT.
1306 312 1546 367 FILIOR.
1588 306 1924 366 ZEBEDxEl.
1964 308 2235 365 CONTRA
2277 310 2646 369 ANOMGZOS.
2693 310 2817 372 Vl".

3410 315 3512 373 ττι

1933 420 2034 475 Dei
2051 432 2187 485 sunt,
2211 424 2298 477 sed
2319 440 2376 477 ea
2392 440 2503 494 quis
2519 423 2774 478 hominum
2799 425 3009 495 (Matth.
3035 427 3244 504 10.25).
3265 431 3398 499 Quid
3421 432 3515 485 im-

1932 511 2213 578 perfectius
2251 528 2318 566 eo
2362 512 2474 567 ﬁeri
2520 515 2705 583 possit,
2737 516 2826 585 qui
2857 530 2962 570 non
2992 518 3181 588 sapiat,
3226 536 3345 590 qme
3389 531 3510 575 sunt

1931 601 2046 670 ejus
2076 602 2119 668 ι,
2153 602 2244 656 sed
2271 619 2388 673 quae
2414 611 2538 660 sunt
2567 605 2874 660 hominum?
2917 607 3204 679 Postquam
3244 613 3386 668 enim
3435 609 3509 667 illi

1928 692 1996 747 de
2018 708 2177 748 cruce
2205 695 2377 764 deque
2408 698 2797 753 resurrectione
2819 699 2978 753 verba
3009 699 3229 769 fecerat,
3259 718 3380 758 cum
3404 722 3500 763 en—

1928 800 2067 849 rum,
2098 800 2217 854 quia
2239 786 2376 840 dicta
2409 785 2637 852 fuerant,
2663 788 3070 858 profunditatem
3101 792 3387 862 ignoraret,
3405 807 3502 848 ne-

1927 890 2029 944 que
2044 875 2152 944 jam
2183 891 2372 930 arcana
2421 877 2665 945 dogmata
2706 877 3041 950 futuramque
3071 881 3248 934 mundi
3277 883 3506 938 salutem

1929 973 2106 1033 posset
2121 967 2591 1034 comprehendere,
2610 970 2892 1038 Separatim
2913 985 3186 1024 assumens
3205 987 3326 1025 cum
3349 971 3502 1036 dixit,

1929 1055 2188 1125 PrOpitius
2213 1059 2300 1110 tibi
2321 1069 2440 1120 esto,
2465 1058 2701 1124 Domine,
2731 1078 2830 1115 non
2857 1062 2946 1115 erit
2967 1063 3053 1115 tibi
3075 1063 3167 1116 hoc
3185 1063 3203 1134 (
3213 1063 3232 1115 1
3241 1064 3288 1115 b.
3312 1080 3358 1117 υ.
3379 1063 3498 1125 22).

1928 1145 2088 1200 Vides
2117 1155 2173 1200 ut
2203 1146 2274 1201 illi
2321 1149 2447 1202 nihil
2475 1149 2542 1203 de
2570 1153 2958 1205 resurrectione
2997 1162 3147 1206 certo
3176 1155 3407 1207 scirent?
3437 1153 3504 1208 Et

1927 1238 2026 1291 hoc
2048 1239 2216 1307 ipsum
2237 1239 2476 1294 indicans
2493 1240 2827 1309 Evangelista
2855 1240 3082 1306 diri-bat,
3109 1240 3348 1296 Nondum
3369 1243 3502 1297 enim

1923 1329 2161 1394 sciebant,
2180 1331 2298 1400 quia
2318 1341 2570 1400 oporteret
2594 1347 2706 1385 eum
2732 1349 2763 1384 a
2790 1332 2999 1385 mortuis
3027 1349 3286 1404 resurgere
3316 1333 3495 1404 (Joan.

1920 1418 2009 1473 ευ.
2045 1417 2121 1491 tt).
2145 1419 2294 1487 Quod
2317 1421 2359 1473 si
2385 1421 2480 1474 ista
2506 1419 2837 1485 nesciebant,
2860 1422 3029 1475 multo
3051 1423 3217 1493 magis
3236 1423 3336 1477 alia
3360 1422 3502 1493 igno-

1923 1511 2132 1574 rabant,
2172 1510 2467 1580 cujusmodi
2496 1521 2578 1566 est
2604 1512 2672 1566 de
2694 1512 2894 1568 caelesti
2925 1527 3109 1583 regno,
3156 1513 3224 1568 de
3256 1515 3501 1584 primitiis

1921 1603 2138 1668 nostris,
2167 1617 2229 1657 ac
2248 1602 2314 1657 de
2339 1604 2650 1658 ascensione
2671 1604 2722 1658 in
2745 1604 2953 1670 caelum,
2983 1604 3232 1674 humique
3253 1614 3501 1674 repentes

1921 1694 2093 1750 adhuc
2120 1695 2352 1749 nondum
2384 1695 2435 1749 in
2465 1695 2627 1749 altum
2655 1703 2901 1764 poterant
2920 1697 3154 1751 evolare.
3182 1696 3313 1751 Cum
3342 1696 3501 1766 igitur

1923 1784 2022 1838 hac
2051 1793 2232 1838 essent
2259 1784 2510 1853 opinione
2556 1784 2761 1848 imbuti,
2807 1793 2861 1839 et
2911 1795 3304 1855 exspectarent,
3334 1795 3391 1838 ut
3420 1785 3496 1839 illi

1921 1872 2199 1927 confestim
2231 1889 2448 1942 regnum
2478 1873 2823 1944 Jerosolymis
2847 1875 3163 1930 obveniret:
3196 1875 3324 1929 nihil
3353 1875 3494 1930 enim

1920 1963 2148 2031 amplius
2177 1979 2334 2032 quam
2377 1963 2502 2016 illud
2532 1973 2807 2026 noverant,
2834 1964 2974 2033 quod
3005 1965 3253 2018 nimirum
3281 1974 3334 2020 et
3363 1966 3497 2020 alius

1920 2051 2239 2119 evangelista
2285 2053 2563 2122 significat,
2596 2052 2799 2118 dicens,
2850 2054 2966 2108 illos
3009 2055 3342 2111 existimasse
3383 2057 3492 2124 jam

1921 2158 2137 2213 regnum
2167 2142 2284 2212 ejus
2311 2144 2617 2210 adventare,
2650 2143 2790 2213 quod
2836 2160 2996 2198 unum
3043 2145 3253 2216 aliquod
3295 2162 3358 2201 ex
3395 2147 3494 2198 bu-

1919 2232 2088 2286 tnanis
2112 2233 2288 2302 regnis
2315 2233 2731 2303 suspicarentur,
2771 2241 2826 2287 et
2859 2234 3244 2289 arbitrarentur
3267 2235 3332 2288 ad
3366 2235 3492 2288 illud

1918 2321 2203 2376 ineundum
2233 2337 2337 2376 non
2363 2322 2429 2376 ad
2458 2337 2675 2376 crucem
2704 2331 2760 2378 et
2785 2334 3012 2380 mortem
3063 2325 3206 2378 illum
3231 2340 3491 2395 pergere:

1917 2428 2038 2466 nam
2067 2413 2192 2469 licet
2220 2413 2412 2469 millies
2439 2413 2786 2480 audivissent,
2824 2424 2973 2469 certo
3002 2414 3052 2468 id
3092 2415 3230 2470 scire
3259 2430 3362 2469 non
3395 2430 3490 2485 po-

1916 2511 2110 2556 terant.

1985 2594 2038 2648 5.
2078 2592 2338 2662 Quoniam
2380 2594 2540 2664 igitur
2575 2595 2806 2649 nondum
2848 2595 3058 2665 quidem
3099 2597 3397 2650 evidentem
3435 2605 3492 2650 et

1913 2693 2150 2738 exactam
2181 2683 2484 2754 dogmatum
2511 2686 2864 2755 cognitionem
2905 2687 3078 2756 adepti
3105 2695 3277 2747 eraiit,
3302 2685 3397 2742 sed
3425 2685 3490 2743 ad

1913 2773 2166 2828 sensibile
2207 2790 2425 2844 regnum
2456 2791 2674 2846 pergere
2698 2776 3029 2836 censebant,
3067 2788 3124 2831 et
3147 2777 3493 2848 Jerosolymis

1914 2875 2273 2934 regnaturum,
2305 2875 2636 2921 assumentes
2663 2882 2784 2922 eum
2825 2869 2878 2921 in
2909 2868 3013 2926 via.
3041 2879 3394 2937 Opportunum
3432 2884 3492 2924 se

1914 2964 2096 3010 nactos
2127 2967 2331 3026 tempus
2378 2958 2761 3026 existimantes,
2808 2959 2944 3013 hanc
2988 2961 3290 3027 petitionem
3335 2962 3491 3016 insti-

1915 3055 2068 3100 tuunt
2095 3064 2108 3100 :
2141 3063 2261 3101 nam
2290 3063 2410 3102 eum
2435 3049 2642 3117 seipsos
2671 3064 2698 3102 a
2722 3060 2862 3105 coetu
2889 3049 3267 3118 discipulorum
3293 3067 3487 3122 seque.-

1911 3145 2188 3203 strassent,
2208 3139 2428 3207 perinde
2447 3139 2594 3209 quasi
2617 3139 2682 3193 ad
2705 3140 2937 3209 ipsorum
2963 3142 3236 3196 arbitrium
3258 3143 3488 3199 redactas

1912 3242 1999 3282 res
2026 3237 2225 3294 essent,
2252 3230 2653 3300 przerogativam
2683 3230 2826 3285 sedis
2856 3234 3140 3302 postulant,
3194 3244 3247 3289 et
3292 3235 3490 3304 primas

1913 3330 2089 3388 partes
2115 3331 2251 3375 inter
2276 3322 2408 3376 alios
2429 3323 2526 3378 sibi
2556 3322 2753 3378 deferri
2784 3342 2798 3378 :
2830 3325 3023 3394 quippe
3052 3327 3139 3396 qui
3165 3326 3487 3383 arbitraren-

1915 3425 1998 3465 tur
2021 3413 2128 3481 jam
2162 3428 2250 3468 res
2280 3413 2434 3468 ﬁnem
2456 3415 2744 3484 accepisse,
2775 3425 2944 3470 totum
2977 3417 3246 3485 negotium
3273 3417 3483 3478 conﬁci.

1912 3512 2224 3572 tempusque
2245 3519 2558 3559 coronarum
2577 3521 2639 3560 ac
2656 3505 2991 3574 praemiorum
3009 3508 3289 3562 advenisse
3313 3527 3326 3561 :
3345 3507 3485 3578 quod

1913 3593 2082 3660 ipsum
2122 3601 2373 3647 extremm
2400 3593 2493 3648 fuit
2542 3594 2786 3650 inscitiae.
2813 3596 2987 3664 Atque
3013 3607 3068 3648 ut
3099 3595 3212 3651 luce
3247 3612 3350 3650 non
3372 3597 3486 3652 Sola

1911 3680 2214 3748 conjectura
2247 3684 2638 3752 verborumque
2668 3683 3040 3752 probabilitate
3068 3685 3159 3738 niti
3187 3687 3445 3741 noveritis
3466 3727 3481 3751 ,

1913 3769 2078 3838 ipsius
2104 3771 2254 3837 Jesu,
2285 3773 2367 3826 cui
2395 3782 2670 3842 perspecta
2706 3784 2831 3828 sunt
2869 3791 3060 3829 arcana
3089 3793 3343 3846 qumque,
3371 3793 3483 3832 rem

1910 3875 2156 3914 sermone
2169 3870 2326 3930 atque
2351 3863 2660 3917 auctoritate
2679 3862 3005 3918 conﬁrmabo
3044 3865 3324 3935 Po-~tquam
3341 3869 3482 3922 enim

1912 3950 2006 4001 ista
2036 3949 2400 4015 postularunt,
2426 3950 2546 4004 audi
2585 3950 2709 4019 quid
2742 3952 2846 4005 illis
2875 3955 3189 4020 respondeat
3222 3971 3238 4010 :
3268 3954 3486 4013 Nescitis

1909 4039 2029 4102 quid
2055 4041 2232 4107 petatis
2258 4039 2446 4106 (Marc.
2476 4042 2561 4094 10.
2591 4041 2702 4111 58).
2737 4042 2872 4107 Quid
2901 4043 2997 4097 hac
3040 4045 3353 4112 probatione
3373 4047 3481 4102 cla.

1911 4129 2056 4181 rius?
2083 4128 2241 4182 Vides
2269 4129 2388 4182 illos
2408 4130 2625 4183 minime
2652 4133 2863 4187 novisse
2889 4133 3027 4201 quod
3062 4135 3328 4202 petebant,
3359 4151 3479 4190 cum

1909 4218 1974 4272 de
1993 4221 2204 4273 coronis
2233 4235 2295 4274 ac
2321 4222 2552 4290 praemiis
2571 4223 2708 4291 apud
2731 4224 2876 4277 illum
2905 4225 3062 4279 verba
3091 4224 3327 4282 facerent
3351 4244 3482 4284 nec—

1907 4309 2031 4362 dum
2054 4311 2430 4366 certaminibus
2467 4312 2766 4368 inchoatis?
2789 4316 2901 4369 Duo
2926 4327 3050 4371 sunt
3079 4319 3234 4388 igitur
3253 4336 3370 4388 qua!
3397 4320 3482 4374 iu-

1909 4399 2040 4465 nuit,
2067 4400 2165 4454 hoc
2189 4400 2392 4462 dicens,
2424 4400 2643 4457 Nescitis
2665 4404 2787 4472 quid
2816 4406 3027 4473 petatis,
3060 4423 3219 4461 unum
3246 4409 3384 4477 quod
3411 4411 3480 4466 de

1907 4505 2070 4558 regno
2098 4492 2394 4560 loquantur,
2425 4494 2492 4547 de
2516 4510 2621 4562 quo
2649 4507 2948 4549 sermonem
2973 4495 3216 4552 Christus
3264 4515 3366 4552 non
3399 4501 3482 4553 in-

1906 4583 2149 4634 stituerat
2177 4597 2191 4633 :
2223 4598 2326 4635 non
2355 4583 2494 4636 enim
2538 4583 2606 4637 de
2635 4583 2736 4638 hoc
2777 4594 2986 4639 terreno
3026 4601 3090 4640 ac
3117 4589 3350 4642 sensibili
3381 4605 3482 4642 an-

1906 4672 2210 4726 nunciatum
2241 4681 2356 4725 erat
2378 4686 2392 4722 :
2416 4673 2663 4737 alterum,
2689 4675 2829 4743 quod
2859 4675 2984 4729 dum
3006 4676 3146 4731 sedis
3171 4681 3482 4749 praerogati-

1905 4778 2057 4826 vam,
2089 4771 2143 4816 et
2182 4764 2421 4817 czclestes
2446 4765 2554 4831 jam
2590 4775 2834 4833 quaerunt
2873 4765 3124 4834 honores,
3168 4771 3482 4840 caeterisque

1843 4845 1864 4858 ’
1905 4853 2069 4908 videri
2094 4855 2346 4910 clariores
2370 4867 2422 4909 et
2445 4855 2758 4910 illustriores
2785 4857 3130 4922 contendunt,
3154 4875 3223 4914 ne
3242 4875 3340 4915 suo
3366 4863 3483 4929 qui-

1902 4945 2022 4998 dem
2068 4955 2324 5014 tempore,
2355 4946 2448 5000 sed
2475 4945 2756 5000 admodum
2801 4948 3168 5017 intempestive
3193 4951 3288 5005 ista
3331 4966 3481 5021 quie-

1903 5046 2040 5089 rant.
2071 5035 2302 5105 Tempus
2329 5037 2471 5091 enim
2502 5037 2627 5090 illud
2649 5051 2754 5091 nou
2782 5053 3097 5092 coronarum
3119 5048 3209 5094 aut
3233 5042 3482 5108 praemio-

1902 5141 2040 5189 rum,
2072 5126 2164 5180 sed
2191 5126 2559 5193 certaminum,
2593 5127 2874 5189 luctarum,
2909 5129 3164 5193 laborum,
3197 5130 3476 5192 sudorum,

1902 5216 2190 5270 stadiorum
2228 5215 2346 5281 fuit,
2375 5225 2532 5286 atque
2569 5218 2888 5286 prmliorum.
2923 5219 3034 5274 [loc
3064 5221 3220 5288 igitur
3239 5221 3338 5277 sibi
3370 5221 3480 5274 vult

1901 5307 2032 5362 illud
2058 5307 2200 5378 quod
2234 5308 2326 5372 ait,
2357 5307 2573 5362 Nescitis
2595 5309 2717 5378 quid
2743 5310 2940 5376 petatis,
2967 5309 3091 5364 dum
3135 5309 3202 5364 de
3231 5309 3314 5363 his
3335 5311 3475 5380 apud

1902 5412 1987 5451 me
2014 5397 2174 5451 verba
2200 5396 2390 5459 facitis,
2416 5412 2537 5451 cum
2564 5399 2788 5453 necdum
2822 5399 3029 5454 labores
3057 5401 3472 5468 exantlaveritis,

1898 5486 2123 5542 necdum
2153 5487 2219 5541 ad
2242 5487 2468 5542 ineunda
2488 5489 2774 5544 certamina
2803 5505 2898 5544 vos
2924 5489 3176 5545 exueritis
3200 5507 3214 5544 :
3243 5505 3362 5545 cum
3395 5493 3474 5546 in-

1897 5587 2168 5633 correctus
2193 5579 2364 5633 adhuc
2389 5589 2598 5634 maneat
2616 5581 2758 5636 orbis
2781 5589 3058 5647 terrarum,
3082 5597 3201 5637 eum
3229 5583 3472 5654 impietas

1962 5691 1984 5724 ³
2017 5690 2178 5750 tuest,
2215 5692 2580 5754 qucsmunei.
