  <div class='ocr_page' id='page_1' title='image "/cluster/home/n/w/nwhite01/storage/ocr_20150623/48/nnc1.0046978267/255.png"; bbox 0 0 3854 6222; ppageno 0'>
   <div class='ocr_carea' id='block_1_1' title="bbox 305 268 450 324">
    <p class='ocr_par' dir='ltr' id='par_1_1' title="bbox 305 268 450 324">
     <span class='ocr_line' id='line_1_1' title="bbox 305 268 450 324; baseline 0.007 -2"><span class='ocrx_word' id='word_1_1' title='bbox 305 268 450 324; x_wconf 74' lang='grc' dir='ltr'><strong>’Ἳ75</strong></span> 
     </span>
    </p>
   </div>
   <div class='ocr_carea' id='block_1_2' title="bbox 331 362 1920 447">
    <p class='ocr_par' dir='ltr' id='par_1_2' title="bbox 331 362 1920 447">
     <span class='ocr_line' id='line_1_2' title="bbox 331 362 1920 447; baseline -0.014 -10"><span class='ocrx_word' id='word_1_2' title='bbox 331 383 662 447; x_wconf 79' lang='lat' dir='ltr'><strong>dominetur,</strong></span> <span class='ocrx_word' id='word_1_3' title='bbox 712 383 766 432; x_wconf 89' lang='lat' dir='ltr'><strong>et</strong></span> <span class='ocrx_word' id='word_1_4' title='bbox 809 379 1032 445; x_wconf 86' lang='lat' dir='ltr'><strong>pereant</strong></span> <span class='ocrx_word' id='word_1_5' title='bbox 1056 381 1244 423; x_wconf 87' lang='lat' dir='ltr'><strong>omnes</strong></span> <span class='ocrx_word' id='word_1_6' title='bbox 1290 366 1563 421; x_wconf 89' lang='lat' dir='ltr'><strong>mortales.</strong></span> <span class='ocrx_word' id='word_1_7' title='bbox 1617 362 1860 418; x_wconf 79' lang='lat' dir='ltr'><strong>Nondum</strong></span> <span class='ocrx_word' id='word_1_8' title='bbox 1888 375 1920 414; x_wconf 92' lang='lat' dir='ltr'><strong>e</strong></span> 
     </span>
    </p>
   </div>
   <div class='ocr_carea' id='block_1_3' title="bbox 339 451 1920 527">
    <p class='ocr_par' dir='ltr' id='par_1_3' title="bbox 339 451 1920 527">
     <span class='ocr_line' id='line_1_3' title="bbox 339 451 1920 527; baseline -0.013 -4"><span class='ocrx_word' id='word_1_9' title='bbox 339 468 641 523; x_wconf 74' lang='lat' dir='ltr'><strong>carceribus</strong></span> <span class='ocrx_word' id='word_1_10' title='bbox 669 464 939 521; x_wconf 80' lang='lat' dir='ltr'><strong>exsiliistis</strong></span> <span class='ocrx_word' id='word_1_11' title='bbox 961 502 976 527; x_wconf 91' lang='lat'><strong>,</strong></span> <span class='ocrx_word' id='word_1_12' title='bbox 1005 457 1242 514; x_wconf 86' lang='lat' dir='ltr'><strong>nondum</strong></span> <span class='ocrx_word' id='word_1_13' title='bbox 1267 456 1335 512; x_wconf 89' lang='lat' dir='ltr'><strong>ad</strong></span> <span class='ocrx_word' id='word_1_14' title='bbox 1372 453 1598 510; x_wconf 88' lang='lat' dir='ltr'><strong>ineunda</strong></span> <span class='ocrx_word' id='word_1_15' title='bbox 1637 451 1920 508; x_wconf 75' lang='lat' dir='ltr'><strong>luctamina</strong></span> 
     </span>
    </p>
   </div>
   <div class='ocr_carea' id='block_1_4' title="bbox 339 545 1921 624">
    <p class='ocr_par' dir='ltr' id='par_1_4' title="bbox 339 545 1921 624">
     <span class='ocr_line' id='line_1_4' title="bbox 339 545 1921 624; baseline -0.011 -9"><span class='ocrx_word' id='word_1_16' title='bbox 339 573 439 614; x_wconf 75' lang='lat' dir='ltr'><strong>vos</strong></span> <span class='ocrx_word' id='word_1_17' title='bbox 457 558 702 624; x_wconf 77' lang='lat' dir='ltr'><strong>exuistis,</strong></span> <span class='ocrx_word' id='word_1_18' title='bbox 734 554 954 610; x_wconf 85' lang='lat' dir='ltr'><strong>Potestis</strong></span> <span class='ocrx_word' id='word_1_19' title='bbox 973 551 1137 608; x_wconf 78' lang='lat' dir='ltr'><strong>bibere</strong></span> <span class='ocrx_word' id='word_1_20' title='bbox 1162 550 1384 614; x_wconf 75' lang='lat' dir='ltr'><strong>calicem,</strong></span> <span class='ocrx_word' id='word_1_21' title='bbox 1408 564 1551 619; x_wconf 88' lang='lat' dir='ltr'><strong>quem</strong></span> <span class='ocrx_word' id='word_1_22' title='bbox 1571 563 1660 618; x_wconf 87' lang='lat' dir='ltr'><strong>ego</strong></span> <span class='ocrx_word' id='word_1_23' title='bbox 1676 545 1921 598; x_wconf 69' lang='lat' dir='ltr'><strong>bibitur-us</strong></span> 
     </span>
    </p>
   </div>
   <div class='ocr_carea' id='block_1_5' title="bbox 304 633 1922 716">
    <p class='ocr_par' dir='ltr' id='par_1_5' title="bbox 304 633 1922 716">
     <span class='ocr_line' id='line_1_5' title="bbox 304 633 1922 716; baseline -0.01 -12"><span class='ocrx_word' id='word_1_24' title='bbox 304 665 475 708; x_wconf 62' lang='lat' dir='ltr'><strong>.--oum,</strong></span> <span class='ocrx_word' id='word_1_25' title='bbox 515 659 560 702; x_wconf 89' lang='lat' dir='ltr'><strong>et</strong></span> <span class='ocrx_word' id='word_1_26' title='bbox 589 647 856 716; x_wconf 71' lang='lat' dir='ltr'><strong>baptismo,</strong></span> <span class='ocrx_word' id='word_1_27' title='bbox 883 661 982 715; x_wconf 89' lang='lat' dir='ltr'><strong>quo</strong></span> <span class='ocrx_word' id='word_1_28' title='bbox 1024 659 1115 713; x_wconf 89' lang='lat' dir='ltr'><strong>ego</strong></span> <span class='ocrx_word' id='word_1_29' title='bbox 1159 641 1404 709; x_wconf 82' lang='lat' dir='ltr'><strong>baptizor,</strong></span> <span class='ocrx_word' id='word_1_30' title='bbox 1453 636 1697 708; x_wconf 71' lang='lat' dir='ltr'><strong>baptizari</strong></span> <span class='ocrx_word' id='word_1_31' title='bbox 1726 633 1922 706; x_wconf 84' lang='lat' dir='ltr'><strong>(Marc.</strong></span> 
     </span>
    </p>
   </div>
   <div class='ocr_carea' id='block_1_6' title="bbox 343 731 1922 808">
    <p class='ocr_par' dir='ltr' id='par_1_6' title="bbox 343 731 1922 808">
     <span class='ocr_line' id='line_1_6' title="bbox 343 731 1922 808; baseline -0.009 -16"><span class='ocrx_word' id='word_1_32' title='bbox 343 738 432 794; x_wconf 83' lang='grc'><strong>10.</strong></span> <span class='ocrx_word' id='word_1_33' title='bbox 462 737 596 808; x_wconf 74' lang='lat'><strong>58)?</strong></span> <span class='ocrx_word' id='word_1_34' title='bbox 620 737 836 792; x_wconf 84' lang='lat' dir='ltr'><strong>calicem</strong></span> <span class='ocrx_word' id='word_1_35' title='bbox 862 736 963 789; x_wconf 92' lang='lat' dir='ltr'><strong>hoc</strong></span> <span class='ocrx_word' id='word_1_36' title='bbox 983 734 1100 788; x_wconf 90' lang='lat' dir='ltr'><strong>loco</strong></span> <span class='ocrx_word' id='word_1_37' title='bbox 1119 740 1173 787; x_wconf 92' lang='lat' dir='ltr'><strong>et</strong></span> <span class='ocrx_word' id='word_1_38' title='bbox 1191 731 1510 802; x_wconf 75' lang='lat' dir='ltr'><strong>baptismum</strong></span> <span class='ocrx_word' id='word_1_39' title='bbox 1535 742 1748 784; x_wconf 90' lang='lat' dir='ltr'><strong>crucem</strong></span> <span class='ocrx_word' id='word_1_40' title='bbox 1771 738 1922 778; x_wconf 89' lang='lat' dir='ltr'><strong>suam</strong></span> 
     </span>
    </p>
   </div>
   <div class='ocr_carea' id='block_1_7' title="bbox 343 819 1922 894">
    <p class='ocr_par' dir='ltr' id='par_1_7' title="bbox 343 819 1922 894">
     <span class='ocr_line' id='line_1_7' title="bbox 343 819 1922 894; baseline -0.009 -11"><span class='ocrx_word' id='word_1_41' title='bbox 343 837 398 883; x_wconf 89' lang='lat' dir='ltr'><strong>et</strong></span> <span class='ocrx_word' id='word_1_42' title='bbox 425 836 647 882; x_wconf 89' lang='lat' dir='ltr'><strong>mortem</strong></span> <span class='ocrx_word' id='word_1_43' title='bbox 673 825 947 894; x_wconf 84' lang='lat' dir='ltr'><strong>appellans</strong></span> <span class='ocrx_word' id='word_1_44' title='bbox 977 841 990 877; x_wconf 92' lang='lat'>:</span> <span class='ocrx_word' id='word_1_45' title='bbox 1024 825 1242 877; x_wconf 84' lang='lat' dir='ltr'><strong>calicem</strong></span> <span class='ocrx_word' id='word_1_46' title='bbox 1271 821 1504 890; x_wconf 90' lang='lat' dir='ltr'><strong>quidem,</strong></span> <span class='ocrx_word' id='word_1_47' title='bbox 1529 819 1776 888; x_wconf 91' lang='lat' dir='ltr'><strong>quoniam</strong></span> <span class='ocrx_word' id='word_1_48' title='bbox 1803 832 1922 871; x_wconf 89' lang='lat' dir='ltr'><strong>cum</strong></span> 
     </span>
    </p>
   </div>
   <div class='ocr_carea' id='block_1_8' title="bbox 314 909 1925 987">
    <p class='ocr_par' dir='ltr' id='par_1_8' title="bbox 314 909 1925 987">
     <span class='ocr_line' id='line_1_8' title="bbox 314 909 1925 987; baseline -0.007 -16"><span class='ocrx_word' id='word_1_49' title='bbox 314 917 616 987; x_wconf 72' lang='lat' dir='ltr'><strong>~volnptate</strong></span> <span class='ocrx_word' id='word_1_50' title='bbox 642 916 788 971; x_wconf 92' lang='lat' dir='ltr'><strong>illum</strong></span> <span class='ocrx_word' id='word_1_51' title='bbox 836 915 1028 980; x_wconf 90' lang='lat' dir='ltr'><strong>ebibit;</strong></span> <span class='ocrx_word' id='word_1_52' title='bbox 1081 913 1400 982; x_wconf 70' lang='lat' dir='ltr'><strong>baptismum</strong></span> <span class='ocrx_word' id='word_1_53' title='bbox 1453 920 1650 974; x_wconf 87' lang='lat' dir='ltr'><strong>autem,</strong></span> <span class='ocrx_word' id='word_1_54' title='bbox 1681 909 1802 978; x_wconf 84' lang='lat' dir='ltr'><strong>quia</strong></span> <span class='ocrx_word' id='word_1_55' title='bbox 1832 921 1925 976; x_wconf 84' lang='lat' dir='ltr'><strong>per</strong></span> 
     </span>
    </p>
   </div>
   <div class='ocr_carea' id='block_1_9' title="bbox 308 1000 1927 1074">
    <p class='ocr_par' dir='ltr' id='par_1_9' title="bbox 308 1000 1927 1074">
     <span class='ocr_line' id='line_1_9' title="bbox 308 1000 1927 1074; baseline -0.007 -12"><span class='ocrx_word' id='word_1_56' title='bbox 308 1009 488 1062; x_wconf 40' lang='lat' dir='ltr'><strong>milium</strong></span> <span class='ocrx_word' id='word_1_57' title='bbox 517 1008 700 1062; x_wconf 90' lang='lat' dir='ltr'><strong>orbem</strong></span> <span class='ocrx_word' id='word_1_58' title='bbox 741 1014 1002 1061; x_wconf 89' lang='lat' dir='ltr'><strong>terrarum</strong></span> <span class='ocrx_word' id='word_1_59' title='bbox 1046 1003 1372 1074; x_wconf 79' lang='lat' dir='ltr'><strong>cxpurgabat</strong></span> <span class='ocrx_word' id='word_1_60' title='bbox 1401 1019 1416 1056; x_wconf 90' lang='lat'><strong>:</strong></span> <span class='ocrx_word' id='word_1_61' title='bbox 1442 1016 1540 1055; x_wconf 90' lang='lat' dir='ltr'><strong>nec</strong></span> <span class='ocrx_word' id='word_1_62' title='bbox 1588 1000 1783 1054; x_wconf 90' lang='lat' dir='ltr'><strong>idcirco</strong></span> <span class='ocrx_word' id='word_1_63' title='bbox 1811 1006 1927 1050; x_wconf 89' lang='lat' dir='ltr'><strong>tan-</strong></span> 
     </span>
    </p>
   </div>
   <div class='ocr_carea' id='block_1_10' title="bbox 308 1086 1930 1167">
    <p class='ocr_par' dir='ltr' id='par_1_10' title="bbox 308 1086 1930 1167">
     <span class='ocr_line' id='line_1_10' title="bbox 308 1086 1930 1167; baseline -0.007 -14"><span class='ocrx_word' id='word_1_64' title='bbox 308 1108 481 1164; x_wconf 61' lang='lat' dir='ltr'><strong>otum,</strong></span> <span class='ocrx_word' id='word_1_65' title='bbox 515 1097 609 1152; x_wconf 91' lang='lat' dir='ltr'><strong>sed</strong></span> <span class='ocrx_word' id='word_1_66' title='bbox 660 1108 714 1152; x_wconf 88' lang='lat' dir='ltr'><strong>et</strong></span> <span class='ocrx_word' id='word_1_67' title='bbox 765 1104 982 1167; x_wconf 87' lang='lat' dir='ltr'><strong>propter</strong></span> <span class='ocrx_word' id='word_1_68' title='bbox 1034 1092 1440 1149; x_wconf 86' lang='lat' dir='ltr'><strong>resurrectionis</strong></span> <span class='ocrx_word' id='word_1_69' title='bbox 1488 1089 1811 1144; x_wconf 80' lang='lat' dir='ltr'><strong>facilitatem.</strong></span> <span class='ocrx_word' id='word_1_70' title='bbox 1861 1086 1930 1142; x_wconf 90' lang='lat' dir='ltr'><strong>Ut</strong></span> 
     </span>
    </p>
   </div>
   <div class='ocr_carea' id='block_1_11' title="bbox 341 1181 1930 1260">
    <p class='ocr_par' dir='ltr' id='par_1_11' title="bbox 341 1181 1930 1260">
     <span class='ocr_line' id='line_1_11' title="bbox 341 1181 1930 1260; baseline -0.009 -15"><span class='ocrx_word' id='word_1_71' title='bbox 341 1191 488 1244; x_wconf 86' lang='lat' dir='ltr'><strong>enim</strong></span> <span class='ocrx_word' id='word_1_72' title='bbox 519 1191 606 1260; x_wconf 93' lang='lat' dir='ltr'><strong>qui</strong></span> <span class='ocrx_word' id='word_1_73' title='bbox 628 1189 924 1258; x_wconf 84' lang='lat' dir='ltr'><strong>baptizatur</strong></span> <span class='ocrx_word' id='word_1_74' title='bbox 943 1202 1097 1256; x_wconf 74' lang='lat' dir='ltr'><strong>aqua,</strong></span> <span class='ocrx_word' id='word_1_75' title='bbox 1129 1186 1293 1240; x_wconf 89' lang='lat' dir='ltr'><strong>multa</strong></span> <span class='ocrx_word' id='word_1_76' title='bbox 1319 1199 1438 1238; x_wconf 92' lang='lat' dir='ltr'><strong>cum</strong></span> <span class='ocrx_word' id='word_1_77' title='bbox 1467 1181 1713 1237; x_wconf 77' lang='lat' dir='ltr'><strong>facilitate</strong></span> <span class='ocrx_word' id='word_1_78' title='bbox 1738 1196 1930 1235; x_wconf 90' lang='lat' dir='ltr'><strong>ascen-</strong></span> 
     </span>
    </p>
   </div>
   <div class='ocr_carea' id='block_1_12' title="bbox 345 1273 1930 1350">
    <p class='ocr_par' dir='ltr' id='par_1_12' title="bbox 345 1273 1930 1350">
     <span class='ocr_line' id='line_1_12' title="bbox 345 1273 1930 1350; baseline -0.006 -14"><span class='ocrx_word' id='word_1_79' title='bbox 345 1280 425 1336; x_wconf 89' lang='lat' dir='ltr'><strong>dit</strong></span> <span class='ocrx_word' id='word_1_80' title='bbox 467 1281 534 1335; x_wconf 88' lang='lat' dir='ltr'><strong>ab</strong></span> <span class='ocrx_word' id='word_1_81' title='bbox 572 1295 827 1350; x_wconf 87' lang='lat' dir='ltr'><strong>aquarum</strong></span> <span class='ocrx_word' id='word_1_82' title='bbox 871 1288 1054 1332; x_wconf 88' lang='lat' dir='ltr'><strong>natura</strong></span> <span class='ocrx_word' id='word_1_83' title='bbox 1107 1277 1238 1330; x_wconf 85' lang='lat' dir='ltr'><strong>nihil</strong></span> <span class='ocrx_word' id='word_1_84' title='bbox 1291 1275 1574 1346; x_wconf 87' lang='lat' dir='ltr'><strong>impeditus</strong></span> <span class='ocrx_word' id='word_1_85' title='bbox 1602 1292 1617 1330; x_wconf 91' lang='lat'><strong>:</strong></span> <span class='ocrx_word' id='word_1_86' title='bbox 1647 1274 1723 1328; x_wconf 90' lang='lat' dir='ltr'><strong>sic</strong></span> <span class='ocrx_word' id='word_1_87' title='bbox 1750 1282 1804 1328; x_wconf 93' lang='lat' dir='ltr'><strong>et</strong></span> <span class='ocrx_word' id='word_1_88' title='bbox 1842 1273 1930 1326; x_wconf 89' lang='lat' dir='ltr'><strong>ille</strong></span> 
     </span>
    </p>
   </div>
   <div class='ocr_carea' id='block_1_13' title="bbox 313 1367 1931 1433">
    <p class='ocr_par' dir='ltr' id='par_1_13' title="bbox 313 1367 1931 1433">
     <span class='ocr_line' id='line_1_13' title="bbox 313 1367 1931 1433; baseline -0.006 -6"><span class='ocrx_word' id='word_1_89' title='bbox 313 1388 468 1427; x_wconf 54' lang='lat' dir='ltr'><strong>acum</strong></span> <span class='ocrx_word' id='word_1_90' title='bbox 500 1373 551 1426; x_wconf 93' lang='lat' dir='ltr'><strong>in</strong></span> <span class='ocrx_word' id='word_1_91' title='bbox 573 1382 798 1427; x_wconf 87' lang='lat' dir='ltr'><strong>mortem</strong></span> <span class='ocrx_word' id='word_1_92' title='bbox 823 1371 1208 1433; x_wconf 86' lang='lat' dir='ltr'><strong>descendisset,</strong></span> <span class='ocrx_word' id='word_1_93' title='bbox 1239 1370 1401 1423; x_wconf 91' lang='lat' dir='ltr'><strong>multa</strong></span> <span class='ocrx_word' id='word_1_94' title='bbox 1431 1383 1549 1424; x_wconf 89' lang='lat' dir='ltr'><strong>cum</strong></span> <span class='ocrx_word' id='word_1_95' title='bbox 1573 1367 1820 1421; x_wconf 81' lang='lat' dir='ltr'><strong>facilitate</strong></span> <span class='ocrx_word' id='word_1_96' title='bbox 1845 1380 1931 1419; x_wconf 89' lang='lat' dir='ltr'><strong>as-</strong></span> 
     </span>
    </p>
   </div>
   <div class='ocr_carea' id='block_1_14' title="bbox 347 1457 1929 1532">
    <p class='ocr_par' dir='ltr' id='par_1_14' title="bbox 347 1457 1929 1532">
     <span class='ocr_line' id='line_1_14' title="bbox 347 1457 1929 1532; baseline -0.003 -16"><span class='ocrx_word' id='word_1_97' title='bbox 347 1463 528 1518; x_wconf 86' lang='lat' dir='ltr'><strong>cendit</strong></span> <span class='ocrx_word' id='word_1_98' title='bbox 573 1479 586 1516; x_wconf 91' lang='lat'><strong>:</strong></span> <span class='ocrx_word' id='word_1_99' title='bbox 641 1471 920 1532; x_wconf 84' lang='lat' dir='ltr'><strong>propterea</strong></span> <span class='ocrx_word' id='word_1_100' title='bbox 974 1461 1290 1529; x_wconf 77' lang='lat' dir='ltr'><strong>baptismum</strong></span> <span class='ocrx_word' id='word_1_101' title='bbox 1324 1462 1462 1513; x_wconf 79' lang='lat' dir='ltr'><strong>illaut</strong></span> <span class='ocrx_word' id='word_1_102' title='bbox 1501 1459 1750 1528; x_wconf 79' lang='lat' dir='ltr'><strong>appellat.</strong></span> <span class='ocrx_word' id='word_1_103' title='bbox 1779 1457 1929 1524; x_wconf 84' lang='lat' dir='ltr'><strong>Quod</strong></span> 
     </span>
    </p>
   </div>
   <div class='ocr_carea' id='block_1_15' title="bbox 315 1551 1934 1621">
    <p class='ocr_par' dir='ltr' id='par_1_15' title="bbox 315 1551 1934 1621">
     <span class='ocr_line' id='line_1_15' title="bbox 315 1551 1934 1621; baseline -0.002 -16"><span class='ocrx_word' id='word_1_104' title='bbox 315 1591 324 1597; x_wconf 79' lang='grc'><strong>.</strong></span> <span class='ocrx_word' id='word_1_105' title='bbox 349 1561 527 1608; x_wconf 90' lang='lat' dir='ltr'><strong>autem</strong></span> <span class='ocrx_word' id='word_1_106' title='bbox 557 1553 685 1608; x_wconf 89' lang='lat' dir='ltr'><strong>dicit</strong></span> <span class='ocrx_word' id='word_1_107' title='bbox 713 1564 794 1608; x_wconf 92' lang='lat' dir='ltr'><strong>est</strong></span> <span class='ocrx_word' id='word_1_108' title='bbox 823 1553 1186 1621; x_wconf 84' lang='lat' dir='ltr'><strong>hujuscemodi</strong></span> <span class='ocrx_word' id='word_1_109' title='bbox 1213 1570 1224 1605; x_wconf 92' lang='lat'>:</span> <span class='ocrx_word' id='word_1_110' title='bbox 1251 1553 1470 1620; x_wconf 88' lang='lat' dir='ltr'><strong>potestis</strong></span> <span class='ocrx_word' id='word_1_111' title='bbox 1496 1551 1687 1616; x_wconf 90' lang='lat' dir='ltr'><strong>occidi,</strong></span> <span class='ocrx_word' id='word_1_112' title='bbox 1711 1560 1764 1604; x_wconf 88' lang='lat' dir='ltr'><strong>et</strong></span> <span class='ocrx_word' id='word_1_113' title='bbox 1790 1566 1934 1604; x_wconf 79' lang='lat' dir='ltr'><strong>mor-</strong></span> 
     </span>
    </p>
   </div>
   <div class='ocr_carea' id='block_1_16' title="bbox 316 1642 1933 1717">
    <p class='ocr_par' dir='ltr' id='par_1_16' title="bbox 316 1642 1933 1717">
     <span class='ocr_line' id='line_1_16' title="bbox 316 1642 1933 1717; baseline 0 -19"><span class='ocrx_word' id='word_1_114' title='bbox 316 1655 460 1701; x_wconf 73' lang='lat' dir='ltr'><strong>&quot;-tem</strong></span> <span class='ocrx_word' id='word_1_115' title='bbox 490 1647 786 1717; x_wconf 88' lang='lat' dir='ltr'><strong>oppetere?</strong></span> <span class='ocrx_word' id='word_1_116' title='bbox 813 1646 1012 1700; x_wconf 85' lang='lat' dir='ltr'><strong>Horum</strong></span> <span class='ocrx_word' id='word_1_117' title='bbox 1039 1646 1180 1700; x_wconf 91' lang='lat' dir='ltr'><strong>enim</strong></span> <span class='ocrx_word' id='word_1_118' title='bbox 1232 1660 1371 1698; x_wconf 91' lang='lat' dir='ltr'><strong>nunc</strong></span> <span class='ocrx_word' id='word_1_119' title='bbox 1412 1655 1620 1714; x_wconf 88' lang='lat' dir='ltr'><strong>tempus</strong></span> <span class='ocrx_word' id='word_1_120' title='bbox 1649 1653 1759 1708; x_wconf 89' lang='lat' dir='ltr'><strong>est,</strong></span> <span class='ocrx_word' id='word_1_121' title='bbox 1790 1642 1933 1698; x_wconf 85' lang='lat' dir='ltr'><strong>func-</strong></span> 
     </span>
    </p>
   </div>
   <div class='ocr_carea' id='block_1_17' title="bbox 331 1733 1930 1806">
    <p class='ocr_par' dir='ltr' id='par_1_17' title="bbox 331 1733 1930 1806">
     <span class='ocr_line' id='line_1_17' title="bbox 331 1733 1930 1806; baseline -0.001 -16"><span class='ocrx_word' id='word_1_122' title='bbox 331 1753 490 1802; x_wconf 51' lang='lat' dir='ltr'><strong>«rum,</strong></span> <span class='ocrx_word' id='word_1_123' title='bbox 524 1736 900 1806; x_wconf 86' lang='lat' dir='ltr'><strong>periculorum,</strong></span> <span class='ocrx_word' id='word_1_124' title='bbox 933 1737 1193 1792; x_wconf 86' lang='lat' dir='ltr'><strong>laborum.</strong></span> <span class='ocrx_word' id='word_1_125' title='bbox 1229 1735 1455 1800; x_wconf 82' lang='lat' dir='ltr'><strong>Verum,</strong></span> <span class='ocrx_word' id='word_1_126' title='bbox 1491 1736 1596 1801; x_wconf 89' lang='lat' dir='ltr'><strong>illi,</strong></span> <span class='ocrx_word' id='word_1_127' title='bbox 1631 1733 1930 1799; x_wconf 79' lang='lat' dir='ltr'><strong>Possumus,</strong></span> 
     </span>
    </p>
   </div>
   <div class='ocr_carea' id='block_1_18' title="bbox 324 1825 1936 1897">
    <p class='ocr_par' dir='ltr' id='par_1_18' title="bbox 324 1825 1936 1897">
     <span class='ocr_line' id='line_1_18' title="bbox 324 1825 1936 1897; baseline 0 -17"><span class='ocrx_word' id='word_1_128' title='bbox 324 1826 616 1897; x_wconf 59' lang='lat' dir='ltr'><strong>~inquinnt,</strong></span> <span class='ocrx_word' id='word_1_129' title='bbox 647 1842 766 1881; x_wconf 91' lang='lat' dir='ltr'><strong>cum</strong></span> <span class='ocrx_word' id='word_1_130' title='bbox 793 1842 890 1882; x_wconf 89' lang='lat' dir='ltr'><strong>nec</strong></span> <span class='ocrx_word' id='word_1_131' title='bbox 918 1826 1212 1896; x_wconf 89' lang='lat' dir='ltr'><strong>intelligant</strong></span> <span class='ocrx_word' id='word_1_132' title='bbox 1240 1825 1362 1895; x_wconf 88' lang='lat' dir='ltr'><strong>quid</strong></span> <span class='ocrx_word' id='word_1_133' title='bbox 1392 1826 1617 1892; x_wconf 85' lang='lat' dir='ltr'><strong>dicatur,</strong></span> <span class='ocrx_word' id='word_1_134' title='bbox 1647 1827 1738 1880; x_wconf 88' lang='lat' dir='ltr'><strong>sed</strong></span> <span class='ocrx_word' id='word_1_135' title='bbox 1769 1825 1936 1880; x_wconf 85' lang='lat' dir='ltr'><strong>addu-</strong></span> 
     </span>
    </p>
   </div>
   <div class='ocr_carea' id='block_1_19' title="bbox 349 1916 1932 1986">
    <p class='ocr_par' dir='ltr' id='par_1_19' title="bbox 349 1916 1932 1986">
     <span class='ocr_line' id='line_1_19' title="bbox 349 1916 1932 1986; baseline -0.001 -17"><span class='ocrx_word' id='word_1_136' title='bbox 349 1917 422 1970; x_wconf 89' lang='lat' dir='ltr'><strong>cti</strong></span> <span class='ocrx_word' id='word_1_137' title='bbox 468 1931 563 1986; x_wconf 88' lang='lat' dir='ltr'><strong>spe</strong></span> <span class='ocrx_word' id='word_1_138' title='bbox 594 1917 908 1986; x_wconf 89' lang='lat' dir='ltr'><strong>impetrandi</strong></span> <span class='ocrx_word' id='word_1_139' title='bbox 957 1918 1238 1985; x_wconf 86' lang='lat' dir='ltr'><strong>postulata,</strong></span> <span class='ocrx_word' id='word_1_140' title='bbox 1281 1916 1610 1984; x_wconf 89' lang='lat' dir='ltr'><strong>promittant.</strong></span> <span class='ocrx_word' id='word_1_141' title='bbox 1661 1916 1750 1969; x_wconf 87' lang='lat' dir='ltr'><strong>Ait</strong></span> <span class='ocrx_word' id='word_1_142' title='bbox 1796 1916 1932 1980; x_wconf 91' lang='lat' dir='ltr'><strong>illis,</strong></span> 
     </span>
    </p>
   </div>
   <div class='ocr_carea' id='block_1_20' title="bbox 320 2006 1934 2077">
    <p class='ocr_par' dir='ltr' id='par_1_20' title="bbox 320 2006 1934 2077">
     <span class='ocr_line' id='line_1_20' title="bbox 320 2006 1934 2077; baseline 0 -17"><span class='ocrx_word' id='word_1_143' title='bbox 320 2006 570 2061; x_wconf 38' lang='lat' dir='ltr'><strong>“Calicem</strong></span> <span class='ocrx_word' id='word_1_144' title='bbox 597 2008 796 2077; x_wconf 83' lang='lat' dir='ltr'><strong>quidem</strong></span> <span class='ocrx_word' id='word_1_145' title='bbox 823 2023 986 2060; x_wconf 89' lang='lat' dir='ltr'><strong>meum</strong></span> <span class='ocrx_word' id='word_1_146' title='bbox 1011 2007 1203 2074; x_wconf 75' lang='lat' dir='ltr'><strong>biberis,</strong></span> <span class='ocrx_word' id='word_1_147' title='bbox 1231 2016 1275 2060; x_wconf 90' lang='lat' dir='ltr'><strong>et</strong></span> <span class='ocrx_word' id='word_1_148' title='bbox 1309 2006 1575 2076; x_wconf 87' lang='lat' dir='ltr'><strong>baptismo,</strong></span> <span class='ocrx_word' id='word_1_149' title='bbox 1603 2023 1700 2072; x_wconf 88' lang='lat' dir='ltr'><strong>quo</strong></span> <span class='ocrx_word' id='word_1_150' title='bbox 1728 2022 1818 2076; x_wconf 86' lang='lat' dir='ltr'><strong>ego</strong></span> <span class='ocrx_word' id='word_1_151' title='bbox 1844 2007 1934 2060; x_wconf 83' lang='lat' dir='ltr'><strong>ba-</strong></span> 
     </span>
    </p>
   </div>
   <div class='ocr_carea' id='block_1_21' title="bbox 333 2083 1934 2167">
    <p class='ocr_par' dir='ltr' id='par_1_21' title="bbox 333 2083 1934 2167">
     <span class='ocr_line' id='line_1_21' title="bbox 333 2083 1934 2167; baseline 0.002 -20"><span class='ocrx_word' id='word_1_152' title='bbox 333 2095 540 2166; x_wconf 73' lang='lat' dir='ltr'><strong>.ptisor,</strong></span> <span class='ocrx_word' id='word_1_153' title='bbox 568 2096 943 2167; x_wconf 81' lang='lat' dir='ltr'><strong>baptizabimini</strong></span> <span class='ocrx_word' id='word_1_154' title='bbox 969 2083 1089 2165; x_wconf 25' lang='lat' dir='ltr'><strong>(1b..</strong></span> <span class='ocrx_word' id='word_1_155' title='bbox 1114 2112 1162 2148; x_wconf 85' lang='grc' dir='ltr'><strong>υ.</strong></span> <span class='ocrx_word' id='word_1_156' title='bbox 1192 2096 1282 2151; x_wconf 77' lang='lat'><strong>59.</strong></span> <span class='ocrx_word' id='word_1_157' title='bbox 1314 2097 1403 2166; x_wconf 64' lang='grc' dir='ltr'><strong>ιο)</strong></span> <span class='ocrx_word' id='word_1_158' title='bbox 1432 2114 1444 2149; x_wconf 77' lang='grc' dir='ltr'>ε</span> <span class='ocrx_word' id='word_1_159' title='bbox 1479 2106 1704 2151; x_wconf 88' lang='lat' dir='ltr'><strong>mortem</strong></span> <span class='ocrx_word' id='word_1_160' title='bbox 1733 2097 1810 2151; x_wconf 90' lang='lat' dir='ltr'><strong>sic</strong></span> <span class='ocrx_word' id='word_1_161' title='bbox 1837 2111 1934 2165; x_wconf 85' lang='lat' dir='ltr'><strong>ap-</strong></span> 
     </span>
    </p>
   </div>
   <div class='ocr_carea' id='block_1_22' title="bbox 331 2185 1932 2256">
    <p class='ocr_par' dir='ltr' id='par_1_22' title="bbox 331 2185 1932 2256">
     <span class='ocr_line' id='line_1_22' title="bbox 331 2185 1932 2256; baseline -0.001 -14"><span class='ocrx_word' id='word_1_162' title='bbox 331 2186 556 2256; x_wconf 64' lang='lat' dir='ltr'><strong>&quot;.pellans</strong></span> <span class='ocrx_word' id='word_1_163' title='bbox 584 2203 596 2238; x_wconf 97' lang='lat'>:</span> <span class='ocrx_word' id='word_1_164' title='bbox 629 2202 752 2241; x_wconf 87' lang='lat' dir='ltr'><strong>nam</strong></span> <span class='ocrx_word' id='word_1_165' title='bbox 793 2197 846 2241; x_wconf 89' lang='lat' dir='ltr'><strong>et</strong></span> <span class='ocrx_word' id='word_1_166' title='bbox 868 2185 1066 2241; x_wconf 84' lang='lat' dir='ltr'><strong>Jacobo</strong></span> <span class='ocrx_word' id='word_1_167' title='bbox 1091 2187 1267 2256; x_wconf 87' lang='lat' dir='ltr'><strong>gladio</strong></span> <span class='ocrx_word' id='word_1_168' title='bbox 1292 2194 1453 2256; x_wconf 90' lang='lat' dir='ltr'><strong>caput</strong></span> <span class='ocrx_word' id='word_1_169' title='bbox 1475 2187 1769 2241; x_wconf 81' lang='lat' dir='ltr'><strong>abscissum</strong></span> <span class='ocrx_word' id='word_1_170' title='bbox 1809 2198 1890 2242; x_wconf 89' lang='lat' dir='ltr'><strong>est</strong></span> <span class='ocrx_word' id='word_1_171' title='bbox 1917 2229 1932 2252; x_wconf 96' lang='lat'><strong>,</strong></span> 
     </span>
    </p>
   </div>
   <div class='ocr_carea' id='block_1_23' title="bbox 322 2276 1939 2332">
    <p class='ocr_par' dir='ltr' id='par_1_23' title="bbox 322 2276 1939 2332">
     <span class='ocr_line' id='line_1_23' title="bbox 322 2276 1939 2332; baseline 0.001 -1"><span class='ocrx_word' id='word_1_172' title='bbox 322 2285 410 2331; x_wconf 64' lang='grc' dir='ltr'><strong>εει</strong></span> <span class='ocrx_word' id='word_1_173' title='bbox 431 2277 700 2330; x_wconf 82' lang='lat' dir='ltr'><strong>multoties</strong></span> <span class='ocrx_word' id='word_1_174' title='bbox 750 2285 991 2330; x_wconf 91' lang='lat' dir='ltr'><strong>mortuus</strong></span> <span class='ocrx_word' id='word_1_175' title='bbox 1042 2276 1401 2332; x_wconf 64' lang='lat' dir='ltr'><strong>estJoannes.</strong></span> <span class='ocrx_word' id='word_1_176' title='bbox 1454 2278 1644 2332; x_wconf 88' lang='lat' dir='ltr'><strong>Sedere</strong></span> <span class='ocrx_word' id='word_1_177' title='bbox 1671 2289 1836 2331; x_wconf 85' lang='lat' dir='ltr'><strong>autem</strong></span> <span class='ocrx_word' id='word_1_178' title='bbox 1871 2279 1939 2332; x_wconf 86' lang='lat' dir='ltr'><strong>ad</strong></span> 
     </span>
    </p>
   </div>
   <div class='ocr_carea' id='block_1_24' title="bbox 358 2369 1939 2437">
    <p class='ocr_par' dir='ltr' id='par_1_24' title="bbox 358 2369 1939 2437">
     <span class='ocr_line' id='line_1_24' title="bbox 358 2369 1939 2437; baseline 0.003 -17"><span class='ocrx_word' id='word_1_179' title='bbox 358 2369 615 2423; x_wconf 73' lang='lat' dir='ltr'><strong>dexteram</strong></span> <span class='ocrx_word' id='word_1_180' title='bbox 639 2385 835 2437; x_wconf 86' lang='lat' dir='ltr'><strong>meam,</strong></span> <span class='ocrx_word' id='word_1_181' title='bbox 867 2379 912 2422; x_wconf 87' lang='lat' dir='ltr'><strong>et</strong></span> <span class='ocrx_word' id='word_1_182' title='bbox 941 2370 1008 2423; x_wconf 88' lang='lat' dir='ltr'><strong>ad</strong></span> <span class='ocrx_word' id='word_1_183' title='bbox 1033 2371 1286 2424; x_wconf 71' lang='lat' dir='ltr'><strong>sinistram</strong></span> <span class='ocrx_word' id='word_1_184' title='bbox 1314 2386 1476 2424; x_wconf 88' lang='lat' dir='ltr'><strong>meam</strong></span> <span class='ocrx_word' id='word_1_185' title='bbox 1497 2412 1512 2434; x_wconf 88' lang='lat'><strong>,</strong></span> <span class='ocrx_word' id='word_1_186' title='bbox 1539 2388 1641 2424; x_wconf 86' lang='lat' dir='ltr'><strong>non</strong></span> <span class='ocrx_word' id='word_1_187' title='bbox 1675 2380 1746 2426; x_wconf 88' lang='lat' dir='ltr'><strong>est</strong></span> <span class='ocrx_word' id='word_1_188' title='bbox 1776 2388 1939 2425; x_wconf 90' lang='lat' dir='ltr'><strong>meum</strong></span> 
     </span>
    </p>
   </div>
   <div class='ocr_carea' id='block_1_25' title="bbox 354 2461 1941 2531">
    <p class='ocr_par' dir='ltr' id='par_1_25' title="bbox 354 2461 1941 2531">
     <span class='ocr_line' id='line_1_25' title="bbox 354 2461 1941 2531; baseline 0.002 -19"><span class='ocrx_word' id='word_1_189' title='bbox 354 2461 498 2527; x_wconf 84' lang='lat' dir='ltr'><strong>dare,</strong></span> <span class='ocrx_word' id='word_1_190' title='bbox 521 2461 609 2514; x_wconf 88' lang='lat' dir='ltr'><strong>sed</strong></span> <span class='ocrx_word' id='word_1_191' title='bbox 633 2461 810 2531; x_wconf 90' lang='lat' dir='ltr'><strong>quibus</strong></span> <span class='ocrx_word' id='word_1_192' title='bbox 851 2470 1087 2531; x_wconf 86' lang='lat' dir='ltr'><strong>paratum</strong></span> <span class='ocrx_word' id='word_1_193' title='bbox 1124 2470 1212 2515; x_wconf 87' lang='lat' dir='ltr'><strong>est.</strong></span> <span class='ocrx_word' id='word_1_194' title='bbox 1254 2461 1404 2528; x_wconf 86' lang='lat' dir='ltr'><strong>Quod</strong></span> <span class='ocrx_word' id='word_1_195' title='bbox 1443 2470 1620 2516; x_wconf 91' lang='lat' dir='ltr'><strong>autem</strong></span> <span class='ocrx_word' id='word_1_196' title='bbox 1665 2461 1829 2528; x_wconf 87' lang='lat' dir='ltr'><strong>dicit,</strong></span> <span class='ocrx_word' id='word_1_197' title='bbox 1858 2471 1941 2516; x_wconf 90' lang='lat' dir='ltr'><strong>est</strong></span> 
     </span>
    </p>
   </div>
   <div class='ocr_carea' id='block_1_26' title="bbox 327 2551 644 2622">
    <p class='ocr_par' dir='ltr' id='par_1_26' title="bbox 327 2551 644 2622">
     <span class='ocr_line' id='line_1_26' title="bbox 327 2551 644 2622; baseline 0.006 -18"><span class='ocrx_word' id='word_1_198' title='bbox 327 2583 334 2588; x_wconf 96' lang='lat'><strong><em>-</em></strong></span> <span class='ocrx_word' id='word_1_199' title='bbox 355 2551 644 2622; x_wconf 78' lang='lat' dir='ltr'><strong>ejusmodi.</strong></span> 
     </span>
    </p>
   </div>
   <div class='ocr_carea' id='block_1_27' title="bbox 429 2642 1942 2714">
    <p class='ocr_par' dir='ltr' id='par_1_27' title="bbox 429 2642 1942 2714">
     <span class='ocr_line' id='line_1_27' title="bbox 429 2642 1942 2714; baseline 0 -18"><span class='ocrx_word' id='word_1_200' title='bbox 429 2642 677 2696; x_wconf 80' lang='lat' dir='ltr'><strong>Certantis</strong></span> <span class='ocrx_word' id='word_1_201' title='bbox 703 2651 774 2697; x_wconf 89' lang='lat' dir='ltr'><strong>est</strong></span> <span class='ocrx_word' id='word_1_202' title='bbox 795 2643 1056 2714; x_wconf 63' lang='lat' dir='ltr'><strong>praemium</strong></span> <span class='ocrx_word' id='word_1_203' title='bbox 1072 2643 1250 2695; x_wconf 86' lang='lat' dir='ltr'><strong>mereri</strong></span> <span class='ocrx_word' id='word_1_204' title='bbox 1267 2653 1313 2696; x_wconf 90' lang='lat' dir='ltr'><strong>et</strong></span> <span class='ocrx_word' id='word_1_205' title='bbox 1340 2645 1583 2713; x_wconf 87' lang='lat' dir='ltr'><strong>accipere.</strong></span> <span class='ocrx_word' id='word_1_206' title='bbox 1602 2672 1672 2683; x_wconf 92' lang='lat'><strong>-—</strong></span> <span class='ocrx_word' id='word_1_207' title='bbox 1690 2642 1796 2696; x_wconf 83' lang='lat' dir='ltr'><strong>Vos</strong></span> <span class='ocrx_word' id='word_1_208' title='bbox 1823 2642 1942 2710; x_wconf 83' lang='lat' dir='ltr'><strong>qui-</strong></span> 
     </span>
    </p>
   </div>
   <div class='ocr_carea' id='block_1_28' title="bbox 357 2732 1942 2802">
    <p class='ocr_par' dir='ltr' id='par_1_28' title="bbox 357 2732 1942 2802">
     <span class='ocr_line' id='line_1_28' title="bbox 357 2732 1942 2802; baseline -0.003 -16"><span class='ocrx_word' id='word_1_209' title='bbox 357 2732 480 2786; x_wconf 89' lang='lat' dir='ltr'><strong>dem</strong></span> <span class='ocrx_word' id='word_1_210' title='bbox 503 2732 825 2799; x_wconf 86' lang='lat' dir='ltr'><strong>moriemini,</strong></span> <span class='ocrx_word' id='word_1_211' title='bbox 851 2732 1182 2797; x_wconf 84' lang='lat' dir='ltr'><strong>occidemini,</strong></span> <span class='ocrx_word' id='word_1_212' title='bbox 1215 2742 1270 2787; x_wconf 91' lang='lat' dir='ltr'><strong>et</strong></span> <span class='ocrx_word' id='word_1_213' title='bbox 1299 2733 1555 2787; x_wconf 87' lang='lat' dir='ltr'><strong>honorem</strong></span> <span class='ocrx_word' id='word_1_214' title='bbox 1582 2733 1817 2802; x_wconf 87' lang='lat' dir='ltr'><strong>martyrii</strong></span> <span class='ocrx_word' id='word_1_215' title='bbox 1846 2733 1942 2784; x_wconf 87' lang='lat' dir='ltr'><strong>ob-</strong></span> 
     </span>
    </p>
   </div>
   <div class='ocr_carea' id='block_1_29' title="bbox 358 2823 1940 2894">
    <p class='ocr_par' dir='ltr' id='par_1_29' title="bbox 358 2823 1940 2894">
     <span class='ocr_line' id='line_1_29' title="bbox 358 2823 1940 2894; baseline 0.001 -18"><span class='ocrx_word' id='word_1_216' title='bbox 358 2823 595 2878; x_wconf 90' lang='lat' dir='ltr'><strong>tinebitis</strong></span> <span class='ocrx_word' id='word_1_217' title='bbox 628 2840 641 2875; x_wconf 89' lang='lat'><strong>:</strong></span> <span class='ocrx_word' id='word_1_218' title='bbox 675 2832 1038 2878; x_wconf 80' lang='lat' dir='ltr'><strong>verumtamen</strong></span> <span class='ocrx_word' id='word_1_219' title='bbox 1069 2833 1124 2878; x_wconf 90' lang='lat' dir='ltr'><strong>ut</strong></span> <span class='ocrx_word' id='word_1_220' title='bbox 1167 2825 1405 2888; x_wconf 88' lang='lat' dir='ltr'><strong>omnium</strong></span> <span class='ocrx_word' id='word_1_221' title='bbox 1449 2824 1603 2894; x_wconf 90' lang='lat' dir='ltr'><strong>primi</strong></span> <span class='ocrx_word' id='word_1_222' title='bbox 1646 2824 1782 2890; x_wconf 88' lang='lat' dir='ltr'><strong>sitis,</strong></span> <span class='ocrx_word' id='word_1_223' title='bbox 1835 2839 1940 2877; x_wconf 93' lang='lat' dir='ltr'><strong>non</strong></span> 
     </span>
    </p>
   </div>
   <div class='ocr_carea' id='block_1_30' title="bbox 329 2913 1939 2984">
    <p class='ocr_par' dir='ltr' id='par_1_30' title="bbox 329 2913 1939 2984">
     <span class='ocr_line' id='line_1_30' title="bbox 329 2913 1939 2984; baseline 0 -16"><span class='ocrx_word' id='word_1_224' title='bbox 329 2922 445 2968; x_wconf 81' lang='lat' dir='ltr'><strong>-..est</strong></span> <span class='ocrx_word' id='word_1_225' title='bbox 467 2928 643 2980; x_wconf 88' lang='lat' dir='ltr'><strong>meum</strong></span> <span class='ocrx_word' id='word_1_226' title='bbox 682 2913 830 2979; x_wconf 88' lang='lat' dir='ltr'><strong>dare,</strong></span> <span class='ocrx_word' id='word_1_227' title='bbox 857 2913 951 2967; x_wconf 89' lang='lat' dir='ltr'><strong>sed</strong></span> <span class='ocrx_word' id='word_1_228' title='bbox 979 2929 1186 2978; x_wconf 89' lang='lat' dir='ltr'><strong>eorum,</strong></span> <span class='ocrx_word' id='word_1_229' title='bbox 1216 2915 1304 2981; x_wconf 91' lang='lat' dir='ltr'><strong>qui</strong></span> <span class='ocrx_word' id='word_1_230' title='bbox 1331 2914 1626 2977; x_wconf 82' lang='lat' dir='ltr'><strong>decertant,</strong></span> <span class='ocrx_word' id='word_1_231' title='bbox 1665 2914 1939 2984; x_wconf 90' lang='lat' dir='ltr'><strong>accipere,</strong></span> 
     </span>
    </p>
   </div>
   <div class='ocr_carea' id='block_1_31' title="bbox 335 3005 1944 3077">
    <p class='ocr_par' dir='ltr' id='par_1_31' title="bbox 335 3005 1944 3077">
     <span class='ocr_line' id='line_1_31' title="bbox 335 3005 1944 3077; baseline -0.001 -16"><span class='ocrx_word' id='word_1_232' title='bbox 335 3006 429 3061; x_wconf 76' lang='lat' dir='ltr'><strong>ob</strong></span> <span class='ocrx_word' id='word_1_233' title='bbox 454 3006 624 3077; x_wconf 87' lang='lat' dir='ltr'><strong>majus</strong></span> <span class='ocrx_word' id='word_1_234' title='bbox 648 3005 901 3068; x_wconf 90' lang='lat' dir='ltr'><strong>studium,</strong></span> <span class='ocrx_word' id='word_1_235' title='bbox 933 3006 1002 3059; x_wconf 94' lang='lat' dir='ltr'><strong>ob</strong></span> <span class='ocrx_word' id='word_1_236' title='bbox 1027 3020 1285 3074; x_wconf 79' lang='lat' dir='ltr'><strong>majorem</strong></span> <span class='ocrx_word' id='word_1_237' title='bbox 1310 3007 1470 3060; x_wconf 91' lang='lat' dir='ltr'><strong>animi</strong></span> <span class='ocrx_word' id='word_1_238' title='bbox 1497 3005 1846 3061; x_wconf 83' lang='lat' dir='ltr'><strong>alacritatem.</strong></span> <span class='ocrx_word' id='word_1_239' title='bbox 1878 3005 1944 3062; x_wconf 90' lang='lat' dir='ltr'><strong>Ut</strong></span> 
     </span>
    </p>
   </div>
   <div class='ocr_carea' id='block_1_32' title="bbox 355 3097 1941 3170">
    <p class='ocr_par' dir='ltr' id='par_1_32' title="bbox 355 3097 1941 3170">
     <span class='ocr_line' id='line_1_32' title="bbox 355 3097 1941 3170; baseline 0 -18"><span class='ocrx_word' id='word_1_240' title='bbox 355 3106 534 3153; x_wconf 82' lang='lat' dir='ltr'><strong>autem</strong></span> <span class='ocrx_word' id='word_1_241' title='bbox 556 3098 694 3168; x_wconf 93' lang='lat' dir='ltr'><strong>quod</strong></span> <span class='ocrx_word' id='word_1_242' title='bbox 715 3098 830 3152; x_wconf 89' lang='lat' dir='ltr'><strong>dico</strong></span> <span class='ocrx_word' id='word_1_243' title='bbox 851 3097 1183 3154; x_wconf 84' lang='lat' dir='ltr'><strong>manifestius</strong></span> <span class='ocrx_word' id='word_1_244' title='bbox 1197 3098 1411 3164; x_wconf 84' lang='lat' dir='ltr'><strong>evadat,</strong></span> <span class='ocrx_word' id='word_1_245' title='bbox 1437 3114 1693 3168; x_wconf 85' lang='lat' dir='ltr'><strong>ponamus</strong></span> <span class='ocrx_word' id='word_1_246' title='bbox 1712 3100 1941 3170; x_wconf 91' lang='lat' dir='ltr'><strong>aliquem</strong></span> 
     </span>
    </p>
   </div>
   <div class='ocr_carea' id='block_1_33' title="bbox 357 3187 1944 3260">
    <p class='ocr_par' dir='ltr' id='par_1_33' title="bbox 357 3187 1944 3260">
     <span class='ocr_line' id='line_1_33' title="bbox 357 3187 1944 3260; baseline 0 -16"><span class='ocrx_word' id='word_1_247' title='bbox 357 3203 481 3244; x_wconf 88' lang='lat' dir='ltr'><strong>esse</strong></span> <span class='ocrx_word' id='word_1_248' title='bbox 507 3191 916 3260; x_wconf 81' lang='lat' dir='ltr'><strong>agonotlietam;</strong></span> <span class='ocrx_word' id='word_1_249' title='bbox 947 3187 1140 3244; x_wconf 91' lang='lat' dir='ltr'><strong>deinde</strong></span> <span class='ocrx_word' id='word_1_250' title='bbox 1173 3200 1399 3245; x_wconf 90' lang='lat' dir='ltr'><strong>matrem</strong></span> <span class='ocrx_word' id='word_1_251' title='bbox 1422 3229 1439 3255; x_wconf 92' lang='lat'><strong>,</strong></span> <span class='ocrx_word' id='word_1_252' title='bbox 1469 3190 1556 3244; x_wconf 89' lang='lat' dir='ltr'><strong>cui</strong></span> <span class='ocrx_word' id='word_1_253' title='bbox 1597 3189 1809 3244; x_wconf 74' lang='lat' dir='ltr'><strong>athleta:</strong></span> <span class='ocrx_word' id='word_1_254' title='bbox 1837 3189 1944 3244; x_wconf 91' lang='lat' dir='ltr'><strong>duo</strong></span> 
     </span>
    </p>
   </div>
   <div class='ocr_carea' id='block_1_34' title="bbox 333 3280 1944 3350">
    <p class='ocr_par' dir='ltr' id='par_1_34' title="bbox 333 3280 1944 3350">
     <span class='ocr_line' id='line_1_34' title="bbox 333 3280 1944 3350; baseline 0.001 -17"><span class='ocrx_word' id='word_1_255' title='bbox 333 3281 469 3336; x_wconf 79' lang='lat' dir='ltr'><strong>~sint</strong></span> <span class='ocrx_word' id='word_1_256' title='bbox 515 3280 626 3347; x_wconf 86' lang='lat' dir='ltr'><strong>lilii,</strong></span> <span class='ocrx_word' id='word_1_257' title='bbox 655 3280 722 3336; x_wconf 91' lang='lat' dir='ltr'><strong>ad</strong></span> <span class='ocrx_word' id='word_1_258' title='bbox 766 3280 1138 3350; x_wconf 86' lang='lat' dir='ltr'><strong>agonothetam</strong></span> <span class='ocrx_word' id='word_1_259' title='bbox 1170 3281 1427 3335; x_wconf 89' lang='lat' dir='ltr'><strong>accedere</strong></span> <span class='ocrx_word' id='word_1_260' title='bbox 1453 3296 1573 3336; x_wconf 92' lang='lat' dir='ltr'><strong>cum</strong></span> <span class='ocrx_word' id='word_1_261' title='bbox 1607 3281 1726 3336; x_wconf 87' lang='lat' dir='ltr'><strong>liliis</strong></span> <span class='ocrx_word' id='word_1_262' title='bbox 1745 3281 1858 3335; x_wconf 91' lang='lat' dir='ltr'><strong>suis</strong></span> <span class='ocrx_word' id='word_1_263' title='bbox 1883 3295 1944 3335; x_wconf 87' lang='lat' dir='ltr'><strong>ac</strong></span> 
     </span>
    </p>
   </div>
   <div class='ocr_carea' id='block_1_35' title="bbox 358 3370 1940 3441">
    <p class='ocr_par' dir='ltr' id='par_1_35' title="bbox 358 3370 1940 3441">
     <span class='ocr_line' id='line_1_35' title="bbox 358 3370 1940 3441; baseline 0.001 -17"><span class='ocrx_word' id='word_1_264' title='bbox 358 3370 559 3433; x_wconf 85' lang='lat' dir='ltr'><strong>dicere,</strong></span> <span class='ocrx_word' id='word_1_265' title='bbox 606 3371 700 3425; x_wconf 87' lang='lat' dir='ltr'><strong>Dic</strong></span> <span class='ocrx_word' id='word_1_266' title='bbox 725 3379 786 3424; x_wconf 91' lang='lat' dir='ltr'><strong>ut</strong></span> <span class='ocrx_word' id='word_1_267' title='bbox 832 3371 886 3424; x_wconf 90' lang='lat' dir='ltr'><strong>bi</strong></span> <span class='ocrx_word' id='word_1_268' title='bbox 925 3370 1031 3424; x_wconf 92' lang='lat' dir='ltr'><strong>duo</strong></span> <span class='ocrx_word' id='word_1_269' title='bbox 1071 3370 1162 3423; x_wconf 88' lang='lat' dir='ltr'><strong>filii</strong></span> <span class='ocrx_word' id='word_1_270' title='bbox 1211 3372 1315 3425; x_wconf 87' lang='lat' dir='ltr'><strong>mei</strong></span> <span class='ocrx_word' id='word_1_271' title='bbox 1345 3385 1596 3425; x_wconf 87' lang='lat' dir='ltr'><strong>coronam</strong></span> <span class='ocrx_word' id='word_1_272' title='bbox 1635 3372 1940 3441; x_wconf 85' lang='lat' dir='ltr'><strong>accipiant:</strong></span> 
     </span>
    </p>
   </div>
   <div class='ocr_carea' id='block_1_36' title="bbox 361 3459 1943 3530">
    <p class='ocr_par' dir='ltr' id='par_1_36' title="bbox 361 3459 1943 3530">
     <span class='ocr_line' id='line_1_36' title="bbox 361 3459 1943 3530; baseline 0.003 -19"><span class='ocrx_word' id='word_1_273' title='bbox 361 3460 487 3529; x_wconf 87' lang='lat' dir='ltr'><strong>quid</strong></span> <span class='ocrx_word' id='word_1_274' title='bbox 511 3460 669 3528; x_wconf 79' lang='lat' dir='ltr'><strong>igitur</strong></span> <span class='ocrx_word' id='word_1_275' title='bbox 689 3460 778 3516; x_wconf 84' lang='lat' dir='ltr'><strong>illo</strong></span> <span class='ocrx_word' id='word_1_276' title='bbox 803 3459 1184 3529; x_wconf 85' lang='lat' dir='ltr'><strong>respondebit?</strong></span> <span class='ocrx_word' id='word_1_277' title='bbox 1206 3460 1316 3514; x_wconf 84' lang='lat' dir='ltr'><strong>Hoc</strong></span> <span class='ocrx_word' id='word_1_278' title='bbox 1342 3461 1510 3530; x_wconf 90' lang='lat' dir='ltr'><strong>ipsum</strong></span> <span class='ocrx_word' id='word_1_279' title='bbox 1533 3461 1803 3523; x_wconf 87' lang='lat' dir='ltr'><strong>nimirum,</strong></span> <span class='ocrx_word' id='word_1_280' title='bbox 1837 3478 1943 3516; x_wconf 93' lang='lat' dir='ltr'><strong>non</strong></span> 
     </span>
    </p>
   </div>
   <div class='ocr_carea' id='block_1_37' title="bbox 361 3551 1942 3624">
    <p class='ocr_par' dir='ltr' id='par_1_37' title="bbox 361 3551 1942 3624">
     <span class='ocr_line' id='line_1_37' title="bbox 361 3551 1942 3624; baseline 0.003 -20"><span class='ocrx_word' id='word_1_281' title='bbox 361 3561 446 3606; x_wconf 90' lang='lat' dir='ltr'><strong>est</strong></span> <span class='ocrx_word' id='word_1_282' title='bbox 477 3567 655 3606; x_wconf 90' lang='lat' dir='ltr'><strong>meum</strong></span> <span class='ocrx_word' id='word_1_283' title='bbox 677 3551 825 3618; x_wconf 89' lang='lat' dir='ltr'><strong>dare,</strong></span> <span class='ocrx_word' id='word_1_284' title='bbox 848 3551 1170 3622; x_wconf 83' lang='lat' dir='ltr'><strong>agonotheta</strong></span> <span class='ocrx_word' id='word_1_285' title='bbox 1199 3567 1338 3618; x_wconf 88' lang='lat' dir='ltr'><strong>sum,</strong></span> <span class='ocrx_word' id='word_1_286' title='bbox 1363 3554 1450 3622; x_wconf 88' lang='lat' dir='ltr'><strong>qui</strong></span> <span class='ocrx_word' id='word_1_287' title='bbox 1473 3568 1576 3606; x_wconf 91' lang='lat' dir='ltr'><strong>non</strong></span> <span class='ocrx_word' id='word_1_288' title='bbox 1602 3553 1667 3608; x_wconf 92' lang='lat' dir='ltr'><strong>ad</strong></span> <span class='ocrx_word' id='word_1_289' title='bbox 1694 3556 1942 3624; x_wconf 76' lang='lat' dir='ltr'><strong>gratiam,</strong></span> 
     </span>
    </p>
   </div>
   <div class='ocr_carea' id='block_1_38' title="bbox 363 3641 1943 3718">
    <p class='ocr_par' dir='ltr' id='par_1_38' title="bbox 363 3641 1943 3718">
     <span class='ocr_line' id='line_1_38' title="bbox 363 3641 1943 3718; baseline 0.003 -25"><span class='ocrx_word' id='word_1_290' title='bbox 363 3649 457 3718; x_wconf 86' lang='lat' dir='ltr'><strong>aut</strong></span> <span class='ocrx_word' id='word_1_291' title='bbox 477 3641 886 3710; x_wconf 79' lang='lat' dir='ltr'><strong>supplicantium</strong></span> <span class='ocrx_word' id='word_1_292' title='bbox 915 3641 1182 3710; x_wconf 89' lang='lat' dir='ltr'><strong>precibus,</strong></span> <span class='ocrx_word' id='word_1_293' title='bbox 1211 3650 1267 3696; x_wconf 91' lang='lat' dir='ltr'><strong>et</strong></span> <span class='ocrx_word' id='word_1_294' title='bbox 1295 3642 1632 3710; x_wconf 89' lang='lat' dir='ltr'><strong>prensatione</strong></span> <span class='ocrx_word' id='word_1_295' title='bbox 1661 3642 1943 3710; x_wconf 78' lang='lat' dir='ltr'><strong>adductus,</strong></span> 
     </span>
    </p>
   </div>
   <div class='ocr_carea' id='block_1_39' title="bbox 361 3731 1947 3802">
    <p class='ocr_par' dir='ltr' id='par_1_39' title="bbox 361 3731 1947 3802">
     <span class='ocr_line' id='line_1_39' title="bbox 361 3731 1947 3802; baseline 0.003 -17"><span class='ocrx_word' id='word_1_296' title='bbox 361 3731 460 3788; x_wconf 83' lang='lat' dir='ltr'><strong>sed</strong></span> <span class='ocrx_word' id='word_1_297' title='bbox 483 3747 702 3802; x_wconf 91' lang='lat' dir='ltr'><strong>operum</strong></span> <span class='ocrx_word' id='word_1_298' title='bbox 732 3733 873 3787; x_wconf 81' lang='lat' dir='ltr'><strong>exitu</strong></span> <span class='ocrx_word' id='word_1_299' title='bbox 901 3733 1116 3802; x_wconf 72' lang='lat' dir='ltr'><strong>prtemia</strong></span> <span class='ocrx_word' id='word_1_300' title='bbox 1146 3733 1406 3789; x_wconf 90' lang='lat' dir='ltr'><strong>distribuo</strong></span> <span class='ocrx_word' id='word_1_301' title='bbox 1433 3751 1447 3787; x_wconf 91' lang='lat'><strong>:</strong></span> <span class='ocrx_word' id='word_1_302' title='bbox 1478 3733 1530 3788; x_wconf 91' lang='lat' dir='ltr'><strong>id</strong></span> <span class='ocrx_word' id='word_1_303' title='bbox 1551 3735 1694 3789; x_wconf 90' lang='lat' dir='ltr'><strong>enim</strong></span> <span class='ocrx_word' id='word_1_304' title='bbox 1717 3737 1947 3790; x_wconf 79' lang='lat' dir='ltr'><strong>titaxime</strong></span> 
     </span>
    </p>
   </div>
   <div class='ocr_carea' id='block_1_40' title="bbox 336 3825 1946 3898">
    <p class='ocr_par' dir='ltr' id='par_1_40' title="bbox 336 3825 1946 3898">
     <span class='ocr_line' id='line_1_40' title="bbox 336 3825 1946 3898; baseline 0.006 -23"><span class='ocrx_word' id='word_1_305' title='bbox 336 3833 446 3880; x_wconf 26' lang='lat' dir='ltr'><strong>aest</strong></span> <span class='ocrx_word' id='word_1_306' title='bbox 490 3825 842 3895; x_wconf 67' lang='lat' dir='ltr'><strong>agonothette,</strong></span> <span class='ocrx_word' id='word_1_307' title='bbox 877 3835 1066 3882; x_wconf 92' lang='lat' dir='ltr'><strong>utnon</strong></span> <span class='ocrx_word' id='word_1_308' title='bbox 1108 3835 1330 3895; x_wconf 88' lang='lat' dir='ltr'><strong>temere,</strong></span> <span class='ocrx_word' id='word_1_309' title='bbox 1381 3837 1472 3882; x_wconf 91' lang='lat' dir='ltr'><strong>aut</strong></span> <span class='ocrx_word' id='word_1_310' title='bbox 1523 3843 1736 3898; x_wconf 89' lang='lat' dir='ltr'><strong>quoquo</strong></span> <span class='ocrx_word' id='word_1_311' title='bbox 1786 3830 1946 3885; x_wconf 90' lang='lat' dir='ltr'><strong>modo</strong></span> 
     </span>
    </p>
   </div>
   <div class='ocr_carea' id='block_1_41' title="bbox 357 3919 1946 3988">
    <p class='ocr_par' dir='ltr' id='par_1_41' title="bbox 357 3919 1946 3988">
     <span class='ocr_line' id='line_1_41' title="bbox 357 3919 1946 3988; baseline 0.003 -17"><span class='ocrx_word' id='word_1_312' title='bbox 357 3920 582 3987; x_wconf 62' lang='lat' dir='ltr'><strong>praemia</strong></span> <span class='ocrx_word' id='word_1_313' title='bbox 611 3919 883 3988; x_wconf 80' lang='lat' dir='ltr'><strong>largiatur,</strong></span> <span class='ocrx_word' id='word_1_314' title='bbox 905 3920 998 3976; x_wconf 89' lang='lat' dir='ltr'><strong>sed</strong></span> <span class='ocrx_word' id='word_1_315' title='bbox 1024 3919 1285 3976; x_wconf 87' lang='lat' dir='ltr'><strong>honorem</strong></span> <span class='ocrx_word' id='word_1_316' title='bbox 1307 3920 1598 3975; x_wconf 88' lang='lat' dir='ltr'><strong>fortitudini</strong></span> <span class='ocrx_word' id='word_1_317' title='bbox 1620 3920 1824 3976; x_wconf 86' lang='lat' dir='ltr'><strong>deferat</strong></span> <span class='ocrx_word' id='word_1_318' title='bbox 1851 3939 1864 3974; x_wconf 91' lang='lat'><strong>:</strong></span> <span class='ocrx_word' id='word_1_319' title='bbox 1895 3921 1946 3976; x_wconf 91' lang='lat' dir='ltr'><strong>id</strong></span> 
     </span>
    </p>
   </div>
   <div class='ocr_carea' id='block_1_42' title="bbox 367 4010 1948 4082">
    <p class='ocr_par' dir='ltr' id='par_1_42' title="bbox 367 4010 1948 4082">
     <span class='ocr_line' id='line_1_42' title="bbox 367 4010 1948 4082; baseline 0.003 -20"><span class='ocrx_word' id='word_1_320' title='bbox 367 4011 618 4065; x_wconf 89' lang='lat' dir='ltr'><strong>nimirum</strong></span> <span class='ocrx_word' id='word_1_321' title='bbox 647 4020 701 4065; x_wconf 90' lang='lat' dir='ltr'><strong>et</strong></span> <span class='ocrx_word' id='word_1_322' title='bbox 727 4010 969 4066; x_wconf 85' lang='lat' dir='ltr'><strong>Christus</strong></span> <span class='ocrx_word' id='word_1_323' title='bbox 990 4011 1136 4074; x_wconf 89' lang='lat' dir='ltr'><strong>facit.</strong></span> <span class='ocrx_word' id='word_1_324' title='bbox 1166 4010 1280 4066; x_wconf 87' lang='lat' dir='ltr'><strong>Non</strong></span> <span class='ocrx_word' id='word_1_325' title='bbox 1313 4020 1369 4065; x_wconf 93' lang='lat' dir='ltr'><strong>ut</strong></span> <span class='ocrx_word' id='word_1_326' title='bbox 1396 4011 1644 4076; x_wconf 87' lang='lat' dir='ltr'><strong>auferret,</strong></span> <span class='ocrx_word' id='word_1_327' title='bbox 1678 4027 1797 4082; x_wconf 65' lang='lat' dir='ltr'><strong>qua:</strong></span> <span class='ocrx_word' id='word_1_328' title='bbox 1823 4021 1948 4066; x_wconf 91' lang='lat' dir='ltr'><strong>sunt</strong></span> 
     </span>
    </p>
   </div>
   <div class='ocr_carea' id='block_1_43' title="bbox 343 4099 1943 4170">
    <p class='ocr_par' dir='ltr' id='par_1_43' title="bbox 343 4099 1943 4170">
     <span class='ocr_line' id='line_1_43' title="bbox 343 4099 1943 4170; baseline 0.002 -17"><span class='ocrx_word' id='word_1_329' title='bbox 343 4099 694 4166; x_wconf 70' lang='lat' dir='ltr'><strong>~snbstantiae,</strong></span> <span class='ocrx_word' id='word_1_330' title='bbox 739 4101 811 4154; x_wconf 92' lang='lat' dir='ltr'><strong>ita</strong></span> <span class='ocrx_word' id='word_1_331' title='bbox 859 4100 1107 4170; x_wconf 88' lang='lat' dir='ltr'><strong>loquutus</strong></span> <span class='ocrx_word' id='word_1_332' title='bbox 1145 4111 1246 4167; x_wconf 88' lang='lat' dir='ltr'><strong>est,</strong></span> <span class='ocrx_word' id='word_1_333' title='bbox 1274 4101 1369 4156; x_wconf 90' lang='lat' dir='ltr'><strong>sed</strong></span> <span class='ocrx_word' id='word_1_334' title='bbox 1417 4109 1474 4155; x_wconf 91' lang='lat' dir='ltr'><strong>ut</strong></span> <span class='ocrx_word' id='word_1_335' title='bbox 1519 4102 1619 4156; x_wconf 91' lang='lat' dir='ltr'><strong>hoc</strong></span> <span class='ocrx_word' id='word_1_336' title='bbox 1665 4102 1943 4169; x_wconf 90' lang='lat' dir='ltr'><strong>indicaret,</strong></span> 
     </span>
    </p>
   </div>
   <div class='ocr_carea' id='block_1_44' title="bbox 339 4192 1947 4262">
    <p class='ocr_par' dir='ltr' id='par_1_44' title="bbox 339 4192 1947 4262">
     <span class='ocr_line' id='line_1_44' title="bbox 339 4192 1947 4262; baseline 0.001 -18"><span class='ocrx_word' id='word_1_337' title='bbox 339 4206 473 4250; x_wconf 52' lang='lat' dir='ltr'><strong>.non</strong></span> <span class='ocrx_word' id='word_1_338' title='bbox 505 4192 670 4260; x_wconf 89' lang='lat' dir='ltr'><strong>ipsius</strong></span> <span class='ocrx_word' id='word_1_339' title='bbox 697 4205 819 4246; x_wconf 91' lang='lat' dir='ltr'><strong>esse</strong></span> <span class='ocrx_word' id='word_1_340' title='bbox 861 4193 1024 4247; x_wconf 90' lang='lat' dir='ltr'><strong>solius</strong></span> <span class='ocrx_word' id='word_1_341' title='bbox 1053 4192 1210 4258; x_wconf 90' lang='lat' dir='ltr'><strong>dare,</strong></span> <span class='ocrx_word' id='word_1_342' title='bbox 1259 4193 1352 4247; x_wconf 90' lang='lat' dir='ltr'><strong>sed</strong></span> <span class='ocrx_word' id='word_1_343' title='bbox 1383 4207 1565 4246; x_wconf 91' lang='lat' dir='ltr'><strong>eorum</strong></span> <span class='ocrx_word' id='word_1_344' title='bbox 1589 4235 1602 4257; x_wconf 92' lang='lat'><strong>,</strong></span> <span class='ocrx_word' id='word_1_345' title='bbox 1635 4193 1725 4262; x_wconf 92' lang='lat' dir='ltr'><strong>qui</strong></span> <span class='ocrx_word' id='word_1_346' title='bbox 1758 4193 1947 4248; x_wconf 89' lang='lat' dir='ltr'><strong>decer-</strong></span> 
     </span>
    </p>
   </div>
   <div class='ocr_carea' id='block_1_45' title="bbox 366 4281 1948 4351">
    <p class='ocr_par' dir='ltr' id='par_1_45' title="bbox 366 4281 1948 4351">
     <span class='ocr_line' id='line_1_45' title="bbox 366 4281 1948 4351; baseline 0.003 -19"><span class='ocrx_word' id='word_1_347' title='bbox 366 4290 503 4345; x_wconf 86' lang='lat' dir='ltr'><strong>tant,</strong></span> <span class='ocrx_word' id='word_1_348' title='bbox 530 4281 794 4350; x_wconf 86' lang='lat' dir='ltr'><strong>accipere.</strong></span> <span class='ocrx_word' id='word_1_349' title='bbox 825 4281 954 4335; x_wconf 87' lang='lat' dir='ltr'><strong>Nam</strong></span> <span class='ocrx_word' id='word_1_350' title='bbox 981 4282 1026 4336; x_wconf 90' lang='lat' dir='ltr'><strong>si</strong></span> <span class='ocrx_word' id='word_1_351' title='bbox 1052 4283 1216 4336; x_wconf 90' lang='lat' dir='ltr'><strong>solius</strong></span> <span class='ocrx_word' id='word_1_352' title='bbox 1252 4291 1397 4336; x_wconf 88' lang='lat' dir='ltr'><strong>esset</strong></span> <span class='ocrx_word' id='word_1_353' title='bbox 1417 4283 1604 4351; x_wconf 85' lang='lat' dir='ltr'><strong>ipsius,</strong></span> <span class='ocrx_word' id='word_1_354' title='bbox 1635 4296 1822 4337; x_wconf 90' lang='lat' dir='ltr'><strong>omnes</strong></span> <span class='ocrx_word' id='word_1_355' title='bbox 1846 4282 1948 4336; x_wconf 87' lang='lat' dir='ltr'><strong>ho-</strong></span> 
     </span>
    </p>
   </div>
   <div class='ocr_carea' id='block_1_46' title="bbox 365 4371 1950 4441">
    <p class='ocr_par' dir='ltr' id='par_1_46' title="bbox 365 4371 1950 4441">
     <span class='ocr_line' id='line_1_46' title="bbox 365 4371 1950 4441; baseline 0.002 -18"><span class='ocrx_word' id='word_1_356' title='bbox 365 4371 539 4424; x_wconf 86' lang='lat' dir='ltr'><strong>mines</strong></span> <span class='ocrx_word' id='word_1_357' title='bbox 563 4371 694 4424; x_wconf 90' lang='lat' dir='ltr'><strong>salvi</strong></span> <span class='ocrx_word' id='word_1_358' title='bbox 740 4371 928 4424; x_wconf 86' lang='lat' dir='ltr'><strong>fierent</strong></span> <span class='ocrx_word' id='word_1_359' title='bbox 951 4412 966 4435; x_wconf 92' lang='lat'><strong>,</strong></span> <span class='ocrx_word' id='word_1_360' title='bbox 999 4379 1052 4425; x_wconf 90' lang='lat' dir='ltr'><strong>et</strong></span> <span class='ocrx_word' id='word_1_361' title='bbox 1077 4371 1142 4426; x_wconf 91' lang='lat' dir='ltr'><strong>ad</strong></span> <span class='ocrx_word' id='word_1_362' title='bbox 1173 4371 1494 4441; x_wconf 82' lang='lat' dir='ltr'><strong>agnitionem</strong></span> <span class='ocrx_word' id='word_1_363' title='bbox 1535 4371 1773 4427; x_wconf 76' lang='lat' dir='ltr'><strong>veritatis</strong></span> <span class='ocrx_word' id='word_1_364' title='bbox 1801 4374 1950 4427; x_wconf 89' lang='lat' dir='ltr'><strong>veni-</strong></span> 
     </span>
    </p>
   </div>
   <div class='ocr_carea' id='block_1_47' title="bbox 364 4461 1946 4530">
    <p class='ocr_par' dir='ltr' id='par_1_47' title="bbox 364 4461 1946 4530">
     <span class='ocr_line' id='line_1_47' title="bbox 364 4461 1946 4530; baseline 0.003 -16"><span class='ocrx_word' id='word_1_365' title='bbox 364 4470 486 4516; x_wconf 88' lang='lat' dir='ltr'><strong>rent</strong></span> <span class='ocrx_word' id='word_1_366' title='bbox 515 4477 530 4514; x_wconf 87' lang='lat'><strong>:</strong></span> <span class='ocrx_word' id='word_1_367' title='bbox 561 4461 606 4515; x_wconf 89' lang='lat' dir='ltr'><strong>si</strong></span> <span class='ocrx_word' id='word_1_368' title='bbox 632 4461 796 4516; x_wconf 90' lang='lat' dir='ltr'><strong>solius</strong></span> <span class='ocrx_word' id='word_1_369' title='bbox 821 4471 963 4517; x_wconf 86' lang='lat' dir='ltr'><strong>esset</strong></span> <span class='ocrx_word' id='word_1_370' title='bbox 1006 4461 1191 4530; x_wconf 88' lang='lat' dir='ltr'><strong>ipsius,</strong></span> <span class='ocrx_word' id='word_1_371' title='bbox 1237 4461 1542 4517; x_wconf 82' lang='lat' dir='ltr'><strong>differentes</strong></span> <span class='ocrx_word' id='word_1_372' title='bbox 1581 4461 1813 4518; x_wconf 90' lang='lat' dir='ltr'><strong>honores</strong></span> <span class='ocrx_word' id='word_1_373' title='bbox 1841 4478 1946 4519; x_wconf 92' lang='lat' dir='ltr'><strong>non</strong></span> 
     </span>
    </p>
   </div>
   <div class='ocr_carea' id='block_1_48' title="bbox 367 4552 1950 4623">
    <p class='ocr_par' dir='ltr' id='par_1_48' title="bbox 367 4552 1950 4623">
     <span class='ocr_line' id='line_1_48' title="bbox 367 4552 1950 4623; baseline 0.003 -18"><span class='ocrx_word' id='word_1_374' title='bbox 367 4563 548 4610; x_wconf 75' lang='lat' dir='ltr'><strong>essent</strong></span> <span class='ocrx_word' id='word_1_375' title='bbox 589 4571 602 4608; x_wconf 89' lang='lat'>:</span> <span class='ocrx_word' id='word_1_376' title='bbox 645 4569 834 4610; x_wconf 90' lang='lat' dir='ltr'><strong>omnes</strong></span> <span class='ocrx_word' id='word_1_377' title='bbox 878 4556 1019 4609; x_wconf 93' lang='lat' dir='ltr'><strong>enim</strong></span> <span class='ocrx_word' id='word_1_378' title='bbox 1061 4554 1176 4623; x_wconf 88' lang='lat' dir='ltr'><strong>ipse</strong></span> <span class='ocrx_word' id='word_1_379' title='bbox 1203 4552 1460 4620; x_wconf 89' lang='lat' dir='ltr'><strong>condidit,</strong></span> <span class='ocrx_word' id='word_1_380' title='bbox 1487 4561 1540 4608; x_wconf 91' lang='lat' dir='ltr'><strong>et</strong></span> <span class='ocrx_word' id='word_1_381' title='bbox 1565 4554 1838 4623; x_wconf 66' lang='lat' dir='ltr'><strong>aequaliter</strong></span> <span class='ocrx_word' id='word_1_382' title='bbox 1865 4563 1950 4610; x_wconf 88' lang='lat' dir='ltr'><strong>est</strong></span> 
     </span>
    </p>
   </div>
   <div class='ocr_carea' id='block_1_49' title="bbox 348 4645 1949 4703">
    <p class='ocr_par' dir='ltr' id='par_1_49' title="bbox 348 4645 1949 4703">
     <span class='ocr_line' id='line_1_49' title="bbox 348 4645 1949 4703; baseline 0.006 -9"><span class='ocrx_word' id='word_1_383' title='bbox 348 4646 443 4700; x_wconf 35' lang='lat' dir='ltr'><strong>.illi</strong></span> <span class='ocrx_word' id='word_1_384' title='bbox 471 4662 596 4701; x_wconf 90' lang='lat' dir='ltr'><strong>cura</strong></span> <span class='ocrx_word' id='word_1_385' title='bbox 643 4648 711 4702; x_wconf 88' lang='lat' dir='ltr'><strong>de</strong></span> <span class='ocrx_word' id='word_1_386' title='bbox 733 4647 1000 4703; x_wconf 90' lang='lat' dir='ltr'><strong>omnibus.</strong></span> <span class='ocrx_word' id='word_1_387' title='bbox 1033 4647 1200 4702; x_wconf 91' lang='lat' dir='ltr'><strong>Porro</strong></span> <span class='ocrx_word' id='word_1_388' title='bbox 1235 4645 1546 4702; x_wconf 87' lang='lat' dir='ltr'><strong>differentes</strong></span> <span class='ocrx_word' id='word_1_389' title='bbox 1571 4661 1691 4702; x_wconf 90' lang='lat' dir='ltr'><strong>esse</strong></span> <span class='ocrx_word' id='word_1_390' title='bbox 1718 4648 1949 4703; x_wconf 86' lang='lat' dir='ltr'><strong>honores</strong></span> 
     </span>
    </p>
   </div>
   <div class='ocr_carea' id='block_1_50' title="bbox 352 4739 1946 4809">
    <p class='ocr_par' dir='ltr' id='par_1_50' title="bbox 352 4739 1946 4809">
     <span class='ocr_line' id='line_1_50' title="bbox 352 4739 1946 4809; baseline 0 -17"><span class='ocrx_word' id='word_1_391' title='bbox 352 4754 434 4792; x_wconf 39' lang='lat' dir='ltr'><strong>rex</strong></span> <span class='ocrx_word' id='word_1_392' title='bbox 465 4739 627 4793; x_wconf 87' lang='lat' dir='ltr'><strong>Paulo</strong></span> <span class='ocrx_word' id='word_1_393' title='bbox 667 4739 718 4793; x_wconf 91' lang='lat' dir='ltr'><strong>id</strong></span> <span class='ocrx_word' id='word_1_394' title='bbox 749 4748 1048 4809; x_wconf 80' lang='lat' dir='ltr'><strong>exponente</strong></span> <span class='ocrx_word' id='word_1_395' title='bbox 1073 4753 1382 4804; x_wconf 81' lang='lat' dir='ltr'><strong>cognosces,</strong></span> <span class='ocrx_word' id='word_1_396' title='bbox 1415 4739 1541 4793; x_wconf 91' lang='lat' dir='ltr'><strong>dum</strong></span> <span class='ocrx_word' id='word_1_397' title='bbox 1570 4739 1661 4803; x_wconf 84' lang='lat' dir='ltr'><strong>ait,</strong></span> <span class='ocrx_word' id='word_1_398' title='bbox 1693 4739 1809 4793; x_wconf 85' lang='lat' dir='ltr'><strong>Alia</strong></span> <span class='ocrx_word' id='word_1_399' title='bbox 1836 4740 1946 4793; x_wconf 88' lang='lat' dir='ltr'><strong>cta-</strong></span> 
     </span>
    </p>
   </div>
   <div class='ocr_carea' id='block_1_51' title="bbox 356 4830 1950 4896">
    <p class='ocr_par' dir='ltr' id='par_1_51' title="bbox 356 4830 1950 4896">
     <span class='ocr_line' id='line_1_51' title="bbox 356 4830 1950 4896; baseline 0.002 -15"><span class='ocrx_word' id='word_1_400' title='bbox 356 4832 492 4882; x_wconf 32' lang='lat' dir='ltr'><strong>rritas</strong></span> <span class='ocrx_word' id='word_1_401' title='bbox 520 4831 659 4894; x_wconf 88' lang='lat' dir='ltr'><strong>solis,</strong></span> <span class='ocrx_word' id='word_1_402' title='bbox 690 4840 735 4884; x_wconf 91' lang='lat' dir='ltr'><strong>et</strong></span> <span class='ocrx_word' id='word_1_403' title='bbox 762 4832 867 4886; x_wconf 91' lang='lat' dir='ltr'><strong>alia</strong></span> <span class='ocrx_word' id='word_1_404' title='bbox 894 4832 1100 4886; x_wconf 83' lang='lat' dir='ltr'><strong>claritas</strong></span> <span class='ocrx_word' id='word_1_405' title='bbox 1127 4831 1294 4896; x_wconf 69' lang='lat' dir='ltr'><strong>Iunce,</strong></span> <span class='ocrx_word' id='word_1_406' title='bbox 1330 4841 1376 4884; x_wconf 89' lang='lat' dir='ltr'><strong>et</strong></span> <span class='ocrx_word' id='word_1_407' title='bbox 1401 4832 1505 4884; x_wconf 86' lang='lat' dir='ltr'><strong>alia</strong></span> <span class='ocrx_word' id='word_1_408' title='bbox 1539 4830 1744 4885; x_wconf 82' lang='lat' dir='ltr'><strong>claritas</strong></span> <span class='ocrx_word' id='word_1_409' title='bbox 1772 4831 1950 4885; x_wconf 78' lang='lat' dir='ltr'><strong>stella-</strong></span> 
     </span>
    </p>
   </div>
   <div class='ocr_carea' id='block_1_52' title="bbox 369 4919 1944 4992">
    <p class='ocr_par' dir='ltr' id='par_1_52' title="bbox 369 4919 1944 4992">
     <span class='ocr_line' id='line_1_52' title="bbox 369 4919 1944 4992; baseline 0.001 -20"><span class='ocrx_word' id='word_1_410' title='bbox 369 4937 499 4973; x_wconf 80' lang='lat' dir='ltr'><strong>rum.</strong></span> <span class='ocrx_word' id='word_1_411' title='bbox 520 4919 683 4975; x_wconf 86' lang='lat' dir='ltr'><strong>Stella</strong></span> <span class='ocrx_word' id='word_1_412' title='bbox 701 4922 830 4975; x_wconf 85' lang='lat' dir='ltr'><strong>enim</strong></span> <span class='ocrx_word' id='word_1_413' title='bbox 846 4938 875 4973; x_wconf 94' lang='lat' dir='ltr'><strong>a</strong></span> <span class='ocrx_word' id='word_1_414' title='bbox 890 4921 1034 4977; x_wconf 86' lang='lat' dir='ltr'><strong>stella</strong></span> <span class='ocrx_word' id='word_1_415' title='bbox 1055 4920 1224 4986; x_wconf 71' lang='lat' dir='ltr'><strong>differt</strong></span> <span class='ocrx_word' id='word_1_416' title='bbox 1237 4920 1466 4974; x_wconf 83' lang='lat' dir='ltr'><strong>claritate</strong></span> <span class='ocrx_word' id='word_1_417' title='bbox 1482 4920 1556 4992; x_wconf 95' lang='grc'><strong>(1.</strong></span> <span class='ocrx_word' id='word_1_418' title='bbox 1581 4919 1697 4975; x_wconf 86' lang='lat' dir='ltr'><strong>Cor.</strong></span> <span class='ocrx_word' id='word_1_419' title='bbox 1719 4922 1805 4975; x_wconf 83' lang='grc'><strong>15.</strong></span> <span class='ocrx_word' id='word_1_420' title='bbox 1829 4920 1944 4991; x_wconf 74' lang='grc'><strong>41).</strong></span> 
     </span>
    </p>
   </div>
   <div class='ocr_carea' id='block_1_53' title="bbox 354 5010 1946 5080">
    <p class='ocr_par' dir='ltr' id='par_1_53' title="bbox 354 5010 1946 5080">
     <span class='ocr_line' id='line_1_53' title="bbox 354 5010 1946 5080; baseline -0.002 -15"><span class='ocrx_word' id='word_1_421' title='bbox 354 5012 435 5065; x_wconf 74' lang='lat' dir='ltr'><strong>‘Et</strong></span> <span class='ocrx_word' id='word_1_422' title='bbox 462 5026 676 5074; x_wconf 86' lang='lat' dir='ltr'><strong>rursus,</strong></span> <span class='ocrx_word' id='word_1_423' title='bbox 719 5011 779 5066; x_wconf 85' lang='lat' dir='ltr'><strong>Si</strong></span> <span class='ocrx_word' id='word_1_424' title='bbox 821 5013 932 5079; x_wconf 87' lang='lat' dir='ltr'><strong>quis</strong></span> <span class='ocrx_word' id='word_1_425' title='bbox 971 5012 1340 5080; x_wconf 75' lang='lat' dir='ltr'><strong>superwdiﬁcat</strong></span> <span class='ocrx_word' id='word_1_426' title='bbox 1368 5028 1525 5079; x_wconf 84' lang='lat' dir='ltr'><strong>supra</strong></span> <span class='ocrx_word' id='word_1_427' title='bbox 1566 5010 1946 5079; x_wconf 81' lang='lat' dir='ltr'><strong>fundamentum</strong></span> 
     </span>
    </p>
   </div>
   <div class='ocr_carea' id='block_1_54' title="bbox 370 5101 1944 5176">
    <p class='ocr_par' dir='ltr' id='par_1_54' title="bbox 370 5101 1944 5176">
     <span class='ocr_line' id='line_1_54' title="bbox 370 5101 1944 5176; baseline 0.003 -22"><span class='ocrx_word' id='word_1_428' title='bbox 370 5104 485 5164; x_wconf 78' lang='lat' dir='ltr'><strong>hoc,</strong></span> <span class='ocrx_word' id='word_1_429' title='bbox 517 5118 717 5165; x_wconf 79' lang='lat' dir='ltr'><strong>aurum,</strong></span> <span class='ocrx_word' id='word_1_430' title='bbox 748 5113 1032 5172; x_wconf 85' lang='lat' dir='ltr'><strong>argentum,</strong></span> <span class='ocrx_word' id='word_1_431' title='bbox 1071 5103 1264 5175; x_wconf 85' lang='lat' dir='ltr'><strong>lapides</strong></span> <span class='ocrx_word' id='word_1_432' title='bbox 1290 5105 1533 5173; x_wconf 87' lang='lat' dir='ltr'><strong>pretiosos</strong></span> <span class='ocrx_word' id='word_1_433' title='bbox 1578 5101 1692 5176; x_wconf 88' lang='lat' dir='ltr'><strong>(ld.</strong></span> <span class='ocrx_word' id='word_1_434' title='bbox 1729 5105 1782 5158; x_wconf 79' lang='lat'><strong>&#39;5.</strong></span> <span class='ocrx_word' id='word_1_435' title='bbox 1833 5105 1944 5173; x_wconf 73' lang='lat'><strong>12).</strong></span> 
     </span>
    </p>
   </div>
   <div class='ocr_carea' id='block_1_55' title="bbox 366 5193 1948 5260">
    <p class='ocr_par' dir='ltr' id='par_1_55' title="bbox 366 5193 1948 5260">
     <span class='ocr_line' id='line_1_55' title="bbox 366 5193 1948 5260; baseline -0.001 -12"><span class='ocrx_word' id='word_1_436' title='bbox 366 5193 439 5248; x_wconf 79' lang='lat' dir='ltr'><strong>Ut</strong></span> <span class='ocrx_word' id='word_1_437' title='bbox 464 5194 608 5251; x_wconf 90' lang='lat' dir='ltr'><strong>enim</strong></span> <span class='ocrx_word' id='word_1_438' title='bbox 636 5193 842 5248; x_wconf 87' lang='lat' dir='ltr'><strong>virtutis</strong></span> <span class='ocrx_word' id='word_1_439' title='bbox 869 5197 1176 5251; x_wconf 81' lang='lat' dir='ltr'><strong>varietatem</strong></span> <span class='ocrx_word' id='word_1_440' title='bbox 1209 5195 1468 5249; x_wconf 87' lang='lat' dir='ltr'><strong>indicaret</strong></span> <span class='ocrx_word' id='word_1_441' title='bbox 1486 5194 1700 5260; x_wconf 89' lang='lat' dir='ltr'><strong>Paulus,</strong></span> <span class='ocrx_word' id='word_1_442' title='bbox 1727 5193 1803 5248; x_wconf 88' lang='lat' dir='ltr'><strong>sic</strong></span> <span class='ocrx_word' id='word_1_443' title='bbox 1821 5209 1948 5249; x_wconf 88' lang='lat' dir='ltr'><strong>ora-</strong></span> 
     </span>
    </p>
   </div>
   <div class='ocr_carea' id='block_1_56' title="bbox 360 5283 1948 5351">
    <p class='ocr_par' dir='ltr' id='par_1_56' title="bbox 360 5283 1948 5351">
     <span class='ocr_line' id='line_1_56' title="bbox 360 5283 1948 5351; baseline -0.001 -11"><span class='ocrx_word' id='word_1_444' title='bbox 360 5283 566 5342; x_wconf 73' lang='lat' dir='ltr'><strong>tionem</strong></span> <span class='ocrx_word' id='word_1_445' title='bbox 618 5286 1040 5342; x_wconf 86' lang='lat' dir='ltr'><strong>accommodavit</strong></span> <span class='ocrx_word' id='word_1_446' title='bbox 1088 5304 1102 5340; x_wconf 92' lang='lat'><strong>:</strong></span> <span class='ocrx_word' id='word_1_447' title='bbox 1159 5297 1215 5342; x_wconf 92' lang='lat' dir='ltr'><strong>et</strong></span> <span class='ocrx_word' id='word_1_448' title='bbox 1243 5286 1358 5341; x_wconf 82' lang='lat' dir='ltr'><strong>haec</strong></span> <span class='ocrx_word' id='word_1_449' title='bbox 1385 5285 1616 5351; x_wconf 89' lang='lat' dir='ltr'><strong>dicebat,</strong></span> <span class='ocrx_word' id='word_1_450' title='bbox 1665 5286 1816 5339; x_wconf 87' lang='lat' dir='ltr'><strong>simul</strong></span> <span class='ocrx_word' id='word_1_451' title='bbox 1862 5286 1948 5340; x_wconf 89' lang='lat' dir='ltr'><strong>in-</strong></span> 
     </span>
    </p>
   </div>
   <div class='ocr_carea' id='block_1_57' title="bbox 365 5376 1949 5446">
    <p class='ocr_par' dir='ltr' id='par_1_57' title="bbox 365 5376 1949 5446">
     <span class='ocr_line' id='line_1_57' title="bbox 365 5376 1949 5446; baseline 0.002 -16"><span class='ocrx_word' id='word_1_452' title='bbox 365 5391 537 5440; x_wconf 69' lang='lat' dir='ltr'><strong>nitens</strong></span> <span class='ocrx_word' id='word_1_453' title='bbox 567 5393 673 5432; x_wconf 88' lang='lat' dir='ltr'><strong>non</strong></span> <span class='ocrx_word' id='word_1_454' title='bbox 707 5393 862 5446; x_wconf 84' lang='lat' dir='ltr'><strong>posse</strong></span> <span class='ocrx_word' id='word_1_455' title='bbox 906 5392 1004 5432; x_wconf 91' lang='lat' dir='ltr'><strong>nos</strong></span> <span class='ocrx_word' id='word_1_456' title='bbox 1030 5377 1346 5433; x_wconf 89' lang='lat' dir='ltr'><strong>dormiendo</strong></span> <span class='ocrx_word' id='word_1_457' title='bbox 1370 5376 1453 5430; x_wconf 81' lang='lat' dir='ltr'><strong>vel</strong></span> <span class='ocrx_word' id='word_1_458' title='bbox 1481 5376 1752 5431; x_wconf 89' lang='lat' dir='ltr'><strong>stertendo</strong></span> <span class='ocrx_word' id='word_1_459' title='bbox 1780 5377 1830 5431; x_wconf 93' lang='lat' dir='ltr'><strong>in</strong></span> <span class='ocrx_word' id='word_1_460' title='bbox 1863 5393 1949 5433; x_wconf 86' lang='lat' dir='ltr'><strong>re-</strong></span> 
     </span>
    </p>
   </div>
   <div class='ocr_carea' id='block_1_58' title="bbox 365 5466 1949 5536">
    <p class='ocr_par' dir='ltr' id='par_1_58' title="bbox 365 5466 1949 5536">
     <span class='ocr_line' id='line_1_58' title="bbox 365 5466 1949 5536; baseline 0.001 -17"><span class='ocrx_word' id='word_1_461' title='bbox 365 5483 525 5535; x_wconf 81' lang='lat' dir='ltr'><strong>gnum</strong></span> <span class='ocrx_word' id='word_1_462' title='bbox 552 5467 802 5522; x_wconf 65' lang='lat' dir='ltr'><strong>caelorum</strong></span> <span class='ocrx_word' id='word_1_463' title='bbox 830 5467 1066 5532; x_wconf 88' lang='lat' dir='ltr'><strong>introire,</strong></span> <span class='ocrx_word' id='word_1_464' title='bbox 1113 5469 1204 5521; x_wconf 87' lang='lat' dir='ltr'><strong>sed</strong></span> <span class='ocrx_word' id='word_1_465' title='bbox 1231 5483 1326 5536; x_wconf 90' lang='lat' dir='ltr'><strong>per</strong></span> <span class='ocrx_word' id='word_1_466' title='bbox 1347 5466 1542 5521; x_wconf 89' lang='lat' dir='ltr'><strong>multas</strong></span> <span class='ocrx_word' id='word_1_467' title='bbox 1585 5466 1949 5522; x_wconf 86' lang='lat' dir='ltr'><strong>tribulationes</strong></span> 
     </span>
    </p>
   </div>
   <div class='ocr_carea' id='block_1_59' title="bbox 352 5554 1948 5632">
    <p class='ocr_par' dir='ltr' id='par_1_59' title="bbox 352 5554 1948 5632">
     <span class='ocr_line' id='line_1_59' title="bbox 352 5554 1948 5632; baseline 0.002 -22"><span class='ocrx_word' id='word_1_468' title='bbox 352 5554 674 5632; x_wconf 82' lang='lat' dir='ltr'><strong>accipienda</strong></span> <span class='ocrx_word' id='word_1_469' title='bbox 694 5574 813 5613; x_wconf 87' lang='lat' dir='ltr'><strong>esse</strong></span> <span class='ocrx_word' id='word_1_470' title='bbox 835 5559 919 5612; x_wconf 90' lang='lat' dir='ltr'><strong>illa</strong></span> <span class='ocrx_word' id='word_1_471' title='bbox 949 5559 1181 5627; x_wconf 73' lang='lat' dir='ltr'><strong>pnetnia.</strong></span> <span class='ocrx_word' id='word_1_472' title='bbox 1209 5558 1340 5612; x_wconf 87' lang='lat' dir='ltr'><strong>Nam</strong></span> <span class='ocrx_word' id='word_1_473' title='bbox 1357 5561 1478 5626; x_wconf 86' lang='lat' dir='ltr'><strong>quia</strong></span> <span class='ocrx_word' id='word_1_474' title='bbox 1503 5565 1782 5626; x_wconf 91' lang='lat' dir='ltr'><strong>propterea</strong></span> <span class='ocrx_word' id='word_1_475' title='bbox 1805 5557 1948 5628; x_wconf 89' lang='lat' dir='ltr'><strong>quod</strong></span> 
     </span>
    </p>
   </div>
   <div class='ocr_carea' id='block_1_60' title="bbox 352 5647 1946 5725">
    <p class='ocr_par' dir='ltr' id='par_1_60' title="bbox 352 5647 1946 5725">
     <span class='ocr_line' id='line_1_60' title="bbox 352 5647 1946 5725; baseline -0.003 -19"><span class='ocrx_word' id='word_1_476' title='bbox 352 5653 654 5725; x_wconf 76' lang='lat' dir='ltr'><strong>plurimum</strong></span> <span class='ocrx_word' id='word_1_477' title='bbox 694 5649 923 5706; x_wconf 75' lang='lat' dir='ltr'><strong>amicitia</strong></span> <span class='ocrx_word' id='word_1_478' title='bbox 949 5657 1004 5704; x_wconf 87' lang='lat' dir='ltr'><strong>et</strong></span> <span class='ocrx_word' id='word_1_479' title='bbox 1043 5648 1213 5721; x_wconf 78' lang='lat' dir='ltr'><strong>gratia</strong></span> <span class='ocrx_word' id='word_1_480' title='bbox 1267 5649 1406 5718; x_wconf 84' lang='lat' dir='ltr'><strong>apud</strong></span> <span class='ocrx_word' id='word_1_481' title='bbox 1446 5648 1620 5717; x_wconf 87' lang='lat' dir='ltr'><strong>ipsum</strong></span> <span class='ocrx_word' id='word_1_482' title='bbox 1663 5647 1946 5716; x_wconf 86' lang='lat' dir='ltr'><strong>valebant,</strong></span> 
     </span>
    </p>
   </div>
   <div class='ocr_carea' id='block_1_61' title="bbox 1113 231 2797 305">
    <p class='ocr_par' dir='ltr' id='par_1_61' title="bbox 1113 231 2797 305">
     <span class='ocr_line' id='line_1_61' title="bbox 1113 231 2797 305; baseline -0.011 0"><span class='ocrx_word' id='word_1_483' title='bbox 1113 250 1172 305; x_wconf 79' lang='lat'><strong>8.</strong></span> <span class='ocrx_word' id='word_1_484' title='bbox 1211 244 1446 304; x_wconf 65' lang='lat' dir='ltr'><strong>JOANN.</strong></span> <span class='ocrx_word' id='word_1_485' title='bbox 1487 242 1863 300; x_wconf 77' lang='lat' dir='ltr'><strong>CHRYSOST.</strong></span> <span class='ocrx_word' id='word_1_486' title='bbox 1905 237 2220 296; x_wconf 77' lang='lat' dir='ltr'><strong>ARCHIEP.</strong></span> <span class='ocrx_word' id='word_1_487' title='bbox 2261 231 2797 294; x_wconf 70' lang='lat' dir='ltr'><strong>CONSTANTINOP.</strong></span> 
     </span>
    </p>
   </div>
   <div class='ocr_carea' id='block_1_62' title="bbox 3499 231 3627 288">
    <p class='ocr_par' dir='ltr' id='par_1_62' title="bbox 3499 231 3627 288">
     <span class='ocr_line' id='line_1_62' title="bbox 3499 231 3627 288; baseline 0 0"><span class='ocrx_word' id='word_1_488' title='bbox 3499 231 3627 288; x_wconf 74' lang='grc' dir='ltr'><strong>πε</strong></span> 
     </span>
    </p>
   </div>
   <div class='ocr_carea' id='block_1_63' title="bbox 2023 352 3628 422">
    <p class='ocr_par' dir='ltr' id='par_1_63' title="bbox 2023 352 3628 422">
     <span class='ocr_line' id='line_1_63' title="bbox 2023 352 3628 422; baseline 0.002 -12"><span class='ocrx_word' id='word_1_489' title='bbox 2023 355 2312 412; x_wconf 87' lang='lat' dir='ltr'><strong>censebant</strong></span> <span class='ocrx_word' id='word_1_490' title='bbox 2331 354 2446 409; x_wconf 89' lang='lat' dir='ltr'><strong>fore</strong></span> <span class='ocrx_word' id='word_1_491' title='bbox 2471 362 2528 408; x_wconf 90' lang='lat' dir='ltr'><strong>ut</strong></span> <span class='ocrx_word' id='word_1_492' title='bbox 2557 353 2701 422; x_wconf 88' lang='lat' dir='ltr'><strong>ipsos</strong></span> <span class='ocrx_word' id='word_1_493' title='bbox 2728 353 2888 408; x_wconf 87' lang='lat' dir='ltr'><strong>etiam</strong></span> <span class='ocrx_word' id='word_1_494' title='bbox 2909 352 3114 409; x_wconf 87' lang='lat' dir='ltr'><strong>honore</strong></span> <span class='ocrx_word' id='word_1_495' title='bbox 3142 353 3350 410; x_wconf 65' lang='lat' dir='ltr'><strong>ceteris</strong></span> <span class='ocrx_word' id='word_1_496' title='bbox 3369 358 3628 414; x_wconf 83' lang='lat' dir='ltr'><strong>antefer-</strong></span> 
     </span>
    </p>
   </div>
   <div class='ocr_carea' id='block_1_64' title="bbox 2027 445 3630 518">
    <p class='ocr_par' dir='ltr' id='par_1_64' title="bbox 2027 445 3630 518">
     <span class='ocr_line' id='line_1_64' title="bbox 2027 445 3630 518; baseline -0.002 -16"><span class='ocrx_word' id='word_1_497' title='bbox 2027 457 2129 511; x_wconf 89' lang='lat' dir='ltr'><strong>ret,</strong></span> <span class='ocrx_word' id='word_1_498' title='bbox 2161 463 2228 503; x_wconf 92' lang='lat' dir='ltr'><strong>ne</strong></span> <span class='ocrx_word' id='word_1_499' title='bbox 2254 449 2297 502; x_wconf 91' lang='lat' dir='ltr'><strong>si</strong></span> <span class='ocrx_word' id='word_1_500' title='bbox 2329 447 2446 501; x_wconf 72' lang='lat' dir='ltr'><strong>hazc</strong></span> <span class='ocrx_word' id='word_1_501' title='bbox 2473 446 2574 502; x_wconf 90' lang='lat' dir='ltr'><strong>illis</strong></span> <span class='ocrx_word' id='word_1_502' title='bbox 2603 445 2835 516; x_wconf 88' lang='lat' dir='ltr'><strong>suspicio</strong></span> <span class='ocrx_word' id='word_1_503' title='bbox 2863 445 3163 512; x_wconf 85' lang='lat' dir='ltr'><strong>insedisset,</strong></span> <span class='ocrx_word' id='word_1_504' title='bbox 3194 448 3630 518; x_wconf 82' lang='lat' dir='ltr'><strong>negligentioles</strong></span> 
     </span>
    </p>
   </div>
   <div class='ocr_carea' id='block_1_65' title="bbox 2023 536 3626 608">
    <p class='ocr_par' dir='ltr' id='par_1_65' title="bbox 2023 536 3626 608">
     <span class='ocr_line' id='line_1_65' title="bbox 2023 536 3626 608; baseline -0.001 -12"><span class='ocrx_word' id='word_1_505' title='bbox 2023 539 2344 604; x_wconf 87' lang='lat' dir='ltr'><strong>evaderent,</strong></span> <span class='ocrx_word' id='word_1_506' title='bbox 2377 547 2434 592; x_wconf 93' lang='lat' dir='ltr'><strong>ut</strong></span> <span class='ocrx_word' id='word_1_507' title='bbox 2461 538 2529 593; x_wconf 92' lang='lat' dir='ltr'><strong>ab</strong></span> <span class='ocrx_word' id='word_1_508' title='bbox 2555 537 2654 593; x_wconf 91' lang='lat' dir='ltr'><strong>hac</strong></span> <span class='ocrx_word' id='word_1_509' title='bbox 2677 551 2772 593; x_wconf 73' lang='lat' dir='ltr'><strong>e05</strong></span> <span class='ocrx_word' id='word_1_510' title='bbox 2811 536 3063 608; x_wconf 91' lang='lat' dir='ltr'><strong>opinione</strong></span> <span class='ocrx_word' id='word_1_511' title='bbox 3089 538 3397 605; x_wconf 87' lang='lat' dir='ltr'><strong>abduceret,</strong></span> <span class='ocrx_word' id='word_1_512' title='bbox 3443 539 3626 607; x_wconf 76' lang='lat' dir='ltr'><strong>dixit,</strong></span> 
     </span>
    </p>
   </div>
   <div class='ocr_carea' id='block_1_66' title="bbox 2027 630 3630 700">
    <p class='ocr_par' dir='ltr' id='par_1_66' title="bbox 2027 630 3630 700">
     <span class='ocr_line' id='line_1_66' title="bbox 2027 630 3630 700; baseline 0 -12"><span class='ocrx_word' id='word_1_513' title='bbox 2027 633 2149 688; x_wconf 82' lang='lat' dir='ltr'><strong>Non</strong></span> <span class='ocrx_word' id='word_1_514' title='bbox 2174 643 2248 687; x_wconf 90' lang='lat' dir='ltr'><strong>est</strong></span> <span class='ocrx_word' id='word_1_515' title='bbox 2271 649 2436 686; x_wconf 87' lang='lat' dir='ltr'><strong>meum</strong></span> <span class='ocrx_word' id='word_1_516' title='bbox 2460 632 2604 700; x_wconf 91' lang='lat' dir='ltr'><strong>dare,</strong></span> <span class='ocrx_word' id='word_1_517' title='bbox 2632 630 2728 686; x_wconf 89' lang='lat' dir='ltr'><strong>sed</strong></span> <span class='ocrx_word' id='word_1_518' title='bbox 2755 638 3013 697; x_wconf 82' lang='lat' dir='ltr'><strong>vestrum,</strong></span> <span class='ocrx_word' id='word_1_519' title='bbox 3041 632 3086 687; x_wconf 88' lang='lat' dir='ltr'><strong>si</strong></span> <span class='ocrx_word' id='word_1_520' title='bbox 3113 631 3306 700; x_wconf 88' lang='lat' dir='ltr'><strong>velitis,</strong></span> <span class='ocrx_word' id='word_1_521' title='bbox 3324 631 3590 700; x_wconf 85' lang='lat' dir='ltr'><strong>accipere</strong></span> <span class='ocrx_word' id='word_1_522' title='bbox 3611 651 3630 688; x_wconf 90' lang='lat'><strong>:</strong></span> 
     </span>
    </p>
   </div>
   <div class='ocr_carea' id='block_1_67' title="bbox 2027 723 3640 796">
    <p class='ocr_par' dir='ltr' id='par_1_67' title="bbox 2027 723 3640 796">
     <span class='ocr_line' id='line_1_67' title="bbox 2027 723 3640 796; baseline -0.002 -16"><span class='ocrx_word' id='word_1_523' title='bbox 2027 736 2085 780; x_wconf 91' lang='lat' dir='ltr'><strong>ut</strong></span> <span class='ocrx_word' id='word_1_524' title='bbox 2129 725 2384 796; x_wconf 87' lang='lat' dir='ltr'><strong>majorem</strong></span> <span class='ocrx_word' id='word_1_525' title='bbox 2427 724 2589 779; x_wconf 88' lang='lat' dir='ltr'><strong>animi</strong></span> <span class='ocrx_word' id='word_1_526' title='bbox 2629 723 2962 779; x_wconf 88' lang='lat' dir='ltr'><strong>alacritatem</strong></span> <span class='ocrx_word' id='word_1_527' title='bbox 2988 723 3317 789; x_wconf 79' lang='lat' dir='ltr'><strong>exhibeatis,</strong></span> <span class='ocrx_word' id='word_1_528' title='bbox 3359 733 3420 778; x_wconf 90' lang='lat' dir='ltr'><strong>ut</strong></span> <span class='ocrx_word' id='word_1_529' title='bbox 3447 724 3640 792; x_wconf 86' lang='lat' dir='ltr'><strong>majo-</strong></span> 
     </span>
    </p>
   </div>
   <div class='ocr_carea' id='block_1_68' title="bbox 2029 813 3635 886">
    <p class='ocr_par' dir='ltr' id='par_1_68' title="bbox 2029 813 3635 886">
     <span class='ocr_line' id='line_1_68' title="bbox 2029 813 3635 886; baseline -0.002 -15"><span class='ocrx_word' id='word_1_530' title='bbox 2029 832 2141 872; x_wconf 92' lang='lat' dir='ltr'><strong>rem</strong></span> <span class='ocrx_word' id='word_1_531' title='bbox 2168 817 2436 885; x_wconf 86' lang='lat' dir='ltr'><strong>laborem,</strong></span> <span class='ocrx_word' id='word_1_532' title='bbox 2466 825 2522 870; x_wconf 93' lang='lat' dir='ltr'><strong>ut</strong></span> <span class='ocrx_word' id='word_1_533' title='bbox 2547 816 2777 870; x_wconf 91' lang='lat' dir='ltr'><strong>studium</strong></span> <span class='ocrx_word' id='word_1_534' title='bbox 2809 815 2980 886; x_wconf 90' lang='lat' dir='ltr'><strong>majus</strong></span> <span class='ocrx_word' id='word_1_535' title='bbox 3013 832 3026 868; x_wconf 91' lang='lat'><strong>:</strong></span> <span class='ocrx_word' id='word_1_536' title='bbox 3063 814 3311 884; x_wconf 84' lang='lat' dir='ltr'><strong>Operibus</strong></span> <span class='ocrx_word' id='word_1_537' title='bbox 3336 813 3485 868; x_wconf 89' lang='lat' dir='ltr'><strong>enim</strong></span> <span class='ocrx_word' id='word_1_538' title='bbox 3517 826 3635 867; x_wconf 77' lang='lat' dir='ltr'><strong>co-</strong></span> 
     </span>
    </p>
   </div>
   <div class='ocr_carea' id='block_1_69' title="bbox 2030 908 3636 979">
    <p class='ocr_par' dir='ltr' id='par_1_69' title="bbox 2030 908 3636 979">
     <span class='ocr_line' id='line_1_69' title="bbox 2030 908 3636 979; baseline -0.003 -14"><span class='ocrx_word' id='word_1_539' title='bbox 2030 925 2189 965; x_wconf 91' lang='lat' dir='ltr'><strong>ronas</strong></span> <span class='ocrx_word' id='word_1_540' title='bbox 2211 925 2447 979; x_wconf 84' lang='lat' dir='ltr'><strong>propono</strong></span> <span class='ocrx_word' id='word_1_541' title='bbox 2467 953 2481 975; x_wconf 93' lang='lat'><strong>,</strong></span> <span class='ocrx_word' id='word_1_542' title='bbox 2511 920 2564 963; x_wconf 90' lang='lat' dir='ltr'><strong>et</strong></span> <span class='ocrx_word' id='word_1_543' title='bbox 2605 909 2875 964; x_wconf 88' lang='lat' dir='ltr'><strong>laboribus</strong></span> <span class='ocrx_word' id='word_1_544' title='bbox 2917 908 3166 974; x_wconf 90' lang='lat' dir='ltr'><strong>honores,</strong></span> <span class='ocrx_word' id='word_1_545' title='bbox 3199 916 3249 962; x_wconf 94' lang='lat' dir='ltr'><strong>et</strong></span> <span class='ocrx_word' id='word_1_546' title='bbox 3278 908 3499 977; x_wconf 74' lang='lat' dir='ltr'><strong>przemia</strong></span> <span class='ocrx_word' id='word_1_547' title='bbox 3525 923 3636 960; x_wconf 90' lang='lat' dir='ltr'><strong>su-</strong></span> 
     </span>
    </p>
   </div>
   <div class='ocr_carea' id='block_1_70' title="bbox 2031 998 3641 1070">
    <p class='ocr_par' dir='ltr' id='par_1_70' title="bbox 2031 998 3641 1070">
     <span class='ocr_line' id='line_1_70' title="bbox 2031 998 3641 1070; baseline -0.002 -14"><span class='ocrx_word' id='word_1_548' title='bbox 2031 1002 2148 1056; x_wconf 91' lang='lat' dir='ltr'><strong>dori</strong></span> <span class='ocrx_word' id='word_1_549' title='bbox 2177 1019 2190 1056; x_wconf 90' lang='lat'><strong>:</strong></span> <span class='ocrx_word' id='word_1_550' title='bbox 2222 1003 2335 1055; x_wconf 80' lang='lat' dir='ltr'><strong>haec</strong></span> <span class='ocrx_word' id='word_1_551' title='bbox 2361 1000 2500 1070; x_wconf 90' lang='lat' dir='ltr'><strong>apud</strong></span> <span class='ocrx_word' id='word_1_552' title='bbox 2529 1016 2614 1055; x_wconf 89' lang='lat' dir='ltr'><strong>me</strong></span> <span class='ocrx_word' id='word_1_553' title='bbox 2634 998 3026 1054; x_wconf 89' lang='lat' dir='ltr'><strong>commendatio</strong></span> <span class='ocrx_word' id='word_1_554' title='bbox 3051 998 3190 1052; x_wconf 88' lang='lat' dir='ltr'><strong>valet</strong></span> <span class='ocrx_word' id='word_1_555' title='bbox 3218 999 3471 1066; x_wconf 80' lang='lat' dir='ltr'><strong>maxime,</strong></span> <span class='ocrx_word' id='word_1_556' title='bbox 3500 1013 3641 1068; x_wconf 63' lang='lat' dir='ltr'><strong>qua</strong></span> 
     </span>
    </p>
   </div>
   <div class='ocr_carea' id='block_1_71' title="bbox 2032 1093 3025 1164">
    <p class='ocr_par' dir='ltr' id='par_1_71' title="bbox 2032 1093 3025 1164">
     <span class='ocr_line' id='line_1_71' title="bbox 2032 1093 3025 1164; baseline -0.002 -15"><span class='ocrx_word' id='word_1_557' title='bbox 2032 1093 2100 1149; x_wconf 88' lang='lat' dir='ltr'><strong>ab</strong></span> <span class='ocrx_word' id='word_1_558' title='bbox 2124 1110 2344 1164; x_wconf 90' lang='lat' dir='ltr'><strong>operum</strong></span> <span class='ocrx_word' id='word_1_559' title='bbox 2373 1094 2697 1149; x_wconf 71' lang='lat' dir='ltr'><strong>exhibitione</strong></span> <span class='ocrx_word' id='word_1_560' title='bbox 2725 1102 3025 1163; x_wconf 89' lang='lat' dir='ltr'><strong>promanat.</strong></span> 
     </span>
    </p>
   </div>
   <div class='ocr_carea' id='block_1_72' title="bbox 2105 1183 3639 1252">
    <p class='ocr_par' dir='ltr' id='par_1_72' title="bbox 2105 1183 3639 1252">
     <span class='ocr_line' id='line_1_72' title="bbox 2105 1183 3639 1252; baseline -0.004 -10"><span class='ocrx_word' id='word_1_561' title='bbox 2105 1187 2158 1242; x_wconf 84' lang='lat'><strong>6.</strong></span> <span class='ocrx_word' id='word_1_562' title='bbox 2205 1185 2363 1240; x_wconf 83' lang='lat' dir='ltr'><strong>Vides</strong></span> <span class='ocrx_word' id='word_1_563' title='bbox 2392 1201 2476 1240; x_wconf 91' lang='lat' dir='ltr'><strong>me</strong></span> <span class='ocrx_word' id='word_1_564' title='bbox 2511 1202 2616 1240; x_wconf 91' lang='lat' dir='ltr'><strong>non</strong></span> <span class='ocrx_word' id='word_1_565' title='bbox 2661 1185 2852 1239; x_wconf 90' lang='lat' dir='ltr'><strong>frustra</strong></span> <span class='ocrx_word' id='word_1_566' title='bbox 2885 1183 3082 1238; x_wconf 79' lang='lat' dir='ltr'><strong>dixisse</strong></span> <span class='ocrx_word' id='word_1_567' title='bbox 3111 1199 3209 1239; x_wconf 91' lang='lat' dir='ltr'><strong>nec</strong></span> <span class='ocrx_word' id='word_1_568' title='bbox 3248 1183 3416 1252; x_wconf 89' lang='lat' dir='ltr'><strong>ipsius</strong></span> <span class='ocrx_word' id='word_1_569' title='bbox 3464 1197 3595 1236; x_wconf 76' lang='lat' dir='ltr'><strong>esse</strong></span> <span class='ocrx_word' id='word_1_570' title='bbox 3618 1224 3639 1244; x_wconf 86' lang='lat'><strong>.</strong></span> 
     </span>
    </p>
   </div>
   <div class='ocr_carea' id='block_1_73' title="bbox 2037 1275 3638 1346">
    <p class='ocr_par' dir='ltr' id='par_1_73' title="bbox 2037 1275 3638 1346">
     <span class='ocr_line' id='line_1_73' title="bbox 2037 1275 3638 1346; baseline -0.003 -15"><span class='ocrx_word' id='word_1_571' title='bbox 2037 1293 2134 1333; x_wconf 89' lang='lat' dir='ltr'><strong>nec</strong></span> <span class='ocrx_word' id='word_1_572' title='bbox 2161 1278 2352 1341; x_wconf 85' lang='lat' dir='ltr'><strong>Patris,</strong></span> <span class='ocrx_word' id='word_1_573' title='bbox 2387 1277 2479 1332; x_wconf 90' lang='lat' dir='ltr'><strong>sed</strong></span> <span class='ocrx_word' id='word_1_574' title='bbox 2505 1293 2711 1338; x_wconf 88' lang='lat' dir='ltr'><strong>corum.</strong></span> <span class='ocrx_word' id='word_1_575' title='bbox 2737 1277 2824 1346; x_wconf 89' lang='lat' dir='ltr'><strong>qui</strong></span> <span class='ocrx_word' id='word_1_576' title='bbox 2856 1278 3154 1340; x_wconf 88' lang='lat' dir='ltr'><strong>decertant,</strong></span> <span class='ocrx_word' id='word_1_577' title='bbox 3178 1275 3384 1328; x_wconf 89' lang='lat' dir='ltr'><strong>labores</strong></span> <span class='ocrx_word' id='word_1_578' title='bbox 3425 1287 3638 1327; x_wconf 79' lang='lat' dir='ltr'><strong>exant-</strong></span> 
     </span>
    </p>
   </div>
   <div class='ocr_carea' id='block_1_74' title="bbox 2039 1366 3638 1434">
    <p class='ocr_par' dir='ltr' id='par_1_74' title="bbox 2039 1366 3638 1434">
     <span class='ocr_line' id='line_1_74' title="bbox 2039 1366 3638 1434; baseline -0.003 -13"><span class='ocrx_word' id='word_1_579' title='bbox 2039 1369 2168 1434; x_wconf 92' lang='lat' dir='ltr'><strong>lant,</strong></span> <span class='ocrx_word' id='word_1_580' title='bbox 2211 1376 2265 1422; x_wconf 91' lang='lat' dir='ltr'><strong>et</strong></span> <span class='ocrx_word' id='word_1_581' title='bbox 2293 1367 2548 1422; x_wconf 85' lang='lat' dir='ltr'><strong>molestiis</strong></span> <span class='ocrx_word' id='word_1_582' title='bbox 2605 1367 3016 1421; x_wconf 85' lang='lat' dir='ltr'><strong>conflictantur?</strong></span> <span class='ocrx_word' id='word_1_583' title='bbox 3046 1366 3329 1434; x_wconf 87' lang='lat' dir='ltr'><strong>Propterea</strong></span> <span class='ocrx_word' id='word_1_584' title='bbox 3369 1366 3638 1418; x_wconf 86' lang='lat' dir='ltr'><strong>nimirum</strong></span> 
     </span>
    </p>
   </div>
   <div class='ocr_carea' id='block_1_75' title="bbox 2039 1455 3644 1526">
    <p class='ocr_par' dir='ltr' id='par_1_75' title="bbox 2039 1455 3644 1526">
     <span class='ocr_line' id='line_1_75' title="bbox 2039 1455 3644 1526; baseline -0.002 -15"><span class='ocrx_word' id='word_1_585' title='bbox 2039 1470 2090 1513; x_wconf 89' lang='lat' dir='ltr'><strong>et</strong></span> <span class='ocrx_word' id='word_1_586' title='bbox 2117 1459 2414 1514; x_wconf 74' lang='lat' dir='ltr'><strong>Jerusalem</strong></span> <span class='ocrx_word' id='word_1_587' title='bbox 2465 1459 2672 1512; x_wconf 84' lang='lat' dir='ltr'><strong>dicebat</strong></span> <span class='ocrx_word' id='word_1_588' title='bbox 2707 1475 2720 1511; x_wconf 93' lang='lat'>:</span> <span class='ocrx_word' id='word_1_589' title='bbox 2757 1457 2963 1523; x_wconf 81' lang='lat' dir='ltr'><strong>Quoties</strong></span> <span class='ocrx_word' id='word_1_590' title='bbox 2988 1456 3123 1510; x_wconf 85' lang='lat' dir='ltr'><strong>volui</strong></span> <span class='ocrx_word' id='word_1_591' title='bbox 3151 1472 3459 1526; x_wconf 78' lang='lat' dir='ltr'><strong>congregare</strong></span> <span class='ocrx_word' id='word_1_592' title='bbox 3492 1455 3644 1522; x_wconf 75' lang='lat' dir='ltr'><strong>ﬁlios</strong></span> 
     </span>
    </p>
   </div>
   <div class='ocr_carea' id='block_1_76' title="bbox 2038 1547 3644 1620">
    <p class='ocr_par' dir='ltr' id='par_1_76' title="bbox 2038 1547 3644 1620">
     <span class='ocr_line' id='line_1_76' title="bbox 2038 1547 3644 1620; baseline -0.004 -15"><span class='ocrx_word' id='word_1_593' title='bbox 2038 1562 2226 1606; x_wconf 79' lang='lat' dir='ltr'><strong>vestros</strong></span> <span class='ocrx_word' id='word_1_594' title='bbox 2250 1551 2672 1620; x_wconf 86' lang='lat' dir='ltr'><strong>quemadmodum</strong></span> <span class='ocrx_word' id='word_1_595' title='bbox 2693 1550 2887 1618; x_wconf 85' lang='lat' dir='ltr'><strong>gallina</strong></span> <span class='ocrx_word' id='word_1_596' title='bbox 2913 1549 3080 1619; x_wconf 88' lang='lat' dir='ltr'><strong>pullos</strong></span> <span class='ocrx_word' id='word_1_597' title='bbox 3104 1565 3239 1612; x_wconf 88' lang='lat' dir='ltr'><strong>suos,</strong></span> <span class='ocrx_word' id='word_1_598' title='bbox 3265 1561 3311 1600; x_wconf 85' lang='lat' dir='ltr'><strong>et</strong></span> <span class='ocrx_word' id='word_1_599' title='bbox 3342 1548 3584 1601; x_wconf 83' lang='lat' dir='ltr'><strong>noluistis</strong></span> <span class='ocrx_word' id='word_1_600' title='bbox 3613 1547 3644 1598; x_wconf 76' lang='lat'><strong>.’</strong></span> 
     </span>
    </p>
   </div>
   <div class='ocr_carea' id='block_1_77' title="bbox 2045 1637 3640 1707">
    <p class='ocr_par' dir='ltr' id='par_1_77' title="bbox 2045 1637 3640 1707">
     <span class='ocr_line' id='line_1_77' title="bbox 2045 1637 3640 1707; baseline -0.003 -12"><span class='ocrx_word' id='word_1_601' title='bbox 2045 1642 2172 1695; x_wconf 57' lang='lat' dir='ltr'><strong>l‘fcre</strong></span> <span class='ocrx_word' id='word_1_602' title='bbox 2209 1643 2517 1707; x_wconf 85' lang='lat' dir='ltr'><strong>relinquetur</strong></span> <span class='ocrx_word' id='word_1_603' title='bbox 2545 1642 2722 1694; x_wconf 85' lang='lat' dir='ltr'><strong>demus</strong></span> <span class='ocrx_word' id='word_1_604' title='bbox 2748 1651 2924 1696; x_wconf 28' lang='lat' dir='ltr'><strong>vestra.</strong></span> <span class='ocrx_word' id='word_1_605' title='bbox 2951 1638 3146 1693; x_wconf 82' lang='lat' dir='ltr'><strong>deserta</strong></span> <span class='ocrx_word' id='word_1_606' title='bbox 3173 1643 3190 1707; x_wconf 92' lang='lat'>(</span> <span class='ocrx_word' id='word_1_607' title='bbox 3216 1637 3340 1691; x_wconf 87' lang='lat' dir='ltr'><strong>Luc.</strong></span> <span class='ocrx_word' id='word_1_608' title='bbox 3380 1640 3466 1692; x_wconf 82' lang='grc'><strong>15.</strong></span> <span class='ocrx_word' id='word_1_609' title='bbox 3501 1639 3640 1704; x_wconf 60' lang='grc'><strong>51).</strong></span> 
     </span>
    </p>
   </div>
   <div class='ocr_carea' id='block_1_78' title="bbox 2043 1731 3643 1802">
    <p class='ocr_par' dir='ltr' id='par_1_78' title="bbox 2043 1731 3643 1802">
     <span class='ocr_line' id='line_1_78' title="bbox 2043 1731 3643 1802; baseline -0.003 -14"><span class='ocrx_word' id='word_1_610' title='bbox 2043 1735 2202 1788; x_wconf 80' lang='lat' dir='ltr'><strong>Vides</strong></span> <span class='ocrx_word' id='word_1_611' title='bbox 2221 1734 2332 1788; x_wconf 83' lang='lat' dir='ltr'><strong>fieri</strong></span> <span class='ocrx_word' id='word_1_612' title='bbox 2353 1750 2455 1788; x_wconf 92' lang='lat' dir='ltr'><strong>nou</strong></span> <span class='ocrx_word' id='word_1_613' title='bbox 2481 1750 2654 1802; x_wconf 87' lang='lat' dir='ltr'><strong>posse.</strong></span> <span class='ocrx_word' id='word_1_614' title='bbox 2676 1742 2734 1788; x_wconf 94' lang='lat' dir='ltr'><strong>ut</strong></span> <span class='ocrx_word' id='word_1_615' title='bbox 2750 1749 2812 1788; x_wconf 84' lang='lat' dir='ltr'><strong>ex</strong></span> <span class='ocrx_word' id='word_1_616' title='bbox 2834 1733 2938 1788; x_wconf 89' lang='lat' dir='ltr'><strong>illis</strong></span> <span class='ocrx_word' id='word_1_617' title='bbox 2958 1732 3045 1802; x_wconf 88' lang='lat' dir='ltr'><strong>qui</strong></span> <span class='ocrx_word' id='word_1_618' title='bbox 3063 1733 3216 1786; x_wconf 88' lang='lat' dir='ltr'><strong>otiosi</strong></span> <span class='ocrx_word' id='word_1_619' title='bbox 3235 1743 3378 1797; x_wconf 88' lang='lat' dir='ltr'><strong>sunt,</strong></span> <span class='ocrx_word' id='word_1_620' title='bbox 3400 1747 3466 1785; x_wconf 92' lang='lat' dir='ltr'><strong>ac</strong></span> <span class='ocrx_word' id='word_1_621' title='bbox 3486 1731 3643 1785; x_wconf 87' lang='lat' dir='ltr'><strong>desi-</strong></span> 
     </span>
    </p>
   </div>
   <div class='ocr_carea' id='block_1_79' title="bbox 2038 1820 3644 1893">
    <p class='ocr_par' dir='ltr' id='par_1_79' title="bbox 2038 1820 3644 1893">
     <span class='ocr_line' id='line_1_79' title="bbox 2038 1820 3644 1893; baseline -0.002 -16"><span class='ocrx_word' id='word_1_622' title='bbox 2038 1824 2156 1887; x_wconf 85' lang='lat' dir='ltr'><strong>des,</strong></span> <span class='ocrx_word' id='word_1_623' title='bbox 2181 1833 2235 1878; x_wconf 88' lang='lat' dir='ltr'><strong>ct</strong></span> <span class='ocrx_word' id='word_1_624' title='bbox 2275 1825 2446 1892; x_wconf 88' lang='lat' dir='ltr'><strong>supini</strong></span> <span class='ocrx_word' id='word_1_625' title='bbox 2474 1824 2684 1893; x_wconf 89' lang='lat' dir='ltr'><strong>jacent,</strong></span> <span class='ocrx_word' id='word_1_626' title='bbox 2719 1823 2854 1877; x_wconf 89' lang='lat' dir='ltr'><strong>ullus</strong></span> <span class='ocrx_word' id='word_1_627' title='bbox 2875 1822 3161 1890; x_wconf 86' lang='lat' dir='ltr'><strong>aliquando</strong></span> <span class='ocrx_word' id='word_1_628' title='bbox 3189 1822 3370 1874; x_wconf 83' lang='lat' dir='ltr'><strong>salvus</strong></span> <span class='ocrx_word' id='word_1_629' title='bbox 3400 1820 3529 1874; x_wconf 84' lang='lat' dir='ltr'><strong>ﬁat?</strong></span> <span class='ocrx_word' id='word_1_630' title='bbox 3557 1821 3644 1874; x_wconf 73' lang='lat' dir='ltr'><strong>Ex</strong></span> 
     </span>
    </p>
   </div>
   <div class='ocr_carea' id='block_1_80' title="bbox 2044 1914 3648 1986">
    <p class='ocr_par' dir='ltr' id='par_1_80' title="bbox 2044 1914 3648 1986">
     <span class='ocr_line' id='line_1_80' title="bbox 2044 1914 3648 1986; baseline -0.003 -15"><span class='ocrx_word' id='word_1_631' title='bbox 2044 1917 2148 1972; x_wconf 92' lang='lat' dir='ltr'><strong>hoc</strong></span> <span class='ocrx_word' id='word_1_632' title='bbox 2174 1925 2230 1971; x_wconf 87' lang='lat' dir='ltr'><strong>et</strong></span> <span class='ocrx_word' id='word_1_633' title='bbox 2259 1917 2401 1971; x_wconf 91' lang='lat' dir='ltr'><strong>aliud</strong></span> <span class='ocrx_word' id='word_1_634' title='bbox 2435 1916 2702 1986; x_wconf 88' lang='lat' dir='ltr'><strong>quidpiam</strong></span> <span class='ocrx_word' id='word_1_635' title='bbox 2747 1930 2999 1968; x_wconf 86' lang='lat' dir='ltr'><strong>arcanum</strong></span> <span class='ocrx_word' id='word_1_636' title='bbox 3049 1915 3326 1977; x_wconf 83' lang='lat' dir='ltr'><strong>discimus,</strong></span> <span class='ocrx_word' id='word_1_637' title='bbox 3360 1930 3468 1966; x_wconf 87' lang='lat' dir='ltr'><strong>non</strong></span> <span class='ocrx_word' id='word_1_638' title='bbox 3503 1914 3648 1966; x_wconf 89' lang='lat' dir='ltr'><strong>satis</strong></span> 
     </span>
    </p>
   </div>
   <div class='ocr_carea' id='block_1_81' title="bbox 2043 2005 3645 2079">
    <p class='ocr_par' dir='ltr' id='par_1_81' title="bbox 2043 2005 3645 2079">
     <span class='ocr_line' id='line_1_81' title="bbox 2043 2005 3645 2079; baseline -0.004 -17"><span class='ocrx_word' id='word_1_639' title='bbox 2043 2023 2162 2064; x_wconf 88' lang='lat' dir='ltr'><strong>esse</strong></span> <span class='ocrx_word' id='word_1_640' title='bbox 2190 2008 2498 2079; x_wconf 82' lang='lat' dir='ltr'><strong>martyrium</strong></span> <span class='ocrx_word' id='word_1_641' title='bbox 2535 2007 2600 2062; x_wconf 93' lang='lat' dir='ltr'><strong>ad</strong></span> <span class='ocrx_word' id='word_1_642' title='bbox 2637 2023 2945 2077; x_wconf 85' lang='lat' dir='ltr'><strong>supremum</strong></span> <span class='ocrx_word' id='word_1_643' title='bbox 2987 2007 3239 2060; x_wconf 88' lang='lat' dir='ltr'><strong>honorem</strong></span> <span class='ocrx_word' id='word_1_644' title='bbox 3271 2014 3326 2059; x_wconf 91' lang='lat' dir='ltr'><strong>et</strong></span> <span class='ocrx_word' id='word_1_645' title='bbox 3352 2005 3645 2058; x_wconf 73' lang='lat' dir='ltr'><strong>altissima:</strong></span> 
     </span>
    </p>
   </div>
   <div class='ocr_carea' id='block_1_82' title="bbox 2041 2099 3646 2168">
    <p class='ocr_par' dir='ltr' id='par_1_82' title="bbox 2041 2099 3646 2168">
     <span class='ocr_line' id='line_1_82' title="bbox 2041 2099 3646 2168; baseline -0.004 -13"><span class='ocrx_word' id='word_1_646' title='bbox 2041 2102 2186 2156; x_wconf 89' lang='lat' dir='ltr'><strong>sedis</strong></span> <span class='ocrx_word' id='word_1_647' title='bbox 2215 2099 2599 2154; x_wconf 85' lang='lat' dir='ltr'><strong>conciliandam</strong></span> <span class='ocrx_word' id='word_1_648' title='bbox 2631 2100 3054 2168; x_wconf 66' lang='lat' dir='ltr'><strong>praerogativam.</strong></span> <span class='ocrx_word' id='word_1_649' title='bbox 3080 2099 3217 2152; x_wconf 84' lang='lat' dir='ltr'><strong>Ecce</strong></span> <span class='ocrx_word' id='word_1_650' title='bbox 3243 2111 3478 2165; x_wconf 88' lang='lat' dir='ltr'><strong>namque</strong></span> <span class='ocrx_word' id='word_1_651' title='bbox 3501 2112 3646 2165; x_wconf 78' lang='lat' dir='ltr'><strong>pm:-</strong></span> 
     </span>
    </p>
   </div>
   <div class='ocr_carea' id='block_1_83' title="bbox 2044 2189 3644 2259">
    <p class='ocr_par' dir='ltr' id='par_1_83' title="bbox 2044 2189 3644 2259">
     <span class='ocr_line' id='line_1_83' title="bbox 2044 2189 3644 2259; baseline -0.001 -15"><span class='ocrx_word' id='word_1_652' title='bbox 2044 2191 2173 2244; x_wconf 69' lang='lat' dir='ltr'><strong>dixit</strong></span> <span class='ocrx_word' id='word_1_653' title='bbox 2206 2191 2319 2244; x_wconf 88' lang='lat' dir='ltr'><strong>istis</strong></span> <span class='ocrx_word' id='word_1_654' title='bbox 2346 2189 2462 2244; x_wconf 90' lang='lat' dir='ltr'><strong>fore</strong></span> <span class='ocrx_word' id='word_1_655' title='bbox 2485 2189 2718 2258; x_wconf 89' lang='lat' dir='ltr'><strong>quidem,</strong></span> <span class='ocrx_word' id='word_1_656' title='bbox 2743 2198 2800 2242; x_wconf 91' lang='lat' dir='ltr'><strong>ut</strong></span> <span class='ocrx_word' id='word_1_657' title='bbox 2829 2190 3140 2259; x_wconf 87' lang='lat' dir='ltr'><strong>martyrium</strong></span> <span class='ocrx_word' id='word_1_658' title='bbox 3169 2197 3511 2258; x_wconf 90' lang='lat' dir='ltr'><strong>paterentur,</strong></span> <span class='ocrx_word' id='word_1_659' title='bbox 3541 2202 3644 2242; x_wconf 83' lang='lat' dir='ltr'><strong>nec</strong></span> 
     </span>
    </p>
   </div>
   <div class='ocr_carea' id='block_1_84' title="bbox 2048 2279 3642 2348">
    <p class='ocr_par' dir='ltr' id='par_1_84' title="bbox 2048 2279 3642 2348">
     <span class='ocr_line' id='line_1_84' title="bbox 2048 2279 3642 2348; baseline -0.004 -12"><span class='ocrx_word' id='word_1_660' title='bbox 2048 2283 2244 2337; x_wconf 90' lang='lat' dir='ltr'><strong>idcirco</strong></span> <span class='ocrx_word' id='word_1_661' title='bbox 2274 2290 2449 2335; x_wconf 88' lang='lat' dir='ltr'><strong>tamen</strong></span> <span class='ocrx_word' id='word_1_662' title='bbox 2487 2279 2705 2334; x_wconf 91' lang='lat' dir='ltr'><strong>omnino</strong></span> <span class='ocrx_word' id='word_1_663' title='bbox 2733 2279 2932 2348; x_wconf 87' lang='lat' dir='ltr'><strong>primos</strong></span> <span class='ocrx_word' id='word_1_664' title='bbox 2959 2279 3189 2332; x_wconf 90' lang='lat' dir='ltr'><strong>honores</strong></span> <span class='ocrx_word' id='word_1_665' title='bbox 3232 2293 3642 2347; x_wconf 83' lang='lat' dir='ltr'><strong>consequeren-</strong></span> 
     </span>
    </p>
   </div>
   <div class='ocr_carea' id='block_1_85' title="bbox 2045 2369 3648 2444">
    <p class='ocr_par' dir='ltr' id='par_1_85' title="bbox 2045 2369 3648 2444">
     <span class='ocr_line' id='line_1_85' title="bbox 2045 2369 3648 2444; baseline -0.004 -16"><span class='ocrx_word' id='word_1_666' title='bbox 2045 2387 2132 2430; x_wconf 85' lang='lat' dir='ltr'><strong>tur</strong></span> <span class='ocrx_word' id='word_1_667' title='bbox 2161 2390 2176 2428; x_wconf 87' lang='lat'><strong>:</strong></span> <span class='ocrx_word' id='word_1_668' title='bbox 2208 2373 2402 2444; x_wconf 88' lang='lat' dir='ltr'><strong>quippe</strong></span> <span class='ocrx_word' id='word_1_669' title='bbox 2426 2387 2546 2428; x_wconf 93' lang='lat' dir='ltr'><strong>cum</strong></span> <span class='ocrx_word' id='word_1_670' title='bbox 2569 2379 2750 2427; x_wconf 90' lang='lat' dir='ltr'><strong>essent</strong></span> <span class='ocrx_word' id='word_1_671' title='bbox 2777 2371 3039 2436; x_wconf 89' lang='lat' dir='ltr'><strong>nonnulli,</strong></span> <span class='ocrx_word' id='word_1_672' title='bbox 3067 2369 3156 2440; x_wconf 84' lang='lat' dir='ltr'><strong>qui</strong></span> <span class='ocrx_word' id='word_1_673' title='bbox 3184 2369 3383 2438; x_wconf 90' lang='lat' dir='ltr'><strong>majora</strong></span> <span class='ocrx_word' id='word_1_674' title='bbox 3416 2377 3648 2437; x_wconf 74' lang='lat' dir='ltr'><strong>possent</strong></span> 
     </span>
    </p>
   </div>
   <div class='ocr_carea' id='block_1_86' title="bbox 2045 2458 3643 2534">
    <p class='ocr_par' dir='ltr' id='par_1_86' title="bbox 2045 2458 3643 2534">
     <span class='ocr_line' id='line_1_86' title="bbox 2045 2458 3643 2534; baseline -0.004 -15"><span class='ocrx_word' id='word_1_675' title='bbox 2045 2483 2074 2519; x_wconf 90' lang='lat' dir='ltr'><strong>a</strong></span> <span class='ocrx_word' id='word_1_676' title='bbox 2098 2480 2158 2522; x_wconf 90' lang='lat' dir='ltr'><strong>se</strong></span> <span class='ocrx_word' id='word_1_677' title='bbox 2199 2474 2402 2534; x_wconf 87' lang='lat' dir='ltr'><strong>patrata</strong></span> <span class='ocrx_word' id='word_1_678' title='bbox 2445 2461 2732 2518; x_wconf 89' lang='lat' dir='ltr'><strong>ostendere</strong></span> <span class='ocrx_word' id='word_1_679' title='bbox 2781 2479 2794 2528; x_wconf 92' lang='lat'><strong>;</strong></span> <span class='ocrx_word' id='word_1_680' title='bbox 2845 2461 2897 2516; x_wconf 93' lang='lat' dir='ltr'><strong>id</strong></span> <span class='ocrx_word' id='word_1_681' title='bbox 2935 2461 3078 2531; x_wconf 91' lang='lat' dir='ltr'><strong>quod</strong></span> <span class='ocrx_word' id='word_1_682' title='bbox 3118 2460 3360 2514; x_wconf 81' lang='lat' dir='ltr'><strong>indicans</strong></span> <span class='ocrx_word' id='word_1_683' title='bbox 3381 2458 3643 2513; x_wconf 85' lang='lat' dir='ltr'><strong>dicebat:</strong></span> 
     </span>
    </p>
   </div>
   <div class='ocr_carea' id='block_1_87' title="bbox 2047 2548 3647 2625">
    <p class='ocr_par' dir='ltr' id='par_1_87' title="bbox 2047 2548 3647 2625">
     <span class='ocr_line' id='line_1_87' title="bbox 2047 2548 3647 2625; baseline -0.006 -15"><span class='ocrx_word' id='word_1_684' title='bbox 2047 2555 2265 2610; x_wconf 84' lang='lat' dir='ltr'><strong>Calicem</strong></span> <span class='ocrx_word' id='word_1_685' title='bbox 2290 2553 2493 2625; x_wconf 88' lang='lat' dir='ltr'><strong>quidem</strong></span> <span class='ocrx_word' id='word_1_686' title='bbox 2519 2569 2687 2606; x_wconf 87' lang='lat' dir='ltr'><strong>meum</strong></span> <span class='ocrx_word' id='word_1_687' title='bbox 2715 2552 2911 2617; x_wconf 87' lang='lat' dir='ltr'><strong>bibetis,</strong></span> <span class='ocrx_word' id='word_1_688' title='bbox 2941 2561 2985 2604; x_wconf 90' lang='lat' dir='ltr'><strong>et</strong></span> <span class='ocrx_word' id='word_1_689' title='bbox 3014 2550 3283 2618; x_wconf 84' lang='lat' dir='ltr'><strong>baptismo,</strong></span> <span class='ocrx_word' id='word_1_690' title='bbox 3308 2565 3410 2618; x_wconf 90' lang='lat' dir='ltr'><strong>quo</strong></span> <span class='ocrx_word' id='word_1_691' title='bbox 3435 2565 3532 2618; x_wconf 85' lang='lat' dir='ltr'><strong>ego</strong></span> <span class='ocrx_word' id='word_1_692' title='bbox 3557 2548 3647 2600; x_wconf 81' lang='lat' dir='ltr'><strong>ba-</strong></span> 
     </span>
    </p>
   </div>
   <div class='ocr_carea' id='block_1_88' title="bbox 2047 2639 3643 2716">
    <p class='ocr_par' dir='ltr' id='par_1_88' title="bbox 2047 2639 3643 2716">
     <span class='ocr_line' id='line_1_88' title="bbox 2047 2639 3643 2716; baseline -0.006 -19"><span class='ocrx_word' id='word_1_693' title='bbox 2047 2647 2230 2716; x_wconf 75' lang='lat' dir='ltr'><strong>ptizor,</strong></span> <span class='ocrx_word' id='word_1_694' title='bbox 2259 2643 2636 2714; x_wconf 76' lang='lat' dir='ltr'><strong>baptizabimini</strong></span> <span class='ocrx_word' id='word_1_695' title='bbox 2660 2658 2678 2696; x_wconf 90' lang='lat'><strong><em>:</em></strong></span> <span class='ocrx_word' id='word_1_696' title='bbox 2705 2641 2875 2696; x_wconf 85' lang='lat' dir='ltr'><strong>sedere</strong></span> <span class='ocrx_word' id='word_1_697' title='bbox 2902 2649 3069 2694; x_wconf 87' lang='lat' dir='ltr'><strong>autem</strong></span> <span class='ocrx_word' id='word_1_698' title='bbox 3097 2639 3163 2692; x_wconf 90' lang='lat' dir='ltr'><strong>ad</strong></span> <span class='ocrx_word' id='word_1_699' title='bbox 3183 2640 3464 2700; x_wconf 69' lang='lat' dir='ltr'><strong>dexteram,</strong></span> <span class='ocrx_word' id='word_1_700' title='bbox 3492 2649 3540 2692; x_wconf 88' lang='lat' dir='ltr'><strong>et</strong></span> <span class='ocrx_word' id='word_1_701' title='bbox 3573 2639 3643 2689; x_wconf 78' lang='lat' dir='ltr'><strong>ad</strong></span> 
     </span>
    </p>
   </div>
   <div class='ocr_carea' id='block_1_89' title="bbox 2047 2733 3648 2806">
    <p class='ocr_par' dir='ltr' id='par_1_89' title="bbox 2047 2733 3648 2806">
     <span class='ocr_line' id='line_1_89' title="bbox 2047 2733 3648 2806; baseline -0.002 -14"><span class='ocrx_word' id='word_1_702' title='bbox 2047 2739 2301 2792; x_wconf 82' lang='lat' dir='ltr'><strong>sinistram</strong></span> <span class='ocrx_word' id='word_1_703' title='bbox 2321 2781 2337 2806; x_wconf 89' lang='lat'><strong>,</strong></span> <span class='ocrx_word' id='word_1_704' title='bbox 2367 2754 2470 2792; x_wconf 84' lang='lat' dir='ltr'><strong>non</strong></span> <span class='ocrx_word' id='word_1_705' title='bbox 2499 2747 2572 2792; x_wconf 86' lang='lat' dir='ltr'><strong>est</strong></span> <span class='ocrx_word' id='word_1_706' title='bbox 2602 2753 2766 2790; x_wconf 86' lang='lat' dir='ltr'><strong>meum</strong></span> <span class='ocrx_word' id='word_1_707' title='bbox 2796 2736 2934 2790; x_wconf 88' lang='lat' dir='ltr'><strong>dare.</strong></span> <span class='ocrx_word' id='word_1_708' title='bbox 2968 2734 3082 2788; x_wconf 88' lang='lat' dir='ltr'><strong>Non</strong></span> <span class='ocrx_word' id='word_1_709' title='bbox 3125 2734 3264 2804; x_wconf 91' lang='lat' dir='ltr'><strong>quod</strong></span> <span class='ocrx_word' id='word_1_710' title='bbox 3293 2733 3517 2798; x_wconf 86' lang='lat' dir='ltr'><strong>sedeat,</strong></span> <span class='ocrx_word' id='word_1_711' title='bbox 3547 2734 3648 2788; x_wconf 80' lang='lat' dir='ltr'><strong>sed</strong></span> 
     </span>
    </p>
   </div>
   <div class='ocr_carea' id='block_1_90' title="bbox 2049 2826 3646 2900">
    <p class='ocr_par' dir='ltr' id='par_1_90' title="bbox 2049 2826 3646 2900">
     <span class='ocr_line' id='line_1_90' title="bbox 2049 2826 3646 2900; baseline -0.002 -17"><span class='ocrx_word' id='word_1_712' title='bbox 2049 2831 2150 2884; x_wconf 91' lang='lat' dir='ltr'><strong>hoc</strong></span> <span class='ocrx_word' id='word_1_713' title='bbox 2178 2831 2316 2885; x_wconf 89' lang='lat' dir='ltr'><strong>idem</strong></span> <span class='ocrx_word' id='word_1_714' title='bbox 2359 2830 2530 2896; x_wconf 86' lang='lat' dir='ltr'><strong>valet,</strong></span> <span class='ocrx_word' id='word_1_715' title='bbox 2561 2829 2702 2900; x_wconf 90' lang='lat' dir='ltr'><strong>quod</strong></span> <span class='ocrx_word' id='word_1_716' title='bbox 2748 2829 3003 2898; x_wconf 89' lang='lat' dir='ltr'><strong>majorem</strong></span> <span class='ocrx_word' id='word_1_717' title='bbox 3042 2827 3295 2896; x_wconf 89' lang='lat' dir='ltr'><strong>consequi</strong></span> <span class='ocrx_word' id='word_1_718' title='bbox 3333 2826 3646 2893; x_wconf 88' lang='lat' dir='ltr'><strong>honorem,</strong></span> 
     </span>
    </p>
   </div>
   <div class='ocr_carea' id='block_1_91' title="bbox 2049 2917 3646 2990">
    <p class='ocr_par' dir='ltr' id='par_1_91' title="bbox 2049 2917 3646 2990">
     <span class='ocr_line' id='line_1_91' title="bbox 2049 2917 3646 2990; baseline -0.001 -16"><span class='ocrx_word' id='word_1_719' title='bbox 2049 2921 2248 2990; x_wconf 91' lang='lat' dir='ltr'><strong>primas</strong></span> <span class='ocrx_word' id='word_1_720' title='bbox 2276 2931 2453 2990; x_wconf 84' lang='lat' dir='ltr'><strong>partes</strong></span> <span class='ocrx_word' id='word_1_721' title='bbox 2499 2919 2763 2984; x_wconf 88' lang='lat' dir='ltr'><strong>obtinere,</strong></span> <span class='ocrx_word' id='word_1_722' title='bbox 2810 2919 3138 2988; x_wconf 88' lang='lat' dir='ltr'><strong>superiorem</strong></span> <span class='ocrx_word' id='word_1_723' title='bbox 3181 2917 3432 2972; x_wconf 91' lang='lat' dir='ltr'><strong>omnibus</strong></span> <span class='ocrx_word' id='word_1_724' title='bbox 3482 2919 3646 2973; x_wconf 82' lang='lat' dir='ltr'><strong>fieri:</strong></span> 
     </span>
    </p>
   </div>
   <div class='ocr_carea' id='block_1_92' title="bbox 2047 3007 3652 3082">
    <p class='ocr_par' dir='ltr' id='par_1_92' title="bbox 2047 3007 3652 3082">
     <span class='ocr_line' id='line_1_92' title="bbox 2047 3007 3652 3082; baseline -0.002 -16"><span class='ocrx_word' id='word_1_725' title='bbox 2047 3012 2180 3066; x_wconf 80' lang='lat' dir='ltr'><strong>dixit</strong></span> <span class='ocrx_word' id='word_1_726' title='bbox 2207 3013 2366 3082; x_wconf 85' lang='lat' dir='ltr'><strong>igitur</strong></span> <span class='ocrx_word' id='word_1_727' title='bbox 2389 3011 2576 3065; x_wconf 87' lang='lat' dir='ltr'><strong>sedere</strong></span> <span class='ocrx_word' id='word_1_728' title='bbox 2605 3010 2672 3064; x_wconf 91' lang='lat' dir='ltr'><strong>ad</strong></span> <span class='ocrx_word' id='word_1_729' title='bbox 2717 3009 2990 3064; x_wconf 81' lang='lat' dir='ltr'><strong>dexteram</strong></span> <span class='ocrx_word' id='word_1_730' title='bbox 3029 3017 3083 3062; x_wconf 92' lang='lat' dir='ltr'><strong>et</strong></span> <span class='ocrx_word' id='word_1_731' title='bbox 3119 3007 3185 3062; x_wconf 90' lang='lat' dir='ltr'><strong>ad</strong></span> <span class='ocrx_word' id='word_1_732' title='bbox 3225 3008 3501 3064; x_wconf 86' lang='lat' dir='ltr'><strong>sinistram</strong></span> <span class='ocrx_word' id='word_1_733' title='bbox 3524 3050 3540 3072; x_wconf 88' lang='lat'><strong>,</strong></span> <span class='ocrx_word' id='word_1_734' title='bbox 3590 3018 3652 3063; x_wconf 89' lang='lat' dir='ltr'><strong>ut</strong></span> 
     </span>
    </p>
   </div>
   <div class='ocr_carea' id='block_1_93' title="bbox 2049 3099 3651 3174">
    <p class='ocr_par' dir='ltr' id='par_1_93' title="bbox 2049 3099 3651 3174">
     <span class='ocr_line' id='line_1_93' title="bbox 2049 3099 3651 3174; baseline -0.002 -16"><span class='ocrx_word' id='word_1_735' title='bbox 2049 3119 2234 3158; x_wconf 86' lang='lat' dir='ltr'><strong>eorum</strong></span> <span class='ocrx_word' id='word_1_736' title='bbox 2281 3102 2515 3174; x_wconf 79' lang='lat' dir='ltr'><strong>Opinioni</strong></span> <span class='ocrx_word' id='word_1_737' title='bbox 2545 3117 2603 3156; x_wconf 90' lang='lat' dir='ltr'><strong>se</strong></span> <span class='ocrx_word' id='word_1_738' title='bbox 2629 3100 3059 3156; x_wconf 89' lang='lat' dir='ltr'><strong>accommodaret</strong></span> <span class='ocrx_word' id='word_1_739' title='bbox 3093 3118 3107 3154; x_wconf 90' lang='lat'><strong>:</strong></span> <span class='ocrx_word' id='word_1_740' title='bbox 3140 3101 3214 3154; x_wconf 91' lang='lat' dir='ltr'><strong>illi</strong></span> <span class='ocrx_word' id='word_1_741' title='bbox 3251 3099 3398 3154; x_wconf 88' lang='lat' dir='ltr'><strong>enim</strong></span> <span class='ocrx_word' id='word_1_742' title='bbox 3441 3101 3651 3167; x_wconf 84' lang='lat' dir='ltr'><strong>primas</strong></span> 
     </span>
    </p>
   </div>
   <div class='ocr_carea' id='block_1_94' title="bbox 2049 3191 3653 3264">
    <p class='ocr_par' dir='ltr' id='par_1_94' title="bbox 2049 3191 3653 3264">
     <span class='ocr_line' id='line_1_94' title="bbox 2049 3191 3653 3264; baseline -0.002 -16"><span class='ocrx_word' id='word_1_743' title='bbox 2049 3203 2227 3264; x_wconf 89' lang='lat' dir='ltr'><strong>partes</strong></span> <span class='ocrx_word' id='word_1_744' title='bbox 2255 3192 2593 3262; x_wconf 84' lang='lat' dir='ltr'><strong>appetebant,</strong></span> <span class='ocrx_word' id='word_1_745' title='bbox 2619 3200 2670 3246; x_wconf 92' lang='lat' dir='ltr'><strong>et</strong></span> <span class='ocrx_word' id='word_1_746' title='bbox 2702 3201 2760 3246; x_wconf 92' lang='lat' dir='ltr'><strong>ut</strong></span> <span class='ocrx_word' id='word_1_747' title='bbox 2785 3192 2993 3246; x_wconf 56' lang='lat' dir='ltr'><strong>exteris</strong></span> <span class='ocrx_word' id='word_1_748' title='bbox 3013 3191 3262 3246; x_wconf 90' lang='lat' dir='ltr'><strong>omnibus</strong></span> <span class='ocrx_word' id='word_1_749' title='bbox 3288 3193 3528 3259; x_wconf 84' lang='lat' dir='ltr'><strong>majores</strong></span> <span class='ocrx_word' id='word_1_750' title='bbox 3554 3207 3653 3261; x_wconf 85' lang='lat' dir='ltr'><strong>ap-</strong></span> 
     </span>
    </p>
   </div>
   <div class='ocr_carea' id='block_1_95' title="bbox 2052 3283 3650 3356">
    <p class='ocr_par' dir='ltr' id='par_1_95' title="bbox 2052 3283 3650 3356">
     <span class='ocr_line' id='line_1_95' title="bbox 2052 3283 3650 3356; baseline -0.003 -15"><span class='ocrx_word' id='word_1_751' title='bbox 2052 3293 2321 3356; x_wconf 88' lang='lat' dir='ltr'><strong>parerent.</strong></span> <span class='ocrx_word' id='word_1_752' title='bbox 2357 3285 2468 3339; x_wconf 90' lang='lat' dir='ltr'><strong>Hoc</strong></span> <span class='ocrx_word' id='word_1_753' title='bbox 2492 3284 2650 3354; x_wconf 79' lang='lat' dir='ltr'><strong>igitur</strong></span> <span class='ocrx_word' id='word_1_754' title='bbox 2679 3284 2851 3354; x_wconf 89' lang='lat' dir='ltr'><strong>ipsum</strong></span> <span class='ocrx_word' id='word_1_755' title='bbox 2874 3283 3066 3353; x_wconf 90' lang='lat' dir='ltr'><strong>inquit,</strong></span> <span class='ocrx_word' id='word_1_756' title='bbox 3090 3291 3148 3337; x_wconf 93' lang='lat' dir='ltr'><strong>ut</strong></span> <span class='ocrx_word' id='word_1_757' title='bbox 3175 3297 3272 3336; x_wconf 87' lang='lat' dir='ltr'><strong>vos</strong></span> <span class='ocrx_word' id='word_1_758' title='bbox 3295 3283 3510 3338; x_wconf 65' lang='lat' dir='ltr'><strong>caeteris</strong></span> <span class='ocrx_word' id='word_1_759' title='bbox 3530 3297 3650 3337; x_wconf 81' lang='lat' dir='ltr'><strong>ma-</strong></span> 
     </span>
    </p>
   </div>
   <div class='ocr_carea' id='block_1_96' title="bbox 2047 3372 3646 3448">
    <p class='ocr_par' dir='ltr' id='par_1_96' title="bbox 2047 3372 3646 3448">
     <span class='ocr_line' id='line_1_96' title="bbox 2047 3372 3646 3448; baseline -0.003 -16"><span class='ocrx_word' id='word_1_760' title='bbox 2047 3378 2194 3448; x_wconf 90' lang='lat' dir='ltr'><strong>jores</strong></span> <span class='ocrx_word' id='word_1_761' title='bbox 2221 3375 2522 3446; x_wconf 88' lang='lat' dir='ltr'><strong>appareatis</strong></span> <span class='ocrx_word' id='word_1_762' title='bbox 2545 3415 2561 3441; x_wconf 92' lang='lat'><strong>,</strong></span> <span class='ocrx_word' id='word_1_763' title='bbox 2592 3374 2947 3443; x_wconf 88' lang='lat' dir='ltr'><strong>omnibusque</strong></span> <span class='ocrx_word' id='word_1_764' title='bbox 2993 3372 3358 3440; x_wconf 86' lang='lat' dir='ltr'><strong>sublimiores,</strong></span> <span class='ocrx_word' id='word_1_765' title='bbox 3409 3374 3514 3428; x_wconf 88' lang='lat' dir='ltr'><strong>hac</strong></span> <span class='ocrx_word' id='word_1_766' title='bbox 3541 3388 3646 3427; x_wconf 80' lang='lat' dir='ltr'><strong>una</strong></span> 
     </span>
    </p>
   </div>
   <div class='ocr_carea' id='block_1_97' title="bbox 2051 3464 3648 3538">
    <p class='ocr_par' dir='ltr' id='par_1_97' title="bbox 2051 3464 3648 3538">
     <span class='ocr_line' id='line_1_97' title="bbox 2051 3464 3648 3538; baseline -0.004 -14"><span class='ocrx_word' id='word_1_767' title='bbox 2051 3485 2110 3524; x_wconf 91' lang='lat' dir='ltr'><strong>re</strong></span> <span class='ocrx_word' id='word_1_768' title='bbox 2140 3485 2244 3524; x_wconf 91' lang='lat' dir='ltr'><strong>non</strong></span> <span class='ocrx_word' id='word_1_769' title='bbox 2285 3469 2508 3538; x_wconf 89' lang='lat' dir='ltr'><strong>potestis</strong></span> <span class='ocrx_word' id='word_1_770' title='bbox 2535 3467 2849 3538; x_wconf 89' lang='lat' dir='ltr'><strong>acquirere:</strong></span> <span class='ocrx_word' id='word_1_771' title='bbox 2889 3480 3010 3519; x_wconf 89' lang='lat' dir='ltr'><strong>nam</strong></span> <span class='ocrx_word' id='word_1_772' title='bbox 3037 3474 3264 3520; x_wconf 88' lang='lat' dir='ltr'><strong>mortem</strong></span> <span class='ocrx_word' id='word_1_773' title='bbox 3297 3464 3516 3534; x_wconf 86' lang='lat' dir='ltr'><strong>quidem</strong></span> <span class='ocrx_word' id='word_1_774' title='bbox 3543 3480 3648 3534; x_wconf 85' lang='lat' dir='ltr'><strong>op-</strong></span> 
     </span>
    </p>
   </div>
   <div class='ocr_carea' id='block_1_98' title="bbox 2054 3555 3646 3628">
    <p class='ocr_par' dir='ltr' id='par_1_98' title="bbox 2054 3555 3646 3628">
     <span class='ocr_line' id='line_1_98' title="bbox 2054 3555 3646 3628; baseline -0.003 -16"><span class='ocrx_word' id='word_1_775' title='bbox 2054 3559 2263 3628; x_wconf 86' lang='lat' dir='ltr'><strong>petetis,</strong></span> <span class='ocrx_word' id='word_1_776' title='bbox 2297 3565 2354 3611; x_wconf 91' lang='lat' dir='ltr'><strong>ut</strong></span> <span class='ocrx_word' id='word_1_777' title='bbox 2377 3567 2553 3611; x_wconf 91' lang='lat' dir='ltr'><strong>autem</strong></span> <span class='ocrx_word' id='word_1_778' title='bbox 2580 3571 2886 3627; x_wconf 89' lang='lat' dir='ltr'><strong>supremum</strong></span> <span class='ocrx_word' id='word_1_779' title='bbox 2917 3555 3174 3610; x_wconf 87' lang='lat' dir='ltr'><strong>honorem</strong></span> <span class='ocrx_word' id='word_1_780' title='bbox 3202 3555 3510 3614; x_wconf 79' lang='lat' dir='ltr'><strong>obtinealis,</strong></span> <span class='ocrx_word' id='word_1_781' title='bbox 3537 3571 3574 3608; x_wconf 91' lang='lat' dir='ltr'><strong>n</strong></span> <span class='ocrx_word' id='word_1_782' title='bbox 3598 3573 3646 3608; x_wconf 86' lang='lat' dir='ltr'><strong>-n</strong></span> 
     </span>
    </p>
   </div>
   <div class='ocr_carea' id='block_1_99' title="bbox 2050 3646 3648 3717">
    <p class='ocr_par' dir='ltr' id='par_1_99' title="bbox 2050 3646 3648 3717">
     <span class='ocr_line' id='line_1_99' title="bbox 2050 3646 3648 3717; baseline -0.004 -13"><span class='ocrx_word' id='word_1_783' title='bbox 2050 3659 2136 3705; x_wconf 90' lang='lat' dir='ltr'><strong>est</strong></span> <span class='ocrx_word' id='word_1_784' title='bbox 2159 3664 2332 3704; x_wconf 90' lang='lat' dir='ltr'><strong>meum</strong></span> <span class='ocrx_word' id='word_1_785' title='bbox 2356 3647 2670 3705; x_wconf 87' lang='lat' dir='ltr'><strong>concedere.</strong></span> <span class='ocrx_word' id='word_1_786' title='bbox 2698 3648 2791 3704; x_wconf 91' lang='lat' dir='ltr'><strong>sed</strong></span> <span class='ocrx_word' id='word_1_787' title='bbox 2819 3647 3010 3717; x_wconf 89' lang='lat' dir='ltr'><strong>quibus</strong></span> <span class='ocrx_word' id='word_1_788' title='bbox 3036 3655 3273 3716; x_wconf 89' lang='lat' dir='ltr'><strong>paratum</strong></span> <span class='ocrx_word' id='word_1_789' title='bbox 3299 3655 3403 3701; x_wconf 90' lang='lat' dir='ltr'><strong>est.</strong></span> <span class='ocrx_word' id='word_1_790' title='bbox 3428 3646 3496 3700; x_wconf 85' lang='lat' dir='ltr'><strong>Et</strong></span> <span class='ocrx_word' id='word_1_791' title='bbox 3521 3649 3648 3715; x_wconf 77' lang='lat' dir='ltr'><strong>qui-</strong></span> 
     </span>
    </p>
   </div>
   <div class='ocr_carea' id='block_1_100' title="bbox 2055 3737 3643 3808">
    <p class='ocr_par' dir='ltr' id='par_1_100' title="bbox 2055 3737 3643 3808">
     <span class='ocr_line' id='line_1_100' title="bbox 2055 3737 3643 3808; baseline -0.001 -16"><span class='ocrx_word' id='word_1_792' title='bbox 2055 3739 2276 3794; x_wconf 87' lang='lat' dir='ltr'><strong>busnam</strong></span> <span class='ocrx_word' id='word_1_793' title='bbox 2318 3754 2501 3808; x_wconf 66' lang='lat' dir='ltr'><strong>qumso</strong></span> <span class='ocrx_word' id='word_1_794' title='bbox 2539 3747 2779 3807; x_wconf 88' lang='lat' dir='ltr'><strong>paratum</strong></span> <span class='ocrx_word' id='word_1_795' title='bbox 2823 3738 2944 3792; x_wconf 86' lang='lat' dir='ltr'><strong>est?</strong></span> <span class='ocrx_word' id='word_1_796' title='bbox 2987 3737 3291 3800; x_wconf 77' lang='lat' dir='ltr'><strong>Videamus,</strong></span> <span class='ocrx_word' id='word_1_797' title='bbox 3321 3739 3542 3806; x_wconf 83' lang='lat' dir='ltr'><strong>quinam</strong></span> <span class='ocrx_word' id='word_1_798' title='bbox 3571 3739 3643 3791; x_wconf 86' lang='lat' dir='ltr'><strong>illi</strong></span> 
     </span>
    </p>
   </div>
   <div class='ocr_carea' id='block_1_101' title="bbox 2054 3827 3646 3896">
    <p class='ocr_par' dir='ltr' id='par_1_101' title="bbox 2054 3827 3646 3896">
     <span class='ocr_line' id='line_1_101' title="bbox 2054 3827 3646 3896; baseline -0.001 -13"><span class='ocrx_word' id='word_1_799' title='bbox 2054 3829 2161 3884; x_wconf 90' lang='lat' dir='ltr'><strong>sint</strong></span> <span class='ocrx_word' id='word_1_800' title='bbox 2185 3829 2324 3884; x_wconf 85' lang='lat' dir='ltr'><strong>beati</strong></span> <span class='ocrx_word' id='word_1_801' title='bbox 2351 3845 2414 3884; x_wconf 88' lang='lat' dir='ltr'><strong>ac</strong></span> <span class='ocrx_word' id='word_1_802' title='bbox 2443 3838 2531 3884; x_wconf 92' lang='lat' dir='ltr'><strong>ter</strong></span> <span class='ocrx_word' id='word_1_803' title='bbox 2553 3829 2712 3893; x_wconf 84' lang='lat' dir='ltr'><strong>beati,</strong></span> <span class='ocrx_word' id='word_1_804' title='bbox 2737 3830 2930 3896; x_wconf 88' lang='lat' dir='ltr'><strong>quique</strong></span> <span class='ocrx_word' id='word_1_805' title='bbox 2949 3827 3254 3896; x_wconf 86' lang='lat' dir='ltr'><strong>splendidas</strong></span> <span class='ocrx_word' id='word_1_806' title='bbox 3269 3828 3389 3881; x_wconf 90' lang='lat' dir='ltr'><strong>illas</strong></span> <span class='ocrx_word' id='word_1_807' title='bbox 3413 3843 3646 3882; x_wconf 80' lang='lat' dir='ltr'><strong>coronas</strong></span> 
     </span>
    </p>
   </div>
   <div class='ocr_carea' id='block_1_102' title="bbox 2053 3917 3646 3989">
    <p class='ocr_par' dir='ltr' id='par_1_102' title="bbox 2053 3917 3646 3989">
     <span class='ocr_line' id='line_1_102' title="bbox 2053 3917 3646 3989; baseline 0 -16"><span class='ocrx_word' id='word_1_808' title='bbox 2053 3927 2469 3989; x_wconf 82' lang='lat' dir='ltr'><strong>consequuntur.</strong></span> <span class='ocrx_word' id='word_1_809' title='bbox 2503 3918 2727 3985; x_wconf 88' lang='lat' dir='ltr'><strong>Quinam</strong></span> <span class='ocrx_word' id='word_1_810' title='bbox 2757 3918 2916 3986; x_wconf 83' lang='lat' dir='ltr'><strong>igitur</strong></span> <span class='ocrx_word' id='word_1_811' title='bbox 2941 3917 3017 3971; x_wconf 90' lang='lat' dir='ltr'><strong>illi</strong></span> <span class='ocrx_word' id='word_1_812' title='bbox 3047 3925 3189 3982; x_wconf 91' lang='lat' dir='ltr'><strong>sunt,</strong></span> <span class='ocrx_word' id='word_1_813' title='bbox 3217 3928 3271 3971; x_wconf 92' lang='lat' dir='ltr'><strong>et</strong></span> <span class='ocrx_word' id='word_1_814' title='bbox 3295 3932 3431 3987; x_wconf 88' lang='lat' dir='ltr'><strong>quas</strong></span> <span class='ocrx_word' id='word_1_815' title='bbox 3455 3919 3527 3971; x_wconf 88' lang='lat' dir='ltr'><strong>ob</strong></span> <span class='ocrx_word' id='word_1_816' title='bbox 3558 3934 3646 3973; x_wconf 85' lang='lat' dir='ltr'><strong>res</strong></span> 
     </span>
    </p>
   </div>
   <div class='ocr_carea' id='block_1_103' title="bbox 2052 4006 3644 4081">
    <p class='ocr_par' dir='ltr' id='par_1_103' title="bbox 2052 4006 3644 4081">
     <span class='ocr_line' id='line_1_103' title="bbox 2052 4006 3644 4081; baseline -0.003 -15"><span class='ocrx_word' id='word_1_817' title='bbox 2052 4021 2230 4081; x_wconf 84' lang='lat' dir='ltr'><strong>gestas</strong></span> <span class='ocrx_word' id='word_1_818' title='bbox 2257 4011 2390 4064; x_wconf 89' lang='lat' dir='ltr'><strong>adeo</strong></span> <span class='ocrx_word' id='word_1_819' title='bbox 2415 4008 2695 4080; x_wconf 89' lang='lat' dir='ltr'><strong>splendide</strong></span> <span class='ocrx_word' id='word_1_820' title='bbox 2729 4008 3092 4062; x_wconf 85' lang='lat' dir='ltr'><strong>coronantur?</strong></span> <span class='ocrx_word' id='word_1_821' title='bbox 3133 4006 3269 4062; x_wconf 85' lang='lat' dir='ltr'><strong>Audi</strong></span> <span class='ocrx_word' id='word_1_822' title='bbox 3296 4008 3423 4077; x_wconf 91' lang='lat' dir='ltr'><strong>quid</strong></span> <span class='ocrx_word' id='word_1_823' title='bbox 3454 4008 3603 4063; x_wconf 85' lang='lat' dir='ltr'><strong>dicat</strong></span> <span class='ocrx_word' id='word_1_824' title='bbox 3631 4027 3644 4061; x_wconf 94' lang='lat'>:</span> 
     </span>
    </p>
   </div>
   <div class='ocr_carea' id='block_1_104' title="bbox 2056 4097 3650 4170">
    <p class='ocr_par' dir='ltr' id='par_1_104' title="bbox 2056 4097 3650 4170">
     <span class='ocr_line' id='line_1_104' title="bbox 2056 4097 3650 4170; baseline -0.001 -14"><span class='ocrx_word' id='word_1_825' title='bbox 2056 4102 2341 4170; x_wconf 86' lang='lat' dir='ltr'><strong>Postquam</strong></span> <span class='ocrx_word' id='word_1_826' title='bbox 2369 4103 2510 4155; x_wconf 90' lang='lat' dir='ltr'><strong>enim</strong></span> <span class='ocrx_word' id='word_1_827' title='bbox 2532 4098 2714 4152; x_wconf 89' lang='lat' dir='ltr'><strong>decem</strong></span> <span class='ocrx_word' id='word_1_828' title='bbox 2746 4098 2999 4168; x_wconf 86' lang='lat' dir='ltr'><strong>indignati</strong></span> <span class='ocrx_word' id='word_1_829' title='bbox 3025 4098 3229 4153; x_wconf 89' lang='lat' dir='ltr'><strong>suntde</strong></span> <span class='ocrx_word' id='word_1_830' title='bbox 3245 4097 3474 4163; x_wconf 88' lang='lat' dir='ltr'><strong>duobus,</strong></span> <span class='ocrx_word' id='word_1_831' title='bbox 3498 4099 3650 4168; x_wconf 84' lang='lat' dir='ltr'><strong>quod</strong></span> 
     </span>
    </p>
   </div>
   <div class='ocr_carea' id='block_1_105' title="bbox 2054 4188 3650 4258">
    <p class='ocr_par' dir='ltr' id='par_1_105' title="bbox 2054 4188 3650 4258">
     <span class='ocr_line' id='line_1_105' title="bbox 2054 4188 3650 4258; baseline 0 -12"><span class='ocrx_word' id='word_1_832' title='bbox 2054 4192 2258 4247; x_wconf 91' lang='lat' dir='ltr'><strong>scilicet</strong></span> <span class='ocrx_word' id='word_1_833' title='bbox 2281 4207 2400 4246; x_wconf 92' lang='lat' dir='ltr'><strong>cum</strong></span> <span class='ocrx_word' id='word_1_834' title='bbox 2423 4207 2451 4244; x_wconf 91' lang='lat' dir='ltr'><strong>a</strong></span> <span class='ocrx_word' id='word_1_835' title='bbox 2477 4199 2619 4246; x_wconf 63' lang='lat' dir='ltr'><strong>coetu</strong></span> <span class='ocrx_word' id='word_1_836' title='bbox 2647 4204 2708 4246; x_wconf 88' lang='lat' dir='ltr'><strong>se</strong></span> <span class='ocrx_word' id='word_1_837' title='bbox 2726 4188 3129 4258; x_wconf 76' lang='lat' dir='ltr'><strong>disjunxissent,</strong></span> <span class='ocrx_word' id='word_1_838' title='bbox 3168 4189 3236 4242; x_wconf 91' lang='lat' dir='ltr'><strong>de</strong></span> <span class='ocrx_word' id='word_1_839' title='bbox 3270 4190 3650 4246; x_wconf 85' lang='lat' dir='ltr'><strong>transferendo</strong></span> 
     </span>
    </p>
   </div>
   <div class='ocr_carea' id='block_1_106' title="bbox 2055 4278 3653 4350">
    <p class='ocr_par' dir='ltr' id='par_1_106' title="bbox 2055 4278 3653 4350">
     <span class='ocr_line' id='line_1_106' title="bbox 2055 4278 3653 4350; baseline 0 -14"><span class='ocrx_word' id='word_1_840' title='bbox 2055 4283 2109 4336; x_wconf 92' lang='lat' dir='ltr'><strong>in</strong></span> <span class='ocrx_word' id='word_1_841' title='bbox 2137 4297 2196 4336; x_wconf 91' lang='lat' dir='ltr'><strong>se</strong></span> <span class='ocrx_word' id='word_1_842' title='bbox 2225 4296 2473 4350; x_wconf 90' lang='lat' dir='ltr'><strong>supremo</strong></span> <span class='ocrx_word' id='word_1_843' title='bbox 2497 4280 2702 4336; x_wconf 91' lang='lat' dir='ltr'><strong>honore</strong></span> <span class='ocrx_word' id='word_1_844' title='bbox 2728 4278 3106 4344; x_wconf 85' lang='lat' dir='ltr'><strong>deliberarent,</strong></span> <span class='ocrx_word' id='word_1_845' title='bbox 3139 4278 3261 4333; x_wconf 83' lang='lat' dir='ltr'><strong>vide</strong></span> <span class='ocrx_word' id='word_1_846' title='bbox 3291 4279 3567 4348; x_wconf 90' lang='lat' dir='ltr'><strong>quomodo</strong></span> <span class='ocrx_word' id='word_1_847' title='bbox 3595 4293 3653 4336; x_wconf 87' lang='lat' dir='ltr'><strong>et</strong></span> 
     </span>
    </p>
   </div>
   <div class='ocr_carea' id='block_1_107' title="bbox 2055 4371 3649 4443">
    <p class='ocr_par' dir='ltr' id='par_1_107' title="bbox 2055 4371 3649 4443">
     <span class='ocr_line' id='line_1_107' title="bbox 2055 4371 3649 4443; baseline -0.002 -14"><span class='ocrx_word' id='word_1_848' title='bbox 2055 4375 2266 4429; x_wconf 90' lang='lat' dir='ltr'><strong>illorum</strong></span> <span class='ocrx_word' id='word_1_849' title='bbox 2291 4375 2588 4442; x_wconf 82' lang='lat' dir='ltr'><strong>passionem</strong></span> <span class='ocrx_word' id='word_1_850' title='bbox 2618 4373 2870 4443; x_wconf 83' lang='lat' dir='ltr'><strong>corrigat,</strong></span> <span class='ocrx_word' id='word_1_851' title='bbox 2895 4381 2948 4426; x_wconf 92' lang='lat' dir='ltr'><strong>et</strong></span> <span class='ocrx_word' id='word_1_852' title='bbox 2975 4371 3192 4425; x_wconf 87' lang='lat' dir='ltr'><strong>istorum</strong></span> <span class='ocrx_word' id='word_1_853' title='bbox 3224 4388 3238 4425; x_wconf 88' lang='lat'><strong>:</strong></span> <span class='ocrx_word' id='word_1_854' title='bbox 3274 4371 3474 4426; x_wconf 82' lang='lat' dir='ltr'><strong>vocatis</strong></span> <span class='ocrx_word' id='word_1_855' title='bbox 3498 4373 3649 4426; x_wconf 89' lang='lat' dir='ltr'><strong>enim</strong></span> 
     </span>
    </p>
   </div>
   <div class='ocr_carea' id='block_1_108' title="bbox 2057 4463 3650 4536">
    <p class='ocr_par' dir='ltr' id='par_1_108' title="bbox 2057 4463 3650 4536">
     <span class='ocr_line' id='line_1_108' title="bbox 2057 4463 3650 4536; baseline -0.008 -16"><span class='ocrx_word' id='word_1_856' title='bbox 2057 4467 2158 4522; x_wconf 84' lang='lat' dir='ltr'><strong>illis</strong></span> <span class='ocrx_word' id='word_1_857' title='bbox 2193 4465 2258 4521; x_wconf 91' lang='lat' dir='ltr'><strong>ad</strong></span> <span class='ocrx_word' id='word_1_858' title='bbox 2287 4482 2345 4520; x_wconf 89' lang='lat' dir='ltr'><strong>se</strong></span> <span class='ocrx_word' id='word_1_859' title='bbox 2383 4467 2460 4519; x_wconf 90' lang='lat' dir='ltr'><strong>sic</strong></span> <span class='ocrx_word' id='word_1_860' title='bbox 2490 4466 2564 4519; x_wconf 90' lang='lat' dir='ltr'><strong>ait</strong></span> <span class='ocrx_word' id='word_1_861' title='bbox 2598 4483 2612 4516; x_wconf 90' lang='lat'><strong>:</strong></span> <span class='ocrx_word' id='word_1_862' title='bbox 2647 4464 2914 4536; x_wconf 81' lang='lat' dir='ltr'><strong>Principes</strong></span> <span class='ocrx_word' id='word_1_863' title='bbox 2943 4464 3163 4534; x_wconf 86' lang='lat' dir='ltr'><strong>gentium</strong></span> <span class='ocrx_word' id='word_1_864' title='bbox 3189 4463 3518 4514; x_wconf 76' lang='lat' dir='ltr'><strong>dominantur</strong></span> <span class='ocrx_word' id='word_1_865' title='bbox 3555 4480 3650 4517; x_wconf 82' lang='lat' dir='ltr'><strong>eo.</strong></span> 
     </span>
    </p>
   </div>
   <div class='ocr_carea' id='block_1_109' title="bbox 2055 4553 3651 4626">
    <p class='ocr_par' dir='ltr' id='par_1_109' title="bbox 2055 4553 3651 4626">
     <span class='ocr_line' id='line_1_109' title="bbox 2055 4553 3651 4626; baseline -0.001 -16"><span class='ocrx_word' id='word_1_866' title='bbox 2055 4575 2189 4624; x_wconf 89' lang='lat' dir='ltr'><strong>rum,</strong></span> <span class='ocrx_word' id='word_1_867' title='bbox 2240 4566 2287 4610; x_wconf 86' lang='lat' dir='ltr'><strong>et</strong></span> <span class='ocrx_word' id='word_1_868' title='bbox 2334 4558 2419 4621; x_wconf 89' lang='lat' dir='ltr'><strong>qui</strong></span> <span class='ocrx_word' id='word_1_869' title='bbox 2462 4556 2630 4626; x_wconf 86' lang='lat' dir='ltr'><strong>magni</strong></span> <span class='ocrx_word' id='word_1_870' title='bbox 2659 4565 2792 4620; x_wconf 87' lang='lat' dir='ltr'><strong>sunt,</strong></span> <span class='ocrx_word' id='word_1_871' title='bbox 2846 4563 3138 4624; x_wconf 84' lang='lat' dir='ltr'><strong>potestatem</strong></span> <span class='ocrx_word' id='word_1_872' title='bbox 3165 4561 3394 4606; x_wconf 74' lang='lat' dir='ltr'><strong>exercent</strong></span> <span class='ocrx_word' id='word_1_873' title='bbox 3424 4553 3478 4604; x_wconf 88' lang='lat' dir='ltr'><strong>in</strong></span> <span class='ocrx_word' id='word_1_874' title='bbox 3513 4571 3603 4606; x_wconf 86' lang='lat' dir='ltr'><strong>eos</strong></span> <span class='ocrx_word' id='word_1_875' title='bbox 3630 4571 3651 4608; x_wconf 86' lang='lat'><strong><em>:</em></strong></span> 
     </span>
    </p>
   </div>
   <div class='ocr_carea' id='block_1_110' title="bbox 2055 4643 3652 4717">
    <p class='ocr_par' dir='ltr' id='par_1_110' title="bbox 2055 4643 3652 4717">
     <span class='ocr_line' id='line_1_110' title="bbox 2055 4643 3652 4717; baseline -0.003 -15"><span class='ocrx_word' id='word_1_876' title='bbox 2055 4649 2194 4717; x_wconf 82' lang='lat' dir='ltr'><strong>apud</strong></span> <span class='ocrx_word' id='word_1_877' title='bbox 2214 4665 2298 4702; x_wconf 82' lang='lat' dir='ltr'><strong>vos</strong></span> <span class='ocrx_word' id='word_1_878' title='bbox 2323 4657 2486 4702; x_wconf 84' lang='lat' dir='ltr'><strong>autent</strong></span> <span class='ocrx_word' id='word_1_879' title='bbox 2509 4665 2608 4701; x_wconf 85' lang='lat' dir='ltr'><strong>non</strong></span> <span class='ocrx_word' id='word_1_880' title='bbox 2637 4649 2708 4699; x_wconf 88' lang='lat' dir='ltr'><strong>ita</strong></span> <span class='ocrx_word' id='word_1_881' title='bbox 2731 4647 2825 4700; x_wconf 83' lang='lat' dir='ltr'><strong>erit</strong></span> <span class='ocrx_word' id='word_1_882' title='bbox 2843 4662 2864 4710; x_wconf 89' lang='lat'><strong><em>;</em></strong></span> <span class='ocrx_word' id='word_1_883' title='bbox 2880 4646 2968 4699; x_wconf 86' lang='lat' dir='ltr'><strong>sed</strong></span> <span class='ocrx_word' id='word_1_884' title='bbox 2983 4646 3277 4713; x_wconf 85' lang='lat' dir='ltr'><strong>quicumque</strong></span> <span class='ocrx_word' id='word_1_885' title='bbox 3293 4643 3652 4698; x_wconf 62' lang='lat' dir='ltr'><strong>uoluetitinter</strong></span> 
     </span>
    </p>
   </div>
   <div class='ocr_carea' id='block_1_111' title="bbox 2054 4733 3648 4808">
    <p class='ocr_par' dir='ltr' id='par_1_111' title="bbox 2054 4733 3648 4808">
     <span class='ocr_line' id='line_1_111' title="bbox 2054 4733 3648 4808; baseline -0.003 -16"><span class='ocrx_word' id='word_1_886' title='bbox 2054 4754 2140 4792; x_wconf 75' lang='lat' dir='ltr'><strong>vos</strong></span> <span class='ocrx_word' id='word_1_887' title='bbox 2171 4741 2362 4808; x_wconf 86' lang='lat' dir='ltr'><strong>primus</strong></span> <span class='ocrx_word' id='word_1_888' title='bbox 2387 4753 2507 4801; x_wconf 83' lang='lat' dir='ltr'><strong>esse,</strong></span> <span class='ocrx_word' id='word_1_889' title='bbox 2530 4737 2617 4805; x_wconf 79' lang='lat' dir='ltr'><strong>ﬁat</strong></span> <span class='ocrx_word' id='word_1_890' title='bbox 2631 4735 2852 4788; x_wconf 84' lang='lat' dir='ltr'><strong>omnium</strong></span> <span class='ocrx_word' id='word_1_891' title='bbox 2868 4734 3072 4788; x_wconf 88' lang='lat' dir='ltr'><strong>ultimus</strong></span> <span class='ocrx_word' id='word_1_892' title='bbox 3098 4733 3282 4803; x_wconf 80' lang='lat' dir='ltr'><strong>(Marc.</strong></span> <span class='ocrx_word' id='word_1_893' title='bbox 3304 4733 3390 4786; x_wconf 89' lang='grc'><strong>10.</strong></span> <span class='ocrx_word' id='word_1_894' title='bbox 3413 4733 3506 4786; x_wconf 69' lang='grc'><strong>49..</strong></span> <span class='ocrx_word' id='word_1_895' title='bbox 3526 4735 3648 4802; x_wconf 69' lang='grc'><strong>43].</strong></span> 
     </span>
    </p>
   </div>
   <div class='ocr_carea' id='block_1_112' title="bbox 2056 4823 3648 4896">
    <p class='ocr_par' dir='ltr' id='par_1_112' title="bbox 2056 4823 3648 4896">
     <span class='ocr_line' id='line_1_112' title="bbox 2056 4823 3648 4896; baseline -0.004 -13"><span class='ocrx_word' id='word_1_896' title='bbox 2056 4828 2324 4896; x_wconf 91' lang='lat' dir='ltr'><strong>Perspicis</strong></span> <span class='ocrx_word' id='word_1_897' title='bbox 2357 4829 2455 4881; x_wconf 89' lang='lat' dir='ltr'><strong>hoc</strong></span> <span class='ocrx_word' id='word_1_898' title='bbox 2481 4828 2598 4881; x_wconf 93' lang='lat' dir='ltr'><strong>illos</strong></span> <span class='ocrx_word' id='word_1_899' title='bbox 2626 4826 2878 4890; x_wconf 86' lang='lat' dir='ltr'><strong>voluisse,</strong></span> <span class='ocrx_word' id='word_1_900' title='bbox 2911 4833 2967 4878; x_wconf 93' lang='lat' dir='ltr'><strong>nt</strong></span> <span class='ocrx_word' id='word_1_901' title='bbox 2994 4825 3172 4894; x_wconf 87' lang='lat' dir='ltr'><strong>primi,</strong></span> <span class='ocrx_word' id='word_1_902' title='bbox 3197 4823 3430 4892; x_wconf 82' lang='lat' dir='ltr'><strong>majores</strong></span> <span class='ocrx_word' id='word_1_903' title='bbox 3464 4835 3516 4876; x_wconf 86' lang='lat' dir='ltr'><strong>ct</strong></span> <span class='ocrx_word' id='word_1_904' title='bbox 3550 4840 3648 4877; x_wconf 86' lang='lat' dir='ltr'><strong>su-</strong></span> 
     </span>
    </p>
   </div>
   <div class='ocr_carea' id='block_1_113' title="bbox 2056 4913 3648 4986">
    <p class='ocr_par' dir='ltr' id='par_1_113' title="bbox 2056 4913 3648 4986">
     <span class='ocr_line' id='line_1_113' title="bbox 2056 4913 3648 4986; baseline -0.003 -16"><span class='ocrx_word' id='word_1_905' title='bbox 2056 4919 2294 4986; x_wconf 70' lang='lat' dir='ltr'><strong>periores</strong></span> <span class='ocrx_word' id='word_1_906' title='bbox 2321 4916 2629 4984; x_wconf 85' lang='lat' dir='ltr'><strong>evaderent,</strong></span> <span class='ocrx_word' id='word_1_907' title='bbox 2657 4925 2815 4984; x_wconf 86' lang='lat' dir='ltr'><strong>atque</strong></span> <span class='ocrx_word' id='word_1_908' title='bbox 2840 4923 2896 4968; x_wconf 91' lang='lat' dir='ltr'><strong>ut</strong></span> <span class='ocrx_word' id='word_1_909' title='bbox 2923 4914 2992 4967; x_wconf 90' lang='lat' dir='ltr'><strong>ita</strong></span> <span class='ocrx_word' id='word_1_910' title='bbox 3023 4914 3193 4968; x_wconf 89' lang='lat' dir='ltr'><strong>dicam</strong></span> <span class='ocrx_word' id='word_1_911' title='bbox 3227 4913 3465 4982; x_wconf 87' lang='lat' dir='ltr'><strong>ipsorum</strong></span> <span class='ocrx_word' id='word_1_912' title='bbox 3499 4915 3648 4982; x_wconf 85' lang='lat' dir='ltr'><strong>prin-</strong></span> 
     </span>
    </p>
   </div>
   <div class='ocr_carea' id='block_1_114' title="bbox 2057 5005 3650 5077">
    <p class='ocr_par' dir='ltr' id='par_1_114' title="bbox 2057 5005 3650 5077">
     <span class='ocr_line' id='line_1_114' title="bbox 2057 5005 3650 5077; baseline -0.001 -17"><span class='ocrx_word' id='word_1_913' title='bbox 2057 5009 2103 5060; x_wconf 88' lang='lat' dir='ltr'><strong>ci</strong></span> <span class='ocrx_word' id='word_1_914' title='bbox 2112 5008 2242 5077; x_wconf 87' lang='lat' dir='ltr'><strong>pes?</strong></span> <span class='ocrx_word' id='word_1_915' title='bbox 2269 5009 2552 5076; x_wconf 86' lang='lat' dir='ltr'><strong>Propterea</strong></span> <span class='ocrx_word' id='word_1_916' title='bbox 2578 5022 2769 5075; x_wconf 89' lang='lat' dir='ltr'><strong>nempe</strong></span> <span class='ocrx_word' id='word_1_917' title='bbox 2794 5005 3050 5060; x_wconf 88' lang='lat' dir='ltr'><strong>adversus</strong></span> <span class='ocrx_word' id='word_1_918' title='bbox 3077 5005 3179 5059; x_wconf 92' lang='lat' dir='ltr'><strong>hoc</strong></span> <span class='ocrx_word' id='word_1_919' title='bbox 3206 5005 3460 5058; x_wconf 84' lang='lat' dir='ltr'><strong>insistens</strong></span> <span class='ocrx_word' id='word_1_920' title='bbox 3479 5016 3534 5058; x_wconf 87' lang='lat' dir='ltr'><strong>et</strong></span> <span class='ocrx_word' id='word_1_921' title='bbox 3555 5021 3650 5059; x_wconf 56' lang='lat' dir='ltr'><strong>eo-</strong></span> 
     </span>
    </p>
   </div>
   <div class='ocr_carea' id='block_1_115' title="bbox 2058 5095 3650 5166">
    <p class='ocr_par' dir='ltr' id='par_1_115' title="bbox 2058 5095 3650 5166">
     <span class='ocr_line' id='line_1_115' title="bbox 2058 5095 3650 5166; baseline -0.003 -14"><span class='ocrx_word' id='word_1_922' title='bbox 2058 5115 2174 5152; x_wconf 90' lang='lat' dir='ltr'><strong>rum</strong></span> <span class='ocrx_word' id='word_1_923' title='bbox 2209 5113 2404 5152; x_wconf 86' lang='lat' dir='ltr'><strong>arcana</strong></span> <span class='ocrx_word' id='word_1_924' title='bbox 2444 5097 2498 5151; x_wconf 91' lang='lat' dir='ltr'><strong>in</strong></span> <span class='ocrx_word' id='word_1_925' title='bbox 2541 5097 2772 5152; x_wconf 91' lang='lat' dir='ltr'><strong>medium</strong></span> <span class='ocrx_word' id='word_1_926' title='bbox 2800 5095 3075 5166; x_wconf 88' lang='lat' dir='ltr'><strong>proferens</strong></span> <span class='ocrx_word' id='word_1_927' title='bbox 3105 5095 3270 5158; x_wconf 78' lang='lat' dir='ltr'><strong>dixit,</strong></span> <span class='ocrx_word' id='word_1_928' title='bbox 3303 5095 3403 5158; x_wconf 85' lang='lat' dir='ltr'><strong>Qui</strong></span> <span class='ocrx_word' id='word_1_929' title='bbox 3431 5095 3650 5149; x_wconf 74' lang='lat' dir='ltr'><strong>volneri:</strong></span> 
     </span>
    </p>
   </div>
   <div class='ocr_carea' id='block_1_116' title="bbox 2057 5185 3648 5257">
    <p class='ocr_par' dir='ltr' id='par_1_116' title="bbox 2057 5185 3648 5257">
     <span class='ocr_line' id='line_1_116' title="bbox 2057 5185 3648 5257; baseline -0.001 -15"><span class='ocrx_word' id='word_1_930' title='bbox 2057 5191 2187 5244; x_wconf 88' lang='lat' dir='ltr'><strong>inter</strong></span> <span class='ocrx_word' id='word_1_931' title='bbox 2215 5206 2300 5242; x_wconf 81' lang='lat' dir='ltr'><strong>ros</strong></span> <span class='ocrx_word' id='word_1_932' title='bbox 2329 5192 2521 5257; x_wconf 86' lang='lat' dir='ltr'><strong>primus</strong></span> <span class='ocrx_word' id='word_1_933' title='bbox 2547 5205 2674 5254; x_wconf 85' lang='lat' dir='ltr'><strong>esse,</strong></span> <span class='ocrx_word' id='word_1_934' title='bbox 2703 5189 2768 5242; x_wconf 85' lang='lat' dir='ltr'><strong>sit</strong></span> <span class='ocrx_word' id='word_1_935' title='bbox 2803 5189 3025 5242; x_wconf 84' lang='lat' dir='ltr'><strong>omnium</strong></span> <span class='ocrx_word' id='word_1_936' title='bbox 3047 5187 3273 5240; x_wconf 89' lang='lat' dir='ltr'><strong>minister</strong></span> <span class='ocrx_word' id='word_1_937' title='bbox 3298 5185 3402 5257; x_wconf 86' lang='lat' dir='ltr'><strong>(Ib.</strong></span> <span class='ocrx_word' id='word_1_938' title='bbox 3435 5202 3485 5239; x_wconf 82' lang='grc' dir='ltr'><strong>υ.</strong></span> <span class='ocrx_word' id='word_1_939' title='bbox 3530 5188 3648 5257; x_wconf 69' lang='grc'><strong>44).</strong></span> 
     </span>
    </p>
   </div>
   <div class='ocr_carea' id='block_1_117' title="bbox 2058 5277 3647 5348">
    <p class='ocr_par' dir='ltr' id='par_1_117' title="bbox 2058 5277 3647 5348">
     <span class='ocr_line' id='line_1_117' title="bbox 2058 5277 3647 5348; baseline -0.003 -14"><span class='ocrx_word' id='word_1_940' title='bbox 2058 5280 2112 5334; x_wconf 89' lang='lat' dir='ltr'><strong>Si</strong></span> <span class='ocrx_word' id='word_1_941' title='bbox 2147 5279 2370 5348; x_wconf 89' lang='lat' dir='ltr'><strong>primum</strong></span> <span class='ocrx_word' id='word_1_942' title='bbox 2411 5294 2723 5334; x_wconf 89' lang='lat' dir='ltr'><strong>consessum</strong></span> <span class='ocrx_word' id='word_1_943' title='bbox 2765 5279 3031 5348; x_wconf 84' lang='lat' dir='ltr'><strong>appetitis,</strong></span> <span class='ocrx_word' id='word_1_944' title='bbox 3080 5277 3270 5346; x_wconf 88' lang='lat' dir='ltr'><strong>inquit,</strong></span> <span class='ocrx_word' id='word_1_945' title='bbox 3298 5285 3352 5329; x_wconf 86' lang='lat' dir='ltr'><strong>et</strong></span> <span class='ocrx_word' id='word_1_946' title='bbox 3373 5291 3647 5330; x_wconf 86' lang='lat' dir='ltr'><strong>summum</strong></span> 
     </span>
    </p>
   </div>
   <div class='ocr_carea' id='block_1_118' title="bbox 2057 5368 3642 5442">
    <p class='ocr_par' dir='ltr' id='par_1_118' title="bbox 2057 5368 3642 5442">
     <span class='ocr_line' id='line_1_118' title="bbox 2057 5368 3642 5442; baseline -0.002 -16"><span class='ocrx_word' id='word_1_947' title='bbox 2057 5373 2337 5440; x_wconf 89' lang='lat' dir='ltr'><strong>honorem,</strong></span> <span class='ocrx_word' id='word_1_948' title='bbox 2363 5373 2604 5428; x_wconf 90' lang='lat' dir='ltr'><strong>ultimum</strong></span> <span class='ocrx_word' id='word_1_949' title='bbox 2623 5370 3226 5442; x_wconf 67' lang='lat' dir='ltr'><strong>persequiminilocum,</strong></span> <span class='ocrx_word' id='word_1_950' title='bbox 3248 5376 3303 5422; x_wconf 87' lang='lat' dir='ltr'><strong>et</strong></span> <span class='ocrx_word' id='word_1_951' title='bbox 3325 5376 3384 5422; x_wconf 91' lang='lat' dir='ltr'><strong>ut</strong></span> <span class='ocrx_word' id='word_1_952' title='bbox 3401 5368 3642 5423; x_wconf 74' lang='lat' dir='ltr'><strong>omnium</strong></span> 
     </span>
    </p>
   </div>
   <div class='ocr_carea' id='block_1_119' title="bbox 2057 5456 3642 5532">
    <p class='ocr_par' dir='ltr' id='par_1_119' title="bbox 2057 5456 3642 5532">
     <span class='ocr_line' id='line_1_119' title="bbox 2057 5456 3642 5532; baseline -0.006 -13"><span class='ocrx_word' id='word_1_953' title='bbox 2057 5465 2172 5519; x_wconf 88' lang='lat' dir='ltr'><strong>sitis</strong></span> <span class='ocrx_word' id='word_1_954' title='bbox 2215 5464 2490 5532; x_wconf 88' lang='lat' dir='ltr'><strong>vilissimi,</strong></span> <span class='ocrx_word' id='word_1_955' title='bbox 2519 5464 2756 5517; x_wconf 90' lang='lat' dir='ltr'><strong>omnium</strong></span> <span class='ocrx_word' id='word_1_956' title='bbox 2786 5460 3097 5526; x_wconf 88' lang='lat' dir='ltr'><strong>humillimi,</strong></span> <span class='ocrx_word' id='word_1_957' title='bbox 3125 5460 3365 5514; x_wconf 85' lang='lat' dir='ltr'><strong>omnium</strong></span> <span class='ocrx_word' id='word_1_958' title='bbox 3400 5456 3642 5522; x_wconf 84' lang='lat' dir='ltr'><strong>minimi,</strong></span> 
     </span>
    </p>
   </div>
   <div class='ocr_carea' id='block_1_120' title="bbox 2056 5547 3644 5623">
    <p class='ocr_par' dir='ltr' id='par_1_120' title="bbox 2056 5547 3644 5623">
     <span class='ocr_line' id='line_1_120' title="bbox 2056 5547 3644 5623; baseline -0.006 -14"><span class='ocrx_word' id='word_1_959' title='bbox 2056 5568 2258 5623; x_wconf 85' lang='lat' dir='ltr'><strong>vosque</strong></span> <span class='ocrx_word' id='word_1_960' title='bbox 2281 5554 2519 5608; x_wconf 89' lang='lat' dir='ltr'><strong>omnium</strong></span> <span class='ocrx_word' id='word_1_961' title='bbox 2555 5563 2854 5623; x_wconf 88' lang='lat' dir='ltr'><strong>postremos</strong></span> <span class='ocrx_word' id='word_1_962' title='bbox 2878 5551 3151 5606; x_wconf 89' lang='lat' dir='ltr'><strong>collocetis</strong></span> <span class='ocrx_word' id='word_1_963' title='bbox 3184 5566 3196 5602; x_wconf 92' lang='lat'>:</span> <span class='ocrx_word' id='word_1_964' title='bbox 3230 5548 3346 5602; x_wconf 57' lang='lat' dir='ltr'><strong>haec</strong></span> <span class='ocrx_word' id='word_1_965' title='bbox 3367 5547 3510 5601; x_wconf 83' lang='lat' dir='ltr'><strong>enim</strong></span> <span class='ocrx_word' id='word_1_966' title='bbox 3537 5547 3644 5600; x_wconf 55' lang='lat' dir='ltr'><strong>vir.</strong></span> 
     </span>
    </p>
   </div>
   <div class='ocr_carea' id='block_1_121' title="bbox 2059 5640 3642 5718">
    <p class='ocr_par' dir='ltr' id='par_1_121' title="bbox 2059 5640 3642 5718">
     <span class='ocr_line' id='line_1_121' title="bbox 2059 5640 3642 5718; baseline -0.006 -17"><span class='ocrx_word' id='word_1_967' title='bbox 2059 5655 2144 5703; x_wconf 88' lang='lat' dir='ltr'><strong>tus</strong></span> <span class='ocrx_word' id='word_1_968' title='bbox 2168 5647 2428 5703; x_wconf 87' lang='lat' dir='ltr'><strong>honorem</strong></span> <span class='ocrx_word' id='word_1_969' title='bbox 2452 5647 2600 5704; x_wconf 89' lang='lat' dir='ltr'><strong>illum</strong></span> <span class='ocrx_word' id='word_1_970' title='bbox 2628 5646 2869 5718; x_wconf 82' lang='lat' dir='ltr'><strong>largitur,</strong></span> <span class='ocrx_word' id='word_1_971' title='bbox 2897 5659 3072 5714; x_wconf 89' lang='lat' dir='ltr'><strong>neque</strong></span> <span class='ocrx_word' id='word_1_972' title='bbox 3098 5643 3253 5713; x_wconf 80' lang='lat' dir='ltr'><strong>longe</strong></span> <span class='ocrx_word' id='word_1_973' title='bbox 3279 5640 3432 5695; x_wconf 66' lang='lat' dir='ltr'><strong>abest</strong></span> <span class='ocrx_word' id='word_1_974' title='bbox 3456 5653 3642 5693; x_wconf 76' lang='lat' dir='ltr'><strong>exem-</strong></span> 
     </span>
    </p>
   </div>
  </div>
