3854 6222
230 302 335 355 775
883 302 973 357 DE
1014 301 1241 358 PETIT.
1286 303 1536 358 FILIOR.
1579 305 1917 375 ZEBICD/El,
1953 309 2236 364 CONTRA
2279 309 2668 366 ANOMOEOS.
2714 308 2847 362 VIII.

225 410 576 464 ἀπολωλότων
595 428 610 443 °
641 413 852 466 οὐδέπω
877 415 974 485 τῆς
1011 407 1255 486 βαλϐῖδος
1282 417 1650 490 ἐξεπηδήσατε
1675 435 1688 449 ⁸
1717 420 1804 472 οὐ-

217 494 369 548 δέπω
413 495 549 565 πρὸς
593 496 662 549 τά
709 496 1062 569 παλαίσματα
1118 500 1481 555 ἀπεδύσασθε.
1535 504 1805 556 Διᾶνασθε

217 577 381 631 πιεῖν
422 581 488 632 τὸ
537 579 826 646 ποτήριον
867 581 898 634 ὃ
941 581 1056 650 ἐγὼ
1085 583 1290 652 μέλλω
1334 587 1554 649 πίνειν,
1601 587 1699 639 καὶ
1740 586 1804 639 τὸ

208 661 532 730 ,ϐάπτισμα
563 660 594 715 ὃ
630 661 746 731 ἐγὼ
769 663 1128 735 ,ϐαπτίζομαι
1155 667 1607 737 βαπτισθῆναις
1640 671 1804 739 ποτή-

217 763 336 814 ριον
376 745 608 798 ἐνταῦθα
654 748 749 798 καὶ
782 746 1066 818 βάπτισμα
1107 751 1286 804 καλῶν
1317 753 1407 804 τὸν
1443 754 1673 824 σταυρὸν
1713 755 1803 806 τὸν

215 829 412 882 ἐαυτοῦ
448 831 540 882 καὶ
579 829 671 881 τὸν
704 829 966 883 θάνατον’
998 835 1260 904 ποτήριον
1299 835 1421 904 μὲν,
1454 837 1641 907 ἐπειδὴ
1683 837 1802 906 μεθ’

214 912 411 981 ἡδονῆς
441 913 603 965 αὐτὸν
632 913 788 983 ἐπῄει
815 927 863 977 ει,
893 913 1176 986 βάπτισμα
1199 917 1284 982 δέ,
1315 918 1395 970 ὅτι
1420 918 1485 971 δι’
1519 920 1684 974 αὑτοῦ
1705 922 1802 991 τήν

213 997 542 1068 οἰκουμένην
571 996 841 1068 ἐκάθηρεν
865 1015 878 1027 ·
931 999 991 1050 οὑ
1024 998 1112 1052 διά
1158 1000 1316 1054 τοῦτο
1357 1002 1414 1054 δὲ
1445 1003 1624 1072 μόνον,
1666 1005 1801 1057 ἀλλά

215 1081 311 1132 καὶ
343 1080 431 1132 διὰ
464 1081 560 1150 τὴν
595 1081 843 1134 εὐκολίαν
877 1081 977 1151 τῆς
1025 1083 1396 1148 ἀναστάσεως.
1449 1087 1660 1157 Ὥσπερ
1691 1087 1800 1156 γὰρ

212 1165 244 1215 ὁ
287 1163 681 1233 βαπτιζόμενος
717 1165 904 1229 ὑδατι,
954 1166 1094 1235 μετά
1141 1167 1342 1239 πολλῆς
1385 1170 1671 1222 ἀνίσταται
1703 1172 1801 1238 τῆς

212 1245 488 1309 εὐκολίας,
518 1247 669 1300 οὐδὲν
697 1247 802 1299 ὑπὸ
827 1248 926 1316 τῆς
955 1248 1169 1317 φύσεως
1208 1252 1316 1304 τῶν
1351 1251 1560 1305 ὑδάτων
1595 1253 1798 1306 κωλυό-

214 1345 378 1398 μενος
405 1329 432 1369 δ
457 1347 469 1360 ·
500 1331 642 1383 οὑτω
668 1331 760 1384 καὶ
788 1331 953 1394 αὐτὸς
984 1334 1065 1396 εἰς
1098 1333 1326 1388 θάνατον
1347 1336 1592 1400 καταὸἀς
1611 1379 1624 1401 ,
1660 1337 1800 1406 μετά

212 1411 457 1474 πλείονος
499 1413 664 1484 ἀνέϐη
711 1414 812 1483 τῆς
861 1415 1139 1480 εὐκολίαςο
1193 1417 1279 1471 διά
1319 1418 1477 1472 τοῦτο
1515 1419 1798 1492 βάπτισμα

209 1494 346 1547 αὐτὸ
370 1495 544 1549 καλεῖ.
583 1499 647 1550 '0
677 1497 733 1550 δέ
758 1496 928 1564 λέγει.
959 1498 1201 1554 τοιοῦτόν
1231 1503 1380 1554 ἐστι’
1405 1502 1634 1556 δύνασθε
1664 1520 1800 1571 σφα-

209 1576 376 1645 γῆναι
407 1581 500 1631 καὶ
531 1579 858 1646 ἀποθανεῖν;
890 1580 1096 1635 τούτων
1132 1581 1242 1653 γὰρ
1271 1584 1300 1636 ὁ
1338 1584 1528 1656 καιρὸς
1556 1585 1672 1641 νῦν.
1701 1586 1797 1638 θα-

209 1661 387 1713 νάτων
412 1662 505 1713 καὶ
534 1662 792 1716 κινδύνων
816 1664 910 1717 καὶ
943 1665 1141 1718 πόνων.
1171 1666 1437 1733 Λέγουσιν
1468 1665 1619 1739 [521]
1650 1669 1794 1722 ἐκεῖ-

209 1760 316 1806 νοι,
344 1745 656 1814 Δυνάμεθα,
689 1747 810 1800 οὑδέ
839 1747 1041 1809 ειδότες
1069 1748 1123 1802 τί
1142 1765 1273 1801 ποτε
1299 1746 1367 1820 ἧν
1391 1749 1452 1803 τὸ
1480 1751 1790 1821 λεγόμενον,

205 1826 347 1880 ἀλλά
372 1831 438 1898 τῇ
469 1828 645 1881 ἐλπίδι
682 1829 783 1898 τῆς
812 1830 1135 1901 ἀπολήψεως
1162 1843 1184 1870 ε
1220 1832 1662 1904 ὑπισχνούμενοι.
1694 1835 1795 1887 Λέ-

206 1927 297 1979 γει
335 1911 470 1981 πρὸς
498 1910 694 1976 αὑτούς
718 1929 732 1942 ⁸
767 1912 843 1967 Τὸ
868 1913 986 1983 μὲν
1018 1914 1309 1982 ποτήριον
1332 1916 1564 1981 πίεσθε,
1596 1919 1694 1970 καὶ
1728 1916 1792 1970 τὸ

199 1992 554 2063 βάπτισμα,
599 1994 631 2048 δ
669 1994 786 2064 ἐγὼ
825 1995 1213 2066 βαπτίζομαι,
1252 1998 1804 2066 βαπτισθήσεσθει

203 2077 299 2130 τὸν
353 2077 581 2133 θάνατον
637 2078 780 2131 οὑτω
827 2078 1000 2148 λέγων
1025 2097 1037 2109 ·
1082 2081 1178 2134 καὶ
1215 2081 1325 2152 γάρ
1384 2083 1641 2148 Ἰάκωϐος
1681 2086 1789 2138 ἀπ-

202 2160 418 2233 ετμήθη
447 2160 726 2234 μαχαίρᾳ,
774 2165 870 2216 καὶ
929 2163 1180 2234 Ἰωάννης
1228 2165 1488 2229 πολλάκις
1530 2168 1785 2223 ἀπέθανε.

209 2247 284 2301 Τὸ
321 2246 390 2300 δὲ
425 2247 668 2302 καθίσαι
700 2248 769 2301 ἐκ
811 2247 1025 2310 δεξιῶν
1044 2265 1185 2317 μου,
1215 2249 1316 2303 καὶ
1357 2250 1426 2312 ἐξ
1469 2253 1788 2321 εὐωνύμων

196 2348 343 2399 μου.
371 2332 482 2384 οὐκ
510 2331 683 2386 ἐστιν
707 2332 854 2401 ἐμὸν
872 2331 1104 2394 δοῦναι,
1136 2333 1274 2387 ἀλλ’
1298 2329 1388 2399 ΟῙς
1408 2333 1784 2405 ἡτοίμασται.

207 2416 278 2468 ’0
312 2413 370 2467 δὲ
393 2413 562 2483 λέγει,
588 2414 827 2468 τοιοῦτόν
862 2417 1010 2468 ἐστιν
1035 2432 1048 2446 ·

287 2503 664 2557 Ἀποθανεῖσθε
727 2504 848 2573 μὲν,
903 2505 998 2557 καὶ
1064 2506 1446 2576 σφαγήσεσθε,
1497 2508 1594 2561 καὶ
1656 2527 1788 2580 μαρ-

196 2585 374 2656 τυρίῳ
411 2585 814 2657 τιμηθήσεσθεο
859 2586 922 2640 τὸ
968 2587 1152 2656 μέντοι
1199 2587 1451 2658 πρώτους
1497 2590 1782 2657 γενέσθαι,

198 2669 302 2720 οὑκ
329 2670 473 2721 ἐστιν
506 2668 635 2739 ἐμὸν
667 2668 885 2733 δοῦναι,
931 2669 1065 2723 ἀλλά
1094 2670 1202 2723 τῶν
1236 2671 1654 2741 ἀγωνιζομένων
1693 2675 1787 2728 λα-

197 2751 338 2816 ϐεῖν,
381 2752 470 2806 διὰ
509 2752 754 2816 πλείονος
803 2753 908 2823 τῆς
956 2754 1230 2825 σπουδῆς,
1261 2755 1348 2808 διὰ
1399 2755 1646 2826 μείζονος
1686 2759 1786 2828 τῆς

197 2835 528 2906 προθυμίας.
583 2837 702 2890 Ἵνα
748 2837 805 2890 δέ
854 2836 882 2889 δ
929 2836 1072 2906 λέγω
1134 2839 1360 2908 γένηται
1425 2839 1779 2910 σαφέστερον,

198 2917 530 2989 ὑποθώμεθα
581 2915 721 2973 εἷναί
779 2937 900 2972 τινα
956 2920 1327 2992 ἀγωνοθέτηψ
1389 2917 1508 2974 εἶτα
1569 2924 1782 2993 μητέρα

195 3001 436 3072 ἀθλητὰς
465 3002 692 3072 ἔχουσαν
711 3000 806 3054 δύο
849 3001 1043 3064 παῖδας
1067 3041 1082 3066 ,
1131 3002 1448 3073 προσελθεῖν
1496 3006 1634 3074 μετά
1671 3006 1781 3059 τῶν

194 3085 405 3138 παίδων
436 3085 607 3154 αὐτῆς
649 3083 729 3154 τῷ
763 3084 1077 3158 ἀγωνοθέτῃ
1098 3126 1111 3148 ,
1144 3087 1239 3139 καὶ
1271 3086 1482 3155 λέγειν’
1530 3089 1650 3141 εἰπὲ
1694 3089 1781 3143 ἵνα

191 3162 342 3222 οὗτοι
389 3170 440 3221 οἱ
475 3167 569 3221 δύο
607 3168 712 3220 υἱοί
763 3185 866 3238 μου
901 3167 992 3220 τὸν
1032 3168 1295 3236 στέφανον
1338 3169 1576 3224 λάϐωσι·
1603 3171 1655 3222 τί
1679 3173 1782 3225 τοί-

193 3269 291 3306 νυν
320 3251 481 3312 αὐτὸς
509 3251 922 3321 ἀποκρινεῖταις
968 3250 1039 3311 Τὸ
1071 3251 1202 3304 αὐτὸ
1245 3251 1307 3322 δὴ
1346 3253 1501 3307 τοῦτο
1521 3293 1535 3314 ,
1564 3255 1646 3307 ὅτι
1681 3255 1780 3308 οὑκ

193 3335 345 3389 ἔστιν
376 3335 506 3405 ἐμὸν
533 3333 717 3388 δοῦναι
742 3351 754 3362 ·
789 3334 1133 3404 ἀγωνοθέτης
1164 3337 1303 3406 εἰμὶ,
1330 3337 1391 3389 οὐ
1435 3338 1618 3409 χάριτι
1645 3338 1779 3409 βρα-

189 3419 390 3483 ϐεύων,
435 3418 556 3472 οὑδέ
611 3416 860 3488 ἱκετηρία
907 3417 1002 3470 καὶ
1043 3417 1224 3488 δεήσει
1265 3420 1375 3471 τῶν
1418 3422 1775 3490 προσιόντων,

187 3502 328 3556 ἀλλά
354 3501 432 3572 τῷ
471 3501 616 3554 τέλει
644 3501 753 3552 τῶν
783 3503 1142 3570 πραγμάτιον.
1175 3501 1344 3555 Τοῦτο
1384 3503 1492 3574 γὰρ
1541 3505 1777 3574 μάλιστα

187 3584 559 3655 ἀγωνοθέτου,
586 3584 647 3637 τὺ
676 3584 750 3654 μὴ
785 3582 971 3648 ἁπλῶς
1000 3583 1093 3635 καλ⁵
1132 3585 1207 3648 ὡς
1253 3585 1409 3657 ἔτυχε
1459 3588 1660 3643 διδόναι
1703 3590 1773 3644 τὰ

188 3669 441 3742 βραδεῖα,
475 3669 586 3721 ἀλλ’
624 3667 876 3740 ἀνδρείαν
904 3668 1151 3738 τιμῶντα
1179 3669 1228 3723 ἀ.
1275 3671 1445 3724 Τοῦτο
1490 3673 1554 3744 δὴ
1610 3671 1703 3727 καὶ
1747 3677 1775 3728 ὁ

185 3753 423 3825 Χριστὸς
461 3753 634 3804 ποιεῖ·
671 3752 772 3804 οὐκ
817 3751 1048 3823 ἐξαίρων
1088 3751 1156 3804 τὰ
1196 3752 1297 3822 τῆς
1335 3754 1521 3818 οὐσίας
1547 3797 1561 3822 ,
1602 3755 1774 3820 οὕτως

181 3833 364 3896 εἶπεν,
405 3835 541 3888 ἀλλά
572 3835 733 3888 τοῦτο
763 3833 958 3904 δηλῶν,
989 3836 1070 3888 ὅτι
1108 3836 1208 3888 οὑκ
1244 3836 1410 3888 αὑτοῦ
1445 3838 1606 3906 μόνου
1654 3840 1771 3891 ἐστὶ

181 3921 368 3973 δοῦναι
391 3959 405 3982 ,
433 3918 570 3972 ἀλλὰ
613 3918 710 3972 καὶ
747 3918 854 3970 τῶν
881 3917 1300 3986 ἀγωνιζομένων
1333 3917 1539 3972 λαϐεῖν.
1571 3921 1632 3972 El
1664 3923 1772 3990 γὰρ

181 4002 353 4055 αὑτοῦ
384 4001 546 4070 μόνου
573 3996 662 4070 ἦν,
708 3999 908 4063 πάντες
932 3999 1212 4070 ἄνθρωποι
1240 3999 1305 4052 ἂν
1335 4000 1643 4072 ἐσώθησαν,
1681 4005 1771 4056 καὶ

179 4088 266 4148 εἰς
312 4085 608 4152 ἐπίγνωσιν
643 4082 904 4153 ἀληθείας
949 4079 1147 4154 ἦλθον·
1183 4084 1233 4134 εί
1284 4081 1450 4136 αὑτοῦ
1488 4084 1650 4154 μόνον
1677 4081 1766 4157 ἦν,

176 4171 285 4223 οὐκ
331 4169 397 4222 ἂν
428 4168 673 4235 ἐγένοντο
709 4167 954 4237 διάφοροι
992 4166 1175 4236 τιμαί·
1209 4168 1416 4229 πάντας
1467 4166 1577 4239 γάρ
1606 4169 1769 4232 αὐτὸς

179 4253 442 4323 ἐποίησε,
473 4252 567 4304 καὶ
600 4251 816 4304 πάντων
854 4251 1055 4320 ὁμοίως
1101 4249 1346 4319 κήδεται.
1401 4249 1522 4304 Ὅτι
1560 4251 1617 4304 δέ
1662 4255 1769 4307 εἰσι

178 4337 430 4406 διάφοροι
457 4335 633 4405 τιμαὶ,
669 4333 832 4387 ἄκουε
864 4332 1078 4385 Παύλου
1110 4330 1268 4384 τοῦτο
1299 4331 1586 4403 δηλοῦντος
1616 4336 1710 4388 καὶ
1739 4347 1762 4374 e

175 4423 433 4488 λέγοντος
453 4436 466 4449 ·
503 4420 688 4486 Ἀλλη
729 4417 882 4482 δόξα
913 4417 1115 4484 ήλίου,
1159 4417 1259 4470 καὶ
1290 4417 1453 4484 ἄλλη
1485 4418 1636 4482 δόξα
1663 4433 1766 4473 σε-

180 4504 413 4570 λήνης,
475 4500 576 4554 καὶ
626 4499 787 4567 ἄλλη
846 4498 996 4564 δόξα
1045 4499 1349 4567 ἀστέρων·
1407 4501 1603 4570 ἀστὴρ
1660 4503 1768 4572 γὰρ

178 4585 436 4654 ἀστέρος
468 4581 729 4652 διαφέρει
752 4582 822 4634 ὲν
849 4579 1018 4649 δόξῃ.
1048 4580 1156 4634 Καὶ
1182 4580 1364 4644 πάλιν,
1396 4583 1471 4635 El
1493 4600 1584 4648 τις
1607 4583 1767 4639 ἐποι-

177 4667 428 4738 κοδομεῖ
454 4666 552 4720 ἐπὶ
595 4665 702 4719 τὸν
738 4663 1010 4733 θεμέλιον
1035 4664 1250 4717 τοῦτον
1290 4665 1546 4732 χρυσὸν,
1590 4667 1767 4736 ἄργυ-

176 4768 312 4816 ρον,
364 4750 574 4810 λίθους
601 4748 856 4816 τιμίους.
898 4745 973 4798 Τὸ
1017 4745 1260 4799 ποικίλον
1291 4747 1400 4817 γάρ
1430 4748 1530 4818 τῆς
1565 4751 1767 4821 ἀρετῆς

177 4831 464 4904 ἐμφαίνων
486 4832 514 4884 ὁ
535 4829 764 4892 Παῦλος,
782 4828 923 4881 οὑτω
937 4828 1026 4880 τὸν
1047 4827 1202 4895 λόγον
1222 4828 1299 4880 διε
1309 4827 1561 4884 σκεύασε.
1581 4832 1766 4886 Ταῦτα

176 4915 239 4968 δὲ
267 4915 440 4984 ἔλεγε,
467 4913 682 4974 δεικνὺς
712 4912 791 4964 ὃτι
825 4912 928 4963 οὐκ
961 4910 1077 4963 ἐστι
1106 4909 1468 4977 καθεύδοντας
1498 4915 1593 4967 καὶ
1632 4917 1762 4986 ρέγ-

177 5014 375 5069 κοντας
425 4995 687 5050 εἰσελθεῖν
729 4997 810 5057 είς
865 4993 965 5064 τὴν
1013 4993 1292 5063 βασιλείαν
1339 4996 1448 5049 τῶν
1495 4999 1760 5067 οὐρανῶν,

175 5080 319 5134 ἀλλὰ
361 5080 448 5133 διὰ
501 5078 711 5132 πολλῶν
765 5076 999 5145 θλίψεων
1046 5076 1130 5129 δεῖ
1177 5076 1361 5131 λαὸεῖν
1406 5080 1476 5132 τά
1534 5079 1765 5152 βραϐεῖα

175 5166 386 5217 ἐκεῖνα.
426 5161 643 5232 Ἐπειδὴ
668 5160 778 5231 γὰρ
804 5157 894 5212 διὰ
921 5159 982 5211 τὸ
1013 5159 1214 5229 πολλῆς
1249 5159 1545 5214 ἀπολαύειν
1579 5163 1763 5230 φιλίας

175 5249 277 5304 καὶ
309 5244 621 5317 παρρησίας
649 5243 899 5310 ἐνόμιζον
938 5243 1021 5295 ὄτι
1049 5243 1145 5295 καὶ
1181 5243 1291 5296 τῶν
1324 5243 1528 5315 ἐτέρων
1570 5262 1759 5316 προτι,

241 5435 271 5462 ⁸
293 5434 444 5483 Savil.
471 5437 525 5482 el
555 5437 767 5493 quatuor
788 5429 1106 5494 manuscripli
1139 5431 1256 5480 αὐτὸ
1277 5433 1397 5491 ἔπιε,
1440 5431 1611 5482 Morel.
1642 5447 1757 5483 vero

174 5494 322 5556 εὐτὸν
343 5495 498 5556 ἐπῄει,
516 5500 672 5542 recte.

238 5555 268 5596 δ
295 5553 541 5604 Duo
560 5553 888 5616 κατεχόμενος.

240 5619 266 5680 ξ
289 5617 372 5665 Sic
382 5617 494 5680 Sav.
509 5613 906 5680 elquaiimrrmss.
921 5613 1040 5680 Mpr.
1059 5626 1175 5680 νει-ρ
1184 5615 1466 5677 ὑπολήψεως
1479 5629 1753 5680 perperam.

239 5677 268 5718 ἀ
290 5679 440 5727 Savil.
463 5685 514 5726 el
538 5690 663 5725 unus
685 5679 910 5737 τιμῶντα,
939 5676 1022 5725 alii
1046 5678 1289 5737 τιμῶντος.

245 5740 268 5766 ⁸
287 5738 491 5792 Δηίτοῦ
514 5737 764 5796 δηλοῦντος
787 5738 884 5784 καί.

3391 304 3495 358 776

1916 425 2274 496 μηθήσονται,
2301 429 2387 481 ἵνα
2414 427 2488 499 μή
2514 427 2688 480 ταῦτα
2710 422 3107 484 ὑποπτεύοντες
3129 418 3494 492 ῥαθυμότεροι
3521 465 3528 469 .

1909 508 2194 575 γένωνται,
2225 511 2426 581 ταύτης
2455 512 2684 580 ἀπάγων
2711 508 2909 570 αὐτοὺς
2944 508 3039 576 τῆς
3070 504 3349 567 ὑπονοίας,
3389 521 3492 573 φησι

1905 591 2021 643 σίν·
2051 595 2171 646 Οὐκ
2198 593 2370 647 ἔστιν
2405 594 2552 663 ἐμὸν
2580 593 2824 654 δοῦναι,
2862 590 2976 643 ἀλλ’
3009 587 3184 659 ὑμῶν,
3216 589 3264 640 εἰ
3297 587 3490 658 βουληο

1909 674 2109 744 θείητε,
2139 677 2324 730 λαϐεῖν
2348 695 2360 708 ο
2391 679 2479 731 ἵνα
2513 677 2736 730 πλείονα
2771 672 3114 743 ἐπιδείξησθε
3155 671 3488 740 προθυμίαν,

1909 758 1994 810 ἵνα
2031 759 2254 828 μείζονα
2295 761 2475 823 πόνον,
2535 762 2621 814 ἵνα
2655 760 2856 830 πολλὴν
2909 758 3008 828 τὴν
3058 757 3325 823 σπουδήν·
3374 756 3488 818 τοῖς

1905 841 2016 911 γὰρ
2051 841 2233 913 ἔργοις
2279 843 2472 914 τίθημι
2511 845 2638 906 τοὺς
2679 843 2972 911 στεφάνους
2995 879 3008 899 .
3041 841 3132 892 καὶ
3163 841 3274 900 τοῖς
3304 837 3488 899 πόνοις

1904 925 2004 987 τὰς
2037 924 2201 991 τιμὰς
2223 967 2237 988 ,
2271 927 2364 979 καὶ
2408 926 2486 996 τῷ
2536 925 2720 996 ἱδρῶτι
2753 925 2825 977 τά
2875 923 3102 995 βραδεῖα
3123 935 3136 949 ’
3170 919 3310 990 αὐτη
3356 917 3486 989 παρ’

1906 1008 2029 1077 ἐμοὶ
2065 1007 2326 1070 σύστασις
2358 1009 2575 1079 ἀρίστη,
2608 1011 2641 1079 ἡ
2670 1009 2776 1061 ἀπὸ
2803 1007 2912 1059 τῶν
2943 1005 3119 1076 ἐργων
3163 1003 3456 1067 ἀπόδειξις.

1976 1097 2051 1154 ς’.
2101 1091 2284 1161 Ὁρᾷς,
2327 1092 2444 1156 πῶς
2474 1094 2532 1144 οὐ
2577 1093 2751 1162 μάτην
2790 1090 2994 1157 ἔλεγον,
3033 1089 3115 1140 ὃτι
3156 1086 3280 1140 οὔτε
3316 1083 3483 1138 αὑτοῦ

1904 1171 2072 1233 ἐστιν,
2092 1173 2214 1226 οὔτε
2246 1174 2340 1226 τοῦ
2375 1175 2608 1245 Πατρὶς,
2644 1173 2779 1226 ἀλλὰ
2811 1171 2918 1241 τῶν
2948 1169 3365 1240 ἀγωνιζομένων
3391 1168 3484 1221 καὶ

1904 1255 2212 1310 πονούντων
2233 1257 2326 1311 καὶ
2348 1255 2881 1328 ταλαιπωρουμένων
2898 1274 2912 1319 ;
2930 1255 3026 1306 Διά
3043 1253 3281 1323 δήτοῦτο
3301 1251 3395 1305 καὶ
3416 1253 3484 1321 τῇ

1916 1337 2268 1410 Ἰερουσαλὴμ
2297 1340 2449 1408 ἔλεγε
2472 1355 2483 1367 ·
2516 1340 2781 1405 Ποσάκις
2810 1337 3083 1406 ἠθέλησα
3120 1337 3486 1402 ἐπισυναγα-

1902 1420 2033 1489 γεῖν
2068 1422 2141 1475 τὰ
2176 1421 2326 1494 [522]
2358 1423 2542 1476 τέκνα
2573 1421 2758 1491 ὑμῶν,
2816 1421 2887 1473 ὃν
2933 1421 3156 1489 τρόπον
3199 1419 3362 1486 ὄρνις
3414 1418 3485 1470 τὰ

1901 1505 2127 1558 νοσσία
2158 1505 2396 1572 ἑαυτῆς,
2431 1505 2528 1558 καὶ
2556 1507 2667 1558 οὐκ
2701 1503 3064 1570 ἠθελήσατε
3093 1501 3221 1555 ἰδοὺ
3248 1500 3512 1568 ἀφίεται--

1902 1589 1934 1639 ό
1958 1587 2124 1653 οἶκος
2166 1587 2334 1656 ὑμῶν
2359 1587 2597 1656 ἔρημος.
2639 1588 2801 1657 Ὁρᾷς
2834 1588 2916 1640 ὅτι
2953 1585 3062 1638 τῶν
3095 1583 3483 1655 ῥᾳθυμούντων
3511 1610 3518 1615 ·

1900 1670 1993 1721 καὶ
2024 1669 2499 1723 ἀναπεπτωκότων
2541 1672 2634 1722 καὶ
2685 1670 2891 1722 ὑπτίων
2938 1669 3206 1737 κειμένων
3255 1668 3355 1719 οὐκ
3402 1665 3482 1718 ἔνι

1897 1753 2019 1805 τινά
2051 1752 2290 1821 σωθῆναί
2319 1752 2337 1790 τ
2367 1769 2532 1816 ποτε;
2575 1753 2671 1804 Ἐκ
2697 1752 2888 1804 τούτου
2926 1751 3018 1804 καὶ
3047 1749 3233 1821 ἔτερόν
3265 1766 3315 1800 τι
3348 1765 3486 1818 μαν-

1899 1834 2133 1906 θάνομεν
2179 1836 2510 1907 ἀπόρρητον,
2551 1836 2632 1888 ὅτι
2673 1835 2773 1888 οὐκ
2808 1835 2971 1906 ἀρκεῖ
3010 1834 3128 1887 οὐδὲ
3181 1831 3482 1903 μαρτύριον

1896 1919 1995 1988 τὴν
2023 1919 2283 1972 ἀνωτάτω
2305 1919 2488 1972 δοῦναι
2511 1919 2677 1989 τιμὴν
2704 1919 2799 1971 καὶ
2837 1918 2939 1987 τὴν
2967 1916 3310 1987 ὑψηλοτάτην
3345 1931 3478 1984 προσ

1894 2001 2096 2073 εδρίαν.
2127 2003 2258 2055 Ἰδοὺ
2277 2001 2408 2070 γοῦν
2429 2002 2641 2064 τούτοις
2665 2003 2942 2071 προεῖπεν,
2965 2001 3047 2053 ὅτι
3067 2000 3478 2070 μαρτυρήσουσι

1897 2084 2014 2154 μὲν,
2045 2084 2105 2137 οὑ
2136 2085 2353 2148 πάντως
2381 2084 2437 2137 δὲ
2469 2083 2576 2137 τῶν
2595 2083 2881 2155 πρωτείων
2906 2082 3214 2148 τεύξονταιο
3242 2082 3348 2133 εἰσὶ
3369 2079 3479 2150 γάρ

1891 2183 2034 2230 τινες
2070 2169 2118 2220 οἱ
2183 2167 2276 2220 καὶ
2322 2167 2544 2236 μείζονα
2590 2166 2877 2237 δυνάμενοι
2923 2162 3315 2230 ἐπιδείξασθαι.
3369 2161 3481 2216 Καὶ

1889 2248 2049 2302 τοῦτο
2071 2249 2246 2318 δηλῶν
2276 2249 2430 2317 ἔλεγε
2450 2266 2464 2280 ο
2500 2247 2572 2303 Τὸ
2618 2249 2737 2318 μὲν
2763 2247 3053 2317 ποτήριόν
3080 2265 3200 2316 μου
3228 2246 3439 2298 πίεσθε
3458 2284 3476 2310 ,

1890 2330 1990 2383 καὶ
2016 2332 2081 2385 τὸ
2104 2331 2421 2400 ,βάπτισμα
2459 2332 2490 2385 ὃ
2523 2332 2638 2402 ἐγὼ
2673 2330 3030 2400 βαπτίζομαι
3062 2325 3481 2394 ,ϐαπτισθήσε-

1888 2417 2018 2468 σθε·
2043 2417 2108 2468 τὸ
2149 2415 2216 2467 δὲ
2247 2415 2316 2468 ἐκ
2351 2415 2565 2479 δεξιῶν
2591 2416 2855 2476 καθίσαι,
2888 2416 2985 2468 καὶ
3017 2414 3086 2478 ἐξ
3129 2412 3474 2481 εὐωνύμων,

1887 2500 1998 2552 οὐκ
2032 2497 2201 2551 ἔστιν
2233 2497 2379 2566 ἐμὸν
2415 2497 2657 2552 δοῦναι·
2694 2498 2794 2567 οὑχ
2839 2497 2922 2550 ὅτι
2963 2497 3206 2560 καθίζει,
3248 2495 3383 2548 ἀλλά
3414 2494 3512 2548 τὸ*

1891 2582 2136 2651 μείζονος
2166 2581 2473 2635 ἀπολαῦσαι
2506 2581 2673 2650 τιμῆς
2692 2621 2705 2644 ,
2733 2581 2794 2634 τὸ
2833 2581 2942 2634 τῶν
2972 2579 3257 2652 πρωτείων
3285 2580 3475 2630 ἐπιτυ-·

1886 2667 2020 2734 χεῖν,
2055 2665 2117 2718 τὸ
2147 2665 2406 2736 ἀνωτέρω
2438 2665 2652 2718 πάντων
2693 2664 2966 2732 γενέσθαι,
3003 2663 3160 2717 τοῦτό
3193 2665 3332 2722 ἐστι,
3369 2678 3474 2730 φη-

1889 2748 2003 2800 σίν·
2041 2748 2100 2801 τὸ
2128 2750 2306 2801 τοίνυν
2346 2748 2569 2802 καθίσαι
2609 2751 2672 2801 ἐκ
2710 2747 2898 2813 δεξιῶν
2930 2749 3024 2801 καὶ
3059 2748 3120 2811 ἐξ
3151 2745 3503 2813 εὑο›νύμων,,

1887 2831 2332 2898 συγκαταϐαίνων
2361 2832 2542 2894 αὐτοῖς
2572 2833 2662 2883 ἐπὶ
2689 2834 2755 2902 τῇ
2798 2831 3024 2901 ὑπονοίᾳ
3052 2830 3237 2900 φησίν.
3293 2829 3472 2880 Ἐκεῖ-

1884 2930 1962 2965 νοι
1992 2913 2102 2983 γάρ
2133 2915 2201 2967 τὰ
2223 2913 2416 2984 πρῶτα
2442 2916 2465 2952 ⁸
2491 2912 2742 2983 ἐζήτουν,
2769 2915 2861 2967 καὶ
2885 2913 2946 2966 τὸ
2969 2912 3077 2966 τῶν
3101 2912 3276 2965 ἄλλων
3303 2909 3502 2963 ἀπάνε-

1883 3013 1989 3049 των
2027 2996 2244 3067 μείζους
2272 2996 2528 3066 φανῆναι.
2567 2996 2739 3048 Τοῦτο
2763 2992 2856 3049 οὖν
2889 2995 3051 3060 αὑτὸ,
3085 2995 3236 3064 φησὶ,
3272 2995 3332 3044 τὸ
3362 2992 3470 3044 τῶν

1882 3078 2056 3132 ἀλλων
2080 3081 2224 3149 ὑμᾶς
2251 3080 2468 3150 μείζους
2495 3081 2750 3148 φανῆναι,
2776 3079 2872 3132 καὶ
2901 3079 3118 3132 πάντων
3138 3076 3467 3146 ἀνωτέρους,

1880 3163 1980 3215 οὐκ
2004 3162 2151 3215 ἔστιν
2179 3164 2288 3216 ἀπὸ
2321 3163 2513 3217 τούτου
2545 3163 2706 3232 μόνου
2743 3161 2927 3215 λαϐεῖν
2949 3178 2961 3191 ·
2984 3157 3344 3214 ἀποθανεῖσθε
3370 3156 3470 3226 μὲν

1880 3243 2019 3311 γάρ’
2053 3245 2113 3297 τὸ
2137 3245 2195 3298 δὲ
2217 3245 2316 3313 τῆς
2341 3245 2606 3299 ἀνωτάτω
2643 3245 2810 3315 τιμῆς
2843 3242 3147 3296 ἀπολαῦσαι
3188 3241 3288 3294 οὑκ
3319 3240 3467 3292 ἐστιν

1880 3328 2009 3398 ἐμὸν
2039 3327 2243 3392 δοῦναι,
2277 3329 2391 3382 ἀλλύ
2431 3329 2662 3400 ἐκείνοις
2686 3323 2768 3391 οἷς
2799 3329 3152 3398 ἡτοίμασται.
3196 3326 3300 3380 Καὶ
3325 3326 3469 3379 τίσιν

1877 3411 2229 3482 ἡτοίμασταις
2246 3412 2368 3464 είπέ
2395 3429 2505 3482 μοι.
2543 3411 2773 3481 Ἴδωμεν
2788 3411 2931 3474 τίνες
2947 3405 3091 3464 οῦτοι
3112 3411 3162 3462 οἱ
3183 3409 3463 3480 μακάριοι.

1878 3495 1972 3547 καὶ
2016 3495 2406 3567 τρισμακάριοι
2433 3534 2446 3553 .
2480 3496 2576 3547 καὶ
2605 3494 2714 3548 τῶν
2746 3495 3013 3565 λαμπρῶν
3058 3494 3283 3547 ἐκείνων
3329 3497 3465 3549 ἀπο-

1876 3577 2131 3640 λαύοντες
2149 3578 2445 3647 στεφάνων.
2471 3578 2627 3640 Τίνες
2649 3574 2742 3632 οὖν
2768 3579 2904 3631 εἰσιν
2931 3571 3098 3642 οὗτοι,
3130 3584 3222 3631 καὶ
3238 3579 3289 3631 τί
3317 3582 3488 3646 ποιήσ-

1879 3679 2067 3724 σαντες
2087 3663 2228 3715 οὕτω
2259 3662 2550 3730 φανοῦνται
2583 3662 2860 3733 λαμπροί;
2894 3663 3159 3715 ’Ἄκουσον
3185 3662 3347 3716 αὑτοῦ
3375 3663 3464 3716 λέι-

1875 3762 2080 3813 γοντος⁹
2109 3746 2294 3817 ἐπειδὴ
2315 3745 2423 3814 γὰρ
2439 3746 2827 3816 ἠγανάκτησαν
2852 3746 2901 3797 οἱ
2917 3745 3049 3798 δέκα
3070 3745 3198 3816 περί
3214 3745 3322 3797 τῶν
3344 3745 3479 3809 δύο,-

1875 3827 1956 3879 ὅτι
1973 3827 2034 3896 δὴ
2055 3828 2568 3898 ἀπορραγέντεςτοῦ
2582 3827 2766 3897 χοροῦ,
2785 3827 2884 3898 τὴν
2906 3827 3167 3880 ἀνωτάτω
3193 3827 3360 3898 τιμὴν
3381 3829 3475 3891 είς,

1876 3908 2099 3970 ἑαυτοὺς
2124 3907 2452 3977 περιστῆσαι
2479 3906 2761 3959 ἐϐούλοντο
2779 3947 2794 3971 ,
2831 3907 2931 3976 ὅρα
2955 3907 3071 3968 πῶς
3105 3906 3199 3959 καὶ
3233 3907 3460 3960 ἐκείνων

1873 3989 2176 4059 διορθοῦται
2197 3990 2259 4042 τὸ
2283 3989 2451 4053 πάθος
2475 3991 2568 4042 καὶ
2607 3989 2832 4042 τούτων.
2859 3988 3110 4051 Καλέσας
3132 3988 3239 4059 γὰρ
3260 3989 3458 4052 αὐτούς

1875 4088 2070 4143 φησιν’
2110 4075 2174 4125 Οἱ
2205 4071 2494 4141 ἄρχοντες
2521 4071 2645 4125 τῶν
2684 4069 2876 4126 ἐθνῶν
2919 4072 3458 4137 κατακυριεύουσιν

1873 4153 2090 4218 αὐτῶν,
2131 4153 2228 4208 καὶ
2276 4157 2330 4208 οί
2362 4153 2614 4224 μεγάλοι
2652 4153 2853 4207 αὐτῶν
2886 4153 3458 4217 κατεξουσιάζουσιν

1870 4237 2101 4291 αὐτῶν·
2145 4238 2304 4308 παρὰ
2333 4238 2401 4291 δέ
2439 4238 2580 4306 ὑμῖν
2634 4240 2746 4292 οὐκ
2777 4238 2948 4291 ἕσται
2976 4238 3197 4303 οὕτως,
3237 4237 3377 4292 ἀλλ’
3421 4241 3456 4293 ό

1871 4319 2064 4373 θέλων
2100 4321 2168 4374 ἐν
2207 4322 2348 4390 ὑμῖν
2389 4316 2543 4376 εἷναι
2585 4320 2814 4388 πρῶτος
2835 4357 2852 4384 ,
2911 4319 3175 4389 γενέσθω
3213 4319 3456 4375 πάντων

1873 4400 2152 4471 ἔσχατος.
2195 4404 2359 4474 Ὁρᾷς
2393 4405 2474 4457 ὅτι
2505 4403 2664 4456 τοῦτο
2698 4402 3000 4467 ἐϐούλοντο,
3033 4405 3093 4456 τὸ
3125 4403 3332 4474 πρῶτοι
3359 4421 3454 4472 γε-

1869 4484 2056 4537 νέσθαι
2088 4486 2184 4538 καὶ
2219 4487 2441 4555 μείζους
2475 4488 2571 4540 καὶ
2604 4485 2889 4556 ἀνώτεροι,
2927 4487 3051 4549 καὶ,
3101 4486 3176 4549 ώς
3213 4486 3280 4539 ἂν
3309 4488 3454 4540 εῐποι

1868 4584 1971 4630 τις,
2003 4567 2264 4639 ἄρχοντες
2294 4570 2510 4632 αὑτῶνς
2542 4569 2640 4623 Διά
2665 4569 2728 4640 δὴ
2759 4567 2922 4622 τοῦτο
2951 4569 3089 4641 πρὸς
3109 4569 3268 4623 τοῦτο
3303 4563 3452 4624 ἱστάὲ

1872 4667 2062 4720 μενος,
2097 4652 2191 4704 καὶ
2239 4650 2310 4703 τά
2354 4651 2642 4722 ἀπόρρητα
2677 4652 2856 4704 αὐτῶν
2899 4653 2979 4714 είς
3031 4653 3195 4721 μέσον
3239 4651 3459 4722 ἐξάγων

1868 4730 2076 4798 ἐλεγενο
2123 4731 2184 4784 '0
2211 4731 2403 4785 θέλων
2424 4731 2493 4784 ἐν
2515 4731 2656 4800 ὑμῖν
2679 4727 2831 4785 εἶναι
2851 4731 3102 4800 πρῶτος,
3131 4733 3286 4786 ἔστω
3307 4733 3476 4787 πάν--

1867 4829 1985 4867 των
2026 4813 2326 4878 διάκονος.
2358 4815 2420 4866 Et
2455 4813 2749 4884 προεδρίας
2791 4814 2978 4886 ἐρᾶτε,
3021 4817 3177 4886 φησὶ,
3218 4818 3312 4870 καὶ
3349 4817 3450 4887 τῆς

1867 4896 2128 4950 ἀνωτάτω
2157 4899 2342 4968 τιμῆς,
2378 4896 2450 4949 τὰ
2482 4897 2684 4967 ἐσχατα
2712 4897 2961 4962 διώκετε,
3001 4899 3064 4951 τὸ
3104 4899 3322 4956 πάντων
3355 4903 3447 4954 εὑ-

1865 4980 2080 5033 τελέστε
2091 4997 2171 5051 ροι
2197 4976 2356 5043 εἶναι,
2387 4980 2448 5032 τὸ
2468 4981 2688 5034 πάντων
2716 4982 3114 5054 ταπεινότεροι,
3134 4984 3195 5036 τὸ
3228 4985 3456 5039 πάντων

1869 5063 2212 5134 μικρότεροι,
2249 5063 2311 5116 τὸ
2348 5065 2486 5133 μετὰ
2519 5064 2646 5128 τοὺς
2686 5064 2880 5128 ἀλλους
2926 5067 3154 5129 ἑαυτοὺς
3204 5067 3444 5121 τάττειν.

1863 5145 2013 5215 Αῦτη
2039 5146 2147 5218 γὰρ
2174 5148 2206 5217 η
2233 5148 2399 5217 ἀρετὴ
2437 5148 2655 5217 ἐκείνην
2681 5147 2867 5201 δίδωσι
2901 5149 2998 5220 τὴν
3019 5151 3208 5220 τιμήν.
3247 5150 3357 5202 Καὶ
3381 5151 3448 5203 τὸ

1863 5233 2212 5303 παράδειγμα
2241 5233 2472 5302 ἐγγύθεν
2502 5239 2554 5295 h.
2580 5234 2676 5288 καὶ
2709 5234 2849 5304 μετὰ
2871 5236 3072 5307 πολλῆς
3099 5239 3196 5306 τῆς
3222 5251 3446 5304 περιουο

1865 5315 2005 5378 σίας.
2048 5318 2130 5369 ού
2165 5333 2274 5386 γαρ
2312 5313 2498 5386 ἦλθεν
2527 5329 2558 5369 ο
2593 5317 2724 5384 Υἱὸς
2760 5318 2868 5373 τοῦ
2900 5319 3215 5386 ἀνθρώπου
3242 5317 3448 5374 διακο-

1928 5497 1948 5569 Ϊ
1974 5499 2124 5569 _Sa\'il.
2139 5507 2192 5551 el
2213 5509 2312 5569 gres
2330 5517 2444 5569 mss:
2457 5505 2530 5569 ὅτι
2551 5505 2632 5552 τὸν
2655 5504 2948 5569 ῥᾳθυμοῦντα
2962 5505 3042 5554 καὶ
3066 5506 3444 5556 ἀναπεπτωκότα

1860 5561 1950 5626 καί
1967 5562 2130 5626 ὑπτιον
2155 5565 2368 5626 κείμενον
2393 5567 2480 5614 οὐκ
2503 5567 2568 5613 ἔνι
2589 5561 2811 5623 σιιὶθῆνοίι.

1911 5624 1952 5694 νε
1975 5625 2058 5672 Sic
2086 5624 2242 5672 Savlli
2269 5634 2319 5675 et
2351 5628 2563 5676 maxima
2588 5639 2702 5688 pars
2722 5641 2832 5676 mss.
2864 5627 3038 5676 Morel.
3065 5635 3184 5677 vero
3227 5628 3287 5678 τὰ
3309 5642 3445 5690 πρω-

1861 5699 1975 5732 τεια.

1921 5745 1948 5782 ἰ
1968 5744 2065 5796 Alii
2090 5747 2274 5796 ἐκεῖθεν.
2306 5747 2412 5798 Mox
2435 5747 2629 5811 quidam
2651 5750 2771 5799 habe
2781 5757 2831 5800 nl
2857 5751 2928 5799 ἐπ’
2950 5750 3070 5816 ἐμοί.

3455 5841 3482 5876 Δ
