3838 6220
376 227 478 287 ττι

382 337 658 409 ⁴νοηθῆναι,
676 342 840 399 ἀλλὰ
861 342 1241 414 διακονῆσαι,
1264 347 1360 401 καί
1386 345 1598 400 δοῦναι
1617 346 1733 413 τὴν
1749 345 1964 415 ψυχὴν

381 425 569 479 αὑτοῦ
596 426 823 494 λύτρον
862 427 997 481 ἀντὶ
1032 426 1298 482 πολλῶν.
1332 429 1455 482 Ὀτι
1482 427 1593 499 γὰρ
1628 428 1789 482 τοῦτο
1820 431 1963 482 ποιεῖ

382 507 673 579 λαμπροὺς
709 508 806 561 καὶ
844 510 1169 580 ἐπισήμους,
1203 511 1366 582 ὁρᾶτε
1396 512 1485 563 ἐπ’
1515 510 1674 581 ἐμοῦ,
1714 512 1869 582 φησὶ,
1902 511 1964 565 τὸ

383 592 620 662 πρᾶγμα
640 590 957 661 συμϐαῖνον,
980 592 1058 661 τῷ
1076 594 1151 665 μὴ
1179 594 1423 664 δεομένῳ
1438 594 1605 664 τιμῆς
1630 595 1765 665 μηδέ
1780 594 1960 665 δόξης·

381 672 499 726 ἀλλ’
528 673 677 743 ὅμως
707 674 801 726 καὶ
827 673 940 741 ἐγὼ
963 674 1033 728 τὰ
1068 676 1240 746 μυρία
1276 676 1457 746 ἀγαθὰ
1490 676 1577 730 διὰ
1609 678 1799 730 τούτου
1840 694 1964 730 κατ-

382 754 549 825 ορθῶ.
590 756 725 825 Πρὶν
751 757 784 825 ἢ
818 758 918 827 μὲν
959 758 1067 829 γὰρ
1105 758 1292 811 λαϐεῖν
1320 759 1484 812 αὐτὸν
1512 759 1613 829 τὴν
1638 759 1839 830 σάρκα,
1870 761 1964 812 καὶ

380 838 712 892 ταπεινῶσαι
747 839 961 904 ἐαυτὸν,
990 841 1169 895 πάντα
1204 841 1472 895 ἀπολώλει
1509 844 1603 896 καὶ
1627 843 1922 914 διέφθαρτο
1947 860 1960 874 ⁸

976 228 1033 286 S.
1071 228 1359 287 JOANNIS
1390 230 1884 287 CHRYSOSTOMI
1922 231 2240 290 ARCHIEP.
2282 229 2824 289 CONSTANTINOP.

3537 212 3650 268 πε

2070 347 2231 418 μένου
2248 348 2310 401 τὸ
2327 346 2730 418 ταπεινωθῆναι
2752 343 3004 399 τοσοῦτον
3019 340 3240 410 ἀγαθὸν,
3262 339 3357 394 καὶ
3378 337 3600 403 πλείους
3611 350 3644 383 ι

2065 429 2213 501 αὐτῷ
2234 430 2359 494 τοὺς
2385 431 2602 493 οἰκέτας
2624 428 2965 500 προσήγαγε,
2995 427 3089 479 καὶ
3108 424 3207 495 τὴν
3240 423 3513 494 βασιλείαν
3540 423 3646 474 ἐπ-

2064 512 2256 576 έτεινε,
2290 512 2343 565 τί
2371 512 2618 575 δέδοικας
2650 509 2840 574 αὐτὸς,
2881 510 2955 579 μὴ
2979 507 3087 561 ἀπὺ
3123 504 3214 560 τοῦ
3247 504 3649 574 ταπεινωθῆναι

2063 595 2407 667 ἐλαττωθῇς;
2444 595 2579 648 Τότε
2613 593 2933 664 ὑψελότερος
2961 590 3082 662 ἔσῃ,
3115 590 3236 642 τότε
3279 589 3474 659 μέγας,
3516 587 3649 639 τότε

2063 679 2336 749 λαμπρὸς,
2375 677 2493 731 τότε
2530 675 2854 749 περιφανὴς,
2888 675 3016 728 ὅταν
3046 671 3268 726 σεαυτὸν
3295 669 3651 739 ἐξευτελίσῃς

2064 762 2192 814 ὅταν
2227 760 2301 831 μὴ
2324 759 2431 815 τῶν
2454 760 2740 831 πρωτείων
2767 759 2919 829 ἐρᾷς,
2941 756 3069 810 ὅταν
3084 752 3448 823 ἐλαττωθῆναι
3470 768 3654 804 κατα-

2064 844 2193 915 δὲξῃ
2222 844 2314 897 καὶ
2350 846 2624 914 σφαγῆναι
2651 843 2745 895 καὶ¹
2772 838 3117 894 κινδυνεῦσαι
3138 854 3153 868 ·
3185 838 3312 890 ὅταν
3339 836 3437 906 τὴν
3459 836 3652 889 διακο-

383 922 573 993 ἐπειδὴ
622 921 679 974 δὲ
709 922 804 975 καὶ
847 924 1214 977 ἐταπείνωσεν
1251 926 1465 990 ἑαυτὸν,
1503 928 1683 979 πάντα
1719 929 1799 990 είς
2065 928 2184 979 νίαν
2219 926 2330 980 τῶν
2363 926 2575 980 πολλῶν
2609 923 2943 996 μεταδιώξῃς
2972 921 3066 974 καὶ
3091 920 3190 991 τὴν
3225 918 3520 989 θεραπείαν
3552 918 3654 969 καὶ

383 1006 648 1075 ἀνήγαγε,
677 1006 924 1076 κατάραν
944 1006 1200 1076 ἠφάνισε,
1221 1006 1450 1062 θάνατον
1465 1008 1678 1072 ἐσὸεσε,
1705 1010 1967 1078 παράδει-

386 1104 478 1140 σον
516 1085 764 1157 ήνοιξεν,
799 1089 1077 1159 ἁμαρτίαν
1120 1090 1445 1161 ἐνέκρωσεν,
1497 1090 1730 1162 ούρανοῦ
1771 1090 1965 1161 ἁψῖδας

383 1169 707 1234 ἀνεπέτασε,
729 1171 827 1241 τὴν
858 1171 1115 1243 ἀπαρχὴν
1142 1172 1300 1241 ἡμῶν
1324 1175 1406 1237 είς
1432 1174 1667 1245 οὐρανὸν
1697 1176 1964 1246 ἀνήγαγε,

385 1252 484 1322 τὴν
499 1252 824 1323 οἰκουμένην
839 1254 1125 1318 εὐσεϐείας
1142 1254 1449 1326 ἐπλήρωσε,
1473 1256 1577 1327 τὴν
1618 1256 1828 1328 πλάνην
1857 1257 1966 1310 ἀπ-

386 1334 576 1404 ήλασε,
605 1334 704 1405 τὴν
733 1334 994 1405 ἀλήθειαν
1018 1338 1359 1407 ἐπανήγαγε,
1396 1341 1496 1409 τὴν
1523 1340 1778 1411 ἀπαρχὴν
1806 1342 1839 1410 ἠ
1849 1338 1965 1410 μῶν

388 1418 468 1479 είς
500 1416 688 1486 θρόνον
718 1416 1007 1471 ἁνεὸίϐασε
1033 1419 1417 1489 βασιλικὸν,τὰ
1448 1421 1616 1492 μυρία
1646 1422 1825 1491 ἁγαθά
1852 1424 1967 1493 alp—

394 1500 616 1565 γάσατο,
641 1500 678 1554 ἃ
712 1501 849 1571 μήτε
878 1499 1006 1569 ἐγὼ,
1036 1502 1174 1572 μήτε
1206 1503 1405 1566 πάντες
1434 1505 1712 1576 ἄνθρωποι
1734 1504 1967 1559 δύναιντ’

388 1580 455 1633 ἂν
489 1581 725 1652 τῷλόγῳ
749 1584 1118 1654 παραστῆσαι.
1146 1585 1256 1637 Καὶ
1284 1588 1414 1658 πρὶν
1439 1588 1473 1658 ἢ
1508 1589 1607 1658 μὲν
1633 1589 1968 1643 ταπεινῶσαι

389 1664 600 1728 ἐαυτὸν,
651 1664 877 1733 ἄγγελοι
918 1666 1081 1735 μόνον
1119 1667 1285 1723 αὑτὸν
1328 1669 1662 1736 ἐγίνωσκον
1694 1671 1882 1742 ἐπειδὴ
1915 1671 1973 1725 δέ

390 1747 755 1802 ἐπαπείνωσεν
779 1749 993 1811 ἑαυτὸν,
1029 1749 1217 1804 ἆπασα
1246 1753 1280 1821 ή
1323 1751 1434 1804 τῶν
1470 1752 1776 1824 ἀνθρώπων
1811 1753 1973 1823 φύσις

390 1829 605 1898 ἐπέγνω
629 1831 814 1885 αὐτόν.
840 1831 984 1902 Ὂρα
1001 1832 1119 1895 πῶς
1139 1835 1172 1902 ἡ
1195 1833 1524 1898 ταπείνωσις
1544 1836 1647 1889 οὐκ
1677 1836 1971 1890 ἐλάττωσιν

389 1913 707 1984 εἰργάσατο,
740 1913 880 1968 ἀλλὰ
916 1914 1087 1985 μυρία
1121 1916 1312 1987 κέρδη,
1342 1915 1509 1987 μυρία
1542 1918 1971 1989 κατορθώματα,

392 1996 489 2051 καὶ
516 1996 702 2066 μεῖζον
731 1995 898 2050 αὐτοῦ
931 1998 1031 2067 τὴν
1058 1996 1216 2064 δόξαν
1252 1998 1556 2069 διαλάμψαι
1589 2000 1866 2072 ἐποίησεν.
1904 2002 1970 2053 El.

391 2077 439 2131 δ’
463 2080 558 2132 ἐπὶ
588 2078 683 2133 τοῦ
708 2078 848 2133 Θεοῦ
881 2080 978 2133 τοῦ
1017 2081 1298 2145 ἀνενδεοῦς
1333 2083 1426 2135 καὶ
1457 2083 1686 2155 μηδενὸς
1715 2083 1974 2155 προσδεο-

457 2212 660 2279 ‘_SlV_ij.
685 2219 739 2262 et
759 2219 973 2279 quatuor
991 2228 1107 2279 mss.
1130 2215 1552 2279 ‘tbjdﬂitvwliﬁvat
1572 2215 1817 2279 τοσούτων
1834 2219 1972 2279 γέγο-

392 2274 675 2347 urcei-nr
716 2274 957 2347 προξενον,
980 2276 1061 2324 καὶ
1096 2277 1303 2333 πλείους,
1332 2283 1430 2327 etc.
1456 2277 1585 2327 lnl'ra
1621 2278 1752 2327 idem
1777 2274 1972 2329 Saiz'et

391 2335 476 2384 Ilii
495 2335 604 2386 τᾶτι
622 2335 800 2398 ὕψηλὸς
819 2338 923 2395 ἔσῃ.

2064 1011 2165 1081 τὴν
2195 1009 2548 1081 κηδεμονίαν,
2574 1009 2668 1061 καὶ
2689 1008 2831 1077 ὑπὲρ
2859 1004 3048 1059 τούτου
3078 1003 3255 1057 πάντα
3292 1002 3386 1055 καὶ
3416 999 3655 1070 ποιῆσαι

2065 1094 2161 1147 καί⁵
2177 1091 2369 1146 παθεῖν
2380 1088 2445 1165 ᾖς
2461 1089 2997 1164 παρεσκευασμένος.
3016 1085 3201 1139 Ταῦτα
3215 1082 3307 1139 οὖν
3318 1083 3655 1149 ἐννοοῦντες,

2067 1176 2366 1245 ἀγαπητοὶ,
2400 1175 2687 1245 διώκωμεν
2735 1168 3235 1240 ταπεινοφροσύνην
3269 1167 3404 1238 μετὰ
3442 1166 3656 1234 πολλῆς

2066 1259 2166 1327 τῆς
2189 1258 2498 1330 προθυμίας
2518 1259 2571 1325 δ,
2591 1259 2685 1311 καὶ
2697 1258 2824 1310 ὅταν
2848 1252 3198 1325 ὑδριζώμεθα
3221 1253 3313 1306 καὶ
3329 1249 3660 1305 καταπτυώ-

2073 1340 2233 1410 μεθα,
2264 1342 2358 1394 καὶ
2377 1339 2447 1393 τὰ
2472 1340 2677 1410 ἔσχατα
2704 1338 2881 1392 πάντα
2910 1335 3294 1406 ὑπομένωμεν,
3324 1334 3415 1387 καί¹
3442 1334 3657 1402 ἀτιμα-

2070 1422 2292 1493 ζὼμεθα
2316 1424 2411 1477 καὶ
2445 1420 2935 1494 καταφρονῶμεθα,
2970 1421 3144 1474 πάντα
3174 1417 3292 1489 μεθ’
3323 1417 3517 1488 ἡδονῆς
3552 1415 3655 1484 φέ-

2073 1523 2275 1577 ρωμεν.
2315 1506 2482 1560 Οὐδὲν
2510 1506 2619 1578 γὰρ
2646 1505 2791 1559 οὕτω
2819 1507 2990 1558 ποιεῖν
3019 1502 3151 1572 ὕψος
3177 1501 3336 1555 εἴωθε
3369 1501 3464 1553 καὶ
3490 1499 3657 1563 δόξαν

2075 1590 2165 1642 καὶ
2192 1589 2376 1662 τιμὴν,
2425 1590 2521 1643 καὶ
2551 1589 2726 1660 μέγαν
2755 1586 3047 1651 δεικνύναι,
3077 1584 3154 1647 ώς
3193 1586 3228 1654 ή
3256 1584 3357 1654 τῆς
3391 1597 3657 1636 ταπεινοο

2074 1672 2350 1745 φροσύνης
2375 1673 2547 1745 ἀρετή
2572 1689 2585 1702 ·
2618 1673 2691 1743 ἢν
2714 1671 2927 1741 γένοιτο
2966 1669 3104 1739 μετὰ
3132 1667 3417 1741 ἀκριϐείας
3446 1681 3659 1734 κατορ-

2074 1756 2299 1819 θοῦντας
2347 1757 2494 1825 ἡμᾶς
2540 1754 2650 1809 τῶν
2693 1753 3118 1824 ἐπηγγελμένων
3168 1753 3353 1822 τυχεῖν
3404 1748 3655 1818 ἀγαθῶν,

2075 1838 2255 1908 χάριτι
2301 1841 2395 1892 καὶ
2439 1836 2824 1909 φιλανθρωπίᾳ
2872 1836 2967 1889 τοῦ
3023 1833 3224 1905 Κυρίου
3276 1832 3433 1904 ήμῶν
3475 1830 3657 1901 Ἰησοῦ

2076 1922 2332 1991 Χριστοῦ,
2367 1921 2485 1992 μεθ’
2518 1916 2579 1975 οὗ
2605 1920 2732 1985 δόξα
2755 1920 2848 1973 καί
2872 1918 3010 1989 τιμὴ
3045 1918 3139 1970 καὶ
3170 1914 3543 1987 προσκύνησις
3574 1913 3659 1983 τῷ

2076 2003 2253 2073 Πατρὶ
2299 2003 2394 2056 καὶ
2437 2002 2514 2073 τῷ
2550 2004 2691 2073 ἁγίῳ
2725 2001 3024 2072 Πνεύματι,
3062 1998 3158 2052 νῦν
3192 2000 3285 2052 καὶ⁵
3311 1998 3422 2064 ἀεὶ,
3456 1998 3548 2050 καὶ
3574 1997 3656 2059 εἰς

2076 2085 2201 2149 τοὺς
2234 2086 2438 2149 αἰῶνας
2463 2085 2573 2139 τῶν
2599 2083 2834 2138 αἰώνων.
2876 2083 3070 2154 Ἀμήν.

2140 2223 2170 2262 h
2190 2221 2339 2272 Savil.
2366 2224 2418 2272 in
2452 2227 2590 2271 textu
2627 2222 2959 2285 μετα-πολλῆς
2998 2225 3082 2277 τῆς
3111 2216 3404 2282 περιουσίας,
3422 2217 3473 2263 in
3496 2226 3651 2275 marg.

2074 2291 2159 2343 τῆς
2176 2285 2449 2348 προθυμίας,
2470 2282 2709 2348 atqueita
2733 2282 2905 2331 Morel.
2931 2289 2986 2330 et
3020 2291 3195 2348 omnes
3225 2292 3343 2328 mss.
3369 2289 3467 2327 uno
3498 2287 3652 2325 esce-

2077 2353 2161 2408 pto
2181 2344 2264 2401 qui
2284 2344 2433 2395 habet
2455 2344 2574 2408 μιτᾶ
2593 2346 2771 2403 πολλῆς
2788 2349 2872 2403 τῆς
2889 2344 3117 2395 σπουδῆς.

414 2560 3609 2605 W

944 2721 1027 2782 IN
1068 2722 1274 2782 DUAS
1302 2721 1757 2794 SEQUEN'l‘ES
1802 2725 1909 2784 DE
1946 2722 2258 2785 CHRISTI
2304 2720 2678 2781 PHECIBUS
2717 2717 3108 2780 HOMlLl.\S

488 2880 563 2940 Ut
596 2884 734 2942 duas
754 2900 1044 2957 sequentes
1062 2889 1131 2944 de
1150 2890 1353 2945 Christi
1383 2889 1634 2959 precibus
1666 2888 1980 2953 conciones,

419 2968 476 3023 in
511 2969 663 3038 prius
691 2971 857 3027 editis
893 2972 1053 3042 longo
1092 2974 1376 3028 intervallo
1405 2974 1645 3036 dissitas,
1677 2972 1842 3026 simul
1882 2986 1981 3039 po-

2084 2896 2355 2950 monetae,
2400 2902 2508 2940 non
2574 2896 2754 2941 autem
2813 2885 2958 2938 illam
3021 2883 3246 2937 Joannis
3298 2880 3647 2936 soliditatem.

2085 2976 2233 3030 Rere:
2251 2977 2293 3030 ri
2330 2986 2473 3031 certe
2500 2977 2688 3031 dc-buit
2712 2977 2852 3030 inter
2876 2974 3342 3045 ἁμφιϐαλλόμενα,
3364 2983 3460 3028 aut
3487 2974 3648 3028 etiam

420 3074 634 3127 namus,
666 3063 1158 3136 subneelamttsque
1185 3066 1308 3122 aliis
1338 3075 1522 3119 contra
1552 3063 1828 3117 Aaommas
1883 3063 1985 3117 lto-
2085 3067 2432 3137 νοθευόμενα.
2477 3067 2582 3121 Sed
2634 3068 2819 3121 nescio
2848 3066 3120 3136 quomodo
3173 3064 3374 3119 factum
3415 3073 3524 3127 est,
3569 3072 3650 3128 ut,

414 3151 602 3215 miliis,
630 3168 756 3208 cum
797 3156 1101 3225 argumenti
1133 3164 1245 3210 tum
1280 3155 1536 3225 temporis
1573 3157 1710 3208 ratio
1766 3153 1978 3208 suadet.

411 3240 468 3296 In
505 3252 732 3311 utraque
763 3245 907 3298 enim
938 3246 1119 3313 agitur
1145 3247 1212 3300 de
1244 3245 1446 3301 Christi
1474 3246 1725 3315 precibus
1771 3246 1837 3299 ad
1879 3245 1983 3299 Pa-

411 3340 549 3384 trem
583 3331 842 3398 emissis;
883 3334 1029 3388 unde
1084 3335 1390 3389 inferebant
1440 3336 1676 3389 haeretici
1727 3333 1981 3390 Auomcei

411 3429 569 3490 atque
592 3419 763 3475 Judaei
786 3437 893 3477 non
928 3432 1164 3491 paterna:
1186 3440 1369 3493 parem
1399 3434 1720 3494 potestatem
1751 3426 1973 3491 Christi,

412 3528 514 3567 nec
552 3514 822 3577 eamdem,
884 3515 977 3568 sed
1033 3515 1351 3570 dissimilem
1416 3517 1775 3570 substantiam
1836 3532 1978 3579 esse,

412 3603 555 3670 quod
584 3613 963 3672 argumentum
996 3605 1062 3659 ad
1104 3606 1299 3660 seriem
1336 3606 1572 3671 illarum,
1624 3623 1762 3675 quas
1793 3616 1979 3662 contra

410 3693 708 3751 Anomwos
738 3702 981 3748 vertente
1005 3709 1152 3749 anno
1178 3694 1282 3749 586
1303 3703 1359 3750 et
1395 3696 1614 3751 ineunte
1636 3695 1740 3751 387
1770 3698 1980 3762 habuit,

413 3784 876 3839 concertationem
899 3786 1150 3856 pertinet.
1177 3784 1379 3843 Eodem
1422 3802 1551 3843 vero
1583 3788 1801 3845 circiter
1842 3799 1981 3845 tem-

414 3886 547 3942 pore
595 3873 804 3931 habitas
835 3891 949 3930 non
976 3877 1210 3934 obscure
1251 3878 1521 3949 signiﬁcat
1560 3878 1983 3951 Chrysostomus

416 3962 472 4014 iu
493 3964 752 4031 secunda,
786 3981 942 4023 num.
991 3968 1048 4033 2,
1107 3969 1198 4023 ubi
1256 3971 1660 4028 controversias
1705 3974 1772 4026 de
1808 3972 1978 4043 gloria

382 4053 695 4120 .Unigeniti
754 4057 884 4123 (sie
930 4059 1200 4128 appellare
1253 4061 1393 4116 solet
1440 4061 1530 4116 ille
1581 4063 1980 4131 disputationes

413 4149 604 4197 contra
641 4145 982 4216 Anommos)
1022 4155 1153 4202 tunc
1181 4148 1418 4216 viguisse
1455 4151 1652 4205 innuit.
1693 4151 1753 4205 In
1785 4150 1973 4206 eadem

418 4245 580 4298 porro
603 4235 887 4301 concione,
910 4237 1110 4304 prioris
1133 4239 1199 4292 de
1222 4238 1429 4294 Lazaro
1449 4241 1833 4310 quatriduano,
1865 4242 1979 4296 sive

417 4322 486 4376 de
516 4320 718 4377 Christi
756 4326 1009 4393 precibus
1049 4327 1197 4382 circa
1238 4328 1500 4383 Lazarum
1532 4331 1977 4400 quatriduanum,

417 4412 574 4478 quasi
609 4411 750 4468 haud
812 4413 886 4470 ita
945 4417 1155 4485 pridem
1195 4418 1416 4487 habitm,
1474 4420 1800 4475 mentionem
1867 4434 1979 4474 non

414 4502 578 4556 semel
614 4501 769 4561 facit;

491 4591 643 4665 [524]
684 4592 884 4650 Verum
917 4596 1065 4652 circa
1089 4598 1350 4666 priorem,
1380 4614 1502 4668 quae
1545 4609 1630 4654 est
1661 4598 1727 4653 de
1778 4598 1981 4652 Lazaro

417 4684 800 4751 quatriduano,
835 4701 944 4740 non
998 4688 1355 4757 spernendam
1396 4690 1554 4745 nobis
1606 4701 1783 4744 movet
1832 4705 1982 4760 quae-

418 4770 650 4827 stionem
679 4770 929 4833 llalesius
968 4776 1023 4830 iu
1065 4778 1209 4833 notis
1272 4778 1582 4845 Savilianis,
1643 4783 1735 4835 ubi
1770 4782 1850 4837 sic
1906 4784 1983 4837 le-

419 4860 599 4927 gitur:
639 4882 657 4913 ι
694 4862 1005 4921 Orationem
1042 4867 1183 4923 hanc
1212 4885 1278 4924 ex
1307 4870 1633 4926 bibliotheca
1676 4870 1843 4942 Regia
1878 4873 1983 4926 Lu-

420 4952 564 5008 tetiae
591 4953 920 5024 descriptam
955 4959 1363 5017 emendavimus
1407 4978 1473 5016 ex
1518 4979 1618 5018 ms.
1679 4964 1733 5017 iu
1788 4964 1983 5018 biblio-

420 5042 579 5098 theca
602 5044 938 5115 Augustana.
972 5047 1187 5106 Halesio
1219 5067 1324 5107 non
1382 5053 1590 5107 videtur
1618 5055 1833 5125 γνησία.
1869 5054 1989 5124 Sty-

419 5133 506 5189 ius
559 5145 725 5200 certe,
779 5138 955 5207 inquit
996 5140 1106 5204 ille,
1163 5156 1270 5195 non
1307 5142 1561 5197 abhorret
1600 5148 1871 5199 multum:
1934 5154 1988 5201 at

416 5225 682 5280 tractandi
708 5228 867 5285 ratio.
910 5229 1073 5283 simul
1112 5239 1166 5283 et
1199 5231 1529 5287 inventionis
1582 5235 1774 5288 modus
1817 5233 1984 5289 Joan-

419 5329 543 5367 nem
576 5324 819 5369 nostrum
850 5334 956 5371 non
994 5320 1236 5387 sapiunt.
1282 5319 1441 5374 Ratio
1470 5338 1632 5386 quam
1680 5324 1853 5376 reddit
1884 5340 1984 5378 cur

417 5402 670 5461 Christus
694 5405 966 5463 Lazarum
999 5411 1316 5465 nominatim
1348 5414 1703 5481 compellarit,
1729 5425 1978 5484 apostro-

418 5497 524 5565 phe
549 5496 616 5549 ad
647 5497 921 5553 infernum
955 5511 1010 5555 ct
1044 5501 1286 5571 ejusdem
1317 5506 1696 5575 prosopopteia
1724 5524 1983 5561 νεανικω-

421 5583 588 5657 τέραν
621 5586 769 5645 olent
796 5590 1106 5661 [audaciam
1138 5591 1371 5664 alicujus
1415 5594 1616 5668 ingenii
1668 5599 1987 5657 recentioris

2082 3157 2244 3213 nobis
2268 3159 2412 3212 aliud
2445 3158 2752 3228 agentibus,
2787 3160 2841 3212 iu
2874 3173 3159 3211 numerum
3215 3157 3499 3226 irrepserit
3546 3154 3653 3208 τῶν

2082 3248 2319 3319 γνησίων
2370 3250 2462 3301 καὶ
2485 3247 2806 3320 ἀκιόδήλων.
2873 3266 2891 3300 ι
2932 3247 3056 3303 lianc
3105 3247 3372 3311 lialesius,
3434 3245 3554 3315 qui,
3607 3243 3652 3299 si

2084 3340 2558 3394 animadvertisset
2587 3340 2727 3395 banc
2761 3342 3076 3395 concionem
3111 3340 3314 3393 disrrte
3356 3351 3649 3391 memorari

2085 3431 2137 3484 in
2169 3446 2232 3487 ea
2271 3446 2393 3500 quae
2420 3430 2492 3484 De
2518 3428 2719 3485 Christi
2751 3430 2989 3496 precibus
3022 3429 3358 3490 inscribitur,
3401 3427 3457 3480 in
3488 3441 3645 3494 qttam

2085 3521 2227 3574 nulla
2269 3521 2478 3584 νοθείας
2537 3522 2781 3591 suscipio
2832 3520 3025 3575 cadere
3068 3528 3261 3589 potest,
3289 3534 3318 3572 a
3354 3528 3465 3571 tam
3505 3515 3652 3587 gravi

2085 3611 2220 3665 forte
2258 3612 2523 3666 sententia
2554 3612 2927 3669 abstinuisset.
2957 3611 3154 3664 Verum
3188 3611 3312 3680 quia
3336 3610 3388 3662 in
3417 3609 3651 3662 editione

2084 3700 2359 3756 Saviliana
2389 3703 2537 3771 prior
2561 3705 2626 3758 du
2651 3703 2858 3758 Lazaro
2895 3720 2925 3757 a
2985 3702 3285 3772 pomeriore
3341 3699 3411 3754 de
3448 3698 3651 3753 Cltrissi

2085 3793 2332 3860 precibus
2368 3794 2526 3864 longo
2579 3786 2863 3850 intervallo
2897 3806 3146 3864 separata
3190 3792 3349 3861 jacet,
3402 3806 3515 3843 nun
3564 3789 3653 3842 ad-

2084 3885 2245 3941 vertit
2306 3883 2556 3939 Halesius
2606 3885 3052 3956 Chrysostomum
3108 3884 3284 3953 ipsum
3332 3880 3540 3951 prioris
3590 3880 3656 3933 de

2080 3972 2287 4027 Lazaro
2314 3974 2365 4027 iu
2411 3976 2511 4028 hac
2564 3978 2862 4044 posteriore
2914 3975 3243 4046 γνησιότητα
3288 3976 3637 4028 conﬁrmare.

2081 4063 2215 4117 Nam
2247 4063 2327 4118 sic
2373 4064 2531 4119 habet
2577 4065 2798 4118 num2:
2844 4064 3005 4119 Scitis
3050 4081 3170 4136 ergo
3201 4081 3267 4121 ac
3311 4062 3651 4124 meministis,

2084 4171 2251 4221 nuper
2269 4171 2363 4209 nos
2416 4157 2479 4208 de
2522 4153 2790 4225 Unigeniti
2839 4156 3009 4225 gloria
3049 4156 3453 4209 disserentes....
3496 4163 3655 4222 atque

2081 4243 2204 4298 illas
2235 4245 2442 4314 quidem
2492 4260 2681 4298 (ausas
2718 4246 2850 4298 satis
2886 4255 2999 4298 tum
3051 4243 3310 4315 persecuti
3366 4258 3577 4309 sumus,
3608 4249 3658 4296 et

2085 4338 2255 4400 illius,
2286 4353 2443 4406 quam
2465 4353 2558 4403 pro
2591 4335 2820 4399 Lazaro.
2862 4345 2908 4391 et
2938 4336 3178 4400 alterius,
3226 4352 3381 4406 quam
3423 4337 3478 4388 in
3502 4349 3659 4387 cruce

2088 4425 2302 4491 obtulit,
2339 4429 2593 4479 orationis
2646 4429 2951 4481 memoriam
2996 4428 3351 4494 refricuimus,
3389 4436 3441 4479 et
3480 4433 3661 4478 osten-

2082 4516 2253 4569 dimus
2284 4515 2423 4569 hanc
2448 4518 2656 4585 quidem
2685 4517 2801 4571 ideo
2832 4518 3008 4586 fusam
3033 4535 3163 4577 esse.
3198 4527 3253 4570 ut
3295 4517 3656 4585 dispensatio-

2086 4606 2169 4659 nis
2198 4606 2254 4662 in
2287 4621 2443 4660 carne
2469 4607 2598 4673 ﬁdes
2637 4617 2984 4671 astrueretur,
3025 4608 3175 4662 illam
3216 4623 3354 4672 vero,
3391 4615 3450 4659 ut
3491 4605 3657 4658 audi-

2083 4705 2259 4750 torum
2297 4697 2648 4752 imbecillitati
2682 4700 2993 4761 consuleret,
3028 4716 3147 4752 cum
3184 4700 3293 4767 ipse
3325 4713 3658 4765 nequaquam

2093 4787 2304 4841 auxilio
2361 4789 2637 4859 indigeret.
2673 4787 2847 4842 Porro
2887 4791 3053 4843 multa
3107 4789 3253 4858 facta
3303 4790 3469 4841 etiam
3501 4788 3567 4840 ab
3604 4804 3665 4838 ra

2104 4880 2291 4949 fuisse,
2325 4890 2382 4933 ut
2421 4881 2774 4935 humilitatem
2801 4881 2921 4934 illos
2953 4882 3181 4945 deceret,
3216 4880 3342 4933 audi
3376 4895 3493 4948 quin
3542 4893 3664 4947 pro-

2085 4969 2223 5026 bent.
2261 4973 2465 5040 Aquam
2495 4972 2636 5025 misit
2676 4971 2965 5041 inpelvim,
3016 4981 3121 5025 etc.
3173 4969 3305 5036 Quae
3362 4968 3548 5022 omnia
3599 4968 3658 5020 in

2085 5061 2351 5115 concione
2379 5062 2447 5115 de
2474 5059 2680 5115 Lazaro
2709 5062 3074 5130 quatriduano
3100 5060 3383 5128 perspicue
3421 5073 3654 5111 narrau-

2086 5161 2195 5205 tur.
2233 5153 2297 5204 lit
2324 5167 2475 5205 num.
2508 5154 2540 5205 5
2567 5170 2581 5206 :
2611 5151 2778 5221 Atque
2815 5161 2870 5203 ut
2913 5151 3218 5219 intelligatis
3263 5158 3657 5217 attemperatto-

2088 5243 2170 5295 nis
2218 5259 2326 5296 esse
2384 5246 2673 5296 orationem
2701 5282 2715 5306 ,
2756 5243 3013 5312 principio
3062 5243 3272 5309 quidem
3309 5241 3428 5310 jam
3480 5254 3547 5292 es
3591 5240 3661 5291 iis

2084 5348 2201 5400 qua:
2222 5333 2365 5385 circa
2398 5331 2667 5386 Lazarum
2698 5333 3003 5385 acciderunt
3033 5332 3576 5384 demonstravimus...
3611 5338 3662 5380 et

2088 5437 2305 5476 causam
2354 5423 2753 5487 tum-diximus,
2798 5422 2937 5493 quod
2966 5420 3315 5473 imbecillitati
3364 5418 3655 5471 natantium

2090 5511 2239 5565 uellet
2304 5513 2616 5567 consulere:
2673 5528 2833 5582 quam
2880 5525 3097 5564 causam
3132 5509 3291 5561 etiam
3350 5506 3489 5558 dixit
3531 5505 3660 5570 ipse,
3723 5577 3730 5583 _

2092 5615 2210 5657 cum
2252 5612 2428 5674 aperte
2466 5602 2601 5659 illud
2634 5602 2892 5660 addidit:
2931 5618 2952 5653 ι
3004 5599 3232 5670 Propter
3269 5601 3499 5667 turbam,
3549 5606 3669 5668 qua
