3854 6222
223 406 396 474 plum,
420 397 560 468 quod
587 409 641 452 et
667 397 889 452 multum
919 396 1144 452 excedit.
1174 394 1290 450 Non
1315 397 1446 449 enim
1469 396 1599 449 venit
1629 393 1792 448 Filius

224 491 461 554 hominis,
482 499 535 543 ut
566 492 932 544 ministraretut
958 490 1023 554 ei,
1054 489 1141 542 sed
1167 499 1222 542 ut
1238 489 1562 552 ministraret,
1585 497 1628 539 et
1649 487 1790 540 daret

220 583 446 634 animam
457 598 621 646 suam,
645 580 1031 649 redemptionem
1052 596 1143 649 pro
1165 579 1332 632 multis
1356 577 1542 649 (Marc.
1569 576 1654 632 10.
1674 577 1789 645 43).

221 671 292 726 Ut
335 671 640 739 intelligatis
679 670 815 724 istud
845 685 963 724 esse
1003 669 1142 738 quod
1187 670 1357 722 claros
1392 667 1563 722 reddit
1591 676 1646 723 et
1673 667 1792 720 illu-

219 773 380 824 stres,
407 762 600 824 videte,
624 761 809 831 inquit,
835 761 1100 830 quomodo
1127 777 1213 815 res
1243 761 1370 814 mihi
1397 761 1752 815 successerint
1774 800 1788 822 .

221 852 310 920 qui
334 868 504 920 neque
527 853 749 916 honore,
777 867 946 921 neque
975 852 1140 921 gloria
1167 852 1377 921 indigeo
1405 869 1420 904 :
1451 851 1792 905 nihilominus

223 953 400 994 tamen
421 941 520 995 hac
545 943 750 994 ratione
777 941 913 994 bona
936 941 1212 995 innumera
1234 949 1358 995 sunt
1383 956 1410 992 a
1436 956 1518 993 me
1539 939 1787 1008 perfecta.

223 1035 519 1102 Antequam
545 1033 685 1086 enim
707 1046 920 1085 carnem
949 1032 1318 1099 assumpsisset
1342 1030 1448 1093 ille,
1471 1045 1532 1084 ac
1546 1045 1604 1085 se
1621 1029 1790 1098 ipsum

222 1123 526 1193 abiecisset,
571 1123 838 1190 perierant
875 1121 1051 1175 omnia
1075 1161 1092 1186 ,
1132 1129 1187 1174 et
1223 1120 1290 1174 de
1331 1120 1576 1173 omnibus
1617 1129 1790 1173 actum

221 1223 339 1269 erat
366 1232 380 1266 :
413 1223 686 1284 postquam
716 1223 894 1267 autem
918 1213 1153 1281 seipsum
1179 1211 1390 1279 deiecit,
1420 1226 1604 1264 Otltllcs
1636 1211 1687 1264 in
1712 1211 1792 1266 al-

223 1315 336 1357 tutn
367 1305 575 1370 evexit,
621 1303 958 1358 maledictum
989 1304 1219 1370 delevit,
1257 1315 1478 1356 mortem
1504 1303 1752 1356 exstinxit
1773 1344 1788 1367 ,

224 1396 524 1464 paradisum
546 1396 772 1464 aperuit,
808 1404 1079 1464 peccatum
1111 1402 1378 1448 mortuum
1413 1393 1659 1458 reddidit,
1690 1409 1793 1446 ete-

221 1487 396 1540 lorum
425 1484 651 1541 fornices
678 1485 956 1550 reseravit,
989 1485 1251 1554 primitias
1280 1496 1488 1538 nostras
1518 1484 1569 1536 in
1603 1484 1789 1536 etclam

221 1575 457 1642 sustulit,
485 1577 667 1630 orbem
696 1585 954 1629 terrarum
981 1575 1176 1643 pietate
1207 1575 1526 1644 complevit,
1555 1590 1791 1628 errorem

221 1669 420 1738 abegit,
449 1669 724 1722 veritatem
763 1665 993 1731 reduxit,
1041 1666 1303 1735 primitias
1342 1674 1548 1720 nostras
1592 1665 1790 1733 regium

223 1761 276 1813 in
309 1762 556 1814 thronum
583 1757 858 1824 subvexit,
895 1758 1172 1811 innumera
1203 1756 1339 1810 bona
1365 1756 1642 1826 praistitit:
1676 1771 1791 1822 qua:

221 1868 399 1920 neque
425 1866 544 1920 ego,
573 1867 743 1920 neque
769 1850 1022 1905 mortales
1066 1863 1251 1903 omnes
1293 1857 1513 1918 possent
1553 1849 1792 1902 oratione

219 1941 522 2009 complecti.
563 1941 638 1994 Ac
666 1939 810 2008 prius
837 1939 1084 2009 quidem,
1123 1953 1279 2008 quam
1319 1954 1378 1994 se
1424 1937 1787 2000 humiliasset,

219 2030 398 2098 angeli
425 2039 624 2083 tantum
648 2031 815 2099 ipsum
835 2038 1091 2083 noverant
1118 2046 1132 2083 :
1161 2036 1442 2099 postquam
1480 2036 1667 2081 autem
1701 2043 1790 2080 se-

221 2121 395 2190 ipsum
425 2121 736 2187 humiliavit,
763 2121 938 2174 omnis
957 2135 1076 2175 eum
1105 2129 1292 2173 natura
1313 2116 1520 2187 agnovit
1540 2117 1786 2170 humana.

227 2211 387 2266 Vides
413 2227 519 2281 quo
549 2221 702 2280 pacto
730 2211 870 2280 quod
905 2227 964 2266 se
995 2209 1377 2272 humiliavcrit,
1422 2207 1588 2262 nihilo
1619 2207 1791 2260 minor

219 2302 292 2357 sit
312 2302 566 2369 redditus,
598 2303 689 2357 sed
727 2304 999 2356 innumera
1024 2302 1324 2364 indclucra,
1355 2302 1624 2354 innumera
1649 2310 1790 2354 recte

221 2393 358 2448 facta
393 2395 773 2463 prontauarint,
805 2394 1024 2462 eiuSque
1049 2392 1212 2464 gloria
1238 2391 1430 2445 clarius
1457 2391 1653 2443 idcirco
1679 2391 1785 2444 elu-

1248 268 1333 324 DE
1357 261 1632 322 CHRISTI
1663 254 2016 314 PRECIBUS.
2058 278 2111 288 -—
2132 247 2470 305 MONITUM.

3366 263 3474 319 ππ

1900 374 2052 428 xerit.
2082 377 2230 444 Qttod
2257 379 2302 432 si
2331 379 2382 432 in
2415 377 2542 441 Deo,
2573 377 2664 448 qui
2690 378 2840 432 bonis
2870 389 3116 431 omnibus
3141 376 3328 441 affluit,
3360 393 3459 431 nec

1900 465 2001 520 ulla
2029 481 2087 522 re
2115 467 2334 537 indiget,
2363 467 2504 538 quod
2532 469 2763 540 scipsum
2787 467 3158 535 lunniliavcrit,
3187 477 3389 522 tantum
3414 466 3468 522 id

1897 556 2022 612 boni
2052 559 2277 627 peperit,
2310 558 2590 627 pluresque
2644 557 2867 614 famulos
2909 560 2982 612 illi
3025 558 3356 620 conciliavit,
3403 572 3464 610 ac

1895 661 2117 716 regnum
2145 646 2404 709 dilatavit,
2433 647 2559 716 quid
2591 656 2645 702 tu
2673 649 2907 711 vereris,
2939 664 3004 702 ne
3031 663 3150 702 cum
3197 657 3248 701 te
3288 646 3466 699 itumi-

1821 744 1831 760 ‘
1897 738 2128 805 liaveris,
2147 739 2321 793 minor
2335 738 2467 795 fias?
2497 739 2630 793 Tum
2651 739 2927 794 sublimior
2939 739 3070 804 eris,
3095 749 3202 792 tum
3221 753 3465 808 magnus,

1899 839 2011 883 tum
2032 831 2230 896 clarus,
2261 837 2370 884 tum
2401 830 2620 885 illustris
2639 871 2655 896 ,
2680 845 2800 884 cum
2833 830 3058 899 teipsum
3089 828 3430 882 floccifeceris
3453 867 3466 886 .

1896 939 2018 975 cum
2065 921 2266 992 primas
2306 930 2480 988 partes
2519 936 2624 974 non
2667 921 3016 990 appetiveris,
3059 921 3152 973 sed
3189 918 3466 973 inferiores

1900 1020 2056 1084 ferre,
2089 1028 2142 1070 et
2165 1015 2371 1080 occidi,
2415 1024 2468 1066 et
2509 1015 2560 1065 in
2611 1013 2859 1079 periculis
2907 1011 3140 1073 versari,
3187 1018 3466 1063 contentus

1900 1111 2084 1176 fueris,
2115 1125 2234 1162 cum
2265 1105 2620 1162 ministerium
2663 1103 2928 1173 plerisque
2953 1142 2968 1167 ,
3011 1101 3354 1168 obsequium,
3413 1109 3464 1149 et

1897 1219 2076 1257 curam
2127 1201 2391 1256 studueris
2434 1198 2719 1262 exhibere,
2783 1204 2938 1262 atque
2980 1192 3134 1260 hujus
3186 1192 3260 1244 rei
3305 1205 3462 1243 causa

1897 1295 2104 1364 quidvis
2132 1308 2288 1364 agere
2313 1293 2523 1361 patique
2549 1300 2762 1360 paratus
2791 1287 2974 1340 fueris.
3012 1283 3101 1337 llis
3135 1284 3291 1350 igitur
3334 1298 3464 1334 cou-

1900 1387 2174 1449 sidcratis,
2219 1381 2580 1446 dilectissimi,
2625 1378 2972 1432 humilitatem
3036 1388 3244 1427 summo
3291 1373 3464 1424 studio

1899 1488 2184 1542 sectemur,
2211 1483 2269 1531 et
2297 1489 2418 1529 cum
2446 1472 2618 1525 affecti
2649 1468 2966 1524 contumelia
3016 1465 3270 1520 fuerimus
3291 1506 3304 1527 ,
3345 1480 3464 1517 cum

1899 1568 2155 1636 despecti,
2181 1581 2301 1620 cum
2323 1573 2558 1620 extrema
2579 1569 2768 1615 cuncta
2795 1558 3052 1628 perpessi,
3075 1571 3196 1609 cum
3219 1554 3461 1622 neglecti,

1898 1677 1959 1714 ac
1990 1659 2220 1714 ludibrio
2243 1656 2429 1721 habiti,
2473 1669 2591 1707 cum
2622 1655 2891 1719 voluptate
2933 1647 3290 1718 perferamus,
3337 1646 3465 1699 nihil

1899 1752 2041 1805 enim
2070 1751 2148 1804 sic
2183 1749 2232 1801 in
2261 1747 2424 1799 altum
2450 1745 2661 1808 tollere,
2693 1741 2915 1810 gloriam
2936 1749 2989 1794 et
3010 1738 3264 1792 honorem
3287 1741 3462 1789 conci-

1902 1843 2054 1907 liare,
2087 1849 2247 1908 atque
2270 1836 2484 1893 efﬁcere
2505 1843 2564 1890 ut
2594 1846 2817 1904 magnus
2840 1832 3072 1897 videare,
3099 1829 3391 1892 consuevit,
3411 1838 3465 1881 ut

1901 1935 2067 1987 virtus
2107 1929 2439 1986 humilitatis.
2481 1926 2644 1994 Cujus
2689 1924 2841 1978 nobis
2890 1922 3143 1977 eximium
3197 1921 3464 1987 Specimen

1898 2022 2269 2080 exhibentibus
2298 2019 2553 2089 promissa
2577 2015 2831 2084 consequi
2864 2013 2998 2067 bona
3035 2010 3320 2079 contingat,
3345 2025 3464 2078 gra-

1900 2120 1969 2173 tia
2000 2128 2053 2172 et
2091 2115 2415 2183 benignitate
2449 2109 2656 2165 Domini
2705 2105 2870 2161 nostri
2909 2105 3033 2160 Jesu
3074 2103 3288 2167 Christi,
3341 2117 3460 2154 cum

1897 2223 2002 2280 quo
2023 2207 2207 2278 gloria,
2236 2204 2494 2267 honor,ct
2519 2199 2756 2253 adoratio
2779 2196 2937 2261 Patri,
2957 2203 3010 2247 ct
3033 2191 3246 2263 Spiritui
3280 2199 3466 2244 sancto

1907 2317 2046 2357 nunc
2071 2311 2125 2356 et
2152 2312 2362 2366 semper
2388 2307 2441 2350 ct
2467 2296 2520 2349 in
2541 2292 2731 2349 saacula
2761 2290 3094 2353 saeculorum,
3127 2290 3316 2342 Amen.

251 2617 1795 2662 Wr—

1903 2619 2625 2644 Wﬁm
2633 2610 3423 2647 τηε-Μ

1645 2796 2045 2856 ΜΟΝΙἸὍΜ.

227 2984 544 3036 circumstat
570 2982 707 3045 disi,
746 3001 765 3034 ι
799 2992 849 3036 et
889 2999 990 3036 non
1016 2984 1135 3050 jam
1158 2983 1469 3048 orationem,
1509 2983 1600 3036 sed
1627 2999 1795 3036 vocem

228 3081 497 3125 mortuam
534 3073 811 3138 excitasse,
839 3073 972 3126 satis
997 3082 1104 3125 tum
1145 3073 1639 3128 demonstravimus.
1673 3072 1799 3127 lla:c

225 3176 396 3232 porro
421 3163 612 3216 confer
642 3178 766 3216 eum
827 3163 894 3216 iis
927 3178 1049 3231 qua:
1101 3163 1155 3216 in
1193 3163 1415 3217 homilia
1471 3163 1547 3218 De
1582 3163 1792 3216 Lazaro

223 3253 359 3308 dicit
385 3269 534 3308 num.
566 3254 619 3318 5,
647 3261 702 3308 et
739 3253 922 3307 statim
953 3253 1254 3322 comperies
1285 3254 1425 3308 hanc
1477 3254 1646 3323 ipsam
1696 3255 1792 3308 ho-

229 3343 433 3397 miliam
462 3359 490 3396 a
522 3343 934 3413 Chrysostomo,
975 3344 1131 3412 quasi
1163 3359 1334 3412 nuper
1364 3344 1642 3406 habitam,
1681 3360 1792 3397 me-

228 3433 453 3489 morari.
489 3431 557 3487 Ut
587 3449 714 3487 vero
743 3433 956 3487 caeteris
986 3449 1338 3488 occurramus
1365 3435 1433 3488 ab
1463 3432 1674 3487 Halesio
1703 3434 1798 3487 ob-

220 3525 388 3594 iectis
413 3525 770 3594 argumentis,
799 3525 1109 3579 consideres
1173 3525 1333 3578 velim
1388 3526 1690 3578 orationem
1732 3525 1798 3578 de

229 3616 438 3668 Lazaro
467 3615 832 3684 quatriduanu
860 3615 1293 3684 αὑτοσχεδέασμα
1325 3630 1447 3670 csse
1477 3615 1801 3685 Chrysosto~

226 3707 326 3761 mi.
368 3703 500 3758 Nam
562 3721 684 3758 ettm
734 3721 797 3758 ex
859 3706 1088 3760 lectione
1156 3705 1428 3775 Evangelii
1486 3708 1552 3760 de
1593 3707 1798 3762 Lazaro

227 3795 618 3865 quatriduano,
660 3805 788 3849 tunc
831 3797 882 3849 in
915 3805 1058 3850 coetu
1093 3794 1343 3850 Ecclesiae
1377 3805 1615 3865 peracta,
1649 3797 1796 3850 Ano-

228 3888 362 3943 muai
386 3897 433 3940 et
462 3885 656 3948 Judaei,
695 3895 754 3939 ut
781 3885 894 3955 ipse
951 3885 1106 3940 initio
1145 3886 1297 3951 dicit,
1355 3887 1801 3943 contradictionis

233 3993 430 4032 ausam
462 3978 764 4046 arriperent
790 3977 1140 4046 dicercntque
1169 3993 1276 4030 non
1315 3993 1498 4046 parent
1540 3993 1661 4032 esse
1700 3977 1803 4033 Pa-

231 4074 301 4126 tri
328 4085 475 4132 cum,
511 4071 602 4138 qui
653 4068 863 4122 Patrem
897 4078 1229 4138 precantur,
1260 4083 1322 4122 ex
1359 4076 1600 4137 tempore
1632 4069 1804 4139 Chry-

229 4171 509 4218 sostomus
540 4162 677 4215 hanc
707 4161 1008 4215 orationem
1043 4159 1268 4213 habuit:
1301 4160 1393 4213 ubi
1439 4160 1576 4213 mira
1612 4160 1800 4213 solita-

227 4269 340 4324 que
403 4253 453 4306 vi
507 4251 912 4306 ratiociniorum
972 4251 1212 4306 adversa:
1253 4250 1422 4320 partis
1476 4259 1797 4321 argumenta

227 4346 491 4415 depellit:
519 4361 582 4400 ac
631 4346 754 4400 licet
798 4346 973 4398 oratio
1002 4360 1108 4399 non
1141 4354 1358 4401 assueta
1390 4353 1668 4415 tr0porum
1707 4361 1797 4398 or-

231 4447 491 4493 namenta
531 4452 641 4507 prae
690 4453 749 4490 se
816 4435 970 4500 ferat,
1031 4437 1160 4506 quia
1211 4437 1468 4490 nimirum
1505 4435 1559 4490 id
1615 4451 1798 4489 rerum

229 4529 476 4584 conditio
536 4545 644 4581 non
704 4528 1030 4596 postulabat,
1087 4535 1324 4582 attamen
1374 4527 1567 4597 stylus,
1626 4542 1801 4594 neque

233 4623 359 4691 ipso
430 4620 646 4704 penitqg.
706 4619 967 4674 dilliteute
1024 4617 1286 4684 llalesio,
1344 4617 1799 4690 Cltrysostommn

233 4715 463 4766 omnino
502 4709 662 4779 sapit.

307 4802 410 4855 Sed
440 4802 608 4870 pergit
669 4797 941 4863 Halesius,
981 4818 999 4851 ι
1067 4799 1227 4855 Ratio
1274 4817 1436 4870 quant
1500 4801 1674 4856 reddit
1708 4818 1806 4855 cur

232 4892 486 4947 Christus
513 4889 778 4946 Lazarum
829 4891 1149 4946 nominatim
1201 4893 1506 4962 compellet,
1558 4902 1792 4961 apostro-

233 4985 339 5052 pbe
363 4983 428 5035 ad
464 4967 735 5035 infernum
767 4993 822 5036 et
848 4981 1092 5050 ejusdem
1127 4982 1503 5052 prosopopoeia
1544 4998 1806 5034 νεανικω-

236 5073 408 5142 τέραν
456 5072 607 5125 olent
633 5072 912 5126 audaciam
941 5071 1174 5140 alicujus
1235 5072 1434 5140 ingenii
1484 5073 1808 5125 rect-ntiotis

239 5169 493 5220 monetae,
513 5175 618 5213 non
637 5169 818 5214 autem
842 5161 988 5216 illam
1006 5159 1235 5216 Joannis
1257 5163 1602 5216 soliditatem.
1619 5181 1635 5211 ι
1649 5163 1806 5214 liatio

233 5259 418 5304 autem
452 5248 564 5311 illa,
587 5264 751 5318 quam
768 5249 1195 5320 Chrysoslontus
1222 5250 1398 5317 affert,
1430 5267 1530 5304 cur
1552 5250 1808 5306 Christus

235 5340 506 5394 Lazarum
557 5341 879 5394 nominatim
930 5343 1356 5412 compellaverit,
1408 5343 1634 5406 Lazare,
1689 5343 1802 5396 veni

237 5434 408 5500 foras,
446 5431 758 5498 huiusmodi
816 5443 937 5486 est:
975 5431 1075 5497 Ne,
1111 5435 1157 5485 si
1195 5433 1490 5504 absolutam
1529 5450 1702 5487 vocent
1733 5434 1802 5486 ad

236 5531 476 5573 mortuos
516 5521 818 5585 direxisset,
859 5538 1060 5584 omnes,
1111 5524 1201 5592 qui
1234 5526 1286 5576 in
1317 5524 1570 5592 sepulcris
1635 5533 1808 5591 erant,

234 5611 518 5676 excitaret,
553 5611 604 5665 id
653 5619 756 5677 est,
817 5611 862 5666 si
897 5612 1126 5667 dixisset
1161 5621 1394 5680 tantum,
1460 5611 1586 5667 Veni
1641 5613 1808 5682 foras,

1898 2980 2165 3034 cumhzec
2194 2995 2297 3033 vox
2325 2995 2430 3032 non
2496 2981 2667 3049 magis
2729 2979 3016 3043 Lazatum,
3074 2997 3238 3050 quam
3293 2982 3470 3037 alium

1899 3071 2204 3142 quempiam
2233 3081 2502 3132 evocaret.
2537 3087 2726 3125 omnes
2761 3071 2985 3125 ontnino
3036 3072 3234 3128 mortui
3281 3087 3465 3128 resur-

1901 3163 2102 3216 recturi
2128 3172 2276 3215 erant
2308 3181 2320 3214 :
2356 3170 2502 3214 tanta
2551 3177 2744 3230 nempe
2792 3171 2910 3215 erat
2941 3161 3143 3218 Christi
3199 3164 3460 3232 potentia.

1903 3256 1974 3308 De
2002 3254 2274 3309 ratiocinii
2338 3254 2648 3322 huiusmodi
2681 3255 2936 3325 ἀκριϐείᾳ
2978 3270 3084 3308 non
3134 3255 3422 3324 disputabo
3446 3271 3464 3308 :

1899 3346 1994 3400 sed
2025 3346 2192 3401 libere
2238 3345 2454 3400 dicam:
2496 3345 2541 3399 si
2586 3360 2653 3400 ex
2688 3345 3000 3412 huiusmodi
3047 3344 3344 3399 ratiociniis
3379 3361 3465 3396 νο-

1900 3437 2050 3500 θείας
2111 3437 2374 3491 sententia
2434 3436 2654 3491 fcrcnda
2709 3437 2818 3501 sit,
2869 3437 3284 3507 quamplurimae
3341 3436 3466 3491 alia:

1902 3531 2279 3600 Chrysostomi
2310 3530 2568 3592 Itomilize,
2621 3545 2759 3599 quas
2815 3537 2992 3583 tamen
3052 3541 3202 3583 certo
3251 3535 3467 3583 constat

1902 3623 2053 3676 illum
2089 3621 2346 3685 edidisse,
2389 3635 2452 3673 ex
2505 3620 2863 3689 genuinarum
2919 3619 3056 3673 serie
3094 3617 3466 3688 expungendtc

1900 3716 2080 3762 erunt.
2106 3707 2259 3774 Quod
2284 3709 2400 3776 pari
2441 3707 2652 3761 ratione
2688 3707 2836 3761 dicas
2887 3707 2956 3761 dc
3011 3707 3338 3776 apostrophe
3397 3707 3466 3760 ad

1903 3798 2174 3852 infernum
2200 3807 2254 3853 et
2279 3801 2345 3853 de
2379 3799 2777 3868 pr050popteia,
2806 3815 2927 3866 qua:
2953 3799 3032 3852 sic
3059 3799 3219 3853 habet
3243 3817 3257 3853 :
3286 3798 3469 3863 Quan-

1900 3891 1968 3942 do
1997 3890 2154 3958 ﬁebat
2178 3891 2373 3953 oratio,
2408 3907 2509 3942 non
2541 3891 2824 3943 resurrexit
2848 3903 3104 3951 mortuus,
3143 3890 3231 3942 sed
3257 3893 3467 3960 quando

1901 3982 2037 4034 dixit
2079 3999 2098 4031 ι
2149 3980 2374 4044 Lazare,
2418 3982 2531 4035 veni
2565 3982 2735 4050 foras,
2773 3999 2792 4032 ι
2840 3991 2962 4033 tunc
3006 3995 3243 4035 mortuus
3294 3998 3467 4034 resur-

1906 4073 2062 4127 rexit.
2091 4071 2134 4126 0
2166 4072 2351 4125 mortis
2387 4071 2760 4140 tyrannidem!
2789 4089 2820 4123 ο
2863 4073 3196 4140 tyrannidem
3251 4073 3461 4125 virtutis

1905 4163 2074 4225 illius,
2124 4179 2242 4233 qua:
2301 4164 2539 4216 animam
2595 4162 2746 4214 illam
2785 4162 3096 4216 detinebat!
3134 4178 3163 4214 ο
3222 4161 3469 4230 inferne!

1904 4256 2047 4324 facta
2076 4265 2153 4310 est
2183 4255 2376 4317 oratio,
2414 4265 2460 4308 et
2488 4264 2757 4308 mortuum
2794 4271 2894 4306 non
2939 4255 3167 4308 dimittis
3192 4257 3218 4309 ?
3255 4252 3466 4324 Nequa-

1901 4362 2080 4414 quant,
2123 4347 2314 4415 inquit.
2355 4345 2475 4412 Qua
2513 4346 2576 4398 de
2596 4348 2806 4400 causa?
2844 4346 2982 4409 Quia
3013 4362 3115 4398 non
3141 4347 3324 4414 jussus
3353 4363 3479 4398 sum-

1901 4436 2182 4501 dimittere,
2196 4446 2299 4490 etc.
2315 4436 2454 4502 Quot
2471 4444 2689 4491 exstant
2717 4437 2856 4504 apud
2871 4435 3317 4505 Chrysostomum
3341 4451 3468 4506 apo-

1904 4526 2139 4594 stropha-
2167 4534 2220 4579 et
2266 4527 2658 4596 prosopopoeiae
2685 4526 2994 4595 huiusmodi
3018 4527 3040 4578 ?
3069 4526 3123 4578 Si
3151 4527 3467 4580 advertisset

1905 4615 2156 4672 llalesius
2196 4617 2336 4671 hanc
2366 4618 2642 4671 honiiliam
2669 4618 2721 4671 in
2752 4619 2876 4684 alia,
2906 4634 3068 4687 quam
3100 4619 3470 4689 Chrysostomi

1903 4721 2023 4759 esse
2055 4720 2216 4759 nemo
2259 4704 2510 4760 dubitare
2551 4715 2752 4774 potest,
2804 4709 3090 4775 perspicue
3137 4708 3471 4772 memorari,

1906 4805 2112 4849 certum
2150 4795 2323 4850 habeo
2359 4796 2534 4865 ipsum
2580 4811 2681 4850 nec
2710 4797 3097 4866 apostrophen,
3134 4812 3233 4852 nec
3279 4813 3474 4867 proso-

1907 4888 2180 4956 popmiam
2210 4887 2359 4941 illam
2406 4895 2467 4941 ut
2494 4887 2708 4950 νοθείας
2744 4898 3126 4958 argumentum
3182 4889 3476 4944 allaturum

1907 4979 2095 5034 fuisse.
2127 4978 2307 5044 Quare
2339 4977 2630 5034 Frontonis
2694 4977 2876 5034 Duczei
2909 4979 3218 5048 exemplum
3278 4981 3473 5043 secuti,

1909 5071 2054 5130 illam
2084 5071 2225 5124 inter
2253 5071 2486 5140 genuina
2522 5085 2685 5140 opera
2718 5070 2880 5126 edere
2907 5071 3043 5125 nihil
3089 5073 3331 5127 cunctati
3380 5087 3472 5126 su-

1909 5177 2051 5226 mus,
2119 5161 2351 5231 ipsique,
2411 5169 2470 5215 ut
2516 5177 2680 5230 supra
2713 5160 2919 5215 dictum
2972 5170 3074 5224 est,
3134 5161 3357 5215 alteram
3411 5161 3480 5214 de

1909 5251 2112 5306 Christi
2146 5251 2400 5320 precibus
2442 5250 2839 5314 subnectimus.
2871 5267 2979 5306 non
3043 5251 3204 5306 modo
3258 5251 3386 5319 quia
3421 5250 3499 5304 id:

1911 5343 2216 5412 argumenti
2240 5343 2603 5410 temporisque
2627 5341 2765 5396 ratio
2793 5341 3148 5411 postulat,scd
3167 5342 3328 5396 etiam
3349 5342 3501 5411 quia.

1912 5432 2180 5504 posterior
2211 5433 2407 5502 prioris
2432 5433 2759 5502 γνησιότητα
2785 5431 2980 5487 asserit
3005 5440 3059 5485 et
3084 5434 3389 5486 conﬁrmat.

1985 5523 2282 5593 Utriusque
2338 5539 2467 5579 vero
2529 5539 2649 5578 eam
2700 5524 3198 5592 interpretationem
3238 5523 3491 5588 edimus.

1918 5631 2080 5684 quam
2099 5614 2446 5671 concinnavit
2472 5612 2677 5669 Fronto
2707 5612 2953 5670 Ducaaus.
