3854 6222
341 221 439 278 779

1016 213 1074 268 S.
1113 204 1395 266 JOANNIS
1432 196 1923 260 CHRYSOS'I'OMI
1961 190 2287 249 ARClllEP.
2326 170 2880 245 CONSTANTINO".

3461 171 3576 227 780

351 453 3570 536 ________________________________________.

616 3254 708 3316 (De
720 3253 892 3303 Christi
906 3251 1134 3315 precibus
1144 3258 1312 3302 contra
1323 3258 1592 3310 Anomteos,
1605 3251 1706 3312 ιχ.)

446 3361 499 3414 1.
552 3359 823 3414 Hodierno
864 3358 952 3411 dic
988 3337 1283 3412 suscitatus
1333 3371 1362 3409 a
1410 3358 1632 3412 mortuis
1683 3355 1950 3424 Lazarus,

376 3450 663 3504 multorum
708 3448 861 3502 nobis
898 3447 1276 3516 variorumque
1311 3445 1682 3500 scandalorum
1725 3447 1952 3501 dissolu-

379 3543 577 3596 tionem
613 3541 868 3609 impertit.
913 3539 1036 3592 Hmc
1069 3539 1210 3592 enim
1246 3538 1405 3592 lectio
1442 3539 1624 3592 nescio
1663 3554 1768 3610 quo
1800 3546 1953 3607 pacto

379 3632 645 3687 haereticis
662 3645 866 3694 ansam,
890 3638 944 3683 et
957 3628 1154 3683 Judaeis
1169 3629 1601 3683 contradictionis
1617 3630 1950 3702 occasionem

379 3721 527 3776 dedit
550 3738 564 3774 :
597 3734 702 3774 non
738 3735 806 3774 ex
833 3720 911 3774 rei
954 3719 1195 3785 veritate,
1222 3719 1394 3781 absit,
1420 3719 1513 3772 sed
1535 3719 1604 3772 ob
1633 3719 1950 3772 malitiosum

379 3811 590 3865 illorum
615 3811 872 3864 animum.
901 3809 1172 3879 Siquidem
1205 3808 1355 3862 multi
1387 3824 1450 3862 ex
1481 3808 1746 3862 harreticis
1770 3809 1953 3863 dicunt

378 3901 606 3955 similem
649 3901 789 3955 Patri
829 3918 933 3955 non
975 3915 1095 3954 esse
1136 3900 1348 3954 Filium.
1376 3899 1513 3968 Quid
1556 3900 1662 3954 ita?
1692 3900 1950 3966 Quoniam

377 3991 602 4062 indiguit
630 3994 891 4062 precibus,
925 3993 1186 4063 inquiunt,
1207 3991 1450 4046 Christus
1475 3991 1540 4046 ad
1561 3991 1896 4045 excitandum
1920 4006 1950 4044 a

379 4083 604 4137 mortuis
642 4083 898 4137 Lazarum
932 4099 947 4138 :
976 4083 1076 4136 nisi
1120 4082 1260 4136 enim
1311 4089 1628 4152 apprecatus
1656 4091 1814 4144 esset,
1849 4081 1954 4134 La-

378 4190 560 4228 zarum
621 4189 729 4228 non
795 4175 1102 4229 excitasset.
1161 4174 1227 4227 Et
1287 4175 1375 4241 qui
1440 4173 1554 4227 ﬁeri
1615 4173 1844 4241 poterit,
1895 4179 1954 4225 ιιι

380 4263 428 4317 is
465 4263 555 4333 qui
587 4271 832 4332 precatus
867 4270 988 4328 est,
1019 4263 1089 4316 sit
1126 4262 1316 4316 similis
1348 4261 1430 4327 ei,
1477 4260 1567 4331 qui
1606 4261 1950 4331 supplicatio-

381 4367 504 4406 nem
545 4352 794 4408 admisit?
820 4353 950 4407 Nam
999 4353 1084 4406 hic
1123 4353 1337 4422 quidem
1385 4361 1663 4420 precatur,
1697 4351 1786 4406 ille
1825 4367 1953 4406 vero

376 4455 563 4510 preces
586 4442 931 4511 supplicantis
949 4441 1180 4496 admisit.
1201 4440 1574 4510 Blaspbemant
1593 4450 1792 4507 autem,
1811 4441 1952 4511 quod

379 4546 487 4586 non
524 4532 820 4603 intelligant
841 4532 1308 4587 condescensionis
1333 4533 1499 4602 gratia
1529 4547 1717 4603 preces
1743 4541 1794 4587 et
1825 4548 1951 4602 pro-

378 4631 500 4691 pter
528 4623 851 4678 adstantium
899 4623 1311 4678 imbecillitatem
1349 4622 1496 4678 fusas
1533 4639 1672 4679 esse.
1718 4626 1948 4695 Alioqui,

379 4711 487 4778 die,
513 4727 713 4781 quaso,
759 4714 879 4784 quis
903 4713 1074 4782 major
1097 4722 1211 4778 est,
1246 4712 1338 4783 qui
1370 4714 1511 4767 lavat
1533 4714 1733 4786 pedes,
1766 4729 1831 4766 an
1865 4715 1954 4768 ille

378 4801 534 4870 cujus
579 4802 744 4870 pedes
801 4803 977 4877 lavat?
1032 4802 1262 4858 Omnino
1312 4805 1459 4858 illum
1512 4806 1768 4874 majorem
1830 4821 1951 4860 esse

379 4893 548 4960 dices,
577 4894 728 4964 cujus
755 4895 918 4964 pedes
940 4896 1069 4951 lavit
1092 4897 1137 4952 is
1160 4938 1176 4962 ,
1204 4898 1293 4966 qui
1321 4897 1528 4951 lavabat
1554 4896 1731 4968 (Joan.
1757 4899 1845 4952 15.
1872 4897 1951 4966 5).

453 4982 686 5039 Christus
709 4983 864 5041 inde
885 4987 1035 5057 pedes
1059 4989 1200 5042 lusit.
1224 5017 1296 5028 —
1316 4989 1472 5059 Atqui
1495 4988 1643 5044 Judte
1667 4988 1955 5060 proditoris

380 5071 552 5140 pedes
577 5074 704 5130 lavit
729 5075 1014 5133 Salvator?
1040 5078 1299 5149 siquidem
1333 5094 1456 5134 eum
1491 5079 1762 5150 discipulis
1789 5085 1905 5134 erat
1935 5095 1950 5133 :

377 5164 502 5232 quis
521 5179 649 5233 ergo
667 5165 877 5236 major!
894 5183 1020 5224 num
1035 5167 1249 5225 Christo
1269 5170 1495 5226 Domino
1515 5171 1750 5240 proditor
1766 5169 1953 5237 Judas,

373 5255 806 5326 quandoquidem
825 5257 942 5329 ejus
958 5260 1119 5329 pedes
1136 5261 1263 5316 lavit
1277 5261 1556 5317 Christus?
1571 5261 1743 5316 Absit.
1765 5260 1956 5316 Utrum

388 5362 519 5404 vero
540 5347 826 5418 humilius,
859 5350 1038 5406 lavare
1078 5351 1272 5421 pedes,
1312 5367 1381 5406 an
1407 5351 1654 5421 precari?
1677 5350 1825 5406 Haud
1850 5351 1953 5405 du-

381 5439 532 5494 bium
558 5441 691 5511 quin
712 5439 874 5510 pales
899 5440 1096 5496 lavare.
1128 5440 1228 5509 Qui
1245 5457 1372 5513 ergo
1399 5441 1542 5512 quod
1564 5450 1680 5497 erat
1705 5441 1956 5498 humilius

378 5525 561 5591 facere
582 5551 695 5595 non
723 5536 1286 5609 recusavit,quomodo
1316 5535 1493 5594 facere
1520 5535 1662 5609 quod
1688 5544 1804 5592 erat
1829 5536 1957 5592 sub-

2065 3252 2248 3309 limius
2309 3260 2617 3311 recusaret?
2669 3256 2773 3311 Sed
2823 3256 2998 3311 omnia
3050 3265 3269 3326 propter
3317 3257 3654 3313 adstantium

2059 3344 2363 3400 Judaeorum
2414 3348 2828 3403 imbecillitatem
2871 3347 3096 3414 ﬁebant,
3149 3358 3206 3407 ul
3245 3365 3311 3404 ex
3357 3365 3654 3421 progressu

2061 3437 2324 3492 sermonis
2352 3438 2646 3508 apparebit.
2677 3439 2975 3506 Quinetiam
2999 3439 3168 3494 Judaei
3195 3441 3652 3496 contradictioni:

2061 3528 2182 3582 inde
2211 3530 2543 3583 occasionem
2576 3531 2894 3600 arripientes
2932 3531 3116 3587 dicunt
3145 3549 3157 3586 :
3189 3533 3279 3602 qui
3315 3532 3374 3586 lit
3394 3574 3410 3598 ,
3433 3543 3497 3587 ut
3525 3551 3654 3590 eum

2057 3616 2346 3671 Christiani
2397 3619 2559 3673 Deum
2600 3618 2862 3686 habeant,
2907 3621 2998 3690 qui
3045 3621 3222 3675 locum
3265 3621 3356 3676 ubi
3399 3634 3654 3678 mortuus

2053 3706 2262 3785 jacebat
2295 3707 2530 3762 Lazarus
2557 3709 2872 3778 ignorabat?
2899 3709 3326 3781 quandoquidem
3364 3714 3653 3768 sororibus

2059 3797 2244 3851 Lazari
2274 3798 2493 3852 Martha:
2517 3809 2570 3854 et
2595 3799 2773 3854 Maria:
2799 3800 3044 3856 Salvator
3067 3801 3311 3867 dicebat,
3342 3801 3445 3857 Ubi
3466 3805 3653 3872 posui-

2058 3889 2148 3940 stis
2177 3904 2290 3941 eum
2317 3887 2494 3960 (Joan.
2528 3889 2617 3944 11.
2655 3889 2781 3959 54)?
2811 3889 2991 3958 Vides,
3033 3891 3220 3960 inquit,
3250 3892 3653 3961 ignorantiam?

2063 3977 2220 4032 Vides
2265 3978 2727 4034 imbecillitatem?
2753 3979 2916 4034 lllene
2939 3981 3028 4051 qui
3063 3981 3225 4036 etiam
3263 3982 3444 4036 locum
3486 3985 3648 4053 igno-

2057 4069 2213 4133 ravit,
2245 4079 2329 4124 est
2357 4071 2534 4126 Deus?
2575 4075 2646 4126 At
2673 4086 2771 4142 ego
2807 4072 2885 4127 sic
2918 4088 3012 4128 eos
3045 4073 3318 4141 alloquar,
3359 4090 3469 4130 non
3498 4077 3647 4145 quod

2059 4161 2131 4216 ita
2183 4165 2437 4229 sentiam,
2493 4164 2588 4220 sed
2646 4171 2704 4221 ut
2766 4179 2952 4220 eorum
2994 4165 3346 4235 objectionem
3409 4168 3648 4237 ignomi-

2060 4255 2211 4309 niose
2237 4255 2496 4324 rejiciam.

2129 4345 2387 4402 Probatur
2410 4346 2664 4404 Christum
2699 4365 2800 4404 non
2825 4349 3083 4420 ignorasse
3109 4350 3192 4403 ubi
3233 4358 3358 4404 esset
3390 4349 3645 4406 Lazarus.

2059 4467 2129 4479 —
2157 4438 2453 4507 lgnoravit,
2483 4440 2583 4505 ais,
2605 4438 2870 4506 Christus,
2895 4455 2929 4495 o
2964 4440 3181 4506 Judaze,
3209 4440 3328 4510 quia
3355 4441 3514 4506 dixit,
3547 4442 3653 4497 Ubi

2059 4533 2292 4601 posuistis
2319 4533 2470 4587 eum?
2497 4531 2679 4602 Itaque
2708 4533 2968 4602 ignoravit
2999 4534 3158 4587 etiam
3187 4533 3239 4586 in
3265 4533 3516 4603 paradiso
3547 4535 3649 4588 P3.

2058 4630 2161 4690 ter,
2184 4623 2274 4677 ubt
2301 4622 2643 4677 absconditus
2664 4632 2807 4677 esset
2825 4622 3014 4676 Adam.
3046 4623 3312 4678 Circuibat
3326 4624 3470 4678 enim
3487 4627 3647 4695 quasi

2059 4729 2180 4769 cum
2209 4713 2260 4767 in
2291 4713 2536 4782 paradiso
2563 4729 2810 4784 quaerens
2829 4755 2845 4781 ,
2870 4728 2933 4768 ac
2968 4704 3150 4769 dicens
3181 4732 3195 4768 :
3231 4715 3396 4768 Adam
3432 4717 3523 4770 ubi
3561 4719 3652 4772 es!

2060 4807 2207 4874 quasi
2230 4807 2447 4871 diceret,
2469 4807 2556 4860 ubi
2580 4806 2922 4861 absconditus
2941 4807 3033 4861 es?
3057 4806 3230 4874 Quare
3249 4823 3355 4860 non
3385 4808 3538 4877 prius
3562 4808 3646 4864 lo-

2058 4912 2180 4950 cum
2199 4896 2348 4958 dixit,
2375 4912 2439 4950 ex
2457 4913 2561 4968 quo
2585 4911 2704 4952 cum
2732 4895 2924 4951 ﬁducia
2948 4914 3067 4952 cum
3097 4899 3208 4952 Deo
3236 4897 3650 4967 colloquebstnr

2064 4995 2262 5053 Adam?
2290 4995 2484 5056 Adam,
2503 4992 2692 5046 ubies?
2707 4990 2797 5045 Ille
2819 5004 2950 5045 vero
2970 4985 3097 5057 quid
3111 4986 3137 5040 ‘I
3160 4985 3350 5040 Vocem
3371 4992 3522 5037 tuom
3539 4998 3648 5036 asi-

2066 5087 2170 5141 divi
2188 5089 2243 5140 in
2260 5083 2514 5156 paradiso
2525 5082 2924 5147 ambulantis,et
2939 5079 3112 5142 timui,
3129 5094 3188 5132 eo
3209 5075 3347 5147 quod
3364 5074 3545 5129 nudus
3558 5091 3648 5128 es-

2066 5195 2194 5241 sem,
2212 5185 2261 5231 et
2277 5174 2527 5230 abscondi
2545 5171 2791 5242 me(Gen.
2812 5172 2865 5227 5.
2884 5172 2938 5228 9.
2969 5169 3078 5241 l0).
3099 5168 3158 5224 Si
3177 5169 3338 5233 hanc,
3379 5166 3648 5232 oJudaae.

2059 5273 2220 5313 vocas
2249 5259 2599 5328 ignorantiam
2619 5303 2634 5326 ,
2662 5260 2809 5316 illam
2838 5276 3048 5332 quoque
3087 5261 3444 5330 ignorantiam
3486 5277 3644 5314 voca.

2061 5349 2279 5405 Dicebat
2300 5350 2442 5406 enim
2464 5350 2709 5407 Christus
2733 5350 2954 5406 Martha:
2977 5360 3031 5406 et
3059 5351 3252 5414 Marize,
3288 5347 3387 5404 Ubi
3406 5352 3651 5420 posuistis

2061 5443 2218 5498 eum!
2245 5443 2394 5499 Hanc
2435 5443 2596 5514 igitur
2624 5444 2975 5515 ignorantiam
3012 5444 3209 5498 vocas?
3235 5442 3372 5510 Quid
3404 5458 3535 5512 ergo
3562 5443 3649 5496 di-

2063 5551 2173 5608 ces,
2203 5551 2325 5594 cum
2344 5535 2580 5594 audieris
2604 5536 2772 5600 Deum
2801 5536 2966 5594 Caino
2985 5535 3270 5602 dicentem,
3299 5533 3398 5589 Ubi
3424 5545 3498 5588 at
3523 5536 3650 5588 Abel
