3838 6220
407 205 501 260 781

405 318 917 406 κάκείνηνάγνοιαν
973 326 1220 383 κάλεσον.
1277 332 1424 386 Λάόε
1471 335 1565 388 καὶ
1596 336 1790 406 ἑτέραν
1845 338 1983 391 ἀπό-

398 402 566 493 διιςιν
590 404 701 493 άπὸ
733 406 832 476 τῆς
861 406 1010 493 [526]
1043 410 1193 474 Θείας
1225 414 1469 485 Γραφῆς.
1494 414 1662 472 Εἶπεν
1690 402 1720 472 6
1747 420 1880 485 Θεὸς
1908 421 1988 493 τῷ

415 486 690 561 Ἀϐραάμ,
732 492 974 560 Κραυγὴ
1027 494 1309 565 Σοδόμων
1357 499 1455 552 καί
1497 502 1806 570 Γομόρῤας
1852 486 1987 571 ἥκει

403 571 555 639 πρός
578 577 962 657 μεηΚατιιΕὰς
990 572 1105 631 οὗν
1134 578 1356 648 ὄψομαι
1381 585 1433 635 εὶ
1473 585 1623 639 κατὰ
1654 586 1770 652 τὴν
1802 605 1986 657 κραυ-

406 666 523 722 γην
540 655 740 710 αὐτῶν
755 656 868 725 τὴν
888 658 1221 729 ἐρχομένην
1243 666 1394 731 πρός
1413 683 1491 734 με
1510 655 1953 723 συντελοῦνται
1968 689 1981 703 ·

403 740 457 791 εἰ
480 738 550 791 δὲ
569 740 676 809 μὴ,
706 741 804 795 ἵνα
828 742 967 813 γνῶ.
1006 746 1063 797 '0
1092 745 1248 810 εἰδὼς
1272 749 1340 801 τά
1365 751 1541 805 πάντα
1564 755 1694 823 πρὶν
1718 755 1987 822 γενέσεως

403 823 603 891 αὐτῶν,
625 828 653 878 6
683 825 891 889 ὲτάζων
921 829 1148 897 καρδίας
1179 833 1273 884 καὶ
1294 835 1526 904 νεφροὺς
1549 837 1579 888 6
1602 837 1757 902 Θεὸς,
1778 841 1806 892 6
1830 836 1986 904 εἰδὼς

402 906 529 968 τοὺς
557 906 940 979 διαλογισμοὺς
961 911 1069 964 τῶν
1100 913 1403 986 ἀνθρώπων
1435 917 1763 988 μονώτατος,
1794 922 1948 989 ἔλεγε
1967 939 1982 953 °

403 989 677 1074 Ιςαταὸὰς
699 987 812 1046 οὖν
834 992 1054 1063 ὄψομαι
1079 999 1129 1050 εἰ
1163 1000 1313 1052 κατὰ
1344 987 1460 1067 τὴν
1487 1005 1759 1074 κραυγὴν
1789 987 1988 1059 αὐτῶν

401 1070 519 1156 τὴν
544 1072 879 1156 ἐρχομένην
907 1079 1058 1143 πρός
1077 1097 1154 1147 με
1183 1070 1661 1139 συντελοῦνταιλ
1696 1070 1748 1140 εἰ
1780 1087 1849 1139 δὲ
1872 1087 1982 1156 μὴ,

403 1153 504 1206 ἵνα
524 1154 663 1223 γνῶ.
685 1157 746 1208 Εἰ
776 1158 953 1211 ἐκεῖνο
975 1161 1214 1228 ἀγνοίας,
1235 1166 1328 1217 καὶ
1351 1165 1506 1219 τοῦτο
1526 1167 1790 1238 ἀγνοῆσαι
1813 1153 1981 1226 ἐστιν,

416 1240 557 1325 ξΑλλ*
605 1239 729 1293 οὕτε
756 1242 805 1325 ᾼὸ
853 1244 1041 1316 Πατὴρ
1084 1245 1226 1299 κατά
1275 1247 1372 1319 τὴν
1422 1250 1658 1305 παλαιάν
1710 1253 1984 1325 Διαθήκην

404 1321 693 1407 η-γνόςισεν,
722 1322 846 1377 οὔτε
879 1328 907 1377 6
957 1326 1083 1391 Υἱὸς
1122 1329 1260 1383 κατὰ
1303 1331 1401 1402 τὴν
1451 1334 1646 1405 καινὴν
1684 1321 1983 1407 Διαθήκην.

406 1402 470 1456 Τί
496 1400 589 1458 οὖν
617 1407 732 1459 ἐστι
752 1449 764 1472 ,
800 1409 1071 1475 Καταόὰς
1104 1410 1327 1481 ὄψομαι
1358 1400 1430 1468 εἰ
1464 1400 1617 1470 κατά
1657 1418 1774 1483 τὴν
1806 1400 1980 1487 κραν-

402 1487 523 1556 γὴν
541 1489 742 1542 αὐτῶν
763 1490 878 1559 τὴν
904 1492 1241 1563 ἐρχομένην
1262 1498 1414 1564 πρός
1423 1516 1500 1567 με
1521 1502 1983 1556 συντελοῦνται·

401 1575 456 1626 εἰ
487 1572 556 1625 δὲ
581 1574 689 1642 μὴ,
717 1576 816 1628 ἵνα
845 1576 1001 1643 γνῶ;

484 1670 667 1741 ’Λκοὴ,
726 1673 911 1741 φησὶν,
963 1670 1094 1745 ἦλθε
1125 1676 1262 1747 πρός
1293 1695 1381 1748 με.
1431 1678 1591 1735 Ἀλλά
1639 1681 1778 1737 θέλω
1823 1684 1985 1739 πάλιν

396 1752 791 1841 ἀκριϐέστερον
817 1755 884 1809 δι’
911 1759 1092 1810 αὐτῶν
1135 1759 1246 1813 τῶν
1274 1763 1619 1833 πραγμάτων
1654 1768 1754 1836 τὴν
1789 1772 1984 1841 πεῖραν

399 1836 606 1923 λαβεῖν,
628 1839 726 1923 οὐχ
755 1840 835 1893 ὅτι
857 1841 969 1909 ἐγὼ
998 1843 1197 1911 ἀγνοῶ,
1221 1845 1338 1897 ἀλλ’
1370 1847 1452 1900 ὅτι
1480 1849 1687 1914 διδάξαι
1724 1836 1984 1923 βούλομαι

398 1922 528 2006 τοὺς
556 1921 913 1994 ἀνθρώπους,
952 1926 1025 1997 μὴ
1065 1927 1253 1990 ἁπλῶς
1285 1932 1396 1994 τοῖς
1451 1931 1631 2000 λόγοις
1670 1921 1983 2006 προσέχειν,

400 2005 559 2077 μηδὲ.
600 2006 696 2059 ἐὰν
730 2007 859 2078 εἴπῃ
892 2009 976 2071 τίς
1014 2028 1066 2063 τι
1108 2011 1251 2064 κατά
1302 2013 1395 2066 τοῦ
1432 2015 1660 2086 ἑτέρου,
1707 2005 1984 2073 πιστεύειν

400 2089 640 2159 εὐχερῶς
660 2107 672 2120 ·
698 2090 834 2144 ἀλλὰ
864 2092 1127 2164 πρότερον
1159 2097 1356 2160 αὐτοὺς
1376 2096 1801 2170 ψηλαφήσαντας
1825 2104 1984 2174 ἀκρι-

398 2173 513 2236 ϐῶς
541 2175 635 2227 καὶ
658 2174 724 2227 δι’
759 2174 938 2229 αὐτῶν
968 2177 1077 2231 τῶν
1104 2181 1444 2250 πραγμάτων
1472 2183 1570 2254 τὴν
1599 2188 1794 2255 πεῖραν
1816 2173 1985 2240 κατα·

403 2259 707 2327 μαθόντας,
743 2258 886 2313 οὕτω
937 2262 1214 2315 πιστεύειν
1263 2265 1390 2334 χρή.
1439 2267 1546 2319 Καὶ
1594 2268 1681 2321 διὰ
1720 2269 1877 2323 τοῦτο
1927 2276 1984 2325 ἐν

398 2344 588 2422 Γραφῇ
629 2344 791 2416 ἑτέρᾳ
841 2344 1031 2414 ἔλεγε·
1081 2345 1178 2414 Μὴ
1222 2350 1538 2403 πιστεύετε
1568 2353 1750 2405 παντί
1804 2356 1983 2424 λόγῳ.

396 2428 565 2481 Οὐδὲν
585 2428 693 2499 γάρ
715 2428 890 2493 οὕτως
918 2429 1215 2500 ἀνατρέπει
1232 2431 1332 2503 τὴν
1356 2431 1502 2504 ζωὴν
1526 2434 1635 2487 τῶν
1659 2436 1756 2488 ἀνθ
1767 2437 1984 2505 ρώπων,

395 2511 474 2573 ὡς
513 2511 576 2564 τὸ
610 2513 819 2583 ταχέως
848 2513 1125 2566 πιστεύειν
1157 2515 1279 2567 τινὰ
1318 2519 1432 2579 τοῖς
1478 2517 1778 2589 λογισμοῖς.
1817 2521 1988 2575 Τοῦτο

397 2594 492 2648 καὶ
518 2597 546 2649 6
575 2599 864 2667 προφήτης
897 2595 1060 2649 Δαυῒδ
1086 2599 1458 2668 προφητεύων
1473 2600 1647 2668 ἔλεγε,
1680 2605 1791 2656 Τὸν
1814 2622 1989 2659 κατα-

394 2679 705 2733 λαλοῦντα
730 2678 921 2747 λάθρα
949 2679 1057 2733 τὸν
1086 2682 1356 2748 πλησίον
1393 2685 1612 2750 αὑτοῦ,
1643 2687 1862 2742 τοῦτον
1888 2688 1988 2753 ἐξ·

395 2762 668 2817 εδίωκον.

469 2881 536 2953 β’.
562 2876 715 2943 Εἶδες
748 2880 865 2944 πῶς
893 2880 992 2935 οὐκ
1017 2881 1235 2951 ἐγένετο
1264 2883 1457 2953 ἄγνοια
1486 2885 1565 2956 τῷ
1582 2886 1797 2959 Σωτῆρι
1826 2890 1884 2942 ὲν
1910 2886 1988 2961 τῷ

394 2967 592 3028 εἰπεῖν,
627 2963 750 3018 Ποῦ
788 2965 1085 3019 τεθείκατε
1109 2966 1316 3030 αὐτὸν,
1353 2968 1428 3031 ὡς
1460 2968 1580 3021 οὐδὲ
1612 2968 1690 3040 τῷ
1721 2971 1896 3041 Πατρὶ
1929 2975 1988 3025 ὲν

394 3046 474 3118 τῷ
504 3049 680 3100 εἰπεῖν
715 3046 795 3118 τῷ
840 3048 1010 3118 ’Λδὰμ
1033 3089 1048 3112 ,
1102 3051 1229 3104 Ποῦ
1263 3046 1336 3113 εἰ,
1366 3050 1398 3121 ἢ
1459 3052 1537 3123 τῷ
1586 3053 1758 3120 Κάῖν,
1794 3054 1919 3108 Ποῦ
1955 3058 1988 3109 ὁ

397 3131 663 3200 ἀδελφός
702 3146 820 3184 σου
859 3131 1063 3198 Ἅϐελ,
1096 3132 1153 3203 ἢ,
1180 3134 1455 3200 Καταϐὰς
1483 3135 1708 3204 ὄψομαι
1751 3139 1805 3190 εἰ
1837 3137 1991 3193 κατὰ

396 3212 512 3280 τὴν
537 3211 812 3282 κραυγὴν
837 3213 1040 3267 αὐτῶν
1070 3214 1187 3283 τὴν
1206 3216 1547 3286 ἐρχομένην
1571 3220 1723 3286 πρός
1742 3236 1820 3288 με
1839 3237 1989 3274 συν-

396 3293 713 3349 τελοῦνται
731 3311 745 3325 ·
777 3298 828 3349 εἰ
852 3295 921 3348 δὲ
943 3295 1054 3365 μὴ,
1086 3297 1189 3350 ἵνα
1220 3297 1359 3367 γνῶ.
1398 3300 1608 3353 Οὐκοῦν
1636 3300 1755 3372 ὥρα
1783 3302 1847 3374 δὴ
1877 3303 1987 3357 λοι-

398 3376 498 3429 πὸν
534 3377 671 3447 πρὸς
712 3378 953 3443 ἐκείνους
985 3380 1406 3451 παρατάξασθαι
1437 3385 1564 3448 τοὺς
1592 3383 1868 3453 λέγοντας,
1902 3387 1987 3440 ὅτι

396 3457 465 3512 δι’
512 3459 798 3513 ἀσθένειαν
829 3462 860 3513 6
906 3462 1142 3532 Χριστὸς
1182 3463 1623 3536 προσευξάμενος
1661 3468 1850 3538 ἤγειρε
1894 3471 1987 3523 τὸν

397 3539 666 3612 Λάζαρον.
699 3542 1000 3614 Προσέχετε
1027 3544 1110 3616 δὴ.
1134 3547 1430 3617 ἀγαπητοὶ,
1461 3549 1600 3620 μετὰ
1619 3552 1802 3620 πάσης
1832 3553 1989 3623 ἀκρι-

401 3623 573 3706 σείας,
600 3627 927 3696 παρακαλῶ.
961 3627 1307 3700 Ἐτελεύτησε
1332 3633 1514 3685 τοίνυν
1539 3635 1568 3687 6
1593 3632 1864 3706 Λάζαρος,
1894 3637 1986 3689 καὶ

400 3707 501 3793 οὐκ
533 3704 601 3793 ἦν
641 3711 699 3762 ὲν
732 3713 846 3773 τοῖς
886 3711 1073 3775 τόποις
1103 3714 1333 3778 ἐκείνοις
1359 3717 1389 3767 ὁ
1427 3716 1657 3788 Ἰησοῦς,
1690 3704 1804 3771 ἀλλ’
1832 3721 1890 3774 ὲν
1917 3724 1984 3793 τῇ

399 3792 681 3863 Γαλιλαίᾳ,
725 3793 820 3845 καὶ
853 3793 1007 3862 ἔλεγε
1039 3798 1153 3860 τοῖς
1186 3797 1461 3867 μαθηταῖς
1492 3800 1657 3854 αὐτοῦ
1679 3816 1693 3829 ·
1723 3792 1987 3870 Λάζαρος

398 3877 434 3929 ὁ
467 3876 646 3944 φίλος
687 3874 862 3945 ἡμῶν
908 3880 1275 3948 κεκοίμηται.
1322 3882 1549 3936 Ἐκεῖνοι
1590 3882 1646 3936 δὲ
1676 3885 1987 3956 νομίζοντες

396 3959 480 4015 δτι
501 3959 746 4033 περὶτοῦ
774 3959 943 4015 ὕπνου
965 3962 1159 4016 τούτου
1183 3964 1512 4034 διαλέγεται,
1536 3967 1790 4037 λέγουσιν
1814 3969 1983 4040 αὐτῷ’

397 4046 606 4113 Κύριε,
646 4048 701 4099 εἰ
754 4046 1099 4116 κεκοίμηται
1122 4088 1138 4108 ,
1179 4048 1543 4116 σωθήσεται.
1594 4051 1758 4121 Λέγει
1804 4053 1988 4118 αὐτοῖς

397 4128 649 4199 φανερῶς
686 4130 715 4182 6
760 4129 1003 4199 Ἰησοῦς,
1052 4129 1318 4198 Λάζαρος
1364 4132 1687 4189 ἀπέθανεν.
1725 4136 1987 4206 Ἔρχεται

397 4212 585 4266 λοιπὸν
611 4213 641 4265 6
682 4212 872 4283 Σωτὴρ
902 4215 960 4266 ὲν
986 4214 1098 4276 τοῖς
1140 4212 1537 4285 Ἰεροσολύμοις
1578 4219 1660 4281 εἱς
1698 4218 1790 4271 τὸν
1823 4218 1987 4272 τόπον

398 4295 532 4349 ὅπου
558 4296 588 4348 6
611 4293 863 4366 Λάζαρος
894 4294 1093 4358 ἔκειτο,
1124 4295 1220 4348 καὶ
1252 4296 1466 4368 ἀπαντᾷ
1515 4298 1666 4368 αὐτῷ
1703 4301 1735 4370 ἡ
1782 4300 1987 4372 ἀδελφὴ

397 4380 494 4432 τοῦ
532 4378 815 4445 Λαζάρου,
854 4379 948 4430 καὶ
994 4378 1141 4447 λέγει
1183 4379 1363 4451 αὐτῷ’
1408 4382 1604 4449 Κύριε.
1641 4385 1694 4436 εἰ
1733 4379 1807 4453 ἦς
1848 4378 1985 4449 ὧδε,

398 4465 511 4517 οὐκ
539 4462 617 4518 ἂν
644 4461 907 4517 ἀπέθανέ
924 4480 1044 4532 μου
1072 4465 1105 4515 ό
1133 4462 1417 4532 ἀδελφός.
1446 4467 1516 4518 Εἰ
1538 4461 1613 4533 ἧς
1641 4460 1777 4520 ὧδε.
1806 4465 1991 4519 Ἀσθε-

398 4549 529 4610 νεῖς,
556 4547 590 4618 ἠ
615 4546 774 4616 γυνή.
814 4544 929 4599 Οὐκ
960 4544 1250 4599 ἐπίσταται
1283 4545 1379 4601 νῦν
1407 4548 1441 4619 ἡ
1483 4548 1620 4619 γυνὴ
1652 4549 1733 4601 ὅτι
1773 4550 1866 4602 καὶ
1913 4549 1988 4621 μὴ

400 4628 588 4701 παρὼν
618 4630 647 4682 6
678 4628 912 4699 Χριστὸς
940 4628 1285 4697 σωματικῶς,
1314 4630 1498 4701 παρῆν
1524 4634 1588 4702 τῇ
1615 4633 1714 4702 τῆς
1736 4633 1986 4703 θεότητος

399 4710 618 4782 ἐξουσίᾳ
640 4728 653 4742 ·
690 4711 824 4763 ἀλλὰ
852 4710 1042 4782 τῇτοῦ
1078 4711 1331 4782 σώματος
1368 4716 1640 4785 παρουσίᾳ
1670 4717 1986 4788 ἐπιμετρεῖ-

399 4810 487 4847 ται
512 4792 604 4845 τοῦ
631 4792 949 4846 διδασκάλου
979 4793 1075 4864 τὴν
1107 4794 1359 4864 δύναμιν.

470 4898 634 4965 Λέγει
665 4896 813 4968 αύτῷ
847 4900 880 4969 ἡ
912 4899 1131 4970 Μάρθα,
1163 4902 1340 4969 Κύριε
1361 4943 1374 4966 ,
1405 4905 1459 4956 εἰ
1495 4899 1570 4972 ἦς
1597 4897 1736 4967 ὧδε,
1769 4906 1881 4957 οὐκ
1910 4900 1989 4956 ἂν

399 4979 663 5036 ἀπέθανέ
683 4998 803 5049 μου
834 4983 867 5035 ό
900 4981 1184 5052 ἁδελφός.
1217 4986 1328 5039 Καί
1354 4986 1492 5047 νῦν,
1524 4988 1710 5057 φησὶν,
1732 4983 1863 5040 οῖδα
1897 4987 1986 5040 ὅτι

400 5064 519 5120 ὅσα
546 5063 625 5118 ἂν
669 5062 886 5133 αἰτήσῃ
913 5065 1022 5119 τὸν
1061 5066 1239 5131 Θεὸν,
1271 5068 1482 5124 δίδωσί
1523 5086 1645 5126 σοι.
1705 5073 1762 5126 Ὀ
1795 5072 1986 5143 Σωτὴρ

399 5146 493 5204 οὖν
527 5148 666 5221 πρὸς
697 5147 789 5220 τὴν
842 5148 1059 5221 αἴτησιν
1108 5151 1280 5221 αὐτῆς
1332 5158 1479 5207 ποιεῖ
1503 5155 1602 5226 τὴν
1648 5156 1982 5227 προσευχήν.

396 5232 475 5287 Οὐ
514 5232 624 5303 γὰρ
657 5232 965 5304 προσευχῆς
990 5233 1167 5286 ἐδέετο
1221 5235 1251 5287 6
1306 5235 1458 5301 Θεὸς,
1515 5239 1602 5292 ἵνα
1656 5238 1746 5291 τὸν
1792 5236 1985 5309 νεκρὸν

399 5315 609 5388 ὶγείρῃ.
641 5315 732 5386 Μὴ
771 5317 880 5389 γὰρ
914 5317 1009 5370 καὶ
1047 5318 1243 5385 ἄλλους
1295 5322 1524 5393 νεκροὺς
1578 5321 1679 5374 οὐκ
1726 5320 1981 5392 ἦγειρενς

398 5396 530 5451 Ὅτε
567 5399 844 5472 ὑπήντησέ
897 5399 1046 5474 [52η
1077 5418 1200 5457 τινα
1236 5405 1604 5475 ἐκφερόμενον
1642 5405 1699 5456 ὲν
1741 5406 1806 5475 τῇ
1843 5404 1986 5475 πύλῃ

397 5482 618 5551 νεκρὸν,
666 5482 825 5554 μόνον
866 5484 1046 5554 ἥψατο
1082 5487 1181 5557 τῆς
1218 5489 1379 5559 σοροῦ
1400 5531 1415 5553 ,
1449 5488 1544 5542 καὶ
1594 5488 1861 5556 ἀνέστησε
1890 5489 1984 5541 τὸν

398 5565 614 5635 νεκρόν.
658 5567 749 5637 Μὴ
783 5570 1090 5640 προσευχῆς
1141 5571 1334 5642 ἐδεήθη
1356 5573 1479 5626 τότε
1524 5573 1605 5638 είς
1658 5572 1720 5626 τὸ
1774 5572 1985 5643 ἐγεῖραι
2069 5579 2072 5582 ’

400 5646 495 5702 τὸν
530 5648 830 5717 τεθνεῶτας
866 5653 977 5704 Καὶ
1005 5652 1166 5707 πάλιν
1199 5654 1387 5709 ἄλλοτε
1435 5655 1594 5726 μόνον
1640 5655 1784 5727 λόγῳ
1825 5650 1980 5710 εἶπεν

1064 212 1121 268 S.
1162 213 1449 274 JO.-\NN|S
1485 218 1976 276 οιιιιγεοδτοιίι
2015 222 2337 285 ARCIIIEP.
2374 228 2925 291 CONSTANTINOP.
3571 242 3681 299 ἴδε
3718 200 3735 215 ι

2091 343 2184 396 ἐπὶ
2211 345 2310 416 τῆς
2348 347 2536 419 κόρης,
2575 351 2791 404 Ταλιθὰ
2817 349 3014 419 κοῦμι,
3050 350 3144 405 καὶ
3184 352 3385 417 εὐθέως
3421 358 3679 427 παρέδυ.

2088 452 2183 489 κεν
2212 438 2382 509 αὐτὴν
2409 443 2521 504 τοῖς
2553 441 2803 509 γονεῦσιν
2850 443 3022 513 αὐτῆς
3057 444 3204 515 ὑγιῆ.
3236 447 3328 519 Μὴ
3361 450 3678 520 προσευχῆς

2056 526 2279 600 ,ἐδεήθη
2320 529 2472 597 τότε;
2507 532 2618 587 Καὶ
2660 533 2714 586 τί
2747 534 2894 603 λέγω
2926 538 3056 607 περὶ
3100 537 3192 590 τοῦ
3230 537 3594 599 διδασκάλους
3624 544 3681 596 οι

2091 620 2330 689 μαθηταὶ
2388 624 2552 677 αὑτοῦ
2602 625 2746 697 λόγῳ
2800 627 2948 698 μόνῳ
2979 629 3107 688 τοὺς
3151 632 3379 701 νεκροὺς
3426 650 3678 704 ηγειραν.

2087 712 2290 781 Πέτρος
2313 713 2410 783 τὴν
2431 716 2668 772 Ταδιθάν
2697 719 2759 772 οὐ
2782 718 2926 790 λόγῳ
2946 719 3188 792 διήγειρε
3208 738 3222 786 ;
3247 722 3456 788 Παῦλος
3487 726 3556 777 ού
3588 726 3681 779 διά

2085 801 2194 853 τῶν
2225 804 2453 872 ἱματίων
2483 809 2648 862 αὐτοῦ
2678 809 2848 864 πολλὰ
2874 816 3073 882 σημεῖα
3104 815 3397 884 πεποίηκε;
3430 818 3591 870 Μάθε
3619 819 3683 872 δὲ

2087 894 2182 947 καὶ
2214 896 2274 948 τὸ
2313 898 2745 972 παραδοξότερον
2777 905 2981 957 τούτων
3008 917 3055 959 κ.
3110 906 3173 958 ἹΙ
3216 907 3342 960 σκιά
3372 907 3479 960 τῶν
3532 910 3682 961 ἀπο-

2089 986 2290 1039 στόλων
2320 991 2546 1060 νεκροὺς
2575 993 2816 1064 ῆγειρεν.
2848 996 3106 1066 Ἕςρερον
3145 997 3276 1068 γάρ,
3323 1001 3521 1069 φησὶν,
3572 1003 3680 1054 ἐπὶ

2086 1079 2433 1145 κραϐϐἁτων
2462 1083 2604 1150 τοὺς
2643 1085 2842 1153 κακῶς
2874 1089 3148 1157 ἔχοντας,
3179 1091 3280 1143 ἵνα
3307 1090 3423 1144 κᾶν
3458 1093 3493 1159 ἡ
3524 1093 3683 1146 σκιά

2087 1171 2315 1239 Πέτρου
2343 1173 2657 1246 ἑπισκιάζῃ
2688 1179 2803 1231 τινί
2830 1181 3049 1246 αὐτῶν,
3081 1182 3178 1235 καί
3207 1182 3422 1249 εὐθέως
3452 1183 3685 1252 διηγεί-

2076 1281 2283 1331 ροντο.
2315 1266 2381 1320 Τί
2420 1262 2549 1330 οὗνς
2595 1271 2628 1338 ἡ
2667 1270 2798 1324 σκιὰ
2838 1271 2949 1325 τῶν
2985 1275 3244 1345 μαθητῶν
3269 1276 3507 1347 διήγειρε
3544 1280 3683 1342 τοὺς

2087 1356 2334 1425 νεκροὺς,
2363 1358 2457 1410 καί⁸
2484 1360 2512 1412 6
2543 1359 2862 1427 διδάσκαλος
2890 1366 3201 1436 προσευχῆς
3234 1367 3429 1431 ἐδέετο,
3465 1369 3553 1421 ἵνα
3572 1370 3682 1422 τὸν

2086 1448 2276 1517 νεκρὸν
2297 1448 2521 1521 ὲγείρῃ;
2551 1451 2710 1505 Ἀλλὰ
2730 1452 2819 1507 διὰ
2846 1454 2945 1525 τὴν
2978 1457 3262 1511 ἀσθένειαν
3290 1460 3389 1526 τῆς
3411 1462 3681 1528 γυναικὸς

2087 1543 2232 1593 ποιεῖ
2279 1542 2381 1612 τὴν
2430 1545 2740 1617 προσευχὴν
2789 1546 2818 1599 6
2854 1548 3082 1619 Σωτήρ·
3133 1548 3283 1618 λέγει
3334 1552 3441 1624 γάρ
3482 1552 3676 1624 αὐτῷ,

2084 1634 2282 1700 Κύριε,
2305 1636 2358 1687 εἰ
2381 1630 2457 1702 ἧς
2480 1629 2618 1701 ὦδε,
2646 1639 2757 1691 οὐκ
2786 1636 2865 1692 ἂν
2883 1639 3145 1695 ἀπέθανέ
3162 1661 3283 1712 μου
3304 1648 3339 1699 d
3368 1645 3637 1715 ἀδελφός
3656 1663 3671 1675 ’

2085 1725 2181 1776 καὶ
2233 1725 2352 1778 νῦν
2404 1722 2572 1790 οἶδα,
2625 1726 2713 1780 ὅτι
2758 1728 2877 1782 ὅσα
2934 1730 3013 1783 ἂν
3052 1733 3275 1802 αἰτήσῃ
3317 1735 3423 1788 τὸν
3480 1735 3673 1799 Θεὸν,

2084 1815 2299 1871 δίδωσί
2358 1832 2460 1871 σοι
2510 1821 2544 1873 d
2601 1820 2766 1887 Θεός.
2808 1822 3120 1895 Προσευχὴν
3160 1825 3392 1896 ᾔτησας,
3438 1844 3677 1897 προσευ-

2086 1909 2187 1980 Χὴν
2224 1911 2438 1982 δίδωμι.
2482 1915 2676 1968 Κεἴπατ-
2731 1916 2765 1986 ή
2807 1920 2992 1987 πηγή·
3040 1911 3187 1983 οἷον,
3228 1918 3323 1971 ὲάν
3373 1936 3458 1983 τις
3504 1936 3675 1991 προσ-

2086 2003 2285 2074 ενέγκῃ
2337 2005 2579 2074 ἀγγεῖον,
2619 2006 2834 2078 γεμίζει
2883 2008 3039 2062 αὐτό’
3088 2009 3183 2063 ἐὰν
3308 2010 3474 2081 μέγα,
3532 2011 3674 2081 μέγα

2086 2092 2384 2161 λαμϐάνει·
2427 2097 2523 2150 ἐὰν
2661 2099 2894 2170 μικρὸν,
2946 2101 3141 2172 μικρὸν
3187 2100 3474 2172 λαμϐάνει.
3522 2101 3673 2172 Λῦτη

2085 2188 2265 2241 τοίνυν
2321 2192 2900 2262 προσευχὴν,ῇτησε,
2967 2194 3064 2246 καὶ
3118 2194 3302 2247 δίδωσι
3364 2196 3675 2265 προσευχὴν

2085 2278 2114 2330 6
2146 2282 2358 2352 Σωτήρ.
2397 2282 2591 2346 ’Ἄλλος
2626 2281 2816 2348 εἶπεν,
2862 2288 2985 2338 Οὐκ
3024 2286 3140 2354 εἰμί
3179 2285 3369 2353 ἄξιος,
3415 2287 3518 2339 ἵνα
3552 2304 3673 2354 μου

2087 2374 2207 2427 ὑπὸ
2236 2374 2352 2440 τὴν
2370 2374 2598 2443 στέγην
2617 2376 2919 2446 εἰσέλθῃς,
2941 2379 3105 2432 ἀλλὰ
3129 2381 3343 2449 μόνον,
3369 2380 3676 2450 γενηθήτω

2088 2481 2205 2530 σοι,
2237 2469 2370 2520 εἰπὲ
2412 2470 2592 2539 λόγῳ,
2636 2470 2736 2522 καί
2775 2471 3083 2539 ἰαθήσεται
3121 2476 3154 2526 o'
3195 2472 3336 2536 παῖς
3378 2489 3531 2542 μου·
3584 2476 3678 2526 καὶ

2088 2553 2242 2611 εἶπεν
2271 2558 2418 2627 αὑτῷ
2449 2562 2477 2614 6
2508 2560 2729 2632 Σωτηρο
2761 2562 2924 2617 Κατὰ
2958 2561 3072 2631 τὴν
3109 2565 3318 2616 πίστιν
3349 2579 3470 2618 σου
3502 2580 3676 2633 τεθη-

2088 2649 2245 2717 θήτω
2277 2666 2398 2705 σοι.
2429 2650 2623 2715 ’Λλλος
2661 2649 2807 2716 εἶπε,
2838 2653 3031 2725 Δεῦρο,
3068 2654 3407 2725 θεράπευσόν
3449 2673 3553 2726 μου
3580 2656 3679 2727 τὴν

2091 2741 2396 2814 θυγατέρα·
2449 2746 2541 2797 καὶ
2583 2740 2738 2797 εἶπεν
2768 2744 2938 2815 αὐτῷ,
2982 2746 3357 2817 ’Λκολουθήσω
3392 2764 3499 2799 σοι.
3537 2747 3679 2819 Πρὸς

2090 2833 2188 2897 τὰς
2218 2835 2571 2909 προαιρέσεις
2612 2837 2792 2890 τοίνυν
2839 2837 2948 2890 τῶν
2978 2837 3278 2910 ἀνθρώπων
3319 2839 3414 2892 καὶ
3453 2842 3488 2908 η
3517 2841 3679 2912 θερα-

2089 2924 2218 2978 πεία
2249 2925 2345 2979 τοῦ
2383 2924 2569 2997 ἰατροῦ
2599 2928 2957 2998 προσάγεται.
2993 2930 3161 3003 ’Λλλη
3185 2930 3346 2984 πάλιν
3381 2931 3561 3001 ἥψατο
3583 2930 3679 2983 τοῦ

2089 3016 2400 3087 κρασπέδου
2429 3018 2523 3072 τοῦ
2561 3021 2779 3090 ἱματίου
2817 3020 2981 3075 αὑτοῦ
3016 3022 3211 3094 λάθρα,
3251 3025 3344 3076 καὶ
3368 3022 3549 3093 λάθρα
3581 3024 3679 3092 τὴν

2089 3107 2389 3179 θεραπείαν
2406 3111 2768 3182 ἐκαρπώσατο
2787 3131 2800 3143 ·
2834 3113 3062 3177 ἕκαστος
3083 3115 3159 3177 ὼς
3178 3117 3431 3167 ἐπίστευε
3457 3116 3557 3169 καὶ
3583 3116 3682 3186 τὴν

2089 3198 2387 3272 θεραπείαν
2427 3201 2721 3273 ἐλάμϐανε.
2759 3202 2908 3275 Αὕτη
2942 3204 3112 3274 λέγει,
3152 3201 3297 3260 Οἶδα
3330 3205 3423 3259 ὅτι
3456 3206 3578 3259 ἴσα
3607 3205 3682 3259 ἂν

2084 3292 2309 3364 αἰτήσῃ
2357 3293 2467 3349 τὸν
2514 3295 2783 3365 Πατέρα,
2826 3296 3038 3351 δίδωσί
3089 3312 3189 3351 σοι
3232 3300 3265 3352 ό
3308 3298 3552 3365 Πατήρ·
3589 3298 3682 3351 καὶ

2088 3387 2275 3458 ἐπειδὴ
2310 3388 2621 3459 προσευχὴν
2655 3388 2858 3460 ᾔτησεν
2893 3393 2927 3461 η
2975 3390 3208 3461 Μάρθα,
3243 3391 3561 3462 προσευχὴν
3604 3391 3680 3445 δί-

2087 3479 2251 3533 δωσιν
2273 3481 2303 3533 6
2334 3480 2549 3552 Σωτὴρ,
2586 3481 2686 3535 οὐκ
2711 3481 2876 3545 αὐτὸς
2906 3481 3008 3551 τῆς
3043 3483 3353 3554 προσευχῆς
3393 3483 3680 3554 ἐπιδεὸμε-

2087 3586 2197 3635 νος,
2227 3570 2365 3625 ἀλλὰ
2394 3573 2493 3643 τὴν
2530 3573 2628 3644 τῆς
2652 3574 2912 3642 γυναικὸς
2950 3574 3236 3628 ἀσθένειαν
3266 3576 3683 3647 συμπεριφερό-

2090 3678 2271 3731 μενος,
2298 3664 2393 3716 καὶ
2415 3664 2503 3719 ἴνα
2531 3663 2707 3739 δείξῃ,
2736 3667 2820 3719 ὅτι
2847 3666 2947 3719 οὐκ
2978 3665 3127 3720 ἔστιν
3151 3666 3418 3733 ἀντίθεος,
3445 3668 3567 3721 ἀλλ’
3600 3668 3679 3721 ὅτι

2088 3760 2183 3814 καὶ
2228 3757 2257 3810 δ
2304 3758 2371 3812 ἂν
2422 3757 2585 3822 αὐτὸς
2626 3762 2794 3831 ποιῇ,
2842 3759 3001 3813 τοῦτο
3051 3760 3147 3813 καὶ
3198 3761 3228 3813 6
3267 3760 3461 3831 Πατὴρ
3513 3764 3678 3816 ποιεῖ.

2092 3852 2368 3907 Ἐπλασεν
2418 3853 2447 3904 6
2505 3852 2639 3916 Θεὸς
2671 3852 2730 3918 ἐξ
2776 3853 2953 3924 ἀρχῆς
2992 3853 3084 3908 τὸν
3139 3852 3465 3924 ἄνθρωπον·
3504 3856 3683 3925 ἀμφο-

2087 3945 2262 4016 τέρων
2295 3943 2517 4012 ἐγένετο
2546 3943 2609 3996 τὸ
2628 3943 2888 4015 πλάσμα·
2927 3944 3283 4013 Ποιήσωμεν
3321 3946 3457 4017 γὰρ,
3490 3949 3680 4019 φησὶν,

2087 4035 2403 4103 ἄνθρωπον
2432 4035 2558 4088 κατ’
2586 4036 2792 4089 εἰκόνα
2831 4035 3128 4103 ἡμετέραν
3169 4035 3271 4088 καί
3305 4038 3439 4090 καθ’
3465 4041 3680 4107 ὁμοιω-

2087 4143 2208 4181 σιν.
2245 4128 2414 4181 Πάλιν
2444 4128 2680 4198 ἠθέλησε
2724 4127 2816 4181 τὸν
2850 4128 3061 4199 λῃστὴν
3095 4128 3174 4192 εἰς
3212 4129 3304 4181 τὸν
3346 4130 3682 4201 παράδεισον

2088 4222 2448 4289 εἰσενεγκεῖν,
2470 4204 2575 4274 καὶ
2610 4218 2818 4283 εὐθέως
2848 4219 3006 4289 λόγον
3034 4217 3178 4284 εἷπε,
3211 4221 3307 4274 καὶ
3340 4220 3433 4277 τὸν
3473 4222 3683 4296 λῃστὴν

2088 4314 2167 4376 εἰς
2204 4311 2296 4364 τὸν
2331 4312 2661 4383 παράδεισον
2683 4312 2973 4382 εἰσήγα·,ε,
3010 4312 3105 4365 καὶ
3144 4313 3243 4365 οὐκ
3280 4313 3477 4385 ἐδεήθη
3511 4332 3685 4387 προσ-

2088 4405 2275 4475 ευχῆς,
2316 4406 2496 4458 καίτοι
2529 4422 2592 4474 γε
2635 4405 2843 4469 πάντας
2877 4408 3003 4469 τοὺς
3034 4405 3174 4477 μετὰ
3218 4406 3312 4460 τὸν
3354 4407 3539 4479 ’Λδάμ
3578 4428 3683 4464 κω-

2089 4496 2257 4561 λύσας
2300 4491 2368 4566 ῆν
2396 4497 2425 4548 ὀ
2463 4496 2699 4567 Χριστὸς
2739 4495 2799 4560 ἐξ
2833 4495 3051 4567 ἐκείνης
3088 4496 3187 4567 τῆς
3231 4497 3442 4550 είσόδου
3465 4516 3479 4530 ·
3514 4499 3683 4571 ἔθηκε

2088 4588 2197 4659 γάρ
2244 4589 2344 4659 τὴν
2384 4578 2646 4659 φλογίνην
2697 4588 2975 4659 ῥομφαίαν
3023 4588 3312 4657 φυλάττειν
3350 4590 3445 4643 τὸν
3497 4595 3683 4663 παρά·

2087 4681 2285 4735 δεισον.
2363 4678 2506 4733 Ἀλλ’
2560 4679 2822 4750 αὐθεντίᾳ
2879 4681 3114 4751 Χριστὸς
3182 4681 3274 4736 τὸν
3345 4684 3683 4753 παράδεισον

2087 4773 2320 4845 ὴνέῳξε,
2368 4773 2463 4827 καὶ
2520 4772 2615 4825 τὸν
2658 4771 2864 4843 λῃστὴν
2924 4774 3212 4842 εἰσήγαγε,
3267 4775 3526 4848 Λῃστὴν,
3580 4779 3680 4831 Ag.

2091 4882 2285 4929 σποτα,
2317 4865 2559 4934 εἰσάγεις
2588 4864 2671 4928 είς
2699 4864 2792 4916 τὸν
2821 4863 3175 4934 παράδεισον;
3217 4865 3277 4919 '0
3310 4867 3507 4938 Πατὴρ
3534 4871 3565 4922 6
3591 4868 3681 4932 σὸς

2086 4957 2173 5011 διὰ
2228 4958 2396 5028 μόνην
2447 4956 2727 5028 ἁμαρτίαν
2778 4954 2870 5008 τὸν
2925 4954 3097 5026 Ἀδὰμ
3142 4954 3411 5027 ἐξήγαγεν
3461 4961 3531 5012 ἐκ
3586 4961 3680 5014 τοῦ

2090 5049 2437 5121 παραδείσου,
2468 5049 2563 5101 καὶ
2589 5050 2654 5102 σὺ
2678 5048 2769 5103 τὸν
2798 5047 3002 5121 λῃστὴν
3034 5050 3296 5119 εἰσάγεις,
3331 5049 3428 5103 τὸν
3463 5053 3681 5123 μυρίοις

2086 5143 2277 5203 κακοῖς
2335 5143 2432 5195 καὶ
2483 5141 2707 5213 μυρίαις
2766 5142 3138 5214 παρανομίαις
3189 5142 3533 5211 ύπεύθυνον;
3587 5147 3681 5199 καὶ

2087 5233 2275 5297 ἁπλῶς
2293 5233 2436 5287 οὕτω
2461 5233 2552 5286 διὰ
2579 5233 2709 5304 μίαν
2731 5234 2915 5305 φωνὴν
2936 5235 3018 5297 εἰς
3042 5235 3132 5287 τὸν
3153 5235 3486 5306 παράδεισον
3514 5238 3680 5294 αὐτὸν

2085 5325 2330 5394 εἰσάγεις
2354 5343 2370 5392 ;
2402 5326 2539 5380 Ναί·
2571 5323 2698 5379 οὔτε
2731 5326 2840 5397 γὰρ
2868 5328 3046 5380 έκεῖνο
3074 5329 3244 5397 χωρὶς
3264 5326 3399 5398 ἐμοῦ
3424 5329 3678 5398 γέγονεν,

2086 5416 2209 5472 οὕτε
2240 5417 2399 5473 τοῦτο
2427 5418 2598 5492 χωρὶς
2641 5418 2736 5471 τοῦ
2781 5418 2994 5489 Πατρός
3026 5435 3127 5490 μου
3149 5436 3163 5450 ·
3202 5418 3338 5474 ἀλλὰ
3375 5422 3475 5475 καὶ
3517 5417 3679 5478 τοῦτο

2134 5598 2177 5626 ³
2203 5597 2261 5661 [ρ
2292 5597 2462 5661 codice
2488 5596 2625 5661 2052‘
2650 5597 2902 5661 πεποίηκε.
2924 5597 3019 5647 Καὶ
3041 5596 3235 5661 μάθεᾼτὸ
3257 5599 3524 5661 παράδοξον
3565 5601 3674 5649 τού-

2089 5675 2201 5708 των.
2223 5658 2286 5710 El
2306 5660 2386 5711 hic
2405 5659 2592 5711 desinit
2611 5656 2701 5710 ille
2724 5660 2913 5710 codex:
2940 5656 3119 5711 celéra
3142 5656 3340 5735 desum;
