3854 6222
135 227 146 234 ’
179 241 284 299 781

182 359 342 425 frater
364 361 480 406 tuus
502 348 654 424 (Gen.
674 348 730 402 4.
752 345 836 414 9‘)?
857 343 990 412 Quid
1014 344 1093 395 ais
1111 342 1153 394 ‘2
1179 339 1238 394 Si
1257 338 1397 393 hanc
1417 331 1770 407 ignorantiam

190 461 373 511 vocas,
394 443 538 496 illam
562 455 774 510 (ιιιυψιυ
796 435 1145 506 ignorantiam
1170 446 1321 486 voca.
1341 429 1535 498 Accipe
1547 425 1772 479 alteram

180 541 346 594 etiam
367 552 430 591 ex
451 534 724 602 Scriptura
748 544 898 583 saera
919 526 1452 582 demonstrationem.
1477 519 1616 574 Dixit
1635 518 1773 570 Deus

185 628 440 690 Ahrahm,
463 624 668 679 Clamor
697 621 1036 675 Sodomorum
1060 626 1105 670 et
1124 612 1420 668 Gomorrltaz
1447 609 1576 662 venit
1591 608 1657 661 ad
1675 623 1771 660 me.

187 716 507 774 Descendens
536 713 690 784 igitur
711 708 885 764 uidebo
905 749 920 773 ,
951 706 993 760 si
1013 703 1287 759 secundum
1306 702 1574 754 clamorem
1603 711 1776 751 eorum

182 811 274 878 qui
309 809 440 864 venit
480 806 548 858 ad
582 820 693 865 me,
727 806 1181 855 consummantur:
1219 794 1300 848 sin
1335 803 1505 846 autem
1550 806 1682 852 non,
1723 795 1776 839 ut

201 895 496 966 sciam(Id.
521 894 825 964 18.20.21).
847 894 948 960 Qui
969 893 1312 948 novitomnia
1331 899 1621 960 antequam
1642 887 1770 941 ﬁant

197 989 364 1059 (Dan.
414 990 504 1043 15.
545 989 658 1057 42),
691 989 781 1056 qui
814 987 976 1040 corda
1010 995 1065 1040 et
1106 1001 1268 1040 renes
1310 990 1586 1039 scrutatur
1629 981 1770 1032 Deus

205 1081 384 1152 (Psal.
427 1081 476 1134 'I.
502 1081 612 1150 10),
635 1083 725 1150 qui
746 1079 898 1133 novit
915 1077 1271 1147 cogitationes
1288 1075 1568 1129 hominum
1593 1069 1770 1141 (Psat.

197 1177 273 1231 95
302 1176 348 1229 .l
368 1176 436 1245 l).
460 1175 610 1228 solus
626 1173 860 1234 dicebat,
888 1169 1215 1225 Descendens
1237 1169 1400 1236 igitur
1418 1164 1618 1229 ridebo,
1637 1163 1683 1216 si
1698 1177 1775 1215 se-

198 1265 431 1320 cundum
448 1267 728 1320 clamorem
746 1263 1042 1331 eorum,qui
1061 1262 1193 1315 venit
1214 1263 1282 1313 ad
1302 1267 1776 1323 me,consumman-

198 1369 290 1412 tur
309 1374 328 1411 :
352 1360 436 1411 sin
461 1366 632 1409 autem
658 1373 782 1417 non,
802 1364 858 1408 ut
876 1355 1064 1408 sciam.
1087 1350 1144 1404 Si
1172 1350 1304 1404 illud
1321 1357 1405 1404 cst
1431 1343 1772 1418 ignorantiaa,

197 1449 304 1505 hoc
327 1465 544 1518 quoque
565 1449 668 1502 erit
688 1448 956 1516 ignorare.
982 1446 1148 1515 Atqui
1171 1458 1347 1512 neque
1369 1440 1667 1496 secundum
1687 1453 1776 1492 ve-

199 1549 291 1595 tus
309 1548 694 1594 testamentum
715 1538 875 1592 Pater
897 1538 1134 1607 ignorat,
1157 1549 1335 1604 neque
1353 1531 1652 1587 secundum
1678 1544 1779 1583 no-

198 1649 326 1686 vum
367 1639 751 1686 testamentum
783 1629 976 1685 Filius.
1010 1629 1146 1695 Quid
1178 1635 1263 1682 est
1293 1627 1457 1696 igitur
1483 1621 1637 1685 illud,
1673 1620 1778 1674 De-

197 1723 449 1780 scendens
474 1722 677 1785 videbo,
700 1728 746 1775 si
762 1720 1045 1775 secundum
1062 1721 1344 1773 clamorem
1364 1732 1565 1779 eorum,
1585 1714 1674 1783 qui
1695 1727 1778 1766 ve-

196 1819 278 1872 nit
305 1817 376 1870 ad
405 1833 504 1874 me,
529 1822 960 1868 consummantur
987 1829 1004 1867 :
1028 1813 1111 1867 sin
1141 1821 1316 1865 autem
1341 1826 1463 1871 non,
1480 1816 1539 1860 ut
1564 1805 1778 1861 sciam?

272 1895 393 1950 Non
434 1895 585 1965 facile
624 1892 946 1946 credendum.
972 1920 1046 1932 --
1073 1891 1306 1957 Rumor,
1351 1887 1553 1956 inquit,
1588 1886 1655 1940 ad
1692 1900 1778 1939 me

196 1987 484 2057 pervenit;
526 1984 620 2040 sed
658 1982 960 2038 accuratius
989 1980 1112 2035 volo
1148 1992 1336 2033 rursus
1362 1978 1537 2047 reipsa
1565 1976 1779 2046 experi-

197 2051 709 2146 mentum'eapere:
741 2089 846 2128 non
894 2073 1035 2143 quod
1073 2073 1312 2142 ignorem
1354 2085 1488 2138 ego,
1539 2068 1631 2123 sed
1677 2067 1778 2120 ho-

197 2171 375 2225 mines
401 2185 431 2223 a
461 2182 548 2223 me
573 2165 754 2220 doceri
785 2165 964 2226 velim,
998 2173 1056 2217 ut
1085 2177 1153 2216 ne
1183 2171 1384 2216 temere
1412 2159 1568 2214 ﬁdem
1604 2158 1780 2213 verbis

195 2261 506 2324 adhibeant,
537 2273 732 2328 neque,
757 2257 802 2311 si
824 2257 940 2326 quis
965 2254 1221 2308 adversus
1250 2253 1476 2306 alterum
1507 2249 1776 2319 quidpiam

195 2354 361 2417 dicat,
391 2351 547 2406 facile
585 2348 908 2404 credendum
949 2361 1101 2407 esse,
1147 2358 1328 2397 verum
1362 2341 1448 2396 ubi
1490 2339 1636 2410 prius
1679 2338 1777 2407 ipsi

195 2445 484 2514 diligenter
525 2440 888 2512 palpaverint,
936 2447 990 2491 et
1045 2450 1156 2490 rem
1199 2435 1364 2502 ipsam
1414 2430 1780 2500 experimento

197 2535 513 2598 didicerint,
549 2542 658 2586 tum
684 2530 898 2584 demum
935 2542 1055 2582 esse
1091 2523 1442 2579 credendum.
1465 2525 1640 2590 Atque
1681 2519 1781 2574 hac

195 2627 269 2682 de
295 2640 456 2681 causa
499 2625 553 2679 in
585 2623 690 2677 alio
718 2621 1010 2690 Scriptura:
1041 2618 1158 2671 loco
1183 2615 1398 2671 dicebat
1427 2632 1441 2669 :
1475 2612 1651 2667 Nolite
1673 2628 1782 2665 cre-

196 2721 318 2774 dere
343 2717 480 2772 ontni
521 2716 667 2771 verbo
693 2712 974 2785 (Eccii.l9.
1009 2710 1119 2779 16).
1147 2709 1288 2763 Nihil
1318 2708 1459 2763 enim
1503 2706 1573 2760 ita
1615 2704 1778 2758 vitam

199 2809 478 2864 hominum
502 2807 694 2862 evertit
722 2813 777 2859 et
806 2801 1136 2874 pessumdat,
1161 2814 1224 2854 ac
1251 2799 1296 2853 si
1326 2797 1447 2866 quis
1475 2796 1652 2850 statim
1681 2795 1744 2848 iis
1763 2835 1778 2859 ,

197 2914 320 2968 qua:
350 2897 545 2968 passim
573 2896 853 2960 dicuntur,
887 2892 1044 2946 iidem
1077 2890 1286 2944 habeat.
1325 2888 1438 2942 lloe
1469 2887 1629 2941 etiam
1658 2900 1782 2955 pro-

196 2991 362 3060 pheta
386 2987 552 3042 David
581 2985 906 3057 prophetans
934 2983 1144 3038 dicebat
1171 2999 1186 3036 :
1216 2979 1574 3034 Detrahentem
1595 2985 1780 3031 secreto

198 3080 432 3148 proximo
450 3094 560 3142 suo,
597 3077 730 3130 [tunc
756 3075 1084 3146 persequebar
1110 3072 1278 3144 (Psal.
1309 3071 1431 3126 100.
1462 3069 1542 3138 5).

270 3170 326 3224 2.
370 3169 534 3225 Vides
560 3183 667 3237 quo
689 3175 845 3238 pacto
874 3166 1017 3220 nulla
1050 3163 1306 3218 acciderit
1337 3159 1630 3231 ignorantia
1659 3158 1781 3214 Sal-

197 3262 394 3326 vatori,
415 3276 534 3314 cum
566 3258 720 3322 dixit,
755 3257 853 3313 Ubi
877 3256 1114 3327 posuistis
1133 3255 1288 3308 eum?
1314 3254 1451 3307 sicut
1478 3266 1652 3321 neque
1677 3250 1780 3305 Pa-

199 3353 268 3407 tri
301 3367 418 3406 cum
442 3350 574 3404 dixit
597 3348 824 3421 Adamo,
858 3345 958 3402 Ubi
984 3346 1080 3400 es?
1101 3345 1184 3400 vel
1211 3344 1375 3407 Cain,
1419 3341 1518 3397 Ubi
1546 3351 1618 3397 est
1659 3341 1783 3395 Abel

200 3449 364 3515 frater
383 3452 496 3494 tuus
517 3441 542 3494 ?
567 3440 673 3502 vel,
707 3436 1024 3492 Descendens
1051 3436 1247 3502 uidebo,
1299 3435 1343 3488 si
1365 3433 1639 3488 secundum
1676 3433 1781 3485 cta-

197 3549 390 3586 morem
414 3547 606 3595 eorum,
638 3530 722 3599 qui
751 3528 880 3582 venit
899 3527 968 3580 ad
995 3543 1092 3594 me,
1122 3532 1572 3579 consummantur:
1592 3523 1670 3576 sin
1698 3539 1784 3574 au-

197 3637 302 3678 tem
327 3641 448 3688 non,
475 3632 528 3676 ut
550 3623 727 3676 sciam.
754 3620 871 3674 Jam
913 3633 1041 3688 ergo
1076 3627 1286 3686 tempus
1328 3623 1412 3671 est
1453 3624 1510 3669 nt
1551 3629 1672 3668 cum
1713 3613 1780 3667 iis

197 3713 571 3784 conﬂigamus,
598 3713 687 3783 qui
714 3710 984 3766 Christum
1011 3709 1198 3764 dicunt
1242 3717 1460 3778 propter
1503 3705 1782 3761 imbecilli-
1810 3785 1813 3788 .

199 3817 366 3863 tatem
395 3820 601 3871 orasse,
632 3819 752 3858 eum
781 3803 1040 3858 Lazarum
1066 3800 1369 3855 suscitaret.
1397 3796 1668 3854 Attendite
1687 3796 1784 3850 ita-

197 3895 852 3969 que,di|ectissimi,qnam
885 3891 1332 3963 diligentissime,
1383 3904 1587 3958 quaeso.
1641 3889 1783 3942 Mor-

201 4000 327 4041 tuus
354 3996 440 4041 est
464 3986 621 4055 igitur
645 3983 897 4047 Lazarus,
925 3998 1024 4038 nec
1053 3982 1105 4036 in
1132 3982 1236 4036 illis
1262 3981 1396 4035 locis
1434 3989 1551 4035 erat
1585 3979 1741 4034 .lesus
1763 4019 1780 4044 ,

198 4078 297 4133 sed
319 4077 370 4131 in
389 4077 627 4139 Caliltea,
660 4075 899 4144 dixitque
920 4073 1194 4142 discipulis
1220 4073 1332 4127 suis
1355 4089 1369 4125 :
1398 4071 1625 4125 Lazarus
1653 4072 1783 4124 ami-

197 4187 289 4226 cus
316 4179 482 4223 noster
500 4168 681 4221 dormit
699 4165 913 4235 (Joann.
942 4166 1029 4219 11.
1057 4164 1164 4234 11).
1195 4163 1274 4218 1111
1293 4174 1470 4218 autem
1512 4171 1778 4233 putantes,

197 4259 343 4329 quod
369 4259 439 4314 de
463 4273 654 4312 somno
677 4257 793 4326 ejus
819 4257 1148 4326 loqueretur,
1180 4255 1363 4310 dicunt
1401 4254 1475 4308 illi
1503 4272 1517 4308 :
1539 4250 1785 4320 Domine,

195 4353 244 4407 si
272 4351 475 4417 dormit,
501 4351 668 4404 salvus
686 4350 780 4402 erit
809 4347 915 4419 (Ib.
944 4347 1122 4420 v.12).
1153 4348 1288 4402 Dicit
1307 4348 1386 4402 eis
1407 4347 1564 4402 Jesus
1605 4362 1779 4400 mam-

199 4447 360 4508 teste,
389 4441 614 4496 Lazarus
659 4451 886 4495 mortuus
910 4450 981 4496 est
1013 4440 1118 4512 (Ib.
1155 4456 1206 4494 υ.
1247 4441 1357 4510 11).
1399 4439 1559 4494 Venit
1589 4439 1782 4495 deinde

200 4537 448 4591 Salvator
471 4535 857 4606 Jerosolymam
887 4536 952 4591 ad
984 4537 1158 4590 locum
1191 4537 1277 4590 ubi
1301 4537 1532 4590 Lazarus
1547 4535 1778 4601 jacebat,

200 4635 259 4681 ct
286 4626 493 4679 obviam
521 4625 695 4695 prodit
725 4625 802 4679 illi
832 4641 984 4679 soror
1013 4626 1218 4687 Lazari.
1248 4635 1301 4680 et
1326 4627 1397 4678 ait
1426 4612 1498 4678 illi
1542 4618 1783 4683 Domine,

197 4719 248 4773 si
273 4717 454 4788 fuisses
481 4717 584 4784 hic,
625 4719 782 4784 frater
802 4735 942 4771 meus
969 4735 1068 4772 non
1103 4721 1274 4784 fuisset
1303 4727 1528 4771 mortuus
1562 4716 1679 4786 (Ib.
1731 4731 1778 4769 υ.

199 4810 265 4865 21
300 4810 338 4878 ).
384 4810 439 4864 Si
486 4810 673 4865 fuisses
699 4809 806 4864 hic.
835 4810 1047 4864 lnﬁrma
1071 4823 1154 4877 es,
1177 4811 1386 4865 mulier.
1435 4809 1614 4864 Nescit
1643 4823 1783 4863 nunc

198 4901 395 4954 mulier
413 4899 705 4968 Christum,
728 4901 854 4956 licet
874 4916 1098 4970 corpore
1123 4916 1358 4970 praesens
1381 4917 1484 4955 non
1511 4909 1673 4967 esset,
1701 4900 1784 4954 tli-

197 4991 441 5045 vinitatis
462 4993 696 5061 potentia
726 5003 1042 5061 praesentem
1085 4991 1291 5048 fuisse:
1323 4992 1418 5048 sed
1448 5009 1514 5048 ex
1542 4993 1782 5062 corporis

200 5081 482 5151 prmsentia
515 5081 750 5151 magistri
782 5083 1032 5138 virtutem
1059 5083 1295 5138 metitur.

274 5170 505 5225 Christus
526 5188 618 5225 cur
645 5182 875 5242 precatus
900 5175 1156 5244 fuerit.-——
1180 5176 1313 5230 Dicit
1334 5176 1383 5230 ei
1412 5175 1638 5241 Martha,
1673 5174 1780 5230 Do-

196 5262 403 5325 mine,si
423 5263 603 5330 fuisses
627 5264 726 5329 hic,
759 5263 917 5333 frater
939 5282 1078 5320 meus
1102 5282 1202 5319 non
1228 5266 1403 5336 fuisset
1434 5275 1681 5319 mortuus.
1715 5266 1781 5320 Et

196 5367 339 5404 stunc
367 5353 492 5417 scio,
521 5353 715 5422 inquit,
743 5355 860 5422 quia
901 5351 1224 5426 qutccumque
1263 5357 1548 5426 poposceris
1582 5374 1613 5409 a
1651 5355 1781 5424 Deo,

199 5441 348 5494 dabit
368 5442 455 5496 tibi
479 5441 616 5497 Deus
643 5443 748 5515 (Ib.
772 5462 820 5499 υ.
847 5445 962 5517 22).
995 5446 1240 5502 Salvator
1289 5448 1448 5517 igitur
1493 5447 1781 5502 secundum

264 5578 282 5611 ι
307 5582 470 5635 Deest,
509 5578 742 5644 quiduis,
784 5582 834 5630 in
870 5583 1060 5634 duobus
1094 5590 1202 5635 Has.
1241 5591 1354 5644 Quae
1376 5583 1528 5636 verba
1556 5582 1695 5636 Savil.
1736 5584 1786 5637 in

200 5650 357 5703 marg.
384 5649 432 5690 et
455 5640 618 5694 Morel.
631 5641 830 5696 habent.

1014 226 1101 281 DE
1139 221 1406 280 CHRISTI
1447 215 1806 282 PRECIDUS,
1847 214 2122 274 CONTRA
2160 217 2538 277 ANOKCE'OS.
2580 219 2672 276 IX.
3363 220 3461 279 782

1883 329 2022 385 hanc
2052 332 2361 401 petitionem
2389 348 2580 404 preces
2624 333 2799 390 olIert.
2823 333 3009 405 Neque
3045 335 3187 391 enim
3217 337 3462 405 precibus

1880 422 2148 493 indigebat
2177 424 2337 492 Deus,
2362 433 2419 479 ut
2439 433 2708 480 mortuum
2733 427 3037 483 suscitaret.
3077 429 3272 482 Annon
3313 428 3456 482 enim

1879 512 2016 566 alios
2045 513 2205 568 etiam
2234 523 2474 570 mortuos
2503 515 2776 570 suscitavit
2803 515 3072 584 iQuando
3110 517 3184 571 illi
3230 521 3462 577 occurrit

1879 605 2093 674 quidam
2126 616 2390 672 mortuus,
2421 607 2512 676 qui
2559 609 2611 660 in
2651 617 2801 677 porta
2847 603 3075 663 civitatis
3119 609 3461 675 eliciebatur,

1880 700 2251 754 tantummodo
2279 700 2510 755 loculum
2541 701 2747 771 tetigit,
2799 710 2852 756 et
2896 711 3162 756 mortuum
3207 704 3464 758 excitavit

1882 792 2013 864 (Luc
2066 794 2117 846 7.
2151 793 2260 863 M).
2284 791 2418 846 Num
2442 793 2688 862 precibus
2718 805 2826 847 tum
2857 793 3097 864 indiguit,
3129 803 3182 846 Ill
3203 795 3462 849 excitaret

1880 881 2232 935 defunctum?
2285 881 2352 935 Et
2395 882 2520 936 alibi
2563 897 2748 935 rursus
2788 890 2989 936 tantum
3026 883 3190 936 verbo
3228 885 3461 953 puellam

1881 983 1963 1028 est
1990 975 2327 1044 alloquutus,
2370 973 2578 1028 Talitha
2603 972 2748 1028 Cumi
2778 972 2967 1045 (Marc.
2999 975 3056 1028 5.
3081 975 3138 1028 41
3169 974 3213 1045 ),
3242 984 3296 1030 et
3336 991 3464 1028 con~

1886 1064 2061 1120 festim
2091 1066 2306 1119 tradidit
2328 1081 2443 1118 eam
2475 1067 2786 1133 parentibus
2809 1066 2917 1119 suis
2942 1082 3144 1119 sanam.
3177 1067 3312 1120 Num
3343 1083 3466 1135 pre-

1881 1158 2032 1211 cilzus
2064 1165 2173 1210 tmn
2205 1157 2470 1227 indiguit?
2497 1157 2634 1224 Quid
2660 1169 2836 1211 autem
2859 1157 2925 1211 de
2952 1159 3205 1228 magistro
3231 1159 3464 1229 loquor?

1884 1249 2136 1317 Discipuli
2167 1249 2282 1318 ejus
2312 1249 2426 1303 solo
2455 1249 2620 1304 verbo
2642 1261 2880 1303 mortuos
2903 1251 3250 1305 suseitabant.
3276 1252 3463 1305 Petrus

1881 1354 2062 1393 nonne
2102 1339 2380 1394 Tnbilhatlt
2408 1340 2574 1393 verbo
2602 1339 2888 1394 excitavit?
2925 1339 3118 1394 Paulus
3150 1357 3327 1396 nonne
3352 1343 3464 1395 suis

1882 1429 2118 1482 vestibus
2144 1429 2292 1498 signa
2317 1430 2478 1483 multa
2501 1428 2664 1484 fecit?
2693 1431 2850 1484 Disce
2878 1429 3146 1500 quidpiam
3170 1430 3465 1486 mirabilius

1883 1520 2001 1574 istis
2029 1537 2042 1573 :
2069 1521 2435 1590 apostolorum
2463 1522 2649 1576 unibra
2680 1531 2922 1576 mortuos
2952 1523 3262 1578 suscitabat.
3327 1523 3466 1591 επ.-

1882 1614 2056 1665 rebant
2085 1612 2250 1676 enim,
2275 1613 2466 1683 inquit,
2489 1613 2541 1666 in
2567 1613 2788 1684 grabatis
2807 1623 3042 1683 aegrotos,
3071 1623 3125 1666 ut
3144 1615 3321 1667 saltent
3347 1631 3464 1667 um-

1883 1702 1972 1754 bra
1999 1699 2141 1755 Petri
2158 1702 2475 1756 obumbraret
2512 1720 2810 1773 quemquam
2848 1703 3054 1757 illorum
3075 1746 3088 1768 ,
3121 1713 3167 1759 et
3203 1706 3464 1776 confestim

1882 1792 2230 1846 excitabantur
2264 1792 2400 1864 (Act.
2457 1793 2649 1857 5.15).
2685 1793 2820 1861 Quid
2864 1794 3028 1864 ergo?
3072 1796 3460 1865 Discipulormn

1882 1882 2070 1936 umbra
2096 1893 2334 1937 mortuos
2363 1883 2648 1948 excitabat,
2677 1893 2730 1938 et
2755 1885 3006 1955 magister
3048 1887 3292 1956 precibus
3340 1903 3467 1957 ege-

1885 1973 1992 2037 bat,
2021 1981 2078 2027 ut
2104 1984 2372 2028 mortuum
2402 1973 2702 2030 excitaret?
2737 1973 2842 2029 Sed
2868 1987 3081 2046 propter
3106 1979 3345 2033 mulieris
3374 1981 3468 2033 im-

1883 2064 2227 2119 becillitatem
2253 2065 2471 2120 adhibet
2502 2081 2687 2134 preces
2712 2065 2974 2121 Salvator.
3032 2069 3120 2122 Ait
3141 2071 3280 2124 enim
3331 2071 3462 2140 ipsi,

1885 2153 2120 2220 Domine,
2143 2155 2188 2208 si
2217 2155 2401 2224 fuisses
2425 2155 2529 2222 hic,
2548 2156 2708 2226 frater
2735 2174 2871 2212 meus
2889 2175 2989 2212 non
3005 2159 3182 2228 fuisset
3202 2172 3429 2216 mortuus
3444 2178 3465 2215 :

1883 2258 1930 2301 et
1951 2264 2084 2301 nunc
2102 2248 2227 2315 scio,
2248 2249 2367 2316 quia
2391 2256 2715 2320 quaecumque
2743 2252 3030 2321 poposceris
3058 2268 3091 2304 α
3136 2252 3274 2319 Deo,
3326 2255 3465 2308 dabit

1885 2341 1974 2394 tibi
2003 2340 2162 2395 Deus.
2195 2341 2479 2396 Postulasti
2503 2355 2711 2411 preces,
2739 2341 2808 2396 do
2838 2358 3044 2412 preces.
3075 2343 3363 2414 Expositos
3382 2357 3468 2400 est

1885 2433 2004 2487 fons
2034 2450 2048 2498 ;
2081 2432 2456 2503 quodcumque
2489 2433 2700 2488 tandem
2729 2449 2824 2488 vas
2853 2434 2940 2504 qui
2969 2436 3226 2502 attulerit,
3282 2437 3468 2507 implet

1885 2525 2033 2579 illud.
2065 2525 2121 2580 Si
2145 2540 2392 2597 magnum
2422 2525 2597 2588 fuerit,
2623 2541 2870 2595 magnum
2895 2527 3055 2581 sumit
3082 2544 3095 2580 :
3128 2527 3173 2582 si
3194 2528 3464 2598 exiguum,

1884 2618 2047 2670 sumit
2072 2616 2343 2686 exiguum.
2379 2616 2503 2672 11ωο
2525 2617 2682 2686 igitur
2713 2632 2897 2686 preces
2926 2618 3230 2687 postulavit,
3263 2629 3314 2672 et
3345 2619 3468 2674 Sal-

1886 2719 2036 2763 vatur
2063 2725 2248 2778 preces
2268 2711 2553 2764 concessit.
2585 2711 2732 2764 Alius
2757 2710 2909 2772 dixit.
2948 2711 3066 2764 Non
3105 2729 3219 2765 sum
3258 2713 3461 2783 dignus,

1885 2810 1937 2852 ut
1963 2800 2117 2852 intres
2139 2800 2228 2853 sub
2255 2810 2436 2854 lectum
2463 2817 2646 2866 meum,
2676 2801 2765 2854 sed
2786 2811 2981 2853 tantum
3006 2803 3088 2855 dic
3126 2803 3302 2869 verbo,
3347 2802 3468 2856 Fiat

1887 2889 2004 2951 tibi,
2053 2900 2100 2943 et
2140 2890 2404 2943 sanabitur
2427 2907 2550 2959 puer
2577 2907 2719 2943 meus
2747 2906 2767 2943 :
2798 2902 2903 2943 tum
2932 2892 3058 2944 dixit
3084 2893 3130 2945 ei
3159 2893 3400 2947 Salvator
3439 2911 3460 2950 :

1887 2979 2184 3035 Secundum
2205 2982 2356 3050 fidem
2377 2991 2516 3035 tuam
2544 2983 2636 3051 fiat
2655 2982 2744 3035 tibi
2771 2982 2983 3052 (Matth.
3011 2983 3064 3038 8.
3084 2986 3135 3038 8.
3182 2985 3293 3055 15).
3316 2985 3470 3039 Alius

1884 3072 2019 3127 dixit
2045 3091 2060 3128 :
2094 3073 2250 3140 Veni,
2281 3087 2410 3127 sana
2441 3075 2601 3128 tiliam
2636 3090 2806 3128 meam
2835 3093 2847 3127 :
2881 3083 2994 3129 tum
3019 3075 3093 3128 ait
3119 3075 3224 3140 illi,
3269 3076 3468 3144 Sequar

1886 3173 1933 3218 te
1978 3163 2084 3237 (Ib.
2113 3163 2167 3220 9.
2218 3164 2305 3220 18.
2351 3163 2461 3235 19).
2516 3164 2698 3234 Itaque
2746 3174 2902 3234 prout
2945 3180 3005 3220 se
3057 3164 3252 3219 habent
3293 3165 3468 3219 homi-

1887 3272 2016 3309 num
2039 3255 2360 3323 voluntates,
2387 3256 2648 3312 medelam
2674 3255 2893 3311 adhibet
2919 3257 3173 3312 medicus.
3205 3257 3317 3311 Alia
3350 3275 3469 3311 rnr-

1886 3362 1978 3402 sus
2008 3347 2144 3402 clam
2168 3348 2469 3403 vestimenti
2500 3349 2616 3418 ejus
2665 3348 2927 3402 fimbriam
2975 3350 3166 3418 tetigit,
3218 3358 3275 3404 et
3329 3350 3466 3404 clam

1887 3438 2149 3494 medelam
2203 3438 2433 3494 obtinuit
2483 3437 2590 3508 (Ib.
2635 3453 2685 3492 υ.
2715 3438 2807 3494 20.
2852 3439 2985 3511 sqq.)
3031 3457 3044 3493 :
3103 3440 3468 3508 unuSquisque

1887 3541 2045 3602 prout
2081 3531 2354 3597 credebat,
2400 3531 2562 3586 etiam
2610 3531 2898 3586 sanitatem
2939 3531 3308 3600 recuperabat.
3362 3531 3468 3586 ista

1890 3625 2022 3679 dicit
2048 3641 2062 3678 :
2094 3624 2228 3690 scio,
2258 3623 2380 3694 quia
2405 3637 2755 3693 quaecumque
2786 3623 3091 3692 peposceris
3112 3639 3141 3676 a
3170 3623 3348 3687 Patre,
3369 3623 3466 3674 da-

1887 3715 1964 3768 bit
1990 3713 2082 3767 tibi
2101 3713 2280 3780 Pater,
2303 3712 2622 3782 etquoniam
2649 3727 2834 3782 preces
2860 3713 3218 3782 postulaverat
3239 3712 3465 3778 Martha,

1888 3821 2073 3876 preces
2095 3805 2168 3860 illi
2194 3805 2459 3860 concessit
2483 3803 2745 3870 Salvator,
2771 3819 2876 3858 non
2905 3803 3046 3872 quod
3074 3803 3187 3872 ipse
3218 3805 3465 3872 pri-cibus

1889 3896 2170 3966 indigeret,
2202 3893 2296 3950 sed
2325 3894 2468 3964 quod
2496 3894 2736 3948 mulieris
2763 3892 3054 3946 inﬁrmitati
3087 3908 3289 3946 morem
3317 3908 3470 3961 gere-

1887 3997 1990 4050 ret.
2015 4001 2181 4056 seque
2207 3985 2318 4040 Deo
2340 4000 2447 4039 non
2467 3984 2740 4040 adversari
2761 3983 3087 4048 ostenderet,
3113 3999 3294 4037 verum
3315 3983 3471 4052 quid-

1887 4075 2014 4146 quid
2044 4076 2159 4144 ipse
2185 4073 2391 4140 fecerit,
2421 4074 2524 4130 hoc
2549 4075 2708 4129 etiam
2738 4073 2851 4128 fieri
2891 4088 2920 4126 a
2968 4072 3142 4128 Patre.
3197 4072 3470 4129 Forttmvit

1890 4168 2031 4222 Deus
2061 4165 2332 4220 hominem
2357 4179 2386 4218 a
2415 4165 2680 4234 principio
2708 4179 2722 4217 :
2757 4163 2857 4219 fuit
2889 4163 3162 4233 utriusque
3183 4179 3468 4219 eonnnune

1889 4262 2216 4329 ﬁgmentum.
2245 4257 2523 4312 Faciamus
2538 4257 2703 4322 enim,
2732 4257 2921 4327 inquit.
2951 4256 3203 4310 hominem
3229 4256 3298 4309 ad
3332 4257 3467 4309 ima-

1887 4355 2050 4423 ginem
2091 4363 2138 4407 et
2183 4351 2561 4406 similitudinem
2582 4359 2804 4404 nostram
2836 4349 2986 4420 (Gen.
3013 4350 3062 4403 1.
3093 4347 3230 4420 26).
3263 4348 3469 4403 Rursus

1887 4447 2148 4501 latronem
2181 4443 2348 4498 voluit
2375 4442 2427 4496 in
2460 4440 2764 4510 paradisum
2809 4439 3196 4502 intromittere,
3240 4449 3294 4493 et
3335 4454 3469 4491 con-

1889 4535 2062 4589 festim
2089 4533 2313 4588 verbum
2364 4531 2612 4602 protulit,
2657 4544 2721 4585 ac
2765 4529 3028 4583 latronem
3068 4529 3120 4582 in
3162 4526 3467 4598 paradismn

1891 4626 2212 4693 introduxit,
2262 4639 2435 4695 neque
2491 4622 2740 4694 precibus
2783 4621 3044 4690 indiguit:
3094 4620 3302 4674 tametsi
3351 4628 3468 4687 post

1892 4719 2154 4774 Adamum
2187 4730 2378 4771 omnes
2408 4715 2662 4769 Dominus
2689 4713 2757 4768 ab
2786 4712 2932 4765 aditu
2963 4710 3101 4765 illius
3125 4717 3350 4764 arceret.
3378 4710 3472 4763 Ρο-

1890 4811 1996 4864 suit
2021 4809 2161 4865 enim
2193 4808 2496 4861 ﬂammeum
2522 4805 2754 4875 gladium
2781 4804 2847 4858 ad
2873 4802 3278 4858 custodiendum
3308 4818 3466 4872 para-

1888 4903 2062 4959 disum
2113 4899 2219 4972 (Ib.
2246 4901 2298 4955 5.
2321 4897 2415 4971 24)
2450 4916 2464 4954 :
2496 4907 2550 4952 at
2579 4896 2825 4953 Christus
2876 4895 3192 4950 auctoritate
3221 4910 3320 4949 sua
3377 4909 3466 4963 pa-

1889 4995 2125 5049 radisum
2155 4992 2384 5062 aperuit,
2431 4998 2487 5045 et
2514 4989 2773 5043 latronem
2829 4985 3121 5041 introduxit
3169 4985 3320 5056 (Luc.
3375 4985 3465 5039 25.

1890 5085 2003 5158 45).
2052 5085 2376 5150 Latronem,
2407 5081 2650 5146 Domine,
2698 5079 2752 5133 in
2805 5078 3108 5148 paradisum
3141 5076 3471 5132 introducis?

1895 5179 2052 5232 Pater
2080 5186 2202 5230 tuus
2225 5173 2296 5229 ob
2317 5189 2478 5228 unum
2505 5180 2778 5242 peccatum
2805 5170 3066 5224 Adamum
3094 5169 3250 5238 ejecit
3274 5183 3305 5222 e
3326 5182 3473 5236 para-

1891 5269 2029 5335 diso,
2057 5276 2112 5322 et
2143 5277 2196 5321 tu
2222 5266 2483 5320 latronem
2512 5262 2846 5318 introdueis?
2872 5277 2994 5315 eum
3032 5261 3121 5331 qui
3166 5260 3313 5315 mille
3359 5275 3470 5312 ma-

1893 5362 2087 5423 lorum,
2134 5357 2278 5412 mille
2302 5357 2564 5412 scelerum
2608 5368 2733 5409 reus
2771 5353 2921 5407 erat?
2959 5361 3014 5406 et
3049 5350 3361 5420 simpliciter
3398 5350 3471 5405 ita

1894 5461 2112 5523 propter
2138 5465 2296 5506 unam
2321 5463 2507 5504 vocem
2538 5448 2591 5502 in
2624 5445 2925 5516 paradisum
2974 5457 3094 5499 eum
3141 5440 3469 5496 introducisi

1892 5544 2003 5614 Ego
2032 5557 2160 5598 vero
2187 5539 2463 5595 introduco
2497 5557 2511 5592 :
2541 5541 2666 5592 nam
2710 5549 2809 5590 nec
2848 5532 2975 5588 illud
3021 5531 3222 5601 absque
3260 5546 3346 5586 me
3385 5529 3463 5584 la-

1892 5643 2036 5701 etum
2060 5639 2165 5702 est,
2196 5643 2368 5700 neque
2390 5627 2530 5685 istud
2559 5626 2759 5698 absque
2785 5624 2942 5680 Patre
2963 5635 3083 5679 meo
3113 5638 3127 5676 :
3158 5620 3254 5679 sed
3284 5630 3338 5678 et
3365 5620 3466 5679 hoc
