3854 6222
374 227 484 284 785

378 357 556 397 meum
585 350 688 408 est,
711 350 764 397 et
793 341 920 395 illud
941 350 1023 395 cst
1052 339 1224 395 Patris
1255 340 1380 394 mei.
1414 337 1522 410 Ego
1542 337 1674 392 enim
1697 337 1750 391 in
1781 337 1962 403 Patre,

376 445 423 487 ct
451 433 609 487 Pater
635 431 689 487 in
714 450 791 486 me
817 431 995 504 (Joan.
1032 433 1116 486 M.
1149 431 1216 486 10

449 526 506 578 5.
532 526 705 594 Atque
734 533 791 577 ut
818 522 998 578 videas
1019 521 1274 575 orationis
1304 535 1465 588 opera
1494 534 1598 572 non
1631 518 1790 572 fuisse
1815 532 1962 571 mor-

379 623 527 668 tuum
576 615 896 678 excitatum,
947 611 1069 666 audi
1121 612 1437 666 orationem.
1481 609 1616 676 Quid
1661 610 1802 662 enim
1847 608 1962 661 ait?

386 704 590 759 Gratias
615 722 711 775 ago
741 706 847 766 tibi.
878 703 1056 768 Pater,
1101 703 1338 773 quoniam
1376 702 1560 756 audisti
1606 718 1683 755 me
1709 699 1818 772 (Id.
1875 701 1959 753 tl.

381 795 490 869 41).
519 797 654 863 Quid
682 796 848 865 ergo?
879 795 1120 849 Ilmccine
1151 795 1355 865 species
1395 803 1475 848 est
1500 791 1801 846 orationis?
1849 793 1962 845 ha-c

375 887 546 941 forma
575 887 973 955 supplicationis
995 886 1019 939 ?
1045 884 1248 939 Gratias
1267 901 1362 955 ago
1388 884 1496 950 tibi,
1518 884 1755 955 quoniam
1775 882 1964 936 audisti

376 994 474 1032 me.
507 975 614 1049 Ego
640 989 828 1042 autem,
856 977 1046 1047 inquit,
1077 975 1314 1043 sciebam,
1343 976 1460 1045 quia
1487 991 1685 1044 semper
1713 990 1791 1026 me
1815 973 1963 1029 audis

375 1066 484 1134 (Ib.
508 1085 553 1122 υ.
584 1068 698 1136 4⁸2).
726 1068 780 1122 Si
808 1083 938 1137 ergo
966 1069 1092 1129 scis,
1129 1067 1349 1120 Domine
1368 1107 1384 1132 ,
1414 1080 1627 1134 semper
1655 1063 1824 1118 audiri
1853 1079 1902 1117 te
1929 1079 1960 1117 a

379 1162 554 1224 Patre,
581 1176 677 1215 cur
704 1161 769 1214 de
797 1161 860 1213 iis
891 1175 1008 1229 qua:
1039 1159 1142 1212 scis
1169 1158 1378 1212 Patrem
1405 1156 1756 1226 interpellas?
1797 1155 1962 1224 Equi-

373 1250 496 1305 dem
537 1254 650 1305 scio
670 1291 685 1312 ,
717 1249 914 1319 inquit,
942 1250 1065 1319 quia
1103 1264 1317 1318 semper
1339 1247 1488 1301 audit
1516 1262 1600 1300 me
1628 1246 1784 1300 Pater
1812 1263 1826 1299 :
1854 1245 1960 1299 Sed

376 1353 580 1414 propter
610 1343 879 1412 populum,
920 1343 1008 1413 qui
1048 1343 1366 1406 circumstat,
1409 1342 1549 1404 dixi,
1583 1349 1633 1392 ut
1660 1350 1961 1409 cognoscunt

372 1449 576 1498 omnes,
603 1433 720 1502 quia
749 1443 801 1485 tu
855 1449 934 1487 me
986 1423 1164 1486 misisti
1213 1431 1231 1500 (
1254 1429 1392 1484 Ibid.
1419 1429 1460 1500 ).
1487 1430 1622 1484 Num
1651 1430 1808 1499 igitur
1835 1443 1958 1496 pro-

379 1531 495 1590 pter
518 1522 823 1576 defunctum
854 1523 1069 1576 oravit?
1105 1537 1231 1576 num
1262 1521 1596 1591 supplicavit,
1630 1529 1687 1574 ut
1715 1535 1959 1586 resnrge-

375 1621 455 1665 ret
484 1611 756 1665 Lazarus?
785 1627 912 1666 num
943 1611 1096 1676 dixit,
1117 1610 1297 1673 Pater.
1326 1611 1526 1680 impera
1557 1610 1712 1663 morti
1745 1619 1802 1662 ut
1831 1609 1962 1663 obe-

371 1705 520 1759 diat?
565 1722 690 1760 num
730 1705 897 1769 dixit,
931 1706 1124 1774 Pater,
1169 1706 1369 1776 impera
1408 1707 1650 1770 inferno,
1683 1714 1741 1759 ut
1779 1713 1959 1773 portas

375 1813 480 1852 non
499 1798 760 1865 occlndat,
784 1799 877 1853 sed
903 1807 1145 1868 prompte
1167 1808 1435 1853 mortumn
1462 1797 1683 1852 reddat?
1709 1797 1816 1852 Sed
1842 1813 1960 1866 pro-

369 1899 484 1957 pter
511 1890 752 1960 paparium
778 1889 911 1944 [tunc
935 1891 1341 1944 circumstantem
1371 1888 1479 1944 dixi
1495 1930 1510 1954 ,
1544 1890 1747 1960 inquit,
1789 1899 1841 1942 ut
1868 1905 1957 1942 co-

371 1989 610 2050 gnoscant
649 1997 852 2046 omnes,
893 1981 1008 2048 quia
1040 1990 1092 2033 tu
1123 1997 1203 2034 me
1226 1980 1426 2034 misisti.
1454 1978 1570 2034 Non
1595 1995 1720 2049 ergo
1746 1980 1956 2050 signum

369 2077 454 2124 est
493 2068 544 2122 id
583 2068 724 2138 quod
749 2070 949 2139 geritur
967 2111 982 2136 ,
1006 2069 1099 2124 sed
1123 2070 1399 2124 instructio
1418 2085 1603 2124 eorum
1623 2071 1710 2139 qui
1739 2070 1954 2124 adsunt.

446 2159 522 2212 οὺ
546 2160 776 2227 inﬁdeles
804 2160 1061 2215 adstantes
1090 2160 1251 2213 oravit
1279 2157 1529 2214 Christus.
1549 2189 1623 2200 —
1641 2159 1822 2224 Vides,
1851 2175 1957 2229 quo

374 2260 527 2320 pacto
553 2267 657 2304 non
682 2261 898 2320 propter
926 2259 1192 2306 mortuum
1222 2250 1410 2306 tierent
1449 2267 1633 2321 preces
1653 2292 1666 2316 ,
1698 2253 1793 2310 sed
1831 2269 1956 2322 pro-

374 2351 493 2412 pter
518 2341 759 2398 inﬁdeles
787 2343 874 2411 qui
903 2343 1146 2408 aderant,
1179 2341 1248 2398 Ut
1273 2353 1595 2414 cognoscant,
1628 2343 1816 2412 inquit,
1839 2345 1958 2414 quia

371 2443 424 2487 tu
454 2451 533 2488 me
558 2434 756 2488 misisti.
783 2435 851 2488 Et
876 2450 981 2504 quo
1008 2445 1163 2505 pacto
1192 2435 1302 2490 fieri
1330 2435 1544 2505 poterit,
1575 2434 1716 2489 dicet
1742 2436 1954 2504 aliquis,

371 2535 430 2578 ut
471 2539 854 2596 cognoseamus
904 2535 955 2580 te
999 2527 1067 2580 ab
1115 2527 1206 2580 illo
1253 2527 1472 2581 missum
1521 2527 1684 2582 esse?
1730 2529 1958 2584 Attende

371 2629 553 2685 quaeso
582 2615 880 2685 diligenter.
913 2617 1071 2683 Ecce,
1104 2617 1301 2687 inquit,
1334 2618 1545 2686 propria
1574 2633 1690 2672 mea
1719 2619 1954 2672 auctori-

372 2715 482 2760 tate
524 2714 790 2760 mortuum
830 2721 996 2761 evoco
1034 2721 1205 2762 :ecce
1248 2707 1460 2776 propria
1503 2715 1768 2776 potestate
1796 2708 1953 2762 morti

375 2799 584 2866 impero
617 2815 631 2853 :
661 2797 870 2852 Patrem
912 2813 1044 2852 voco
1086 2807 1288 2868 patrem
1322 2815 1336 2852 :
1367 2807 1422 2853 et
1448 2798 1706 2852 Lazarum
1734 2814 1899 2853 evoco
1925 2814 1957 2853 e

370 2887 637 2956 sepulcro.
683 2887 738 2943 Si
788 2889 1017 2958 primum
1049 2887 1176 2943 illud
1219 2904 1402 2943 verum
1447 2904 1551 2942 non
1595 2897 1711 2952 est,
1758 2904 1826 2943 ne
1857 2888 1958 2942 hoc

375 2976 464 3030 ﬁat
490 2976 779 3031 secundum
815 2995 829 3032 :
861 2977 942 3031 sin
969 2987 1146 3032 autem
1177 2993 1305 3032 vere
1329 2977 1487 3032 Pater
1511 2986 1594 3032 est
1623 2986 1790 3047 pater,
1824 2978 1956 3032 obe-

369 3067 478 3122 diat
522 3078 764 3123 mortuus
811 3069 877 3123 ad
924 3085 1110 3123 eorum
1160 3069 1248 3140 qui
1294 3069 1488 3124 adsunt
1529 3070 1952 3124 instructionem.

369 3159 504 3226 Quid
551 3161 692 3214 enim
755 3160 998 3215 Christus
1064 3160 1315 3215 dicebat?
1365 3160 1595 3225 Lazare,
1647 3161 1758 3214 veni
1818 3161 1958 3230 {oras

369 3247 476 3320 (Ib.
499 3248 611 3322 45).
653 3250 874 3318 Quando
903 3239 1060 3304 iiebat
1100 3252 1295 3315 oratio,
1338 3266 1443 3306 non
1474 3252 1769 3305 resurrexit
1808 3267 1954 3304 mor-

371 3348 494 3394 tuus
523 3358 538 3395 :
568 3341 659 3395 sed
685 3342 900 3411 quando
923 3342 1074 3404 dixit,
1106 3341 1319 3407 Lazare,
1346 3343 1455 3396 veni
1480 3346 1640 3412 foras,
1668 3349 1792 3396 tunc
1815 3355 1955 3394 mor-

371 3440 501 3484 tuus
534 3433 843 3485 resurrexit.
889 3432 932 3486 Ο
976 3447 1221 3501 magnam
1265 3432 1454 3486 mortis
1500 3431 1871 3502 tyrannidem!
1912 3430 1957 3485 Ο

372 3535 614 3590 magnam
639 3521 974 3592 tyrannidem
997 3522 1210 3576 virtutis
1235 3521 1398 3587 illius,
1422 3537 1542 3591 qua:
1563 3521 1790 3574 animam
1815 3521 1956 3574 illam

371 3610 677 3665 detinebat!
726 3611 770 3665 Ο
811 3611 1046 3679 inferne,
1091 3612 1226 3681 facta
1257 3621 1338 3665 est
1367 3613 1538 3666 oratio
1560 3654 1574 3679 ,
1607 3621 1661 3666 et
1689 3622 1955 3667 mortuum

373 3717 478 3758 non
518 3701 782 3757 dimittis?
828 3702 1208 3773 Nequaquam,
1253 3704 1439 3772 inquit.
1485 3703 1602 3769 Qua
1645 3703 1711 3757 de
1756 3702 1956 3756 causa?

1090 223 1148 280 S.
1188 221 1469 280 JOANNIS
1507 220 1974 278 CllliYSOSTmll
2018 222 2334 276 ARCIMSP.
2379 221 2912 277 CONSTANTINOP.

2071 337 2202 405 Quia
2235 353 2339 390 non
2362 336 2545 406 jussus
2572 354 2688 392 smn
2719 339 3006 393 dimittere.
3037 340 3226 395 Custos
3251 357 3371 395 sum
3405 346 3692 407 carceris,

2069 434 2157 504 qui
2186 450 2335 488 reum
2365 434 2452 488 hic
2478 433 2690 489 detineo
2714 451 2728 488 :
2757 435 2858 488 nisi
2876 435 3059 504 jussus
3087 435 3294 500 fuerim,
3326 436 3532 506 inquit.
3556 451 3675 491 non

2067 524 2329 579 dimittam
2361 543 2374 578 :
2405 525 2665 594 siquidem
2692 526 2862 579 oratio
2889 543 2992 579 non
3026 535 3241 596 propter
3265 542 3373 591 me,
3403 527 3506 582 sed
3537 542 3607 596 pr
3620 545 3680 581 o-

2066 625 2184 685 pter
2203 631 2297 670 eos
2319 617 2410 686 qui
2436 616 2657 670 aderant
2685 616 2945 682 infideles,
2971 624 3055 672 est
3080 615 3235 670 facta.
3266 617 3397 670 Nam
3423 633 3536 687 ego
3571 621 3675 672 nisi

2065 706 2195 761 mihi
2225 707 2384 762 fuerit
2426 708 2777 778 imperatum,
2817 724 2968 764 reum
3001 725 3105 763 non
3136 709 3420 762 dimittam.
3458 709 3672 764 Vocem

2065 807 2348 865 exspecto,
2393 810 2451 852 ut
2484 799 2714 853 animam
2745 798 3029 854 dimittam.
3081 799 3307 867 Lazare,
3350 801 3464 854 mi
3495 803 3648 871 foras

2067 887 2285 941 Audivit
2313 897 2635 957 przeceptum
2656 888 2982 943 dominicum
3008 899 3264 956 mortuus,
3291 900 3346 947 et
3367 893 3664 948 confestim

2068 977 2214 1048 leges
2244 979 2430 1032 rnortis
2457 979 2692 1032 violavit.
2721 979 3048 1034 Ernbescant
3071 983 3324 1046 han-elici,
3349 993 3402 1037 et
3429 994 3668 1052 pereant

2065 1085 2093 1122 a
2121 1071 2253 1125 facie
2279 1079 2453 1124 terrae.
2479 1070 2620 1125 Satis
2640 1071 2779 1124 enim
2809 1087 2872 1123 ex
2902 1070 3017 1139 ipso
3039 1070 3325 1141 Scriptura:
3352 1081 3499 1126 textu
3525 1089 3669 1126 con-

2065 1170 2170 1215 stat
2201 1178 2304 1214 non
2344 1160 2411 1214 ad
2460 1170 2729 1214 mortumn
2777 1161 3138 1214 suscitandutn
3184 1165 3483 1216 orationem
3533 1179 3665 1215 esse

2065 1251 2252 1304 iactmn
2272 1291 2286 1312 ,
2319 1250 2412 1304 sed
2446 1259 2503 1304 ut
2529 1266 2735 1314 eorum,
2763 1250 2853 1319 qui
2882 1251 3135 1313 aderant,
3165 1252 3454 1306 intidelium
3500 1253 3661 1304 intir-

2065 1343 2231 1396 ntitati
2271 1343 2662 1398 consuleretur.
2704 1341 2930 1407 Lazare,
2973 1345 3083 1396 veni
3123 1348 3278 1412 foras.
3321 1347 3498 1407 Quare
3527 1360 3660 1396 rem

2064 1443 2332 1488 mortuum
2361 1434 2669 1488 nominatim
2698 1435 2944 1489 vocavit?
2983 1435 3188 1502 Qumris
3217 1445 3268 1488 ιιι
3297 1451 3465 1504 quare
3486 1437 3513 1488 ἲ
3552 1435 3657 1499 Ne,

2063 1526 2108 1580 si
2147 1525 2444 1579 absolutam
2480 1539 2664 1579 vocem
2695 1525 2760 1579 ad
2805 1535 3044 1578 mortuos
3082 1525 3406 1590 direxisset,
3438 1542 3655 1590 omnes.

2062 1616 2150 1686 qui
2175 1616 2224 1668 in
2250 1615 2512 1684 sepulcris
2532 1627 2704 1682 erant,
2732 1617 3008 1683 excitaret,
3039 1616 3235 1670 idcireo
3255 1616 3405 1682 dicit,
3432 1616 3654 1682 Lazare,

2061 1710 2170 1762 veni
2199 1711 2357 1780 foras.
2391 1708 2468 1761 Te
2495 1724 2656 1761 unum
2685 1722 2867 1762 coram
2901 1707 3002 1762 hoc
3036 1707 3228 1776 populo
3253 1707 3466 1761 interim
3493 1723 3654 1762 revo-

2061 1814 2156 1864 co,
2204 1807 2261 1853 ιιι
2294 1798 2395 1854 hac
2423 1799 2474 1852 in
2506 1808 2656 1867 parte
2684 1797 2953 1867 specimen
2990 1798 3198 1852 virtutis
3227 1798 3532 1852 futurorum
3558 1814 3655 1853 cx-

2061 1891 2295 1946 hibeam.
2343 1892 2454 1962 Ego
2489 1891 2631 1945 enim
2660 1892 2747 1960 qtti
2789 1907 2954 1944 unum
2984 1891 3238 1956 excitavi,
3265 1899 3436 1945 totmn
3465 1893 3654 1946 urbem

2061 1993 2321 2036 terrarum
2358 1981 2624 2035 excitabo.
2654 1981 2766 2052 Ego
2794 1981 2987 2050 quippe
3012 1997 3124 2034 sum
3148 1981 3448 2034 resurrectio
3477 1991 3526 2034 et
3551 1982 3652 2033 vita

2063 2071 2240 2140 (Joan.
2270 2072 2357 2125 Η.
2380 2069 2496 2139 25).
2518 2069 2624 2123 Las
2642 2087 2730 2136 .re,
2748 2070 2858 2122 veni
2877 2073 3016 2141 foras
3033 2067 3080 2139 (1
3088 2071 3135 2122 b.
3160 2086 3208 2122 υ.
3228 2069 3343 2136 45).
3362 2070 3430 2123 Ει
3456 2070 3656 2138 prodiit

2059 2173 2304 2216 mortuus
2335 2162 2528 2231 ligatus
2557 2161 2718 2230 pedes
2743 2171 2799 2215 et
2838 2175 3027 2215 manus
3055 2160 3266 2215 institis.
3295 2161 3340 2214 0
3365 2177 3482 2216 rem
3509 2161 3660 2215 inso-

2060 2255 2204 2310 litam
2231 2265 2284 2309 ct
2314 2253 2650 2309 mirabilem!
2697 2254 2796 2319 Qui
2839 2269 2868 2306 a
2913 2253 3099 2307 mortis
3144 2253 3368 2307 vinculis
3411 2252 3654 2308 animam

2059 2346 2251 2411 solvit,
2283 2345 2371 2415 qui
2413 2343 2558 2399 fores
2601 2343 2791 2398 inferni
2825 2342 3111 2414 perfregit,
3142 2342 3232 2412 qui
3263 2351 3451 2412 portas
3479 2359 3654 2397 a-reas

2061 2447 2113 2491 et
2142 2444 2318 2491 vectes
2360 2436 2566 2491 ferreos
2590 2435 2878 2497 contrivit,
2907 2443 2965 2489 et
2991 2433 3220 2488 animam
3251 2448 3282 2486 a
3311 2433 3507 2487 mortis
3538 2435 3656 2487 vin-

2061 2529 2197 2582 culis
2222 2527 2498 2592 liberavit,
2540 2542 2645 2582 non
2673 2527 2844 2597 potuit
2871 2527 3032 2581 etiam
3077 2525 3282 2580 institas
3312 2525 3510 2578 mortui
3541 2526 3652 2580 sol-

2063 2617 2229 2672 vere?
2255 2617 2395 2672 Sane
2423 2616 2597 2687 potuit
2621 2633 2634 2669 :
2659 2615 2755 2670 sed
2782 2614 2983 2671 Judaeis
3005 2614 3231 2684 imperat
3256 2615 3472 2669 solvant
3503 2615 3655 2668 insti-

2065 2717 2147 2762 tas
2170 2749 2186 2774 ,
2212 2723 2344 2778 quas
2387 2707 2486 2778 ipsi
2516 2708 2663 2778 prius
2681 2747 2696 2771 ,
2734 2706 2860 2760 dum
2890 2706 3036 2759 illum
3065 2705 3308 2776 sepulcro
3332 2705 3655 2771 conderent,

2061 2801 2420 2867 strinxerant,
2460 2808 2516 2854 ut
2545 2813 2762 2853 suorum
2790 2797 3119 2852 vinculorum
3159 2797 3352 2852 indicia
3389 2812 3655 2868 recogno-

2061 2898 2235 2957 scant,
2265 2900 2321 2945 ut
2345 2889 2711 2959 experimento
2732 2888 2957 2953 discant,
2990 2903 3054 2942 ex
3084 2887 3149 2943 iis
3173 2903 3291 2958 qua:
3316 2887 3420 2957 ipsi
3446 2893 3656 2958 pra-sti-

2063 2985 2244 3048 terint,
2277 2983 2536 3037 Lazarum
2559 2997 2682 3036 eum
2712 2996 2834 3036 esse
2857 2996 3017 3050 quem
3059 2981 3157 3050 ipsi
3182 2981 3434 3050 sepulcro
3462 2981 3656 3035 condi—

2060 3074 2237 3130 derint
2285 3075 2325 3138 ⁸,
2366 3083 2420 3128 et
2462 3073 2730 3128 Christum
2773 3086 2932 3136 esse,
2988 3073 3079 3142 qui
3137 3071 3433 3126 secundum
3484 3071 3659 3126 Patris

2064 3164 2451 3234 beneplacitum
2481 3165 2534 3218 in
2575 3163 2831 3218 mundum
2856 3163 3100 3228 advenit,
3145 3164 3233 3233 qni
3262 3163 3383 3216 vita:
3404 3178 3472 3218 ac
3509 3165 3660 3217 neris

2065 3256 2224 3309 habet
2265 3261 2602 3324 potestatem.
2639 3253 2742 3322 Ipsi
2783 3253 2950 3324 gloria
2978 3262 3031 3306 et
3061 3253 3344 3322 imperium
3388 3268 3495 3305 una
3533 3269 3656 3307 cum

2063 3347 2218 3400 Patre
2257 3354 2347 3399 tuo
2373 3345 2504 3398 initii
2541 3356 2759 3413 experte
2779 3384 2794 3407 ,
2839 3344 3098 3412 simulque
3128 3355 3314 3398 Sancto
3343 3358 3407 3399 ac
3437 3344 3658 3398 viviﬁco

2063 3438 2261 3506 Spiritu
2289 3445 2400 3503 tuo,
2427 3450 2569 3490 nunc
2596 3447 2649 3491 et
2672 3451 2904 3506 semper,
2933 3436 3062 3489 etin
3090 3435 3284 3489 sa-cnla
3305 3436 3655 3490 sa'culornns.

2062 3533 2256 3586 Amen.

2127 3647 2142 3677 ¹
2178 3644 2320 3694 Savil.
2347 3646 2393 3692 in
2413 3657 2565 3706 marg.
2591 3643 2736 3702 addit,
2763 3653 2913 3704 nemte
2938 3639 3202 3690 reatitatem
3223 3645 3455 3700 tanquam
3502 3638 3658 3701 pluu-

2063 3716 2218 3759 tasma
2241 3706 2503 3769 divulgcut.

374 3840 3644 3867 *ΜΝ

375 3950 540 4004 QUOD
582 3950 707 3994 NON
751 3950 982 3994 DICERE
1027 3950 1108 3991 ET
1135 3950 1220 3992 AD
1261 3948 1439 3991 ιιιοε
1482 3947 1798 4000 EFFERIE,
1841 3945 1957 3997 QUA

2067 3943 2274 3994 CIMUS,
2321 3937 2754 3984 PAUPERIORES
2799 3933 2914 3981 N03
2947 3936 3205 3988 REDDIT,
3241 3935 3319 3976 ΕΤ
3362 3933 3651 3976 ϐιιΑγιμι

451 4053 836 4096 EXSTINGUIT
906 4054 921 4092 2

449 4155 794 4208 uersum;
853 4153 932 4194 ET
999 4152 1060 4193 tu

984 4051 1065 4093 ET
1106 4051 1170 4092 IN
1224 4049 1485 4102 PRECES,
1531 4047 1760 4100 QUIBUS
1811 4047 2115 4089 CHRISTUS
2160 4046 2276 4087 EST
2329 4044 2504 4098 USUS,
2562 4041 2642 4085 ET
2692 4039 3208 4091 AUCTORITATEM,
3256 4038 3382 4089 QUA
3442 4035 3646 4078 ΟΜΝΙΑ

1117 4150 1386 4192 VETERIS
1455 4148 1633 4192 LEGIS
1702 4146 2209 4189 EMENDATIONEM
2279 4147 2294 4186 Ζ

2363 4143 2444 4187 ET
2510 4141 2681 4197 QUOD
2737 4135 3121 4185 INCARNATIO
3177 4134 3654 4190 EQUALITATBI

451 4254 650 4300 IPSIUS
693 4255 824 4299 CUM
867 4253 1072 4296 PATRE
1114 4251 1240 4294 NON
1288 4245 1539 4304 MINUIT,
1588 4244 1705 4292 εει)
1750 4247 2120 4290 CONFIRMAT
2162 4247 2408 4290 POTIUS.

1485 4373 2502 4448 mschw

949 4535 1164 4575 IIOIEIJA
1203 4533 1417 4573 DECIMA.

449 4615 501 4670 Ι.
540 4613 918 4685 Superioribus
970 4611 1158 4666 diebus
1205 4607 1414 4662 abunde
1462 4607 1514 4662 in
1565 4608 1762 4662 celebri
1815 4615 1956 4661 caatu

375 4706 664 4762 conciones
701 4703 1013 4767 habuimus,
1049 4701 1172 4755 dum
1201 4699 1490 4770 apostolica
1521 4699 1808 4753 certamina
1845 4706 1955 4751 tra-

374 4805 642 4857 cttu'emus
662 4837 677 4861 ,
709 4804 764 4850 et
791 4794 1141 4865 spiritualium
1181 4801 1324 4847 recte
1367 4791 1625 4846 factorum
1656 4790 1957 4844 narratione

373 4903 475 4943 nos
505 4886 934 4941 oblectaremus:
971 4885 1080 4955 jam
1123 4899 1250 4939 vero
1295 4893 1506 4954 tempus
1547 4893 1662 4946 est,
1708 4889 1765 4935 nt
1805 4881 1956 4936 vobis

376 4978 614 5034 debitum
645 4976 1030 5046 persolvamus.
1065 4973 1274 5030 Etenim
1305 4974 1435 5028 nihil
1466 4982 1576 5039 est,
1617 4972 1758 5042 quod
1788 4973 1953 5041 impe-

381 5068 493 5123 diat
519 5083 534 5120 :
561 5075 722 5138 atque
755 5066 997 5136 equidem
1037 5066 1230 5122 oblitos
1257 5077 1377 5120 esse
1399 5076 1496 5119 vos
1519 5065 1630 5119 scio
1658 5062 1956 5117 debitorum

374 5173 656 5225 meorum,
696 5157 836 5226 quod
876 5167 982 5211 tam
1027 5157 1178 5210 multi
1218 5155 1334 5211 dies
1379 5153 1816 5210 intercesserint:
1850 5167 1958 5206 non

373 5260 552 5304 tamen
579 5263 642 5303 ea
675 5247 873 5303 idcirco
909 5246 1124 5312 celabo,
1165 5244 1261 5301 sed
1287 5259 1347 5301 ea
1377 5244 1528 5300 vobis
1568 5257 1755 5314 magna
1794 5243 1956 5296 animi

378 5339 656 5392 alacritate
685 5337 1001 5406 persolvant.
1027 5336 1084 5391 ld
1109 5351 1240 5390 vero
1274 5331 1431 5400 facio,
1462 5347 1568 5387 non
1593 5333 1790 5398 solum,
1816 5332 1958 5402 quod

375 5431 533 5485 bona:
565 5429 685 5485 tidci
716 5429 816 5484 sim
843 5428 1081 5494 debitor,
1110 5427 1202 5482 sed
1232 5427 1391 5480 etiam
1417 5423 1558 5495 quod
1587 5423 1798 5478 utilitati
1823 5437 1958 5478 meae

375 5522 672 5576 consulam.
711 5519 844 5574 Nam
883 5521 935 5573 in
973 5517 1336 5589 corporalibus
1362 5515 1573 5586 quidem
1600 5511 1958 5570 contractibus

363 5609 438 5680 ei,
469 5610 561 5682 qui
593 5623 832 5670 mutuum
861 5611 1119 5683 sumpsit,
1148 5610 1275 5666 utile
1303 5617 1404 5676 est,
1428 5609 1472 5662 si
1505 5607 1550 5663 is
1572 5607 1661 5678 qui
1692 5614 1958 5663 mutuatus

2067 4521 2147 4565 est
2169 4552 2183 4573 ,
2215 4510 2557 4565 obliviscatur
2586 4525 2599 4561 :
2633 4505 2725 4559 sed
2753 4506 2806 4559 in
2848 4501 3208 4572 spiritualihus
3237 4499 3408 4568 pactis
3443 4499 3495 4553 ei
3518 4541 3533 4564 ,
3568 4500 3660 4569 qui

2065 4601 2303 4656 debitum
2329 4599 2666 4654 exsoluturus
2691 4603 2807 4660 est,
2851 4594 3130 4649 utilitatem
3175 4592 3307 4660 parit
3336 4589 3657 4657 maximam,

2064 4694 2109 4748 si
2137 4693 2225 4763 qui
2263 4690 2530 4758 accepturi
2557 4697 2713 4753 sunt,
2751 4686 3051 4742 debitorum
3078 4692 3335 4753 perpetuo
3361 4682 3658 4736 recorden-

2065 4792 2171 4839 tur.
2217 4781 2490 4852 Siquidem
2519 4789 2700 4834 mutua
2732 4778 2953 4847 pecunia
2997 4777 3238 4829 restituta
3281 4773 3489 4827 deserit
3531 4787 3658 4827 eum

2065 4873 2155 4944 qui
2197 4871 2487 4943 persolvit,
2525 4879 2580 4924 et
2616 4867 2682 4922 ad
2710 4882 2831 4922 eum
2863 4865 3084 4928 transit,
3116 4863 3204 4931 qui
3235 4862 3460 4930 recipit,
3493 4871 3660 4931 atque

2065 4965 2221 5019 unius
2266 4961 2563 5026 imminuit,
2595 4959 2814 5015 alterius
2841 4965 2998 5026 auget
3039 4953 3313 5010 facultates
3343 4970 3358 5006 :
3392 4953 3444 5006 in
3489 4953 3658 5022 spiri-

2067 5055 2296 5111 tualibus
2328 5071 2456 5110 vero
2488 5069 2591 5108 non
2618 5052 2743 5107 item
2770 5068 2785 5104 :
2814 5049 2908 5104 sed
2939 5049 3050 5102 ﬁeri
3075 5055 3249 5117 potest
3277 5055 3334 5100 ut
3360 5061 3476 5099 rem
3507 5044 3663 5099 debi-

2067 5157 2174 5202 tam
2202 5159 2256 5201 et
2282 5159 2647 5218 persowamus
2675 5149 2729 5197 et
2762 5141 3086 5196 retineamus
3117 5155 3131 5192 :
3162 5136 3414 5207 quodque
3448 5136 3658 5206 permi-

2066 5255 2181 5296 rum
2211 5249 2312 5303 est,
2345 5247 2454 5292 tum
2483 5237 2710 5292 maxime
2737 5235 2879 5288 illam
2907 5232 3184 5296 habemus,
3223 5245 3344 5284 cum
3374 5228 3500 5283 aliis
3534 5245 3655 5299 per-

2065 5331 2398 5386 solverimus.

2136 5418 2398 5475 Dissimile
2419 5417 2638 5473 debitum
2665 5416 2912 5487 pecuniae,
2935 5423 2983 5468 et
3011 5408 3350 5482 spiritualium
3377 5427 3574 5464 rerum.
3591 5438 3657 5451 —-

2065 5512 2118 5568 Si
2145 5511 2287 5566 enim
2315 5507 2581 5564 defossam
2609 5507 2662 5562 in
2699 5514 3160 5575 mente-perpetuo
3185 5501 3484 5556 custodiam
3505 5541 3523 5566 ,
3557 5513 3657 5554 nec

2072 5604 2162 5658 ulli
2183 5601 2595 5668 communicem,
2623 5597 2880 5656 minuitur
2906 5597 3031 5653 mihi
3062 5594 3288 5662 lucrum,
3317 5592 3535 5648 decedit
3556 5586 3654 5640 ali-

3769 73 3798 326 l

3781 339 3798 1076 ἰ
