3854 6222
177 295 291 350 783

178 408 337 476 ἐμὸν,
384 406 606 460 κάκεῖνο
643 405 738 458 τοῦ
783 405 998 477 Πατρός
1032 423 1156 475 μου.
1220 406 1370 476 Ἐγὼ
1413 407 1522 477 τὰρ
1568 407 1640 461 ἐν
1689 410 1770 478 τῷ

176 491 384 558 Πατρὶ,
415 487 515 542 καὶ
548 492 580 541 ό
602 489 806 556 Πατὴρ
841 488 911 540 ὲν
936 487 1088 555 ἐμοί.

251 581 321 642 γ’.
349 571 499 644 [528]
535 573 646 625 Καὶ
680 571 762 623 ἵνα
798 570 936 641 ἴδῃς,
966 571 1047 624 ὅτι
1073 572 1173 623 οὐκ
1200 571 1420 638 ἐγένετο
1459 576 1772 646 προσευχῆς

174 657 339 729 ἔργον
367 657 427 708 16
473 654 771 723 ἀναστῆναι
813 654 906 706 τὸν
937 654 1134 724 νεκρὸν
1153 695 1166 717 ,
1209 655 1439 710 ἄκουσον
1468 659 1567 726 τῆς
1598 677 1768 730 προσ-

174 740 367 814 ευχῆς.
400 738 464 791 Τί
508 737 617 809 γάρ
663 753 861 806 φησιν;
896 735 1253 804 Εὐχάριστῶ
1286 754 1408 801 σοι,
1438 739 1650 808 Πάτερ,
1683 742 1770 795 ὅτι

173 821 453 890 ἤκουσάς
483 841 622 890 μου.
670 822 701 873 Γ
709 823 723 872 ί
756 816 886 884 οῦν;
921 819 1079 872 τοῦτο
1120 823 1432 892 προσευχῆς
1460 819 1600 887 εἶδός
1629 826 1766 888 ἐστι,

174 906 335 959 τοῦτο
366 905 537 968 τύπος
565 905 808 968 ἰκεσίας;
845 902 1201 971 Εὐχαριστῶ
1222 921 1342 968 σοι,
1376 905 1465 960 ὅτι
1496 906 1770 974 ἤκουσάς

169 1009 312 1061 μου.
381 989 528 1058 Ἐγὼ
581 989 682 1050 δὲ,
723 990 924 1058 φησὶν,
974 987 1144 1056 ᾔδειν
1196 988 1284 1042 ὅτι
1348 989 1606 1044 πάντοτέ
1649 1009 1768 1060 μου

171 1074 434 1139 ἀκούεις.
468 1075 529 1126 Εἰ
578 1067 890 1134 οῦν-οἶδας,
920 1064 964 1124 ὦ
1022 1070 1224 1141 Κύριε.
1261 1072 1343 1124 ὅτι
1393 1073 1625 1126 πάντοτέ
1674 1092 1766 1127 σου

171 1156 364 1210 ἀκούει
385 1159 414 1209 6
436 1157 646 1226 Πατὴρ,
669 1155 721 1207 τί
742 1154 930 1208 λοιπὸν
959 1154 1088 1224 περὶ
1109 1148 1184 1206 ὧν
1208 1151 1352 1218 οἶδας
1381 1157 1764 1227 παρενοχλεῖς;

186 1239 331 1308 Ἐγὼ
359 1240 480 1310 μὲν,
513 1239 698 1309 φησὶν,
730 1233 846 1291 οἶδα
874 1238 956 1290 ὅτι
993 1237 1221 1290 πάντοτέ
1252 1256 1355 1307 μου
1387 1240 1574 1292 ἀκούει
1609 1243 1635 1293 6
1665 1242 1769 1293 Πα-

170 1325 297 1394 τὴρ,
343 1323 518 1376 Ἀλλὰ
546 1321 643 1376 διὰ
668 1322 776 1375 τὸν
816 1318 1182 1388 περιεστῶτα
1223 1320 1412 1390 ὄχλον
1450 1319 1642 1386 εἶπον,
1669 1325 1770 1376 ἵνα

172 1406 361 1475 γνῶσι
395 1404 650 1470 πάντες,
689 1404 779 1457 ὅτι
814 1405 895 1457 σύ
940 1421 1017 1472 με
1060 1401 1448 1465 ἀπέστειλας.
1474 1406 1564 1476 Μή
1599 1424 1650 1458 τι
1680 1405 1768 1458 διὰ

171 1490 261 1541 τὸν
290 1488 482 1560 νεκρὸν
526 1487 902 1558 προσηύξατο;
944 1486 1018 1557 μὴ
1057 1486 1335 1540 ἱκέτευσεν
1369 1488 1457 1540 ἵνα
1495 1489 1701 1559 ἀναστῇ
1741 1491 1770 1543 6

170 1573 460 1642 Λάζαρος;
523 1571 597 1642 μὴ
630 1565 786 1623 εἷπε·
834 1570 1052 1640 Πάτερ,
1111 1568 1368 1622 κέλευσον
1409 1569 1502 1622 τὸν
1541 1570 1768 1624 θάνατον

172 1656 518 1718 ὐπακοῦσαι;
560 1653 633 1724 μὴ
669 1649 791 1706 εἰπε
817 1693 832 1714 ,
865 1653 1087 1723 Πάτερ,
1126 1651 1383 1704 κέλευσον
1424 1652 1502 1722 τῷ
1536 1653 1658 1724 ᾅδῃ,
1695 1655 1768 1726 μὴ

170 1739 271 1802 τὰς
321 1738 496 1801 πύλας
545 1737 882 1809 ἀποκλείσῃ,
925 1735 1060 1788 ἀλλὰ
1113 1735 1409 1806 προθύμως
1442 1736 1534 1788 τὸν
1578 1737 1768 1807 νεκρὸν

171 1821 492 1887 ἀποδοῦναι;
521 1821 702 1875 Ἀλλὰ
721 1820 819 1872 διὰ
835 1819 942 1872 τὸν
963 1818 1326 1886 περιεστῶτα
1341 1818 1558 1871 τοῦτον
1582 1820 1769 1886 ὄχλον

171 1900 368 1965 εἷπον,
414 1906 598 1975 φησὶν,
651 1904 751 1957 ἵνα
799 1901 987 1972 γνῶσι
1035 1901 1280 1966 πάντες.
1317 1901 1405 1953 ὅτι
1438 1903 1519 1953 σύ
1539 1919 1615 1970 με
1649 1903 1768 1962 ἀπ.

170 1987 470 2050 ἐστειιίας.
512 1986 721 2039 Οὐκοῦν
782 1986 882 2039 οὐκ
939 1984 1055 2038 ἔστι
1099 1985 1159 2037 16
1196 1985 1480 2055 γινόμενον
1512 1988 1764 2056 σημεῖον,

170 2071 306 2124 ἀλλά
337 2073 643 2140 κατήχησις
672 2069 780 2122 τῶν
815 2067 1123 2139 παρόντων.

244 2151 397 2217 Εἶδες
427 2154 543 2216 πῶς
570 2154 670 2206 οὐκ
704 2152 922 2220 ἐγένετο
948 2153 980 2221 ἡ
1012 2150 1286 2222 προσευχὴ
1313 2149 1400 2202 διὰ
1425 2149 1516 2202 τὸν
1549 2151 1764 2222 νεκρὸν,

175 2237 311 2290 ἀλλά
330 2236 417 2289 διὰ
443 2237 567 2298 τοὺς
596 2235 870 2304 παρόντας
898 2233 1184 2296 ἀπίστους,
1209 2234 1311 2287 ἵνα
1339 2232 1546 2302 γνῶσι,
1575 2235 1764 2304 φησὶν,

170 2321 263 2372 ὅτι
302 2321 381 2372 σύ
415 2336 492 2388 με
539 2318 926 2382 ἀπέστειλας.
967 2316 1077 2368 Καὶ
1127 2315 1245 2379 πῶς
1297 2315 1495 2386 ἔχομεν
1524 2315 1763 2384 γνῶναι,

172 2403 359 2472 φησὶν,
385 2403 468 2455 ὅτι
495 2400 656 2463 αὐτός
692 2417 746 2453 σε
775 2399 1097 2463 ἀπέστειλε;
1138 2399 1405 2470 Πρόσεχε,
1435 2397 1763 2468 παρακαλῶ,

177 2485 316 2556 μετά
351 2485 534 2555 πάσης
568 2482 878 2553 ἀκριϐείας.
925 2482 1079 2545 Ἰδοὺ,
1111 2481 1265 2552 φησὶ,
1304 2481 1442 2551 μετά
1482 2481 1582 2549 τῆς
1626 2481 1766 2551 ἐμῆς

171 2569 464 2632 αὐθεντίας
504 2568 655 2620 καλῶ
683 2567 774 2619 τὸν
805 2566 1030 2637 νεκρόν·
1077 2565 1184 2618 ἰδοὺ
1230 2568 1294 2633 τῇ
1326 2565 1503 2636 οἰκείᾳ
1548 2562 1767 2635 ἐξουσίᾳ

172 2651 550 2722 ἐπιτάττωτῷ
599 2650 851 2720 θανάτῳ·
899 2648 1051 2703 καλῶ
1095 2648 1185 2700 τὸν
1239 2648 1461 2717 Πατέρα
1514 2647 1762 2717 πατέρα’

171 2737 322 2790 καλῶ
353 2735 446 2788 καί
480 2735 568 2786 τὸν
600 2733 852 2804 Λάζαρον
885 2734 949 2784 ὲκ
976 2730 1072 2784 τοῦ
1102 2731 1298 2798 τάφου.
1338 2731 1402 2783 Εἰ
1435 2731 1534 2782 οὐκ
1562 2730 1675 2782 ἐστι
1703 2730 1766 2782 16

171 2820 391 2892 πρῶτον
420 2817 639 2887 ἀληθὲς,
690 2816 822 2887 μηδέ
860 2815 1021 2867 τοῦτο
1060 2814 1337 2882 γενέσθω·
1374 2816 1422 2866 εἰ
1459 2813 1517 2865 δὲ
1547 2811 1766 2882 ἀληθῶς

171 2906 202 2957 ό
235 2902 424 2972 Πατὴρ
451 2903 652 2972 πατὴρ.
689 2897 1014 2952 ὑπακουέτω
1043 2897 1139 2950 καὶ
1177 2900 1204 2950 6
1243 2896 1434 2969 νεκρὸς
1463 2895 1599 2966 πρὸς
1623 2895 1765 2947 διδα-

174 2986 402 3040 σκαλίαν
446 2985 554 3038 τῶν
597 2983 901 3054 παρόντων.
935 2981 999 3032 Τί
1044 2980 1155 3052 γὰρ
1203 2982 1231 3032 6
1283 2979 1515 3050 Χριστὸς
1570 2979 1764 3046 ἕλεγε;

173 3069 420 3137 Λάζαρε,
453 3068 628 3136 δεῦρο
660 3067 795 3130 ἔξω.
831 3066 963 3117 ’Ὀτε
997 3064 1221 3132 γέγονεν
1253 3065 1287 3133 ἡ
1322 3063 1630 3134 προσευχὴ,
1666 3061 1766 3114 οὐκ

172 3155 375 3222 ἀνέστη
405 3155 433 3205 6
459 3155 652 3223 νεκρός
674 3168 685 3180 ·
715 3149 832 3205 ἀλλ’
863 3149 953 3201 ὅτε
982 3143 1125 3214 εἰπε,
1156 3144 1399 3213 Λάζαρε,
1428 3145 1604 3212 δεῦρο
1626 3144 1763 3209 ἔξω,

171 3238 294 3292 τότε
327 3238 528 3304 ἀνέστη
560 3239 588 3290 6
641 3234 852 3306 νεκρός.
891 3233 955 3285 Ὢ
988 3231 1246 3302 τυραννὶς
1290 3229 1383 3282 τοῦ
1424 3229 1654 3282 θανάτου
1677 3245 1691 3259 ·
1720 3226 1766 3280 ὣ

171 3322 427 3393 τυραννὶς
450 3321 552 3388 τῆς
580 3319 861 3389 δυνάμεως
906 3315 1122 3384 ἐκείνης
1154 3314 1252 3384 τῆς
1289 3313 1626 3381 κατεχούσης
1667 3310 1765 3380 τὴν

170 3405 384 3475 ψυχήν·
421 3404 474 3472 ὦ,
509 3403 634 3474 ᾆδη,
670 3399 949 3472 προσευχὴ
987 3398 1192 3466 γέγονε,
1240 3397 1334 3449 καὶ
1365 3396 1464 3448 οὐκ
1508 3393 1763 3458 ἀπολύεις

171 3488 266 3540 τὸν
300 3486 526 3557 νεκρόνς
560 3486 723 3556 Οὐχὶ,
769 3483 900 3553 φησί
959 3483 1057 3532 Διά
1096 3481 1178 3544 τί;
1215 3481 1338 3532 Ὅτι
1387 3478 1446 3530 οὐ
1499 3479 1766 3548 προσετάο

174 3572 332 3644 χθην.
361 3570 592 3638 Δέσμιός
637 3571 752 3638 ειμι
787 3565 972 3619 αὐτόθι
1005 3562 1388 3633 κατέχωντδν
1425 3559 1725 3617 ὑπεύθυνον
1749 3572 1765 3588 ⁶

190 3787 512 3805 —.———-d

955 290 1042 345 DE
1078 289 1352 353 CHRISTI
1395 291 1758 364 PRECIBUS,
1798 296 2081 354 CONTRA
2118 297 2502 356 ANOMCEOS.
2543 299 2614 355 Χ.

3349 294 3450 352 784

1871 411 1967 465 ἐάν
2000 413 2075 485 μὴ
2105 415 2449 487 προσταχθῶ,
2476 414 2665 485 φησὶν,
2685 414 2786 470 οὐκ
2813 416 3035 472 ἀπολύω
3055 437 3066 448 ·
3095 421 3126 491 ἡ
3155 421 3264 492 γὰρ
3287 439 3455 492 προσ-

1871 498 2025 568 ευχὴ,
2057 499 2242 569 φησὶν,
2277 499 2338 552 οὐ
2372 499 2439 551 δι’
2470 499 2570 569 ἐμὲ
2601 498 2846 568 γέγονεν,
2878 500 3016 554 ἀλλὰ
3045 501 3132 555 διὰ
3159 504 3284 566 τοίις
3312 521 3453 575 παρ-

1869 579 2030 642 όντας
2067 581 2349 646 ἀπίστους.
2383 581 2524 652 Ἐγὼ
2552 582 2683 654 γὰρ,
2723 584 2817 637 ἐὰν
2864 585 2938 656 μὴ
2973 587 3322 658 προσταχθῶ,
3352 589 3455 642 οὐκ

1869 663 2093 716 ἀπολύω
2121 662 2212 718 τὸν
2256 664 2594 719 ὑπεύθυνονσ
2654 667 2907 738 ἀναμένω
2950 667 3049 738 τὴν
3099 670 3285 738 φωνὴν
3309 711 3323 733 ,
3366 672 3454 724 ἵνα

1871 745 2127 799 ἀπολύσω
2165 746 2263 817 τὴν
2292 747 2489 819 ψυχήν.
2525 748 2774 817 Λάζαρε,
2814 749 2991 817 δεῦρο
3037 752 3172 816 ἔξω.
3216 753 3456 807 Ἤκουσε

1868 828 1962 880 τοῦ
1991 829 2312 883 δεσποτικοῦ
2349 830 2779 901 προστάγματος
2822 835 2850 886 6
2881 834 3094 905 νεκρὸς,
3127 835 3220 888 καὶ
3251 835 3453 899 εὐθέως

1869 910 1964 962 τοῦ
1997 911 2225 964 θανάτου
2253 913 2379 975 τοὺς
2407 913 2604 983 νόμους
2634 913 2960 984 παρέλυσεν.
2999 915 3452 988 Αίσχυνέσθωσαν

1870 996 1919 1046 οἰ
1959 995 2262 1064 αἱρετικοὶ,
2319 995 2415 1048 καὶ
2462 995 2850 1050 ἀπολέσθωσαν
2879 997 2986 1050 ἀπὸ
3029 997 3324 1070 προσώπου
3355 999 3458 1069 τῆς

1869 1077 1991 1147 γῆς.
2025 1079 2137 1130 Καὶ
2167 1077 2276 1148 γὰρ
2307 1077 2587 1143 ἀπέδειξεν
2613 1081 2640 1132 6
2667 1079 2846 1148 λόγος,
2889 1080 2971 1133 ὅτι
3015 1081 3074 1133 οὐ
3118 1082 3216 1135 διά.
3236 1081 3333 1152 τὴν
3358 1081 3457 1135 τοῦ

1871 1159 2067 1231 νεκροῦ
2097 1162 2396 1214 ἀνάστασιν
2423 1162 2649 1230 γέγονεν
2677 1166 2710 1234 ἠ
2741 1164 3040 1235 προσευχὴ,
3073 1165 3211 1218 ἀλλὰ
3239 1166 3326 1219 διὰ
3357 1166 3458 1236 τὴν

1869 1244 1979 1298 τῶν
2020 1246 2142 1298 τότε
2203 1245 2489 1317 παρόντων
2542 1247 2788 1301 ἀπίστων
2837 1247 3144 1304 ἀσθένειαν.
3197 1249 3453 1318 Λάζαρε,

1870 1326 2047 1396 δεῦρο
2077 1327 2214 1392 ἔξω.
2242 1329 2354 1381 Καὶ
2375 1328 2461 1382 διὰ
2486 1328 2538 1381 τί
2567 1329 2829 1400 ὀνομαστὶ
2856 1330 2948 1383 16v
2974 1332 3170 1402 νεκρὸν
3196 1332 3456 1398 ἐκάλεσε;

1870 1412 1968 1466 Διά
1995 1411 2085 1476 τίς
2121 1412 2239 1465 ’Ὶνα
2273 1413 2349 1484 μὴ
2392 1413 2492 1483 τὴν
2526 1412 2709 1484 φωνὴν
2753 1414 3164 1486 ἀπολελυμένην
3203 1417 3284 1479 εἰς
3327 1416 3459 1482 τοὺς

1870 1495 2099 1566 νεκροὺς
2133 1495 2446 1560 ἀποτείνας,
2475 1497 2684 1560 πάντας
2709 1499 2836 1560 τούς
2865 1500 2923 1551 ἐν
2964 1501 3076 1562 τοῖς
3099 1499 3291 1566 τάφοις
3316 1498 3460 1566 ἐγεί-

1876 1594 1974 1650 ρῃ,
2009 1577 2098 1631 διὰ
2139 1579 2297 1632 τοῦτό
2340 1596 2500 1650 φησι,
2543 1579 2786 1648 Λάζαρε,
2819 1581 2996 1649 δεῦρο
3018 1583 3156 1646 ἔξω.
3189 1583 3255 1635 Σὲ
3292 1584 3460 1653 μόνον

1872 1663 1963 1714 ἐπὶ
2001 1661 2094 1713 τοῦ
2129 1663 2395 1731 παρόντος
2432 1663 2569 1724 τέως
2617 1662 2995 1734 ἀνακαλοῦμαι
3023 1665 3203 1734 ὄχλου,
3235 1666 3321 1719 ἵνα
3367 1665 3456 1720 διὰ

1868 1745 1963 1799 τοῦ
1991 1746 2192 1816 μέρους
2219 1747 2310 1799 καί
2335 1747 2433 1816 τὴν
2462 1747 2570 1799 τῶν
2598 1747 2900 1816 μελλόντων
2924 1748 3172 1812 ἐπιδείξω
3197 1749 3453 1821 δύναμιν⁹

1867 1831 1896 1882 ό
1952 1830 2062 1900 γὰρ
2115 1829 2210 1881 ἕνα
2258 1831 2479 1900 ἐγείρας
2533 1828 2681 1897 ἐγὼ,
2716 1829 2812 1900 τὴν
2843 1831 3167 1902 οἰκουμένην
3215 1831 3454 1884 ἀνιστῶο

1882 1912 2030 1981 Ἐγὼ
2067 1913 2176 1982 γάρ
2203 1914 2319 1980 εἰμι
2350 1913 2388 1979 ἡ
2434 1911 2772 1977 ἀνάστασις
2805 1914 2902 1964 καὶ
2936 1915 2973 1979 ἡ
3025 1912 3158 1979 ζωή.
3208 1913 3454 1982 Λάζαρε,

1868 1994 2046 2063 δεῦρο
2072 1995 2210 2059 ἔξω.
2239 1995 2347 2047 Καὶ
2376 1993 2597 2066 ἐξῆλθεν
2617 1996 2644 2046 ὀ
2674 1995 2866 2066 νεκρὸς
2893 1995 3174 2064 δεδεμένος
3197 1998 3454 2067 κειρίαις.

1872 2079 1937 2130 Ὢ
1970 2079 2077 2132 τῶν
2115 2077 2434 2148 παραδόξων
2476 2078 2847 2147 πραγμάτων
2884 2077 3034 2149 [599]
3083 2079 3111 2130 6
3147 2079 3246 2151 τὴν
3277 2081 3460 2150 ψυχὴν

1869 2165 1933 2215 ἐκ
1962 2162 2070 2215 τῶν
2101 2161 2317 2231 δεσμῶν
2359 2158 2453 2213 τοῦ
2483 2159 2712 2214 θανάτου
2743 2159 2931 2225 λύσας,
2966 2164 2994 2214 ὀ
3029 2161 3126 2224 τὰς
3157 2163 3330 2226 πύλας
3360 2163 3456 2216 τοῦ

1867 2245 1994 2316 ᾇδου
2026 2243 2347 2315 διαρρήξας,
2374 2246 2402 2295 6
2434 2243 2609 2306 πύλας
2643 2243 2852 2313 χαλκᾶς
2898 2243 2992 2296 καὶ
3044 2245 3275 2315 μοχλοὺς
3309 2247 3458 2318 σιδη-

1870 2328 1997 2400 ροῦς
2031 2328 2360 2400 συντρίψας,
2401 2328 2496 2382 καὶ
2525 2327 2622 2399 τὴν
2648 2328 2826 2397 ψυχὴν
2867 2329 2931 2382 ἐκ
2963 2328 3074 2380 τῶν
3105 2328 3320 2399 δεσμῶν
3359 2329 3455 2382 τοῦ

1868 2414 2099 2468 θανάτου
2134 2413 2526 2482 ἐλευθερώσας,
2563 2413 2663 2465 οὐκ
2706 2412 2937 2482 ἠδύνατο
2969 2414 3065 2465 καὶ
3108 2411 3208 2476 τὰς
3245 2415 3459 2484 κειρίας

1866 2497 2026 2550 λῦσαι
2052 2495 2145 2550 τοῦ
2195 2496 2420 2566 νεκροῦ;
2455 2497 2581 2561 Nat,
2615 2495 2874 2565 ἠδύνατο·
2907 2495 3044 2548 ἀλλά
3083 2496 3300 2550 κελεύει
3342 2499 3457 2562 τοῖς

1879 2580 2152 2645 Ἰουδαίοις
2188 2580 2349 2634 λῦσαι
2382 2580 2483 2642 τὰς
2513 2580 2745 2652 κειρίας,
2774 2579 2841 2643 ἀς
2881 2579 3035 2632 αὐτοὶ
3077 2581 3338 2652 πρότερον
3366 2584 3457 2636 ἐν-

1864 2664 2220 2734 ταφιάζοντες
2255 2663 2540 2734 ἐσφιγξαν,
2573 2664 2660 2716 ἵνα
2696 2662 2806 2716 τῶν
2844 2664 3060 2717 οἰκείων
3093 2664 3310 2735 δεσμῶν
3339 2668 3460 2719 ἐπι-

1866 2747 2116 2815 γνώσωσι
2148 2748 2214 2800 τά
2243 2747 2625 2817 γνωρίσματα,
2655 2747 2742 2799 ἵνα
2789 2749 2854 2816 τῇ
2903 2747 3068 2817 πείρᾳ
3099 2746 3363 2817 μάθωσιν,
3398 2748 3459 2816 ἐξ

1865 2826 1939 2883 ὧν
1969 2831 2231 2899 ἔπραξαν,
2262 2831 2342 2883 ὅτι
2397 2830 2647 2900 Λάζαρὸς
2674 2832 2822 2883 ἐστιν
2852 2831 2881 2882 6
2922 2832 3055 2902 παρ’
3088 2830 3268 2884 αὐτῶν
3305 2835 3459 2886 ἐντα-

1868 2915 2121 2984 φιασθεὶς
2145 2929 2194 2978 ει,
2237 2917 2330 2967 καὶ
2375 2914 2612 2986 Χριστός
2646 2916 2794 2967 ἐστιν
2826 2916 2854 2967 6
2897 2917 3017 2967 κατ’
3069 2915 3318 2968 εὐδοκίαν
3360 2917 3456 2969 τοῦ

1868 2999 2080 3068 Πατρὸς
2108 2997 2554 3067 παραγενόμενος
2603 2998 2684 3057 εἰς
2731 2997 2821 3050 τὸν
2862 2997 3086 3067 κόσμον,
3118 3000 3146 3049 6
3191 2997 3335 3069 ζωῆς
3365 3001 3458 3052 καὶ

1867 3081 2100 3134 θανάτου
2146 3081 2245 3152 τὴν
2293 3079 2542 3143 ἐξουσίαν
2595 3079 2753 3150 ἔχων.
2809 3079 3038 3150 Λύτῷή
3087 3078 3217 3144 δόξα
3270 3081 3365 3133 καὶ
3396 3081 3458 3133 16

1866 3167 2068 3234 κράτος
2117 3166 2212 3217 σὺν
2245 3164 2321 3233 τῷ
2352 3165 2572 3234 ἀνάρχῳ
2603 3180 2697 3216 σου
2747 3163 2860 3216 Πατ
2872 3164 2924 3233 ρλ.
2954 3163 3052 3218 καὶ
3099 3161 3176 3233 τῷ
3206 3163 3461 3234 παναγίιρ

1867 3251 1962 3302 καὶ
1999 3247 2248 3318 ζωοποιῷ
2271 3264 2365 3300 σου
2394 3246 2696 3313 Πνεύματι,
2723 3245 2818 3300 νῦν
2843 3251 2937 3300 καὶ
2967 3248 3075 3310 ἀεὶ,
3096 3247 3192 3300 καὶ
3220 3250 3300 3311 εἰς
3328 3250 3461 3317 τοὺς

1866 3332 2067 3395 αἰῶνας
2092 3331 2202 3384 τῶν
2232 3330 2466 3384 αἰώνων.
2512 3329 2706 3399 Ἀμήν.

1933 3504 1957 3532 ⁸
1990 3503 2108 3551 Post
2129 3500 2623 3564 ένταφιασθείςίεεγὶ-Ι.
2650 3501 2700 3548 in
2738 3513 2892 3564 marg.
2921 3499 3054 3551 addit
3098 3503 3180 3550 καὶ
3200 3503 3277 3552 ἵνα
3299 3502 3362 3564 μὴ
3399 3502 3458 3550 τὸ

1869 3570 2064 3629 πρᾶγμα
2086 3567 2150 3620 ὡς
2173 3562 2426 3627 φάντασμα
2457 3562 2769 3610 διαϐάλλωσι.

560 3762 3434 3802 _________________________________________________.___.

173 4056 308 4110 ὀτι
373 4053 440 4107 τὸ
467 4051 554 4121 μὴ
615 4049 838 4119 λέγειν,
895 4047 1044 4114 ἅπερ
1094 4046 1292 4116 ἴσμεν,
1362 4042 1462 4097 καὶ
1496 4045 1584 4109 εἰς
1635 4040 1876 4110 ἑτέρους
1937 4034 2232 4104 ἐκφέρειν,
2291 4031 2654 4099 πενέστερον
2715 4026 2888 4121 ποιεῖ,
2957 4026 3053 4121 καὶ
3109 4025 3224 4092 τὴν
3254 4025 3453 4121 Δχάριν

247 4115 573 4202 σϐέννυσι·
607 4115 708 4197 καί
727 4145 813 4207 εἰς
844 4141 951 4206 τὰς
975 4139 1183 4208 εὐχὰς,
1212 4137 1286 4204 ἃς
1335 4141 1366 4191 ό
1422 4137 1676 4204 Χριστὸς
1731 4132 1978 4200 ηὔξατο,
2012 4128 2109 4182 καὶ
2137 4127 2252 4194 τὴν
2287 4125 2600 4189 ἐξουσίαν,
2655 4120 2782 4192 μεθ’
2807 4115 2883 4191 ἧς
2945 4117 3181 4172 ἅπαντα
3241 4117 3447 4208 ἐποίει·

246 4241 346 4295 καὶ
374 4243 460 4304 εἰς
487 4237 603 4304 τὴν
634 4235 742 4288 τοῦ
773 4207 1262 4298 παλαιοῦνόμου
1293 4229 1610 4295 διόρθωσιν
1630 4243 1641 4254 ·
1682 4223 1781 4279 καὶ
1820 4222 1909 4275 ὅτι
1955 4221 2021 4274 τὸ
2047 4217 2424 4289 σαρκωθῆναι
2452 4216 2568 4286 τὴν
2631 4215 2879 4282 ἰσότητα
2903 4213 3091 4267 αὐτοῦ
3147 4209 3261 4280 τὴν
3303 4207 3456 4277 πρὸς

247 4335 354 4390 τὸν
377 4329 608 4398 Πατέρα
631 4329 742 4381 οὐκ
775 4322 1032 4390 ἐλαττοῖ,
1066 4321 1230 4377 ἀλλὰ
1261 4320 1360 4374 καὶ
1397 4320 1732 4385 συνίστησι
1753 4314 2016 4386 μᾶλλον.

723 4702 764 4750 Λ
775 4697 912 4762 ὅτ’ος
938 4692 1205 4757 δέκατος.

249 4787 318 4841 α’.
345 4782 565 4845 ’ἱκανῶς
583 4782 640 4835 ἐν
655 4783 774 4842 ταῖς
790 4776 1100 4847 ἔμπροσθεν
1124 4770 1496 4841 ἐπανηγυρίσα
1504 4787 1600 4839 μεν
1619 4769 1753 4838 ἡμέ-

172 4889 319 4943 ραις,
346 4869 451 4921 τῶν
478 4865 652 4922 ἄθλων
676 4862 1056 4931 ἐπιλαϐόμενοι
1081 4857 1189 4912 τῶν
1228 4854 1624 4916 ἁποστολικῶν,
1661 4853 1754 4905 καὶ

165 4939 238 5026 τῇ
270 4954 518 5023 διηγήσει
576 4948 685 5000 τῶν
726 4943 1112 5013 πνευματικῶν
1156 4939 1530 5010 ἐντρυφῶντες
1559 4953 1754 5005 κατορ-

167 5021 442 5109 θῶμάτων
469 5053 482 5065 ·
524 5032 640 5106 ὥρα
668 5030 730 5098 δὴ
759 5029 944 5082 λοιπὸν
973 5024 1266 5078 ἀποδοῦναι
1311 5023 1374 5074 16
1405 5021 1561 5091 χρέος
1597 5021 1726 5088 ὑμῖν
1746 5035 1759 5048 ο

166 5101 271 5177 καί
298 5119 406 5190 γὰρ
429 5118 490 5170 16
516 5101 724 5169 κωλύον
752 5112 927 5165 οὐδέν.
963 5109 1068 5162 Καὶ⁹
1114 5102 1230 5190 οἶδα
1271 5105 1370 5190 μὲν
1405 5104 1486 5190 ὅτι
1515 5101 1766 5190 ἐμπιλρέλη-

168 5204 269 5258 σθε
291 5185 398 5254 τῶν
430 5199 760 5270 ὀφλημάτων
792 5196 948 5267 ὑμεῖς
975 5192 1082 5246 τῶν
1104 5189 1253 5260 ἐμῶν
1284 5187 1379 5270 διὰγ
1401 5185 1462 5238 16
1491 5185 1598 5237 τῶν
1624 5185 1764 5270 με-

171 5287 286 5359 ρῶν
314 5267 522 5353 πλῆθος
539 5267 564 5312 ί
578 5267 645 5334 οὐ
682 5280 786 5350 μὴν
813 5277 900 5330 διὰ
927 5273 1263 5359 τοῦτοᾼαύτά
1295 5269 1404 5359 ἐγώ
1445 5267 1763 5359 ἀποκρύψο-

171 5351 298 5441 μαι,
325 5351 458 5420 ἀλλά
491 5365 626 5434 μετά
651 5363 830 5430 πάσης
853 5361 982 5430 ὑμῖν
1008 5357 1182 5410 ταῦτα
1211 5354 1478 5441 ἀποδώσω
1507 5351 1608 5420 τῆς
1631 5366 1765 5441 προ-

167 5433 395 5520 θυμίας.
427 5433 572 5501 ιῐοιῶ
603 5448 658 5500 δὲ
705 5445 884 5504 τοῦτο,
910 5443 971 5494 οὐ
1002 5442 1067 5494 δι’
1111 5435 1534 5508 εὐγνωμοσύνην
1555 5433 1756 5520 μμόνον,

168 5516 312 5590 ἀλλά
346 5533 439 5586 καὶ
466 5531 533 5583 δι’
557 5528 824 5597 ὠφέλειαν
853 5526 1016 5596 ἐμήν.
1079 5522 1204 5576 ’Ἐπὶ
1241 5521 1336 5591 μὲν
1367 5520 1478 5589 γὰρ
1512 5516 1618 5570 τῶν
1651 5533 1757 5597 σωέ

174 5616 422 5688 επτικῶν
452 5596 909 5681 συναλλαγμάτων
947 5607 1134 5676 κέρδος
1179 5603 1255 5672 τῷ
1284 5598 1676 5668 δεδανεισμένῳ
1700 5596 1760 5649 τὸ

169 5685 267 5756 ⁸τὸν
301 5696 638 5754 δεδανεικότα
683 5692 1035 5749 ἐπιλαθέσθαι
1057 5707 1068 5719 ·
1103 5689 1194 5741 ἐπὶ
1215 5687 1271 5741 δὲ
1313 5685 1419 5740 τῶν
1460 5697 1761 5752 πνευματι-

1857 4685 1969 4738 κῶν
2017 4679 2358 4752 συμϐολαίων
2398 4677 2584 4746 κέρδος
2613 4674 2691 4746 τῷ
2719 4675 2963 4745 μέλλοντι
2996 4673 3358 4728 καταϐάλλειν
3387 4672 3452 4725 16

1859 4767 2018 4839 χρέος
2051 4766 2329 4836 μέγιστον,
2359 4761 2420 4813 τὸ
2461 4761 2586 4821 τοὺς
2623 4757 2978 4828 ὑποδέχεσθαι
3027 4757 3316 4828 μέλλοντας
3369 4759 3453 4811 δι-

1859 4849 2071 4920 ηνεκῶς
2105 4844 2416 4919 μεμνῆσθαι
2443 4842 2550 4894 τῶν
2584 4841 2932 4911 ὀφλημάτων.
2972 4842 3118 4893 Ἑκεῖ
3139 4841 3240 4911 μὲν
3267 4842 3371 4912 γὰρ
3391 4841 3454 4894 16

1861 4935 2127 5002 δάνεισμα
2159 4929 2417 4983 ἀποδοθέν
2435 4927 2524 4979 τὸν
2544 4927 2639 4998 μὲν
2666 4924 3042 4978 καταϐαλόντα
3071 4926 3283 4995 ἀφίησι.
3322 4925 3454 4996 μεθ-

1871 5016 2082 5068 ίσταται
2142 5013 2198 5065 δὲ
2255 5012 2388 5082 πρὸς
2447 5009 2538 5063 τὸν
2581 5008 2992 5077 ὐποδεξόμενον,
3065 5009 3160 5061 καὶ
3212 5007 3307 5060 τοῦ
3351 5007 3453 5077 μὲν

1867 5098 2167 5166 ἠλάττωσε,
2210 5094 2304 5146 τοῦ
2345 5094 2401 5146 δὲ
2440 5092 2727 5145 ἐπλεόνασε
2759 5092 2857 5161 τὴν
2890 5092 3104 5144 οὐσίαν·
3144 5091 3236 5143 ἐπὶ
3269 5091 3323 5143 δέ
3342 5091 3452 5144 τῶν

1867 5179 2254 5250 πνευματικῶν
2308 5180 2406 5247 οὐχ
2455 5176 2650 5239 οὕτως,
2710 5175 2846 5229 ἀλλά
2891 5174 3118 5228 δυνατὸν
3168 5175 3299 5228 αὐτὸ
3358 5176 3450 5228 καὶ

1866 5264 2213 5328 καταϐαλεῖν,
2236 5263 2328 5316 καὶ
2362 5263 2507 5331 ἔχειν
2525 5278 2536 5290 ·
2573 5261 2669 5313 καὶ
2692 5260 2753 5312 16
2780 5259 2844 5329 δὴ
2862 5258 3190 5328 θαυμαστὸν,
3214 5259 3294 5310 ὅτι
3326 5257 3450 5310 τότε

1870 5348 2104 5419 μάλιστα
2139 5347 2270 5400 αὐτὸ
2304 5346 2522 5416 ἔχομεν,
2554 5344 2680 5397 ὕνιν
2714 5342 3112 5413 καταϐάλωμεν
3148 5342 3374 5411 ἑτέροις.

1945 5515 2042 5565 Ἂν
2086 5513 2183 5583 μὲν
2209 5513 2317 5581 γὰρ
2349 5513 2408 5565 ἐν
2433 5513 2499 5580 τῇ
2528 5509 2738 5578 διανοίᾳ
2764 5508 3070 5578 κατορύξας
3096 5506 3317 5576 φυλάξω
3371 5505 3454 5559 δι-

1866 5595 2079 5666 ηνεκῶς
2114 5595 2302 5665 μηδενὶ
2337 5593 2670 5665 μεταδιδοὺς,
2699 5590 3012 5644 ἐλαττοῦταί
3040 5607 3128 5660 μοι
3157 5589 3217 5643 16
3239 5590 3452 5659 κέρδος,

1873 5677 2119 5750 μειοῦται
2157 5679 2224 5732 τὰ
2250 5677 2348 5748 τῆς
2375 5674 2692 5748 περιουσίας
2717 5689 2729 5703 ⁸
2757 5671 2822 5726 ἂν
2879 5673 2936 5727 δὲ
2966 5674 3041 5737 εἰς
3081 5671 3327 5738 ἅπαντας
3362 5673 3453 5739 ἐξ·-
