3854 6222
415 313 519 370 785

405 431 635 502 ινέγκω,
666 431 761 484 καὶ
789 430 999 502 ποιήσω
1025 431 1285 502 μεριστάς
1309 428 1534 492 πολλοὺς
1553 427 1648 481 καὶ
1674 424 1982 489 κοινωνοὺς,

406 508 482 568 ὧν
535 515 697 577 αὐτὸς
742 514 1041 585 ἐπίσταμαι
1095 516 1334 579 πάντων,
1382 512 1604 577 αὔξεταί
1658 528 1747 583 μοι
1789 508 1859 563 τά
1888 507 1983 562 τοῦ

407 597 782 667 πνευματικοῦ
807 596 1059 651 πλούτου.
1086 598 1195 650 Kal
1221 598 1302 650 ὅτι
1321 596 1493 650 ταῦτα
1527 594 1700 658 οὕτως
1732 592 1865 663 ἔχει,
1892 589 1987 645 καὶ

408 685 436 735 ὀ
461 678 561 750 μὲν
599 681 807 751 έτέροις
843 679 1160 750 μεταδιδοὺς
1186 678 1338 745 αὔξει
1366 682 1466 751 τὴν
1494 676 1983 749 παρακαταθήκην,

404 763 433 814 6
466 763 522 816 δέ
546 762 916 834 ἀποκρύπτων
956 762 1169 816 ἐλαττοῖ
1181 764 1279 832 τῆν
1296 761 1557 834 ἐργασίαν
1590 760 1828 825 ἃπασαν,
1855 758 1988 829 μάρ-

406 862 571 916 τυρες
624 846 673 898 οί
706 844 774 898 τά
808 845 1048 899 τάλαντα
1085 845 1517 916 ἐγχειρισθέντες
1564 845 1761 896 ἐκεῖνοι
1785 881 1800 899 .
1847 844 1876 895 6
1916 840 1985 894 τὰ

409 929 590 992 πέντε,
617 928 712 982 καὶ
749 931 777 983 6
811 929 879 982 τὰ
909 928 1023 991 δύο,
1060 931 1156 982 καὶ
1187 929 1216 981 6
1242 928 1303 982 τὸ
1340 927 1420 983 ἐν.
1453 929 1517 981 Οἱ
1554 925 1705 999 [550]
1738 926 1836 997 μὲν
1876 925 1984 997 γάρ

405 1011 724 1065 διπλασίονα
750 1010 821 1064 τά
843 1010 1277 1082 ἐμπιστευθέντα
1308 1012 1658 1081 προσήγαγον
1681 1049 1695 1070 ,
1744 1010 1840 1062 καὶ
1872 1011 1983 1062 ἐτι-

408 1093 589 1163 μῶντο
626 1093 715 1148 διὰ
754 1093 940 1147 τοῦτο’
969 1094 999 1146 6
1029 1092 1088 1147 δέ
1127 1093 1315 1165 ἐπειδὴ
1349 1091 1582 1162 ἐφύλαξε
1613 1092 1744 1163 παρ’
1783 1090 1981 1160 ἐαυτῷ,

404 1175 500 1229 καὶ
544 1175 723 1229 οὐδενὶ
756 1175 1025 1246 μετέδωκε
1047 1215 1063 1238 ,
1103 1175 1325 1231 διπλοῦν
1363 1192 1423 1228 τε
1450 1175 1581 1228 αὐτὸ
1614 1176 1837 1245 ποιῆσαι
1884 1175 1984 1226 οὐκ

408 1260 618 1331 ἴσχυσε,
652 1259 739 1313 διὰ
780 1258 939 1312 τοῦτο
959 1258 1269 1323 ἐκολάζετο.
1329 1258 1513 1311 Ταῦτα
1554 1255 1646 1312 οῦν
1696 1258 1986 1320 ἀκούοντες
2019 1236 2043 1267 ³

405 1342 663 1406 ἅπαντες,
717 1342 812 1395 καὶ
868 1341 965 1415 τὴν
998 1342 1220 1396 κόλασιν
1262 1342 1361 1414 τὴν
1399 1342 1609 1395 ἐκεῖθεν
1662 1340 1981 1404 δεδοικότες,

402 1427 540 1497 ὅπερ
569 1426 871 1497 ἀνέχωμεν
911 1425 1116 1494 ἀγαθὸν
1159 1428 1241 1488 είς
1281 1426 1408 1489 τοὺς
1441 1425 1706 1492 ἀδελφοὺς
1731 1425 1981 1496 ἐκφέρω.

406 1525 530 1581 μεν,
566 1509 661 1563 καὶ
692 1511 773 1572 είς
805 1508 867 1562 τὸ
913 1509 1077 1580 μέσον
1128 1510 1301 1563 ἀπασι
1353 1508 1783 1579 καταϐάλλωμεν
1802 1551 1815 1567 ,
1849 1508 1986 1563 ἀλλά

405 1593 480 1665 μὴ
513 1591 976 1664 ἀποκρύπτωμεν.
1025 1592 1195 1645 Ὅταν
1242 1591 1352 1663 γὰρ
1381 1591 1590 1663 ἑτέροις
1638 1590 1981 1662 μεταδῶμεν,

401 1677 523 1730 τότε
580 1674 920 1746 πλουτοῦμεν
979 1676 1131 1730 αὐτοὶ
1178 1675 1473 1746 μειζόνως·
1520 1675 1648 1727 ὅταν
1693 1677 1984 1742 κοινωνοὺς

402 1757 761 1829 ποιησώμεθα
791 1758 891 1829 τῆς
922 1759 1196 1830 ἐμπορίας
1229 1757 1479 1822 πολλοὺς,
1507 1758 1629 1810 τότε
1656 1758 1755 1827 τὴν
1784 1758 1984 1828 ἡμετέ-

402 1860 503 1913 ραν
531 1840 766 1912 αὔξομεν
783 1842 1121 1912 περιουσίαν.
1159 1841 1300 1896 Ἀλλ’
1322 1841 1677 1896 ἐλαττοῦσθαί
1698 1858 1779 1894 σοι
1799 1841 1868 1894 τὰ
1886 1844 1984 1912 τῆς

399 1926 559 1996 δόξης
600 1924 865 1996 νομίζεις,
888 1925 1018 1979 ὅταν
1046 1924 1185 1994 μετὰ
1209 1924 1421 1978 πολλῶν
1452 1920 1518 1998 ᾗς
1553 1923 1731 1988 εἰδὼς,
1757 1924 1793 1978 ἀ
1827 1925 1986 1994 μόνος

401 2005 549 2072 οἶδας
585 2008 766 2070 αὐτός.
795 2008 907 2060 Kal
929 2007 1036 2078 μὴν
1063 2007 1186 2060 τότε
1215 2006 1436 2072 αὔξεται
1470 2008 1564 2060 καὶ
1587 2007 1656 2060 τά
1681 2007 1780 2076 τῆς
1805 2006 1987 2077 δόξης,

401 2093 498 2146 καὶ
518 2091 587 2144 τὰ
609 2092 709 2161 τῆς
741 2088 1028 2159 ὠφελείας,
1056 2089 1186 2143 ὅταν
1216 2090 1310 2143 τὸν
1345 2089 1540 2157 φθόνον
1572 2091 1985 2162 καταπατήσης,

401 2178 532 2230 ὅταν
547 2174 645 2247 τὴν
671 2173 973 2245 βασκανίαν
989 2172 1354 2244 σϐέσης,ὅταν
1371 2172 1724 2242 φιλαδελφίαν
1747 2173 1988 2244 ἐπιδείξῃ

403 2258 637 2330 πολλήν·
666 2257 734 2311 ἀν
762 2256 822 2309 δέ
849 2256 1013 2327 μόνος
1041 2255 1198 2319 εἰδὼς
1221 2255 1460 2327 περιίῃς,
1482 2255 1762 2324 ἄνθρωποι
1799 2255 1897 2325 μὲν
1914 2255 1991 2318 ώς

408 2343 675 2414 βάσκανον
703 2341 798 2394 καὶ
825 2338 1152 2411 μισάδελφον
1174 2339 1691 2411 ἀποστραφήσονται
1720 2340 1815 2391 καὶ
1839 2344 1994 2410 μιση-

405 2442 614 2517 σουσιν,
643 2425 672 2477 6
697 2423 754 2477 δέ
774 2423 907 2517 Θεδς
937 2423 1014 2517 di;
1043 2421 1280 2517 πονηρὸν
1304 2421 1414 2517 την.
1431 2421 1667 2517 ἐσχάτην
1697 2423 1992 2517 ἀπαιτήσει⁵

410 2526 469 2563 σε
498 2508 688 2577 δίκηνο
736 2507 909 2578 χωρὶς
945 2506 1003 2559 δέ
1051 2505 1278 2569 τούτων,
1330 2505 1425 2558 καὶ
1464 2505 1602 2576 αὐτή
1628 2522 1687 2558 σε
1715 2508 1924 2576 ταχέως
1957 2507 1992 2578 ἡ

408 2591 569 2662 χάρις
601 2590 807 2660 ἔρημον
833 2587 1282 2657 ἐγκαταλιποῦσα
1310 2588 1616 2659 οἰχήσεται.
1656 2588 1812 2640 Ἐπεὶ
1837 2588 1933 2641 καὶ
1965 2590 1995 2642 6

411 2677 576 2738 σῖτος,
617 2673 682 2727 ἂν
721 2674 818 2743 μὲν
847 2674 903 2725 ἐν
931 2675 1050 2735 ταῖς
1078 2671 1391 2741 ἀποθήκαις
1507 2670 1773 2741 διηνεκῶς
1807 2671 1998 2741 κείμε-

412 2777 522 2825 νος,
552 2759 881 2813 δαπανᾶται.
906 2755 1067 2826 σητὸς
1089 2754 1252 2807 αὑτὸν
1280 2753 1660 2816 κατεσθίοντος
1687 2770 1699 2783 '
1726 2754 1792 2807 ἂν
1834 2754 1892 2807 δὲ
1918 2753 1998 2819 ἐξ·

413 2841 647 2911 ενεχθεὶς
681 2842 761 2902 εἰς
788 2840 888 2902 τὰς
917 2837 1158 2909 ἀρούρας
1172 2836 1599 2905 καταϐάλληται,
1628 2836 1999 2891 πολυπλασιά-

408 2925 564 2989 ζεται
593 2924 688 2976 καλ⁵
718 2921 1036 2975 ἀνανεοῦται
1066 2921 1247 2975 πάλιν.
1268 2918 1423 2972 Οὕτω
1448 2921 1541 2972 καὶ
1570 2918 1727 2988 λόγος
1755 2937 2001 2990 πνευμα-

414 3008 585 3072 τικὸς,
634 3006 729 3060 ἐάν
768 3005 914 3058 ἔνδον
950 3004 1241 3068 διαπαντὸς
1273 3003 1653 3074 ἀποκλείηται,
1692 3002 1872 3074 φθόνῳ
1904 3005 2000 3057 καὶ

412 3090 560 3158 ϐκνρ
591 3089 687 3143 καὶ
734 3088 986 3160 τηκεδόνι
1020 3087 1387 3158 φθειρομένης
1413 3088 1510 3156 τῆς
1531 3088 1708 3157 ψυχῆς
1738 3090 1833 3141 καὶ
1871 3105 2002 3140 κατ-

420 3173 759 3243 εσθιομένης,
816 3169 1247 3224 κατασϐέννυται
1281 3170 1528 3239 ταχέωςο
1567 3170 1632 3222 ἂν
1683 3170 1758 3233 δὲ,
1814 3170 2003 3243 ὥσπερ

415 3258 501 3317 είς
524 3255 764 3326 ἄρουραν
813 3252 1066 3323 εὔφορον,
1129 3254 1209 3315 εἰς
1246 3252 1344 3315 τὰς
1390 3251 1498 3303 τῶν
1546 3251 1790 3319 ἀδελφῶν
1827 3253 2004 3324 ψυχὰς

418 3340 830 3410 διασπείρηται,
853 3336 1233 3390 πολυπλασίων
1254 3337 1282 3387 6
1310 3334 1588 3405 θησαυρὸς
1614 3336 1710 3387 καὶ
1742 3338 1854 3399 τοῖς
1882 3337 2007 3389 ὑπο-

423 3423 762 3493 δεχομένοις,
794 3421 889 3474 κα¹ι
933 3420 1012 3490 τῷ
1041 3417 1386 3487 κεκτημένῳ.
1423 3418 1532 3469 Kal
1572 3418 1823 3489 καθάπερ
1854 3420 2005 3491 πηγὴ

429 3506 667 3575 συνεχῶς
698 3505 795 3574 μὲν
831 3499 1227 3571 ἐξαντλουμένη
1272 3498 1598 3569 καθαίρεται
1652 3500 1854 3570 μᾶλλον
1913 3504 2009 3556 καὶ

427 3589 719 3652 ἀναϐλύζει
775 3587 954 3649 πλέον,
1011 3582 1477 3653 καταχωννυμένη
1506 3582 1565 3635 δὲ
1604 3583 1964 3653 ἀποπνίγεται
1989 3602 2005 3617 ο

427 3672 572 3725 οὕτω
603 3671 699 3725 καὶ
732 3670 975 3742 χάρισμα
1009 3666 1378 3737 πνευματικὸν
1402 3667 1495 3719 καὶ
1518 3665 1676 3734 λόγος
1702 3667 2008 3721 διδασκαλι-

430 3755 526 3818 κὸς
556 3755 792 3825 συνεχῶς
841 3754 939 3823 μὲν
986 3751 1349 3820 ἀντλούμενος
1408 3750 1503 3803 καὶ
1539 3748 1714 3812 διδοὺς
1746 3749 2009 3821 ἀρύεσθαι

425 3841 544 3902 τοῖς
573 3837 935 3909 βουλομένοις.
963 3834 1255 3900 ἀναϐλύζει
1286 3833 1446 3886 πλέον
1468 3850 1481 3863 ·
1535 3833 1806 3906 βασκανίᾳ
1829 3836 1886 3889 δὲ
1918 3839 2011 3890 καὶ

428 3921 609 3994 φθόνῳ
629 3921 1023 3992 καταχωσθεὶς,
1048 3917 1369 3974 ἐλαττοῦται
1386 3917 1480 3971 καὶ
1497 3917 1784 3972 σϐέννυται
1804 3920 2007 3975 τέλεον.

439 4007 593 4060 Ἐπεὶ
623 4001 716 4061 οῦν
748 4003 1000 4058 τοσοῦτον
1031 4003 1092 4056 τί)
1124 4001 1313 4074 κέρδος
1333 4003 1488 4072 ἡμῖν,
1522 4002 1661 4072 ἔπερ
1684 4000 1751 4055 ἂν
1775 4002 2010 4073 ἔχωμεν,

425 4090 563 4161 φέρε
590 4091 670 4153 εἰς
719 4087 883 4159 μέσον
932 4085 1291 4149 καταθέντες,
1338 4086 1518 4138 πᾶσαν
1559 4086 1688 4155 ὑμῖν
1722 4085 2013 4157 ἀποδῶμεν

424 4174 528 4245 τὴν
553 4172 796 4240 ὀφειλὴν,
839 4169 1103 4241 πρότερον
1134 4168 1545 4238 ἀναμνήσαντες
1566 4167 1663 4237 τῆς
1690 4167 2013 4234 ἀκολουθίας

425 4256 537 4313 τῶν
565 4254 894 4324 ὀφλημάτων
922 4250 1127 4304 τούτων
1160 4249 1402 4321 ἀπάσης.

502 4387 568 4458 β’.
589 4385 731 4440 Ι’Ῑστε
760 4385 934 4439 τοίνυν
962 4383 1057 4438 xal
1087 4381 1365 4454 μέμνησθε
1397 4379 1609 4454 πρώην,
1636 4382 1719 4436 ὅτι
1749 4384 1878 4455 περὶ
1913 4384 2013 4456 τῆς

427 4480 526 4534 τοῦ
549 4476 888 4548 Μονογενοῦς
915 4476 1071 4547 δόξης
1103 4474 1494 4544 διαλεγόμενοι,
1530 4474 1730 4539 πολλὰς
1751 4474 2012 4546 ὴριθμοῦ-

434 4590 535 4646 μεν
551 4571 728 4635 αἰτίας
757 4572 858 4640 τῆς
888 4572 947 4623 ἐν
980 4571 1094 4632 τοῖς
1136 4569 1344 4638 ῥήμασι
1384 4565 1872 4636 συγκαταϐάσεωςο
1920 4568 2012 4621 καὶ

431 4669 713 4739 ἐλέγομεν,
735 4669 818 4721 ὅτι
842 4665 904 4719 ού
929 4664 1090 4736 μόνον
1113 4663 1200 4718 διὰ
1227 4661 1325 4734 τὴν
1342 4663 1441 4733 τῆς
1469 4663 1671 4735 σαρκὸς
1696 4662 2010 4735 περιϐολὴν,

429 4765 554 4820 οὐδὲ
579 4763 669 4817 διὰ
697 4761 795 4834 τὴν
827 4760 1112 4815 ἀσθένειαν
1138 4759 1297 4830 μόνον
1313 4758 1422 4811 τῶν
1452 4758 1756 4811 ἀκουόντων
1783 4758 2016 4812 ταπεινά

432 4847 730 4932 φθέγγεται
771 4856 1028 4920 πολλάκις
1069 4859 1097 4910 6
1140 4856 1413 4927 Χριστὸς,
1452 4853 1587 4907 ἀλλὰ
1620 4853 1890 4923 πολλαχοῦ
1922 4855 2017 4908 καὶ

431 4956 872 5027 ταπεινοφρονεῖν
892 4954 1179 5007 διδάσκων.
1215 4951 1515 5014 Κάκείναις
1540 4951 1638 5020 μέν
1669 4950 1868 5013 ἱκανῶς
1894 4950 2017 5003 τότε

432 5051 802 5124 ἐπεξήλθομεν
856 5051 977 5113 ταῖς
1021 5049 1243 5112 αἰτίαις,
1267 5048 1361 5101 καὶ
1398 5046 1496 5116 τῆς
1532 5046 1624 5099 ἐπὶ
1648 5045 1725 5117 τῷ
1759 5046 2015 5116 Λαζάρῳ,

430 5149 651 5219 καὶτῆς
685 5149 822 5221 πρὸς
846 5144 997 5217 αὑτῷ
1022 5143 1103 5216 τῷ
1129 5142 1349 5216 σταυρῷ
1369 5142 1669 5214 γενομένης
1697 5141 1865 5212 εὐχῆς
1894 5159 2021 5212 μνη-

438 5245 816 5319 μονεύσαντες,
852 5243 948 5301 καὶ
974 5240 1248 5309 δείξαντες
1274 5239 1461 5309 σαφῶς
1485 5282 1501 5306 ,
1539 5240 1622 5293 ὅτι
1651 5238 1750 5307 τὴν
1778 5237 1898 5308 μὲν,
1933 5238 2020 5291 ἵνα

432 5345 535 5416 τὴν
582 5341 894 5409 οίκονομίαν
929 5338 1305 5409 πιστώσηται,
1366 5335 1464 5406 τὴν
1503 5335 1560 5388 δέ
1580 5374 1595 5397 ,
1627 5334 1714 5387 ἴνα
1764 5333 1862 5405 τὴν
1911 5331 2021 5387 τῶν

434 5438 743 5498 ἀκουόντων
777 5435 1059 5491 ἀσθένειαν
1097 5432 1478 5505 διορθώσηται,
1524 5429 1846 5498 πεποίηκεν,
1872 5428 2026 5482 οὐδε·-

442 5537 572 5607 μιᾶς
598 5534 759 5598 αὐτὸς
785 5533 1037 5604 δεόμενος
1067 5530 1343 5602 βοηθείας.
1381 5528 1504 5583 Ὀτι
1523 5525 1581 5580 δὲ
1614 5524 1788 5579 πολλά
1806 5525 1899 5578 καὶ
1920 5540 2022 5578 τα-

437 5634 812 5702 πεινοφρονεῖν
844 5630 1039 5693 αὐτοὺς
1064 5628 1331 5683 διδάσκων
1354 5624 1549 5691 ἐποίει,
1577 5621 1847 5678 καὶτοῦτο
1864 5622 2021 5676 ἀκου-

441 5746 557 5784 σον.
593 5726 823 5781 Ἐϐαλεν
860 5724 1004 5798 ὕδωρ
1030 5726 1109 5788 είς
1139 5729 1230 5779 τὸν
1261 5724 1526 5795 νιπτῆρα·
1570 5717 1663 5775 καὶ
1689 5718 1765 5783 ώς
1787 5716 1886 5772 ούκ
1918 5716 2019 5788 ἀρ-

1043 313 1100 368 S.
1142 310 1428 369 JOANNIS
1465 306 1963 366 CHRYSOSTOMI
2003 306 2324 365 ARCIIIEP.
2365 308 2917 368 CONSTANTINOP.

3592 296 3689 352 736

2094 425 2226 479 κοῦν
2256 429 2433 489 τοῦτο.
2456 430 2535 483 ἔτι
2565 430 2659 483 καὶ
2673 430 2864 502 λεντίῳ
2889 427 3206 494 διεζώσατο,
3237 431 3377 501 πρὸς
3397 429 3505 500 τὴν
3523 431 3689 500 taxi-

2090 537 2190 592 την
2227 522 2507 576 εὐτέλειαν
2527 523 2782 593 κατάγων
2809 523 3021 587 ἐαυτὸν,
3072 525 3167 578 καὶ
3216 523 3427 595 ἤρξατο
3469 521 3684 574 νίπτειν

2090 616 2214 678 τοὺς
2242 615 2408 679 πόδας
2438 615 2546 669 τῶν
2571 615 2848 686 μαθητῶν,
2871 616 3011 687 μετά
3032 616 3086 670 δέ
3118 614 3269 687 [551]
3287 615 3399 667 τῶν
3420 612 3691 684 μαθητῶν

2093 706 2298 762 καὶτοῦ
2329 708 2588 779 προδότου
2616 710 2744 772 τοὺς
2771 709 2933 773 πόδας
2960 709 3134 779 ένιψε.
3152 708 3247 772 Τίς
3270 709 3374 761 ούκ
3393 707 3464 760 ἂν
3483 706 3692 757 ἐκπλα-

2090 801 2213 872 γείη
2239 801 2334 855 καὶ
2371 800 2705 870 θαυμάσειε;
2729 801 2835 855 Τοῦ
2856 801 3139 872 μέλλοντος
3166 801 3329 853 αύτδν
3361 798 3691 870 προδιδόναι

2090 891 2267 947 νίπτει
2289 893 2418 957 τοὺς
2436 893 2601 957 πόδας
2620 909 2634 924 ·
2664 895 2869 947 καὶτὸν
2896 895 3103 965 Πέτρον
3128 892 3568 963 διακρουόμενον
3597 889 3691 942 καὶ

2090 984 2338 1053 λέγοντα,
2374 987 2569 1054 Κύριε,
2610 990 2682 1040 οὐ
2711 985 2797 1056 μή
2822 1004 2943 1055 μου
2966 987 3171 1055 τρίψεις
3194 985 3338 1051 τοὺς
3368 984 3598 1048 πόδας,
3626 984 3690 1035 οὔ

2092 1075 2449 1147 παρατρέχει,
2478 1076 2616 1130 ἀλλά
2637 1093 2770 1147 φησι
2811 1077 2949 1149 πρὸς
2985 1077 3183 1132 αὐτόν·
3226 1077 3372 1130 Ἐὰν
3390 1075 3481 1144 μὴ
3525 1074 3695 1139 νίψω
3758 1074 3765 1081 ⁸

2090 1182 2207 1221 σου
2234 1167 2373 1233 τοὺς
2402 1167 2614 1234 πόδας,
2656 1169 2769 1221 οὐκ
2792 1167 2954 1236 ἔχεις
2972 1167 3156 1237 μέρος
3173 1167 3303 1237 μετ’
3321 1164 3473 1234 ἐμοῦ
3491 1181 3509 1194 ⁸
3548 1164 3581 1216 6
3606 1164 3689 1225 δὲ,
3792 1170 3804 1293 Ι

2098 1260 2269 1293 νήπιε
2330 1258 2406 1293 ..δι
2441 1260 2584 1293 σηιξη.
2611 1259 2798 1293 οηζληη
2839 1261 3024 1293 "Au-nu
3074 1260 3149 1293 Αιῖ
3174 1262 3234 1293 1).
3281 1260 3380 1293 α..)
3415 1258 3531 1293 9)..»
3565 1257 3692 1293 νοῒ-

2094 1260 2290 1327 Κύριε,
2318 1258 2406 1329 μὴ
2441 1260 2584 1326 τοὺς
2607 1259 2798 1326 πόδας
2827 1261 3044 1328 μόνον,
3073 1260 3235 1315 ἀλλὰ
3281 1260 3383 1313 καὶ
3415 1258 3531 1322 τὰς
3562 1257 3692 1327 χεῖ·

2083 1369 2200 1419 ρας
2224 1351 2322 1406 καὶ
2356 1351 2471 1420 τὴν
2501 1352 2795 1423 κεφαλήν.
2822 1349 2975 1417 Εἶδες
3005 1352 3292 1406 εὐλάϐειαν
3340 1350 3595 1423 μαθητοῦ
3619 1350 3692 1405 δι’

2090 1445 2435 1517 ἀμφοτέρων.
2474 1447 2568 1500 καὶ¹
2620 1446 2710 1500 διά
2746 1447 2847 1518 τῆς
2888 1448 3300 1519 παραιτήσεως,
3333 1453 3435 1499 καὶ
3462 1445 3558 1500 διὰ
3587 1447 3691 1515 τῆς

2093 1540 2577 1607 συγκαταθέσεως
2611 1541 2674 1593 Et
2696 1540 2806 1618 γάρ
2831 1541 2928 1594 καὶ
2953 1540 3175 1594 ἐναντία
3192 1540 3260 1593 τὰ
3296 1539 3689 1610 ῥήματα,ἀλλ⁹

2093 1631 2198 1685 ὑπὸ
2227 1631 2459 1704 ζεούσης
2480 1634 2764 1705 ἀμφότερα
2789 1632 3015 1705 γνώμης
3053 1634 3289 1702 ἐλέγετο.
3346 1634 3521 1704 ὐρᾷς
3567 1633 3690 1696 πῶς

2092 1724 2369 1795 πανταχοῦ
2404 1725 2608 1798 θερμὸς
2635 1722 2706 1799 ἦν
2745 1728 2839 1782 καὶ
2866 1726 3328 1809 διεγηγερμένοςς
3371 1726 3517 1780 Ἀλλ’
3547 1726 3689 1796 ὅπερ

2090 1819 2297 1886 ἔλεγον,
2334 1819 2421 1873 ἵνα
2454 1821 2531 1891 μὴ
2549 1820 2637 1875 διά
2660 1821 2761 1892 τὴν
2793 1820 2890 1875 τοῦ
2921 1820 3249 1893 πράγματος
3271 1819 3563 1875 εὐτέλειαν
3588 1821 3691 1891 τῆς

2092 1912 2311 1981 φύσεως
2334 1912 2624 1984 καταγνῷς
2672 1913 2973 1978 εὐτέλειαν,
3006 1913 3144 1984 μετά
3175 1913 3237 1967 τὸ
3267 1913 3424 1983 νίψαι
3457 1915 3516 1966 τί
3554 1930 3691 1981 φησι

2093 2007 2230 2079 πρὸς
2255 2007 2473 2069 αὐτοὺς,
2491 2006 2742 2060 ἇκουσονσ
2758 2004 3098 2060 Γινώσκετε
3117 2007 3176 2060 τί
3190 2007 3495 2072 πεποίηκα
3512 2005 3691 2075 ὑμῖνς

2103 2097 2303 2167 Ὑμεῖς
2336 2096 2574 2151 καλεῖτέ
2610 2114 2710 2168 με,
2736 2100 2770 2151 ό
2811 2099 3049 2167 Κύριος,
3084 2099 3184 2153 καὶ
3215 2101 3249 2152 ό
3282 2097 3688 2163 διδάσκαλος.

2092 2191 2195 2246 καὶ
2217 2189 2415 2259 καλῶς
2445 2191 2650 2262 λέγετε
2668 2208 2683 2222 ·
2719 2191 2841 2262 εἰμι
2861 2190 2993 2262 γάρ.
3022 2194 3091 2246 El
3119 2187 3236 2247 οὖν
3260 2191 3377 2262 ἐγὼ
3410 2194 3447 2247 ό
3468 2194 3691 2262 Κύριος

2094 2286 2192 2343 καί
2212 2288 2245 2340 ό
2271 2284 2642 2351 διδάσκαλος
2661 2285 2845 2354 ἔνιψα
2886 2283 3054 2355 ὑμῶν
3083 2285 3229 2352 τοὺς
3255 2285 3452 2352 πόδας
3469 2327 3487 2351 ,
3536 2286 3692 2340 οὕτω

2095 2377 2197 2433 καί
2216 2376 2387 2448 ὑμεῖς
2412 2377 2687 2447 ὀφείλετε
2707 2376 3008 2445 ἀλλήλοις
3047 2379 3263 2433 ποιεῖν.
3325 2377 3694 2448 Ὑπόδειπισ

2095 2471 2206 2542 γὰρ
2237 2473 2432 2527 ἔδωκα
2483 2471 2645 2542 ὑμῖν,
2677 2473 2776 2525 ἵνα
2821 2472 2903 2539 ὡς
2940 2471 3058 2544 ἐγὼ
3091 2472 3358 2541 ἐποίησα
3393 2470 3568 2542 ὑμῖν,
3600 2470 3696 2525 καὶ

2095 2565 2267 2634 ὑμεῖς
2293 2564 2589 2631 ἀλλήλοις
2622 2564 2854 2634 ποιῆτε.

2179 2667 2342 2737 Ὁρᾷς
2362 2667 2444 2719 ὅτι
2468 2664 2636 2719 πολλὰ
2658 2665 3052 2737 ύποδείγματος
3077 2664 3265 2718 ἕνεκεν
3285 2664 3488 2729 ἐποίεις
3509 2664 3700 2719 K306-

2099 2777 2206 2830 περ
2243 2761 2350 2828 γάρ
2374 2777 2459 2823 τις
2488 2758 2810 2822 διδάσκαλος
2847 2757 3040 2826 σοφίας
3088 2757 3540 2829 πεπληρωμένος
3573 2776 3700 2811 utal-

2098 2851 2233 2913 δίοις
2261 2849 2567 2920 ψελλίζουσι
2591 2849 2963 2922 συμψελλίζει,
2992 2849 3086 2903 καὶ
3118 2850 3146 2902 6
3167 2848 3476 2919 ψελλισμὸς
3511 2850 3579 2903 οὗ
3603 2848 3702 2917 τῆς

2103 2945 2345 3016 ἀμαθίας
2382 2942 2478 2998 τοῦ
2529 2944 2875 3009 διδασκάλου,
2902 2943 3038 2998 ἀλλά
3070 2944 3172 3014 τῆς
3225 2944 3566 3013 κηδεμονίας
3601 2942 3703 3009 τῆς

2105 3039 2242 3111 πρὸς
2268 3037 2396 3100 τοὺς
2424 3036 2621 3100 παῖδάς
2642 3038 2758 3090 ἐστι
2778 3038 3081 3107 τεκμήριον
3106 3051 3120 3065 ’
3145 3035 3290 3089 οῦτιυ
3311 3036 3377 3107 δὴ
3395 3037 3497 3089 καὶ
3512 3038 3543 3090 ὁ
3567 3038 3695 3104 Χρι-

2107 3133 2231 3196 στὸς
2255 3133 2314 3184 ού
2339 3130 2406 3184 δι’
2444 3128 2718 3182 εὐτέλειαν
2746 3129 2847 3198 τῆς
2867 3130 3058 3194 ούσίας
3092 3129 3267 3183 ταῦτα
3306 3131 3513 3190 ἐποίει.
3569 3131 3703 3184 ἀλλὰ

2106 3224 2196 3277 διὰ
2217 3221 2644 3291 ωγκατάϐασιν.
2674 3221 2784 3274 Kal
2799 3222 2883 3276 δεῖ
2903 3222 3074 3277 ταῦτα
3088 3223 3190 3294 οὐχ
3205 3221 3394 3286 ἁπλῶς
3422 3223 3704 3294 παρατρέ-

2108 3335 2225 3388 χειν
2244 3333 2257 3346 ’
2293 3314 2388 3368 καὶ
2415 3314 2523 3385 γὰρ
2545 3313 2676 3369 αὐτὸ
2698 3312 2857 3367 τοῦτο
2875 3314 2925 3367 εί
2962 3315 3085 3368 καθ’
3114 3316 3273 3369 ἑαυτὸ
3302 3315 3399 3368 νῦν
3430 3315 3705 3381 ἐξετάσω-

2114 3427 2233 3481 μεν.
2269 3408 2371 3477 ὅρα
2409 3406 2533 3459 ὅσον
2573 3404 2774 3459 ἄτοπον
2826 3404 3038 3475 ἕψεται.
3080 3408 3144 3460 El
3170 3406 3279 3478 γὰρ
3308 3410 3337 3462 6
3366 3409 3587 3463 νίπτων
3612 3409 3704 3463 τοῦ

2110 3499 2434 3571 νιπτομένου
2484 3497 2864 3567 εὐτελέστερος
2904 3492 3045 3550 εἶναι
3087 3499 3238 3553 δοκεῖ
3264 3502 3281 3559 (
3299 3499 3421 3553 ἐστι
3448 3501 3509 3555 δέ
3536 3503 3570 3555 6
3611 3502 3707 3572 μέν

2111 3595 2316 3648 νίπτων
2347 3593 2376 3645 ὁ
2403 3589 2661 3661 Χριστὸς,
2700 3589 2752 3642 οἱ
2782 3587 3023 3660 μαθηταὶ
3040 3590 3095 3644 δέ
3120 3591 3171 3644 οἱ
3206 3592 3577 3663 νιπτόμενοι),
3602 3594 3709 3665 ἀρα

2113 3684 2493 3754 εὐτελέστερος
2542 3682 2695 3735 ἐσται
2744 3681 2773 3732 ὁ
2800 3681 3037 3751 Χριστὸς
3069 3683 3178 3737 τῶν
3229 3685 3521 3755 μαθητῶν.
3569 3688 3706 3741 .m.

2113 3779 2287 3841 οὐδεὶς
2321 3776 2387 3830 ἂν
2418 3774 2579 3829 τοῦτο
2622 3772 2744 3827 ούδέ
2774 3772 3098 3845 μαινόμενος
3135 3776 3298 3832 εἴποι.
3360 3776 3534 3848 Ὁρᾷς
3587 3779 3708 3833 ὅσον

2115 3871 2232 3925 ἐστὶ
2288 3868 2459 3923 κακὸν
2510 3864 2609 3930 τὰς
2660 3866 2842 3929 αἰτίας
2896 3865 3132 3935 ἀγνοεῖν.
3183 3866 3253 3920 δι’
3284 3867 3355 3933 ἃς
3405 3869 3438 3921 6
3470 3871 3709 3940 x9511“

2115 3963 2290 4033 ἐποίει
2325 3961 2504 4015 πάντα
2541 3958 2687 4029 ἅπερ
2728 3959 2934 4022 ἐποίει;
2969 3958 3186 4014 Μᾶλλον
3202 3959 3257 4012 δέ
3282 3956 3549 4029 βλέπεις,
3586 3963 3708 4017 ὅσον

2116 4055 2266 4109 ἐστὶν
2300 4051 2503 4120 ἀγαθὸν
2531 4050 2709 4104 πάντα
2744 4052 2883 4121 μετὰ
2923 4051 3213 4122 ἀκριϐείας
3254 4052 3566 4118 ἐξετάζειν,
3618 4056 3711 4109 καὶ

2120 4149 2194 4221 μὴ
2222 4146 2432 4209 ἁπλῶς,
2468 4145 2549 4197 ὅτι
2571 4138 2693 4196 εἶπέ
2719 4160 2770 4197 τι
2796 4143 3100 4215 ταπεινδνῆ
3129 4144 3407 4214 ἐποίησεν,
3448 4147 3594 4200 ἀλλὰ
3619 4148 3713 4200 καὶ

2115 4242 2260 4304 τίνος
2281 4239 2467 4291 ἐνεκεν
2498 4235 2594 4289 καὶ
2628 4234 2791 4288 διὰτί
2829 4236 3208 4306 προστιθέναις
3242 4237 3357 4290 Οὐκ
3386 4238 3639 4295 ἐνταῦθα
3658 4240 3713 4293 ἃ

2122 4336 2280 4407 μόνον
2330 4329 2490 4384 τοῦτο
2542 4327 2816 4396 ἐποίησεν,
2871 4326 3008 4381 ἀλλά
3040 4330 3136 4382 καὶ
3181 4329 3418 4399 ἀλλαχοῦ
3470 4332 3539 4384 τὸ
3586 4332 3715 4386 am

2118 4427 2276 4485 τοῦτο
2299 4423 2538 4496 ᾐνίξατο.
2565 4419 2751 4474 Εἰπὼν
2788 4420 2918 4491 γὰρ,
2956 4420 3054 4488 Τίς
3076 4421 3207 4475 ἐστι
3229 4421 3473 4491 μείζων,
3502 4428 3540 4480 δ
3575 4427 3716 4480 dro-

2120 4520 2416 4588 κεΙμενος,
2453 4514 2492 4581 ἢ
2527 4516 2560 4566 ὁ
2592 4511 2924 4577 διακονῶν;
2953 4513 3256 4584 ἐπήγαγεν,
3287 4515 3439 4585 Οὐχὶ
3491 4521 3529 4571 ό
3571 4519 3716 4573 ἀνα-

2121 4610 2394 4679 κείμενος
2420 4622 2436 4668 ,'
2482 4604 2624 4673 Ἐγὼ
2651 4603 2721 4657 δέ
2751 4605 2868 4672 εἰμι
2898 4603 2964 4657 ὲν
2990 4604 3163 4672 μέσῳ
3185 4605 3373 4675 ὑμῶν,
3414 4607 3509 4674 ὡς
3530 4612 3568 4663 ὁ
3594 4610 3715 4663 δια-
3802 4652 3803 4655 η

2122 4698 2338 4756 κονῶν.
2362 4696 2474 4750 Kal
2505 4694 2663 4749 τοῦτο
2684 4692 2743 4746 δὲ
2772 4689 2916 4755 εἷπε,
2948 4694 3171 4748 κάκεῖνο
3200 4696 3457 4767 ἐποίησε,
3503 4700 3717 4764 δεικνὺς

2122 4796 2202 4847 ὅτι
2232 4790 2499 4860 πολλαχοῦ
2554 4787 2625 4842 τὰ
2654 4787 2909 4841 ἐλάττονα
2956 4787 3193 4857 ἁρπάζει
3240 4789 3323 4851 εἰς
3362 4787 3716 4846 διδασκαλίαν

2121 4886 2230 4939 τῶν
2260 4881 2537 4955 μαθητῶν.
2567 4879 2879 4952 μετριάζειν
2900 4896 2959 4932 τε
2985 4879 3120 4950 ὁμοῦ
3146 4879 3348 4958 πείθων
3368 4882 3717 4949 αὐτούςλίαὶ

2122 4977 2280 5046 δῆλον
2307 4975 2388 5028 ὅτι
2410 4973 2471 5026 οὺ
2500 4973 2588 5026 διὰ
2619 4972 2679 5024 τὸ
2704 4971 2805 5039 τῆς
2829 4969 3045 5039 φύσεως
3096 4970 3555 5043 καταδεέστερον,
3590 4974 3716 5028 ἀλλὰ

2123 5069 2211 5122 διά
2239 5068 2341 5137 τὴν
2370 5065 2595 5119 ἐκείνων
2614 5062 2967 5117 διδασκαλίαν
3001 5061 3176 5117 ταῦτα
3214 5063 3397 5117 πάντα
3435 5066 3714 5137 ἀνέχεται.

2124 5160 2239 5217 Καὶ
2284 5158 2393 5229 γὰρ
2421 5154 2655 5227 ἀλλαχοῦ
2701 5172 2865 5226 φησιν
2883 5173 2897 5187 ο
2929 5159 2993 5210 Ol
3035 5155 3324 5227 ἄρχοντες
3371 5158 3504 5213 τῶν
3533 5158 3712 5216 ἑθπῖιν

2124 5250 2666 5320 κατακυριεύουσιν
2713 5247 2931 5310 αὐτῶν,
2969 5248 3130 5316 παρά
3160 5247 3229 5301 δὲ
3255 5249 3404 5318 ὑμῖν
3452 5254 3579 5321 οὐχ
3628 5250 3717 5305 οὓς

2124 5359 2273 5409 τως’
2310 5342 2450 5397 ἀλλ’
2478 5343 2511 5394 ό
2556 5339 2750 5395 θέλων
2782 5338 2855 5392 ἐν
2884 5337 3029 5409 ὑμῖν
3057 5335 3211 5393 εῖναι
3242 5339 3511 5407 πρῶτος,
3571 5342 3720 5397 ἔστιν

2397 5429 2697 5497 διάκονος.
2722 5430 2835 5483 Kal
2860 5396 2967 5503 γάρ
3002 5428 3066 5482 '0
3101 5427 3233 5495 Υἱὸς
3259 5396 3372 5486 τοῦ
3397 5396 3716 5502 ἀέδμέιπου
3802 5396 3803 5487 ί

2129 5527 2242 5580 οὐκ
2270 5520 2420 5595 ἦλθε
2439 5521 2893 5592 διακονηθῆναι,
2926 5523 3090 5577 ἀλλὰ
3116 5521 3508 5591 διακονῆσαι.
3543 5527 3609 5580 Εἰ
3627 5525 3717 5579 τοί-

2122 5633 2223 5672 νυν
2259 5616 2584 5686 διακονῆσαι
2618 5610 2751 5685 ἦλθε
2786 5614 2881 5669 καὶ
2922 5614 3432 5687 ταπεινοφροσύνην
3488 5618 3714 5682 διδάξαι.

2130 5712 2207 5784 μὴ
2253 5710 2507 5787 θορυϐοῦ,
2563 5711 2700 5785 μηδέ
2729 5712 3060 5779 κατάπιπτε,
3097 5711 3146 5764 εί
3192 5709 3262 5764 τὰ
3309 5711 3425 5767 τῶν
3454 5712 3712 5767 διακόνων

3793 1310 3804 1583 1
