3854 6222
155 242 260 296 ’1155

159 355 282 424 quid
323 351 391 407 de
422 350 759 404 facultatibus
792 365 804 402 :
837 348 918 402 sin
957 356 1132 402 autem
1171 346 1236 400 ad
1281 361 1469 401 omnes
1497 345 1736 411 efferam,

160 446 461 513 multosque
498 448 778 495 consortes
808 453 870 492 ac
907 438 1188 508 (participes
1219 437 1425 499 faciam,
1460 435 1588 490 mihi
1609 435 1744 490 divi-

164 539 249 590 tizc
279 535 582 606 spirituales
626 541 903 602 augentur.
951 535 1124 599 Atque
1168 530 1281 583 hare
1318 529 1387 582 ita
1428 543 1486 582 se
1521 526 1739 589 habere,

161 640 392 695 cumque
417 625 503 693 qui
531 625 740 676 ett-teris
765 621 1149 685 communicat,
1189 619 1486 688 depositum
1510 631 1740 685 augere;

160 719 247 788 qui
271 732 398 771 vero
425 715 722 775 abscondit,
751 722 1012 783 quaestum
1039 726 1253 765 onmem
1279 711 1620 773 imminuere,
1661 715 1744 760 ιι·-

161 819 272 862 stes
299 815 421 862 sunt
450 805 545 868 illi,
570 805 761 874 quibus
795 802 1004 858 fuerant
1032 803 1225 855 talenta
1251 800 1558 865 commissa,
1592 800 1634 852 is
1659 798 1745 852 cui

161 900 419 968 quinque,
453 896 498 950 is
523 897 606 949 cui
634 896 760 960 duo,
793 906 847 948 et
875 894 920 948 is
944 893 1027 947 cui
1059 908 1245 945 unum.
1277 891 1379 944 Alii
1406 889 1546 943 enim
1574 889 1748 957 dupli-

161 1001 281 1045 cata
312 989 673 1061 proferebant,
701 1005 818 1057 quae
847 987 948 1040 sibi
979 987 1177 1041 credita
1212 985 1438 1049 fuerant,
1469 995 1522 1039 et
1550 985 1748 1037 idcirco

164 1082 460 1136 honoribus
489 1080 862 1134 affiriebantur
893 1077 1102 1150 (Matth.
1129 1078 1219 1133 9.5.
1245 1076 1332 1148 15)
1366 1094 1380 1130 :
1413 1077 1547 1130 alius
1573 1085 1747 1128 autent

163 1175 302 1241 apud
341 1188 400 1228 se
439 1173 691 1235 servavit,
734 1187 832 1225 nec
863 1171 952 1225 ulli
982 1169 1417 1230 communicavit,
1449 1184 1620 1236 neque
1650 1167 1748 1220 dn-

165 1266 310 1333 plum
342 1263 568 1318 reddere
595 1261 786 1326 valuit,
814 1271 974 1330 atque
1004 1260 1200 1314 idcirco
1242 1260 1455 1328 punitus
1491 1269 1587 1312 est.
1629 1259 1753 1311 llaec

167 1358 328 1425 igitur
358 1355 636 1410 audientes
665 1367 874 1418 omnes,
903 1362 956 1408 et
986 1351 1126 1422 quod
1156 1352 1279 1405 inde
1308 1351 1623 1421 supplicium
1655 1350 1754 1403 im-

168 1449 338 1501 minet
384 1445 814 1510 reformidantes,
864 1445 1002 1514 quod
1036 1459 1199 1512 penes
1229 1458 1326 1497 nos
1356 1441 1515 1496 fuerit
1556 1441 1751 1495 bonum

170 1542 221 1592 iu
258 1539 448 1594 fratres
478 1536 846 1600 conferamus,
891 1546 946 1589 ct
982 1535 1309 1588 iu.medium
1352 1533 1598 1586 omnibus
1631 1547 1754 1600 per-

169 1633 460 1695 solvamus,
486 1643 658 1698 neque
684 1626 1056 1682 recondamus.
1081 1624 1211 1678 Cum
1239 1627 1382 1678 enim
1407 1638 1526 1676 cum
1548 1623 1756 1676 ca-ti-ris

169 1722 661 1785 communicamus,
705 1729 820 1773 tum
859 1718 1086 1787 amplius
1117 1717 1214 1786 ipsi
1251 1715 1558 1770 ditescimus
1590 1732 1603 1768 :
1635 1731 1756 1768 cum

174 1815 465 1884 participes
487 1812 619 1867 lucri
645 1812 836 1866 multos
861 1810 1101 1874 facimus,
1124 1818 1230 1862 tum
1257 1809 1531 1863 facultates
1551 1818 1759 1862 nostras

171 1920 450 1977 augemus.
481 1904 640 1973 Atqui
686 1902 847 1956 minui
878 1901 1098 1971 gloriam
1142 1910 1282 1953 tuam
1311 1897 1607 1962 arbitraris,
1635 1913 1756 1950 cum

176 2004 236 2050 tu
282 2011 343 2050 ea
393 1993 532 2048 nosti
575 2007 695 2046 cum
742 1991 944 2052 multis,
987 2006 1105 2060 qua:
1150 1989 1296 2042 solus
1326 2001 1550 2042 noveras
1590 2003 1603 2039 :
1652 1987 1760 2040 imo

173 2102 308 2141 vero
351 2094 460 2138 tum
500 2093 724 2153 augetur
751 2082 917 2149 gloria
941 2123 956 2147 ,
985 2091 1039 2134 et
1077 2080 1274 2134 utilitas
1302 2091 1384 2131 tua
1407 2117 1423 2144 ,
1462 2092 1583 2132 cum
1623 2076 1760 2129 invi-

175 2178 320 2232 diam
343 2176 637 2246 proculcas,
676 2190 795 2229 cum
824 2175 1045 2227 livorem
1069 2173 1381 2242 exstinguis,
1412 2185 1534 2225 cum
1562 2171 1762 2224 amoris

177 2270 231 2322 in
265 2267 453 2320 fratres
481 2266 752 2336 egregium
780 2265 1047 2332 specimen
1093 2262 1227 2316 edis.
1257 2261 1409 2329 Quod
1438 2261 1484 2315 si
1526 2260 1670 2315 solus
1709 2259 1760 2313 id

174 2357 356 2410 sciens
381 2355 713 2420 obambules,
743 2353 984 2407 homines
1005 2352 1217 2423 quidem
1249 2360 1300 2405 te
1329 2362 1595 2420 tamquam
1631 2350 1765 2403 iuvi-

173 2447 306 2500 dum
331 2457 384 2500 et
412 2445 635 2500 fratrum
663 2461 873 2500 osorem
909 2445 1326 2523 aversabuntur,
1355 2453 1408 2498 et
1441 2443 1564 2497 odio
1595 2441 1763 2496 hahe-

174 2537 313 2590 bunt
345 2554 358 2590 :
395 2537 532 2590 Deus
567 2544 744 2589 autem
784 2546 1030 2604 tanquam
1080 2534 1147 2587 ab
1185 2533 1428 2603 improbo
1465 2541 1760 2587 extremum

175 2630 497 2699 supplicium
525 2629 722 2698 exiget.
747 2627 947 2681 Practer
973 2627 1087 2680 haec
1114 2635 1290 2679 autem
1323 2627 1434 2693 ipsa
1464 2626 1623 2678 etiam
1643 2640 1764 2694 gra-

179 2724 252 2775 tia
282 2721 560 2775 confestim
594 2719 792 2773 nudqu
822 2729 872 2772 te
893 2718 1265 2787 derelinquens
1291 2715 1523 2785 aufugiet
1556 2733 1569 2768 :
1597 2733 1767 2785 quau-

175 2814 462 2881 doquidem
512 2811 836 2865 frumentum
885 2825 1095 2878 quoque
1124 2810 1167 2861 si
1200 2823 1413 2877 semper
1457 2809 1506 2860 in
1557 2807 1766 2861 horreis

174 2906 252 2958 sit
298 2903 626 2958 rcConditum
650 2944 664 2967 ,
697 2901 1059 2962 Consumitur,
1089 2915 1209 2953 cum
1239 2915 1267 2952 a
1302 2900 1440 2952 tinea
1466 2899 1721 2951 cxedatur
1749 2914 1763 2951 :

176 2997 225 3049 si
260 3009 390 3048 vero
417 2995 675 3062 prolatum
706 2992 849 3046 foras
877 2993 927 3045 in
957 3006 1080 3045 arva
1106 2999 1412 3060 spargatur,
1445 2989 1764 3059 multiplica-

177 3098 272 3141 tur
315 3101 632 3154 rursumque
674 3092 963 3138 renovatur
996 3100 1010 3136 :
1047 3083 1116 3135 ita
1158 3096 1336 3134 sermo
1365 3094 1574 3150 quoque
1609 3079 1767 3148 spiri-

179 3178 372 3243 tualis,
416 3178 462 3230 si
510 3192 724 3245 semper
769 3178 908 3228 intus
954 3173 1334 3237 concludatur,
1377 3171 1501 3224 dum
1548 3169 1766 3237 invidia,

180 3278 430 3337 torpore,
465 3281 526 3320 ac
563 3267 680 3319 tabe
708 3265 1065 3332 corrumpitur
1084 3305 1098 3328 ,
1128 3271 1180 3316 et
1210 3261 1542 3316 consumitur
1569 3260 1766 3325 anima,

177 3359 295 3410 cito
316 3357 668 3424 esstiuguitur
693 3373 706 3408 :
733 3355 812 3409 sin
834 3365 1008 3408 autem
1033 3361 1298 3420 tamquam
1321 3353 1372 3405 in
1397 3367 1580 3404 arvum
1602 3349 1772 3406 fertile

179 3449 237 3502 in
268 3449 472 3502 animas
503 3447 721 3501 fratrum
751 3447 1107 3516 dispergatur,
1151 3446 1218 3498 ita
1251 3445 1307 3497 fit
1335 3453 1392 3498 ut
1419 3453 1472 3498 et
1497 3445 1562 3497 iis
1589 3460 1618 3497 a
1649 3443 1770 3512 qui-

177 3538 287 3592 bus
315 3537 599 3606 suscipitur
627 3547 680 3591 et
705 3537 766 3591 iis
795 3552 824 3589 a
853 3537 1044 3605 quibus
1076 3534 1377 3604 possidetur
1398 3534 1774 3603 multiplicetur

181 3629 494 3682 thesaurus.
539 3627 602 3681 Et
631 3626 1074 3696 quemadmodum
1106 3625 1225 3679 fons
1245 3667 1260 3691 ,
1293 3640 1357 3678 ex
1386 3639 1492 3693 quo
1522 3624 1775 3694 frequen-

182 3731 274 3774 ter
306 3719 563 3781 hauritur,
599 3719 778 3786 purior
808 3717 885 3780 fit,
917 3726 968 3772 et
995 3717 1259 3786 cepiosius
1285 3717 1522 3780 scaturit,
1555 3717 1772 3770 obtura-

179 3820 276 3865 tus
301 3826 426 3863 vero
449 3809 760 3874 destruitur,
788 3809 865 3862 sic
893 3819 944 3863 et
969 3808 1165 3863 donum
1196 3806 1489 3876 Spirituale,
1516 3822 1580 3861 ac
1599 3822 1776 3862 sermo

180 3902 471 3965 doctrinm,
503 3901 548 3954 si
579 3899 885 3969 frequenter
914 3898 1205 3963 hauriatur,
1231 3908 1283 3952 et
1311 3897 1632 3952 hauriendus
1661 3899 1777 3967 qui-

184 3995 374 4049 lmsvis
418 4000 744 4061 esponatur,
789 3992 1005 4045 uberius
1047 3997 1231 4044 manat
1275 4007 1289 4043 :
1330 3988 1527 4042 invidia
1558 4005 1686 4042 vero
1725 3998 1778 4042 et

182 4085 358 4137 livore
389 4097 705 4150 suppressus
744 4081 1034 4147 minuitur,
1066 4094 1130 4133 ac
1159 4078 1371 4132 tandem
1401 4078 1774 4147 exstinguitur.

183 4174 418 4242 Quaado
457 4174 615 4242 igitur
655 4182 798 4225 tarda
844 4172 997 4226 nobis
1040 4171 1160 4225 inde
1200 4171 1396 4223 utilitas
1437 4170 1639 4235 oritur,
1683 4186 1778 4239 age

181 4264 334 4334 quod
363 4265 411 4317 in
441 4273 621 4317 nostra
647 4271 905 4332 potestate
930 4265 1088 4316 situm
1115 4261 1293 4328 fuerit,
1318 4263 1369 4316 in
1391 4263 1622 4316 medium
1647 4263 1776 4316 affe-

184 4371 398 4420 ramus,
429 4364 701 4425 totumque
724 4355 875 4409 vobis
902 4355 1135 4409 debitum
1163 4354 1520 4416 exsolvamus,
1554 4355 1597 4408 si
1634 4357 1780 4424 prius

184 4458 367 4503 totum
410 4448 707 4501 debitorum
753 4448 972 4502 istorum
1017 4447 1262 4501 ordinem
1296 4447 1442 4500 vobis
1483 4447 1535 4501 in
1583 4463 1783 4500 memo-

187 4540 336 4594 riam
363 4538 809 4593 revocaverimus.

271 4629 330 4682 Ξ.
371 4629 531 4682 Scitis
557 4644 684 4698 ergo
719 4644 781 4681 ac
811 4628 1148 4689 meministis,
1183 4643 1351 4698 nuper
1380 4642 1476 4680 nos
1502 4627 1571 4681 de
1599 4628 1779 4696 unige-

191 4721 297 4775 niti
329 4721 494 4788 gloria
527 4719 850 4774 disserentes
888 4719 1068 4788 plures
1094 4716 1561 4770 condescensionis
1592 4716 1642 4769 in
1671 4731 1788 4770 ver-

194 4815 286 4866 bis
317 4827 506 4866 causas
535 4825 876 4866 enumerasse
913 4825 1017 4864 :ac
1062 4810 1260 4863 dixisse
1300 4823 1396 4863 nos
1436 4824 1542 4862 non
1586 4818 1785 4863 tantum

189 4904 272 4958 ob
300 4903 478 4956 carnis
507 4902 782 4968 amictum,
812 4917 982 4971 neque
1013 4911 1227 4969 propter
1255 4901 1610 4955 infirmitatem
1639 4899 1788 4955 audi-

196 5005 386 5047 torum
415 5001 614 5046 tantum
636 5008 778 5060 same
799 4992 1064 5046 Christum
1097 4991 1368 5045 humiliter
1391 4991 1553 5060 loqui,
1581 5006 1789 5045 verum-

195 5081 372 5138 etiam
405 5081 585 5134 multis
622 5082 674 5134 in
723 5081 888 5146 locis,
918 5079 1059 5151 quod
1101 5089 1155 5135 et
1197 5079 1542 5135 humilitatem
1584 5081 1788 5135 doceat.

195 5175 388 5241 Atque
415 5173 530 5225 illas
558 5171 768 5240 quidem
799 5186 988 5226 causas
1031 5173 1159 5225 satis
1205 5180 1314 5225 tum
1361 5171 1664 5240 persequuti
1701 5187 1792 5226 su-

199 5277 353 5325 mus,
383 5271 440 5316 et
467 5261 627 5324 illius,
655 5277 813 5330 quam
842 5277 935 5329 pro
968 5261 1200 5326 Lazaro,
1229 5270 1283 5315 et
1306 5261 1526 5316 alterius
1554 5276 1711 5330 quam
1743 5262 1793 5315 in

200 5357 326 5423 ipsa
366 5369 526 5407 cruce
553 5353 778 5416 obtulit,
809 5351 1065 5406 orationis
1104 5353 1413 5406 memoriam
1442 5351 1792 5414 refrieuimus,

205 5454 265 5498 et
290 5443 642 5508 ostendimus,
677 5443 813 5497 hanc
839 5443 1054 5510 quidem
1082 5440 1200 5495 ideo
1230 5441 1396 5496 fusam
1427 5457 1566 5510 csse,
1607 5452 1662 5496 ut
1685 5442 1794 5496 dis-

207 5532 544 5604 pensationis
586 5533 636 5585 iu
682 5548 842 5585 rarne
871 5530 1003 5585 lides
1032 5530 1429 5596 adstrucretur,
1469 5531 1610 5585 illam
1637 5547 1798 5600 vero,

208 5635 278 5680 ut
299 5623 598 5679 auditorum
621 5621 969 5678 imbecillitati
983 5620 1306 5687 consuleret,
1325 5637 1444 5679 cum
1466 5622 1576 5692 ipse
1599 5637 1800 5694 nequa-

970 235 1059 292 οε
1094 227 1360 291 CHRISTI
1399 229 1754 300 PRECIBUS,
1793 231 2064 288 CONTRA
2107 233 2478 291 ΑΝΟΜΟΕΟΞ.
2520 234 2586 289 Χ.

3315 225 3418 283 786

1847 361 2004 415 quam
2036 348 2232 401 auxilio
2273 349 2552 419 indigeret.
2596 350 2763 406 Porro
2803 353 2965 407 multa
3009 353 3140 409 facta
3171 357 3328 411 etiam
3357 359 3424 415 ab

1850 452 1916 492 eo
1947 438 2129 497 fuisse.
2155 451 2214 493 ut
2239 439 2586 496 humilitatem
2618 443 2737 496 illos
2758 443 2995 509 doceret,
3017 446 3136 499 audi
3167 464 3283 517 qua-
3305 465 3428 517 pro.

1848 527 1994 582 bent.
2024 530 2227 598 Aquam
2258 531 2402 585 misit
2431 532 2480 585 in
2513 532 2726 601 pelvim,
2757 542 2810 588 et
2836 537 2984 602 quasi
3013 537 3113 591 hoc
3142 555 3245 593 non
3273 539 3427 593 suffi-

1849 627 2026 682 ceret,
2071 617 2245 673 adhuc
2269 629 2323 672 et
2351 620 2516 676 linteo
2544 637 2602 676 se
2631 625 2924 692 praecinxit,
2955 626 3021 679 ad
3051 639 3341 683 extremam
3368 645 3429 685 se

1851 707 2108 776 dejiciens
2135 709 2413 774 vilitatem,
2436 726 2498 765 ac
2521 712 2897 784 discipulorum
2931 717 3090 786 pedes
3119 719 3295 774 lavare
3320 735 3429 775 cm-

1853 797 1962 866 pit,
2008 809 2060 852 et
2102 815 2222 854 cum
2268 800 2538 871 discipulis
2581 805 2738 858 etiam
2781 807 3064 874 proditoris
3103 810 3265 880 pedes
3305 810 3428 866 lavit

1853 889 2048 956 (Joan.
2074 891 2159 945 15.
2187 893 2235 944 ι.
2261 891 2349 964 5).
2381 894 2509 960 Quis
2549 912 2656 951 non
2699 898 3035 968 obstupescat
3071 911 3124 956 et
3165 905 3435 959 miretur?

1855 980 2004 1049 EQus,
2034 985 2120 1053 qui
2146 985 2453 1054 proditurus
2481 987 2626 1042 illum
2656 1001 2770 1044 erat
2789 1032 2803 1055 ,
2845 993 3005 1062 pedes
3037 995 3210 1062 lavat,
3251 1007 3306 1052 et
3335 999 3432 1052 l‘e-

1854 1081 2032 1138 trum,
2075 1076 2163 1144 qui
2206 1078 2484 1133 recusabat
2512 1095 2575 1134 ac
2616 1081 2857 1148 dicebat,
2889 1083 3137 1150 Domine,
3169 1105 3271 1142 non
3309 1089 3433 1142 mihi

1855 1163 2043 1218 locabis
2081 1167 2230 1235 pedes
2283 1167 2395 1238 (lb.
2439 1186 2486 1223 v.
2514 1172 2566 1225 6.
2592 1173 2645 1226 8.
2669 1171 2746 1244 9),
2799 1191 2904 1228 non
2957 1177 3187 1243 omittit,
3226 1179 3319 1234 sed
3358 1183 3434 1232 ait

1856 1256 1928 1310 illi
1962 1275 1975 1309 :
2006 1258 2067 1313 Si
2105 1276 2202 1313 non
2233 1262 2398 1316 lavero
2427 1265 2579 1334 pedes
2608 1275 2721 1321 tuos
2739 1308 2754 1333 ,
2785 1285 2884 1322 non
2914 1270 3062 1324 habes
3101 1281 3296 1340 portent
3323 1289 3430 1326 me-

1855 1366 1967 1402 cum
1995 1365 2014 1403 :
2047 1359 2156 1404 tum
2187 1353 2301 1412 ille.
2335 1353 2559 1418 Domine,
2573 1375 2672 1411 non
2713 1367 2906 1413 tantum
2937 1363 3108 1431 pedes,
3137 1363 3226 1416 sed
3251 1373 3297 1418 et
3321 1381 3434 1418 nta-

1856 1455 1950 1493 nus
1975 1451 2021 1494 et
2049 1453 2218 1511 caput.
2261 1443 2423 1499 Vides
2465 1447 2514 1499 in
2554 1447 2639 1502 his
2675 1448 2882 1503 duobus
2908 1452 3152 1521 discipuli
3184 1456 3450 1510 reverett-l

1861 1531 2006 1591 tiam,
2053 1541 2109 1586 et
2151 1534 2201 1587 in
2241 1538 2572 1592 recusatione
2611 1549 2665 1594 et
2709 1541 2758 1594 in
2788 1544 3060 1597 assensu?
3103 1544 3250 1599 Licet
3290 1549 3431 1601 enim

1859 1624 2122 1675 contraria
2145 1625 2247 1677 sint
2270 1627 2447 1684 verba.
2472 1638 2704 1682 attamen
2728 1646 2834 1699 pra:
2859 1633 3022 1686 nimio
3043 1633 3252 1691 fervore
3271 1637 3439 1692 animi

1862 1722 2140 1780 utrumque
2184 1715 2444 1782 prolatum
2476 1727 2574 1771 est.
2612 1718 2770 1774 Vides
2811 1731 2867 1775 ttt
2911 1723 3105 1792 ubique
3146 1725 3354 1782 fervens
3383 1739 3436 1780 et

1860 1802 2086 1874 diligens
2112 1807 2296 1861 esset?
2327 1808 2538 1873 Verum,
2565 1821 2620 1863 ut
2645 1811 2824 1866 dicere
2867 1829 3202 1883 occeperam,
3231 1833 3297 1872 ne
3317 1833 3439 1888 pro-

1864 1903 1980 1962 pter
2023 1895 2096 1948 rei
2127 1895 2414 1963 vilitatcm,
2459 1900 2549 1954 tibi
2593 1901 2643 1954 in
2684 1903 3040 1971 suspicionem
3069 1907 3282 1962 vilitatis
3324 1909 3440 1978 ejus

1864 1997 2052 2039 natura
2092 1988 2326 2053 veniret,
2375 2001 2650 2060 postquam
2695 2008 2880 2048 eormn
2922 1995 3048 2050 lavit
3089 1998 3288 2068 pedes,
3317 2002 3443 2054 audi

1863 2075 1985 2144 quid
2015 2077 2094 2129 eis
2121 2077 2341 2133 dixerit.
2372 2079 2526 2135 Scitis
2552 2083 2675 2152 quid
2700 2086 2902 2154 fecerim
2927 2087 3105 2140 vobis?
3139 2086 3235 2142 Vos
3254 2093 3441 2145 vocatis

1865 2182 1972 2229 me,
2005 2166 2220 2220 Domine
2243 2186 2301 2222 ac
2331 2169 2572 2240 Magister
2589 2214 2605 2238 ,
2634 2182 2680 2226 et
2710 2174 2830 2228 bene
2856 2175 3021 2228 dicitis
3047 2193 3068 2230 :
3095 2193 3208 2231 sunt
3236 2186 3438 2234 etenim.

1866 2258 1928 2310 Si
1966 2275 2084 2328 ergo
2124 2276 2215 2330 ego
2257 2261 2356 2313 lavi
2395 2262 2544 2330 pedes
2577 2274 2763 2318 vestros
2801 2263 3050 2321 Dominus
3088 2285 3148 2320 ac
3178 2267 3441 2338 Magister,

1867 2348 1940 2399 ita
1966 2358 2012 2402 et
2040 2365 2123 2403 vos
2151 2350 2329 2405 debitis
2355 2353 2490 2407 vobis
2515 2355 2722 2408 invicem
2762 2359 2946 2427 facere.
2983 2357 3285 2430 Exemplum
3312 2364 3445 2417 enim

1865 2440 1982 2494 dedi
2008 2442 2170 2506 vobis,
2202 2451 2256 2495 ut
2294 2444 2716 2511 quemadmodum
2742 2463 2833 2517 ego
2863 2448 2962 2518 feci
2986 2451 3121 2504 vobis
3140 2491 3156 2517 ,
3186 2452 3257 2505 ita
3285 2462 3334 2507 et
3359 2469 3449 2507 vos

1865 2532 2072 2585 invicem
2101 2532 2298 2600 faciatis
2327 2531 2433 2602 (Ib.
2462 2553 2509 2590 v.
2534 2535 2747 2607 12-15).

1943 2621 2009 2675 Ut
2057 2623 2213 2677 bonus
2254 2624 2492 2694 magister
2537 2624 2745 2680 balbutit
2790 2627 3043 2682 nobiscum
3087 2629 3336 2686 Christus.
3377 2664 3450 2676 -

1871 2711 2030 2765 Vides
2058 2712 2125 2766 ab
2152 2727 2217 2767 eo
2255 2715 2415 2766 tnulta
2457 2729 2575 2769 esse
2620 2716 2787 2781 facta,
2832 2727 2892 2773 ut
2929 2725 3228 2789 exemplum
3274 2725 3446 2782 daret.

1868 2802 1998 2856 Nam
2030 2805 2475 2873 quemadmodum
2507 2809 2762 2877 sapientia
2795 2812 2954 2865 mttlta
2985 2815 3234 2878 prmditus
3278 2820 3446 2888 Inagi-

1869 2901 1979 2948 stcr
2004 2911 2121 2948 cum
2153 2895 2566 2952 balbutientibus
2595 2900 2832 2967 puerulis
2864 2901 3104 2967 balbutit,
3137 2921 3308 2975 neque
3337 2909 3448 2961 bal-

1870 2987 2044 3040 huties
2075 2988 2309 3057 magistri
2360 2988 2617 3042 inscitiam
2664 2991 2896 3059 indicat,
2944 2995 3035 3049 sed
3085 3009 3339 3063 quantum
3382 3000 3451 3054 de

1872 3077 2105 3144 puerulis
2131 3079 2198 3132 sit
2233 3078 2526 3144 sollicitus;
2569 3081 2648 3134 sic
2677 3081 2922 3135 nimirum
2951 3093 3004 3137 et
3041 3084 3314 3154 Chrisms,
3344 3103 3448 3142 non

1871 3169 1940 3220 ob
1965 3185 2074 3221 suae
2105 3177 2306 3222 natura:
2335 3169 2589 3225 vilitatem
2619 3169 2737 3226 hme
2762 3173 2970 3241 agebat,
3013 3176 3108 3229 sed
3146 3179 3216 3231 ob
3248 3179 3450 3232 conde-

1873 3258 2226 3313 sceusionem.
2247 3259 2417 3328 Atque
2440 3260 2554 3315 luce
2574 3276 2676 3315 non
2696 3272 2898 3318 temere
2915 3273 3039 3319 sunt
3061 3268 3448 3335 praztereunda.

1872 3348 2002 3402 Nam
2031 3359 2085 3403 et
2113 3349 2212 3404 hoc
2239 3351 2445 3418 ipsum,
2475 3352 2518 3405 si
2547 3367 2787 3407 seorsum
2814 3354 2882 3408 ab
2910 3354 3027 3409 aliis
3051 3370 3081 3409 a
3106 3357 3260 3412 nobis
3285 3372 3451 3413 escu-

1876 3441 2056 3507 tiatur,
2085 3441 2203 3496 vide
2229 3450 2423 3511 quanta
2450 3442 2752 3496 absurditas
2779 3443 2901 3498 hinc
2925 3455 3193 3514 sequatur.
3224 3447 3280 3502 Si
3308 3449 3450 3503 enim

1877 3529 1921 3582 is
1949 3531 2038 3599 qui
2070 3531 2226 3595 lavat,
2257 3546 2322 3586 eo
2351 3533 2438 3600 qui
2481 3533 2682 3586 lavatur
2710 3534 2868 3589 vilior
2907 3543 2962 3589 et
3003 3537 3220 3592 inferior
3243 3538 3454 3594 videtur

1875 3635 1993 3673 csso
2023 3619 2292 3692 (cancrum
2321 3623 2408 3691 qui
2441 3623 2579 3676 lavat
2603 3623 2846 3679 Christus
2865 3635 2966 3690 est,
2995 3634 3051 3680 et
3077 3627 3342 3699 discipuli,
3364 3633 3453 3701 qui

1879 3709 2187 3780 lavantur),
2217 3726 2345 3780 ergo
2381 3713 2600 3767 inferior
2639 3714 2912 3783 discipulis
2948 3717 3049 3771 crit
3087 3718 3328 3774 Christus
3357 3739 3370 3774 :
3401 3731 3456 3775 at

1879 3800 1980 3853 hoc
2022 3801 2221 3866 nullus,
2266 3817 2333 3855 ne
2370 3802 2415 3856 si
2461 3803 2684 3857 insaniat
2727 3804 2970 3873 quidem,
3011 3806 3226 3861 dixerit.
3274 3809 3454 3874 Vides,

1878 3900 2130 3960 quantum
2159 3891 2230 3946 sit
2257 3892 2455 3944 malum
2482 3907 2667 3946 causas
2687 3934 2703 3958 ,
2743 3894 2811 3947 ob
2834 3910 2968 3963 quas
3004 3897 3182 3950 omnia
3215 3896 3457 3952 Christus

1880 3983 2086 4050 agebat,
2121 3981 2407 4050 ignorare?
2436 3981 2526 4035 Vel
2558 3983 2728 4051 potius
2748 4025 2763 4046 ,
2791 3984 2959 4050 vides,
2991 3995 3244 4054 quantum
3271 3989 3338 4041 sit
3363 3989 3457 4042 bo-

1882 4088 2006 4124 num
2038 4072 2213 4125 ()lltl'llil
2259 4072 2537 4142 diligenter
2575 4086 2857 4142 excutere,
2891 4092 3062 4145 neque
3086 4080 3272 4147 quovis
3299 4081 3461 4135 tundo

1880 4164 2074 4234 aliquid
2105 4164 2171 4217 ab
2195 4181 2259 4218 eo
2285 4165 2481 4220 dictqu
2512 4181 2632 4221 esse
2653 4169 2736 4222 vel
2764 4167 2982 4235 factum,
3010 4173 3102 4225 sed
3124 4174 3282 4228 etiam
3307 4175 3459 4245 cujus

1884 4257 1958 4309 rei
1998 4256 2164 4324 gratia
2183 4297 2197 4322 ,
2245 4265 2294 4310 et
2327 4266 2541 4326 propter
2569 4258 2690 4328 quid
2711 4299 2727 4322 ,
2758 4259 3089 4330 adjungere?
3128 4263 3309 4334 Neque
3334 4282 3463 4320 vero

1885 4356 2086 4401 tautmu
2117 4349 2218 4403 hoc
2244 4349 2361 4402 loco
2392 4349 2439 4402 id
2468 4349 2612 4416 fecit,
2641 4350 2735 4405 sed
2761 4361 2811 4408 et
2845 4353 2967 4407 alibi
3003 4353 3104 4408 hoc
3135 4357 3304 4424 ipsum
3330 4358 3460 4412 sub-

1887 4440 2156 4495 indicavit.
2193 4440 2324 4495 Cum
2352 4443 2495 4496 enim
2521 4443 2760 4506 dixisset,
2792 4442 2917 4510 Quis
2944 4446 3109 4514 major
3132 4456 3238 4511 est,
3265 4448 3349 4518 qui
3378 4465 3462 4502 re-

1885 4532 2090 4596 cumbit,
2117 4549 2181 4585 an
2205 4534 2288 4602 qui
2314 4533 2605 4586 ministrat?
2629 4533 2844 4602 adjecit,
2874 4534 3057 4589 Nonne
3075 4538 3161 4608 qui
3188 4541 3465 4594 recumbit?

1892 4621 2000 4691 Ego
2035 4633 2204 4675 autent
2231 4625 2284 4674 in
2314 4623 2477 4675 medio
2511 4633 2725 4676 vestrum
2748 4641 2860 4678 sum
2880 4665 2894 4688 ,
2935 4628 3064 4680 sicut
3101 4629 3185 4696 qui
3215 4630 3464 4685 ministrat

1892 4712 2151 4784 (Luc.22.
2174 4713 2301 4785 2'7).
2345 4714 2456 4767 lloc
2483 4729 2609 4768 vero
2648 4716 2809 4769 etiam
2852 4716 3020 4784 dixit,
3059 4728 3114 4772 et
3151 4720 3274 4774 illud
3318 4721 3465 4790 fecit,

1890 4805 2176 4860 ostendens
2229 4803 2410 4858 multis
2460 4805 2514 4858 in
2566 4805 2696 4859 locis
2745 4820 2804 4859 se
2852 4807 3057 4861 minora
3109 4811 3347 4880 arripere
3399 4815 3466 4867 ad

1891 4893 2160 4948 docendos
2191 4893 2510 4962 discipulos,
2554 4903 2609 4949 et
2646 4896 2802 4950 simul
2847 4907 2902 4951 ut
2939 4913 3033 4952 eos
3059 4900 3124 4954 ad
3154 4903 3466 4958 modestiam

1893 4985 2197 5039 sectandam
2231 4984 2464 5039 inducat.
2495 4988 2670 5056 Atque
2705 4986 2818 5041 haec
2855 4989 3000 5043 illum
3030 4993 3206 5046 omnia
3243 4995 3470 5049 tolerare

1897 5073 2234 5128 manifestum
2263 5085 2365 5138 est,
2393 5090 2497 5127 non
2526 5077 2666 5144 quod
2700 5075 2965 5132 inferioris
2988 5080 3056 5133 sit
3097 5090 3298 5136 natura:
3316 5123 3332 5146 ,
3374 5084 3470 5137 sed

1898 5173 1955 5219 ut
1974 5179 2066 5219 eos
2086 5163 2292 5219 erudiat
2315 5182 2329 5218 :
2353 5164 2610 5235 siquidem
2631 5167 2756 5221 alibi
2781 5184 2993 5238 quoque
3016 5170 3141 5225 dicit
3166 5192 3180 5227 :
3205 5170 3473 5242 Principes

1896 5258 2116 5328 gentium
2142 5255 2467 5309 dominantur
2503 5273 2709 5324 earum,
2749 5260 2889 5328 apud
2916 5276 3001 5314 vos
3026 5273 3194 5315 autem
3230 5281 3328 5316 non
3357 5266 3428 5317 ita
3455 5281 3474 5319 :

1899 5349 1987 5401 sed
2008 5347 2096 5416 qui
2125 5347 2226 5400 vult
2253 5347 2384 5400 inter
2409 5363 2494 5401 vos
2521 5363 2624 5402 esse
2650 5352 2842 5416 primus
2859 5389 2876 5413 ,
2905 5352 2969 5404 sit
2999 5354 3221 5405 annuum
3255 5355 3478 5410 minister

1904 5439 2116 5512 (Matth.
2143 5439 2234 5495 20.
2257 5439 2346 5494 ΞΒ.
2369 5438 2460 5493 9.6.
2485 5439 2606 5510 28).
2635 5440 2764 5494 Nam
2786 5440 2954 5495 Filius
2979 5441 3194 5497 hominis
3222 5461 3322 5499 non
3349 5450 3480 5501 venit

1903 5531 2200 5598 ministrari,
2225 5531 2313 5584 sed
2335 5531 2637 5584 ministrare.
2665 5530 2719 5586 Si
2741 5546 2871 5601 ergo
2895 5533 3038 5587 venit
3059 5543 3115 5587 ut
3134 5536 3480 5602 ministraret,

1915 5629 1970 5676 et
2001 5617 2357 5676 humilitatem
2399 5619 2652 5686 doceret,
2690 5621 2797 5676 noli
2830 5620 3062 5692 turbari,
3106 5639 3206 5682 nec
3249 5625 3484 5684 animum
