3854 6222
407 281 511 338 787

408 420 722 492 desponde,
770 419 942 474 sicubi
987 434 1106 473 eum
1150 433 1268 488 qua:
1314 415 1678 470 ministrorum
1730 421 1856 470 sunt
1900 421 1991 467 aut

409 516 673 584 perficere
697 511 893 566 videris
917 519 1006 564 aut
1035 509 1204 564 ell'ari.
1236 508 1309 561 lta
1337 522 1549 576 quoque
1578 506 1770 560 multas
1790 505 1988 558 oratiu-

410 621 504 662 nes
545 605 612 660 ab
650 605 834 659 eadem
881 613 1058 657 mente
1100 600 1272 655 fundit
1305 617 1319 654 :
1359 598 1621 668 siquidem
1648 605 1991 652 accesserunt

407 703 473 752 ad
501 713 623 753 eum
646 697 884 750 dicentes
909 711 921 747 :
950 693 1183 758 Domine,
1214 692 1336 745 doce
1370 707 1460 744 nos
1484 705 1648 752 orare,
1676 689 1803 742 sicut
1824 686 1992 741 Joan-

407 806 495 842 nes
535 789 700 842 docuit
737 784 1014 853 discipulos
1043 801 1160 838 suos
1203 782 1366 854 (Luc.
1409 784 1496 836 ll.
1536 781 1628 850 1).
1661 779 1796 846 Quid
1836 793 1984 849 ergo,

405 893 627 948 qumso,
670 875 971 930 faciendum
1016 873 1155 928 fuit?
1212 873 1348 928 Num
1390 887 1547 926 orare
1597 870 1822 925 docendi
1880 885 1984 921 non

402 971 599 1023 erant?
644 969 800 1036 Atqui
843 966 943 1021 hac
979 966 1048 1020 de
1091 979 1249 1019 causa
1292 971 1541 1026 venerat,
1575 971 1631 1015 ut
1668 961 1733 1014 ad
1771 975 1984 1014 omnem

404 1063 522 1116 illos
553 1060 942 1130 philosophiam
989 1057 1319 1112 informaret.
1367 1056 1508 1125 Ergo
1531 1054 1754 1110 docendi
1795 1053 1986 1108 erant?

402 1155 636 1210 Proinde
658 1169 812 1208 orare
847 1154 1101 1222 oportuit.

476 1247 598 1301 Non
626 1245 772 1300 uerbo
796 1255 1009 1310 tantum,
1041 1245 1130 1298 sed
1154 1245 1304 1298 etiam
1331 1244 1560 1310 exemplo
1589 1243 1884 1296 docendum.
1913 1273 1986 1283 —

400 1339 781 1394 Verumtamen
817 1339 920 1392 hoc
941 1338 1103 1391 verbo
1137 1336 1311 1390 solum
1345 1336 1608 1405 agendum
1650 1335 1764 1400 fuit,
1793 1336 1980 1404 inquit.

397 1430 563 1500 Atqui
590 1444 692 1483 non
727 1429 794 1482 ita
825 1444 887 1482 ea
915 1443 1033 1498 qua:
1060 1427 1256 1492 verbis,
1281 1437 1438 1497 atque
1461 1443 1522 1480 ea
1549 1443 1666 1495 qua:
1696 1425 1845 1480 factis
1881 1426 1981 1480 do-

398 1523 568 1576 ctrina
607 1519 952 1589 prOjionitur,
993 1517 1283 1586 discipulos
1325 1532 1632 1586 permovere
1667 1517 1979 1571 consuevit:

401 1620 680 1681 propterea
709 1625 812 1663 non
839 1610 1012 1664 verbis
1043 1609 1213 1663 solum
1240 1622 1335 1662 eos
1361 1621 1514 1661 orare
1541 1606 1716 1672 docet,
1749 1608 1842 1662 sed
1870 1609 1982 1676 ipse

398 1705 449 1755 in
489 1700 730 1754 oratione
771 1707 1107 1768 perseverat,
1153 1705 1207 1752 et
1251 1698 1302 1751 in
1347 1698 1572 1752 (lesertis
1616 1705 1753 1750 totas
1796 1708 1979 1752 noctes

395 1791 597 1847 orando
623 1790 886 1860 transigit,
915 1797 971 1842 ut
996 1804 1092 1843 nos
1118 1787 1325 1842 erudiat
1351 1797 1404 1842 et
1430 1787 1736 1852 admoneat,
1767 1803 1886 1842 cum
1925 1789 1976 1841 in

392 1886 716 1955 colloquium
744 1885 896 1940 nobis
923 1900 1043 1938 cum
1080 1886 1186 1938 Deo
1215 1882 1534 1938 veniendum
1557 1893 1671 1948 est,
1699 1881 1978 1953 fugiendos

394 1979 651 2031 tumultus
678 1992 741 2030 ac
771 1975 914 2046 vulgi
945 1975 1147 2042 turbas,
1183 1985 1238 2029 et
1266 1976 1316 2027 in
1345 1975 1687 2030 solitudinem
1719 1974 1977 2028 seceden-

393 2068 517 2122 dum
544 2083 648 2121 non
681 2067 920 2121 locorum
944 2073 1169 2132 tantmn,
1193 2066 1286 2120 sed
1308 2066 1466 2120 etiam
1491 2075 1813 2135 temporum.
1839 2064 1978 2119 Soli-

393 2159 521 2215 tudo
545 2167 724 2214 autem
749 2172 852 2212 non
881 2172 1034 2212 mons
1056 2165 1260 2212 tantum
1293 2167 1404 2222 est,
1439 2157 1533 2212 sed
1563 2159 1721 2212 etiam
1756 2156 1978 2212 cubicu-

391 2252 499 2306 lum
535 2266 566 2305 a
595 2251 829 2306 clamore
858 2251 1114 2304 immune.

461 2343 514 2398 ὅ.
554 2339 658 2397 Cur
693 2341 923 2396 Christus
958 2351 1065 2396 oret
1105 2341 1227 2395 dum
1264 2340 1510 2394 miracula
1539 2341 1679 2410 facit.
1711 2369 1780 2380 —-
1801 2341 1974 2408 Atque

390 2447 449 2491 ut
482 2435 786 2507 intclligalis
819 2434 1290 2490 eondescensionis
1312 2448 1432 2488 esse
1465 2435 1758 2488 orationem
1785 2432 1971 2502 :prin-

388 2529 529 2597 cipio
547 2529 760 2598 quidem
778 2528 889 2598 jam
909 2543 974 2582 es
999 2527 1064 2582 iis
1083 2541 1202 2597 qua:
1227 2527 1368 2582 circa
1391 2526 1642 2580 Lazarum
1667 2525 1973 2580 acciderunt

387 2620 875 2676 demonstravimus
904 2637 918 2675 :
942 2629 1306 2674 verumtamen
1333 2618 1546 2672 aliunde
1571 2619 1729 2672 etiam
1763 2618 1812 2672 id
1845 2633 1970 2672 con-

386 2719 511 2764 stat.
552 2711 719 2778 Quam
757 2710 898 2764 enim
929 2711 999 2765 ob
1028 2725 1243 2766 causam
1284 2710 1337 2763 in
1374 2709 1666 2779 majoribus
1705 2710 1971 2763 miraculis

385 2816 493 2855 non
533 2811 686 2868 orat,
728 2802 820 2856 sed
869 2804 921 2856 in
964 2801 1302 2857 minoribus?
1330 2800 1461 2855 Nam
1491 2801 1570 2864 si,
1601 2800 1740 2869 quod
1774 2801 1969 2854 auxilio

387 2892 668 2963 indigeret,
699 2893 919 2958 orabat,
947 2901 1002 2948 et
1029 2893 1170 2962 quod
1209 2892 1310 2948 sibi
1340 2891 1692 2947 sufficientem
1721 2892 1968 2944 virtutem

385 2998 492 3039 non
526 2986 775 3050 haberet,
823 2985 874 3038 in
903 2985 1152 3040 omnibus
1191 3000 1347 3040 orare
1385 2984 1626 3050 deberet,
1667 2992 1722 3038 et
1758 2982 1968 3037 Patrem

383 3095 576 3135 vocare
602 3097 615 3132 :
644 3078 783 3149 quod
820 3079 864 3133 si
893 3079 1067 3132 minus
1090 3078 1140 3132 in
1167 3078 1433 3143 omnibus,
1457 3077 1647 3132 saltem
1670 3078 1722 3131 in
1751 3077 1968 3146 majori-

383 3173 483 3227 bus
521 3189 535 3226 :
579 3185 720 3225 nunc
756 3178 936 3224 autem
977 3169 1304 3224 contrarium
1345 3169 1454 3238 agit
1492 3186 1505 3223 :
1543 3184 1663 3224 cum
1705 3167 1771 3223 de
1810 3169 1970 3223 rebus

383 3261 675 3330 majoribus
702 3261 892 3330 agitur,
937 3275 1042 3314 non
1082 3268 1232 3324 orat,
1263 3267 1321 3312 ut
1353 3273 1412 3313 se
1443 3259 1509 3313 ad
1539 3260 1672 3313 alios
1697 3259 1967 3314 docendos

383 3354 436 3408 id
475 3353 724 3408 ostendat
760 3353 951 3421 egisse,
991 3366 1096 3405 non
1137 3351 1277 3421 quod
1315 3361 1524 3405 careret
1557 3351 1768 3406 virtute.
1809 3352 1969 3406 Certe

381 3445 594 3515 quando
623 3459 787 3513 panes
813 3443 1102 3506 benedixit,
1148 3443 1444 3511 suspiciens
1479 3443 1531 3495 in
1567 3443 1758 3497 ciuium
1798 3444 1969 3498 oravit

383 3539 573 3610 (Marc.
599 3540 654 3592 6.
677 3536 793 3607 4|),
823 3546 881 3591 ιιι
919 3553 1017 3592 nos
1050 3536 1271 3592 doceret
1299 3552 1402 3589 non
1433 3537 1577 3605 prius
1605 3536 1964 3606 attingendam

379 3643 503 3684 esse
528 3643 785 3692 mensam,
829 3645 990 3697 quam
1021 3629 1217 3698 gratias
1255 3627 1521 3698 egerimus
1557 3627 1816 3682 conditori
1858 3627 1966 3681 fru-

379 3737 504 3791 gum
547 3721 654 3774 Deo
686 3738 698 3774 :
731 3730 785 3774 et
819 3735 938 3774 cum
983 3721 1174 3775 multos
1213 3730 1450 3774 tnortuos
1486 3721 1814 3784 suscitasset,
1857 3736 1963 3774 non

375 3811 574 3875 oravit,
597 3810 690 3865 sed
716 3825 834 3864 cum
860 3810 1116 3864 Lazarum
1139 3811 1329 3864 solum.
1372 3810 1437 3863 Et
1456 3825 1668 3864 causam
1695 3819 1801 3863 tum
1824 3809 1962 3863 dixi—

380 3918 522 3965 mus,
563 3901 703 3972 quod
743 3901 1088 3956 imbecillitati
1121 3902 1440 3956 adstantium
1464 3900 1623 3955 vellet
1641 3901 1961 3956 consulere:

377 4009 537 4063 quam
561 4008 774 4048 causam
797 3996 954 4046 etiam
983 3995 1114 4046 dixit
1154 3993 1287 4062 ipse,
1315 4008 1435 4047 cum
1476 4002 1661 4062 aperte
1701 3993 1827 4047 illud
1867 3994 1964 4047 ad-

376 4084 511 4140 didit
545 4102 558 4138 :
589 4083 806 4155 Propter
835 4083 1065 4147 turbam,
1109 4101 1222 4156 qua:
1246 4085 1566 4149 circumstat,
1595 4085 1720 4138 dixi.
1765 4085 1828 4139 Et
1859 4101 1962 4139 non

375 4177 486 4247 jam
515 4178 845 4241 orationem,
883 4176 974 4229 sed
1003 4191 1186 4229 vocem
1229 4185 1492 4229 mortuum
1535 4178 1803 4231 excitasse
1837 4178 1964 4230 Satis

383 4277 495 4320 tum
523 4267 1021 4320 demonstravimus.
1047 4266 1221 4335 Atque
1247 4275 1304 4319 ut
1326 4266 1427 4320 hoc
1453 4264 1782 4321 matﬁfestius
1809 4267 1962 4321 intel-

381 4356 536 4427 ligas,
563 4356 702 4410 vide.

453 4446 707 4500 Probatur
724 4445 975 4500 Christum
991 4445 1214 4500 eamdem
1237 4446 1417 4500 habere
1435 4456 1726 4516 potestatem
1749 4467 1900 4521 quant
1919 4461 1965 4504 et

381 4537 539 4592 Pater
554 4537 1015 4603 habet.-—Quando
1031 4539 1171 4591 enim
1192 4539 1512 4606 puniendum
1538 4539 1712 4605 fuerit,
1732 4551 1782 4594 et
1798 4559 1968 4612 quan-

374 4629 450 4685 do
461 4629 664 4683 honore
681 4628 1040 4695 afficiendum,
1057 4638 1108 4682 et
1120 4630 1328 4698 quando
1345 4640 1558 4699 peccata
1573 4632 1965 4699 dimittenda,et

373 4720 590 4791 quando
613 4721 754 4788 leges
770 4719 1023 4786 ferendae,
1038 4729 1090 4775 et
1106 4722 1315 4789 quando
1336 4723 1602 4792 quidpiam
1622 4741 1826 4789 eorum,
1845 4740 1964 4793 qua:

375 4811 594 4881 majoris
611 4813 861 4866 momenti
881 4821 1022 4878 sunt,
1041 4815 1300 4882 agendum
1325 4815 1502 4882 fuerit,
1527 4832 1782 4886 nusquam
1817 4818 1962 4871 illum

374 4917 570 4956 vocare
591 4904 796 4956 Patrem
816 4905 1074 4971 invenies,
1096 4920 1193 4960 nec
1213 4922 1388 4971 orare,
1404 4907 1495 4961 sed
1513 4923 1631 4961 cum
1650 4918 1771 4961 auct
1810 4911 1963 4962 ritate

374 5001 564 5046 cuncta
598 4991 873 5060 perficere.
929 4995 1102 5062 Atque
1151 4995 1337 5048 horum
1378 4998 1588 5066 quidem
1630 4997 1832 5068 singula
1863 5015 1963 5070 ego

374 5085 668 5138 numerabo
698 5101 712 5138 :
758 5092 810 5138 tu
840 5100 968 5138 vero
999 5085 1281 5154 diligenter
1313 5086 1587 5141 considera
1612 5129 1626 5154 ,
1673 5104 1778 5158 quo
1809 5100 1962 5159 pacto

374 5187 636 5245 nusquam
669 5175 898 5245 indigeat
931 5179 1188 5230 oratione.
1246 5176 1436 5241 Venite,
1483 5179 1670 5250 inquit,
1719 5181 1962 5237 benedicti

379 5265 553 5322 Putris
591 5267 707 5330 mei,
755 5268 1000 5336 possidete
1040 5278 1275 5337 paratum
1315 5269 1452 5323 vobis
1492 5288 1720 5340 regnum,
1756 5286 1808 5328 et
1845 5291 1964 5329 rur-

380 5369 508 5412 sus:
537 5358 792 5414 Discedite
839 5376 872 5411 a
911 5377 1008 5423 me,
1040 5360 1312 5424 maledicti,
1355 5363 1408 5415 in
1433 5369 1597 5432 ignem
1625 5367 1711 5434 qui
1755 5378 1960 5436 paratus

371 5467 450 5509 est
469 5451 666 5505 diabolo
688 5461 734 5506 et
750 5451 942 5522 angelis
962 5453 1072 5521 ejus
1091 5452 1300 5518 (Matth.
1322 5454 1409 5509 :25.
1439 5455 1525 5509 54.
1543 5457 1602 5510 il
1620 5459 1654 5524 ).
1674 5458 1812 5514 Ecce
1836 5475 1957 5515 cum

371 5543 518 5599 omni
543 5543 858 5598 auctoritate
883 5544 1142 5611 supplicio
1168 5543 1350 5608 afticit,
1381 5555 1433 5600 et
1463 5546 1683 5612 honore,
1709 5565 1806 5604 nec
1831 5568 1955 5605 ora-

373 5635 522 5692 tione
559 5633 662 5687 ulla
699 5634 918 5704 indiget.
970 5633 1173 5687 llursus
1205 5635 1414 5704 quando
1440 5639 1711 5710 paralytici
1747 5645 1957 5710 corpori

376 5725 573 5779 mederi
612 5727 794 5797 voluit,
843 5727 1070 5796 Surgens
1106 5727 1226 5784 tolle
1259 5728 1443 5784 lectum
1475 5740 1638 5799 tuum,
1680 5748 1727 5789 et
1755 5737 1957 5792 ambula

1115 280 1176 338 S.
1213 279 1494 337 JOANNIS
1531 275 1970 335 CIIRYSOS'I‘OM

2080 278 2361 338 .RCIIIEP.
2401 282 2932 346 CONSTAN‘I'iNOP.

3601 298 3697 354 788

2099 414 2290 485 (Marc.
2313 418 2370 474 2.
2423 419 2479 490 9)
2503 439 2517 476 :
2537 422 2749 489 quando
2775 439 2804 478 a
2829 435 3000 482 morte
3026 427 3276 497 liberare,
3302 431 3520 486 Tatitha
3545 437 3697 498 caui.

2097 524 2248 578 surge
2296 508 2495 581 (Πανί.
2534 513 2588 569 5.
2627 513 2718 576 41)
2746 532 2759 568 :
2791 517 3004 585 quando
3047 535 3078 572 a
3118 524 3349 589 peccatis
3395 524 3696 579 immunem

2096 598 2343 676 reddere,
2365 599 2685 673 Conﬁdeﬁli,
2705 605 3123 662 dimittunturtibi
3141 622 3346 680 peccata
3368 623 3460 667 tua
3478 615 3697 684 (Matth.

2096 691 2149 746 9.
2176 690 2236 762 2)
2281 708 2296 745 :
2346 695 2558 762 quando
2587 695 2856 752 daemones
2900 701 3194 770 increpare,
3227 701 3339 756 Tibi
3384 705 3534 771 dico,
3587 724 3697 760 ιιιοη

2097 779 2292 851 lignum
2344 783 2672 848 dwmonium,
2711 788 2792 840 exi
2827 787 2889 841 ab
2926 806 2984 843 eo
3023 789 3218 861 (Marc.
3253 793 3306 847 5.
3338 792 3396 863 8)
3429 810 3448 849 :
3476 798 3700 864 quando

2095 872 2488 941 reprimendum
2551 875 2650 930 fuit
2695 894 2859 942 mare,
2925 879 3078 945 Tace,
3125 883 3408 938 obmutesce
3470 885 3592 956 (Id.
3642 888 3696 943 4.

2095 963 2185 1033 59)
2231 982 2243 1016 :
2293 968 2506 1034 quando
2551 967 2780 1037 aliquem
2829 971 2977 1042 lepra
3028 985 3332 1044 correptum
3385 977 3698 1046 mundare,

2105 1054 2250 1118 Volo,
2295 1059 2539 1112 mundare
2590 1060 2799 1131 (Matth.
2831 1063 2884 1118 8.
2910 1064 2964 1133 3)
2999 1081 3012 1117 :
3055 1066 3266 1134 quando
3307 1068 3486 1137 legem
3530 1069 3697 1135 ferre,

2090 1146 2334 1208 Audistis,
2375 1150 2493 1218 quia
2529 1150 2718 1204 dictum
2769 1163 2841 1206 est
2868 1156 3087 1224 antiquis
3108 1197 3122 1217 ,
3146 1155 3270 1211 Non
3307 1160 3510 1212 occides
3539 1177 3562 1213 :
3605 1177 3700 1230 ego

2091 1249 2257 1291 autem
2284 1241 2396 1293 dico
2423 1241 2577 1306 vobis,
2595 1235 2702 1302 Qui
2715 1243 2896 1298 dixerit
2924 1246 3074 1313 fratri
3106 1264 3219 1310 suo,
3246 1249 3408 1317 fatue,
3445 1267 3573 1304 reus
3600 1254 3697 1306 erit

2089 1329 2331 1398 gehenntc
2375 1331 2506 1401 ignis
2535 1331 2646 1402 (Id.
2676 1335 2730 1386 5.
2760 1335 2849 1388 2i.
2887 1335 3002 1406 22).
3034 1337 3191 1393 Vides
3217 1346 3274 1391 ut
3327 1340 3516 1393 omnia
3568 1357 3695 1395 cum

2092 1420 2245 1474 herili
2275 1423 2588 1479 auctoritate
2616 1425 2873 1494 perficiat,
2901 1438 2955 1480 et
2989 1428 3044 1481 in
3065 1427 3359 1498 gehennam
3388 1431 3599 1499 ejiciat,
3636 1442 3693 1486 et

2089 1512 2140 1566 in
2165 1528 2384 1583 regnum
2415 1515 2734 1581 iutroducat,
2776 1525 2830 1572 ct
2865 1519 3148 1589 paralysim
3175 1529 3344 1585 sanet,
3376 1530 3432 1574 et
3451 1532 3688 1576 mortem

2086 1605 2282 1672 abigat,
2320 1615 2374 1660 et
2403 1617 2616 1674 peccata
2656 1608 2906 1675 dimittat,
2946 1620 3001 1664 et
3025 1611 3284 1665 dumtonia
3312 1613 3581 1682 increpet,
3634 1624 3690 1668 et

2087 1711 2234 1750 mare
2281 1699 2626 1766 compescat?
2679 1699 2908 1754 Tametsi
2960 1702 3082 1771 quid
3137 1702 3326 1771 majus,
3367 1717 3582 1772 quieso,
3625 1705 3680 1757 in

2087 1803 2308 1858 regnum
2338 1789 2694 1856 introducere,
2725 1793 2845 1846 etin
2867 1792 3161 1862 gehennam
3185 1793 3424 1863 injicere,
3461 1807 3682 1864 peccata

2083 1877 2372 1944 dimittere,
2395 1896 2514 1934 cum
2543 1883 2853 1938 auctoritate
2880 1883 3021 1951 leges
3045 1884 3203 1950 ferre,
3233 1900 3301 1939 an
3329 1901 3501 1955 panes
3531 1902 3684 1943 crea-

2083 1971 2183 2025 re?
2210 1970 2398 2027 Nonne
2423 1973 2759 2028 manifestum
2783 1984 2884 2038 est,
2913 1984 2967 2028 et
2985 1975 3285 2031 confessum
3303 1978 3444 2047 apud
3462 1995 3679 2046 omnes,

2084 2061 2198 2116 hmo
2229 2062 2334 2117 illis
2362 2079 2483 2118 esse
2522 2065 2766 2135 majora?
2791 2066 3144 2122 Nihilominus
3169 2077 3345 2124 tamen
3370 2071 3422 2123 in
3456 2071 3677 2140 majori—

2082 2155 2179 2210 bus
2207 2171 2538 2226 nequaquam
2570 2166 2704 2222 orat,
2747 2166 2802 2212 ut
2827 2159 3072 2214 ostendat
3100 2159 3152 2214 in
3182 2162 3482 2218 minoribus
3513 2167 3676 2218 etiam

2081 2260 2140 2301 se
2167 2262 2270 2302 non
2305 2247 2375 2301 ob
2418 2247 2779 2304 intlrmitatem
2820 2249 3030 2304 virtutis
3059 2250 3110 2304 id
3137 2251 3332 2321 egisse,
3361 2251 3463 2308 sed
3485 2254 3562 2310 ob
3584 2269 3675 2309 co-

2080 2353 2194 2392 rum
2231 2338 2321 2407 qui
2361 2345 2473 2392 tum
2516 2338 2738 2393 aderant
2780 2339 3154 2396 eruditionem.
3196 2342 3371 2412 Atque
3414 2353 3476 2399 ut
3501 2344 3679 2400 discas

2077 2439 2334 2501 quantum
2367 2432 2436 2485 sit
2462 2441 2675 2500 peccata
2701 2432 2986 2500 dimittere,
3019 2443 3206 2488 testem
3227 2435 3322 2489 tibi
3348 2436 3676 2506 prophetam

2077 2522 2272 2577 citabo.
2306 2522 2514 2577 Nullius
2543 2524 2738 2594 quippe
2763 2524 2984 2578 alterius
3012 2525 3113 2579 hoc
3133 2540 3252 2579 esse
3272 2527 3516 2582 ostendit
3548 2542 3675 2596 pro-

2077 2614 2236 2684 pheta
2255 2656 2269 2679 ,
2299 2615 2399 2670 nisi
2435 2615 2528 2671 Dei
2560 2616 2746 2671 solius.
2781 2617 2909 2684 Quis
2932 2601 3068 2671 enim?
3099 2617 3272 2684 Deus,
3312 2619 3522 2688 inquit,
3550 2623 3679 2674 sicut

2073 2717 2148 2776 tu,
2179 2711 2413 2780 auferens
2443 2710 2752 2779 iniquitates,
2783 2711 3138 2765 transcenderis
3165 2711 3452 2780 impietates
3481 2712 3675 2782 (Hich.

2076 2801 2291 2872 7.18)?
2340 2802 2476 2869 Quin
2520 2803 2679 2857 etiam
2725 2804 2776 2857 in
2812 2819 3033 2872 regnum
3084 2805 3447 2872 introducere,
3504 2808 3678 2864 multo

2075 2891 2246 2962 majus
2272 2902 2374 2959 est,
2403 2909 2561 2962 quam
2592 2904 2815 2948 mortem
2839 2895 3048 2949 solvere
3077 2914 3090 2949 :
3133 2895 3228 2950 sed
3261 2905 3315 2950 et
3337 2897 3466 2950 illud
3492 2906 3676 2952 tamen

2073 2997 2194 3040 cum
2235 2997 2497 3056 p0testate
2525 2996 2758 3057 prazstat.
2818 2987 3022 3043 Rursus
3064 2989 3209 3058 leges
3253 2987 3393 3044 ferre
3441 3005 3552 3044 non
3593 3001 3675 3045 εει

2073 3077 2454 3146 subjectorum,
2483 3079 2576 3133 sed
2608 3095 2790 3132 eorum
2818 3080 2906 3148 qui
2939 3089 3161 3149 regnant
3187 3097 3203 3134 :
3231 3091 3285 3134 et
3315 3079 3418 3135 hoc
3451 3082 3675 3150 quidem

2072 3171 2267 3224 clamat
2291 3171 2402 3240 ipsa
2428 3186 2605 3226 rerum
2637 3180 2822 3226 natura
2854 3188 2868 3223 :
2898 3187 3017 3226 cum
3047 3187 3228 3242 regum
3263 3182 3468 3227 tantum
3490 3175 3566 3229 sit
3596 3177 3674 3228 le-

2072 3277 2166 3332 ges
2203 3263 2430 3316 sciseere
2463 3279 2476 3314 :
2525 3261 2663 3332 quod
2695 3263 2867 3332 ipsum
2895 3277 3107 3332 quoque
3141 3266 3438 3336 Apostolus
3471 3263 3676 3318 indicat

2074 3351 2156 3406 his
2182 3351 2400 3406 verbis:
2447 3350 2526 3404 De
2568 3353 2848 3422 virginibus
2893 3363 3070 3410 autem
3121 3361 3431 3426 prec-cptum
3458 3351 3670 3407 Domini

2072 3459 2171 3496 non
2201 3442 2378 3506 habeo,
2405 3442 2668 3495 consilium
2687 3450 2852 3496 autent
2866 3442 2952 3507 do,
2982 3451 3237 3513 tamquam
3258 3443 3672 3497 misericordiam

2070 3542 2402 3603 consequutus
2439 3549 2472 3586 a
2511 3531 2753 3597 Domino,
2791 3544 2847 3586 ut
2871 3533 2966 3587 sint
2994 3533 3160 3600 ﬁdelis
3202 3532 3281 3604 (1.
3309 3531 3432 3588 Cor.
3467 3535 3521 3587 7.
3551 3534 3670 3604 25).

2068 3623 2200 3678 Nam
2232 3625 2352 3694 quia
2387 3638 2573 3679 servus
2598 3633 2712 3678 erat
2741 3633 2796 3680 et
2823 3624 3100 3690 minister,
3127 3639 3233 3678 non
3269 3633 3353 3679 est
3379 3638 3554 3681 ausus
3585 3626 3668 3688 iis,

2069 3729 2186 3784 quae
2233 3713 2302 3767 ab
2337 3715 2486 3768 initio
2529 3725 2793 3786 przccepta
2833 3715 3063 3782 fuerant,
3107 3714 3396 3784 quidquam
3442 3715 3666 3770 addere.

2068 3805 2313 3860 Christus
2348 3817 2527 3860 autem
2557 3822 2661 3861 non
2689 3808 2760 3862 ita
2785 3823 2799 3860 :
2836 3806 2930 3862 sed
2955 3823 3159 3862 summa
3188 3821 3311 3861 cum
3340 3808 3669 3862 auctoritate

2068 3895 2256 3950 recitat
2285 3895 2428 3965 leges
2447 3899 2711 3967 antiquas,
2743 3905 2798 3951 et
2823 3911 2946 3951 suas
2966 3895 3478 3951 rursusintroducit.
3510 3897 3669 3965 Quod

2068 3988 2113 4043 si
2139 3988 2452 4058 simpliciter
2485 3989 2629 4060 leges
2664 3987 2804 4044 ferre
2831 3990 2996 4044 solius
3040 3997 3121 4044 est
3165 3989 3328 4059 regia:
3380 3991 3671 4058 potestatis

2067 4094 2188 4134 cum
2210 4096 2314 4134 non
2342 4079 2500 4135 modo
2525 4081 2668 4151 leges
2686 4096 2807 4135 eum
2831 4079 2970 4135 ferre
2995 4090 3326 4149 compertum
3353 4078 3542 4146 fuerit,
3571 4080 3670 4135 sed

2067 4171 2226 4224 etiam
2256 4180 2464 4225 veteres
2493 4171 2796 4236 emendare,
2835 4186 2955 4240 qua:
2999 4168 3209 4224 tandem
3255 4171 3474 4224 occasio
3504 4171 3671 4226 relin-

2067 4271 2260 4333 quetur
2285 4262 2371 4328 iis,
2399 4263 2489 4332 qui
2515 4263 2780 4318 voluerint
2807 4248 3143 4332 impudenter
3166 4261 3442 4317 adversari
3467 4264 3492 4316 ?
3522 4263 3670 4319 Satis

2067 4357 2208 4410 enim
2235 4369 2299 4410 ex
2332 4354 2434 4408 hoc
2466 4354 2632 4424 liquet
2657 4369 2779 4408 eum
2805 4353 3043 4424 ejusdem
3064 4368 3183 4408 esse
3201 4368 3323 4407 cum
3345 4352 3513 4409 Patre
3539 4354 3671 4408 sub-

2067 4447 2296 4501 stantia3.

2137 4557 2190 4612 4.
2226 4557 2444 4621 Verum,
2477 4565 2534 4610 ut
2565 4557 2613 4611 id
2655 4556 2796 4627 quod
2825 4556 2944 4612 dico
2974 4556 3307 4612 manifestius
3335 4558 3555 4626 evadat,
3598 4561 3666 4616 ad

2067 4649 2238 4719 ipsum
2267 4651 2556 4720 Scriptura:
2587 4650 2758 4703 locum
2786 4650 3060 4704 veniamus
3089 4649 3300 4721 (Matth.
3329 4650 3387 4705 5.
3414 4651 3497 4718 i).
3528 4652 3666 4707 Cum

2067 4739 2394 4794 ascendisset
2423 4741 2476 4793 in
2519 4749 2774 4805 montem,
2811 4741 3001 4812 inquit,
3043 4740 3283 4807 sedebat,
3326 4751 3383 4796 et
3419 4745 3664 4798 circnm-

2067 4831 2329 4886 stantibus
2357 4831 2603 4885 omnibus
2629 4831 2793 4901 caapit
2833 4831 3013 4887 dicere
3037 4849 3049 4884 :
3077 4832 3234 4889 Beati
3263 4843 3527 4900 pauperes
3560 4832 3670 4895 spt-

2067 4918 2194 4984 ritu,
2225 4917 2394 4986 mites,
2436 4919 2814 4982 misericordes,
2829 4918 3009 4972 mundi
3047 4918 3203 4973 corde
3241 4932 3259 4970 :
3313 4920 3516 4975 deinde
3543 4935 3660 4990 post

2067 5009 2185 5064 illas
2211 5009 2559 5065 beatitudines
2588 5011 2662 5064 ait
2689 5028 2702 5064 :
2729 5007 2901 5064 Nolite
2925 5019 3123 5079 putare,
3149 5010 3388 5077 quoniam
3416 5011 3535 5064 veni
3560 5018 3668 5068 sol-

2066 5120 2177 5158 vere
2205 5105 2383 5174 legem,
2411 5111 2498 5156 aut
2525 5104 2797 5173 praphetas
2827 5117 2848 5156 :
2877 5119 2976 5156 non
2997 5103 3108 5156 ueni
3133 5106 3345 5166 solvere,
3378 5101 3471 5155 sed
3492 5103 3666 5156 aditu—-

2065 5199 2203 5266 plcre
2257 5195 2376 5270 (Ib.
2425 5212 2473 5251 tt.
2527 5197 2652 5267 l7).
2697 5197 2824 5263 Quis
2867 5197 3012 5250 enim
3047 5195 3150 5251 hoc
3193 5194 3500 5264 suspicatus
3546 5204 3654 5258 est,

2065 5301 2156 5344 aut
2207 5289 2333 5360 quid
2375 5305 2443 5344 ex
2492 5291 2556 5344 iis
2595 5306 2713 5360 qua:
2751 5290 2891 5344 dicta
2923 5291 3148 5351 fuerant.
3195 5289 3532 5344 contrarium
3566 5289 3661 5344 fuit

2067 5381 2352 5449 prioribus,
2379 5389 2437 5435 ut
2461 5381 2562 5436 hoc
2581 5381 2825 5437 diceret?
2855 5379 3025 5444 Beati,
3053 5381 3241 5452 inquit,
3273 5398 3530 5451 pauperes
3548 5384 3658 5451 spi—

2062 5473 2162 5526 ritu
2219 5471 2336 5543 (Ib.
2394 5489 2442 5527 v.
2483 5474 2575 5539 5),
2615 5475 2715 5529 Ιιοε
2763 5484 2869 5542 est,
2922 5473 3151 5528 humiles
3191 5489 3206 5527 :
3259 5474 3407 5543 atqui
3447 5473 3661 5530 dixerat

2066 5562 2166 5618 hoc
2195 5581 2406 5634 quoque
2427 5576 2577 5621 vetus
2606 5574 3007 5620 testamentum.
3038 5566 3362 5634 Sacriﬁcium
3387 5569 3528 5619 enirn
3555 5567 3660 5619 Dm

2063 5656 2269 5726 spiritus
2295 5657 2682 5722 coutribulatus,
2711 5673 2800 5711 cor
2817 5668 3088 5712 contritum
3103 5668 3148 5711 et
3175 5658 3503 5710 humiliantur
3530 5653 3666 5708 Dus

2067 5762 2166 5801 non
2205 5747 2444 5813 despiciet
2472 5746 2640 5820 (Psal.
2671 5749 2760 5804 50.
2791 5749 2902 5817 19).
2947 5749 3012 5804 Et
3049 5761 3255 5816 rursus.
3296 5747 3440 5803 Beati
3472 5747 3658 5799 m‘tes:
