3854 6222
206 202 313 257 787

205 315 343 375 [δοις
364 308 531 363 αὐτὸν
559 305 913 362 ἐπιτελοῦντά
940 323 1044 361 που
1076 308 1169 361 καὶ
1209 308 1603 377 φθεγγόμενον.
1634 302 1791 362 Οὐτω

203 407 305 462 καὶ
335 403 537 466 πολλὰς
561 401 671 455 τῶν
697 401 875 472 εὐχῶν
904 400 1014 454 ἀπὸ
1044 401 1142 471 τῆς
1177 400 1348 471 αὐτῆς
1388 400 1627 454 ἐπιτελεῖ
1650 398 1793 469 γνώ-

208 516 339 570 μης.
372 495 485 549 Kal
508 493 617 567 γὰρ
648 493 953 566 προσῆλθον
984 492 1135 562 αὐτῷ
1158 492 1424 560 λέγοντες,
1454 493 1652 560 Κύριε,
1704 490 1793 544 δί-

203 590 398 654 δαξον
623 586 1091 656 προσεύχεσθαι,
1124 584 1328 653 ὥσπερ
1372 584 1642 652 Ἰωάννης
1673 583 1791 638 ἐδί-

202 681 355 746 δαξε
406 678 551 746 τοὺς
596 678 873 749 μαθητὰς
931 677 1139 732 αὐτοῦ.
1202 678 1269 731 Τί
1298 672 1404 732 οῦν
1440 664 1589 750 [552]
1624 678 1790 750 ἐχρῆν

201 774 406 837 ποιεῖν,
435 770 560 826 εἰπέ
602 787 729 841 μοι;
762 771 840 842 μὴ
887 768 1098 834 διδάξαι
1125 768 1322 833 αὐτοὺς
1346 768 1742 841 προσεύχεσθαι
1770 786 1786 834 ;

216 864 381 919 Ἀλλὰ
398 850 489 919 διὰ
516 862 676 917 τοῦτο
694 858 882 933 ἦλθεν,
900 862 989 917 ἴνα
1011 862 1094 926 εις
1118 862 1299 917 πᾶσαν
1324 860 1520 925 αὐτοὺς
1544 861 1787 931 ἐναγάγιι

202 957 548 1029 φιλοσοφίαν.
581 949 728 1011 Ἀλλ’
764 955 941 1027 ἐχρῆν
975 953 1228 1022 διδάξαις
1277 938 1490 1009 Οὐκοῦν
1530 940 1788 1022 εὐξασθαι

200 1050 336 1108 ἔδει.

286 1165 428 1219 Ἀλλ’
457 1164 563 1220 ἔδει
587 1164 793 1237 ῥήματι
816 1163 977 1220 τοῦτο
996 1156 1157 1239 μόνον
1174 1151 1417 1238 ποιῆσαι,
1436 1166 1622 1238 φησιν.
1644 1165 1786 1220 Ἀλλ’

198 1257 303 1326 οὐχ
331 1256 504 1320 οὕτως
537 1258 573 1327 ἡ
611 1256 700 1311 διὰ
728 1256 840 1312 τῶν
870 1259 1157 1330 ῥημάτων.
1185 1258 1319 1329 ὼςή
1354 1257 1444 1312 διὰ
1476 1258 1587 1311 τῶν
1644 1260 1788 1329 πρα-

201 1350 431 1419 γμάτων
453 1349 773 1405 διδασκαλία
798 1352 927 1415 τοὺς
947 1350 1422 1422 μαθητευομένους
1436 1350 1650 1417 ἐνάγειν
1666 1352 1788 1404 εἰω-

203 1443 289 1495 θει
335 1440 437 1495 Διά
456 1457 541 1494 τοι
569 1440 731 1495 τοῦτο
759 1441 882 1512 οὐχὶ
914 1442 1151 1499 διδάσκει
1196 1444 1395 1507 αὐτοὺς
1422 1443 1589 1514 εὐχὴν
1624 1443 1787 1513 μόνον

199 1533 301 1604 τὴν
326 1533 414 1587 διὰ
437 1532 549 1586 τῶν
580 1521 861 1605 ῥημάτων,
888 1534 1025 1588 ἀλλὰ
1062 1534 1157 1589 καὶ
1184 1534 1343 1599 αὐτὸς
1370 1534 1601 1589 διατελεῖ
1628 1534 1787 1587 τοῦτο

200 1625 397 1691 ποιῶν,
432 1624 527 1678 καὶ
551 1623 770 1695 εὔχεται
785 1616 1218 1698 διανυκτερεύων
1246 1628 1305 1680 ἐν
1340 1629 1463 1691 ταῖς
1490 1618 1749 1699 ἐρημίαις
1767 1663 1784 1691 ,

203 1718 355 1789 ἡμᾶς
386 1716 658 1771 παιδεύων
674 1718 769 1771 xal
796 1718 1084 1783 νουθετῶν,
1121 1720 1342 1773 ἐπειδὰν
1365 1706 1648 1791 μέλλωμεν
1673 1721 1788 1789 όμι-

203 1807 320 1861 ἳείν
340 1806 419 1878 τῷ
446 1806 584 1878 Θεῷ,
615 1807 839 1877 φεύγειν
877 1808 1139 1880 θορύὸους
1170 1808 1389 1873 καὶτὰς
1426 1811 1485 1862 ἐν
1517 1809 1667 1880 μέσῳ
1692 1826 1788 1862 τα-

203 1899 399 1971 ραχὰς,
434 1900 680 1971 καὶπρὸς
710 1900 947 1971 ἐρημίαν
979 1902 1301 1972 ἀναχωρεῖν,
1326 1900 1449 1970 οὐχί
1478 1899 1661 1955 τόπων
1692 1901 1786 1972 μόδ

198 2011 313 2056 νον,
349 1992 485 2046 ἀλλὰ
533 1994 629 2045 καὶ
660 1993 886 2063 καιρῶν.
932 1990 1168 2064 Ἐρημία
1196 1993 1253 2046 δὲ
1299 1992 1422 2063 οὐχὶ
1460 1992 1587 2064 δρος
1623 1992 1785 2063 μόνον

196 2086 386 2147 ἐστὶν,
458 2083 595 2138 ἀλλά
658 2078 754 2138 καὶ
816 2070 1060 2149 οἰκίσκος
1116 2085 1367 2158 κραυγῆς
1432 2084 1785 2155 ἀπηλλαγμέ-

196 2196 309 2242 νος.

259 2301 331 2362 γ’.
350 2294 461 2347 Kal
478 2295 568 2349 ἴνα
592 2293 801 2365 μάθητε
821 2294 903 2347 ὅτι
935 2293 1395 2362 συγκαταδάσεὼς
1409 2295 1557 2348 ἐστιν
1570 2295 1605 2364 ή
1622 2295 1779 2367 εὐχὴ,

194 2388 441 2458 μάλιστα
474 2386 572 2458 μὲν
595 2387 689 2440 καὶ
722 2385 822 2457 ἤδη
846 2385 939 2438 διὰ
965 2385 1076 2438 τῶν
1091 2386 1222 2456 περὶ
1248 2385 1339 2439 τὸν
1367 2384 1617 2455 Λάζαρον
1644 2400 1783 2455 συμ-

189 2479 410 2532 ϐάντων
438 2478 831 2549 ἀπεδείξαμενο
867 2477 1006 2549 πλὴν
1027 2478 1162 2531 ἀλλὰ
1184 2478 1277 2530 καὶ
1312 2466 1577 2548 ἑτέρωθεν
1597 2478 1778 2548 δῆλον.

194 2571 356 2633 Τίνος
381 2570 489 2640 γὰρ
516 2570 705 2625 ἐνεκεν
732 2568 825 2624 ἐπὶ
852 2560 962 2623 τῶν
981 2570 1244 2640 μειζόνων
1274 2568 1373 2621 οὐκ
1403 2567 1621 2639 εὔχεται
1651 2570 1781 2623 θαυ-

196 2663 408 2733 μάτων,
457 2660 573 2715 ἀλλ’
614 2662 709 2714 ἐπὶ
734 2660 842 2714 τῶν
886 2654 1221 2725 ἐλαττόνων;
1274 2659 1339 2713 Εἰ
1389 2660 1499 2731 γὰρ
1527 2660 1782 2730 δεόμενος

194 2752 448 2823 βοηθείας
478 2750 677 2823 ηὔχετο
701 2753 795 2805 καὶ
813 2751 913 2805 οὐκ
949 2750 1088 2822 ἔχων
1120 2746 1382 2822 αὐτοτελῆ
1403 2747 1652 2821 δύναμιν,
1686 2753 1781 2806 ἐπὶ

194 2846 416 2899 πάντων
444 2844 696 2916 εὔχεσθαι
738 2845 846 2899 ἔδει
879 2836 1091 2898 καὶτὸν
1141 2840 1358 2915 Πατέρα
1393 2844 1578 2897 καλεῖν
1599 2861 1612 2874 ·
1649 2838 1780 2898 εἰδέ

190 2942 277 3013 μὴ
320 2942 415 2994 ἐπὶ
444 2941 682 3007 πάντων,
714 2942 819 2994 κᾶν
854 2941 946 2994 ἐπὶ
997 2939 1107 2993 τῶν
1157 2939 1440 3011 μειζόνων.
1478 2938 1593 2991 Νῦν
1633 2938 1689 2991 δέ
1719 2939 1781 2993 τὸ

195 3034 440 3088 ἐναντίον
471 3035 642 3087 ποιεῖ’
698 3032 793 3086 ἐπὶ
832 3031 943 3088 τῶν
991 3031 1256 3101 μειζόνων
1304 3032 1643 3101 πραγμάτων
1680 3031 1781 3084 οὐκ

192 3124 437 3195 εὔχεται,
469 3124 556 3177 ἵνα
585 3124 757 3195 δείξῃ,
791 3124 874 3176 ὅτι
903 3124 1031 3185 τοὺς
1081 3122 1274 3185 ἄλλους
1306 3121 1577 3175 παιδεύων
1623 3120 1781 3175 τοῦτο

194 3215 392 3277 ἐποίει,
422 3215 543 3284 οὐχὶ
570 3213 853 3283 δυνάμεως
884 3213 1158 3282 δεόμενος.
1194 3213 1323 3265 Ὀτε
1364 3209 1496 3280 γοῦν
1526 3213 1651 3275 τοὺς
1682 3211 1782 3283 ἄρ·

193 3326 321 3372 τους
349 3308 673 3378 εὐλόγησεν,
715 3304 1025 3374 ἀναϐλέψας
1063 3305 1142 3368 εἰς
1170 3303 1263 3357 τὸν
1292 3298 1525 3373 οὐρανὸν
1553 3300 1777 3373 ηὔξατο,

192 3402 343 3472 ἡμᾶς
373 3397 645 3454 παιδεύων
671 3393 951 3467 τραπέζης
991 3394 1064 3466 μὴ
1097 3393 1357 3465 πρότερον
1391 3394 1777 3471 ἀπογεύεσθαι,

192 3493 303 3555 ἕως
324 3492 390 3546 ἃν
413 3490 897 3561 εὐχαριστήσωμεν
921 3485 999 3557 τῷ
1036 3488 1162 3549 τούς
1183 3487 1428 3558 καρποὺς
1458 3486 1779 3556 πεποιηκότι

192 3582 343 3653 Θεῷ’
380 3584 477 3637 καὶ
507 3581 735 3644 πολλοὺς
785 3580 1016 3649 νεκροὺς
1056 3579 1387 3648 ἀναστήσας,
1418 3578 1518 3631 οὐκ
1554 3577 1776 3648 ηὐξατο,

192 3674 290 3728 ἐπὶ
313 3672 370 3726 δὲ
399 3672 649 3742 Λαζάρου
685 3669 866 3739 μόνον.
910 3669 1021 3722 Kal
1050 3668 1150 3738 τὴν
1178 3667 1358 3720 αἰτίαν
1396 3667 1518 3720 τότε
1553 3668 1773 3739 εἰρήκα-

199 3780 320 3835 μεν,
350 3764 434 3816 ὅτι
471 3763 571 3832 τὴν
593 3760 876 3816 ἀσθένειαν
902 3759 1013 3812 τῶν
1051 3758 1335 3829 παρόντων
1373 3756 1774 3827 διορθούμενος,

192 3856 265 3927 ἢν
303 3854 400 3908 καὶ
450 3852 611 3915 αὐτὸς
659 3848 802 3915 εἰπε,
853 3850 1045 3919 σαφῶς
1080 3848 1224 3904 οὕτω
1248 3848 1527 3921 προσθεὶς,
1575 3850 1656 3904 ὅτι
1682 3849 1780 3903 διὰ

188 3947 304 4002 τὸν
331 3945 520 4015 ὄχλον
544 3942 654 3998 τὸν
700 3940 1065 4011 περιεστῶτα
1114 3937 1308 3996 εἷπον.
1350 3940 1462 3994 Kal
1498 3941 1582 3994 ὅτι
1618 3942 1717 4010 οὐχ
1744 3942 1779 4012 ἡ

189 4037 353 4108 εὐχὴ,
387 4034 504 4090 ἀλλ’
535 4036 569 4105 ὴ
602 4036 755 4105 φωνὴ
781 4034 873 4088 τὸν
905 4034 1099 4105 νεκρὸν
1121 4034 1364 4103 ἤγειρεν,
1429 4032 1628 4095 ἱκανῶς
1669 4034 1778 4086 ἀπ*

191 4130 477 4199 εδείξαμιν
518 4126 672 4180 τότε·
694 4126 790 4180 καὶ
855 4127 945 4180 ῖνα
994 4126 1171 4198 μάθῃς
1204 4123 1363 4178 τοῦτο
1408 4123 1777 4195 σαφέστερον,

191 4223 317 4293 ὅρα.

260 4337 437 4392 Ὅταν
466 4336 576 4408 γὰρ
601 4334 853 4399 κολάζειν
885 4332 1000 4403 δέῃ,
1028 4331 1123 4385 καὶ
1156 4332 1283 4385 ὅταν
1310 4332 1501 4402 τιμᾷν,
1528 4329 1625 4385 καὶ
1651 4331 1778 4385 ὅταν

193 4430 570 4501 ἁμαρτήματα
596 4426 837 4495 ἀφιέναι,
868 4424 963 4479 καὶ
994 4424 1121 4477 ὅταν
1148 4422 1480 4493 νομοθετεῖν,
1515 4422 1611 4476 καί
1648 4423 1777 4477 ὅταν

190 4540 250 4575 τι
280 4522 387 4575 τῶν
414 4518 594 4590 πολλῷ
628 4516 891 4589 μειζόνων
922 4516 1020 4587 δέῃ
1049 4516 1245 4576 ποιεῖν,
1271 4510 1507 4583 οὐδαμοῦ
1539 4513 1630 4566 τὸν
1662 4514 1775 4567 Πα-

192 4612 330 4682 τέρα
363 4608 632 4664 καλοῦντα
655 4607 819 4661 αὐτὸν
840 4606 1117 4677 εὑρήσεις,
1147 4603 1268 4656 οὐδὲ
1300 4602 1614 4674 εὐχόμενον,
1641 4602 1778 4657 ἀλλὰ

176 4704 341 4776 -μετά
362 4701 652 4764 αὐθεντίας
680 4700 899 4755 ᾶπαντα
931 4696 1261 4768 πράττοντα.
1287 4694 1399 4748 Kal
1418 4694 1623 4749 τούτων
1645 4694 1777 4750 ἐκα-

194 4811 324 4850 στον
354 4793 467 4862 ἐγὼ
500 4793 600 4865 μὲν
641 4789 1102 4861 άπαριθμήσομαι
1124 4804 1138 4818 ο
1190 4787 1259 4841 σύ
1299 4785 1357 4840 δὲ
1407 4785 1600 4841 σκόπει
1636 4786 1778 4856 μετὰ

192 4886 504 4958 ἀκριϐείας,
533 4883 653 4947 πῶς
687 4879 925 4952 οὐδαμοῦ
942 4879 1125 4933 δεῖται
1150 4877 1337 4949 εὐχῆς.
1361 4877 1561 4941 Δεῦτε,
1589 4879 1774 4949 φησὶν,

191 4981 252 5033 οἱ
279 4974 672 5046 εὐλογημένοι
702 4971 812 5026 τοῦ
845 4972 1073 5039 Πατρός
1102 4986 1239 5037 μου,
1278 4968 1779 5037 κληρονομήσατε

199 5070 323 5138 τὴν
366 5066 824 5137 ἡτοιμασμένην
867 5063 1013 5133 ὑμῖν
1055 5061 1403 5127 βασιλείαν.
1452 5060 1558 5113 Kal
1588 5060 1776 5124 πάλιν,

194 5162 532 5228 Πορεύεσθε
547 5158 649 5213 ἀπ’
664 5155 833 5225 ἐμοῦ,
863 5157 918 5210 οἰ
937 5152 1357 5223 κατηραμένοι,
1383 5154 1470 5219 εἰς
1488 5151 1557 5205 τὸ
1577 5150 1695 5220 πῦρ
1710 5151 1778 5205 τό

197 5250 647 5320 ἡτοιμασμένον
676 5247 756 5313 τῷ
786 5246 1044 5311 διαϐόλῳ
1081 5246 1181 5299 καὶ
1216 5244 1342 5311 τοῖς
1366 5243 1642 5313 ἀγγέλοις
1673 5245 1779 5296 αὺ-

191 5343 326 5398 τοῦ.
372 5342 501 5396 ’1δού
528 5339 747 5403 κολάζει
776 5340 872 5393 καὶ
896 5339 1032 5409 τιμᾷ
1060 5336 1198 5408 μετὰ
1226 5335 1513 5398 αὐθεντίας
1537 5335 1793 5422 (Ξιπιίισης,1

192 5433 297 5489 καὶ
337 5433 503 5503 εὐπῖις
546 5431 806 5502 οὐδεμιᾶς
838 5429 1029 5482 δεῖται.
1080 5427 1273 5490 Πάλιν,
1316 5428 1445 5480 ὅταν
1487 5425 1777 5499 διορθῶσαι

195 5520 366 5592 σῶμα
397 5521 493 5594 δέῃ
525 5518 934 5590 διαλελυμένον.
976 5513 1269 5585 Ἐγερθεὶς
1294 5509 1444 5585 ἆρον
1468 5518 1575 5570 τὸν
1602 5516 1778 5584 κράϐ-

198 5611 383 5666 6ατόν
411 5625 552 5673 σου,
582 5610 684 5663 καὶ
721 5606 1027 5676 περιπάτει
1048 5623 1062 5636 ·
1090 5608 1219 5660 ὅταν
1264 5606 1571 5691 ἀπαλλάξαι
1610 5606 1798 5662 θανάο”

550 5700 825 5759 Ρηιιοι..
873 5698 989 5758 Gn.
1037 5696 1318 5757 XLVI”.
1618 5691 1623 5693 Α

994 186 1083 251 DE
1118 184 1375 253 CIIRIST
1380 195 1398 249 1
1435 189 1799 261 PBEClBUS,
1839 192 2122 252 CONTRA
2154 197 2632 259 ANOM(EOS.'1’.
2692 212 2732 231 "

3358 206 3467 265 788

1894 323 2010 371 του,
2048 309 2265 365 Ταλιθὰ
2311 312 2508 382 κοῦμι,
2548 312 2876 383 ἀνάστηθιο
2925 314 3054 371 ὅταν
3103 315 3469 390 ἐλευθερῶσαι

1893 399 2112 472 ἀμαρτη
2122 402 2330 471 μάτων,
2365 403 2603 473 Θάρσει,
2642 404 2879 473 τέκνον,
2909 407 3209 477 ἀφέωνταί
3245 423 3363 464 σου
3410 416 3473 466 al

1890 487 2169 557 ἁμαρτίαι
2189 505 2206 522 ο
2239 491 2367 544 ὅταν
2414 493 2740 565 ἐπιτιμῆσαι
2766 495 3008 566 δαίμοσι,
3040 496 3144 551 Σοὶ
3185 498 3362 566 λέγω,
3403 500 3471 552 τὸ

1892 578 2162 645 πονηρὸν
2195 578 2526 650 δαιμόνιον,
2563 583 2774 650 ἔξελθε
2801 586 2902 639 ἀπ’
2934 588 3153 643 αὐτοῦ’
3188 588 3321 642 ὅταν
3369 604 3472 641 καο

1888 669 2169 723 ταστεῖλαι
2196 672 2298 744 τὴν
2346 673 2643 740 θάλασσαν,
2688 676 2907 744 Σιώπα,
2953 679 3296 749 πεφίμωσο·
3343 680 3471 733 ὅταν

1891 760 2132 832 καθᾶραί
2179 781 2302 819 τινα
2338 765 2517 839 λέπρᾳ
2556 768 2938 840 κατεχόμενον,
2987 770 3172 834 Θέλω,
3224 772 3470 839 καθαρί-

1890 852 2065 918 σθητι
2084 867 2098 880 ’
2139 852 2268 907 ὅταν
2314 856 2696 929 νομοθετῆσαι,
2741 857 3074 914 Ἠκούσατε
3115 859 3207 913 ὅτι
3258 859 3468 929 ἐρρέθη

1892 940 2044 1015 [533]
2074 944 2202 1011 τοῖς
2243 946 2536 1017 ἀρχαίοις,
2559 952 2643 1003 Οὐ
2688 954 3042 1022 φονεύσειςο
3070 950 3185 1021 ἐγὼ
3216 949 3285 1004 δὲ
3313 950 3469 1020 λέγω

1888 1030 2052 1099 ὑμῖν,
2084 1036 2183 1102 ’ος
2200 1035 2278 1091 ἂν
2295 1033 2436 1103 eum
2450 1034 2531 1103 τῷ
2544 1036 2787 1108 ἀδελφῷ
2800 1041 3013 1110 αὐτοῦ,
3035 1038 3222 1107 Μωρέ,
3253 1038 3468 1107 ἔνοχος

1888 1120 2064 1177 ἔσται
2099 1125 2184 1192 εἰς
2213 1125 2331 1193 τὴν
2376 1125 2633 1196 γέενναν
2679 1129 2788 1185 τοῦ
2829 1132 3039 1199 πυρός.
3086 1125 3241 1193 Εἶδες
3289 1127 3467 1182 πάντα

1891 1214 2030 1283 μετὰ
2060 1215 2348 1281 αὐθεντίας
2375 1216 2633 1274 ποιοῦντα
2652 1219 2999 1293 δεσποτικῆς,
3018 1221 3114 1276 καὶ
3136 1221 3216 1285 εἰς
3245 1219 3468 1289 γέενναν

1885 1305 2243 1374 ἐκϐάλλοντα,
2282 1310 2377 1363 καὶ
2407 1311 2490 1374 εἰς
2516 1309 2800 1381 βασιλείαν
2830 1314 3139 1383 εἰσάγοντα,
3172 1312 3268 1367 καὶ
3289 1309 3468 1383 παρά-

1887 1396 2043 1452 λυσιν
2083 1398 2490 1472 διορθούμενον,
2521 1404 2616 1458 καὶ
2661 1404 2744 1467 εἰς
2790 1403 3021 1460 θάνατον
3070 1402 3465 1464 ἀπελαύνοντα,

1888 1490 1987 1543 καὶ
2012 1489 2289 1561 ἁμαρτίας
2312 1494 2569 1562 ἀφιέντα,
2599 1495 2695 1550 καὶ
2716 1496 2969 1566 δαίμοσιν
2989 1493 3349 1567 ἐπιτιμῶντα,
3370 1494 3468 1548 καὶ

1887 1580 1986 1652 τὴν
2015 1581 2287 1637 θάλατταν
2311 1586 2777 1654 καταστέλλοντας
2810 1589 3004 1643 Καίτοι
3032 1590 3085 1643 τί
3113 1589 3317 1660 μεῖξον,
3344 1585 3469 1642 εἰπέ

1890 1689 2005 1741 μοι,
2038 1675 2119 1738 εἰς
2150 1666 2428 1745 βασιλείαν
2451 1680 2788 1749 εἰσαγαγεῖν,
2819 1682 2914 1735 καὶ
2938 1683 3017 1745 εἰς
3042 1680 3265 1750 γέενναν
3295 1679 3469 1751 ἐμϐα-

1886 1760 2020 1826 λεῖν,
2057 1765 2153 1818 καὶ
2182 1766 2461 1837 ἁμαρτίας
2494 1770 2738 1838 ἀφιέναι,
2771 1768 2865 1823 καὶ
2898 1772 3094 1840 νόμους
3121 1770 3293 1824 θεῖναι
3322 1768 3467 1841 μετὰ

1885 1853 2193 1923 αὐθεντίας,
2220 1857 2253 1927 ἢ
2279 1858 2478 1929 ἄρτους
2505 1856 2764 1931 ποιῆσαι;
2798 1861 2899 1915 οὐκ
2921 1860 3143 1933 εὔδηλον
3181 1850 3275 1916 καὶ
3311 1862 3463 1932 ὠμο-

1885 1943 2185 2017 λογημένον
2225 1936 2451 2013 ἅπασιν,
2487 1951 2567 2003 ὅτι
2601 1950 2773 2004 ταῦτα
2807 1952 3032 2006 ἐκείνων
3063 1952 3271 2024 μείζως
3322 1952 3464 2006 Ἀλλ’

1884 2036 2034 2108 ὅμως
2059 2040 2152 2091 ἐπὶ
2184 2039 2295 2095 τῶν
2337 2038 2602 2112 μειζόνων
2632 2044 2733 2097 οὐκ
2758 2043 2998 2115 εὐχεται,
3027 2045 3240 2109 δεικνὺς
3266 2046 3347 2099 ὅτι
3369 2045 3464 2099 καὶ

1883 2130 1978 2184 ἐπὶ
2005 2130 2114 2185 τῶν
2146 2132 2446 2189 ἐλαττόνων
2477 2136 2539 2189 οὐ
2572 2132 2641 2190 δι⁶
2670 2137 2958 2192 ἀσθένειαν
2998 2137 3278 2210 δυνάμεως
3306 2137 3465 2197 τοῦτο

1883 2222 2080 2289 ἐποίει,
2132 2224 2273 2279 ἀλλὰ
2317 2225 2408 2280 διὰ
2455 2227 2805 2283 διδασκαλίαν
2842 2228 2950 2284 τῶν
2990 2229 3113 2283 τότε
3158 2229 3461 2301 παρόντων.

1883 2313 1993 2368 Kal
2019 2315 2106 2369 ἵνα
2132 2316 2334 2389 μάθῃς,
2364 2319 2488 2373 ὅσον
2504 2318 2652 2375 ἐστὶν
2681 2321 2954 2393 ἁμαρτίας
2974 2322 3215 2390 ἀφιέναι,
3230 2322 3466 2393 παράγω

1884 2412 1966 2459 σοι
1993 2406 2247 2480 μάρτυρα
2271 2408 2362 2462 τὸν
2388 2413 2677 2483 προφήτην
2697 2430 2710 2445 ·
2736 2414 2950 2479 οὐδενὸς
2972 2413 3081 2486 γὰρ
3100 2414 3289 2487 ἐτέρου
3309 2414 3466 2469 τοῦτο

1880 2498 2154 2553 δείκνυσιν
2196 2502 2225 2554 ό
2255 2504 2562 2574 προφήτης,
2600 2505 2634 2576 ἢ
2666 2505 2761 2559 τοῦ
2806 2506 2944 2561 Θεοῦ
2978 2507 3165 2578 μόνου.
3218 2508 3314 2573 Τίς
3353 2508 3464 2576 γὰρ

1884 2590 2048 2657 Θεὸς,
2072 2592 2260 2663 φησὶν,
2282 2591 2484 2663 ὥσπερ
2501 2595 2605 2657 σὺ,
2622 2595 2877 2665 ἐξαίρων
2893 2597 3164 2668 ἀνομίας,
3186 2598 3465 2667 ὑπερϐαί-

1880 2697 2004 2734 νων
2043 2682 2318 2751 ἀδικίας;
2362 2685 2474 2740 Kal
2505 2686 2568 2739 τὸ
2595 2689 2675 2750 εἰς
2725 2687 3005 2757 βασιλείαν
3052 2688 3109 2742 δέ
3142 2689 3464 2758 εἰσαγαγεῖν

1879 2772 1976 2826 τοῦ
2004 2768 2095 2829 τὸν
2119 2773 2349 2830 θάνατον
2373 2775 2532 2831 λῦσαι
2562 2778 2742 2850 πολλῷ
2774 2778 2956 2850 μεῖζόν
2982 2782 3099 2834 ἐστι
3118 2797 3131 2811 ο
3174 2780 3291 2834 ἀλλ’
3312 2781 3464 2852 ὅμως

1882 2866 2105 2919 κάκεῖνο
2137 2870 2255 2937 μετ’
2300 2866 2551 2935 ἐξουσίας
2586 2870 2752 2924 ποιεῖ.
2795 2872 2907 2925 Kal
2948 2871 3009 2925 τὸ
3041 2872 3354 2943 νομοθετεῖν
3380 2872 3460 2935 δέ,

1880 2957 1942 3010 οὐ
1969 2956 2080 3010 τῶν
2105 2955 2583 3031 ὑποτεταγμένων,
2609 2962 2747 3017 ἀλλὰ
2771 2962 2879 3017 τῶν
2902 2962 3296 3033 βασιλευόντων
3311 2962 3461 3017 ἐστί’

1880 3049 1976 3102 καὶ
2008 3048 2170 3104 τοῦτο
2209 3049 2311 3122 βοᾷ
2354 3052 2454 3123 μὲν
2493 3053 2633 3124 αὐτὴ
2665 3054 2776 3109 τῶν
2806 3055 3153 3126 πραγμάτων
3190 3058 3223 3126 ὴ
3255 3055 3421 3125 φύσις
3444 3070 3457 3083 ·

1882 3137 2148 3208 βασιλέων
2193 3141 2304 3212 γὰρ
2343 3142 2506 3213 μόνον
2550 3145 2668 3198 ἐστί
2697 3144 2910 3201 τιθέναι
2958 3146 3188 3217 νόμους’
3222 3146 3462 3207 δείκνυσι

1879 3227 1937 3284 δέ
1969 3230 2062 3284 καὶ
2080 3232 2110 3285 ό
2133 3231 2477 3298 Ἀπόστολος,
2503 3232 2648 3291 οὕτω
2665 3237 2841 3306 λέγων
2863 3254 2876 3269 ο
2908 3238 3050 3307 Περί
3071 3238 3141 3292 δὲ
3171 3236 3289 3294 τῶν
3309 3254 3458 3307 παρ-

1881 3320 2071 3376 θένων
2110 3322 2405 3393 ἐπιταγὴν
2433 3327 2653 3395 Κυρίου
2690 3330 2802 3383 οὐκ
2825 3331 2966 3399 ἔχω,
2994 3330 3237 3399 γνώμην
3271 3329 3340 3383 δὲ
3375 3330 3462 3383 δίο

1880 3408 2026 3479 δωμι
2070 3412 2153 3479 ὡς
2196 3410 2533 3482 ἠλεημένος
2581 3416 2702 3473 ὕπὸ
2740 3420 2964 3486 Κυρίου
3019 3419 3236 3486 πιστὸς
3283 3415 3457 3475 εἷναι.

1894 3500 2113 3574 Ἐπειδὴ
2159 3502 2269 3574 γὰρ
2296 3503 2481 3568 δοῦλος
2511 3500 2580 3577 ἦν
2628 3506 2722 3560 καὶ
2764 3506 3032 3577 διάκονος,
3057 3511 3157 3563 οὐκ
3193 3509 3459 3581 ἐτόλμησε

1880 3591 2201 3662 προσθεῖναι
2228 3596 2342 3656 τοῖς
2364 3594 2423 3663 ἐξ
2455 3596 2633 3667 ἀρχῆς
2656 3597 3120 3669 νομοθετηθεῖσιν.
3160 3601 3218 3654 ’0
3239 3600 3296 3654 δέ
3327 3602 3461 3673 Χρι-

1882 3681 2007 3745 στὸς
2039 3683 2140 3753 οὐχ
2183 3683 2378 3751 οὕτως,
2414 3686 2553 3740 ἀλλὰ
2605 3690 2747 3759 μετὰ
2793 3689 2994 3760 πολλῆς
3033 3690 3135 3757 τῆς
3174 3691 3460 3757 αὐθεντίας

1880 3773 2008 3836 τούς
2050 3774 2318 3839 παλαιοὺς
2354 3777 2725 3846 ἀναγινώσκει
2772 3781 2994 3851 νόμους,
3037 3782 3289 3846 καὶτοὺς
3326 3785 3458 3854 παρ’

1879 3862 2048 3917 αὐτοῦ
2072 3864 2235 3918 πάλιν
2267 3867 2501 3935 εἰσάγει.
2535 3868 2599 3921 Εἰ
2619 3868 2677 3922 δὲ
2701 3869 2764 3922 τὸ
2795 3869 2992 3941 νόμους
3018 3871 3456 3935 ἁπλῶςιτιθέναι.

1884 3954 2169 4027 βασιλικῆς
2193 3957 2353 4028 μόνον
2383 3960 2532 4014 ἐστὶν
2560 3960 2831 4026 ἐξουσίας.
2871 3963 2999 4018 ὅταν
3028 3960 3348 4034 εὐρίσκηται
3380 3967 3457 4036 μὴ

1884 4047 2045 4116 μόνον
2089 4048 2289 4118 νόμους
2318 4049 2493 4113 τιθεὶς
2542 4044 2719 4117 οὗτος,
2751 4052 2890 4106 ἀλλὰ
2913 4053 3009 4108 καὶ
3036 4055 3163 4119 τοὺς
3186 4054 3455 4121 παλαιούς

1877 4138 2279 4211 διορθούμενος,
2295 4140 2380 4204 τίς
2398 4139 2752 4197 ὑπολείπεται
2777 4142 2937 4212 λόγος
2949 4145 3061 4208 τοῖς
3081 4144 3459 4217 ἀναισχυντεῖν

1880 4230 2257 4303 βουλομένοιςς
2303 4232 2437 4285 Ἀπὸ
2458 4234 2565 4306 γὰρ
2598 4234 2790 4288 τούτου
2823 4234 3001 4306 δῆλον,
3032 4235 3116 4289 δτι
3152 4235 3258 4307 τῆς
3289 4237 3457 4309 αὐτῆς

1876 4321 2067 4387 οὐσίας
2102 4322 2221 4375 ἐστί
2249 4322 2328 4394 τῷ
2356 4325 2731 4395 γεγεννηκότι.

1942 4512 2061 4566 .Kal
2088 4512 2175 4566 ῖνα
2203 4513 2537 4584 σαφέστερον
2571 4513 2599 4566 ὃ
2627 4513 2773 4583 λέγω
2805 4512 3053 4584 γένηται,
3083 4513 3170 4568 ἐπ’
3195 4515 3326 4569 αὐτὸ
3352 4516 3455 4587 τῆς

1879 4604 2101 4674 Γραφῆς
2144 4602 2391 4675 ἔλθωμεν
2422 4603 2485 4665 τὸ
2526 4605 2747 4677 χωρίον.
2795 4603 3060 4658 ’Δνελθὼν
3089 4606 3168 4669 εἰς
3214 4605 3276 4659 τδ
3305 4607 3454 4678 δρος,

1879 4694 2063 4763 φησιν,
2098 4693 2355 4762 ἐκάθητο,
2406 4695 2503 4749 καί
2548 4694 2933 4765 περιεστώτων
2973 4695 3195 4751 πάντων
3250 4698 3455 4769 ἧρξατο

1878 4784 2078 4853 λέγειν·
2100 4784 2389 4853 Μακάριοι
2409 4787 2464 4838 οὶ
2478 4785 2699 4853 πτωχοί
2718 4784 2799 4851 τῷ
2813 4787 3128 4855 πνεύματι,
3149 4789 3204 4841 οι
3224 4789 3452 4857 πραεῖς,

1878 4877 1932 4929 οὶ
1982 4874 2329 4944 ἐλεήμονες,
2365 4877 2420 4930 οἰ
2471 4874 2715 4944 καθαροί
2755 4874 2833 4944 τῇ
2871 4877 3107 4946 καρδία.
3153 4871 3287 4933 Εἶτα
3316 4881 3457 4952 μετὰ

1876 4968 2005 5029 τούς
2034 4967 2422 5039 μακαρισμούς
2447 4966 2691 5032 ἐκείνους
2714 4966 2862 5037 λέγει
2878 4984 2893 4998 ·
2919 4968 3019 5037 Μὴ
3046 4970 3337 5038 νομίσητε
3362 4972 3453 5025 ὅτι

1877 5055 2069 5127 ἦλθον
2093 5056 2432 5112 καταλῦσαι
2476 5058 2584 5113 τὸν
2614 5060 2804 5129 νόμον
2838 5060 2877 5129 ἢ
2916 5059 3060 5127 τοὺς
3096 5063 3408 5131 προφήτας
3430 5081 3446 5095 ·

1878 5152 1989 5205 οὐκ
2017 5146 2210 5221 ἦλθον
2236 5152 2597 5216 καταλῦσαι,
2635 5151 2798 5207 ἀλλὰ
2835 5151 3172 5221 πληρῶσαι.
3222 5153 3319 5214 Τίς
3342 5153 3451 5225 γὰρ

1877 5241 2039 5295 τοῦτο
2078 5241 2469 5309 ὐπὼπτευσεν;
2503 5242 2536 5313 ἢ
2568 5242 2622 5295 τί
2658 5242 2767 5296 τῶν
2795 5243 3103 5314 εἰρημένων
3122 5244 3360 5297 ἐναντίον
3383 5238 3456 5314 ἦν

1877 5336 1990 5397 τοῖς
2013 5334 2318 5405 προτέροις,
2350 5334 2438 5388 ἵνα
2461 5333 2618 5388 τοῦτο
2648 5336 2812 5407 εἴπῃς
2843 5333 3155 5404 Μακάριοι,
3184 5334 3373 5406 φησὶν,
3397 5336 3455 5390 οι

1879 5423 2101 5494 πτωχοὶ
2128 5424 2209 5490 τῷ
2238 5426 2551 5495 πνεύματι,
2585 5426 2885 5492 τουτέστιν,
2917 5427 2968 5479 οἰ
3005 5426 3452 5496 ταπεινόφρονες.

1892 5516 2049 5571 Ἀλλὰ
2067 5515 2226 5571 τοῦτο
2248 5518 2342 5572 καὶ
2366 5518 2400 5588 ἡ
2429 5518 2639 5572 Παλαιὰ
2673 5513 2795 5572 εἷπε
2815 5534 2831 5550 ο
2861 5518 3054 5572 Θυσία
3086 5518 3198 5587 γὰρ
3227 5517 3306 5584 τῷ
3330 5515 3454 5582 Θεῷ

1880 5607 2117 5679 πνεῦμα
2135 5609 2662 5679 συντετριμμένον·
2678 5608 2929 5678 καρδίαν
2943 5602 3452 5679 συντετριμμένην
