3826 6222
441 141 544 215 789

437 272 532 324 καί
561 266 1076 336 τεταπεινωμένην
1099 267 1131 319 ὁ
1148 265 1294 334 Θεὸς
1321 268 1433 320 οὐκ
1453 265 1871 331 ἐξουδενώσει.
1908 267 2021 320 Καὶ

439 356 631 410 πάλιν·
664 351 952 418 Μακάριοι
977 353 1031 403 οἱ
1063 350 1289 416 πραεῖς.
1315 350 1434 403 Καὶ
1465 347 1624 402 τοῦτο
1662 347 1889 410 Ἡσαΐας
1917 348 2018 401 πάι

437 442 520 494 λιν
553 439 662 508 βοᾷ,
702 437 768 488 ἐκ
813 435 1108 507 προσώπου
1159 432 1255 486 τοῦ
1295 432 1432 486 Θεοῦ
1466 431 1674 499 λέγων·
1729 433 1853 484 Ἐπὶ
1887 432 2023 485 τίνα

435 520 764 589 ἐπιϐλέψαι,
788 521 925 574 ἀλλ’
949 519 988 584 ἢ
1022 516 1122 570 ἐπὶ
1146 516 1252 570 τὸν
1276 514 1475 583 πρᾶον
1506 514 1605 569 καί
1631 515 1895 585 ἡσύχιον
1921 519 2020 571 καὶ

435 607 728 675 τρέμοντα
748 621 869 673 μου
897 601 1036 667 τοὺς
1079 601 1341 669 λόγους;
1366 599 1660 668 Μακάριοι
1691 602 1744 653 οί
1771 600 2022 670 ἐλεήμο-

434 707 556 756 νες.
619 688 730 742 Kal
773 686 932 739 τοῦτο
974 683 1134 737 πάλιν
1183 682 1460 753 πανταχοῦ
1515 683 1868 754 διέσπαρται·
1922 685 2020 754 Μὴ

433 769 862 837 ἀποστερήσῃς
891 767 1022 836 γὰρ,
1061 767 1247 835 φησὶν,
1277 765 1393 834 τὴν
1427 765 1583 834 ζωὴν
1615 765 1724 820 τοῦ
1757 767 2017 837 πτωχοῦ,

431 854 638 922 ἱκέτην
667 853 1024 920 θλιϐόμενον
1055 848 1136 918 μὴ
1171 851 1511 905 ἀπαναίνου
1530 866 1543 880 ·
1568 851 1662 903 καὶ
1683 851 1851 915 πολὺς
1881 869 2018 906 παν-

431 937 597 1008 ταχοῦ
627 937 758 1007 περὶ
791 932 1206 1004 φιλανθρωπίας
1237 933 1386 986 ἐστὶν
1413 933 1443 986 6
1469 932 1646 1001 λόγος.
1695 932 1788 1004 [55
1800 933 1846 1005 ι]
1897 938 2018 991 Ma.

431 1023 620 1088 κάριοι
651 1023 704 1074 οἱ
735 1017 984 1086 καθαροὶ
1028 1015 1105 1084 τῇ
1146 1015 1385 1084 καρδίᾳ.
1423 1013 1596 1069 Τοῦτο
1648 1017 1742 1069 καὶ
1780 1018 1809 1068 6
1856 1018 2018 1071 Δαυῖδ

431 1120 593 1174 φησι·
628 1101 896 1170 Καρδίαν
932 1098 1204 1166 καθαρὰν
1238 1098 1456 1151 κτίσον
1486 1098 1556 1151 ἐν
1586 1099 1736 1168 ἐμοὶ,
1779 1102 1812 1152 ό
1847 1099 2014 1166 Θεὸς,

431 1189 533 1242 καί
584 1186 821 1254 πνεῦμα
865 1183 1039 1249 εὐθὲς
1075 1183 1425 1252 ἐγκαίνισον
1461 1183 1534 1235 ἐν
1575 1183 1700 1249 τοῖς
1745 1183 2016 1254 ἐγκάτθις

429 1287 565 1340 μσυ.
607 1268 719 1322 Kal
766 1267 893 1330 τοὺς
938 1265 1160 1327 λοιποὺς
1191 1265 1248 1318 δὲ
1292 1265 1347 1318 εί
1371 1283 1456 1330 τις
1509 1267 1725 1320 ἐπέλθοι
1780 1285 2014 1338 μακαρι-

430 1353 625 1422 σμούς,
660 1352 886 1421 εὑρήσει
915 1349 1116 1419 πολλὴν
1150 1344 1315 1401 οὖσαν
1347 1349 1446 1420 τὴν
1487 1349 1826 1419 συμφωνίαν.
1856 1351 2016 1415 Τίνος

427 1434 523 1488 οὖν
564 1435 772 1498 ἕνεκεν,
808 1431 976 1502 μηδὲν
1006 1431 1249 1486 ἐναντίον
1284 1431 1522 1501 εἰρηκὼς
1563 1435 1676 1496 τοῖς
1705 1433 2009 1504 προτέροις,

427 1519 706 1589 ἐπήγαγεν
727 1534 741 1548 ·
773 1516 872 1584 Μὴ
896 1516 1184 1584 νομίσητε
1201 1515 1292 1568 ὅτι
1325 1511 1515 1584 ἦλθον
1537 1517 1877 1570 καταλῦσαι
1903 1519 2014 1571 τὸν

425 1605 616 1672 νόμον
646 1601 685 1670 ἣ
710 1600 853 1665 τοὺς
872 1597 1183 1667 προφήτας
1208 1615 1226 1660 ;
1251 1598 1326 1650 Οὐ
1348 1597 1435 1651 διὰ
1464 1599 1530 1650 τὰ
1555 1600 1843 1669 εἰρημένα,
1875 1599 2010 1654 ἀλλά

422 1686 513 1748 διὰ
542 1685 610 1739 τὰ
645 1683 906 1756 μέλλοντα
955 1681 1288 1754 ῥηθήσεσθαι
1329 1681 1536 1752 ταύτην
1584 1683 1684 1754 τὴν
1726 1683 2012 1755 διόρθωσιν

423 1768 657 1839 τίθησιν.
697 1765 914 1836 Ἐπειδὴ
945 1765 1054 1834 γὰρ
1086 1765 1310 1835 ἔμελλεν
1336 1764 1618 1835 ἐμϐαίνειν
1646 1769 1727 1830 είς
1760 1769 2009 1822 ἐπίτασιν

425 1851 680 1917 ἐντολῶν,
712 1851 799 1903 ἵνα
851 1850 927 1920 μὴ
971 1848 1234 1918 νομίσωσι
1272 1848 1372 1917 τὴν
1421 1847 1651 1917 αὔξησιν
1691 1850 2008 1904 ἐναντίωσιν

425 1933 588 1999 εἶναι,
624 1935 760 2006 μηδέ
787 1935 887 2005 τὴν
933 1931 1253 2003 προσθήκην
1290 1932 1492 2002 μάχην,
1529 1932 1618 1985 διὰ
1653 1932 1811 1987 τοῦτο
1849 1929 2003 1986 εἷπε·

423 2020 520 2088 Μὴ
556 2020 846 2088 νομίσητε
884 2017 973 2070 ὅτι
1012 2011 1203 2086 ἦλθον
1241 2016 1579 2070 καταλῦσαι
1611 2014 1719 2070 τὸν
1746 2019 1935 2086 νόμον
1965 2017 2004 2084 ἢ

424 2103 567 2168 τοὺς
595 2100 904 2170 προφήτας
920 2116 934 2130 ·
959 2099 1228 2163 τουτέστι,
1263 2099 1442 2169 μέλλω
1464 2100 1585 2152 τινὰ
1610 2099 1788 2166 λέγειν
1812 2100 2007 2152 τελεώ-

423 2203 556 2256 τερα
585 2183 692 2237 τῶν
723 2183 990 2253 πρότερον
1015 2181 1324 2252 εἰρημένων
1343 2198 1356 2211 ·
1390 2175 1502 2235 οἷον
1533 2183 1621 2234 ὅτι
1661 2183 2001 2247 Ἠκούσατε,

424 2271 510 2322 Οὺ
557 2267 910 2336 φονεύσεις·
947 2265 1064 2335 ἐγὼ
1107 2263 1178 2317 δὲ
1231 2265 1410 2334 λέγω,
1465 2266 1587 2318 Οὐκ
1643 2263 1998 2332 όργισθήσῃ.

434 2353 766 2406 Ἠκούσατε
793 2350 884 2403 ὅτι
927 2351 1012 2402 Οὐ
1032 2349 1405 2418 μοιχεύσεις,
1433 2347 1550 2417 ἐγὼ
1570 2343 1806 2416 δὲλέγω
1829 2345 1920 2398 ὅτι
1950 2346 2003 2398 '0

419 2433 726 2503 ἐμϐλέψας
739 2431 995 2502 γυναῖκα
1015 2431 1163 2498 πρὸς
1177 2429 1244 2482 τὸ
1265 2428 1631 2498 ἐπιθυμῆσαι
1651 2430 1866 2496 αὐτὴν,
1884 2432 2001 2496 ἤδη

419 2518 767 2586 ἐμοίχευσε·
810 2509 906 2567 καὶ
947 2513 1046 2565 ὅσα
1093 2513 1333 2565 τοιαῦτα.
1386 2513 1477 2583 Μὴ
1517 2511 1696 2564 τοίνυν
1742 2513 1999 2581 νομίσητε

422 2599 720 2653 κατάλυσιν
753 2593 895 2650 εἶναι
924 2597 1025 2666 τὴν
1053 2595 1362 2648 τελείωσιν·
1394 2597 1455 2648 οὐ
1482 2595 1590 2664 γάρ
1617 2597 1732 2647 ἐστι
1763 2595 2000 2647 κατάλυ-

422 2699 528 2745 σις,
581 2679 718 2734 ἀλλὰ
756 2678 1067 2749 πλήρωσις·
1117 2679 1211 2731 καὶ
1258 2679 1397 2749 ὅπερ
1435 2678 1530 2730 ἐπὶ
1574 2677 1683 2730 τῶν
1732 2677 2002 2746 σωμάτων

419 2763 666 2833 ἐποίησε,
695 2759 856 2813 τοῦτο
878 2760 973 2814 καὶ
996 2761 1088 2814 ἐπὶ
1107 2759 1201 2813 τοῦ
1222 2760 1388 2831 νόμου
1415 2762 1578 2815 ποιεῖ.
1604 2760 1672 2813 Τί
1695 2758 1751 2812 δὲ
1774 2759 1867 2812 ἐπὶ
1893 2760 2002 2813 τῶν

421 2847 693 2915 σωμάτων
743 2844 1073 2914 είργάσατο;
1132 2843 1334 2897 Ἐλθὼν
1372 2845 1468 2898 καὶ
1518 2844 1694 2914 εὑρὼν
1741 2843 2002 2914 ἀνάπηρα

416 2927 587 2982 πολλά
607 2927 766 2998 μέλη,
798 2927 895 2980 καὶ
921 2925 1118 2990 ἐνδεῶς
1135 2927 1328 2998 ἔχοντα
1354 2927 1556 2994 πάντα,
1585 2927 1880 2996 ἀπήρτισε,
1906 2926 2000 2978 καὶ

414 3013 496 3076 είς
520 3010 621 3082 τὴν
660 3011 1048 3083 προσήκουσαν
1074 3011 1376 3082 εὐκοσμίαν
1407 3012 1748 3082 ἐπανήγαγε,
1779 3009 1866 3062 διὰ
1891 3009 2000 3063 τῶν

1162 127 1268 212 ‘s.’
1293 151 1581 212 JOANNIS
1622 151 2117 210 cnavsos'rom
2150 153 2468 212 Αιιοιηει».
2508 155 3057 218 CONS’I'ANTINOP.

3597 159 3687 215 190

2126 269 2220 320 καὶ
2235 270 2361 332 τοὺς
2385 270 2700 342 ὀφθαλμοὺς
2724 273 2978 338 ἀποδοὺς,
3003 271 3090 325 διὰ
3113 269 3202 324 τοῦ
3231 270 3434 342 μέρους
3447 271 3550 346 τὴν
3575 273 3686 342 περὶ

2122 349 2217 403 τοῦ
2246 352 2445 415 παντὸς
2471 355 2604 424 ἡμῖν
2631 355 2983 426 ἐγκαταϐἁλῃ
3013 354 3214 409 πίστιν.

2193 586 2305 639 Kal
2329 587 2431 656 ὅρα
2473 585 2579 640 ποῦ
2603 586 2764 641 τοῦτο
2799 589 3085 660 ἐποίησεν·
3118 588 3219 642 οὐκ
3261 590 3356 644 ἐπὶ
3391 589 3580 662 χειρὸς
3609 589 3691 645 καὶ

2122 670 2301 736 ποδὸς,
2341 672 2456 725 ἀλλ’
2487 673 2581 726 ἐπὶ
2619 673 2930 744 ὀφθαλμῶν,
2965 673 3060 727 τοῦ
3100 673 3384 728 καλλίστου
3419 677 3520 729 καί
3561 677 3689 729 ’ἀνα-

2120 754 2449 821 γκαιοτάτου
2480 756 2592 809 τῶν
2624 756 2804 828 μελῶν
2827 756 2936 809 τῶν
2958 757 3267 828 ἡμετέρων,
3301 759 3395 811 καὶ
3415 753 3480 812 οὗ
3510 759 3691 828 τιμιὼο

2118 853 2278 908 τερον
2303 839 2434 908 ἡμῖν
2459 839 2613 892 οὐδέν
2647 841 2763 892 ἐστι
2795 839 2975 909 μέλος.
3023 841 3081 892 ὐ
3101 839 3158 892 δὲ
3191 841 3252 893 τὺ
3286 841 3577 894 κάλλιστον
3608 844 3690 894 καὶ

2119 921 2554 989 ἀναγκαιότατον
2586 923 2881 977 διαπλάσαι
2925 923 3199 994 δυνηθεὶς,
3233 925 3360 988 τοὺς
3386 924 3690 995 ὀφθαλμοὺς

2311 1005 2475 1075 λέγω,
2517 1005 2739 1077 εὐδηλον
2770 1008 2852 1060 ὅτι
2881 1009 2973 1060 καὶ
3005 1009 3166 1077 χεῖρα
3196 1009 3290 1061 καὶ
3331 1008 3470 1060 πόδα
3513 1011 3604 1061 καὶ
3628 1009 3691 1062 τὰ

2117 1089 2281 1144 λοιπὰ
2339 1090 2563 1145 δύναται
2609 1092 3019 1145 κατασκευάσαι
3078 1092 3235 1162 μέλη.
3291 1093 3359 1152 ,Ὢ
3408 1094 3689 1164 μακαρίων

2116 1173 2413 1242 ὀφθαλμῶν
2447 1174 2693 1237 ἐκείνων,
2720 1174 2769 1226 οἳ
2802 1174 3029 1246 θέατρον
3068 1175 3315 1242 ἐγένοντο
3345 1179 3458 1239 τοῖς
3494 1175 3685 1245 παροῦ-

2115 1247 2204 1311 ¹σιν
2231 1259 2422 1319 ἅπασι,
2460 1259 2553 1311 καί
2591 1260 2798 1322 πάντας
2849 1259 2983 1330 πρὸς
3025 1259 3253 1322 ἑαυτοὺς
3291 1259 3686 1322 ἐπεσπάσαντο,

2115 1343 2212 1395 καὶ
2237 1343 2423 1412 φωνὴν
2445 1342 2536 1395 διὰ
2556 1341 2649 1394 τοῦ
2678 1342 2909 1405 κάλλους
2934 1343 3176 1412 ἀφῆκαν,
3205 1341 3555 1406 διδάσκοντες
3571 1345 3688 1405 τοὺς

2115 1425 2685 1498 παρόπαςνᾶπαντας
2722 1425 2821 1496 τὴν
2862 1424 2959 1478 τοῦ
3010 1424 3246 1496 Χριστοῦ
3292 1426 3548 1496 δύναμιν.
3584 1426 3688 1479 Kal

2112 1506 2181 1583 ἦν
2204 1497 2512 1581 παράδοξον
2538 1510 2598 1564 τὸ
2620 1510 2906 1580 γινόμενον
2925 1526 2939 1540 ·
2960 1512 2988 1563 6
3019 1510 3128 1580 γὰρ
3147 1509 3344 1579 τυφλὸς
3373 1511 3505 1573 τοὺς
3523 1511 3684 1580 ὀρῶν-

2112 1611 2213 1658 τας
2248 1594 2466 1664 βλέπειν
2495 1593 2793 1647 ἐδίδασκεν.
2824 1593 3002 1663 Ὅπερ
3028 1589 3123 1647 οὖν
3158 1594 3252 1646 καὶ
3280 1594 3309 1645 6
3341 1594 3577 1663 Χριστὸς
3603 1593 3685 1662 δη-

2111 1677 2219 1732 λῶν
2251 1678 2437 1746 ἕλεγεν
2455 1695 2470 1707 ·
2498 1679 2602 1743 Εὶς
2632 1677 2810 1746 κρῖμα
2830 1672 3022 1747 ἦλθον
3047 1679 3134 1742 είς
3168 1677 3275 1731 τὸν
3302 1679 3539 1745 κόσμον
3560 1679 3683 1730 τοῦ-

2110 1778 2236 1824 τονο
2285 1762 2386 1817 ἵνα
2417 1764 2472 1815 οἱ
2507 1760 2594 1830 μὴ
2627 1760 2968 1826 ,βλέποντες
3001 1760 3302 1828 βλέψωσι,
3338 1765 3434 1812 καὶ
3465 1763 3522 1814 οι
3549 1761 3685 1825 ,ϐλέ-

2104 1861 2329 1912 ποντες
2359 1844 2572 1914 τυφλοὶ
2601 1845 2906 1913 γένωνται.
2949 1845 3012 1896 Ὢ
3049 1843 3350 1915 πηρώσεως
3381 1846 3677 1917 μακαρίας·

2108 1930 2204 1992 οὓς
2230 1929 2339 2000 γὰρ
2371 1929 2471 1982 οὐκ
2503 1928 2661 1982 ἔλαϐε
2705 1928 2857 2000 παρά
2905 1928 3005 1998 τῆς
3039 1927 3278 1997 φύσεως,
3323 1928 3487 1982 ἔλαϐε
3541 1929 3683 1998 παρὰ

2107 2014 2207 2083 τῆς
2235 2013 2482 2084 χάριτος,
2517 2012 2674 2065 οὐδὲν
2706 2014 2769 2064 ἐκ
2809 2014 2909 2082 τῆς
2954 2011 3226 2081 ἀναϐολῆς
3262 2011 3571 2083 ζημιωθεὶς
3603 2031 3681 2065 το-

2111 2094 2320 2160 σοῦτον,
2369 2095 2494 2147 ὅσον
2535 2094 2790 2165 ἐκέρδανε
2835 2090 2930 2146 τοῦ
2988 2093 3128 2148 κατὰ
3172 2094 3270 2165 τὴν
3324 2094 3683 2166 δημιουργίαν

2107 2179 2330 2250 τρόπου.
2367 2176 2433 2229 Τί
2461 2176 2570 2248 γὰρ
2593 2177 2659 2230 ἂν
2685 2177 2898 2246 γένοιτο
2920 2176 3030 2231 τῶν
3049 2177 3344 2248 ὀφθαλμῶν
3376 2177 3681 2248 θαυμαστό-

2105 2278 2264 2333 τερον
2296 2262 2539 2321 ἐκείνων,
2562 2260 2659 2324 οὒς
2691 2261 2910 2331 ἄμωμοι
2945 2262 3041 2314 καὶ
3073 2261 3226 2328 ἅγιαι
3250 2264 3430 2332 χεῖρες
3458 2263 3680 2314 διαπλά-

2107 2360 2199 2396 σαι
2235 2343 2614 2413 κατηξίωσανς
2651 2344 2762 2397 Kal
2795 2344 2932 2415 ὅπερ
2960 2344 3053 2397 ἐπὶ
3080 2345 3180 2414 τῆς
3215 2346 3434 2416 στείρας
3461 2345 3677 2417 συνέϐη,

2105 2426 2262 2480 τοῦτο
2316 2428 2408 2480 καὶ
2458 2427 2694 2481 ἐνταῦθα
2747 2428 2987 2497 ἐγένετο.
3033 2428 3300 2496 Καθάπερ
3337 2430 3446 2500 γὰρ
3500 2431 3678 2499 ἐκείνη

2104 2509 2260 2564 οὐδὲν
2310 2512 2374 2562 ἐκ
2407 2511 2509 2580 τῆς
2549 2510 2863 2581 μελλήσεως
2911 2510 3357 2580 παρεϐλάπτετο,
3401 2513 3540 2566 ἀλλὰ
3591 2515 3678 2566 καὶ

2101 2592 2458 2663 λαμπροτέρα
2484 2593 2686 2664 μᾶλλον
2715 2593 2954 2661 ἐγένετο,
2982 2595 3043 2646 οὐ
3074 2596 3261 2665 νόμοις
3285 2596 3521 2664 φύσεως,
3547 2597 3678 2651 ἀλλὰ

2104 2675 2288 2747 νόμοις
2320 2678 2540 2749 χάριτος
2573 2677 2633 2730 τὸ
2669 2676 2879 2730 παιδίον
2910 2678 3289 2733 ἀπολαϐοῦσα·
3325 2681 3467 2733 οὕτω
3497 2682 3562 2752 δὴ
3590 2685 3676 2734 καὶ

2103 2761 2132 2812 6
2167 2759 2367 2828 τυφλὸς
2394 2759 2546 2812 οὐδὲν
2581 2761 2643 2813 ἐκ
2679 2760 2780 2830 τῆς
2809 2760 3184 2833 παρελθούσης
3217 2763 3539 2834 παρεϐλάϐη
3573 2781 3675 2831 πη-

2103 2843 2344 2914 ρώσεως,
2379 2843 2514 2897 ἀλλά
2538 2845 2633 2896 καὶ
2653 2843 2718 2896 τὰ
2744 2844 2979 2914 μέγιστα
3011 2846 3262 2900 ἐντεῦθεν
3285 2847 3568 2917 ἐκέρδανε,
3593 2848 3677 2899 τὸν

2099 2925 2201 2994 τῆς
2231 2925 2574 2998 δικαιοσύνης
2607 2927 2760 2994 ἥλιον
2808 2927 3074 2998 πρότερον
3116 2928 3244 2983 ίδείν
3299 2929 3674 2994 καταξιωθεξ,

2102 3007 2198 3060 καὶ
2229 3009 2351 3061 τότε
2374 3008 2566 3062 τοῦτον
2593 3009 2688 3062 τὸν
2713 3009 2997 3080 αίσθητόν.

411 3095 762 3167 πραγμάτων
791 3094 972 3149 αὐτῶν
1001 3094 1174 3149 ἅπασι
1203 3097 1374 3150 ποιῶν
1399 3095 1633 3166 φανερὸν
1653 3095 1735 3146 ὅτι
1753 3093 1848 3146 καὶ
1872 3093 2000 3156 τοὺς
2094 3127 2096 3129 ›

396 3180 676 3250 ’ἀρχαίους
717 3178 882 3242 αὐτὸς
919 3178 1135 3233 τέθεικε
1180 3181 1400 3249 νόμους,
1446 3181 1544 3233 καὶ
1575 3179 1676 3250 τὴν
1711 3175 1874 3246 φύσιν
1901 3175 2000 3246 τὴν

412 3263 692 3333 ἡμετέραν
723 3261 1154 3334 ἐδημιούργησε.

486 3418 598 3470 Kal
648 3417 730 3470 ὅτι
769 3417 928 3470 τοῦτο
976 3417 1308 3480 ἐσπούδαζεν
1358 3417 1659 3484 ἀποδεῖξαι,
1700 3419 1857 3491 δῆλον
1891 3421 1999 3475 ἀπὸ

411 3499 511 3569 τῆς
540 3497 635 3551 τοῦ
663 3498 869 3569 τυφλοῦ
899 3499 1196 3569 θεραπείας
1225 3494 1483 3570 μάλιστα.
1517 3501 1744 3572 Παριὼν
1769 3503 1879 3574 γάρ
1907 3506 1998 3558 καὶ

414 3580 540 3636 ίδών
573 3597 695 3634 τινα
729 3581 951 3650 τυφλὸν,
986 3583 1208 3652 ἐποίησε
1252 3583 1443 3653 πηλὸν,
1490 3586 1584 3637 καὶ
1625 3585 1716 3638 τὸν
1757 3586 1997 3641 τοιοῦτον

414 3664 586 3736 πηλόν
602 3666 715 3726 τοῖς
727 3665 1153 3735 πεπηρωμένοις
1176 3666 1467 3736 ἐπέχρισεν
1478 3666 1710 3738 ὄμμασι,
1727 3670 1822 3722 καὶ
1844 3666 1996 3722 εἶπεν

411 3747 584 3819 αὐτῷ.
629 3747 886 3816 "ructre,
915 3747 1090 3816 νίψαι
1133 3750 1221 3814 εἰς
1251 3749 1360 3801 τὸν
1407 3749 1667 3819 Σιλωάμ.
1701 3752 1859 3814 Τίνος
1886 3755 1995 3824 γὰρ

409 3832 597 3884 ἕνεκεν
621 3832 650 3883 6
683 3831 909 3901 νεκροὺς
935 3831 1270 3901 ἐπιτάγματι
1299 3832 1442 3903 ψιλῷ
1471 3835 1712 3905 συνεχῶς
1741 3837 1989 3907 ἐγείρων,

412 3915 508 3968 καὶ
535 3913 709 3967 πολλὰ
732 3913 897 3984 ἔτερα
911 3913 1140 3968 τοιαῦτα
1163 3915 1620 3989 θαυματουργῶν,
1642 3918 1874 3972 ἐνταῦθα
1899 3921 1993 3972 καὶ

410 3999 570 4070 ἔργον
616 4015 672 4052 τι
713 3996 1058 4068 προστίθησι,
1090 3997 1262 4069 πηλὸν
1292 3999 1483 4066 ποιῶν,
1518 4003 1615 4055 καὶ
1652 4001 1992 4056 διαπλάττων

408 4081 559 4150 αὐτῷ
600 4081 727 4143 τοὺς
747 4079 1098 4149 ’ὁφθαλμούςς
1131 4081 1233 4134 οὐκ
1261 4080 1480 4153 εὐδηλον
1508 4083 1574 4136 ἵν’
1597 4084 1725 4137 ὅταν
1753 4085 1991 4157 ἀκούσῃς

408 4166 494 4218 ὅτι
516 4163 706 4216 ἐλαϐεν
737 4163 766 4214 6
791 4161 926 4224 Θεὸς
955 4162 1085 4233 χοῦν
1115 4163 1224 4217 ἀπὸ
1238 4165 1336 4235 τῆς
1361 4167 1485 4236 γῆς,
1517 4168 1614 4221 καὶ
1643 4168 1879 4223 ἔπλασεν
1899 4171 1991 4224 τὸν

409 4246 718 4316 ἄνθρωπον,
766 4246 945 4317 μάθῃς
977 4246 1066 4300 διά
1093 4246 1187 4300 τοῦ
1233 4247 1330 4301 νῦν
1374 4250 1661 4320 γινομένου
1708 4253 1790 4306 ὅτι
1837 4247 1990 4319 οὗτος

409 4327 617 4391 ἐκεῖνός
648 4329 797 4380 ἐστιν
829 4329 858 4379 6
888 4326 1040 4398 παρά
1080 4329 1179 4399 τὴν
1209 4326 1385 4400 ἀρχὴν
1419 4329 1632 4396 πλάσας
1659 4333 1749 4386 τὸν
1774 4335 1988 4407 ἄνθρω-

408 4426 544 4475 πον;
582 4411 705 4464 ἐπεὶ
738 4410 787 4483 εί
820 4409 896 4480 μὴ
925 4409 1085 4491 τοῦτο
1114 4411 1282 4476 δείξαι
1313 4411 1585 4481 ἐϐούλετο,
1637 4419 1893 4488 περιττὸν
1916 4415 1988 4491 ῆν

406 4496 544 4565 ὅπερ
563 4492 874 4576 εἰργάζετοἸ
904 4488 1037 4546 Εἶτα
1065 4494 1151 4548 ἵνα
1185 4495 1365 4567 μάθῃς
1387 4499 1469 4550 ὅτι
1497 4499 1594 4568 οὐχ
1621 4500 1653 4569 ή
1682 4500 1778 4554 τοῦ
1811 4488 1986 4576 πηλοῦ

406 4577 566 4648 χρεία
607 4574 947 4647 συνέπραξεν
976 4576 1125 4647 αὐτῷ
1149 4578 1286 4648 πρὸς
1314 4579 1414 4650 τὴν
1439 4581 1732 4652 ἀνάϐλεψιν
1760 4587 1854 4638 τοῦ
1875 4574 1984 4641 νπε-

404 4661 759 4732 πηρωμένου,
789 4659 905 4743 ἀλλ’
935 4661 1096 4731 ῆρκει
1134 4663 1229 4714 xal
1257 4665 1428 4735 χωρὶς
1462 4666 1560 4736 τῆς
1597 4665 1732 4738 ὕλης
1766 4670 1982 4743 ἐκείνης

406 4743 790 4824 προστάγματι
811 4742 957 4813 μόνῳ
973 4743 1274 4800 διαπλάσαι
1300 4749 1426 4811 τοὺς
1441 4748 1776 4820 ὀφθαλμοὺς.
1805 4742 1980 4824 προσ-

401 4822 584 4893 τίθησι
629 4826 741 4877 καί.⁴
766 4825 942 4893 λέγει·
976 4826 1229 4897 ⁹’Υπαγε,
1262 4829 1436 4898 νίψαι
1461 4835 1550 4896 είς
1579 4834 1688 4887 τὸν
1721 4822 1977 4905 Σιλωάμ.

401 4905 557 4991 Μετά
577 4905 756 4991 γαρ-τὸ
775 4908 948 4991 δεῖξαι
977 4912 1111 4980 ἡμῖν
1139 4912 1343 4967 διὰ.τοῦ
1366 4916 1572 4985 τρόπου
1594 4917 1695 4987 τῆς
1720 4918 1982 4991 δημιουρ-

400 4987 527 5072 γίσις
563 4987 653 5072 ﬂ;
677 4984 746 5059 ἦν
771 4991 799 5042 6
833 4990 930 5045 καὶ
970 4991 1029 5057 ἐξ
1064 4994 1243 5065 ἀρχῆς
1279 4996 1371 5049 τὸν
1403 4984 1691 5070 ἄνθρωπον
1723 4984 1976 5072 ποιήσας,

396 5069 519 5152 τότε
563 5067 711 5139 λέγει
743 5072 894 5152 αὐτῷ
917 5088 932 5103 ·
966 5075 1214 5146 "hiare,
1247 5079 1420 5147 νίψαι
1452 5067 1541 5147 είς·
1573 5081 1681 5135 τὸν
1716 5067 1974 5152 Σιλωάμι

398 5151 669 5236 Καθάπερ
709 5149 802 5207 οὖν
827 5155 1267 5227 ἀνδριαντοποιὸς
1299 5162 1517 5232 ἄριστος
1544 5163 1866 5236 βουλόμενος
1890 5149 1979 5220 διὰ

397 5233 507 5319 τῶν
535 5233 712 5319 ἐργων
755 5237 1123 5305 ἐπιδείξασθαι
1152 5242 1250 5313 τὴν
1282 5243 1474 5297 ἑαυτοῦ
1513 5233 1730 5316 τέχνην,
1759 5248 1972 5319 ἀφίησι,

398 5315 492 5402 τὸν
532 5317 823 5402 ἀνδριάντα
864 5321 1228 5384 διαπλάττων,
1271 5327 1333 5378 τὸ
1368 5328 1553 5398 μέρος,
1589 5315 1675 5380 ἵνα
1710 5330 1839 5400 περὶ
1880 5315 1976 5402 τῆς

399 5396 495 5480 τοῦ
523 5399 723 5462 παντὸς
741 5401 938 5472 τέχνης
963 5404 1236 5469 ἀπόδειξιν
1263 5407 1412 5476 ἐντῷ
1437 5396 1676 5461 λείποντι
1700 5396 1806 5480 δῷ·
1832 5396 1976 5465 οῦτω

402 5479 508 5563 κοιλζ
527 5481 556 5530 6
584 5481 840 5563 Χριστὸς,
870 5484 953 5536 ὅτι
979 5485 1072 5538 τὸν
1098 5487 1218 5541 ὅλον
1248 5489 1536 5558 ἄνθρωπον
1556 5491 1720 5556 αὐτὸς
1748 5479 1972 5563 ἐποίησε

2091 3307 2094 3310 ,
2170 3252 2232 3305 ε’.
2257 3251 2442 3305 Ταῦτα
2463 3251 2607 3322 λέγω
2635 3252 2723 3306 ἵνα
2742 3252 2816 3324 μὴ
2839 3253 3303 3328 δυσχεραίνωμεν,
3325 3253 3550 3309 ἐπειδάν
3570 3256 3675 3309 E30:-

2104 3353 2205 3406 μεν
2236 3337 2270 3407 ἢ
2307 3336 2557 3400 ἑαυτοὺς,
2586 3335 2620 3407 ἢ
2650 3337 2871 3408 ἐτέρους
2903 3339 3059 3401 τινάς
3081 3339 3139 3392 ἐν
3166 3343 3480 3410 συμφοραῖς
3498 3341 3669 3404 ὄντας.

2107 3421 2201 3473 Ἂν
2217 3420 2326 3490 γὰρ
2349 3419 2688 3490 εὐχαρίστως
2706 3420 2801 3473 καὶ
2823 3422 3085 3488 γενναίως
3105 3422 3359 3494 φέρωμεν
3381 3423 3451 3477 τὰ
3475 3427 3672 3494 συμπίο

2100 3519 2302 3556 πτοντα
2327 3501 2566 3564 ἅπαντα,
2599 3503 2817 3565 πάντως
2850 3505 2931 3567 εἰς
2957 3504 3110 3566 τέλος
3137 3507 3373 3577 χρηστὸν
3396 3511 3490 3562 καὶ
3515 3509 3673 3562 πολλὰ

2098 3583 2219 3654 ἔχον
2242 3584 2422 3653 ἀγαθὰ
2448 3585 2599 3637 πᾶσα
2629 3587 2763 3656 ἡμῖν
2786 3587 3211 3658 ἀπαντήσεταιὴ
3234 3591 3515 3660 συμφορά.
3541 3591 3673 3644 Ἀλλ’

2095 3669 2234 3739 ὅπερ
2256 3666 2566 3738 ἠϐουλήθην
2591 3668 2787 3732 εἰπεῖν,
2817 3669 2900 3721 ὅτι
2929 3669 3119 3740 ῶσπερ
3142 3671 3213 3723 τὰ
3236 3670 3468 3742 σώματα
3484 3673 3671 3737 ἐνδεῶς

2097 3750 2292 3821 ἔχοντα
2321 3750 2712 3820 ἀπηρτισμένα
2741 3752 3166 3820 κατεσκεύαζεν,
3195 3753 3337 3807 οὕτω
3362 3757 3459 3808 καὶ
3482 3756 3573 3809 τὸν
3595 3757 3671 3809 νό-

2098 3852 2196 3904 μον
2223 3833 2392 3902 ἀτελῆ
2420 3832 2601 3886 λαϐὼν
2637 3834 2938 3905 ἐῤῥύθμιζε
2972 3837 3066 3889 καὶ
3090 3835 3375 3891 διέπλαττε
3411 3840 3510 3892 καὶ
3542 3841 3669 3911 πρὸς

2091 3919 2154 3971 τὸ
2185 3917 2393 3987 βέλτιον
2423 3915 2605 3988 ἐξῆγε.
2638 3918 2845 3988 Μηδεὶς
2869 3919 2926 3971 δὲ
2959 3919 3173 3974 ἀκούων
3195 3921 3275 3974 ὅτι
3297 3924 3325 3974 6
3351 3922 3519 3992 νόμος
3551 3926 3667 3977 ἁτε-

2093 4001 2189 4074 λὴς
2210 3997 2300 4072 ἦν,
2321 4000 2417 4054 τοῦ
2443 4000 2628 4064 θέντος
2649 4001 2812 4054 αὐτὸν
2844 4006 3174 4074 κατηγορεῖν
3204 4005 3352 4074 ἡμᾶς
3380 4007 3664 4076 νομιζέτω.

2105 4085 2327 4156 Ἀτελὴς
2346 4084 2456 4156 γὰρ
2475 4084 2680 4148 ἐκεῖνος
2709 4085 2770 4138 οὐ
2789 4086 2941 4156 παρὰ
2966 4087 3071 4158 τὴν
3092 4088 3299 4141 οἰκείαν
3321 4089 3509 4158 φύσιν,
3539 4091 3668 4144 ἀλλὰ

2094 4175 2246 4248 παρὰ
2277 4175 2370 4229 τὸν
2404 4175 2594 4246 χρόνον
2620 4175 2806 4230 λοιπὸν
2838 4178 3078 4246 ἐγίνετο·
3107 4179 3228 4232 ἐπεὶ
3253 4182 3396 4236 κατὰ
3427 4183 3523 4236 τὸν
3553 4201 3667 4236 και-

2094 4259 2208 4330 ρὸν,
2236 4259 2295 4311 ὃν
2325 4257 2640 4329 εἰσηνέχθη,
2679 4259 2881 4330 σφόδρα
2905 4261 3108 4325 τέλειος
3141 4258 3230 4334 ἦν,
3260 4264 3355 4317 καὶ
3384 4267 3501 4329 τοῖς
3525 4266 3668 4336 δεχο-

2093 4342 2276 4412 μένοις
2308 4341 2475 4396 αὐτδν
2498 4341 2834 4414 κατάλληλος
2855 4359 2868 4374 ·
2901 4344 3089 4415 ἐπειδὴ
3119 4345 3176 4398 δέ
3210 4347 3344 4417 πρὸς
3371 4349 3435 4402 τὸ
3462 4349 3667 4418 βέλτιον

2090 4426 2183 4479 ὑπ’
2217 4425 2428 4479 ἐκείνου
2459 4425 2813 4480 παιδευθεῖσα
2849 4427 3037 4482 λοιπὸν
3069 4431 3102 4500 ἡ
3127 4429 3290 4499 φύσις
3319 4433 3664 4499 ἐπιδέδωκεν,

2088 4509 2470 4580 ἀτελέστερος,
2502 4510 2561 4563 οὐ
2586 4509 2739 4582 παρὰ
2760 4511 2860 4582 τὴν
2894 4511 3104 4566 οἰκείαν
3131 4514 3310 4584 φύσιν,
3339 4515 3478 4570 ἀλλὰ
3517 4519 3664 4588 παρὰ

2086 4591 2187 4662 τὴν
2219 4591 2464 4645 ἐπίδοσιν
2493 4592 2593 4662 τῆς
2619 4591 2825 4664 ἀρετῆς
2849 4593 2958 4648 τῶν
2988 4595 3081 4648 ὐπ’
3108 4596 3273 4650 αὐτοῦ
3305 4598 3664 4668 διδαχθέντων

2085 4668 2239 4736 οὗτος
2273 4674 2508 4742 ἐγένετο.
2543 4675 2656 4727 Kal
2700 4675 2952 4746 καθάπερ
2983 4678 3115 4744 τόξα
3153 4681 3248 4732 καὶ
3281 4680 3433 4751 βέλη,
3469 4684 3665 4755 παιδίῳ

2085 4755 2603 4809 κατασκευασθέντα
2640 4757 2905 4830 βασιλικῷ
2955 4760 3095 4832 πρὸς
3123 4767 3430 4834 γυμνασίαν
3466 4768 3663 4838 μᾶλλον

2082 4839 2116 4908 ἢ
2151 4839 2289 4910 πρὸς
2320 4839 2504 4909 μάχην
2541 4840 2637 4893 καὶ
2669 4840 2927 4912 πόλεμον,
2956 4845 3286 4918 αὐξηθέντος
3312 4848 3370 4902 δὲ
3398 4850 3498 4904 τοῦ
3542 4871 3663 4907 παι-

2081 4921 2195 5007 δίου
2239 4922 2335 4975 καὶ⁸
2371 4921 2633 5007 μαθόντος
2665 4925 2974 5007 ἀριστεύειν
3005 4929 3062 4980 ἐν
3103 4930 3383 5000 πολέμοις,
3417 4935 3664 5007 ἄχρηστα

2081 5003 2322 5088 γίνεται·
2365 5001 2509 5088 οὓτω
2537 5003 2732 5088 δήκαὶ
2783 5008 2877 5060 ἐπὶ
2907 5009 3006 5079 τῆς
3059 5012 3274 5078 φύσεως
3311 5001 3515 5087 συνέϐη
3552 5001 3664 5088 ’τῆς

2079 5085 2354 5157 ἡμετέρας
2375 5101 2389 5114 ·
2416 5085 2581 5155 ἡνίκα
2609 5087 2959 5160 ἀτελέστερον
2987 5092 3299 5165 διεκείμεθα
3330 5099 3425 5150 καὶ
3451 5085 3663 5168 γυμνά-

2079 5169 2266 5231 ζεσθαι
2307 5169 2704 5240 ἐμανθάνομεν,
2737 5173 3047 5243 κατάλληλα
3084 5177 3218 5246 ἡμῖν
3261 5173 3466 5233 ἔδωκεν
3498 5183 3657 5247 ὅπλα,

2079 5251 2580 5338 ἠδυνάμεθα
2629 5254 2819 5325 φέρειν
2876 5258 2994 5327 μετ’
3042 5260 3324 5324 εὐκολίας·
3373 5264 3658 5338 ἐπειδὴδὲ

2076 5333 2391 5405 ηὐξήθημεν
2437 5334 2620 5388 λοιπὸν
2667 5339 2809 5392 κατά
2847 5339 2938 5393 τὸν
2977 5342 3077 5411 τῆς
3103 5342 3304 5414 ἀρετῆς
3335 5345 3518 5415 λόγον,
3549 5333 3656 5404 amb

2075 5417 2174 5500 τῆς
2189 5417 2356 5500 ἡμετέ
2365 5434 2462 5500 ρῌας
2487 5418 2827 5490 τελειότητος
2841 5423 3023 5476 ἐκεῖνα
3051 5423 3234 5479 λοιπὸν
3251 5429 3418 5499 ἀτελῆ
3439 5431 3648 5500 γέγονε.

2076 5498 2356 5585 616110910
2378 5496 2542 5570 ἦλθεν
2562 5504 2590 5555 ὁ
2620 5504 2856 5574 Χριστὸς
2881 5505 3044 5578 ἕτερα
3076 5511 3300 5579 μείζονα
3326 5496 3651 5585 ἐγχειρίζων

391 5556 568 5626 ¹δείξαι
617 5562 959 5631 βουλόμενος,
995 5570 1205 5639 ἀφῆκεν
1241 5556 1406 5642 ἀτελῆ
1451 5574 1657 5641 τοῦτον,
1702 5575 1768 5628 ἵν’
1799 5556 1971 5631 ἐλθῶν
2006 5624 2041 5655 1
2075 5580 2226 5649 ἡμῖν.
2258 5583 2369 5636 Kal
2397 5556 2587 5638 σκόπει
2627 5556 2749 5657 μεθ’
2777 5556 3229 5660 δξὲιξᾶζᾷέζεῖζξ
3243 5556 3656 5662 ⁸τῖῦέ
