3854 6222
126 183 227 236 789

117 300 325 352 tdlattlt.
352 298 407 354 5.
439 297 494 366 4)
518 314 530 350 :
560 306 615 353 et
643 298 743 352 hoc
769 297 986 352 llesaias
1005 312 1190 350 rursus
1210 287 1693 355 vociferatur,dum

123 398 188 437 ex
210 399 443 452 persona
466 384 707 439 Deidicit
725 404 738 438 :
758 384 926 454 Super
937 403 1089 457 quem
1103 388 1403 455 respiciam,
1430 387 1532 439 nisi
1550 398 1706 453 super

123 476 304 528 mitem
325 487 375 529 et
400 477 651 545 quietum,
668 485 718 529 et
739 486 1034 531 trementem
1048 494 1308 531 sermones
1327 494 1463 531 meos
1495 475 1703 547 (llesai.

123 563 284 635 (56.2)
301 566 326 618 ?
350 564 503 618 Beati
521 566 881 621 misericordes
901 566 1117 633 (Matth.
1137 569 1190 622 5.
1212 568 1265 638 7)
1286 587 1299 623 :
1319 577 1371 623 et
1394 569 1495 622 hoc
1516 582 1706 623 rursus

126 656 333 726 ubique
344 656 649 726 dispersum
665 666 769 712 est.
792 656 875 712 Ne
886 658 1167 727 defraudes
1183 659 1705 728 enim,inquit,vitam

123 750 397 815 pauperis.
419 749 706 817 supplicem
734 749 786 801 in
809 749 1154 802 tribulatione
1170 752 1396 815 positum
1416 767 1476 803 ne
1493 751 1705 817 rej:cias

121 839 308 911 (Eccli.
340 839 395 897 ι.
424 840 479 910 ι)
508 856 521 892 .'
561 847 613 892 et
639 853 825 907 magna
862 836 1055 906 ubique
1086 836 1308 891 habetur
1336 838 1534 892 mentio
1562 838 1711 891 honi-

123 933 357 1002 gnitatis.
393 930 532 984 Beati
562 930 735 982 mundi
776 930 924 982 corde
952 927 1163 999 (Matth.
1192 930 1245 984 5.
1276 930 1353 998 8).
1403 930 1512 982 lloc
1550 931 1708 983 etiam

126 1022 258 1075 dixit
284 1020 443 1073 David
479 1037 492 1073 :
526 1020 623 1071 Cor
645 1018 886 1070 mundum
907 1034 1020 1070 crea
1039 1018 1091 1070 in
1118 1035 1196 1070 me
1228 1017 1383 1083 Deus,
1413 1027 1458 1071 et
1479 1019 1711 1087 spiritum

128 1124 314 1165 rectum
342 1113 525 1164 innova
550 1110 599 1162 in
630 1109 896 1161 visceribus
921 1110 1039 1161 meis
1071 1106 1239 1180 (Psal.
1269 1108 1358 1163 50.
1392 1109 1481 1180 12)
1526 1127 1540 1163 :
1584 1110 1711 1163 reli-

129 1216 259 1270 quas
304 1201 462 1254 etiam
512 1198 864 1253 beatitudines
916 1199 961 1251 si
1002 1200 1120 1267 quis
1160 1208 1453 1268 percurrat,
1495 1199 1711 1254 multam

130 1291 470 1345 concordiam
517 1305 636 1343 csse
682 1291 994 1357 comperict.
1040 1288 1148 1342 Cur
1193 1288 1369 1358 igitur,
1422 1303 1541 1343 cum
1587 1288 1715 1342 nihil

132 1379 454 1431 contrarium
485 1378 745 1445 prioribus
772 1378 1017 1441 dixisset,
1049 1377 1244 1445 adjecit.
1272 1394 1283 1428 :
1318 1376 1491 1430 Nolite
1517 1386 1713 1446 putare,

133 1470 371 1538 quoniam
397 1468 509 1521 ueni
547 1467 736 1521 soluere
777 1466 957 1535 legem,
996 1476 1083 1519 aut
1116 1465 1387 1537 prophetas
1417 1466 1628 1537 (Matth.
1659 1466 1713 1521 5.

136 1562 201 1615 Π
217 1560 273 1627 )?
298 1558 415 1613 Non
439 1558 507 1612 ob
533 1573 595 1612 ea
619 1573 736 1627 qua:
763 1558 903 1611 dicta
927 1557 1136 1611 fuerant
1172 1557 1307 1612 hanc
1334 1559 1716 1612 correctionem

137 1650 396 1718 adjunxit.
444 1647 577 1703 Nam
626 1652 748 1716 quia
800 1647 867 1700 ad
917 1647 1383 1716 ampliﬁcationem
1434 1647 1717 1716 quamdam

139 1740 509 1794 mandatorum
548 1738 768 1808 gradum
800 1736 1034 1791 facturus
1059 1747 1190 1799 erat,
1233 1753 1301 1791 ne
1334 1738 1719 1793 incrementum

139 1840 389 1903 putarent
414 1831 812 1899 repugnantiam
843 1844 961 1885 csse
990 1830 1292 1898 quamdam,
1329 1838 1423 1883 aut.
1455 1830 1721 1884 accessio-

139 1940 262 1979 nem
283 1937 402 1978 esse
430 1937 683 1992 pugnam,
724 1920 922 1975 idcirco
960 1921 1112 1986 dixit,
1147 1919 1321 1974 Nolite
1358 1930 1553 1990 putare,
1594 1937 1721 1989 quo-

141 2015 280 2068 niam
309 2014 420 2067 verti
445 2013 633 2066 solvere
672 2012 848 2082 legem,
877 2021 961 2064 aut
989 2010 1259 2081 prophetas
1289 2027 1308 2064 :
1339 2012 1437 2065 hoc
1463 2020 1562 2075 est,
1605 2027 1723 2079 pcr-

141 2105 359 2159 fectiora
388 2103 625 2158 dicturus
647 2117 764 2156 sum
793 2102 876 2167 iis,
907 2117 1025 2171 qua:
1053 2110 1176 2156 ante
1200 2108 1323 2156 sunt
1342 2100 1501 2155 dicta.
1528 2103 1720 2155 Exem-

145 2198 217 2267 pli
242 2211 419 2259 causa,
459 2195 702 2253 Audistis,
732 2190 849 2247 Non
879 2194 1071 2247 occides
1097 2209 1116 2247 :
1144 2210 1232 2263 ego
1262 2202 1426 2246 autent
1444 2193 1581 2257 dico,
1601 2189 1724 2246 Non

144 2287 394 2340 irasceris.
436 2285 679 2347 Audistis,
710 2281 832 2338 Non
874 2282 1218 2348 maechaberis,
1265 2299 1355 2352 ego
1392 2292 1561 2336 autent
1587 2282 1721 2346 dico,

144 2373 468 2439 Quicumque
481 2370 752 2427 mulierem
790 2370 994 2440 respicit
1012 2372 1078 2424 ad
1103 2372 1556 2441 concupiscendum
1591 2389 1722 2438 eam,

146 2467 255 2532 iam
286 2464 557 2517 mwchatus
600 2466 671 2511 est
724 2459 942 2535 (Matth.
971 2461 1115 2516 5.21.
1146 2462 1235 2515 2'2.
1262 2463 1352 2516 27.
1378 2461 1492 2533 98),
1524 2472 1578 2518 et
1603 2462 1726 2518 talia

147 2571 511 2627 quzucumque.
537 2555 614 2611 Ne
640 2556 799 2626 igitur
821 2555 1214 2625 abrogationem
1236 2569 1355 2611 esse
1383 2555 1576 2625 putetis
1594 2569 1727 2609 con-

148 2649 558 2704 summationem
583 2664 597 2700 :
629 2662 735 2703 non
762 2647 902 2702 enim
927 2656 1010 2702 cst
1036 2646 1333 2716 abrogatio,
1361 2646 1453 2701 sed
1480 2646 1728 2716 adimple-

150 2740 227 2792 tio
257 2755 269 2790 :
307 2748 359 2793 ct
384 2737 523 2808 quod
556 2737 608 2792 in
634 2738 949 2807 corporibus
978 2736 1118 2803 fecit,
1150 2736 1251 2791 hoc
1280 2747 1334 2793 et
1364 2738 1414 2790 in
1442 2738 1559 2806 lege
1584 2737 1725 2791 facit.

149 2829 289 2898 Quid
333 2838 509 2884 autem
560 2830 613 2883 itt
649 2829 963 2898 corporibus
1007 2829 1293 2898 pra-stitit?
1321 2828 1451 2884 Cum
1489 2830 1728 2883 mutilata

152 2919 316 2973 multa
344 2921 577 2976 membra
604 2921 907 2988 reperisset,
938 2929 990 2975 et
1015 2920 1196 2975 omnia
1224 2918 1435 2976 defectu
1465 2920 1727 2986 laborare,

152 3008 410 3086 perfecit,
436 3018 491 3065 et
516 3010 571 3065 in
591 3013 999 3070 convenientem
1026 3011 1264 3068 restituit
1288 3009 1730 3080 pulchritudinem

151 3110 209 3154 et
231 3100 583 3175 integritatem
612 3117 627 3153 :
658 3115 722 3154 ac
752 3100 911 3154 rebus
935 3100 1063 3169 ipsis
1092 3100 1336 3161 omnibus
1362 3100 1630 3169 patefecit,
1672 3115 1733 3155 se

153 3199 392 3244 veterum
430 3191 605 3260 legum
653 3200 924 3245 auctorem
974 3190 1154 3257 fuisse,
1204 3205 1268 3244 ac
1304 3201 1507 3246 natura:
1536 3198 1734 3246 nostra:

151 3280 506 3335 conditorem.

224 3370 501 3439 Conﬁrmat
522 3371 747 3426 Christus
765 3386 828 3426 ea:
849 3371 1110 3425 sanatione
1134 3371 1274 3437 cteci,
1303 3388 1355 3425 se
1374 3372 1538 3441 legum
1558 3380 1735 3423 aucto-

153 3477 261 3515 reut
279 3462 648 3530 esse.—Atque
670 3460 768 3515 hoc
788 3460 934 3514 illum
954 3460 1236 3515 ostendere
1252 3461 1535 3524 studuisse,
1562 3476 1627 3515 ex
1646 3476 1733 3514 sa-

153 3552 373 3608 natione
397 3553 524 3608 czeci
564 3554 826 3623 praecipue
866 3563 1092 3607 constat.
1143 3554 1463 3609 Prmteriens
1501 3556 1641 3608 enim
1685 3562 1739 3609 et

152 3659 358 3699 caecum
380 3645 662 3713 quemdam
689 3645 896 3711 videns,
927 3645 1092 3699 lutum
1123 3643 1266 3708 fecit,
1292 3655 1348 3700 et
1371 3644 1629 3715 ejusmodi
1654 3644 1737 3700 lu-

155 3748 273 3791 tum
300 3737 466 3791 oculis
496 3736 662 3791 illevit
697 3737 999 3802 excaecatis,
1037 3738 1191 3806 eique
1218 3737 1349 3791 dixit
1381 3755 1395 3790 :
1447 3737 1599 3801 Vade,
1626 3738 1741 3792 lava

153 3828 430 3882 inSiloam
468 3827 645 3896 (Joan.
683 3828 735 3882 9.
769 3828 821 3881 6.
854 3827 929 3897 7).
969 3828 1131 3897 Cujus
1160 3828 1237 3884 rei
1275 3829 1442 3898 gratia
1480 3842 1599 3882 cum
1626 3831 1740 3883 solo

149 3917 309 3987 jussu
331 3926 567 3973 mortuos
592 3916 891 3987 frequenter
918 3919 1156 3981 suscitet,
1184 3927 1239 3973 et
1273 3918 1375 3972 alia
1402 3919 1565 3973 multa
1595 3919 1743 3973 simi-

154 4008 231 4062 lia
260 4007 382 4062 edat
404 4007 677 4074 miracula,
706 4008 792 4062 hic
814 4023 949 4077 Opus
973 4009 1236 4078 quoddam
1263 4008 1466 4077 adjicit,
1509 4009 1635 4063 dum
1657 4009 1740 4063 lu-

157 4107 277 4152 tum
310 4097 544 4164 conﬁcit,
588 4108 645 4152 et
682 4099 754 4152 illi
792 4099 975 4153 oculos
1006 4099 1191 4169 ﬁngit?
1228 4099 1364 4153 Num
1401 4099 1531 4153 satis
1577 4098 1744 4169 liquet

160 4191 365 4245 ideirco
386 4190 435 4244 id
460 4190 569 4245 fieri
591 4230 607 4256 ,
640 4200 695 4244 ut
729 4206 849 4245 cum
874 4190 1143 4245 audiveris
1174 4191 1336 4246 Deum
1367 4192 1637 4261 pulverem
1654 4201 1743 4246 ac-

156 4282 370 4351 cepisse
392 4281 459 4335 de
489 4290 626 4335 terra
657 4280 1031 4351 hominemque
1059 4281 1336 4347 formasse,
1365 4282 1541 4336 discas
1566 4296 1633 4336 ex
1654 4282 1739 4347 iis,

157 4388 286 4442 qua:
315 4387 453 4427 nunc
473 4380 744 4441 geruntur.
786 4372 926 4427 hunc
950 4373 1095 4426 illum
1121 4386 1259 4440 esse,
1290 4375 1377 4443 qui
1420 4374 1687 4430 hominem
1711 4390 1744 4429 a

158 4464 426 4535 principio
470 4465 750 4519 formavit?
787 4464 996 4535 Alioqui
1026 4465 1126 4519 nisi
1155 4467 1256 4519 hoc
1293 4465 1526 4522 iudicare
1561 4467 1742 4533 vellet,

158 4554 492 4623 superﬂuum
515 4554 700 4610 fuisset
723 4555 773 4609 id
795 4555 935 4625 quod
952 4556 1158 4625 agebat.
1181 4556 1378 4611 Deinde
1399 4566 1456 4611 ut
1482 4557 1745 4628 intelligas

161 4658 322 4699 usum
348 4643 442 4697 luti
469 4645 597 4697 nihil
627 4644 693 4698 ad
724 4644 895 4699 visum
924 4660 1067 4699 caeco
1096 4646 1479 4701 restituendum
1514 4648 1744 4717 opitulao

162 4744 284 4789 tum
325 4733 397 4787 illi
437 4748 576 4799 esse,
622 4734 713 4787 sed
739 4734 939 4804 absque
968 4734 1053 4789 illa
1080 4737 1300 4789 materia
1329 4736 1445 4791 solo
1465 4737 1616 4805 jussu
1641 4737 1745 4792 ﬁn-

159 4838 299 4895 gere
338 4824 519 4878 oculos
549 4825 800 4893 pomisse,
845 4825 1083 4895 adjungit
1122 4835 1175 4881 et
1216 4827 1323 4881 ait:
1367 4826 1523 4893 Vade,
1550 4828 1662 4881 lava
1693 4829 1748 4881 in

163 4915 391 4969 Siloam.
438 4913 721 4982 Postquam
760 4914 901 4968 enim
928 4914 1043 4984 ipso
1070 4915 1149 4969 sui
1175 4914 1369 4984 Opiﬁcii
1399 4916 1557 4971 modo
1595 4917 1749 4973 nobis

163 5004 428 5070 ostendit,
458 5003 579 5074 quis
602 5013 745 5060 esset
760 5006 850 5075 qui
876 5004 1145 5061 hominem
1165 5021 1192 5058 a
1211 5007 1472 5076 principio
1491 5016 1746 5072 creasset,

164 5105 300 5150 tunc
334 5095 410 5149 ait
436 5095 534 5163 illi,
571 5093 728 5162 Vade,
776 5094 890 5149 lava
913 5096 968 5150 in
996 5095 1211 5150 Siloam.
1244 5096 1312 5152 Ut
1339 5097 1496 5167 igitur
1520 5097 1754 5167 optimus

162 5187 461 5244 statuarius
486 5186 672 5242 volens
700 5202 795 5257 per
821 5201 980 5257 opera
1006 5201 1156 5242 suam
1192 5187 1434 5258 peritiam
1460 5197 1751 5255 ostentare,

167 5289 388 5350 partem
412 5278 696 5349 quamdam
723 5279 938 5345 omittit,
983 5279 1108 5334 dum
1149 5288 1377 5335 statuam
1416 5281 1583 5352 ﬁngit,
1615 5290 1674 5336 ut
1697 5282 1752 5336 in

168 5386 242 5425 eo
271 5367 412 5438 quod
435 5368 609 5434 deest,
653 5369 815 5423 totius
839 5369 1016 5438 operis
1039 5371 1307 5437 specimen
1331 5371 1460 5425 artis
1486 5370 1611 5425 edat
1637 5388 1651 5425 :
1686 5371 1758 5426 ita

170 5461 423 5519 Christus
445 5460 606 5516 etiam
633 5473 754 5513 cum
792 5459 1025 5514 indicare
1054 5461 1211 5515 vellet
1236 5469 1404 5516 totum
1429 5460 1699 5516 hominem
1727 5476 1760 5517 a

174 5566 243 5609 se
272 5549 434 5605 fuisse
476 5548 747 5605 conditum
773 5588 790 5617 ,
836 5547 977 5604 hunc
1010 5549 1376 5621 imperfectum
1426 5551 1666 5623 reliquit,
1705 5561 1763 5607 ut

898 234 901 235 ,
949 180 1037 235 DE
1073 177 1337 239 CHRISTI
1379 170 1726 235 PRECIBUS,
1768 168 2035 225 CONTRA
2080 167 2450 227 ANOM‘LEOS.
2494 170 2559 224 X.

3284 175 3388 234 790

1811 299 1930 338 cum
1957 284 2209 351 venisset,
2233 296 2391 356 atque
2417 287 2598 342 oculos
2627 288 2697 344 illi
2737 290 3073 359 restituisset,
3096 294 3265 361 partis
3296 300 3387 348 bc-

1810 375 1998 428 nelicio
2026 375 2093 429 de
2120 384 2229 429 toto
2258 377 2412 432 ﬁdem
2442 379 2717 433 insereret.

1881 462 1981 517 Cur
1997 464 2049 518 in
2068 466 2225 519 oculis
2246 467 2545 521 miraculum
2560 468 2924 527 editum—Ac
2941 471 3059 527 vide
3077 487 3178 542 qua
3202 474 3252 527 itt
3272 487 3393 542 par-

1812 564 1862 609 te
1879 554 1927 609 id
1949 557 2286 624 praestiterit:
2313 574 2416 612 non
2436 559 2485 611 in
2505 574 2685 625 manu,
2713 575 2775 614 ac
2801 560 2951 629 pede,
2979 562 3073 617 sed
3102 564 3156 618 in
3195 565 3392 628 oculis,

1811 648 1950 716 quod
1993 648 2351 703 membrorum
2401 660 2701 705 nostrorum
2745 652 3156 721 pulcherrimum
3179 665 3298 717 est.
3340 665 3395 710 ct

1813 740 2048 795 maxime
2064 743 2440 806 necessarium,
2455 753 2621 812 etquo
2635 744 2831 798 nttllutn
2846 746 2997 801 nobis
3014 747 3291 816 pretiosius
3309 756 3396 802 est

1814 829 2129 884 membrum.
2146 830 2408 887 Cancrum
2426 835 2512 902 qui
2530 835 2941 904 pulcherrimum
2958 839 3288 907 maximeque
3301 855 3368 892 ne
3381 870 3393 878 -

1815 923 2101 976 cessarium
2119 923 2313 993 ﬁngere
2330 926 2518 993 potuit,
2534 926 2781 981 nimirum
2797 929 2998 994 oculos,
3023 928 3160 983 haud
3175 928 3395 984 dubium

1816 1015 1942 1081 quin
1960 1029 2170 1068 manum
2187 1029 2396 1085 quoque
2412 1016 2682 1085 ctpedem,
2700 1032 2763 1072 ac
2777 1030 2964 1072 cratera
2978 1019 3144 1089 possit
3156 1021 3394 1076 membra

1818 1102 2070 1158 formare.
2102 1104 2146 1159 Ο
2172 1104 2356 1160 beatos
2381 1106 2500 1160 illos
2524 1106 2705 1161 oculos
2723 1148 2739 1173 ,
2784 1108 2873 1176 qui
2902 1108 3259 1176 spectaculum
3279 1124 3396 1163 om-

1818 1194 1975 1248 nibus
1998 1193 2226 1259 fucrunt,
2258 1196 2348 1264 qui
2369 1195 2608 1261 aderant,
2632 1204 2684 1249 ct
2709 1210 2895 1251 omnes
2915 1197 2979 1251 ad
3009 1212 3068 1252 sc
3096 1198 3394 1267 rapiebant,

1821 1299 2107 1353 vocemque
2119 1298 2213 1351 per
2222 1299 2376 1340 suam
2389 1284 2833 1355 pulchritudinem
2855 1288 3152 1355 mittebant,
3174 1298 3229 1344 ct
3246 1290 3399 1345 Chri-

1821 1376 1886 1430 Sti
1906 1376 2151 1429 virtutem
2172 1389 2359 1431 omnes
2377 1375 2648 1431 adstantes
2666 1375 2948 1433 docebant.
2972 1378 3255 1435 Enimvero
3275 1395 3398 1450 per-

1822 1466 2015 1519 mirum
2046 1464 2163 1529 luit,
2192 1464 2331 1534 quod
2361 1464 2538 1531 ﬁebat,
2567 1480 2685 1520 cum
2717 1482 2892 1522 caecus
2916 1468 3155 1524 videntes
3180 1484 3403 1525 cernere

1823 1553 2039 1610 doceret
2070 1572 2084 1608 :
2110 1555 2251 1623 quod
2293 1555 2473 1624 utique
2513 1555 2754 1611 Christus
2800 1556 3036 1612 indicans
3074 1558 3248 1612 aiebat
3280 1576 3293 1611 :
3338 1557 3403 1611 In

1814 1645 2065 1713 judicium
2089 1646 2200 1699 veni
2239 1645 2292 1699 in
2321 1646 2453 1700 hunc
2476 1648 2740 1710 mundum,
2777 1658 2831 1702 ut
2859 1650 2946 1717 qui
2974 1666 3073 1703 non
3102 1651 3293 1714 vident,
3323 1651 3369 1703 vi
3380 1680 3398 1690 -

1825 1732 1993 1799 deant,
2021 1743 2068 1787 et
2091 1735 2177 1803 qui
2203 1733 2388 1801 uident,
2410 1737 2529 1790 (εωεὶ
2553 1738 2677 1805 ﬁant
2704 1736 2880 1808 (Joan.
2907 1738 2960 1793 9.
2984 1738 3097 1809 59).
3123 1738 3167 1794 0
3194 1739 3401 1795 beatam

1824 1825 2146 1879 cmcitatcml
2170 1826 2315 1891 Quos
2342 1829 2482 1881 enim
2511 1842 2539 1880 a
2571 1836 2757 1882 natura
2788 1844 2891 1883 non
2912 1829 3134 1898 accepit,
3174 1845 3201 1882 a
3233 1832 3405 1899 gratia

1827 1917 2050 1985 accepit,
2099 1932 2199 1971 nec
2248 1925 2448 1971 tantum
2484 1920 2660 1971 damni
2694 1933 2880 1988 passus
2904 1929 2986 1974 est
3018 1936 3082 1975 ex
3124 1921 3402 1985 dilatione,

1826 2018 2081 2077 quantum
2133 2024 2195 2064 ex
2234 2008 2428 2078 opiﬁcii
2475 2010 2635 2063 modo
2671 2010 2900 2065 lui-ratus
2944 2021 3044 2065 est.
3090 2012 3225 2077 Quid
3263 2013 3405 2066 enim

1827 2100 1995 2155 oculis
2034 2100 2138 2155 illis
2182 2100 2296 2155 ﬁeri
2336 2109 2509 2168 potest
2538 2099 2851 2162 mirabilius,
2897 2117 3029 2168 quos
3057 2101 3408 2157 immaculata:

1828 2200 2131 2259 Sancuuquc
2152 2204 2338 2243 manus
2365 2190 2465 2243 illa:
2491 2189 2686 2259 ﬁngere
2706 2190 2932 2260 dignatas
2958 2193 3117 2245 sunt?
3147 2191 3405 2261 Quodque

1829 2281 1881 2335 in
1906 2281 2072 2337 sterili
2096 2282 2305 2347 accidit,
2337 2282 2439 2337 hoc
2469 2284 2660 2337 factum
2683 2284 2889 2337 esthoc
2917 2283 3053 2337 loco.
3083 2284 3210 2338 Nam
3242 2293 3299 2338 ιιι
3322 2286 3407 2339 illa

1831 2374 2032 2428 nullum
2070 2388 2134 2429 ex
2161 2373 2412 2428 dilatione
2438 2376 2579 2442 cepit
2602 2374 2996 2438 detrimentum,
3027 2375 3120 2430 sed
3149 2376 3314 2430 multo
3342 2377 3405 2429 il-

1830 2463 2044 2518 lustrior
2064 2464 2252 2529 evasit,
2280 2479 2397 2533 qua:
2424 2480 2525 2518 non
2558 2465 2674 2533 lege
2703 2474 2922 2526 natum,
2963 2465 3056 2519 sed
3088 2466 3203 2536 lege
3226 2468 3411 2535 gratia:

1830 2554 1995 2609 lilium
2023 2555 2262 2624 accepit:
2292 2555 2369 2609 sic
2395 2556 2642 2609 nimirum
2672 2564 2726 2609 et
2750 2570 2922 2611 caicus
2966 2556 3097 2612 nihil
3130 2572 3193 2610 ex
3222 2568 3411 2627 prmte-

1831 2647 1932 2701 rita
1958 2647 2117 2701 laesus
2156 2656 2240 2703 est
2276 2648 2531 2715 cmcitate,
2580 2649 2672 2703 sed
2702 2650 2883 2719 ingens
2910 2649 3115 2705 lucrum
3144 2651 3264 2706 inde
3291 2668 3413 2722 per-

1831 2737 1992 2807 cepit,
2018 2738 2103 2792 cui
2131 2738 2310 2793 datum
2336 2749 2436 2803 est,
2467 2749 2524 2795 ut
2552 2741 2695 2809 prius
2720 2741 2885 2795 solem
2913 2743 3128 2810 justitiut
3146 2753 3411 2809 cerneret,

1833 2844 1896 2883 ac
1917 2828 2111 2885 deinde
2139 2829 2277 2884 hunc
2305 2830 2598 2899 subjectum
2631 2832 2896 2885 sensibus.

1848 2970 1851 2971 ,
1903 2920 1957 2974 5.
1987 2918 2096 2975 Lex
2135 2921 2426 2991 imperfecta
2450 2922 2718 2985 quomodo.
2741 2952 2811 2963 —
2839 2922 2961 2977 llu'c
2985 2938 3013 2976 a
3044 2939 3129 2978 mc
3144 2924 3415 2991 dicuntur,

1836 3024 1905 3065 ne
1938 3025 2079 3081 aegre
2128 3010 2379 3076 feramus,
2421 3012 2466 3065 si
2493 3012 2704 3081 quando
2730 3013 2807 3067 vel
2839 3028 2935 3066 nos
2963 3015 3125 3083 ipsos,
3174 3016 3253 3068 vel
3282 3016 3416 3069 alios

1835 3100 2092 3170 quosdam
2124 3102 2293 3171 premi
2318 3101 2703 3156 calamitatibus
2723 3102 2996 3157 videanms
3025 3122 3039 3158 :
3061 3106 3105 3159 si
3131 3106 3271 3159 enim
3294 3121 3416 3160 cum

1836 3189 2122 3259 gratiarum
2150 3191 2357 3246 actione
2403 3206 2466 3246 ac
2510 3191 2771 3259 patienter
2808 3191 3036 3247 feramus
3071 3203 3259 3249 cuncta
3300 3210 3419 3263 quae

1838 3280 2106 3347 accidunt,
2143 3283 2362 3335 omnino
2390 3283 2585 3337 bonum
2628 3282 2785 3337 ﬁnem
2831 3283 3116 3353 multisque
3145 3284 3297 3340 bonis
3326 3302 3421 3339 cu-

1840 3371 2096 3427 mulatum
2124 3373 2299 3427 omnis
2326 3382 2503 3426 nostra
2531 3373 2806 3429 calamitas
2828 3374 3099 3429 sortietur.
3144 3375 3250 3429 Sed
3279 3376 3420 3443 quod

1840 3460 2019 3516 dicere
2048 3463 2291 3518 volebam
2317 3462 2761 3532 quemadmodum
2791 3478 3032 3532 corpora,
3063 3479 3182 3533 qua:
3210 3465 3420 3520 defectu

1841 3550 2172 3619 laborabant,
2203 3551 2435 3621 perfecta
2463 3562 2517 3608 et
2538 3554 2737 3623 integra
2778 3553 3041 3610 reddidit:
3071 3554 3147 3610 sic
3174 3566 3229 3609 et
3248 3555 3421 3625 legent

1843 3640 2203 3712 imperfectam
2230 3658 2352 3697 cum
2376 3643 2688 3713 accepisset,
2714 3645 3035 3711 emendavit,
3063 3649 3420 3715 concinnavit,

1843 3745 1896 3789 et
1919 3734 2195 3790 meliorem
2215 3734 2282 3789 ad
2307 3742 2501 3789 statum
2527 3736 2722 3790 evexit.
2756 3735 2923 3790 Nemo
2949 3745 3149 3803 autem,
3176 3754 3296 3794 cum
3321 3755 3388 3795 ξω
3407 3770 3422 3781 -

1843 3825 1921 3879 dit
1948 3825 2306 3894 imperfectam
2335 3825 2497 3880 fuisse
2521 3826 2711 3895 legem,
2753 3841 2850 3881 nos
2877 3842 2996 3881 eum
3028 3830 3114 3895 qui
3151 3829 3286 3882 lator
3310 3832 3425 3897 ejus

1845 3914 2016 3970 fuerat
2042 3929 2294 3969 accusare
2320 3914 2455 3969 velle
2478 3916 2795 3979 arbitretur;
2826 3916 3086 3986 siquidem
3117 3918 3424 3986 imperfecta

1844 4013 1960 4059 erat
1984 4004 2070 4058 illa
2096 4020 2203 4059 non
2241 4018 2309 4060 ex
2334 4018 2430 4059 sua
2470 4014 2677 4070 natura,
2724 4005 2818 4060 sed
2846 4021 3128 4076 progressu
3173 4010 3429 4076 temporis

1845 4094 2039 4149 deinde
2068 4094 2187 4148 talis
2216 4105 2481 4150 evaserat.
2522 4095 2956 4166 Quandoquidem
3006 4106 3116 4151 tum
3145 4103 3423 4167 temporis,

1844 4200 1966 4241 cum
2021 4185 2319 4241 introducta
2368 4195 2470 4253 est,
2524 4185 2814 4241 admodum
2842 4186 3076 4256 perfecta
3113 4196 3246 4252 erat,
3278 4198 3333 4244 et
3363 4189 3428 4242 iis

1845 4279 1932 4345 qui
1963 4277 2286 4348 recipiebant
2305 4293 2423 4332 eam
2450 4278 2773 4333 conveniens
2803 4296 2816 4332 :
2849 4287 3127 4349 postquam
3154 4290 3328 4335 autem
3359 4282 3427 4335 ab

1846 4368 1939 4424 illo
1959 4368 2145 4424 edocta
2169 4378 2354 4423 natura
2382 4369 2635 4438 deinceps
2657 4371 2825 4425 crevit
2863 4369 2915 4423 in
2941 4370 3148 4435 melius,
3180 4373 3294 4426 lucc
3321 4372 3424 4425 im-

1847 4460 2130 4530 perfectior
2166 4461 2350 4525 evasit,
2403 4476 2508 4514 non
2539 4476 2602 4515 ex
2649 4475 2743 4516 sua
2772 4470 2980 4528 natura,
3009 4462 3103 4516 sed
3146 4463 3215 4517 ob
3248 4464 3421 4518 incre-

1847 4561 2088 4606 mentum
2109 4551 2319 4606 virtutis
2344 4566 2550 4616 eorum,
2581 4565 2715 4621 quos
2740 4550 2827 4605 illa
2853 4551 3126 4606 docuerat.
3151 4552 3217 4606 Et
3240 4567 3425 4621 quem-

1848 4643 2131 4698 admodum
2175 4657 2331 4697 arcus
2381 4650 2435 4696 et
2478 4642 2699 4711 sagittae,
2743 4657 2863 4710 quae
2904 4642 3052 4711 regio
3097 4643 3319 4712 puerulo
3361 4644 3428 4697 ad

1850 4734 2285 4790 exercitationem
2316 4733 2489 4800 potius
2516 4731 2765 4787 fabricata
2790 4733 2916 4798 sint,
2934 4746 3094 4801 quam
3113 4731 3179 4787 ad
3199 4747 3427 4803 pugnam

1851 4834 1907 4880 et
1928 4824 2147 4888 bellum,
2176 4823 2261 4878 ubi
2290 4837 2422 4892 puer
2444 4822 2675 4877 adolevit
2703 4830 2758 4876 et
2785 4822 2838 4875 in
2864 4822 3015 4877 bellis
3039 4822 3249 4878 fortiter
3269 4838 3429 4894 agere

1852 4916 2055 4984 didicit,
2083 4915 2286 4971 inutilia
2305 4913 2633 4970 redduntur:
2663 4917 2732 4968 ita
2762 4928 2974 4984 quoque
2999 4923 3209 4970 naturae
3228 4923 3428 4969 nostra:

1854 5008 2046 5065 accidit
2072 5027 2087 5063 :
2113 5006 2363 5077 quamdiu
2388 5006 2808 5077 imperfectiores
2831 5020 3064 5069 eramus,
3094 5020 3159 5061 ac
3177 5005 3435 5062 discendo

1856 5115 1956 5157 nos
1993 5099 2393 5165 exercebamus,
2424 5098 2789 5155 convenientia
2815 5098 2967 5154 nobis
2995 5113 3140 5154 arma
3181 5098 3432 5168 suppedi-

1858 5191 2008 5257 tavit,
2052 5205 2170 5260 qute
2195 5188 2350 5245 facile
2374 5198 2582 5260 gestare
2607 5197 2913 5259 poteramus
2951 5208 2965 5244 :
3010 5203 3130 5244 cum
3172 5201 3300 5243 vero
3318 5187 3429 5256 jant

1861 5282 2013 5337 factis
2039 5282 2091 5336 in
2110 5280 2305 5336 virtute
2329 5280 2700 5350 progressibus
2723 5279 3069 5344 adolevimus,
3099 5277 3170 5333 ob
3196 5285 3435 5332 nostram

1863 5371 2239 5443 perfectionem
2286 5371 2376 5426 illa
2418 5370 2673 5441 deinceps
2706 5369 3012 5440 imperfecta
3046 5377 3169 5425 sunt
3209 5366 3439 5422 reddita.

1866 5464 2153 5534 Propterea
2176 5462 2322 5518 venit
2342 5460 2603 5525 Christus,
2633 5470 2692 5516 ut
2715 5461 2815 5516 alia
2854 5459 3055 5528 majora
3081 5457 3236 5513 nobis
3260 5458 3439 5512 trade-

1869 5562 1971 5610 ret.
2004 5554 2081 5609 Ac
2107 5551 2228 5608 vide
2253 5566 2411 5624 quam
2438 5550 2729 5624 prudenter
2746 5559 2802 5609 et
2822 5559 3032 5607 veteres
3062 5548 3205 5623 leges
3233 5549 3440 5616 recitet,
