3854 6222
392 225 490 284 791

399 369 462 414 ct
496 366 660 411 novas
700 352 981 421 proponat.
1029 338 1275 399 Audistis,
1324 331 1514 400 inquit,
1554 326 1674 398 quia
1705 323 1894 376 dictant
1917 327 1991 371 est

401 443 648 514 antiquis,
667 413 787 495 Non
803 413 999 490 eccides
1029 427 1242 500 (Matth.
1271 425 1324 481 5.
1351 421 1469 490 2t).
1502 419 1595 472 Dic
1621 413 1782 514 etiam
1820 423 1850 464 a
1881 420 1987 478 quo

407 538 475 590 sit
497 505 720 588 dictum.
747 528 830 584 Tu
855 527 955 580 hoc
969 520 1170 585 dixisti,
1197 531 1264 570 an
1288 515 1448 570 Pater
1468 508 1622 565 tuus?
1646 505 1987 575 Nequaquam

411 628 513 682 hoc
541 623 690 680 dicit.

479 717 582 772 Cur
622 708 924 784 .egislatoris
956 719 1138 760 nomen
1163 709 1321 754 taceat
1346 696 1597 752 Christus.
1619 719 1691 732 —-
1707 688 1816 747 Cur
1835 684 1994 755 igitur

411 809 512 863 hoc
539 778 721 867 tacuit,
749 815 943 871 neque,
985 797 1104 866 quis
1131 790 1346 854 dixerit,
1379 783 1694 848 declaravit,
1739 778 1832 835 sed
1862 792 1994 863 sup-

412 912 593 968 pressa
630 867 945 964 legislatoris
985 899 1210 953 persona
1241 883 1410 950 legem
1447 872 1699 948 protulit?
1733 867 1995 937 Quoniam

413 960 458 1044 si
492 960 736 1051 dixisset,
777 978 903 1035 Non
931 975 1287 1045 occides,ego
1321 979 1498 1028 autem
1521 969 1638 1022 dico
1675 963 1846 1025 vobis,
1876 960 1997 1014 Non

415 1079 680 1143 irasceris,
711 1089 875 1147 grave
917 1071 1102 1126 luisset
1121 1069 1316 1132 visum,
1350 1062 1490 1134 quod
1528 1058 1757 1121 diccbat,
1785 1061 2000 1124 propter

415 1186 601 1227 eorum
629 1143 739 1240 qui
764 1164 1053 1220 audiebant
1085 1158 1410 1220 vecordiam,
1459 1153 1550 1224 qui
1593 1149 1816 1204 necdum
1847 1143 2002 1199 intel-

419 1265 583 1333 ligere
635 1266 895 1330 poterant,
943 1268 1068 1310 eum
1097 1251 1332 1306 nondum
1371 1247 1436 1301 ad
1483 1240 1767 1299 evertenda
1801 1237 2000 1307 priora,

421 1353 516 1408 sed
535 1352 601 1406 ad
622 1365 682 1405 ea
702 1345 939 1417 augenda
961 1344 1075 1398 lucc
1097 1340 1305 1396 sancire
1330 1356 1342 1391 :
1366 1352 1428 1390 ac
1448 1335 1524 1390 sic
1545 1348 1666 1388 cum
1691 1327 2007 1396 componas-

426 1453 545 1500 sent
573 1462 585 1496 :
613 1441 749 1511 Quid
773 1441 850 1494 ais
870 1439 893 1492 ?
917 1438 1073 1492 Pater
1097 1444 1216 1488 tuus
1241 1429 1395 1495 dixit,
1417 1424 1536 1478 Non
1567 1420 1857 1487 occides,tn
1879 1431 2005 1471 vero

423 1537 578 1600 dicis,
596 1530 712 1587 Non
752 1528 1042 1586 irasceris?
1081 1525 1156 1579 Ne
1182 1523 1300 1593 quis
1339 1519 1496 1590 igitur
1514 1516 1654 1571 Patri
1685 1509 2006 1567 contrariqu

425 1598 597 1698 ipsum
638 1629 868 1693 putaret,
912 1618 996 1671 vel
1041 1627 1306 1684 tamquam
1346 1606 1542 1679 aliquid
1584 1603 1875 1674 Sapientius
1918 1598 2009 1652 illo

427 1717 686 1786 proferre,
736 1727 843 1766 non
892 1708 1025 1762 dixit
1061 1725 1076 1760 :
1119 1701 1350 1761 Audistis
1389 1715 1418 1753 a
1465 1699 1641 1753 Patre.
1688 1693 1922 1755 Rursus,
1965 1689 2009 1742 si

426 1779 666 1869 dixisset,
683 1799 926 1856 Audistis
941 1797 1060 1868 quia
1083 1793 1188 1847 dixi
1206 1790 1454 1859 antiquis,
1491 1781 1881 1840 intolerandum
1910 1779 2012 1832 hoc

427 1911 656 1966 quoque,
683 1905 856 1962 neque
893 1892 1067 1942 minus
1107 1898 1266 1954 quam
1305 1879 1436 1935 illud
1467 1876 1614 1946 prius
1637 1874 1810 1927 visum
1848 1877 2010 1924 esset.

427 1965 565 2045 Nam
590 1987 635 2040 si
678 2000 798 2040 cum
825 1976 1378 2044 dixisset,Anlcquam
1418 1969 1669 2023 Abraham
1709 1965 1868 2033 ﬁeret,
1922 1976 2014 2030 ego

429 2098 543 2135 sunt
589 2077 764 2148 (Joan.
794 2075 848 2128 8.
880 2071 993 2142 58),
1044 2067 1309 2139 lapidibus
1349 2077 1470 2118 eum
1520 2059 1745 2113 obruere
1783 2051 2015 2123 aggressi

431 2180 574 2235 sunt,
599 2145 662 2223 isi
687 2165 990 2234 adjeeisset.
1041 2175 1100 2214 se
1141 2171 1350 2226 quoque
1388 2151 1556 2222 Moysi
1585 2150 1755 2218 lt-gem
1783 2145 2018 2209 dedisse,

432 2259 557 2329 quid
583 2273 686 2311 non
717 2251 1003 2310 fecissent?
1041 2245 1394 2316 Quamobrem
1437 2255 1610 2311 neque
1635 2238 1701 2292 de
1726 2251 1806 2302 se,
1847 2247 2019 2302 neque

433 2327 500 2405 de
527 2351 680 2402 l’atre
720 2344 1002 2414 quidquam
1032 2340 1236 2404 dicens,
1279 2334 1370 2390 sed
1408 2329 1662 2388 inmedio
1691 2327 2018 2395 relinquens,

434 2456 555 2494 cum
599 2410 840 2500 dixisset,
866 2410 1128 2495 Audistis,
1171 2429 1289 2497 quia
1317 2425 1505 2478 dictunt
1534 2429 1608 2475 est
1637 2417 1874 2483 antiquis,
1906 2410 2023 2467 Non

443 2530 637 2584 occides
666 2542 684 2579 :
723 2523 864 2594 quod
914 2523 966 2575 in
1015 2516 1326 2587 corporibus
1366 2513 1496 2582 egit,
1539 2523 1658 2564 eum
1697 2522 1763 2561 ex
1787 2503 2026 2558 delectus

436 2619 803 2690 supplemento
827 2615 1094 2668 docuisset
1113 2623 1227 2674 eos,
1259 2606 1377 2676 quis
1407 2605 1676 2658 hominem
1705 2613 1733 2651 a
1764 2595 2026 2667 principio

437 2684 783 2767 condidisset,
813 2704 863 2757 id
900 2703 1059 2758 etiam
1090 2699 1191 2753 hoc
1218 2697 1337 2751 loco
1364 2691 1629 2764 praestitit,
1661 2688 1786 2742 dum
1827 2700 1921 2755 per
1945 2684 2025 2738 le-

439 2802 520 2870 gis
559 2795 984 2852 emendationem
1027 2799 1082 2845 et
1109 2787 1430 2842 additionem
1485 2781 1600 2851 ejus
1645 2777 1786 2850 quod
1824 2776 2026 2839 deerat,

441 2866 560 2962 quis
585 2890 673 2943 ille
703 2887 857 2941 fuerit
895 2884 1074 2947 docet,
1100 2879 1190 2949 qui
1219 2877 1290 2932 ab
1313 2875 1461 2929 initio
1501 2874 1671 2942 legem
1707 2868 1847 2922 tulit.
1889 2866 2028 2920 Pro-

443 2960 625 3053 pterea
654 2993 864 3049 quoque
893 2975 1018 3030 dum
1044 2980 1223 3042 ageret
1254 2968 1323 3024 de
1347 2965 1620 3022 creatione
1642 2960 1900 3025 hominis,
1935 2971 2033 3011 tte-

442 3047 549 3144 que
568 3073 648 3126 sui
673 3047 938 3133 meminit,
980 3077 1156 3133 neque
1185 3059 1380 3124 Patris,
1411 3056 1506 3112 sed
1537 3055 1623 3110 hic
1650 3064 1862 3123 quoque
1890 3047 2033 3103 nulla

445 3141 697 3236 expressa
724 3174 948 3232 persona
966 3155 1292 3213 indelinitam
1314 3150 1468 3206 all‘ert
1491 3147 1785 3203 orationem
1813 3141 2030 3197 dicens:

449 3234 549 3326 Qui
597 3257 712 3328 fecit
759 3253 821 3307 ab
871 3251 1036 3314 initio,
1083 3246 1366 3300 masculum
1405 3251 1450 3296 et
1493 3239 1734 3309 feminam
1773 3234 1890 3306 fecit
1952 3245 2036 3284 cos

449 3319 664 3420 ῖκαιᾶιι.
701 3343 789 3397 l9.
819 3340 896 3410 4),
947 3349 1002 3394 et
1048 3335 1211 3390 verbo
1256 3330 1468 3402 quidem
1516 3334 1812 3382 creatorem
1854 3319 2034 3382 tacuit,

450 3410 616 3508 opere
641 3441 817 3488 autem
846 3428 1053 3494 docuit,
1071 3425 1197 3480 dum
1221 3434 1507 3490 corporum
1531 3417 1794 3472 delectum
1821 3410 2036 3481 supple-

452 3503 549 3581 vit.
578 3524 654 3580 Ita
684 3523 770 3577 hic
794 3521 955 3576 etiam
984 3531 1103 3571 cum
1134 3514 1377 3576 dixisset,
1420 3509 1676 3574 Audistis,
1708 3505 1826 3576 quia
1851 3503 2041 3557 dictum

454 3626 527 3672 est
551 3614 789 3683 antiquis,
821 3611 980 3665 tacuit
1005 3607 1216 3678 quidem
1247 3619 1277 3658 a
1313 3617 1420 3673 quo
1441 3601 1638 3655 dictum
1664 3604 1826 3663 esset,
1855 3607 2040 3650 verum

455 3709 691 3778 seipsum
729 3703 981 3774 operibus
1009 3699 1135 3770 ipsis
1172 3695 1421 3752 ostendit.
1463 3692 1562 3760 Qui
1599 3691 1742 3746 enim
1779 3687 2043 3744 defectum

458 3777 743 3871 supplevit,
771 3797 886 3865 ipse
913 3803 995 3848 est
1013 3791 1104 3862 qui
1130 3789 1197 3844 ab
1221 3786 1372 3842 initio
1388 3786 1440 3839 in
1462 3784 1636 3838 lucem
1660 3782 1831 3852 ipsum
1853 3777 2041 3833 edidit.

459 3869 607 3960 ipsas
638 3897 891 3958 pncterea
913 3892 1124 3937 veteres
1146 3880 1291 3949 leges
1309 3877 1455 3941 citat,
1479 3883 1540 3929 ut
1559 3889 1622 3928 ex
1649 3869 2047 3940 comparatione

460 3981 669 4036 discant
691 3976 982 4038 auditores,
1023 3987 1130 4026 non
1177 3970 1294 4039 ejus
1328 3967 1417 4037 qui
1456 3963 1800 4019 adversarius
1834 3961 1904 4015 sit
1933 3960 2048 4013 luce

463 4085 584 4127 esse
610 4069 773 4124 verba
790 4107 808 4132 ,
849 4073 904 4120 et
929 4078 988 4118 se
1023 4061 1218 4117 eadem
1249 4074 1370 4113 cum
1397 4057 1554 4111 Patre
1589 4052 1869 4124 przeditum
1898 4058 2052 4120 pote-

465 4168 624 4217 state.
650 4157 776 4212 llzec
797 4154 956 4209 etiam
982 4150 1152 4206 .ludmi
1180 4148 1583 4209 intellexerunt,
1622 4151 1677 4197 et
1703 4139 1880 4195 mirati
1903 4146 2050 4192 sunt.

469 4252 645 4318 Atque
669 4254 726 4301 ut
761 4245 981 4299 miratos
1009 4240 1130 4294 illos
1155 4251 1275 4294 esse
1300 4247 1610 4304 cognoscas,
1641 4230 1761 4285 audi
1783 4227 2053 4297 evangeli-

471 4350 610 4396 stam
649 4339 751 4392 hoc
791 4334 1148 4390 declarantem
1196 4343 1260 4384 ac
1302 4327 1572 4382 “dicentem
1605 4341 1619 4376 :
1662 4320 2057 4374 Admirabantur

473 4429 634 4486 turba
655 4442 806 4495 super
831 4423 1063 4479 doctrina
1096 4424 1230 4491 ejus,
1259 4418 1376 4486 quia
1400 4414 1609 4468 docebat
1636 4428 1720 4465 eos
1763 4411 1890 4463 sicut
1919 4417 2056 4478 pote-

476 4529 656 4576 statmt
683 4517 903 4579 habens,
955 4521 1003 4569 et
1038 4527 1142 4566 non
1192 4509 1322 4564 sicut
1370 4504 1546 4562 scriba:
1579 4513 1625 4557 et
1649 4501 1901 4555 Pharisai
1935 4497 2056 4569 .(ld.

475 4612 532 4664 ’1.
574 4610 664 4664 28.
703 4607 818 4674 29).
868 4603 1005 4672 Quld
1052 4601 1234 4670 igitur,
1291 4598 1336 4652 si
1391 4609 1665 4666 perperam
1717 4591 1828 4646 hoc
1881 4589 2059 4658 suspi«

475 4695 776 4752 caluuttnr?
801 4694 942 4749 dicet
969 4690 1160 4761 aliquis
1194 4706 1208 4742 :
1243 4693 1474 4740 attamen
1509 4699 1602 4739 eos
1637 4691 1742 4736 non
1772 4678 2064 4749 reprehen-

479 4789 578 4850 dit,
606 4801 705 4840 nec
731 4783 1038 4851 increpavit,
1079 4777 1174 4834 sed
1199 4785 1255 4832 et
1283 4775 1490 4830 illorum
1516 4771 1837 4827 sententiam
1865 4766 2064 4822 contire

483 4876 664 4932 mavit.
696 4874 829 4928 Cum
851 4871 992 4928 enim
1013 4870 1188 4925 statim
1219 4865 1530 4922 accessisset
1551 4863 1793 4931 leprosos
1811 4872 1874 4912 ac
1899 4855 2066 4911 dixis-

493 4969 598 5024 set,
651 4957 892 5019 Domine,
927 4956 973 5009 si
1005 4956 1103 5015 vis,
1139 4960 1284 5021 potes
1328 4967 1409 5005 mc
1452 4947 1708 5003 mundare
1765 4944 1876 5018 (Id.
1907 4945 1960 4999 8.
1981 4942 2062 5006 2).

491 5049 635 5116 Quid
665 5047 781 5102 ait?
812 5045 966 5109 Volo,
1000 5045 1278 5098 mundare.
1309 5040 1422 5096 Cur
1443 5046 1626 5094 autem
1661 5052 1771 5092 non
1794 5034 2059 5105 simplici-

495 5148 579 5195 ter
605 5139 766 5206 dixit,
802 5135 1065 5195 Mundare
1085 5136 1109 5190 7
1127 5132 1347 5188 tametsi
1374 5129 1709 5187 testiﬁcatus
1729 5127 1809 5181 illi
1845 5135 1962 5181 erat
1991 5125 2068 5180 leo

491 5248 691 5304 prosus
740 5236 1065 5301 potestatem
1098 5227 1276 5296 ipsum
1320 5223 1540 5288 habere,
1585 5234 1710 5273 cum
1745 5217 1974 5278 diceret,
2005 5213 2067 5269 Si

495 5302 596 5374 tu.
630 5316 738 5373 Sed
773 5332 842 5372 ne
883 5315 1235 5370 existimares
1277 5309 1563 5366 sententias
1605 5314 1818 5359 tantum
1866 5302 2066 5373 leprosi

492 5405 936 5470 adscribendum,
977 5403 1038 5460 Si
1065 5404 1168 5466 vis,
1217 5398 1419 5469 adjecit
1448 5399 1566 5468 ipse
1595 5409 1814 5465 quoque
1844 5394 2066 5457 dicens.

506 5499 661 5562 Volo,
694 5497 973 5553 mandare.
996 5495 1088 5550 Sic
1103 5494 1228 5549 data
1241 5505 1406 5562 opera
1428 5503 1583 5545 suam
1603 5489 2069 5558 ubique-potesta-

494 5597 602 5643 tem
638 5586 1045 5650 manilestabat,
1081 5598 1251 5653 seque
1284 5581 1467 5636 omnia
1493 5595 1561 5636 ex
1581 5577 1906 5635 auctoritate
1929 5589 2068 5646 prae-

1104 227 1166 284 Β.
1204 216 1481 281 JOANNIS
1519 203 1995 270 CllRYSOSTOMl
2037 197 2352 266 ARCHIEP.
2381 183 2914 252 CONS’I'A'NTINUP.

3578 153 3695 207 Ἰῦὲ

2098 326 2243 372 stare
2264 334 2280 372 :
2300 311 2504 382 alioqui
2519 309 2626 364 nisi
2642 308 2716 361 ita
2730 313 2897 368 esset,
2915 301 3190 373 superﬂua
3208 301 3297 356 illa
3314 308 3471 356 esset
3482 301 3691 352 oratio.

2171 408 2226 463 6.
2250 407 2387 462 Cum
2421 404 2588 475 igitur
2618 402 2673 456 in
2706 397 2965 455 omnibus
2984 395 3106 464 eius
3134 401 3468 464 potestatem
3500 391 3693 446 disca-

2096 499 2237 559 mus,
2281 493 2327 548 si
2371 489 2501 561 quid
2526 488 2651 542 alibi
2681 485 2880 539 humile
2904 482 3080 537 facere
3107 481 3255 534 illum
3284 479 3368 532 vel
3396 477 3593 531 dicere
3620 477 3702 527 ri-

2096 585 2353 650 derimus,
2373 595 2494 635 cum
2515 585 2732 650 propter
2746 589 2861 640 cas,
2887 586 3021 644 quas
3037 586 3209 641 nuper
3224 566 3702 631 enumeravimus,

2097 689 2306 741 causas,
2349 682 2459 727 tum
2503 669 2646 740 quod
2669 667 2937 722 auditores
2961 663 3027 717 ad
3058 662 3415 717 humilitatem
3457 657 3604 712 velit
3631 659 3706 710 in»

2099 768 2291 829 citare,
2319 779 2386 818 ne
2408 762 2607 816 idcirco
2629 759 2881 813 vilitatem
2907 755 2981 809 illi
3003 752 3310 808 substantim
3331 752 3706 819 impntemus:

2101 856 2359 928 siquidem
2376 853 2480 908 hoc
2497 853 2668 921 ipsum
2686 847 2825 920 quod
2846 860 3061 912 carnem
3081 843 3390 910 assumpsit,
3411 841 3486 893 ab
3505 855 3578 892 eo
3599 854 3711 906 pra

2103 948 2264 1002 nimia
2292 944 2588 998 humilitate
2611 948 2915 1007 susceptum
2941 943 3044 997 est,
3075 949 3178 986 non
3203 931 3344 1002 quod
3370 931 3542 984 Patre
3566 936 3713 980 esset

2104 1038 2342 1094 inferior.
2374 1034 2526 1090 Unde
2552 1047 2678 1086 vero
2709 1031 2760 1084 id
2790 1024 3040 1083 constat?
3068 1024 3199 1078 Nam
3231 1023 3332 1076 hoc
3363 1034 3595 1090 queque
3623 1033 3721 1068 ve-

2105 1130 2273 1186 ritatis
2307 1127 2486 1181 hostes
2512 1121 2891 1178 circumferunt
2923 1117 3159 1171 dicentes
3185 1129 3201 1168 :
3232 1114 3277 1167 si
3316 1110 3553 1180 aequalis
3596 1115 3716 1161 erat

2106 1220 2271 1284 Patri,
2306 1231 2466 1287 quam
2493 1215 2563 1270 ob
2589 1227 2801 1268 causam
2831 1210 2987 1265 Pater
3012 1221 3224 1262 carnem
3251 1219 3355 1258 non
3384 1199 3718 1268 assumpsit,

2107 1313 2200 1368 sed
2229 1311 2395 1366 Filius
2423 1308 2566 1363 servi
2581 1306 2822 1359 .formam
2866 1300 3078 1356 induit?
3119 1292 3312 1348 Annon
3356 1303 3442 1348 est
3473 1291 3719 1346 manife-

2109 1416 2272 1470 stum,
2303 1399 2555 1471 quoniam
2586 1396 2806 1452 inferior
2825 1392 2978 1447 erat?
3029 1389 3186 1458 Atqui
3217 1387 3259 1441 si
3291 1393 3582 1455 prepterea
3618 1395 3720 1434 no-

2111 1508 2274 1551 stram
2314 1491 2548 1561 suscepit
2588 1497 2852 1552 naturam,
2890 1484 3168 1554 Spiritum,
3215 1494 3376 1549 quem
3417 1476 3524 1545 ipsi
3573 1473 3722 1528 Filio

2111 1589 2372 1644 minorem
2393 1597 2514 1638 esse
2537 1588 2813 1636 autumant
2843 1587 2970 1648 (non
2999 1575 3141 1630 enim
3171 1572 3272 1626 hoc
3297 1585 3397 1624 nos
3423 1567 3716 1633 dicimus),

2113 1691 2328 1734 carnem
2355 1672 2634 1743 oportebat
2674 1682 2966 1724 assumere.
3009 1664 3067 1720 Si
3114 1663 3254 1718 enim
3296 1660 3504 1714 idcirco
3539 1657 3719 1727 rmjor

2115 1777 2197 1822 est
2231 1766 2364 1820 Filio
2389 1764 2568 1828 Pater,
2597 1759 2846 1831 quoniam
2873 1757 2961 1811 ille
2999 1755 3306 1809 incarnatus
3334 1759 3440 1815 est,
3470 1749 3565 1802 hic
3605 1763 3720 1801 non

2119 1865 2202 1913 est
2227 1856 2551 1918 incarnatus,
2595 1853 2698 1907 erit
2742 1850 2901 1904 etiam
2931 1846 3159 1915 Spiritus
3186 1843 3302 1912 ejus
3345 1839 3419 1895 ob
3462 1838 3724 1894 eamdem

2118 1963 2332 2004 causam
2379 1948 2496 2017 ipso
2533 1943 2704 2014 major
2739 1957 2754 1995 :
2791 1954 2962 2011 neque
3009 1938 3148 1993 enim
3196 1937 3310 2006 ipse
3359 1947 3586 1989 carnem
3629 1945 3720 1983 as-

2120 2039 2367 2108 sumpsit.

2192 2131 2278 2187 Ez
2299 2129 2574 2200 Scripturis
2591 2127 2832 2198 probatur
2852 2123 3043 2180 Filium
3063 2137 3168 2178 esse
3192 2119 3334 2173 Patri
3357 2117 3634 2188 (equuleus.
3654 2146 3722 2156 ——

2122 2224 2226 2280 Sed
2255 2238 2322 2278 ne
2350 2220 2680 2292 argumentis
2723 2216 2863 2272 istud
2888 2215 3341 2272 demonstremus,
3364 2224 3466 2278 age
3493 2225 3564 2262 ex
3595 2207 3725 2276 ipsis

2126 2315 2415 2384 Scripturis
2445 2315 2615 2382 ipsum
2645 2309 2935 2380 probemus
2960 2347 2977 2373 ,
3003 2315 3057 2361 et
3079 2304 3387 2359 humilitatis
3416 2315 3584 2355 causa
3612 2314 3725 2352 car-

2127 2422 2248 2462 nem
2276 2406 2419 2460 illum
2458 2400 2810 2470 assumpsisse
2854 2395 3213 2452 ostendamus.
3259 2391 3460 2447 Paulus
3507 2389 3724 2458 quidem

2127 2504 2295 2560 certe,
2327 2494 2415 2564 qui
2441 2493 2556 2546 haec
2581 2497 2819 2554 neverat,
2849 2503 2970 2542 cum
3009 2485 3074 2539 ad
3098 2483 3364 2554 quidpiam
3409 2481 3574 2536 nobis
3605 2479 3728 2533 uti'e

2131 2604 2228 2642 nos
2257 2586 2634 2640 cohortaturus
2665 2590 2766 2646 est,
2792 2576 3032 2646 exempla
3067 2575 3220 2629 nobis
3245 2573 3459 2626 virtutis
3487 2571 3566 2626 de
3594 2569 3724 2624 cmlo

2130 2677 2361 2733 demittit
2387 2691 2402 2728 :
2435 2684 2493 2728 ut
2518 2687 2639 2726 cum
2668 2679 3038 2738 smpenumero
3065 2661 3300 2720 caritatis
3325 2661 3578 2716 colenda
3605 2675 3726 2713 con-

2142 2770 2320 2822 silium
2350 2766 2464 2831 dat,
2511 2772 2563 2817 et
2592 2771 2647 2815 ut
2673 2776 2733 2814 se
2772 2769 2958 2812 mutuo
2995 2755 3233 2825 diligant,
3263 2753 3413 2821 cupit
3440 2749 3732 2820 discipulos

2135 2859 2377 2922 incitare,
2397 2854 2662 2910 Christum
2693 2850 2908 2907 adducit
2938 2849 2992 2901 in
3019 2846 3248 2900 medium
3271 2843 3486 2898 dicens:
3517 2839 3732 2897 Viti.di-

2135 2950 2274 3019 ligite
2290 2961 2496 3010 uxores,
2533 2945 2659 2998 sicut
2687 2952 2732 2996 et
2755 2941 2982 2996 Christus
3006 2935 3182 2990 dilexit
3205 2932 3486 2987 Ecclesium
3509 2930 3728 3002 (Ephcs.

2137 3038 2190 3093 5.
2223 3038 2339 3108 25).
2366 3037 2594 3102 Rursus,
2635 3036 2722 3089 ubi
2758 3034 2824 3088 de
2857 3031 3193 3100 eleemosyna
3228 3024 3476 3090 disserit,
3505 3023 3735 3092 idipsurn

2137 3131 2305 3186 facit:
2357 3128 2606 3199 quocirca
2653 3127 2815 3181 etiam
2841 3124 2967 3180 dicit
3008 3141 3023 3178 :
3071 3121 3226 3176 Scitis
3267 3119 3492 3190 gratiam
3523 3115 3732 3170 Domini

2138 3222 2296 3278 nostri
2327 3221 2453 3275 Jesu
2476 3220 2681 3284 Christi,
2721 3216 2958 3288 quoniam
2997 3222 3204 3284 propter
3229 3227 3313 3264 vos
3341 3225 3535 3279 egenus
3581 3211 3739 3279 fat-tus

2139 3324 2231 3378 est,
2263 3329 2378 3367 cum
2411 3319 2537 3366 esset
2569 3309 2724 3372 dives,
2759 3316 2815 3360 ut
2845 3306 2986 3360 illius
3017 3303 3192 3372 inopia
3237 3317 3320 3354 ros
3348 3300 3534 3353 divites
3571 3301 3740 3353 essetis

2142 3405 2220 3475 (2.
2260 3403 2380 3457 Cor.
2412 3402 2467 3457 8.
2497 3398 2576 3473 9).
2629 3399 2833 3454 [lorum
2879 3405 3051 3449 autem
3095 3392 3378 3446 verborum
3423 3390 3514 3443 hic
3557 3403 3742 3443 scrisis

2142 3502 2225 3550 est
2251 3512 2265 3548 ε
2295 3489 2741 3563 quemadmodum
2781 3485 2952 3541 factus
2983 3493 3067 3539 est.
3089 3495 3288 3552 egenus
3329 3480 3600 3533 Dominus
3629 3489 3740 3531 tuus

2144 3596 2357 3638 carnem
2384 3592 2683 3642 assumens,
2714 3578 2784 3631 ita
2813 3584 2866 3629 tu
2895 3575 2945 3629 in
2972 3573 3205 3643 pecuniis
3233 3584 3438 3639 egenus
3470 3567 3597 3621 fias.
3621 3567 3739 3622 Natu

2146 3681 2204 3727 ut
2225 3671 2376 3726 illum
2403 3677 2614 3738 egestas
2639 3667 2824 3736 gloria:
2845 3664 2978 3718 nihil
3006 3663 3160 3724 lzesit,
3192 3660 3270 3714 sic
3297 3674 3478 3727 neque
3505 3669 3561 3712 te
3592 3673 3739 3726 pecu—

2147 3762 2366 3816 niarum»
2388 3759 2566 3829 inopia
2598 3756 2795 3812 [sedere
2826 3755 3041 3826 poterit,
3069 3751 3162 3806 sed
3190 3749 3382 3804 multas
3413 3748 3512 3801 tibi
3533 3747 3741 3802 divitias

2149 3851 2500 3921 comparabit.
2543 3849 2633 3903 Sic
2673 3857 2726 3904 et
2765 3847 2834 3902 de
2875 3844 3173 3899 humilitate
3199 3839 3340 3910 apud
3370 3839 3739 3907 Philippeusrs

2150 3943 2419 3998 disserens
2439 3939 2707 3996 Christum
2735 3938 2786 3991 in
2814 3935 3046 3991 medium
3073 3931 3304 3995 adducit,
3330 3944 3572 3999 cumque
3594 3928 3742 3983 dixis

2152 4042 2271 4096 set,
2344 4029 2643 4084 Humilitatc
2693 4027 2789 4080 sibi
2853 4024 3062 4078 inuicem
3113 4021 3391 4091 superiores
3446 4019 3746 4070 arbitrantes

2155 4123 2413 4196 (Philipp.
2443 4121 2498 4175 2.
2529 4119 2608 4192 5),
2653 4117 2914 4188 adjunxit,
2957 4113 3072 4168 Hoc
3109 4113 3242 4166 enint
3279 4111 3461 4164 sentite
3496 4110 3553 4162 in
3597 4110 3750 4172 vobis,

2154 4213 2290 4285 quod
2335 4222 2380 4266 et
2406 4213 2460 4264 in
2485 4209 2683 4264 Christo
2719 4206 2865 4270 Jcsu,
2895 4205 2992 4274 qui
3015 4218 3130 4256 cum
3160 4201 3215 4254 in
3255 4199 3422 4270 {arma
3465 4196 3570 4251 Dei
3611 4208 3749 4260 (aut,

2159 4319 2260 4358 non
2293 4302 2530 4372 rapinam
2568 4299 2843 4353 arbitratus
2882 4299 2952 4349 est
2980 4309 3084 4348 esse
3114 4308 3168 4346 se
3201 4290 3450 4357 aqualem
3496 4287 3630 4353 Deo,
3672 4288 3749 4342 sui

2160 4395 2479 4464 semetipsum
2505 4389 2780 4445 exinanivit
2810 4390 3030 4458 formant
3056 4385 3185 4438 servi
3211 4381 3466 4451 accipiens
3488 4378 3603 4450 (Ib.
3630 4397 3678 4433 ε.
3700 4381 3744 4434 5.

2162 4486 2240 4555 7).
2273 4489 2442 4552 Atque
2481 4482 2524 4536 si
2554 4481 2693 4552 quod
2723 4487 2866 4535 esset
2893 4485 3079 4531 natura
3115 4473 3353 4536 inferior,
3391 4486 3623 4525 carnem
3667 4485 3746 4537 ge-

2164 4585 2309 4630 stare
2334 4574 2577 4643 dignatus
2604 4580 2707 4635 est,
2746 4583 2850 4623 non
2871 4568 2981 4637 jam
3013 4564 3139 4620 illud
3168 4563 3362 4618 factum
3387 4563 3498 4616 erit
3536 4561 3747 4615 humili-

2168 4667 2314 4732 tatis,
2353 4631 2448 4720 sed
2489 4631 2934 4731 frustra'protulit
2977 4657 3104 4713 illud
3136 4657 3353 4722 Paulus,
3383 4655 3518 4709 dum
3547 4657 3620 4710 ad
3661 4657 3746 4709 hu-
3812 4631 3813 4684 ἶ

2169 4757 2444 4811 militatum
2472 4754 2802 4808 adhortatur.
2843 4750 2978 4805 Tum
3005 4749 3146 4803 enim
3188 4745 3460 4800 humilitas
3488 4756 3599 4811 est,
3640 4762 3746 4800 cum
3812 4779 3813 4790 η

2169 4848 2396 4918 aequalis
2411 4845 2592 4900 obedit
2606 4843 2816 4914 aequali.
2835 4841 2946 4896 Hoc
2960 4837 3370 4910 igiturindicans
3389 4846 3448 4891 et
3469 4837 3592 4904 ipse
3607 4837 3748 4892 dicit:
3812 4867 3813 4872 η

2173 4938 2414 5004 Quicum
2455 4937 2509 4990 in
2550 4939 2717 5008 forma
2742 4933 2840 4987 Dei
2880 4940 3025 4994 esset,
3071 4945 3174 4984 non
3207 4929 3446 4999 rapinam
3490 4929 3751 4981 arbitratus

2175 5042 2245 5087 est
2273 5047 2378 5085 esse
2401 5047 2454 5084 se
2472 5027 2714 5100 aequalem
2741 5027 2865 5089 Deo,
2897 5026 2984 5079 sed
3008 5023 3324 5092 semetipsum
3349 5020 3640 5073 eainaniuit
3661 5024 3753 5088 for-

2171 5135 2310 5172 mam
2335 5118 2463 5174 servi
2491 5117 2762 5186 accipiens.
2784 5113 2921 5180 Quid
2948 5121 3051 5178 est,
3084 5109 3204 5164 Non
3224 5108 3466 5176 rapinam
3493 5109 3754 5160 arbitram

2176 5219 2252 5265 est
2291 5219 2400 5264 esse
2437 5224 2491 5263 se
2529 5207 2776 5276 aequalem
2817 5203 2926 5258 Deo
2948 5245 2965 5271 ,
3008 5202 3097 5257 sed
3131 5199 3454 5268 semetipsum
3495 5199 3756 5252 epistulari:

2177 5304 2397 5370 fortnam
2428 5299 2555 5352 serui
2581 5296 2870 5366 accipiens?
2893 5294 2996 5363 Qui
3017 5293 3191 5363 rapuit
3215 5290 3414 5361 aliquid
3435 5295 3506 5346 e'x
3537 5292 3624 5357 iis,
3657 5306 3756 5363 qua

2181 5389 2314 5444 nihil
2362 5388 2429 5443 ad
2468 5401 2532 5442 se
2567 5387 2813 5451 attinent,
2867 5384 2995 5440 illud
3037 5391 3291 5454 perpetuo
3329 5381 3551 5447 retinet,
3601 5397 3758 5452 nequ

2178 5490 2360 5554 potest
2399 5479 2590 5534 adduci
2621 5487 2678 5533 ut
2709 5478 2839 5532 illud
2865 5477 3127 5545 deponat,
3159 5473 3299 5544 quod
3331 5483 3572 5540 metuat,
3605 5489 3756 5542 neque

2187 5568 2516 5626 conﬁde-ter
2538 5566 2668 5622 illud
2696 5565 3002 5637 possideat:
3043 5565 3134 5634 qui
3163 5577 3290 5618 vero
3324 5562 3532 5618 bonum
3561 5564 3753 5622 alim
3812 5562 3813 5582 ‘

3809 765 3814 980 ἐ

3810 991 3814 1108 Ι

3811 5179 3813 5304 ι
