3854 6222
157 337 228 394 7Q
239 338 272 391 Ι.

157 452 346 513 λαιοὺς
381 445 746 515 ἀναγινώσκει
789 449 1008 514 νόμους,
1040 448 1284 509 καὶτοὺς
1321 447 1473 512 νέους
1508 449 1742 520 παρατί-

157 536 341 607 θησιν.
376 532 724 591 Ἠκούσατε,
747 537 932 599 φησὶν,
948 529 1037 582 ὅτι
1062 529 1273 598 ἐρρέθη
1301 529 1426 595 τοῖς
1441 530 1712 599 ἀρχαίοις
1733 548 1745 560 ·

152 622 246 674 οὐ
291 617 632 687 φονεύσεις.
664 607 802 666 Εἰπὲ
839 615 933 668 καὶ
963 612 1118 684 παρά
1146 613 1290 676 τίνος
1314 614 1516 685 ἐρρέθη
1536 630 1549 645 ⁸
1578 616 1644 669 σὺ
1677 612 1752 669 εἶ-

157 719 270 767 πας
299 700 482 763 τοῦτο,
507 698 541 769 ἢ
579 700 607 750 6
637 694 828 767 Πατὴρ
856 698 884 750 6
920 697 1047 764 06;;
1083 696 1225 749 Ἀλλ’
1256 697 1319 750 οὑ
1346 696 1514 765 λέγει.

227 873 385 937 Τίνος
421 869 516 926 οὖν
555 872 743 925 ἐνεκεν
783 870 943 924 τοῦτο
977 871 1225 941 ἐσίγησε,
1269 871 1366 924 καὶ
1403 871 1495 924 τὸν
1526 870 1751 924 εἰπόντα

149 958 258 1011 οὐκ
308 957 534 1027 ἐποίησε
575 954 832 1024 φανερὸν,
873 953 988 1006 ἀλλ’
1027 953 1357 1023 ἀπρόσωπον
1403 953 1503 1023 τὴν
1529 952 1754 1024 νομοθε-

157 1041 282 1095 σίαν
314 1040 644 1111 εἰσήγαγενς
677 1038 800 1091 Ὀτι
827 1038 876 1089 εἰ
908 1037 1008 1108 μὲν
1040 1033 1195 1090 εἶπεν
1215 1053 1230 1067 ο
1271 1037 1346 1090 Ού
1379 1035 1532 1108 [556]
1562 1035 1753 1106 φονεύ-

159 1141 294 1188 σεις,
335 1121 450 1193 ἐγὼ
495 1123 552 1176 δὲ
585 1118 736 1190 λέγω
767 1121 896 1191 ὑμῖν
919 1119 1069 1173 Ὀὐκ
1095 1119 1428 1193 όργισθήσῃ,
1479 1119 1655 1184 ἔδοξεν
1685 1119 1752 1174 ἂν

152 1208 302 1280 βαρὺ
330 1207 394 1260 τὸ
414 1205 708 1275 λεγόμενον
735 1199 876 1257 εἶναι
906 1201 996 1255 διὰ
1021 1203 1124 1280 τὴν
1158 1202 1422 1257 ἀπόνοιαν
1447 1201 1554 1256 τῶν
1583 1210 1751 1264 ἀκουέ

152 1277 328 1346 όντων
350 1289 576 1362 μηδέπω
603 1287 842 1340 συνιέναι
861 1277 1290 1357 δυναμένωνβτι
1308 1286 1408 1340 οὐκ
1427 1285 1753 1362 ἀνατρέπων

149 1373 228 1428 τά
253 1361 516 1444 πρότερα,
565 1371 681 1423 ἀλλ’
729 1368 910 1434 αὔξων
950 1370 1121 1422 ταῦτα
1155 1368 1503 1438 ἐνομοθέτει·
1542 1369 1636 1422 καὶ
1677 1361 1754 1420 εἴ·

155 1473 261 1510 πον
291 1455 359 1509 ἂν
395 1453 534 1524 πρὸς
561 1452 722 1507 αὐτόν
747 1470 761 1484 ·
800 1453 866 1506 Τί
898 1451 1119 1520 λέγεις;
1157 1451 1186 1502 6
1211 1452 1404 1521 Πατήρ
1429 1469 1522 1505 σου
1554 1446 1709 1504 εἶπεν
1734 1468 1749 1482 ο

150 1540 232 1592 Οὐ
261 1535 570 1608 φονεύσεις,
597 1537 662 1589 σὺ
687 1534 745 1590 δὲ
779 1535 990 1603 λέγεις·
1022 1534 1137 1588 Οὑκ
1163 1532 1502 1606 ὀργισθήσῃ;
1533 1534 1630 1587 Ἵν⁹
1659 1530 1753 1588 οὖν

155 1627 236 1695 μή
274 1640 362 1686 τις
389 1622 630 1676 ἐναντίον
659 1619 822 1674 αὑτὸν
859 1618 937 1690 τῷ
971 1617 1148 1687 Πατρὶ
1175 1616 1374 1690 νομίσῃ
1406 1615 1568 1682 εἶναι,
1595 1617 1630 1689 ἢ
1675 1616 1749 1680 ὡς

155 1704 470 1778 σοφώτερόν
493 1723 548 1760 τι
581 1704 742 1758 πλέον
763 1703 1038 1773 εἰσφέρειν
1067 1701 1304 1768 ἐκείνου,
1340 1701 1442 1754 οὑκ
1466 1696 1640 1762 εἶπεν,
1667 1700 1751 1754 δτι

160 1791 470 1846 Ἠκούσατε
489 1787 640 1860 παρὰ
670 1786 764 1840 τοῦ
801 1784 1036 1856 Πατρός.
1068 1783 1238 1839 Πάλιν
1263 1786 1314 1838 εἰ
1341 1780 1494 1838 εἶπεν
1513 1801 1527 1817 ο
1565 1785 1753 1838 Ἠκού-

154 1893 288 1932 σατε
319 1876 402 1927 ὅτι
449 1871 560 1940 ἐγὼ
611 1867 765 1926 εἶπον
795 1871 909 1931 τοῖς
939 1866 1208 1938 ἀρχαίοις,
1259 1867 1535 1938 ἀφόρητον
1571 1866 1752 1934 ἔδοξεν

150 1962 226 2015 ἂν
265 1955 426 2021 εἰναι,
476 1956 572 2010 καὶ
614 1953 774 2007 τοῦτο
805 1951 907 2005 οὑκ
939 1950 1158 2004 ἔλαττον
1204 1949 1240 2022 ἢ
1276 1950 1338 2004 τὺ
1369 1950 1654 2024 πρότερον.
1686 1951 1750 2004 Εἰ

152 2044 292 2116 γάρ,
331 2040 520 2111 ἐπειδὴ
552 2033 696 2104 εἷπε,
726 2035 848 2106 Πρὸ
895 2034 1004 2089 τοῦ
1047 2033 1295 2104 Ἀϐραὰμ
1322 2032 1602 2104 γενέσθαι
1636 2033 1752 2104 ἐγώ

150 2131 298 2196 εἰμι,
329 2124 548 2178 λιθάσαι
591 2120 753 2175 αὑτὸν
788 2119 1176 2190 ἐπεχείρησαν,
1207 2119 1258 2172 εἰ
1298 2116 1639 2188 προσέθηκεν
1667 2117 1750 2170 ὅτι

156 2212 256 2265 καὶ
280 2211 488 2278 Μωῦσῇ
513 2205 678 2270 αὑτὸς
700 2204 793 2258 τὸν
819 2203 984 2273 νόμον
1025 2201 1217 2270 ἔδωκε,
1247 2200 1302 2254 τί
1336 2199 1438 2253 οὑκ
1468 2199 1535 2254 ἂν
1561 2200 1750 2272 ἐποίη-

157 2312 261 2349 σαν
283 2312 300 2362 ;
325 2292 423 2346 Διά
450 2289 610 2345 τοῦτο
639 2286 766 2341 οὔτε
798 2285 928 2358 περὶ
960 2283 1178 2349 ἐαυτοῦ,
1210 2282 1336 2338 οὔτε
1361 2283 1492 2355 περὶ
1515 2283 1609 2338 τοῦ
1633 2284 1750 2336 Πα-

152 2378 286 2447 τρὸς
335 2375 487 2429 οὐδὲν
519 2369 711 2435 εἰπὼν,
769 2368 908 2424 ἀλλά
957 2368 1120 2440 μέσον
1164 2367 1344 2436 ἀφεὶς,
1392 2367 1490 2420 καὶ
1533 2364 1744 2419 εἰπών·

165 2460 498 2518 Ἠκούσατε
532 2455 623 2510 ὅτι
653 2453 867 2522 ἐρρέθη
904 2451 1029 2518 τοῖς
1063 2450 1367 2520 ἀρχαίοις·
1417 2451 1501 2504 Οὐ
1527 2449 1747 2518 φονεύ-

147 2559 290 2611 σεις
313 2559 326 2574 ·
365 2545 504 2612 ὅπερ
537 2539 631 2593 ἐπὶ
662 2537 773 2591 τῶν
803 2535 1075 2606 σωμάτων
1107 2532 1354 2604 ἐποίησε,
1405 2532 1495 2586 διὰ
1520 2533 1619 2603 τῆς
1650 2530 1745 2585 τοῦ

153 2630 435 2689 λείποντος
469 2619 912 2691 ἀναπληρώσεως
949 2616 1167 2684 διδάξας
1199 2617 1398 2680 αὑτοὺς
1424 2616 1519 2671 καὶ
1562 2615 1655 2670 τὸν
1687 2615 1746 2668 ἐν

154 2715 302 2786 ἀρχῇ
364 2706 850 2786 δημιουργήσαντα
908 2701 1033 2786 τδνῌ
1059 2701 1381 2786 ἄνθρωπον,
1409 2699 1588 2786 Δτοῦτο
1654 2697 1747 2786 καί

155 2780 394 2851 ἐνταῦθα
434 2792 599 2854 ποιεῖ,
644 2786 733 2841 διά
785 2785 888 2856 τῆς
939 2783 1036 2838 τοῦ
1075 2783 1245 2854 νόμου
1284 2780 1622 2853 διορθώσεως
1653 2781 1747 2836 καὶ

152 2882 256 2951 τῆς
302 2876 396 2930 τοῦ
453 2872 728 2934 ἐνδέοντος
771 2866 1095 2941 προσθήκης
1143 2866 1411 2951 διδάσκων
1460 2864 1544 2951 τίς
1598 2865 1746 2951 ἐστιν

154 2965 191 3018 ὂ
214 2945 335 3015 ’καὶ
382 2955 535 3030 παρά
594 2955 692 3024 τὴν
734 2953 909 3024 ἀρχὴν
963 2950 1055 3004 τὸν
1113 2949 1277 3020 νόμον
1320 2945 1587 3010 δεδωκώς.
1649 2946 1747 3030 Aul

152 3046 316 3100 τοῦτο
373 3043 468 3095 xal
528 3038 657 3110 περὶ
713 3037 811 3107 τῆς
871 3033 965 3088 τοῦ
1027 3033 1317 3106 ἀνθρώπου
1384 3029 1746 3102 δημιουργίας

153 3126 557 3194 διαλεγόμενος,
590 3120 714 3173 οὔτε
755 3118 974 3183 ἐαυτοῦ,
1023 3116 1148 3170 οὔτε
1180 3115 1275 3169 τοῦ
1311 3113 1526 3185 Πατρὸς
1575 3113 1746 3184 ἐμνή-

156 3211 263 3280 σθη
286 3249 302 3274 ,
356 3207 491 3260 ἀλλὰ
539 3205 634 3258 καὶ
688 3201 920 3256 ἐνταῦθα
981 3198 1313 3271 ἀπρόσωπόν
1362 3215 1423 3250 τε
1478 3197 1574 3250 καὶ
1630 3197 1747 3249 ἀδι-

148 3297 370 3368 όριστον
407 3293 638 3345 ποιεῖται
664 3287 755 3341 τὸν
800 3287 982 3354 λόγον,
1008 3282 1205 3368 εἰπών·
1368 3280 1633 3368 ποιήσας
1674 3280 1745 3368 ἐξ

153 3363 370 3449 ἀρχῆς,
385 3375 572 3442 ἄρσεν
605 3370 704 3425 καί
731 3368 890 3437 θῆλυ
921 3367 1212 3435 ἐποίησεν
1239 3364 1500 3449 αύτούς-ξ’
1543 3363 1639 3418 καὶ
1665 3363 1745 3449 τῷ

158 3447 263 3535 μὲν
285 3462 489 3532 ῥήματι
521 3455 746 3526 ἐσίγησε
781 3453 874 3506 τὸν
913 3452 1236 3535 ποιήσαντα,
1270 3447 1349 3535 τῶ
1371 3447 1428 3501 δὲ
1454 3447 1616 3535 έργῳν
1634 3448 1743 3535 ἐδί-

147 3529 383 3613 δαξεντά
428 3541 682 3595 λείποντα
716 3535 827 3590 τῶν
873 3535 1143 3606 σωμάτων
1189 3531 1541 3602 ἀναπληρῶν.
1586 3529 1744 3613 Οὕτω

155 3612 253 3686 καί
275 3626 510 3683 ἐνταῦθα
539 3620 731 3678 εἰπὼν.
771 3621 854 3674 ὅτι
893 3619 1227 3675 Ἠκούσατε
1260 3615 1350 3668 ὅτι
1375 3613 1586 3683 ἐρρέθη
1621 3612 1745 3680 τοῖς

153 3711 448 3782 ἀρχαίοις,
502 3704 656 3776 παρά
706 3703 804 3774 μὲν
835 3701 982 3764 τίνος
1036 3697 1516 3782 ἐρρέθηῗέσίγησε,
1687 3694 1744 3749 δὲ

153 3777 270 3850 τῶν
297 3793 474 3865 ἔργων
495 3788 674 3865 αὐτῶν
701 3785 970 3858 ἐδήλωσεν
1003 3782 1218 3835 ἐαυτόν.
1249 3781 1307 3834 '0
1335 3780 1443 3865 γάρ
1467 3777 1528 3865 τὸ
1548 3777 1744 3865 λεῖπον

157 3861 584 3947 ἀναπληρώσας,
615 3863 770 3932 οὗτός
803 3871 950 3922 ἐστιν
979 3868 1007 3920 ό
1037 3865 1134 3920 καὶ
1160 3865 1220 3929 ἐξ
1246 3864 1421 3935 ἀρχῆς
1445 3861 1605 3947 αὑτὸν
1631 3863 1744 3914 εἰσ-

152 3943 419 4027 ενεγκὼν.
458 3954 568 4008 Kal
597 3952 794 4015 αὐτοὺς
827 3951 885 4004 δέ
915 3949 1044 4012 τοὺς
1077 3947 1342 4009 παλαιοὺς
1377 3943 1744 4012 ἀναγινώσκει

152 4026 378 4114 νόμους,
407 4040 493 4092 ἵνα
531 4039 600 4108 τῇ
641 4034 945 4107 παραθέσει
984 4030 1231 4103 μάθωσιν
1261 4026 1628 4114 οἰάκούοντες
1659 4027 1742 4080 ὅτι

147 4109 283 4182 οὔτε
306 4118 676 4182 ἐναντιώσεώς
697 4120 813 4172 ἐστι
839 4115 908 4170 τὰ
933 4114 1226 4184 λεγόμενα,
1248 4111 1343 4165 καὶ
1361 4111 1444 4164 ὅτι
1465 4109 1543 4179 τῷ
1557 4126 1744 4178 γεγεν-

154 4209 347 4282 νηκότι
365 4206 463 4277 τὴν
485 4203 652 4274 αὑτὴν
668 4199 918 4267 ἐξουσίαν
937 4197 1072 4282 έχει.
1098 4195 1287 4282 Ταῦτα
1312 4193 1407 4282 καὶ
1430 4193 1744 4282 οἰῄἹουδαῖοι

156 4274 401 4363 σύν-ἧκαν
420 4274 514 4342 καὶ
532 4283 862 4354 ἐθαύμαζον.
884 4283 996 4363 Kal
1012 4281 1092 4334 ὅτι
1119 4278 1451 4363 ἐθαύμαζον,
1468 4276 1650 4363 ἄκουε
1646 4274 1741 4363 τοῦ

154 4357 546 4440 εὐαγγελιστοῦ
585 4364 744 4420 τοῦτο
793 4361 1080 4435 δηλοῦντος
1115 4361 1211 4414 καὶ
1261 4359 1514 4440 λέγοντᾳς
1534 4373 1548 4387 .
1594 4357 1745 4440 Ἑξε-

149 4438 538 4522 πλήσσοντο,
567 4449 752 4520 φησιν,
775 4449 831 4502 οί
857 4446 1031 4514 ὄχλοι
1051 4444 1149 4497 ἐπὶ
1175 4440 1248 4510 τῇ
1274 4438 1497 4511 διδαχῇ
1530 4438 1740 4503 αὐτοῦ,

154 4541 250 4594 ὅτι
276 4521 602 4590 ἐδίδασκεν
625 4530 850 4597 αὐτοὺς
872 4529 953 4595 ὠς
971 4526 1265 4592 ἐξουσίαν
1292 4524 1470 4592 ἔχων,
1505 4521 1603 4576 καί
1629 4523 1742 4591 οὐχ

147 4623 240 4688 ὡς
265 4624 318 4673 οἱ
347 4605 702 4690 γραμματεῖς
729 4611 928 4668 αὐτῶν
942 4610 1041 4665 καί
1059 4612 1112 4663 οἱ
1133 4606 1460 4690 Φαρισαῖοι.
1481 4601 1744 4690 Τί-ούν,-εί

154 4687 534 4766 κακῶςτοῦτο
559 4696 881 4752 ὑπώπτευον
907 4695 1104 4748 ἐκεῖνοι
1129 4709 1144 4759 ;
1171 4689 1326 4761 φησί.
1360 4688 1470 4742 Kal
1503 4687 1610 4759 μὴν
1643 4687 1745 4741 οὑκ

151 4787 478 4841 ἐνεκάλεσεν
517 4783 719 4846 αὑτοῖς,
767 4779 889 4833 οὑδὲ
921 4776 1276 4846 ἐπετίμησεν,
1305 4771 1440 4826 ἀλλά
1482 4771 1579 4825 καὶ
1617 4771 1746 4825 ἐκύ-

159 4887 337 4945 ρωσεν
358 4867 537 4922 αὐτῶν
563 4865 660 4937 τὴν
683 4861 929 4935 γνώμην.
978 4858 1386 4945 Προσελθόντος.
1406 4855 1515 4945 γὰρ
1540 4855 1745 4945 εύθέως

150 4938 255 5008 τοῦ
285 4951 485 5023 λεπροῦ
515 4949 610 5005 καὶ
644 4948 921 5017 λέγοντος·
953 4945 1150 5012 Κύριε,
1176 4940 1287 4996 ἐὰν
1323 4939 1527 5009 θέλῃς,
1565 4938 1746 4993 δύνα-

149 5038 268 5094 σαί
299 5053 376 5106 με
412 5034 761 5102 καθαρίσαι·
807 5029 862 5083 τί
907 5043 1072 5100 φησι;
1116 5025 1301 5090 Θέλω,
1332 5023 1743 5106 καθαρίσθητι.

151 5121 274 5178 Καὶ
306 5105 463 5182 τίνος
501 5117 688 5170 ἐνεκεν
727 5113 827 5167 οὑκ
866 5106 1019 5166 εἶπεν
1065 5109 1276 5172 ἁπλῶς,
1328 5105 1744 5176 Καθαρίσθητι;

153 5203 338 5258 καίτοι
373 5202 406 5255 6
441 5200 643 5272 λεπρὸς
691 5195 1077 5270 ἐμαρτύρησεν
1110 5191 1261 5262 αὑτῷ
1293 5189 1542 5254 ἐξουσίαν
1573 5187 1744 5272 ἔχειν,

151 5284 355 5349 εἰπὼν,
413 5270 565 5338 Ἐὰν
583 5282 782 5351 θέλῃς.
841 5278 982 5334 Ἀλλ’
1012 5278 1101 5332 ἴνα
1141 5276 1218 5347 μὴ
1250 5275 1481 5346 νομίσῃς
1521 5272 1620 5342 τῆς
1649 5270 1745 5324 τοῦ

154 5366 368 5440 λεπροῦ
396 5365 621 5438 γνώμης
643 5359 786 5417 εἶναι
809 5361 870 5415 τὸ
905 5360 1047 5415 Ἐὰν
1075 5358 1282 5427 θέλῃς,
1312 5354 1621 5440 προσέθηκε
1653 5355 1747 5440 καὶ

155 5435 326 5516 αὑτδς
359 5435 589 5519 λέγων(
610 5448 794 5509 Θέλω,
839 5443 1250 5513 καθαρίσθητι.
1278 5439 1466 5501 Οὕτως
1497 5435 1746 5507 ἐπίτηδες

159 5534 443 5606 πανταχοῦ
474 5533 574 5604 τὴν
606 5530 856 5600 ἐξουσίαν
883 5527 1119 5581 ἐδείκνυε
1161 5526 1260 5597 τὴν
1289 5521 1507 5586 ἐαυτοῦ,
1539 5521 1634 5576 καί.
1665 5520 1746 5573 ὅτι

223 5751 255 5781 ⁸
276 5750 428 5811 Saml.
462 5749 732 5811 legendum
766 5741 963 5809 conjicil
981 5741 1124 5791 εἶπεν·
1158 5737 1218 5790 Ὅ
1245 5739 1400 5804 πατήρ
1425 5753 1516 5802 μου
1544 5738 1640 5795 τοῖς
1662 5738 1747 5802 ἀρ-

155 5813 318 5874 χαίοις
339 5810 484 5862 εἶπεν·
506 5810 597 5863 Οὐ.

947 337 1030 388 ΗΕ
1069 337 1346 390 υιιιιιςιίι
1388 337 1750 403 l‘lllLClBUS,
1789 338 2068 393 CONTRA
2103 340 2493 396 ANOMGSOS.
2526 341 2593 394 Χ.

3343 346 3449 403 79.2

1861 450 2039 505 πάντα
2093 451 2201 505 ἀπὸ
2231 452 2514 516 αὑθεντίας
2546 457 2724 507 ποιεί·
2781 456 2903 508 ἐπεὶ
2940 456 2990 510 εἰ
3040 455 3116 526 μὴ
3149 454 3306 510 τοῦτο
3355 451 3447 528 ἦν,

1861 533 2116 604 περιττὸν
2143 529 2212 605 ἦν
2244 535 2304 588 τὸ
2330 534 2640 607 λεγόμενον.

1934 781 2006 842 ς’.
2026 776 2305 842 Μαθόντες
2325 780 2503 832 τοίνυν
2527 780 2614 833 διὰ
2635 782 2850 836 πάντων
2868 773 3032 838 αὑτοῦ
3053 785 3152 856 τὴν
3173 785 3444 851 ἐξουσίαν,

1859 857 1926 913 ἂν
1958 860 2155 931 ἴδωμεν
2175 861 2402 932 ἑτέρωθι
2429 864 2683 918 ταπεινόν
2708 883 2761 918 τι
2793 867 3051 920 ποιοῦντα
3079 869 3173 923 καὶ
3195 867 3443 937 λέγοντα,

1858 942 1950 995 διά
1990 961 2048 996 τε
2082 945 2181 1008 τὰς
2211 946 2387 1011 αἰτίας
2429 947 2495 1010 ἃς
2531 948 2920 1019 ἠριθμήσαμεν
2972 951 3184 1024 πρῴην,
3235 954 3332 1006 καὶ
3358 954 3446 1007 διὰ

1863 1025 2014 1097 [557]
2041 1027 2101 1080 τὸ
2122 1027 2409 1098 βούλεσθαι
2431 1032 2557 1094 τοὺς
2584 1031 2882 1096 ἀκούοντας
2905 1035 2984 1097 εἰς
3013 1036 3444 1106 ταπεινοφροσύ-

1860 1126 1959 1178 νην
1991 1111 2301 1178 ἐναγαγεῖν,
2335 1113 2410 1182 μὴ
2443 1113 2532 1166 διά
2561 1113 2719 1168 τοῦτο
2744 1115 2908 1168 αὑτὸν
2937 1117 3016 1179 εἰς
3046 1116 3322 1171 εὐτέλειαν
3355 1120 3446 1172 οὑο

1863 1191 1982 1254 σίας
2003 1191 2399 1264 διαϐάλλωμεν.
2434 1196 2545 1249 Kal
2567 1196 2677 1266 γὰρ
2703 1197 2835 1250 αὐτὸ
2858 1198 2920 1250 τὸ
2945 1198 3124 1269 σάρκα
3155 1200 3445 1255 ἀναλαϐεῖν

1859 1274 1970 1328 ἀπὸ
2007 1277 2508 1350 ταπεινοφροσύνης
2545 1280 2859 1350 ὑπέμεινεν,
2895 1282 2956 1334 ού
2985 1281 3074 1335 διά
3100 1282 3160 1335 τὸ
3183 1284 3446 1338 καταδεέ-

1862 1376 2055 1432 στερον
2087 1358 2226 1415 εἶναι
2247 1362 2343 1415 τοῦ
2364 1363 2597 1434 Πατρός.
2625 1365 2736 1418 Kal
2765 1365 2930 1419 πόθεν
2951 1367 3112 1420 τοῦτο
3135 1366 3446 1436 δῆλονςΚαὶ

1860 1443 1970 1515 γὰρ
1997 1446 2093 1498 καὶ
2120 1444 2280 1499 τοῦτο
2313 1446 2704 1517 περιφέρουσιν
2737 1449 2785 1500 οἱ
2818 1447 2919 1518 τῆς
2949 1447 3206 1518 ἀληθείας
3233 1450 3442 1520 ἐχθροὶ,

1859 1524 2129 1593 λέγοντες,
2151 1528 2234 1580 ὅτι
2262 1529 2324 1581 Εἰ
2357 1528 2468 1592 ίσος
2500 1524 2569 1600 ἦν
2593 1529 2671 1599 τῶ
2697 1530 3070 1600 γεγεννηκότι,
3087 1531 3232 1595 τινος
3260 1532 3444 1586 ἕνεκεν

1859 1608 1888 1660 6
1920 1609 2108 1680 Πατὴρ
2150 1611 2250 1664 οὐκ
2277 1611 2504 1664 ἀνέλαϐε
2549 1612 2752 1683 σάρκα,
2787 1612 2901 1666 ἀλλ’
2934 1613 2964 1665 6
2992 1613 3121 1678 Υἰὺς
3146 1613 3314 1667 ὑπέδυ
3346 1615 3444 1683 τὴν

1858 1690 1955 1744 τοῦ
1983 1692 2170 1746 δούλου
2201 1695 2452 1764 μορφὴν;
2493 1690 2603 1765 ἆρα
2637 1695 2738 1748 οὑκ
2763 1693 2987 1765 εὔδηλον
3015 1695 3096 1748 ὅτι
3127 1696 3314 1768 ἐπειδὴ
3345 1715 3444 1750 κα-

1858 1773 2211 1843 ταδεέστερος
2240 1771 2308 1848 ἦν
2328 1793 2343 1842 ;
2367 1778 2477 1830 Kal
2511 1778 2638 1848 μὴν,
2664 1779 2713 1830 εἰ
2742 1776 2831 1831 διά
2855 1777 3014 1832 τοῦτο
3042 1777 3140 1849 τὴν
3163 1779 3444 1850 ἡμετέραν

1859 1857 2028 1912 ὑπέδυ
2084 1859 2268 1927 φύσιν,
2311 1859 2373 1912 τὸ
2414 1860 2658 1930 Πνεῦμα,
2705 1861 2734 1914 ὃ
2766 1877 2931 1930 φασιν
2973 1860 3127 1914 αὐτοὶ
3177 1861 3273 1915 τοῦ
3308 1863 3441 1915 Υἰοῦ

1858 1938 2078 1994 ἔλαττον
2109 1938 2247 1996 εἶναι
2267 1944 2348 2013 (οὑ
2375 1943 2484 2014 γὰρ
2513 1943 2578 1997 ἂν
2603 1945 2765 2015 ἡμεῖς
2794 1943 3088 2014 εἴποιμεν),
3106 1946 3285 1998 ἐκεῖνο
3307 1962 3441 2016 σαρ-

1858 2023 2104 2094 κωθῆναι
2144 2027 2271 2080 ἔδει.
2301 2027 2366 2079 Εἰ
2396 2027 2507 2096 γάρ
2555 2026 2646 2080 διὰ
2686 2026 2845 2080 τοῦτο
2874 2027 3077 2098 μείζων
3109 2027 3202 2081 τοῦ
3245 2027 3380 2081 Υίοῦ
3411 2029 3444 2081 6

1857 2108 2069 2180 Πατὴρ,
2099 2109 2290 2181 ἐπειδὴ
2322 2111 2350 2162 6
2382 2111 2480 2180 μέν
2509 2109 2822 2180 ἐσαρκώθη,
2853 2113 2883 2164 6
2909 2110 2967 2164 δέ
2993 2111 3096 2164 οὐκ
3123 2109 3439 2184 ἐσαρκώθη,

1857 2190 2012 2244 ἔσται
2045 2193 2140 2246 καὶ
2191 2193 2252 2246 τὸ
2296 2192 2522 2262 Πνεῦμα
2566 2191 2731 2247 αὑτοῦ
2777 2191 2866 2246 διὰ
2918 2192 3018 2262 τὴν
3050 2192 3222 2264 αὐτὴν
3261 2192 3442 2247 αἰτίαν

1857 2273 2046 2343 μεῖζον
2066 2291 2080 2304 ο
2115 2274 2237 2328 οὐδὲ
2267 2274 2375 2346 γὰρ
2401 2275 2532 2328 αὑτὸ
2563 2275 2745 2346 σάρκα
2774 2273 3057 2331 ἀνέλαϐεν.

1940 2535 2078 2588 Ἀλλ’
2124 2533 2212 2587 ἵνα
2260 2534 2334 2607 μὴ
2385 2535 2494 2588 ἀπὸ
2527 2535 2898 2607 συλλογισμῶν
2933 2536 3090 2592 τοῦτο
3126 2537 3441 2608 ἀποφαινώ-

1859 2619 2020 2690 μεθα,
2061 2620 2194 2689 φέρε
2235 2620 2329 2671 ἀπ’
2360 2618 2540 2674 αὐτῶν
2572 2620 2680 2674 τῶν
2713 2621 2946 2691 Γραφῶν
2983 2623 3118 2677 αὐτὸ
3157 2622 3442 2694 παραστή-

1858 2718 2062 2772 σωμεν,
2094 2701 2430 2765 δεικνύοντες
2475 2703 2558 2755 ὅτι
2587 2702 2676 2756 διά
2724 2705 3228 2779 ταπεινοφροσύνην
3259 2705 3442 2777 σάρκα

1854 2783 2136 2838 ἀνέλαϐεν.
2183 2783 2242 2836 ὐ
2299 2784 2406 2856 γὰρ
2438 2784 2646 2848 Παῦλος
2677 2786 2706 2837 6
2747 2786 2922 2840 ταῦτα
2971 2787 3126 2852 εἰδὼς
3170 2786 3438 2857 ἀκριϐῶς,

1855 2866 2073 2920 ἐπειδάν
2109 2867 2278 2939 μέλλῃ
2320 2884 2374 2920 τι
2416 2867 2526 2922 τῶν
2554 2869 2839 2940 χρησίμων
2872 2871 3003 2941 ἡμῖν
3036 2874 3341 2943 παραινεῖν,
3370 2869 3442 2923 τά

1856 2951 2230 3021 ὑποδείγματα
2251 2950 2456 3004 ἀνωθεν
2490 2953 2878 3022 ἠμῖνκατάγει
2911 2953 3012 3025 τῆς
3035 2955 3234 3026 ἀρετῆς
3254 2971 3268 2985 ·
3303 2948 3437 3019 οἷον,

1857 3033 2214 3104 συμϐουλεύει
2240 3031 2499 3095 πολλάκις
2535 3034 2663 3103 περί
2698 3033 2942 3104 ἀγάπης,
2989 3037 3086 3089 καὶ
3116 3036 3440 3108 βουλόμενος

1851 3117 2143 3184 ἐναγαγείν
2199 3117 2326 3180 τοὺς
2373 3114 2622 3186 μαθητάς
2663 3118 2744 3180 εἰς
2790 3118 2851 3170 τὸ
2901 3121 3121 3190 ἀγαπᾷν
3155 3121 3436 3193 ἀλλήλους,

1853 3201 2091 3272 Χριστὸν
2120 3201 2200 3262 εἰς
2231 3199 2397 3271 μέσον
2430 3199 2670 3267 παράγει
2695 3198 2866 3268 λέγων
2889 3217 2903 3231 ο
2941 3205 3005 3256 Οἱ
3027 3202 3265 3271 ἄνδρες,
3293 3205 3438 3275 ἀγα-

1852 3283 2003 3338 πᾶτε
2027 3284 2137 3350 τὰς
2162 3282 2474 3354 γυναῖκας,
2503 3282 2700 3347 καθὼς
2727 3283 2828 3336 καὶ
2861 3287 2894 3339 ὁ
2914 3286 3170 3354 Χριστὸς
3198 3288 3436 3357 ἠγάπη-

1851 3383 1927 3420 σε
1942 3365 2056 3433 τὴν
2070 3365 2457 3433 Ἐκκλησίαν.
2476 3364 2899 3429 Πάλιν,ἐπειδάν
2917 3368 3045 3439 περὶ
3065 3368 3440 3442 ἐλεημοσύνης

1850 3447 2188 3519 διαλέγηται,
2216 3447 2373 3501 τοῦτο
2410 3448 2542 3501 αὑτὸ
2570 3451 2742 3501 ποιεῖ’
2784 3449 2865 3502 διὸ
2902 3451 2997 3503 καὶ
3035 3450 3224 3518 λέγει·
3251 3453 3436 3506 Γινώ-

1850 3549 2030 3587 σκετε
2071 3533 2186 3602 τὴν
2227 3532 2403 3602 χάριν
2440 3531 2546 3586 τοῦ
2587 3532 2810 3600 Κυρίου
2858 3533 3026 3602 ἡμῶν
3072 3535 3268 3604 Ἰησοῦ
3301 3539 3437 3606 Χρι-

1851 3616 2024 3681 στοῦ,
2061 3617 2150 3670 ὅτι
2193 3615 2268 3668 δι’
2297 3613 2452 3686 ὑμᾶς
2489 3614 2837 3684 ἐπτώχευσε
2870 3617 3169 3684 πλούσιος
3198 3616 3304 3681 ὢν,
3337 3620 3439 3674 ἵνα

1850 3700 2020 3770 ὑμεῖς
2048 3699 2125 3767 τῇ
2152 3699 2393 3753 ἐκείνου
2431 3699 2690 3768 πτωχείᾳ
2712 3698 3123 3768 πλουτήσητε.
3172 3704 3236 3756 Ὃ
3264 3702 3322 3756 δέ
3350 3703 3437 3756 λέο

1850 3802 1935 3854 γει
1963 3783 2202 3837 τοιοῦτόν
2229 3784 2376 3835 ἐστιν
2398 3799 2412 3814 ’
2435 3781 2668 3852 ὥσπερὸ
2683 3783 2959 3854 Δεσπότης
2989 3801 3081 3838 σου
3103 3785 3433 3856 ἐπτώχευσε,

1853 3870 2032 3940 σάρκα
2060 3865 2507 3938 περιϐαλόμενος,
2564 3864 2708 3917 οὑτω
2757 3865 2821 3918 σὺ
2866 3865 3180 3936 πτώχευσον
3209 3870 3267 3921 ἐν
3299 3872 3434 3940 χρή-

1855 3968 1986 4021 μασι
2011 3967 2024 3981 ο
2063 3950 2159 4004 καὶ
2184 3948 2293 4019 γάρ
2321 3948 2509 4018 ῶσπερ
2540 3949 2747 4000 ἐκεῖνον
2775 3947 2928 4000 οὐδὲν
2961 3948 3194 4016 ἔϐλαψεν
3220 3952 3251 4020 ή
3286 3967 3434 4004 πτω-

1849 4033 1974 4103 χεία
1999 4035 2098 4103 τῆς
2145 4031 2323 4102 δόξης,
2356 4029 2529 4093 οὑτως
2562 4029 2683 4083 οὐδὲ
2733 4029 2794 4082 σὲ
2839 4030 3040 4100 βλάψαι
3085 4031 3370 4102 δυνήσεται
3400 4035 3434 4105 ἠ

1849 4116 1957 4170 τῶν
1984 4114 2283 4187 χρημάτων
2333 4113 2598 4183 πτωχεία,
2646 4111 2782 4167 ἀλλά
2813 4113 2981 4168 πολὺν
3030 4116 3322 4184 ἐργάσεταί
3352 4135 3434 4171 σοι

1849 4201 1941 4255 τὸν
1979 4199 2228 4254 πλοῦτον.
2262 4196 2420 4251 Οὕτω
2448 4197 2543 4251 κα)⁸
2575 4197 2704 4266 περὶ
2743 4197 3244 4269 ταπεινοφροσύνης
3273 4199 3436 4254 πάλιν

1848 4283 2230 4355 Φιλιππησίοις
2266 4281 2647 4350 διαλεγόμενος
2702 4280 2793 4335 τὸν
2845 4281 3082 4351 Χριστὸν
3131 4283 3211 4345 εἰς
3269 4282 3436 4353 μέσον

1847 4369 1993 4438 ἄγει,
2041 4367 2136 4420 xal
2183 4364 2352 4418 εἰπὼν
2372 4403 2388 4426 .
2427 4362 2507 4432 Τῇ
2548 4364 3076 4432 ταπεινοφροσύνῃ
3123 4365 3437 4433 ἀλλήλους

1849 4453 2170 4521 ἡγούμενοι
2197 4448 2602 4517 ὑπερέχοντας
2628 4446 2878 4510 ἑαυτῶν,
2926 4448 3200 4519 ἐπήγαγε·
3256 4449 3436 4503 Τοῦτο

1849 4535 1960 4604 γὰρ
1993 4533 2328 4603 φρονείσθω
2348 4530 2418 4584 ἐν
2438 4529 2602 4598 ὑμῖν,
2637 4528 2670 4581 ὃ
2707 4529 2805 4582 καί
2832 4528 2903 4582 ὲν
2942 4530 3176 4598 Χριστῷ
3213 4532 3431 4599 Ἰησοῦ,

1851 4619 1921 4683 ὃς
1944 4619 2014 4671 ἐν
2034 4614 2237 4687 μορφῇ
2268 4613 2416 4668 Θεοῦ
2452 4612 2740 4682 ὑπάρχων
2779 4614 2892 4681 οὐχ
2937 4613 3252 4682 ἁρπαγμὸν
3286 4615 3434 4686 ἡγή-

1851 4717 2004 4756 σατο
2035 4700 2102 4754 τὸ
2122 4695 2275 4752 εἶναι
2297 4697 2405 4751 ἴσα
2434 4695 2575 4760 Θεῷ,
2604 4695 2742 4748 ἀλλ’
2766 4695 2984 4748 ἑαυτὸν
3007 4695 3268 4750 έκένωσε
3286 4715 3435 4767 μορ-

1851 4785 1978 4853 φὴν
2004 4783 2231 4837 δούλου
2259 4777 2481 4833 λαϐὼν.
2537 4776 2730 4829 Καίτοι
2763 4779 2811 4830 εἰ
2842 4777 2931 4830 διὰ
2958 4777 3018 4829 τὸ
3057 4779 3266 4832 ἐλάττω
3297 4775 3435 4833 εἶναι

1853 4867 1995 4922 κατά
2027 4864 2208 4934 φύσιν,
2242 4860 2565 4926 κατεδέξατο
2608 4859 2785 4929 σάρκα
2815 4860 3066 4929 φορέσαι,
3097 4862 3196 4914 οὑκ
3225 4860 3305 4915 ἔτι
3339 4880 3434 4916 τα·

1853 4945 2282 5019 πεινοφροσύνης
2322 4943 2385 4998 τὸ
2430 4943 2740 5013 γενόμενον,
2798 4942 2933 4996 ἀλλά
2988 4943 3258 5014 περιττῶς
3303 4945 3436 4999 αὑτὸ

1854 5033 2178 5104 παρήγαγεν
2222 5031 2251 5082 ό
2283 5025 2495 5086 Παῦλος
2535 5028 2618 5090 εἰς
2645 5026 3152 5098 ταπεινοφροσύνην
3179 5044 3435 5100 παρακα-

1852 5115 1988 5169 λῶν·
2046 5109 2513 5182 ταπεινοφροσύνη
2546 5110 2655 5180 γάρ
2695 5111 2842 5164 ἐστιν
2881 5111 3010 5165 ὃταν
3039 5111 3154 5175 ῑσος
3183 5113 3435 5185 ὑπακούῃ

1853 5198 1933 5270 τῷ
1967 5199 2086 5268 ἴσῳ.
2141 5195 2313 5249 Τοῦτο
2340 5191 2433 5248 οὖν
2464 5195 2558 5246 καὶ
2587 5192 2750 5257 αὐτὸς
2782 5195 2996 5258 δεικνὺς
3023 5193 3200 5263 λέγει·
3239 5198 3344 5263 ’⁸ος
3365 5199 3439 5250 έν

1849 5280 2054 5354 μορφῇ
2085 5280 2238 5335 Θεοῦ
2269 5278 2558 5348 ὑπάρχων
2581 5281 2696 5347 οὐχ
2728 5277 3044 5349 ἁρπαγμὸν
3067 5277 3340 5348 ἡγήσατο
3369 5279 3436 5332 τὸ

1855 5363 2007 5422 εἶναι
2038 5367 2144 5420 ἴσα
2174 5364 2317 5431 Θεῷ,
2344 5366 2484 5420 ἀλλ’
2516 5364 2734 5418 ἑαυτὸν
2753 5364 3016 5418 ἐκένωσε
3037 5363 3282 5434 μορφὴν
3306 5363 3437 5417 δού-

1854 5454 1971 5505 λου
1996 5449 2215 5504 λαϐὼν.
2257 5449 2322 5501 Τί
2355 5449 2504 5502 ἐστιν
2526 5487 2540 5510 ,
2580 5448 2703 5515 Οὐχ
2731 5445 3046 5516 ἁρπαγμὸν
3065 5445 3338 5514 ἡγήσατο
3369 5445 3437 5499 τό

1855 5533 2009 5590 εἶναι
2027 5534 2051 5586 ί
2051 5549 2135 5588 σα
2149 5531 2292 5598 Θεῷ,
2306 5532 2445 5586 ἀλλ’
2459 5530 2679 5584 ἑαυτὸν
2687 5528 2947 5583 ἐκένωσε
2955 5526 3201 5597 μορφὴν
3211 5527 3396 5583 δούλο
3407 5547 3436 5579 J

1855 5618 2097 5681 λα6ὠν;
2147 5617 2205 5670 '0
2231 5616 2486 5688 ἀρπάσας
2512 5631 2566 5666 τι
2603 5613 2713 5666 τῶν
2748 5611 2823 5684 μὴ
2869 5612 3254 5681 προσηκόντων
3303 5628 3436 5665 κατ-

1860 5705 1975 5774 έχει
2004 5701 2162 5756 τοῦτο
2184 5699 2444 5773 διηνεκῶς
2474 5697 2566 5752 καὶ
2589 5695 2884 5751 ἀποθέσθαι
2916 5697 3016 5769 οὑκ
3033 5696 3100 5750 ἂν
3131 5696 3324 5764 ἕλοιτο,
3352 5696 3436 5751 δτ-

1857 5787 2051 5853 δοικὼς
2075 5786 2169 5842 καὶ
2197 5785 2423 5859 θαρρεῖν
2448 5782 2550 5840 οὑκ
2594 5782 2736 5854 ἔχων
2765 5781 2907 5856 ὑπὲρ
2939 5781 3040 5854 τῆς
3080 5781 3327 5854 κτήσεως
3346 5797 3364 5816 ο
3404 5782 3437 5835 ό
