3854 6222
453 348 558 404 795

449 469 504 522 δὲ
536 469 894 537 ἀναφαῖρετον
939 468 1074 539 ἔχων
1123 467 1342 536 ἀγαθὸν,
1384 468 1482 522 κᾶν
1513 467 1838 539 ἀποκρύπτῃ
1868 467 2026 522 τοῦτο

452 555 512 601 οὐ
541 551 795 603 δέδοικεν.
1994 561 1997 564 ’

522 697 666 762 Οἷον,
713 701 796 754 ἵνα
838 701 930 753 καὶ
959 700 1050 752 ἐπὶ
1084 699 1474 769 ὐποδείγματος
1519 699 1728 767 ποιήσω
1759 699 1849 750 τὸν
1874 696 2030 765 λόγον

449 785 703 854 φανερὸν,
754 783 893 836 ἔστω
939 799 1024 843 τις
1057 781 1150 834 τοῦ
1181 781 1365 840 αὐτοῦ,
1412 784 1440 834 6
1482 781 1577 850 μὲν
1611 781 1844 849 οἰκέτης,
1893 782 1922 832 6
1972 780 2028 832 δὲ

449 864 564 928 ῦίός
587 883 600 896 ·
645 865 739 918 ἐάν
764 861 857 918 οῦν
885 867 913 917 6
941 865 1160 934 οἰκέτης
1188 864 1498 934 ἐλευθερίαν
1545 862 1820 932 ἀναϐοήσῃ
1852 862 2028 932 μηδα-

452 949 614 1018 μόθεν
647 948 799 1018 αὐτῷ
827 949 1230 1018 προσήκουσαν,
1260 947 1410 1018 [5'58]
1439 947 1532 999 καὶ
1558 946 1922 1018 ἀντικαταστῇ
1950 943 2028 1014 τῷ

447 1034 701 1103 δεσπότῃ,
741 1034 839 1103 οὐχ
900 1031 1158 1099 ὑπομένει
1216 1047 1268 1083 τι
1325 1032 1544 1100 ποιῆσαι
1593 1030 1856 1092 δουλικὸν,
1908 1029 2028 1081 οὐδὲ

447 1116 866 1185 ἐπιταττόμενος
892 1113 1178 1173 ὑπακούει,
1208 1113 1461 1175 δεδοικὼς
1489 1112 1566 1182 μὴ
1599 1112 1756 1165 τοῦτο
1797 1111 1931 1165 αὐτὸ
1959 1113 2025 1181 τῇ

447 1199 726 1267 ἐλευθερίᾳ
752 1197 1080 1266 λυμήνηται,
1113 1196 1206 1248 καὶ
1228 1195 1560 1266 πρόσκομμα
1602 1194 1753 1266 αὐτῷ
1797 1193 1858 1247 τὸ
1909 1193 2029 1245 ἐπί-

446 1297 632 1350 ταγμα
660 1279 984 1350 ἐργάσηταυ
1035 1279 1250 1348 ἥρπασε
1272 1278 1378 1348 γὰρ
1407 1278 1504 1348 τὴν
1537 1278 1724 1348 τιμὴν,
1757 1277 1852 1330 καὶ
1877 1277 2027 1350 παρά

446 1362 603 1426 ἀξίαν
645 1361 776 1430 ἔχει.
845 1361 903 1414 Ὀ
954 1360 1013 1412 δὲ
1049 1360 1162 1422 υίὸς
1191 1361 1253 1413 οὐ
1294 1361 1689 1430 παραιτήσεται
1716 1359 2025 1413 ἐπιτελέσαι

446 1447 556 1497 πᾶν
589 1444 750 1515 ἔργον
777 1443 1042 1508 δουλικὸν,
1077 1443 1233 1506 εἰδὼς
1273 1444 1354 1496 ὅτι
1396 1442 1502 1496 κᾶν
1541 1443 1756 1496 ἅπαντα
1779 1442 2028 1513 διακονή-

447 1545 610 1597 σηται
641 1528 712 1580 τά
743 1527 852 1580 τῶν
878 1526 1097 1586 δούλων,
1129 1526 1280 1580 οὐδὲν
1310 1525 1458 1596 αὐτῷ
1485 1525 1555 1578 τά
1581 1528 1684 1596 τῆς
1713 1525 2028 1596 ἐλευθερίας

444 1611 920 1682 παραϐέϐλαπται,
980 1610 1094 1663 ἀλλ’
1145 1609 1378 1678 ἀκίνητα
1440 1609 1611 1678 μένει,
1653 1608 1755 1680 τῆς
1793 1610 2027 1679 φυσικῆς

444 1695 722 1762 εὐγενείας
751 1693 1102 1764 ἀναιρεθῆναι
1144 1692 1217 1762 μὴ
1251 1692 1556 1762 δυναμένης
1586 1691 1695 1746 ἀπὸ
1721 1691 1829 1745 τῶν
1856 1693 2029 1746 δουλι-

443 1776 558 1830 κῶν
591 1776 767 1848 ἔργων
787 1793 800 1806 ·
843 1775 1142 1846 ἐπειδήπερ
1189 1775 1289 1828 οὐκ
1323 1773 1382 1838 ἐξ
1415 1775 1666 1845 ἁρπαγῆς
1700 1775 1868 1846 αὐτὴν
1891 1775 2026 1845 ἔχει,

443 1859 695 1928 καθάπερ
747 1861 775 1912 6
821 1859 1058 1926 οἰκέτης,
1121 1857 1234 1909 ἀλλ’
1288 1856 1492 1911 ἀνωθεν
1540 1857 1633 1909 καὶ
1687 1859 1752 1909 ἐκ
1803 1857 2028 1928 πρώτης

443 1945 592 2012 αὐτῷ
644 1941 1126 2012 συγκληρωθεῖσαν
1183 1941 1417 2011 ἡμέρας.
1485 1939 1656 1993 Τοῦτο
1706 1936 1798 1993 οῦν
1860 1941 1956 1993 καὶ
1998 1944 2028 1995 6

442 2027 654 2090 Παῦλος
697 2025 872 2096 δηλῶν
915 2025 1042 2095 περὶ
1074 2024 1166 2077 τοῦ
1197 2023 1433 2095 Χριστοῦ
1480 2041 1664 2095 φησιν,
1713 2025 1796 2078 ὅτι
1838 2024 2025 2097 ἐπειδὴ

442 2107 603 2178 φύσει
638 2107 921 2177 ἐλεύθερος
961 2102 1028 2176 ἦν
1061 2107 1157 2159 καὶ
1194 2107 1418 2176 γνήσιος
1452 2106 1587 2170 υἱὸς,
1620 2107 1717 2177 οὐχ
1749 2106 1826 2170 ὡς
1846 2108 2028 2178 ἀρπα-

440 2193 547 2262 γὴν
573 2190 753 2244 λαϐὼν
795 2190 894 2260 τὴν
939 2189 1180 2260 ίσότητα,
1221 2188 1444 2259 ἐδέησεν
1483 2188 1651 2260 αὐτὴν
1689 2189 2022 2261 ἀποκρύψαι,

441 2273 579 2327 ἀλλά
606 2271 826 2344 Θαρρῶν
859 2270 1087 2324 ἀνέλαϐε
1109 2271 1208 2340 τὴν
1228 2270 1417 2323 δούλου
1445 2273 1681 2341 μορφήν.
1711 2271 1865 2342 ᾝδει
1893 2273 2022 2342 γάρ,

441 2357 558 2427 ᾔδει
603 2355 812 2424 σαφῶς,
869 2355 950 2408 ὃτι
983 2357 1016 2425 ὴ
1068 2354 1475 2422 συγκατάϐασις
1523 2354 1676 2407 οὐδὲν
1709 2355 1874 2408 αὐτοῦ
1926 2355 2026 2425 τὴν

439 2441 596 2505 δόξαν
642 2438 942 2492 ἐλαττῶσαι
968 2437 1284 2508 δυνήσεταιο
1339 2437 1399 2491 οὐ
1443 2439 1553 2509 γὰρ
1588 2438 1907 2502 ἐπείσακτος
1934 2434 2024 2509 ἦν,

440 2525 562 2578 οὐδὲ
592 2523 733 2576 κατά
760 2523 1014 2591 ἁρπαγὴν
1053 2520 1286 2586 δοθεῖσα,
1348 2520 1469 2574 οὐδὲ
1511 2520 1763 2590 ἀλλοτρία
1816 2525 1912 2576 καὶ
1945 2523 2020 2592 μὴ

439 2609 814 2678 προσήκουσα,
844 2604 978 2658 ἀλλά
1000 2603 1200 2674 φυσικὴ
1230 2605 1322 2657 καί
1350 2604 1570 2674 γνησία.
1603 2605 1701 2658 Διά
1729 2605 1886 2659 τοῦτο
1909 2607 2022 2660 50'3-

440 2689 530 2744 λου
582 2689 794 2759 μορφὴν
843 2687 1052 2750 ἐλαϐεν,
1098 2687 1256 2749 εἰδὼς
1281 2687 1467 2755 σαφῶς
1512 2688 1606 2740 καὶ
1639 2690 2021 2760 πεπεισμένος,

436 2777 522 2830 δτι
547 2776 700 2828 οὐδὲν
728 2775 890 2827 αὐτὸν
917 2772 1075 2826 τοῦτο
1107 2771 1465 2843 παραϐλάψαι
1509 2773 1822 2843 δυνήσεται.
1874 2775 2019 2828 Οὐκ-

437 2860 534 2914 οῦν
569 2859 689 2912 οὐδὲ
755 2857 1126 2928 παρέϐλαψεν,
1173 2855 1310 2909 ἀλλά
1346 2857 1437 2909 καὶ
1488 2857 1545 2908 ἐν
1599 2859 1663 2925 τῇ
1709 2856 1804 2910 τοῦ
1835 2857 2022 2913 δούλου

438 2944 626 3014 ’μορφῇ
653 2941 754 3012 τὴν
785 2941 952 3012 αὐτὴν
989 2939 1171 3009 ἔμεινε
1215 2938 1378 3002 δόξαν
1417 2937 1573 3008 ἔχων.
1631 2940 1792 3010 Ὁρᾷς
1821 2941 1904 2995 ὅτι
1931 2944 2024 2996 καὶ

434 3024 572 3080 αὐτὸ
599 3024 660 3076 τὸ
705 3024 883 3095 σάρκα
913 3021 1203 3077 ἀναλαϐεῖν
1247 3021 1471 3090 σημεῖόν
1496 3022 1613 3074 ἐστι
1649 3022 1743 3074 τοῦ
1778 3023 1867 3076 τὸν
1896 3025 2024 3078 Υίὸν

440 3109 554 3162 ἴσον
581 3102 720 3160 εἶναι
749 3106 828 3174 τῷ
853 3103 1224 3176 γεγεννηκότι,
1259 3105 1354 3156 καὶ
1390 3102 1483 3156 τοῦ
1513 3105 1610 3176 τὴν
1644 3105 1864 3174 ἰσότητα
1893 3107 2025 3160 ταύ-

435 3206 538 3260 την
559 3190 658 3242 οὐκ
684 3189 1004 3242 ἐπείσακτον
1029 3184 1187 3252 εἶναι,
1214 3186 1334 3240 οὐδὲ
1364 3189 1747 3258 ἐπιγινομένην
1768 3191 1861 3243 καὶ
1891 3192 2024 3244 ἀπο-

437 3272 750 3342 γινομένην,
781 3271 895 3324 ἀλλ’
919 3270 1173 3340 ἀκίνητον
1211 3269 1305 3322 καὶ
1334 3269 1581 3337 βεϐαίαν,
1618 3273 1712 3325 καὶ
1734 3273 1851 3326 οἵαν
1877 3274 2023 3338 εἰκὸς

440 3355 585 3425 ἔχειν
617 3355 729 3406 υἱὸν
764 3353 901 3424 πρὸς
935 3353 1184 3421 πατέρα;

509 3508 574 3574 ζ’.
607 3507 770 3561 Ταῦτ’
809 3502 901 3561 οὖν
934 3509 1148 3562 ἅπαντα
1183 3509 1318 3579 πρὸς
1345 3509 1588 3572 ἐκείνους
1619 3509 1896 3580 λέγωμεν,
1929 3515 2024 3567 καὶ

442 3591 856 3660 σπουδάζωμεν,
895 3591 955 3643 τό
987 3608 1051 3659 γε
1081 3593 1161 3654 εἰς
1187 3593 1334 3662 ἡμᾶς
1366 3587 1520 3662 ἦκον,
1556 3593 1790 3660 ἀπάγειν
1823 3596 2023 3660 αὐτοὺς

438 3674 543 3744 τῆς
586 3674 828 3745 πονηρᾶς
860 3673 1075 3742 ἐκείνης
1126 3673 1411 3744 αἱρέσεως.
1468 3674 1562 3728 καὶ
1591 3675 1727 3745 πρὸς
1763 3676 1862 3747 τὴν
1886 3677 2021 3748 ἀλή-

437 3756 592 3810 θειαν
623 3755 937 3823 ἐπανάγειν.
973 3755 1078 3812 Kal
1116 3759 1278 3826 ἡμεῖς
1317 3756 1375 3808 δὲ
1413 3757 1567 3809 αὐτοὶ
1598 3758 1672 3828 μὴ
1697 3757 1794 3828 τὴν
1839 3759 2021 3811 πίστιν

441 3839 609 3909 μόνην
640 3839 830 3909 ἀρκεῖν
873 3841 1004 3908 ἡμῖν
1048 3838 1186 3904 πρὸς
1220 3839 1493 3909 σωτηρίαν
1524 3841 1852 3910 νομίζωμεν,
1885 3841 2020 3894 ἀλλὰ

435 3926 532 3978 καὶ
562 3924 834 3986 πολιτείας
863 3921 1269 3993 ἐπιμελώμεθα,
1306 3924 1400 3975 καὶ
1429 3923 1540 3992 βίον
1565 3926 1783 3992 ἄριστον
1813 3926 2014 3980 ἐπιδειο

437 4005 677 4076 ξώμεθα,
719 4007 784 4061 ἵν’
810 4006 1150 4076 ἑκατέρωθεν
1191 4007 1323 4076 ἡμῖν
1347 4006 1733 4078 ἀπηρτισμένα
1821 4009 1887 4062 τά
1917 4009 2019 4078 τῆς

433 4088 722 4156 ὠφελείας.
763 4089 871 4140 Kal
893 4087 922 4141 ὃ
960 4087 1310 4157 παρεκάλεσα
1342 4088 1554 4159 πρῴην,
1589 4088 1747 4143 τοῦτο
1778 4090 1873 4144 καὶ
1901 4090 2014 4158 νῦν,

434 4169 576 4224 ὥστε
615 4170 978 4241 κατορθῶσαι,
1026 4169 1364 4240 παρακαλῶ·
1412 4171 1508 4228 καὶ
1551 4171 1650 4236 τάς
1689 4173 1824 4243 πρὸς
1856 4173 2019 4245 ἀλλή-

433 4252 561 4316 λους
587 4253 787 4322 ἔχθρας
817 4252 1233 4322 καταλύσωμεν,
1284 4252 1380 4306 καὶ
1415 4253 1543 4322 μιᾶς
1584 4255 1794 4326 ἡμέρας
1824 4257 2017 4326 μηδεὶς

431 4335 597 4389 πλέον
623 4336 764 4394 ἔστω
791 4336 886 4389 τοῦ
914 4335 1140 4406 πλησίον
1172 4336 1384 4407 ἐχθρὸς,
1406 4335 1540 4390 ἀλλὰ
1571 4338 1678 4407 πρὸ
1704 4339 1800 4408 τῆς
1823 4342 2016 4406 νυκτὸς

432 4417 750 4476 καταλυέτω
781 4419 882 4489 τὴν
926 4419 1116 4490 ὀργὴν,
1160 4419 1250 4472 ἵνα
1287 4417 1361 4489 μὴ
1407 4418 1529 4472 καθ’
1561 4420 1752 4475 ἐαυτὸν
1785 4423 2014 4494 γενόμεο

431 4518 542 4566 νος,
591 4501 684 4554 καὶ
713 4502 782 4554 τὰ
813 4503 1156 4572 γεγενημένα
1199 4502 1292 4557 καὶ
1317 4503 1388 4554 τά
1429 4504 1697 4574 εἰρημένα
1725 4506 1877 4578 παρά
1913 4507 2014 4576 τῆς

430 4583 630 4655 ἔχθρας
672 4584 945 4653 συλλέγων
986 4583 1124 4654 μετά
1181 4583 1487 4656 ἀκριϐείας,
1528 4584 1905 4659 χαλεπώτερον
1952 4590 2014 4644 τὸ

428 4665 582 4729 τέλος
607 4667 932 4737 ἐργάσηται,
960 4667 1055 4720 καὶ
1085 4667 1494 4738 δυσκολωτέραν
1525 4670 1721 4741 ποιήσῃ
1749 4671 1848 4742 τὴν
1876 4690 2010 4725 κατ-

428 4749 692 4820 ἀλλαγήν.
745 4750 1008 4822 Καθάπερ
1035 4750 1144 4821 γὰρ
1176 4751 1244 4805 τά
1281 4750 1376 4805 τοῦ
1409 4750 1659 4823 σώματος
1699 4755 1856 4825 ήμῶν
1879 4757 2013 4810 ὀστᾶ

429 4830 853 4902 ἐξολισθήσαντα
877 4834 978 4902 τῆς
1003 4834 1211 4896 οἰκείας
1243 4833 1423 4905 ἕδρας,
1457 4833 1522 4887 ἂν
1554 4835 1653 4906 μὲν
1685 4836 1889 4901 εὐθέως
1913 4839 2012 4891 ἐπ-

430 4913 724 4984 ανάγηται,
747 4916 810 4967 οὐ
845 4915 982 4985 μετὰ
1004 4915 1199 4969 πολλοῦ
1221 4917 1385 4974 πόνου
1413 4917 1512 4988 τὴν
1535 4918 1737 4971 οἰκείαν
1762 4919 2010 4989 ἀπολαμ-

431 4995 582 5048 ϐάνει
613 4996 794 5067 χώραν
815 5015 827 5026 ·
859 4997 924 5051 ἂν
949 4998 1004 5052 δὲ
1031 4999 1196 5052 πολὺν
1219 4998 1324 5064 ἔξω
1349 4999 1450 5069 τῆς
1478 5001 1683 5063 οἰκείας
1708 5001 1869 5073 ἕδρας
1897 5003 2010 5072 μεί-

425 5095 494 5148 νῃ
525 5079 734 5148 χρόνον,
781 5080 1054 5144 δυσκόλως
1076 5073 1434 5153 ἐπανέρχεται
1451 5083 1609 5136 πάλιν
1635 5084 1727 5138 καὶ
1752 5085 1888 5156 πρὸς
1909 5086 2008 5157 τὴν

426 5162 634 5214 οἰκείαν
665 5163 913 5220 ἐπάνεισι
947 5165 1150 5234 χώραν,
1181 5167 1275 5220 καὶ
1306 5167 1678 5236 ἐπαναχθέντα
1706 5167 1764 5220 δὲ
1799 5169 2008 5224 πολλῶν

427 5242 596 5296 δεῖται
618 5245 726 5297 τῶν
749 5247 991 5316 ἡμερῶν,
1020 5247 1161 5311 ὥστε
1183 5249 1526 5320 ἁρμοσθῆναι
1560 5251 1694 5320 μετά
1720 5251 2007 5322 ἀκριϐείας

455 5329 523 5378 ἰὶ
555 5327 880 5399 ἑδρασθῆναι
915 5333 1011 5384 καὶ
1045 5333 1266 5402 μεῖναι·
1308 5333 1451 5386 οὕτω
1494 5333 1558 5404 δὴ
1587 5333 1682 5397 καὶ
1718 5335 1899 5404 ἡμεῖς,
1937 5337 2003 5403 ἂν

427 5410 529 5478 ,ιὲν
558 5411 759 5475 εὐθέως
796 5415 908 5472 τοῖς
940 5415 1153 5485 ἐχθροῖς
1201 5415 1648 5484 καταλλαγῶμεν,
1677 5417 1912 5482 εὐθέτως
1942 5438 2002 5473 τε

422 5493 582 5546 τοῦτο
625 5495 908 5566 ποιοῦμεν,
961 5499 1057 5552 καὶ
1103 5497 1164 5551 οὐ
1221 5497 1422 5569 πολλῆς
1464 5499 1696 5569 δεόμεθα
1741 5503 2000 5572 σπουδῆς,

422 5574 564 5631 ὥστε
599 5580 678 5640 εἰς
707 5579 804 5648 τὴν
833 5580 1066 5650 ἀρχαίαν
1093 5579 1275 5649 φιλίαν
1307 5581 1620 5635 ἐπανελθεῖν
1638 5599 1652 5614 ·
1693 5582 1790 5635 ἐάν
1822 5584 1878 5637 δὲ
1905 5603 2003 5638 πο⁹

423 5657 520 5720 λύς
549 5661 752 5726 μεταξὺ
777 5664 1000 5734 γένηται
1039 5666 1250 5734 χρόνος,
1279 5664 1466 5735 ῶσπερ
1487 5666 1856 5734 τυφλωθέντες
1890 5669 1998 5722 ἀπὸ

420 5738 522 5808 τῆς
543 5740 760 5813 ἔχθρας,
780 5747 1138 5819 ἐρυθριῶμεν,
1165 5750 1545 5820 αἰσχυνόμεθα,
1578 5750 1777 5820 ἐτέρων
1806 5751 1993 5822 δεόμε-

1101 351 1158 407 S.
1199 351 1481 410 JOANNIS
1513 351 2010 410 CIIRYSOSTOMI
2044 352 2362 415 ARCHIEP.
2407 359 2957 422 CONSTAN'I’INOP.

3612 367 3711 424 794

2136 471 2225 536 θα,
2273 475 2334 527 οὐ
2379 477 2488 532 τῶν
2537 479 2879 548 συναγόντων
2929 479 2984 533 δὲ
3041 481 3222 551 μόνον,
3264 481 3420 555 [559]
3452 484 3607 538 ἀλλά
3641 487 3723 537 καὶ

2129 565 2239 619 τῶν
2269 569 2408 638 μετά
2429 570 2530 642 τὴν
2560 572 2819 625 ἐπάνοδον
2843 573 3179 642 κατεχόντων
3209 575 3357 644 ἡμᾶς
3383 574 3538 645 μετά
3568 577 3723 645 ἀκρι-

2131 657 2301 721 ϐείας,
2333 659 2438 725 ἕως
2461 661 2528 715 ἂν
2554 662 2653 734 την
2677 664 2952 735 προτέραν
2985 664 3342 735 ἀναλάϐωμεν
3377 669 3724 738 παρρησίαν.

2129 749 2234 802 Kal
2263 749 2416 805 οὔπω
2443 752 2589 822 λέγω
2624 754 2718 807 τὸν
2756 755 2968 824 γέλωτα
3009 757 3103 809 καὶ
3130 756 3229 827 τὴν
3257 757 3563 827 αἰσχύνην.
3629 760 3727 812 Πό-

2131 859 2229 912 σης
2257 842 2364 915 γὰρ
2408 845 2805 914 καταγνώσεως
2844 847 2992 911 ἀξιον
3021 849 3120 900 οὐκ
3143 848 3209 902 ἂν
3238 849 3345 917 εἰη,
3377 850 3601 922 ἐτέρων
3628 851 3726 904 δεῖ-

2130 933 2254 987 σθαι
2277 935 2384 988 τῶν
2414 936 2756 1004 συναγόντων
2796 938 2944 1007 ἡμᾶς
2978 940 3115 1008 πρὸς
3139 940 3208 992 τά
3239 941 3495 1012 ἡμέτερα
3549 943 3726 1012 pili];

2129 1027 2201 1080 Οὐ
2229 1028 2387 1080 τοῦτο
2419 1028 2475 1080 δὲ
2512 1028 2669 1097 μόνον
2691 1029 2902 1097 γίνεται
2941 1031 3004 1084 τὸ
3033 1032 3205 1084 δεινὸν
3241 1036 3306 1102 τῇ
3332 1033 3609 1103 μελλήσει
3638 1036 3728 1086 καὶ

2127 1111 2193 1180 τῇ
2220 1109 2476 1182 ἀναϐολῇ,
2531 1111 2646 1164 ἀλλ’
2690 1113 2773 1170 ὅτι
2803 1114 2900 1166 καὶ
2928 1114 2995 1166 τά
3033 1115 3134 1167 οὐκ
3160 1115 3286 1167 ὄντα
3310 1117 3547 1186 ἀμαρτή
3555 1135 3727 1186 ματα,

2128 1201 2501 1275 ἁμαρτήματα
2525 1199 2660 1259 εἷναι
2687 1205 2835 1259 δοκεῖ
2862 1205 3046 1258 λοιπόν
3067 1223 3082 1239 ο
3133 1207 3237 1260 κᾶν
3260 1207 3447 1261 ότιοῦν
3473 1211 3506 1262 6
3533 1211 3729 1280 ἐχθρὸς

2129 1294 2446 1366 φθέγξηται,
2473 1298 2651 1350 πάντα
2685 1297 2804 1367 μεθ’
2851 1298 3086 1368 ὑποψίας
3115 1298 3406 1369 δεχόμεθα,
3460 1302 3567 1353 καὶ
3601 1303 3728 1372 σχή-

2130 1406 2296 1459 ματα,
2313 1389 2407 1442 καὶ
2429 1387 2738 1459 βλέμματα,
2764 1389 2858 1444 καὶ
2881 1390 3085 1462 φωνὴν,
3103 1393 3195 1445 καί
3219 1389 3432 1461 βάδισιν
3453 1408 3468 1422 ο
3498 1391 3730 1464 καὶγὰρ

2125 1482 2400 1552 ὁρώμενος
2437 1481 2731 1550 ἀναφλέγει
2769 1482 2868 1550 τὴν
2911 1483 3329 1554 πεπωρωμένην
3375 1484 3595 1554 ψυχὴν,
3632 1487 3727 1547 καὶ

2125 1573 2224 1642 οὐχ
2252 1573 2528 1644 ὁρώμενος
2557 1573 2758 1644 ὁμοίως
2785 1573 2948 1627 πάλιν
2978 1573 3159 1626 λυπεῖ.
3206 1575 3280 1627 Οὐ
3321 1575 3432 1646 γάρ
3459 1575 3532 1647 δὴ
3566 1577 3727 1646 μόνον

2126 1665 2160 1735 ἡ
2191 1664 2315 1735 ὄψις
2362 1665 2470 1718 τῶν
2520 1665 2882 1735 ἠδικηκότων,
2913 1663 3051 1719 ἀλλά
3100 1667 3194 1720 καὶ
3247 1667 3281 1736 ἡ
3315 1669 3511 1742 μνήμη
3543 1668 3723 1736 διηνε-

2127 1758 2241 1822 κῶς
2271 1759 2419 1828 ἠμᾶς
2463 1759 2654 1828 ὀδυνᾷν
2698 1757 2879 1822 εἴωθε,
2929 1757 3031 1812 κᾶν
3068 1759 3256 1828 ἐτέρου
3289 1777 3341 1812 τι
3371 1761 3512 1830 περὶ
3557 1759 3724 1813 αὐτοῦ

2126 1849 2377 1917 λέγοντος
2405 1849 2746 1919 ἀκούσωμεν,
2778 1850 2980 1920 ὁμοίως
3026 1851 3373 1922 φθεγγόμεθα
3408 1851 3605 1916 πάλιν,
3629 1851 3724 1906 καὶ

2129 1942 2306 1994 πάντα
2361 1941 2549 2003 άπλῶς
2593 1941 2684 1994 τὸν
2739 1940 2852 2011 βίον
2895 1943 2953 1995 ἐν
2997 1941 3209 2014 ἀθυμίᾳ
3260 1943 3353 1996 καὶ
3410 1942 3586 2016 ὀδύνῃ
3644 1944 3723 1995 6;.-

2126 2035 2354 2104 ἀγομεν,
2393 2033 2616 2104 μείζονα
2653 2034 2866 2097 ἑαυτοῖς
2905 2033 2938 2103 ἢ
2974 2035 3204 2098 ἐκείνοις
3245 2035 3620 2106 ἐργαζόμενοι
3656 2037 3721 2088 τ)

2127 2127 2307 2190 κακά,
2369 2126 2463 2180 καὶ
2499 2125 2724 2196 διηνεκῆ
2773 2125 3015 2198 πόλεμον
3068 2127 3434 2196 φυλάττοντες
3482 2127 3586 2181 ἐπὶ
3622 2126 3720 2196 τῆς

2127 2217 2330 2290 ψυχῆς·

2197 2350 2363 2405 Ταῦτ’
2390 2345 2484 2405 οῦν
2517 2351 2732 2408 ἅπαντα
2755 2351 2979 2415 εἰδότες,
3020 2351 3316 2423 ἀγαπητοὶ,
3352 2351 3602 2421 μάλιστα
3624 2355 3716 2423 μὲν

2129 2442 2518 2514 σπουδάζωμεν
2550 2443 2686 2515 πρὸς
2723 2443 2924 2516 μηδένα
2961 2443 3216 2515 ἀπεχθῶς
3244 2443 3392 2513 ἔχειν
3413 2459 3429 2474 ο
3451 2446 3504 2496 εἰ
3535 2445 3598 2498 δὲ
3629 2446 3717 2499 καὶ

2127 2535 2354 2607 γένηταί
2398 2554 2481 2600 τις
2511 2537 2799 2606 ἀπέχθεια,
2850 2539 2908 2590 ἐν
2941 2537 3080 2608 αὐτῇ
3112 2535 3628 2608 καταλλαττὼμεθα
3654 2540 3715 2606 τῇ

2127 2628 2330 2701 ἡμέρᾳ.
2365 2630 2463 2682 Ἂν
2505 2628 2614 2700 γὰρ
2663 2628 2990 2699 ἐπιλάϐηται
3023 2627 3283 2697 δευτέρας
3335 2629 3436 2682 καὶ
3483 2630 3715 2698 τρίτης,

2124 2705 2335 2793 γίνεται
2365 2721 2576 2792 ταχέως
2601 2722 2635 2792 ἡ
2665 2720 2827 2790 τρίτη
2854 2721 3118 2792 τετάρτη,
3169 2720 3402 2790 κάκείνη
3453 2721 3716 2792 πέμτπη,

2127 2815 2223 2869 καὶ
2254 2813 2392 2885 αὐτὴ
2419 2813 2600 2884 πολλῷ
2628 2813 2851 2881 πλείους
2893 2812 3111 2878 τέξεται
3141 2813 3306 2867 πάλιν
3336 2815 3566 2884 ἡμέρας
3617 2816 3715 2868 ἀπο

2125 2907 2338 2977 εχθείας
2359 2909 2510 2978 ἡμῖν’
2537 2907 2646 2976 ὅσῳ
2671 2905 2780 2977 γὰρ
2798 2905 3486 2976 ἀναϐαλλόμεθα,τοσούτῳ
3520 2908 3719 2975 μᾶλλον

2125 2998 2488 3070 ἐρυθριῶμεν.
2529 2997 2668 3050 Ἀλλ’
2701 2995 2932 3067 αἰσχύνη
2958 2996 3277 3067 προσελθεῖν
3297 3037 3311 3061 ,
3351 2999 3452 3061 καὶ
3483 3015 3718 3068 καταφι-

2125 3089 2285 3160 λῆσαι
2313 3089 2405 3142 τὸν
2433 3088 2731 3161 ἠδικηκότα
2755 3103 2770 3152 ;

2196 3271 2368 3325 Τοῦτο
2411 3270 2510 3341 μὲν
2565 3265 2660 3323 οὖν
2692 3268 2953 3332 ¹ἔπαινος,
3008 3269 3167 3322 τοῦτο
3217 3270 3508 3339 στέφανος,
3563 3273 3718 3328 τοῦτο
3779 3339 3782 3344 _

2123 3362 2422 3433 ἐγκώμιον,
2451 3361 2610 3415 τοῦτο
2661 3361 2855 3434 κέρδος
2904 3362 3000 3415 καὶ
3051 3362 3327 3433 θησαυρὸς
3367 3365 3552 3434 μυρία
3581 3366 3715 3434 ἔχων

2122 3453 2304 3528 ἀγαθά
2322 3475 2335 3488 ο
2367 3458 2462 3511 καὶ
2482 3457 2642 3520 αὐτός
2665 3473 2723 3508 σε
2752 3456 2781 3507 6
2807 3453 3000 3526 ἐχθρὸς
3019 3453 3359 3520 ἀποδέξεται,
3378 3456 3478 3508 καὶ
3498 3459 3553 3510 οἰ
3581 3475 3716 3527 παρ-

2123 3553 2274 3615 όντες
2301 3550 2540 3612 ἅπαντες
2563 3547 2961 3612 ἐπαινέσονται,
2998 3546 3098 3599 κάν
3141 3545 3422 3615 ἄνθρωποι
3449 3547 3510 3600 δὲ
3548 3551 3714 3615 ἐγκα-

2121 3644 2369 3704 λέσωσιν,
2400 3641 2428 3691 6
2457 3639 2589 3702 Θεὸς
2617 3636 2950 3706 στεφανώσει
2979 3637 3215 3700 πάντως.
3257 3639 3356 3690 ‘Av
3395 3638 3457 3691 δὲ
3501 3639 3712 3693 ἐκεῖνον

2124 3736 2390 3808 πρότερον
2435 3730 2732 3807 ἀναμείνῃς
2757 3729 2930 3782 ἐλθεῖν
2954 3729 3048 3782 καὶ
3078 3727 3413 3799 συγγνώμην
3449 3732 3678 3801 αἰτῆσαι
3696 3774 3710 3790 ,

2120 3830 2181 3882 οὐ
2212 3825 2462 3880 τοσοῦτον
2505 3824 2646 3890 ’ἐξεις
2681 3822 2742 3875 τὸ
2772 3821 2962 3891 κέρδος
2985 3835 3000 3850 °
3037 3822 3242 3884 ἐκεῖνος
3275 3820 3382 3891 γὰρ
3419 3823 3712 3893 προλαωιν

2122 3921 2184 3975 τὸ
2215 3918 2466 3991 βραϐεῖον
2509 3915 2749 3986 ἥρπασε,
2799 3912 2893 3964 καὶ
2946 3909 3045 3981 τὴν
3095 3911 3348 3979 εὐλογίαν
3385 3915 3474 3976 εἰς
3516 3917 3708 3968 eam?”

2123 4012 2457 4086 μετέστησεν
2499 4007 2746 4061 ἃπασαν·
2800 4004 2868 4058 ἂν
2897 4002 2954 4056 δέ
2988 4003 3150 4066 αὐτὸς
3204 4003 3562 4078 προδράμῃς,
3613 4009 3710 4060 οὐκ

2117 4103 2453 4176 ὴλαττώθης,
2481 4100 2596 4154 ἀλλ’
2624 4097 2881 4167 ἐνίκησας
2913 4096 3003 4149 τὸν
3033 4094 3223 4166 θυμὸν,
3251 4098 3587 4167 περιεγένου
3617 4100 3710 4154 τοῦ

2117 4197 2346 4261 πάθους,
2382 4191 2700 4264 φιλοσοφίαν
2748 4187 3000 4253 ἐπιδείξω
3034 4188 3236 4258 πολλὴν
3267 4189 3603 4256 ὑπακούσας
3635 4194 3709 4264 τῷ

2116 4287 2256 4358 Θεῷ,
2281 4285 2652 4354 ποθεινότερον
2681 4281 2774 4335 τὸν
2811 4281 2949 4352 μετά
2977 4280 3147 4334 ταῦτα
3177 4281 3531 4352 κατέστησας
3575 4287 3708 4356 βίον,

2120 4379 2458 4452 πραγμάτων
2491 4374 2813 4446 ἀπηλλάγης
2864 4375 2958 4427 καὶ
2983 4374 3250 4444 ταραχῆς.
3289 4375 3364 4427 Οὐ
3395 4379 3561 4448 παρά
3591 4382 3709 4450 θεῷ
3802 4411 3803 4414 η

2116 4472 2173 4525 δὲ
2223 4472 2406 4543 μόνον,
2435 4469 2571 4524 ἀλλά
2622 4469 2717 4522 καὶ
2765 4467 2908 4520 κατὰ
2951 4467 3238 4536 ἄνθρωπον
3285 4468 3570 4542 σφαλερὸν
3619 4478 3707 4528 καὶ

2117 4562 2452 4617 ἐπικίνδυνον
2495 4560 2723 4632 ἐχθροὺς
2770 4559 2914 4629 ἔχειν
2961 4557 3212 4620 πολλούς.
3268 4559 3380 4612 Καὶ
3446 4564 3504 4616 τί
3565 4567 3706 4635 λέγω

2115 4653 2381 4719 πολλούςς
2423 4654 2519 4707 ἕνα
2563 4653 2656 4706 καὶ
2689 4653 2850 4722 μόνον
2893 4649 3039 4720 ἔχειν
3090 4651 3282 4720 ἐχθρὸν
3314 4654 3703 4723 ἐπικίνδυνον,

2114 4747 2304 4817 ὥσπερ
2334 4745 2426 4802 οὖν
2449 4746 2689 4816 ἀσφαλὲς
2717 4745 2812 4798 καὶ
2839 4743 3108 4815 σωτήριον
3145 4743 3206 4796 τὸ
3240 4745 3458 4811 πάντας
3501 4753 3704 4821 κεκτῆ..

2115 4841 2242 4895 σθαι
2287 4840 2498 4910 φίλους.
2545 4839 2658 4909 Οὐχ
2713 4836 2859 4890 οὕτω
2903 4835 3205 4908 χρημάτων
3251 4838 3563 4908 πρόσιδος,
3611 4846 3703 4913 οὐχ
3798 4867 3799 4870 η

2109 4933 2286 4997 οὕτως
2315 4932 2454 4986 ὅπλα
2481 4931 2574 4984 καὶ
2601 4930 2757 5000 τείχη
2787 4927 2884 4983 καὶ
2931 4929 3127 4999 τάφροι
3183 4930 3279 4981 καὶ
3324 4932 3505 5000 μυρία
3542 4935 3701 5005 ἔτερα

2113 5025 2482 5097 μηχανήματα
2504 5023 2651 5094 ἡμᾶς
2694 5021 3088 5090 ἀσφαλίζεσθαι
3134 5021 3397 5088 πέφυκεν,
3439 5024 3520 5089 ὡς
3553 5027 3701 5094 φιλία

2113 5116 2332 5187 γνησία.
2361 5115 2532 5169 Τοῦτο
2553 5118 2750 5185 τεῖχος,
2777 5113 2934 5167 τοῦτο
2958 5113 3249 5182 ἀσφάλεια,
3270 5113 3440 5168 τοῦτο
3482 5136 3698 5190 περιου.

2110 5207 2219 5269 σία,
2249 5206 2407 5260 τοῦτο
2435 5207 2633 5278 τρυφὴ,
2677 5207 2837 5260 τοῦτο
2867 5206 2963 5260 καὶ
2993 5207 3087 5259 τὸν
3117 5207 3362 5276 παρόντα
3388 5207 3513 5276 βίον
3556 5216 3699 5282 ἡμᾶς

2110 5301 2226 5372 μετ’
2274 5298 2541 5368 εὐθυμίας
2596 5297 3007 5371 παρασκευάσει
3059 5297 3379 5366 διαγαγεῖν,
3443 5305 3538 5356 καὶ
3603 5309 3698 5375 τὴν

2111 5390 2408 5460 μέλλουσαν
2435 5395 2702 5462 χαριεῖται
2735 5391 2899 5461 ζωήν.
2946 5390 3132 5459 ’Λπερ
3161 5385 3253 5443 οὖν
3282 5389 3513 5448 ἅπαντα
3555 5398 3698 5450 ἐννο-

2105 5480 2312 5546 οῦντες,
2343 5483 2438 5535 κα¹ι
2462 5483 2521 5536 τὸ
2548 5484 2735 5554 κέρδος
2769 5485 2891 5537 ὅσον
2923 5483 3033 5537 ἀπὸ
3057 5481 3151 5535 τοῦ
3175 5484 3512 5556 πράγματος
3552 5494 3689 5559 λογι-

2105 5572 2342 5643 ζὸμενοι,
2377 5576 2552 5628 πάντα
2590 5576 2834 5646 ποιῶμεν
2862 5577 2958 5630 καὶ
2987 5580 3521 5653 κατασκευάζωμεν,
3557 5589 3690 5642 ὥστε

2105 5666 2200 5718 καὶ
2223 5667 2348 5728 τοὺς
2376 5667 2536 5729 ὄντας
2564 5666 2791 5738 ἐχθροὺς
2814 5671 2946 5740 ἡμῖν
2974 5668 3351 5726 καταλλάττειν
3373 5716 3388 5737 ,
3439 5676 3534 5726 καὶ
3583 5677 3695 5732 τοὺς

2114 5757 2409 5829 μέλλοντας
2456 5759 2700 5827 γίνεσθαι
2752 5765 3012 5835 κωλύειν,
3071 5769 3305 5826 καὶτῶν
3358 5773 3539 5845 φίλων
3581 5779 3694 5836 τοὺς
3792 5785 3793 5788 “

3791 5847 3794 5926 l
