3854 6222
205 358 310 411 793

206 467 461 537 possidet,
488 465 628 537 quod
656 464 849 521 auferr’
882 480 984 520 non
1011 470 1204 533 potest,
1238 461 1362 516 licet
1386 458 1513 514 illud
1533 456 1781 521 occultet,

206 559 424 612 minime
453 559 624 613 timet.

279 649 571 705 Similitudo
600 665 631 701 a
659 662 798 702 serra
825 654 869 700 et
894 646 999 714 ﬁlio
1032 644 1202 697 ducta.
1223 670 1297 683 -—
1324 640 1481 695 Verbi
1510 639 1697 710 gratia,
1728 648 1786 693 ut

205 740 467 811 exemplis
501 740 641 809 quod
667 739 785 793 dico
814 735 1151 791 manifestum
1175 733 1382 796 evadat,
1410 732 1477 785 sit
1501 731 1781 800 quiSpiam,

104 874 111 881 .
204 832 447 901 ejusdem
476 844 614 884 unus
649 842 855 890 servus,
888 826 1023 879 alter
1052 823 1210 878 ﬁlius.
1237 823 1291 879 Si
1319 837 1445 891 ergo
1473 836 1655 875 servus
1684 818 1783 873 mi-

206 925 351 977 nime
399 919 801 976 convenientem
848 918 946 987 ipsi
998 916 1291 971 libertatem
1338 914 1475 970 elata
1518 928 1648 967 voce
1683 912 1784 967 sibi

211 1014 462 1076 vindicet,
506 1026 569 1065 ac
596 1010 812 1064 domino
859 1023 919 1063 se
960 1016 1209 1077 Opponat,
1243 1004 1430 1059 adduci
1463 1019 1565 1057 non
1612 1010 1786 1072 potest

210 1114 265 1159 ut
292 1103 483 1158 servile
511 1100 794 1171 quidquam
830 1106 969 1168 agat,
1002 1110 1174 1165 neque
1204 1095 1480 1164 prteceptis
1508 1093 1781 1160 obtempe-

207 1205 312 1263 rat,
342 1196 540 1250 veritus
568 1209 635 1248 ne
677 1192 780 1246 hoc
827 1191 997 1259 ipsum
1044 1188 1243 1242 ofﬁciat
1271 1186 1522 1249 libertati,
1554 1196 1608 1239 et
1651 1184 1782 1238 ohe-

206 1288 364 1342 diens
394 1294 659 1355 praecepto
682 1282 783 1338 sibi
826 1279 1153 1336 obstaculum
1182 1277 1396 1346 obiiciat
1429 1294 1443 1330 :
1470 1276 1665 1346 quippe
1693 1275 1781 1342 qui

211 1377 467 1431 honorem
494 1374 794 1442 arripuerit,
819 1386 882 1425 ac
910 1381 1102 1440 prmter
1127 1368 1432 1438 dignitatem
1479 1364 1743 1435 possideat
1767 1381 1780 1418 :

207 1468 352 1521 ﬁlius
379 1476 554 1520 autem
597 1465 789 1519 servile
834 1462 1058 1532 quodvis
1103 1475 1237 1529 epus
1266 1459 1522 1529 perficere
1565 1456 1782 1511 minimc

207 1555 494 1622 recusabit,
524 1569 643 1608 cum
674 1553 825 1614 sciat,
869 1550 1073 1605 tametsi
1102 1558 1290 1603 cuncta
1320 1561 1597 1602 servorum
1627 1546 1785 1597 obeat

206 1645 521 1711 ministeria,
574 1643 703 1698 nihil
752 1643 836 1696 illa
882 1656 1032 1695 suam
1077 1639 1372 1693 libertatem
1426 1637 1637 1700 laesura,
1686 1633 1780 1688 sed

207 1738 480 1790 immotam
531 1734 674 1787 illam
722 1745 1145 1801 permansurum,
1194 1742 1316 1782 cum
1364 1740 1524 1794 opera
1571 1725 1780 1779 servilia

204 1826 436 1879 nativam
456 1822 527 1878 illi
545 1839 648 1879 non
672 1822 872 1892 possint
891 1820 1215 1874 nobilitatem
1236 1815 1443 1872 auferre
1465 1832 1479 1870 :
1502 1815 1641 1884 quod
1664 1828 1779 1868 eam

205 1934 314 1970 non
360 1917 540 1984 rapina
590 1924 792 1985 partam
834 1922 892 1967 ut
918 1925 1104 1966 servus
1147 1909 1355 1971 habeat,
1404 1907 1497 1962 sed
1543 1922 1572 1960 a
1618 1905 1782 1960 mtdto

209 2018 450 2077 tempore
477 2016 635 2076 atque
672 2005 739 2059 ab
763 2005 877 2073 ipso
920 2003 1092 2071 primo
1116 2001 1201 2055 die
1245 1998 1528 2053 nativitatis
1554 1997 1781 2065 acquisi-

206 2112 335 2153 tam.
369 2098 480 2151 lloc
507 2097 662 2167 igitur
688 2104 744 2151 et
770 2094 960 2149 Paulus
990 2092 1227 2147 indicans
1251 2090 1318 2144 de
1347 2089 1557 2144 Christo
1584 2087 1775 2156 inquit:

202 2187 629 2258 quandoquidem
674 2195 859 2240 natura
902 2184 1055 2249 liber,
1085 2191 1139 2238 et
1164 2183 1424 2251 genuinus
1469 2180 1606 2234 ﬁlius
1630 2187 1777 2244 erat,

203 2294 310 2331 non
337 2277 485 2347 quasi
513 2275 751 2345 rapinam
772 2273 1124 2343 aequalitatem
1146 2271 1245 2326 sibi
1267 2276 1586 2339 arrogasset,
1611 2269 1777 2338 ipsam

199 2369 386 2424 debuit
430 2367 713 2432 occultare,
742 2364 834 2420 sed
879 2363 1102 2418 formam
1149 2361 1288 2416 servi
1317 2358 1644 2415 conﬁdenter
1688 2373 1778 2413 as-

200 2461 447 2530 sumpsit.
471 2459 703 2513 Noverat
726 2456 889 2521 enint,
922 2455 1083 2526 probe
1112 2463 1349 2519 noverat,
1367 2450 1777 2507 condescensio-

200 2566 325 2605 nem
354 2548 576 2618 gloriam
623 2548 723 2616 ipsi
750 2560 900 2601 suam
944 2544 1257 2599 imminuere
1301 2557 1404 2596 non
1434 2556 1588 2611 posse
1614 2556 1628 2592 :
1656 2555 1777 2594 cum

198 2640 425 2695 ascititia
456 2654 560 2693 non
587 2646 756 2701 esset,
788 2650 961 2706 neque
990 2649 1084 2703 per
1127 2634 1363 2701 rapinam
1408 2631 1647 2701 quaesita,
1678 2645 1777 2685 nec

200 2733 375 2785 aliena
402 2741 454 2784 et
482 2745 586 2783 non
616 2728 845 2797 propria,
877 2725 970 2780 sed
1001 2724 1254 2778 naturalis
1278 2739 1340 2776 ac
1366 2722 1619 2792 legitima.
1647 2720 1778 2775 Pro-

202 2833 383 2891 pterea
426 2821 562 2875 servi
607 2817 833 2875 formam
878 2815 1180 2883 assumpsit,
1214 2829 1335 2867 cum
1364 2812 1526 2881 probe
1573 2810 1796 2876 sciret,.

198 2912 410 2979 sibique
458 2908 798 2977 persuaderet
844 2905 992 2971 fore,
1043 2912 1101 2958 ut
1148 2903 1278 2958 nihil
1322 2903 1423 2957 hoc
1473 2903 1568 2972 ipsi
1601 2912 1779 2972 posset

200 3016 416 3053 nocere.
448 2998 732 3052 Enimvero
756 2996 1057 3050 nullatenus
1084 2994 1283 3059 nocuit,
1314 2993 1407 3047 sed
1435 3003 1488 3047 et
1512 2994 1564 3048 in
1608 2992 1777 3046 forma

196 3092 340 3145 servi
370 3090 608 3145 eamdem
648 3089 869 3158 gloriam
899 3086 1133 3141 retinuit.
1174 3084 1330 3139 Vides
1359 3091 1419 3138 ut
1458 3082 1572 3151 ipsa
1600 3082 1776 3136 carnis

196 3183 490 3252 assumptio
518 3181 589 3235 sit
630 3180 881 3235 indicium
913 3179 1100 3232 Filium
1146 3177 1402 3246 mqualem
1428 3190 1550 3231 esse
1591 3174 1734 3229 Patri
1757 3217 1771 3240 ,

194 3272 504 3341 atquehanc
514 3271 866 3341 arqualitatem
884 3284 988 3323 non
1006 3268 1345 3323 adventitiam
1361 3281 1679 3336 esse,ncque
1689 3280 1799 3321 ac-.

196 3362 391 3417 cedere
417 3363 593 3417 solere
622 3375 685 3414 ac
711 3359 980 3423 recedere,
1006 3358 1101 3413 sed
1143 3359 1414 3412 immotam
1453 3365 1508 3411 et
1532 3356 1773 3430 stabilem

196 3447 342 3518 esse,
373 3453 685 3523 qualemque
728 3451 974 3506 convenit
1018 3448 1183 3504 ﬁlium
1231 3463 1355 3518 erga
1386 3455 1588 3518 patrem
1632 3445 1771 3501 obti-

196 3558 330 3598 nere
349 3543 372 3596 ?

272 3636 324 3688 7.
359 3633 435 3688 De
477 3632 751 3687 inimicitiis
798 3630 1125 3700 deportandis.
1154 3659 1224 3670 —
1247 3629 1372 3684 Hmc
1411 3628 1569 3698 igitur
1594 3628 1774 3683 omnia

195 3726 435 3782 dicamus
457 3726 580 3791 illis,
607 3733 681 3790 et,
702 3733 955 3794 quantum
977 3723 1188 3793 quidem
1210 3722 1262 3776 in
1286 3721 1438 3776 nobis
1466 3722 1622 3775 situm
1651 3719 1771 3786 erit,

196 3821 270 3873 ab
296 3819 380 3873 illa
404 3834 560 3888 prava
594 3816 785 3872 haeresi
813 3817 956 3885 ipsos
976 3816 1238 3870 abducere
1266 3813 1591 3879 studeamus,
1617 3821 1775 3881 atque

194 3909 266 3963 ad
308 3910 585 3963 veritatem
629 3906 903 3962 reducere.
952 3905 1019 3959 Et
1052 3920 1179 3960 vero
1219 3919 1318 3958 nos
1364 3904 1561 3972 ipsine
1607 3902 1773 3956 solam

197 4000 359 4055 ﬁdem
406 4000 557 4053 nobis
582 3998 651 4053 ad
693 3998 921 4053 salutem
969 3996 1212 4052 sufﬁcere
1240 4009 1571 4059 censeamus,
1603 3992 1697 4047 sed
1722 4000 1776 4047 et

194 4091 615 4149 conversationis
634 4107 814 4145 curam
840 4104 1104 4161 geramus,
1123 4089 1441 4158 optimaque
1455 4087 1574 4141 vitae
1597 4086 1773 4156 speci-
1800 4154 1803 4159 Α

197 4198 322 4237 men
339 4183 559 4237 edamus
585 4200 597 4235 :
622 4193 678 4237 ut
698 4199 759 4237 ex
784 4191 1004 4251 utraque
1026 4190 1171 4249 parte
1195 4178 1476 4247 Perfectam
1499 4177 1774 4231 utilitatem

196 4274 553 4345 percipiantus
579 4291 593 4327 :
624 4283 679 4328 et
716 4272 784 4327 ad
814 4273 954 4341 quod
1001 4287 1169 4342 nuper
1199 4270 1440 4325 hortatus
1464 4284 1602 4334 sum,
1636 4282 1777 4322 nunc

196 4383 433 4439 quoque,
464 4378 522 4422 ut
566 4367 737 4436 reipsa
768 4374 1100 4436 praestemus,
1132 4378 1226 4417 vos
1252 4362 1453 4427 hortor,
1486 4372 1538 4416 et
1569 4370 1777 4415 mutuas

198 4459 505 4515 inimicitias
547 4457 894 4527 deponamus,
928 4470 1026 4510 nec
1073 4456 1298 4524 amplius
1341 4468 1498 4524 quam
1547 4468 1651 4507 uno
1692 4450 1778 4505 die

188 4550 475 4620 quisquam
522 4546 746 4616 proximi
805 4549 875 4601 sit
920 4546 1203 4609 inimicus,
1250 4544 1343 4599 sed
1390 4554 1515 4598 ante
1566 4551 1775 4596 noctem

197 4641 340 4698 iram
365 4639 594 4708 abjiciat,
641 4653 709 4693 ne
753 4653 873 4691 cum
924 4638 1070 4691 solus
1108 4636 1247 4705 apud
1274 4650 1333 4689 se
1375 4634 1552 4699 fuerit,
1584 4643 1637 4688 et
1661 4648 1778 4703 quae

194 4740 351 4805 gesta
390 4731 638 4798 dictaque
676 4729 913 4795 fuerint,
965 4728 1089 4783 odio
1132 4727 1457 4797 impellente,
1501 4726 1779 4795 diligenter

196 4820 501 4889 collegerit,
531 4820 889 4874 molestiorem
921 4819 1079 4873 ﬁnem
1112 4818 1325 4883 efficiat,
1348 4826 1402 4872 et
1427 4816 1777 4872 diﬂiciliorem

195 4910 388 4967 reddat
412 4911 915 4966 reconciliationem.
942 4910 1073 4965 Nam
1113 4909 1558 4980 quemadmodum
1592 4922 1781 4976 corpo-

196 5004 277 5058 ris
307 5003 475 5056 nostri
514 5017 636 5057 ossa
680 5018 799 5058 cum
828 5018 859 5057 e
888 5016 981 5057 sua
1024 5002 1219 5056 fuerint
1260 5000 1389 5056 sede
1428 4999 1699 5064 convulsa,
1731 4998 1778 5053 si

194 5092 483 5147 confestim
515 5094 877 5157 restituantur,
904 5107 1011 5146 non
1055 5106 1247 5160 magno
1274 5105 1393 5144 cum
1433 5090 1615 5143 labore
1658 5102 1781 5156 pro-

194 5183 375 5252 prium
417 5183 592 5237 locmn
625 5191 938 5252 recuperant
966 5200 979 5235 :
1008 5182 1090 5236 sin
1132 5191 1309 5235 autem
1339 5179 1496 5250 longo
1543 5190 1781 5249 tempore

191 5283 351 5329 extra
380 5273 562 5330 sedem
589 5288 739 5337 suam
782 5274 1095 5341 manserint,
1142 5272 1423 5328 difﬁculter
1467 5281 1645 5340 postea
1692 5286 1780 5327 re-

198 5350 502 5430 vertuntur,
532 5372 589 5418 et
629 5364 684 5419 in
732 5380 885 5419 suum
929 5365 1104 5419 locum
1150 5363 1391 5428 redeunt,
1436 5378 1499 5418 ac
1536 5363 1780 5418 restituta

197 5456 491 5510 multorum
508 5455 713 5511 dierum
731 5457 900 5526 spatio
917 5454 1173 5526 indigent,
1192 5464 1250 5510 ut
1267 5456 1502 5525 adaptari
1520 5465 1705 5510 exacte
1717 5468 1779 5509 ac

198 5546 427 5601 stabiliri
468 5548 672 5617 possint
699 5558 752 5602 et
778 5562 1090 5618 permanere
1121 5565 1134 5600 :
1167 5550 1246 5603 sic
1271 5547 1520 5602 nimirum
1549 5554 1604 5601 et
1647 5560 1778 5611 nos,

196 5638 469 5704 siquidem
500 5640 678 5693 statim
705 5654 824 5693 cum
872 5639 1100 5693 inimicis
1126 5640 1551 5705 reconciliemur,
1582 5638 1779 5693 decen-

200 5732 286 5777 ιρι·
314 5725 364 5781 id
390 5730 615 5800 agimus,
649 5743 822 5801 neque
858 5742 1046 5801 magno
1077 5730 1251 5788 studio
1289 5731 1605 5803 indigemus,
1633 5739 1690 5787 ut
1726 5730 1784 5789 in

982 352 1070 408 DE
1106 349 1375 406 ClllllSTl
1411 346 1769 416 PRECIBUS,
1800 344 2079 427 [CONTRA
2117 346 2483 405 ANOMGSOS.
2527 349 2592 404 Χ.

3361 353 3469 411 ’194

1890 464 2122 510 veterem
2152 458 2432 515 amicitiam
2463 462 2786 532 gratiamque
2824 464 3102 521 redeamus
3133 486 3146 522 :
3178 470 3258 523 sin
3289 480 3465 527 autem

1890 545 2197 602 diuturnum
2240 558 2446 619 tempus
2476 552 2868 619 intercesserit,
2902 564 3167 625 tamquam
3213 560 3340 616 odio
3367 578 3466 617 ex-

1890 639 2074 693 erceati
2115 640 2497 707 erubescimus,
2546 643 2938 711 confundimur,
2967 648 3085 702 aliis
3129 651 3423 721 indigemus
3448 694 3466 721 ,

1889 731 1977 797 qui
2007 745 2111 785 non
2158 732 2314 786 modo
2340 733 2702 802 reconcilient,
2728 737 2911 792 sedet
2953 751 3227 811 postquam
3259 745 3310 798 in
3340 760 3466 815 gra-

1893 822 2017 876 tiam
2068 824 2293 878 reditum
2340 835 2441 891 est,
2490 841 2587 881 nos
2624 840 2928 885 constanter
2972 835 3251 899 retineant,
3294 836 3465 891 donec

1891 912 2121 981 priorem
2148 913 2519 969 conﬁdentiam
2545 921 3052 988 recuperaverimus.
3079 922 3220 978 Nihil
3252 925 3373 993 dico
3397 928 3465 993 de

1893 1005 2176 1073 ignominia
2202 1014 2257 1060 et
2286 1006 2508 1074 pudore.
2536 1009 2727 1063 Annon
2753 1026 3090 1083 summopere
3105 1015 3464 1071 condemnau-

1888 1096 2013 1150 dmn
2045 1106 2143 1161 est,
2175 1098 2219 1152 si
2269 1098 2389 1152 aliis
2413 1114 2683 1170 egeamus,
2711 1102 2945 1170 quicum
2973 1106 3167 1160 nostris
3210 1109 3463 1163 membris

1890 1202 1989 1242 nos
2011 1188 2298 1257 copulent?
2324 1188 2508 1258 Neque
2537 1204 2664 1245 vero
2706 1192 2875 1245 solum
2916 1192 2968 1246 id
2997 1196 3192 1250 malum
3231 1212 3296 1251 ex
3326 1212 3459 1252 cun-

1888 1280 2122 1332 ctatione
2149 1278 2234 1331 illa
2279 1287 2331 1333 et
2357 1279 2608 1335 dilatione
2641 1285 3000 1354 consequitur,
3031 1286 3125 1341 sed
3164 1288 3303 1357 quod
3334 1305 3460 1360 pee-

1887 1378 2003 1423 eata
2047 1370 2266 1425 minime
2320 1386 2464 1437 vera,
2511 1372 2701 1429 deinde
2746 1387 2959 1445 peccata
2999 1392 3119 1433 esse
3166 1380 3457 1437 vidcantur.

1888 1460 2267 1531 Quodcumque
2311 1462 2560 1531 loquutus
2603 1463 2761 1519 fuerit
2810 1466 3075 1532 inimicus,
3118 1472 3294 1525 omnia
3341 1488 3459 1526 cum

1886 1551 2187 1619 suspicione
2214 1551 2549 1621 suscipimus,
2579 1554 2691 1608 sive
2732 1565 2959 1623 gestum,
3002 1558 3114 1612 sive
3150 1571 3419 1628 aspectmn
3444 1604 3459 1624 ,

1887 1642 1999 1695 sive
2024 1657 2228 1705 vocem,
2256 1643 2368 1698 sive
2394 1643 2677 1699 incessum.
2707 1647 2839 1700 Cum
2869 1649 3009 1703 enim
3031 1651 3284 1718 cernitur,
3311 1653 3460 1706 indu-

1887 1744 2053 1787 ratam
2084 1735 2312 1788 animam
2342 1735 2651 1797 inﬁannnat.
2685 1739 2805 1792 etsi
2836 1755 2939 1792 non
2967 1750 3235 1807 cernatur,
3266 1744 3460 1812 pariter

1888 1840 2069 1879 rursus
2117 1825 2355 1880 dolorem
2411 1826 2593 1881 inurit.
2649 1827 2765 1882 Non
2832 1830 2974 1884 enim
3022 1838 3221 1886 tantum
3274 1848 3458 1888 eorum

1885 1929 2151 1987 aspectus,
2181 1919 2269 1988 qui
2316 1919 2560 1987 injuriam
2600 1920 2909 1984 intulerunt,
2939 1921 3033 1975 sed
3072 1930 3126 1977 et
3165 1924 3479 1979 recordatio

1887 2010 2038 2063 nobis
2068 2010 2362 2064 molestiam
2407 2010 2597 2066 aﬁ'errc
2640 2014 2912 2066 consuevit
2940 2030 2953 2066 :
2982 2029 3044 2068 ac
3069 2015 3111 2068 si
3141 2018 3363 2069 alterum
3391 2016 3461 2071 de

1885 2116 1950 2155 eo
1978 2101 2282 2171 loquentem
2326 2102 2667 2165 audierimus,
2711 2105 2907 2171 pariter
2948 2104 3105 2159 verba
3135 2105 3377 2170 facimus,
3405 2115 3462 2161 et

1888 2202 2048 2246 totam
2080 2193 2235 2261 plane
2264 2193 2425 2246 vitam
2458 2192 2507 2245 in
2557 2193 2765 2247 tristitia
2808 2202 2861 2248 et
2886 2194 3071 2248 dolore
3100 2195 3418 2249 traducimus
3441 2236 3459 2261 ,

1883 2297 1947 2336 ac
1972 2283 2168 2351 majora
2201 2283 2354 2339 nobis
2384 2283 2515 2353 ipsis
2540 2284 2676 2338 mala
2700 2300 2859 2354 quam
2884 2285 2987 2340 illis
3017 2285 3309 2354 inferimus,
3331 2286 3459 2342 dum

1884 2386 2195 2443 perpetuum
2225 2376 2421 2431 bellum
2468 2377 2520 2431 in
2543 2377 2720 2431 anima
2747 2392 3142 2432 conscrvamus.

1955 2463 2201 2534 Epilogus
2222 2467 2486 2542 orationis.
2505 2497 2573 2505 —
2594 2467 2719 2521 llatc
2746 2468 2903 2536 igitur
2930 2470 3105 2523 omnia
3131 2483 3252 2522 cum
3276 2468 3462 2536 explo-

1882 2563 1994 2607 rata
2023 2555 2123 2607 sint
2158 2554 2327 2619 nobis,
2360 2554 2706 2621 dilectissimi,
2738 2558 2974 2611 maxime
3003 2558 3213 2627 quidem
3243 2559 3458 2613 studea-

1882 2660 1999 2699 mus
2028 2645 2199 2698 nullas
2241 2662 2359 2701 cmn
2406 2646 2581 2716 aliquo
2613 2648 2914 2702 inimicitias
2954 2665 3241 2713 exercere;
3270 2650 3313 2703 si
3340 2667 3460 2719 qua:

1882 2751 2009 2790 vero
2035 2737 2452 2804 intercesserint,
2478 2739 2665 2793 eodem
2696 2740 2811 2809 ipso
2833 2740 2918 2795 die
2947 2743 3367 2797 reconciliemur.
3400 2743 3459 2798 Si

1880 2825 2023 2893 enim
2076 2828 2301 2882 alterum
2366 2830 2648 2884 tertiumve
2711 2830 2850 2884 diem
2921 2832 3229 2899 attigerint,
3278 2832 3456 2886 statim

1882 2917 2037 2993 tertia
2077 2918 2135 2971 lit
2181 2927 2363 2988 quarta
2389 2959 2405 2984 ,
2452 2928 2507 2973 et
2556 2920 2644 2974 illa
2689 2921 2893 2989 quinta,
2937 2930 3095 2991 atque
3138 2922 3251 2977 lure
3292 2925 3458 2978 multo

1881 3007 2061 3075 plures
2090 3007 2281 3061 deinde
2306 3008 2418 3062 dies
2443 3008 2595 3063 nobis
2624 3009 2790 3078 pariet
2815 3010 3227 3065 inimicitiarum.
3248 3012 3457 3077 Quanto

1879 3096 2021 3149 enim
2047 3096 2275 3165 amplius
2302 3096 2616 3162 differimus,
2647 3106 2790 3151 tanto
2817 3098 3047 3166 amplius
3070 3100 3455 3158 erubescimus.

1879 3190 1948 3239 At
1969 3186 2225 3240 accedere
2255 3194 2306 3240 te
2350 3186 2530 3255 pudet,
2562 3196 2616 3241 et
2639 3186 2934 3243 deosculari
2963 3204 3087 3244 eum
3112 3189 3203 3259 qui
3234 3199 3286 3247 te
3322 3190 3455 3247 affe-

1877 3279 1949 3332 cit
1977 3277 2166 3347 injuria
2189 3276 2214 3331 ἳ
3230 3304 3234 3307 -

1948 3368 2029 3422 Ad
2064 3368 2516 3447 reconciliationem
2561 3384 2675 3423 cum
2716 3368 2930 3424 inimicis
2968 3370 3217 3425 hortatur.
3242 3401 3315 3412 —
3340 3370 3453 3428 luto
3482 3406 3487 3409 »

1877 3476 2004 3516 vero
2030 3461 2133 3515 hoc
2173 3462 2287 3516 laus
2314 3469 2418 3529 est,
2468 3461 2569 3516 hoc
2595 3477 2812 3527 corona,
2859 3462 2961 3517 hoc
3004 3465 3323 3529 encomium,
3351 3464 3453 3519 hoc

1878 3554 2081 3608 lucrum
2114 3562 2169 3608 et
2194 3553 2473 3608 thesaurus
2510 3562 2590 3608 est
2615 3554 2769 3609 bonis
2798 3555 3090 3611 innumeris
3116 3557 3414 3612 cumulatus
3435 3597 3453 3624 ,

1878 3652 1932 3697 et
1984 3644 2097 3712 ipse
2146 3651 2197 3697 te
2224 3643 2617 3699 commendabit
2662 3645 2927 3711 inimicus,
2944 3656 3000 3701 et
3044 3661 3231 3701 omnes
3272 3646 3455 3702 lauda--

1877 3733 2027 3799 bunt,
2058 3733 2147 3802 qui
2190 3733 2415 3788 aderunt
2442 3752 2454 3785 :
2486 3744 2540 3789 et
2577 3750 2704 3789 vero
2748 3736 2872 3790 licet
2900 3736 3143 3791 homines
3169 3737 3455 3805 reprehen-

1878 3824 2025 3890 dant,
2060 3824 2195 3878 Deus
2224 3825 2340 3879 sine
2364 3824 2527 3879 dubio
2568 3826 2862 3880 coronabit.
2895 3826 3047 3891 Quod
3084 3827 3130 3881 si
3158 3837 3456 3896 exspectes,

1878 3923 1935 3969 ut
1963 3915 2105 3983 prior
2130 3915 2304 3969 veniat
2327 3930 2389 3969 ac
2415 3915 2621 3970 veniam
2648 3924 2812 3984 petat,
2840 3932 2945 3971 non
2972 3925 3175 3971 tantum
3193 3927 3452 3986 qumstum

1879 4005 2063 4071 facies,
2095 4004 2356 4075 siquidem
2397 4006 2486 4060 ille
2534 4007 2809 4074 praemium
2860 4007 3143 4076 praeripiet,
3192 4016 3247 4062 et
3290 4016 3455 4062 totam

1879 4096 2302 4152 bemdictionem
2345 4098 2396 4151 in
2423 4111 2481 4151 se
2512 4096 2794 4152 transferet
2826 4115 2839 4150 :
2873 4098 2955 4151 sin
2994 4106 3171 4152 autem
3201 4099 3345 4167 prior
3367 4113 3443 4152 act

1878 4202 2083 4253 curras,
2116 4204 2220 4242 non
2244 4187 2599 4258 superaberis,
2629 4188 2723 4244 sed
2767 4189 2900 4243 iram
2923 4190 3123 4256 vinces,
3156 4190 3455 4259 passionem

1880 4277 2111 4347 subiges,
2158 4293 2406 4347 magnum
2458 4277 2809 4348 philosophia:
2850 4281 3119 4348 specimen
3156 4280 3305 4344 edes,
3336 4295 3456 4336 cum

1883 4369 1996 4425 Deo
2044 4368 2471 4447 obtemperabis,
2511 4369 2881 4439 iucundiorem
2924 4370 3141 4439 reliquae.
3179 4371 3299 4424 vita:
3354 4379 3458 4425 tute

1880 4476 2093 4516 cursum
2123 4448 2337 4531 reddes,
2368 4461 2509 4516 etab
2536 4461 2783 4516 omnibus
2806 4460 3031 4530 negotiis
3056 4476 3119 4516 ac
3145 4461 3457 4515 tumultibus

1881 4550 2209 4606 liberaberis.
2240 4550 2350 4606 Nec
2391 4550 2531 4620 apud
2571 4551 2735 4606 Deum
2760 4550 2953 4616 solum,
2985 4549 3078 4605 sed
3108 4559 3162 4605 et
3196 4550 3334 4619 apud
3362 4551 3458 4605 ho-

1881 4640 2054 4697 mines
2091 4640 2353 4695 lubricum
2392 4655 2456 4695 ac
2498 4641 2851 4710 periculosum
2894 4650 2978 4696 est
3021 4641 3217 4697 multos
3259 4641 3459 4697 habere

1883 4733 2145 4786 inimicos.
2170 4731 2306 4799 Quid
2344 4731 2463 4786 dico
2490 4733 2726 4787 multos?
2750 4732 2922 4787 Unum
2963 4746 3027 4787 ac
3072 4733 3243 4789 solum
3284 4733 3469 4789 inimi-

1882 4840 2003 4879 cum
2035 4824 2230 4878 habere
2256 4824 2609 4893 periculosum
2652 4832 2753 4889 est,
2783 4824 2921 4879 sicut
2944 4832 3112 4879 tutum
3140 4840 3204 4880 ac
3230 4826 3461 4882 salutare

1884 4914 1929 4968 si
1960 4914 2050 4968 tibi
2079 4928 2263 4968 omnes
2283 4914 2390 4968 sint
2417 4914 2592 4969 amici.
2623 4914 2740 4968 Non
2767 4915 2837 4969 ita
2864 4914 3063 4970 reditus
3091 4917 3457 4987 pecuniarum,

1886 5020 1992 5060 non
2040 5006 2111 5060 ita
2135 5021 2305 5071 arma,
2352 5008 2569 5070 muenia,
2598 5006 2770 5071 fossaa,
2803 5016 2960 5076 atque
2984 5008 3298 5064 innumerae
3338 5009 3463 5064 reli-

1884 5111 2004 5165 quie
2032 5095 2292 5151 machinae
2317 5111 2415 5151 nos
2442 5097 2648 5152 munire
2671 5098 2865 5165 solent,
2894 5108 2950 5153 ut
2974 5100 3203 5155 amicitia
3229 5100 3458 5156 sincera.

1887 5186 1998 5241 lloc
2018 5188 2486 5256 propugnaculum,
2515 5188 2615 5242 hoc
2634 5193 2907 5253 securitas,
2932 5188 3034 5244 hoc
3049 5190 3339 5259 opulentia,
3362 5190 3462 5243 hoc

1886 5278 2108 5343 delicite,
2156 5277 2256 5333 hoc
2294 5278 2520 5343 efﬁciet,
2564 5287 2622 5333 ut
2660 5288 2715 5334 et
2758 5281 2919 5335 vitam
2977 5291 3292 5349 praesentem
3337 5293 3471 5333 cum

1885 5368 2049 5421 animi
2092 5367 2469 5437 tranquillitate
2509 5368 2802 5438 degamus,
2851 5378 2906 5424 et
2952 5368 3181 5425 futuram
3212 5369 3462 5439 largietur

1888 5452 2075 5509 vitam.
2108 5458 2237 5523 Quae
2302 5458 2549 5512 nimirum
2596 5459 2774 5513 omnia
2824 5469 3003 5514 mente
3050 5468 3359 5525 versantes,
3411 5470 3464 5512 et

1887 5555 2139 5618 quantum
2169 5563 2237 5602 ex
2283 5562 2347 5603 ea
2390 5564 2448 5603 re
2490 5549 2692 5603 lucrum
2736 5548 3037 5618 decerpturi
3076 5549 3242 5604 simus
3286 5550 3467 5604 animo

1887 5648 2213 5710 reputantes,
2246 5639 2375 5694 nihil
2404 5655 2507 5694 non
2550 5655 2769 5709 agamus
2810 5649 2969 5710 atque
2994 5639 3296 5706 moliamur,
3329 5651 3385 5695 ut
3414 5650 3471 5699 et

1889 5747 2027 5804 quos
2050 5731 2309 5789 habemus
2335 5731 2489 5789 nobis
2516 5732 2919 5789 reconcilicmus
2960 5731 3227 5803 inimicos,
3255 5743 3310 5790 et
3335 5747 3469 5808 quos
