3854 6222
388 324 493 382 793

379 437 611 495 habituri
663 457 942 514 essemus,
994 448 1375 520 impedianms,
1430 472 1629 527 eosque
1676 462 1765 529 qui
1819 456 1970 518 nobis

379 533 539 587 amici
591 544 715 591 sunt
763 538 1027 595 ﬁrmiores
1089 548 1581 619 constantioresque
1636 552 1965 609 reddamus:

380 622 641 690 siquidem
692 626 901 682 initium
927 639 982 685 et
1027 630 1149 686 ﬁnis
1173 638 1347 689 «ulmis
1374 638 1582 694 virtutis
1622 652 1705 695 est
1726 643 1919 697 caritas
1950 661 1963 698 :

374 727 475 776 qua
506 715 713 771 sincere
750 734 815 772 ac
845 731 1099 791 perpetuo
1125 724 1358 783 fruentes
1388 741 1439 783 ut
1466 747 1685 802 regnum
1712 733 1964 793 caelorum

1092 338 1152 395 S.
1187 338 1465 402 JOANNIS
1502 346 1979 421 CHRYSOSTOMI
2016 355 2335 412 ARCHIEP.
2375 358 2908 421 CONSTANTINOP.

3566 364 3667 419 796

2077 468 2455 538 adipiscamur,
2487 474 2616 528 faxit
2639 478 2806 545 gratia
2835 488 2889 533 et
2934 479 3229 552 benignitas
3254 484 3471 545 Domini
3502 496 3674 545 nosti

2074 556 2201 611 Jesu
2228 559 2447 626 Christi,
2476 564 2557 617 cui
2586 566 2754 635 gloria
2783 577 2837 622 et
2864 570 3139 640 imperium
3171 576 3221 630 in
3257 580 3456 633 saecuia
3504 596 3675 635 3.1115-

2075 646 2268 705 lorum.
2300 652 2492 718 Amen.

396 970 3629 1043 mw“

626 1240 705 1300 IN
748 1242 1148 1308 HOMILIAS
1178 1247 1384 1309 DUAS
1414 1246 1736 1319 CONTRA
1781 1247 2203 1313 ANOMOEOS
2240 1250 2995 1318 CONSTANTINOPOLI
3032 1254 3386 1318 HABITAS

1967 1560 2040 1585 ..Ρ

448 1788 597 1847 Licet
623 1794 720 1848 bas
753 1809 943 1851 contra
992 1801 1293 1854 Anomoeos
1339 1799 1598 1856 homilias
1644 1800 1960 1857 Constanti-

377 1905 561 1973 nopoli
614 1906 869 1963 habuerit
916 1907 1369 1981 Chrysostomus,
1429 1912 1684 1970 undecim
1743 1914 1962 1971 circiter

376 2021 534 2074 annis
568 2032 858 2092 postquam
892 2023 1013 2079 illas
1044 2024 1181 2081 alias
1229 2036 1419 2082 contra
1476 2031 1776 2086 Anommos
1825 2045 1960 2085 con-

375 2132 563 2189 ciones
591 2134 897 2192 Antiochia:
921 2137 1249 2199 absolverat,
1280 2143 1588 2212 argumenti
1639 2151 1819 2200 tamen
1876 2159 1962 2199 ra-

378 2244 527 2300 tione
554 2244 724 2315 ducti,
745 2261 840 2307 eas
863 2260 1265 2320 consequenter
1284 2252 1592 2323 posuimus,
1615 2270 1776 2314 secus
1794 2272 1959 2326 quam

373 2356 580 2413 Fronto
622 2356 872 2426 Ducaeus,
903 2362 995 2432 qui
1028 2364 1259 2433 primam
1296 2367 1486 2437 procul
1514 2366 1585 2424 ab
1613 2369 1734 2427 aliis
1772 2381 1961 2427 contra

373 2471 674 2528 Auommos
717 2473 1079 2532 concionibus
1132 2478 1391 2547 positam,
1448 2494 1576 2536 cum
1633 2481 1739 2538 hoc
1776 2492 1958 2545 tamen

374 2581 550 2647 titulo,
579 2592 765 2637 contra
787 2585 1060 2643 Anomazos
1091 2587 1180 2657 VI,
1201 2591 1466 2649 ediderat.
1493 2592 1804 2652 Secundam
1830 2613 1961 2656 vero

373 2698 565 2766 paucis
594 2708 718 2766 post
755 2699 952 2759 diebus
1001 2702 1242 2761 habitam
1294 2721 1406 2762 non
1443 2707 1735 2768 advertens
1763 2722 1960 2769 contra

373 2809 675 2866 Anommos
728 2823 871 2879 esse,
908 2811 965 2867 in
1018 2814 1271 2885 quintum
1329 2827 1539 2874 tomum
1589 2820 1956 2893 ablegaverat.

374 2918 569 2975 llahita
605 2930 787 2978 autem
818 2934 903 2979 est
931 2933 1165 2996 utraque
1192 2941 1339 2983 anno
1384 2928 1512 2985 398.
1547 2927 1706 2987 Prior
1751 2942 1836 2989 est
1866 2949 1957 2991 se-

373 3034 553 3091 cunda
618 3035 765 3092 illius
830 3036 898 3091 ad
953 3035 1626 3113 Constantinopolitanum
1690 3046 1953 3116 p0pulum

375 3151 591 3213 concio.
622 3162 682 3208 ut
707 3152 864 3210 initio
897 3153 1013 3223 ipse
1056 3154 1422 3226 testiﬁcatur;
1474 3173 1665 3216 verum
1713 3177 1800 3227 ea,
1831 3180 1956 3236 qua:

375 3264 519 3319 hanc
544 3265 845 3333 praecessit,
877 3264 1153 3323 interiisse
1186 3268 1421 3326 videtur.
1464 3270 1524 3328 Si
1556 3272 1691 3331 ﬁdes
1738 3276 1955 3336 duobus

373 3375 603 3430 vetustis
633 3376 939 3444 codicibus,
989 3380 1228 3449 priorem
1284 3382 1479 3440 habuit
1528 3384 1955 3459 Chrysostomus

375 3485 427 3539 in
455 3483 603 3541 Nova
642 3485 907 3555 Ecclesia,
941 3490 1000 3542 ἐν
1024 3492 1090 3561 τῇ
1135 3491 1313 3563 Καινῇ
1364 3490 1677 3567 Ἐκκλησίᾳ.
1713 3499 1784 3554 At
1814 3502 1955 3558 veri-

2062 1794 2244 1852 simile
2274 1800 2358 1851 est
2385 1793 2441 1849 id
2468 1792 2524 1849 in
2553 1793 2711 1851 titulo
2739 1793 2991 1864 posuisse
3021 1793 3299 1863 librarios,
3326 1792 3439 1853 hoc
3478 1796 3661 1870 Cory-

2061 1907 2285 1963 sostomi
2316 1906 2439 1962 loco
2464 1908 2683 1971 ductos,
2714 1907 2806 1978 qui
2829 1907 2993 1978 paulo
3022 1915 3141 1977 post
3170 1907 3388 1965 initium
3414 1909 3657 1981 legitur9

2062 2018 2160 2073 Est
2192 2018 2368 2073 ethoc
2420 2016 2739 2073 admirabile
2775 2019 2916 2090 quod
2949 2020 3184 2075 videmus
3238 2021 3295 2075 in
3360 2021 3466 2076 hac
3500 2032 3658 2092 parte

2062 2133 2297 2188 civitatis
2335 2132 2630 2188 Ecclesium
2657 2133 2791 2189 hanc
2818 2133 3142 2205 plantatam,
3188 2136 3654 2208 πεφυτευμένην,

2060 2255 2111 2300 et
2149 2226 2491 2302 nihilominus
2511 2247 2664 2317 quasi
2697 2249 2753 2301 in
2783 2248 2956 2303 medio
2989 2248 3197 2303 camino
3245 2248 3423 2303 oleam
3449 2251 3655 2319 genui?

2063 2368 2299 2424 nantem,
2341 2358 2591 2430 foliisque
2634 2369 2935 2415 comantem
2988 2370 3039 2415 et
3073 2361 3253 2431 [ructu
3281 2378 3520 2433 gravem.
3561 2363 3658 2419 Sic

2064 2484 2195 2526 vero
2224 2467 2490 2541 loquitur,
2520 2480 2579 2526 ut
2603 2469 2776 2542 liquet
2800 2488 2866 2527 ex
2902 2472 2969 2529 iis
2996 2489 3118 2544 qua:
3149 2475 3491 2544 pracedunt,
3522 2478 3657 2547 quia

2063 2587 2158 2643 illa
2186 2587 2336 2644 urbis
2365 2602 2494 2658 pars
2520 2587 2590 2644 ab
2632 2588 2906 2645 haareticis
2938 2598 3001 2647 ut
3033 2589 3328 2661 plurimum
3364 2590 3659 2648 incoleba-

2062 2713 2192 2759 tur:
2226 2718 2405 2774 neque
2455 2712 2637 2759 tamen
2672 2704 2807 2760 dicit
2868 2720 3105 2777 usquam
3140 2707 3431 2764 ecclesiam
3497 2709 3653 2764 illam

2061 2830 2256 2872 recens
2308 2823 2574 2872 structam
2637 2816 2829 2874 fuisse.
2886 2817 3255 2884 Quamobrem
3310 2819 3492 2876 donec
3525 2822 3661 2891 quid

2059 2931 2267 2989 certius
2290 2939 2555 3003 emergat,
2587 2929 2716 2993 huic
2750 2932 3252 3004 manuscriptorum
3293 2932 3537 2991 duorum
3588 2938 3662 2991 ti-

2065 3043 2184 3102 tulo
2212 3059 2323 3100 non
2349 3043 2655 3101 habendam
2678 3059 2802 3101 esse
2817 3046 2980 3100 ﬁdem
3003 3061 3225 3103 censeo.

2133 3162 2293 3232 Huic,
2321 3176 2382 3223 ut
2422 3167 2683 3234 diximus,
2713 3176 2770 3223 et
2822 3169 3085 3239 temporis
3112 3179 3167 3225 et
3203 3170 3519 3239 argumenti
3572 3186 3665 3225 ra-

2062 3277 2211 3335 tione
2240 3278 2411 3346 ducti,
2443 3279 2831 3352 subiungimus
2858 3281 3139 3337 homiliam
3172 3284 3227 3336 in
3255 3283 3653 3354 paralyticunt,

2059 3399 2116 3446 et
2146 3389 2227 3446 De
2255 3392 2535 3447 divinitate
2564 3391 2787 3460 Christi,
2818 3393 2983 3466 deque
3002 3395 3117 3463 eius
3138 3412 3258 3449 cum
3280 3394 3449 3451 Patre
3476 3415 3653 3468 requa-

2063 3507 2238 3571 titate,
2270 3520 2439 3575 quam
2492 3506 2685 3575 paucis
2732 3517 2857 3578 post
2916 3508 3066 3571 illam
3129 3521 3317 3567 contra
3374 3512 3663 3571 Anam

389 3874 3643 3905 “mn—Wm—

394 4106 663 4150 BOHILIA
705 4106 1281 4151 CONSTANTINOPOLI
1325 4109 1563 4152 ΗΔΒῙΤΔ
1605 4107 1853 4151 CONTRA
1896 4104 2221 4151 ANOMOEOS
2264 4105 2347 4146 DE
2389 4104 3032 4148 INCOMPRBHENSIBILI
3075 4104 3182 4147 DEI
3226 4106 3486 4149 NATUIIL
3516 4108 3565 4160 ί,
3597 4110 3671 4153 ΕΤ

477 4205 645 4257 QUOD
687 4206 907 4250 Νογωι
949 4206 1425 4263 ΤεετΑιιΕΝτ-ωι
1471 4208 1701 4259 νΕΤειιι
1744 4208 1967 4257 CQNSOI‘

2074 4234 2092 4263 ,
2137 4206 2346 4259 ATQUE
2388 4203 2455 4254 ιΝ
2499 4202 2647 4260 EOS,
2691 4202 2801 4257 QUI
2855 4203 3093 4247 DIVINIS
3139 4204 3261 4249 NON
3306 4204 3673 4260 INTERSUNT

472 4302 589 4348 (ΣοΝ
598 4305 922 4351 νπκτωυε.

880 4558 1096 4599 nomen
1135 4557 1396 4602 causam
1426 4543 1525 4613 (ιι).

469 4638 522 4690 1.
564 4636 805 4691 Secunda
836 4637 1011 4691 concio
1037 4635 1477 4706 ConstantinOpoti
1502 4636 1674 4689 habita
1701 4651 1835 4688 anno
1852 4633 1975 4691 598.

398 4754 471 4767 --
489 4724 664 4782 Unum
695 4727 834 4795 apud
862 4741 959 4782 vos
985 4727 1125 4782 diem
1153 4726 1400 4791 disserui,
1421 4736 1477 4781 et
1505 4726 1630 4781 inde
1657 4733 1862 4780 tantum
1883 4738 1981 4779 vos

395 4816 579 4880 dilexi,
606 4826 857 4885 quantum
901 4817 946 4871 si
984 4816 1054 4872 ab
1086 4816 1239 4871 initio
1263 4816 1537 4873 vobiscum
1573 4830 1748 4871 essem
1776 4813 1980 4869 educa-

395 4916 487 4963 tns
515 4924 528 4959 :
560 4907 630 4960 ita
658 4921 773 4961 sum
801 4906 951 4963 vobis
979 4906 1213 4962 caritatis
1241 4907 1467 4961 vinculis
1503 4905 1815 4975 coniunctus
1842 4918 1905 4959 ac
1933 4905 1979 4960 si

398 4996 626 5067 plurimo
653 5005 892 5065 tempore
928 4995 1131 5051 fruetus
1156 4994 1479 5055 dulcissimae
1522 4993 1922 5049 consuetudinis
1948 5007 1980 5047 a

401 5087 553 5141 vobis
594 5088 971 5158 percepissem.
1002 5087 1155 5156 Quod
1196 5090 1257 5142 tit
1280 5103 1388 5142 non
1420 5088 1539 5158 quia
1570 5102 1669 5158 ego
1694 5087 1981 5142 admodum

402 5179 470 5233 ad
524 5178 810 5233 amicitiam
859 5187 917 5234 et
961 5179 1235 5234 caritatem
1280 5179 1383 5234 sim
1428 5179 1669 5246 idoneus,
1723 5177 1819 5234 sed
1860 5177 1982 5248 quia

462 5356 477 5385 ¹
516 5353 620 5413 Alii,
643 5354 859 5409 eiusdem
888 5352 949 5402 de
962 5351 1429 5416 incomprehensibili
1449 5358 1615 5416 contra
1639 5361 1879 5416 Auamma;
1896 5350 1983 5401 Ito-

396 5416 531 5465 mtlia
550 5421 705 5463 sexta.
720 5421 819 5464 Duo
833 5423 996 5463 autem
1018 5412 1260 5473 adjiciunt,
1278 5413 1437 5474 habita
1449 5413 1539 5475 fuit
1560 5414 1610 5463 in
1624 5425 1743 5463 nova
1761 5412 1983 5475 ecclesia,

395 5477 523 5538 quod
548 5476 920 5538 additamentum
958 5484 1123 5526 notato
1145 5477 1344 5537 dignum
1368 5482 1461 5524 est.
1489 5477 1603 5529 Vide
1626 5477 1877 5525 monitum.
1902 5484 1982 5525 Sa-

395 5536 477 5585 vil.
508 5544 561 5585 et
584 5536 746 5586 Μαι-«ιι.
774 5537 963 5586 titulum
989 5538 1170 5585 habent
1193 5536 1248 5585 ut
1264 5549 1426 5597 supra.

462 5598 534 5661 (tl)
558 5598 773 5661 Iuliane
798 5597 1043 5661 Itoniiiliaiu
1078 5598 1369 5661 contulimus
1411 5598 1607 5653 Codices
1646 5598 1819 5661 Regios
1846 5597 1980 5660 195,

397 5657 536 5718 i900,
568 5659 701 5719 1963,
730 5659 848 5709 1975
870 5666 920 5709 et
932 5657 1141 5709 Colbert.
1167 5658 1276 5708 629.

2086 4549 2184 4591 vos
2234 4535 2653 4604 desiderabiles,
2703 4536 3047 4607 omniumque
3106 4539 3341 4594 maxime
3387 4541 3681 4597 amabiles.

2083 4625 2215 4692 Quis
2240 4627 2382 4682 enim
2416 4642 2522 4682 non
2548 4628 2902 4684 admiraretur
2928 4630 3140 4699 igneum
3166 4631 3361 4696 zelum,
3394 4634 3684 4689 caritatem

2084 4717 2284 4787 absque
2324 4718 2684 4784 simulatione,
2728 4718 3151 4774 benevolentiam
3190 4721 3242 4774 in
3289 4734 3683 4792 praeceptores,

2083 4809 2427 4864 concordiam
2467 4810 2604 4865 inter
2631 4824 2746 4873 vos,
2791 4825 2909 4879 quae
2956 4825 3087 4866 sane
3110 4811 3285 4865 omnia
3320 4814 3457 4868 satis
3496 4825 3687 4870 essem

2086 4907 2145 4955 ut
2189 4900 2277 4955 vel
2312 4900 2576 4969 lapideam
2629 4901 2862 4955 animam
2905 4901 3058 4956 vobis
3099 4902 3497 4958 conciliarent?
3544 4906 3687 4960 Pro-

2087 4999 2267 5059 pterea
2296 5006 2402 5045 non
2430 4991 2606 5046 minus
2628 5006 2723 5046 vos
2746 5006 3007 5057 amamus,
3028 5007 3189 5063 quam
3212 4993 3506 5050 Ecclesiam
3531 4993 3691 5047 iliam

2086 5081 2142 5147 in
2170 5096 2273 5151 qua
2312 5082 2443 5149 nati,
2486 5081 2720 5147 educati,
2766 5090 2822 5137 et
2850 5082 3043 5137 eruditi
3074 5097 3257 5137 sumus
3288 5101 3301 5139 :
3334 5098 3499 5139 soror
3533 5085 3693 5142 enim

2087 5172 2229 5228 illius
2267 5173 2385 5228 haec
2427 5184 2528 5240 est,
2562 5189 2768 5245 vosque
2801 5175 3169 5245 cognationem
3200 5176 3347 5230 illam
3376 5190 3557 5249 opere
3590 5180 3693 5235 de-

2086 5266 2351 5321 clarastis.
2378 5265 2635 5333 Quamvis
2659 5277 2837 5322 autem
2868 5268 2960 5323 illa
2988 5276 3232 5337 tempore
3269 5268 3343 5323 sit
3381 5270 3695 5341 antiquior,

2090 5355 2205 5410 haec
2233 5368 2409 5411 tamen
2460 5357 2564 5412 ﬁde
2596 5356 2885 5412 ferventior
2932 5367 3035 5425 est,
3080 5368 3135 5414 et
3178 5359 3287 5414 illic
3330 5362 3512 5430 major
3554 5378 3695 5415 cno-

2087 5457 2279 5503 ventus
2307 5456 2390 5502 est
2424 5463 2489 5502 ac
2526 5448 2789 5503 celebrius
2817 5449 3101 5514 theatrum,
3144 5451 3238 5505 sed
3265 5451 3355 5506 hic
3385 5456 3568 5521 major
3606 5473 3695 5523 ιιτ-

2090 5537 2296 5601 tientia,
2330 5537 2652 5607 maiorisque
2693 5538 3015 5593 fortitudinis
3054 5539 3328 5596 indicium.
3364 5541 3503 5596 Nam
3532 5548 3695 5596 νεὼ.»

2088 5629 2437 5707 undequaque
2467 5629 2551 5686 hic
2579 5629 2733 5700 lupos
2772 5630 3132 5703 obambulare,
3180 5634 3322 5690 ovile
3351 5646 3541 5692 autem
3587 5654 3690 5689 Man

3802 1321 3810 1569 l
