3826 6222
393 321 503 384 ῚθἹ

397 439 748 497 ἀναλίσκεται
771 454 784 465 ·
839 437 976 510 ζάλη
1002 438 1096 491 καὶ
1125 437 1332 508 χειμὼν
1392 436 1485 491 καὶ
1542 433 1835 489 κλυδώνιον
1868 451 1968 486 πε-

399 525 654 597 ριέστηκε
679 521 780 593 τὴν
825 521 976 594 ίεράν
1021 523 1224 592 ταύτην
1273 519 1405 574 ναῦν
1437 517 1720 589 διηνεκῶς,
1773 519 1868 570 καὶ
1915 516 1967 569 οἱ

397 607 724 676 ἐμπλέοντες
770 605 830 658 οὑ
881 604 1358 666 καταποντίζονται
1382 618 1396 632 ⁸
1445 601 1641 672 φλογὸς
1686 599 1966 670 αίρετικῆς

397 691 628 760 ὲπήρεια
662 687 924 742 πάντοθεν
960 685 1238 738 κυκλοῦσα
1262 698 1312 749 ιι,
1351 686 1446 738 καὶ
1491 686 1539 737 οί
1583 685 1640 736 ἐν
1687 685 1836 754 μέσῳ
1867 683 1965 752 τῆς

396 771 628 841 καμίνου
656 770 845 841 δρόσου
891 768 1265 838 πνευματικῆς
1308 766 1690 820 ἀπολαύουσιν.
1734 764 1966 836 Ὁμοίως

395 854 510 907 ἐστὶ
535 853 833 924 παράδοξον
867 852 923 904 ἐν
952 849 1032 921 τῷ
1067 850 1221 922 μέρει
1238 850 1265 890 δ
1288 850 1386 920 τῆς
1413 849 1619 911 πόλεως
1647 849 1850 919 ταύτης
1869 846 1966 918 τὴν

408 933 730 1006 Ἐκκλησίαν
757 935 964 1003 ταύτην
989 931 1406 1003 πεφυτευμένην
1433 931 1580 996 ίδεῖν,
1613 930 1802 1000 ῶσπερ
1832 930 1897 985 ἂν
1917 929 1970 982 ετ

392 1035 476 1080 τις
506 1019 563 1069 ἐν
599 1017 741 1088 μέσῃ
772 1015 988 1086 καμίνῳ
1016 1014 1315 1068 θάλλουσαν
1345 1013 1551 1077 ἐλαίαν,
1587 1014 1814 1076 καὶτοῖς
1842 1011 1967 1080 φύλ-

392 1099 506 1163 λοις
537 1097 815 1169 κομῶσαν,
855 1098 951 1150 καὶ
971 1096 1050 1167 τῷ
1079 1095 1277 1166 καρπῷ
1305 1095 1631 1167 βριθομένην
1654 1095 1770 1148 ίδοι.
1818 1094 1967 1149 Ἐπεὶ

391 1176 486 1234 οῦν
514 1179 688 1243 οῦτως
738 1177 1079 1248 εὐγνώμονες
1128 1179 1286 1249 ὑμεῖς
1334 1179 1428 1230 καὶ
1485 1179 1692 1248 μυρίων
1744 1176 1965 1245 ἀγαθῶν

391 1261 556 1328 ἄξιοι,
591 1261 724 1332 φέρε
753 1262 853 1332 τὴν
881 1261 1176 1330 ὑπόσχεσιν
1216 1260 1355 1329 μετά
1386 1258 1567 1329 πάσης
1598 1259 1818 1330 χάριτος
1866 1275 1966 1312 κα-

391 1344 738 1413 ταϐάλωμεν,
763 1343 830 1413 ἦν
858 1343 1048 1414 πρῴην
1082 1343 1208 1412 ὑμῖν
1233 1341 1606 1412 ὑπεσχόμεθα,
1643 1342 1804 1412 ἡνίκα
1838 1340 1965 1412 περὶ

391 1426 501 1480 τῶν
524 1425 616 1478 τοῦ
633 1425 796 1479 Δαϐὶδ
827 1425 1036 1478 καὶτοῦ
1071 1427 1110 1478 Γ
1111 1425 1262 1479 ολιάθ
1288 1436 1312 1465 ε
1337 1426 1517 1478 ὃπλων
1537 1423 1963 1494 ἐφιλοσοφοῦμεν

391 1510 526 1580 παρ’
549 1509 698 1578 ὑμῖν,
732 1508 1036 1571 δεικνύντες
1064 1509 1144 1578 τῷ
1190 1508 1354 1580 λόγῳ,
1377 1508 1454 1572 ὼς
1483 1511 1512 1562 6
1543 1509 1640 1580 μὲν
1665 1506 1964 1576 παντευχίᾳ
2003 1552 2024 1554 η

397 1594 506 1645 τινὶ
531 1591 696 1662 πολλῇ
741 1591 835 1644 καὶ
868 1591 1076 1660 μεγάλῃ
1122 1590 1457 1661 πανταχόθεν
1489 1592 1822 1662 ἐπέφρακτο,
1846 1592 1874 1643 6
1905 1588 1963 1641 66

391 1675 595 1744 γυμνὸς
632 1673 738 1727 τῶν
771 1673 949 1726 ὃπλων
964 1674 1186 1727 ἐκείνων
1208 1677 1274 1744 τῇ
1300 1675 1480 1726 πίστει
1505 1673 1800 1744 τετείχιστο
1821 1689 1836 1705 ο
1869 1672 1964 1726 καὶ

390 1760 420 1809 6
449 1758 547 1827 μὲν
577 1757 686 1809 ἀπὸ
708 1755 804 1809 τοῦ
825 1754 1070 1826 θώρακος
1101 1755 1197 1810 καὶ
1225 1757 1324 1825 τῆς
1349 1757 1573 1820 ἀσπίδος
1601 1756 1822 1820 ἔξωθεν,
1856 1757 1886 1808 ὁ
1904 1755 1962 1809 δὲ

389 1839 590 1892 ἔσωθεν
614 1839 720 1891 ἀπὸ
741 1839 836 1890 τοῦ
868 1837 1178 1907 πνεύματος
1213 1839 1307 1892 καὶ
1335 1841 1432 1909 τῆς
1465 1839 1686 1910 χάριτος
1725 1838 1958 1893 ἔστιλϐε.

389 1921 486 1974 Διά
517 1921 672 1974 τοῦτο
700 1921 830 1988 γοῦν
861 1923 891 1974 6
923 1923 1051 1982 παῖς
1074 1921 1163 1973 τὸν
1192 1921 1473 1975 νεανίσκον
1516 1921 1958 1991 κατηγωνίσατο,

387 2004 417 2054 6
449 2001 654 2072 γυμνὸς
691 2002 784 2054 τοῦ
827 2002 1170 2072 ὡπλισμένου
1200 2004 1523 2072 ἐκράτησεν,
1577 2005 1606 2057 6
1635 2003 1841 2073 ποιμὴν
1869 2002 1959 2055 τὸν

391 2085 723 2157 στρατιώτην
749 2085 1012 2138 κατέϐαλε
1033 2102 1046 2116 ·
1072 2085 1220 2138 λίθου
1235 2087 1394 2154 φύσις
1420 2085 1736 2156 ποιμενικοῦ
1759 2083 1960 2156 χαλκοῦ

389 2167 549 2236 φύσιν
575 2167 871 2236 πολεμικοῦ
891 2167 1174 2238 συνέτριψε
1204 2170 1296 2221 καὶ
1309 2166 1846 2239 διέφθειρεν.οὑκοῦν
1870 2168 1962 2220 καὶ

386 2253 548 2321 ἡμεῖς
571 2251 661 2304 τὸν
682 2250 826 2303 λίθον
852 2250 1060 2302 ἐκεῖνον
1093 2249 1623 2321 μεταχειρισάψεθα,
1665 2251 1756 2304 τὸν
1790 2251 1958 2321 ἀκρο-

383 2337 639 2402 γωνιαῖον
664 2332 829 2400 λέγω,
855 2333 947 2386 τὸν
995 2333 1206 2404 νοητόν.
1241 2335 1302 2386 El
1340 2335 1448 2405 γάρ
1473 2333 1552 2404 τῷ
1579 2333 1778 2404 Παύλῳ
1812 2334 1961 2403 φιλο-

389 2419 572 2485 σοφεῖν
613 2415 790 2480 ἔξεστι
829 2415 959 2485 περὶ
1008 2415 1108 2485 τῆς
1163 2415 1304 2470 κατὰ
1351 2414 1448 2482 τὴν
1500 2415 1702 2487 ἔρημον
1731 2417 1956 2488 πέτρας,

387 2500 604 2562 πάντως
641 2499 762 2551 οὐδὲ
818 2501 951 2568 ἡμῖν
992 2499 1282 2569 νεμεσήσει
1321 2517 1405 2562 τις
1435 2498 1528 2551 τὸν
1581 2499 1728 2553 λίθον
1772 2499 1960 2552 τοῦτον

388 2581 530 2635 κατά
554 2582 644 2634 τὸν
677 2581 839 2634 αὑτὸν
867 2580 1274 2650 ἐκλαμϐάνουσι
1306 2581 1526 2651 τρόπον.
1564 2581 1830 2652 Καθάπερ
1851 2581 1960 2652 γάρ

385 2665 480 2716 ἐπὶ
507 2663 657 2735 [542]
684 2663 792 2716 τῶν
831 2663 1098 2716 Ἰουδαίων
1123 2663 1221 2733 οὑχ
1265 2665 1298 2733 ή
1341 2663 1504 2732 φύσις
1551 2663 1648 2734 τῆς
1680 2664 1962 2734 ὁρωμένης

386 2746 612 2817 πέτρας,
662 2746 772 2799 ἀλλ’
799 2747 832 2815 ή
861 2745 1090 2815 δύναμις
1136 2745 1239 2815 τῆς
1273 2745 1567 2816 νοουμένης
1617 2747 1744 2810 τοὺς
1796 2763 1963 2800 ποτα-

389 2832 523 2898 μοὺς
573 2829 723 2897 ἠφίει
753 2827 861 2880 τῶν
913 2828 1119 2880 ὑδάτων
1153 2827 1396 2892 ἐκείνους
1423 2846 1436 2859 ·
1481 2828 1622 2881 οῦτω
1655 2828 1718 2898 δὴ
1748 2829 1841 2882 καὶ
1868 2827 1960 2882 ἐπὶ

385 2911 479 2963 τοῦ
519 2908 679 2963 Δαυῒδ
723 2910 821 2979 οὑχ
845 2911 873 2962 6
919 2908 1194 2979 αἰσθητὸς,
1252 2909 1367 2963 ἀλλ’
1399 2912 1427 2963 6
1473 2910 1659 2980 νοητὸς
1689 2909 1835 2974 λίθος
1861 2911 1961 2982 τήν

387 2991 726 3064 βαρϐαρικὴν
761 2993 976 3062 ἐκείνην
1014 2994 1317 3064 κατήνεγκε
1345 2994 1584 3064 κεφαλήν
1605 3011 1619 3024 ο
1647 2991 1819 3056 οῦτως
1834 2995 1862 3046 ὑ
1871 2997 1960 3063 μίν

386 3077 480 3136 καὶ
507 3077 628 3129 τότε
649 3075 999 3146 ὑπεσχόμεθα
1033 3076 1200 3146 μηδὲν
1227 3077 1334 3130 ἀπδ
1368 3077 1646 3148 λογισμῶν
1684 3078 1846 3149 ἐρεῖν.
1883 3077 1961 3132 Τὰ

385 3161 495 3230 γὰρ
526 3159 688 3212 ὅπλα
722 3159 892 3228 ἡμῶν
925 3161 996 3212 οὺ
1032 3159 1322 3226 σαρκικὰ,
1372 3159 1535 3213 ἀλλὰ
1562 3161 1954 3228 πνευματικὰ,

381 3233 716 3311 λογισμοὺς
750 3241 1150 3308 καθαιροῦντα
1178 3241 1278 3294 καί
1319 3239 1444 3296 πᾶν
1473 3242 1689 3312 ὕψωμα
1719 3242 1959 3312 ἐπαιρόο

379 3341 573 3393 μενον
615 3323 766 3378 κατὰ
817 3323 928 3391 τῆς
973 3323 1250 3392 γνώσεως
1292 3323 1398 3377 τοῦ
1442 3325 1613 3379 Θεοῦ.
1662 3325 1959 3398 Καθαιρεῖν

381 3408 560 3460 τοίνυν
591 3407 809 3469 αὑτοὺς,
842 3407 942 3458 οὐκ
975 3406 1221 3475 ἐπαίρειν
1254 3405 1589 3475 κελευόμεθα
1609 3423 1622 3436 ⁵
1645 3408 1954 3474 καταλύειν,

381 3489 481 3559 οὑχ
529 3488 845 3550 ὁπλίζεσθαι
895 3488 1103 3551 τούτοις
1153 3487 1607 3558 προσετάγημενο
1671 3494 1955 3560 Λογισμοί

383 3574 494 3639 γὰρ
520 3569 750 3638 θνητῶν
780 3569 990 3634 δειλοί,
1019 3570 1171 3641 φησί.
1196 3570 1261 3624 Τί
1295 3573 1410 3623 ἐστι
1434 3570 1625 3624 δειλοί
1638 3588 1657 3632 ,°
1697 3573 1756 3626 '0
1785 3574 1957 3639 δειλὸς

384 3651 485 3705 κᾶν
508 3651 593 3704 ἐπ’
626 3651 900 3720 ἀσφαλοῦς
924 3652 1083 3723 βαίνῃ
1111 3653 1332 3723 χωρίου,
1355 3653 1566 3707 οὐδέπω
1588 3653 1798 3726 θαρρεῖ,
1819 3657 1957 3710 ἀλλὰ

381 3735 586 3787 δέδοικε
617 3735 710 3787 καὶ
735 3734 928 3805 τρέμει
945 3752 959 3765 ·
992 3734 1134 3787 οὕτω
1151 3735 1321 3788 καὶτὸ
1344 3735 1623 3806 λογισμοῖς
1639 3737 1951 3808 ἀποδεχθὲν,

381 3815 485 3871 κᾶν
515 3816 710 3888 ἀληθὲς
738 3814 794 3890 ᾗ,
828 3818 1040 3872 οὐδέπω
1062 3817 1434 3890 πληροφορίαν
1455 3822 1521 3891 τῇ
1552 3819 1698 3892 ψυχῇ
1729 3824 1954 3894 παρέχει

381 3900 477 3952 καὶ
512 3900 690 3952 πίστιν
727 3901 940 3971 ἱκανήν.
984 3901 1137 3954 Ἐπεὶ
1157 3896 1249 3954 οὖν
1275 3900 1512 3972 τοσαύτη
1537 3902 1646 3956 τῶν
1679 3903 1954 3976 λογισμῶν

380 3982 414 4051 ἡ
445 3981 720 4045 ἀσθένεια,
759 3983 892 4054 φέρε
926 3983 1034 4036 ἀπὸ
1070 3982 1178 4037 τῶν
1211 3983 1445 4054 Γραφῶν
1494 3987 1594 4055 τῆς
1641 3985 1776 4057 πρὸς
1827 3989 1954 4051 τοὺς

379 4065 652 4128 ἐναντίους
675 4063 943 4135 ἁψώμεθα
973 4066 1172 4137 μάχης.
1215 4119 1222 4127 ,
1359 4121 1364 4126 ,

452 4147 620 4200 Πόθεν
645 4143 738 4200 οῦν
764 4149 897 4217 ἡμῖν
931 4147 1162 4217 ἀρκτέον
1190 4147 1284 4201 τοῦ
1305 4147 1462 4217 λόγου
1485 4166 1499 4214 ;
1525 4149 1689 4203 Ὅθεν
1725 4151 1792 4217 ἂν
1829 4151 1952 4222 βού-

377 4229 566 4298 λησθε,
617 4231 726 4282 εἴτε
759 4229 868 4281 ἀπὸ
899 4230 1128 4299 Καινῆς,
1153 4229 1264 4282 εἴτε
1297 4231 1404 4284 ἀπὸ
1431 4231 1673 4296 Παλαιᾶς
1693 4247 1708 4262 ⁸
1754 4233 1816 4286 οὑ
1843 4235 1952 4307 γὰρ

375 4311 440 4380 δὴ
465 4311 624 4380 μόνον
638 4313 695 4364 ἐν
709 4313 822 4374 τοῖς
847 4312 1220 4379 εὑαγγελικοῖς
1235 4313 1450 4377 καὶτοῖς
1464 4315 1834 4380 ἀποστολικοῖς
1853 4320 1950 4387 ῥή-

379 4410 565 4464 μασιν,
578 4393 814 4446 ἀλλὰκαὶ
829 4395 886 4446 ἐν
902 4395 1380 4465 τοῖς-προφητικοῖς
1396 4399 1489 4450 καὶ
1506 4399 1650 4470 πάσῃ
1667 4402 1732 4470 τῇ
1743 4400 1950 4472 Παλαιᾷ

378 4476 516 4545 μετά
541 4476 739 4547 πολλῆς
771 4477 869 4547 τῆς
887 4476 1201 4548 περιουσίας
1216 4477 1624 4548 διαλάμπουσαν
1643 4481 1789 4535 ἐστιν
1825 4483 1948 4536 ἰδεῖν

373 4558 472 4628 τὴν
501 4559 594 4611 τοῦ
623 4557 958 4626 Μονογενοῦς
976 4557 1130 4623 δόξαν
1147 4574 1163 4590 ο
1197 4560 1276 4613 διὸ
1299 4563 1392 4614 καὶ
1420 4561 1666 4616 ἐντεῦθέν
1700 4581 1787 4634 μοι
1804 4565 1951 4619 δοκεῖ

374 4640 510 4710 πρὸς
521 4642 755 4705 ἐκείνους
767 4640 1234 4712 ἀκροϐολίσασθαι.
1243 4643 1316 4696 Οὐ
1330 4643 1438 4713 γὰρ
1447 4643 1510 4714 δὴ
1526 4644 1719 4714 μόνους
1729 4645 1946 4711 τούτους

374 4722 624 4774 ἐντεῦθεν
661 4724 974 4794 ποιούμενοι
998 4725 1125 4788 τοὺς
1152 4724 1365 4793 λόγους,
1417 4725 1552 4780 ἀλλὰ
1583 4729 1676 4780 καὶ
1723 4729 1947 4799 ἐτέρους

379 4803 633 4866 πλείονας
661 4806 970 4874 αίρετικοὺς
998 4806 1342 4878 δυνησόμεθα
1389 4809 1738 4876 καταϐαλεῖν,
1790 4813 1950 4882 Μαρ-

373 4887 568 4953 κίωνα,
601 4889 920 4957 Μανιχαῖον,
952 4888 1323 4956 Οὑαλεντῖνον,
1353 4891 1461 4944 τῶν
1489 4892 1756 4946 Ἰουδαίων
1781 4895 1949 4947 ἀπαν-

372 4985 442 5022 τα
465 4970 532 5022 τά
561 4971 906 5040 συστήματα.
931 4971 1200 5042 Καθάπερ
1221 4973 1328 5045 γάρ
1361 4974 1454 5026 ἐπὶ
1479 4973 1574 5027 τοῦ
1605 4975 1769 5029 Δαυῖδ
1791 4977 1820 5027 6
1850 4978 1946 5046 μὲν

371 5051 565 5105 Γολιάθ
599 5052 891 5120 κατέπεσε,
925 5053 987 5106 16
1032 5054 1089 5106 66
1134 5055 1494 5124 στρατόπεδον
1541 5057 1688 5112 ἅπαν
1718 5059 1946 5130 ἐδραπέ-

369 5151 549 5198 τευσε,
581 5135 680 5206 καὶ,
706 5136 734 5188 6
766 5134 865 5205 μὲν
890 5134 1116 5199 θάνατος
1144 5136 1263 5200 ἐνὸς
1282 5137 1470 5205 γέγονε
1501 5137 1750 5208 σώματος
1775 5141 1824 5204 ά,
1852 5143 1946 5196 καὶ

370 5220 500 5290 μιᾶς
531 5221 565 5290 ή
595 5218 775 5290 πληγὴ
801 5219 1064 5288 κεφαλῆς,
1100 5223 1134 5291 ή
1159 5220 1215 5272 δέ
1248 5221 1393 5292 φυγὴ
1414 5222 1507 5274 καί
1537 5224 1568 5292 ή
1592 5221 1765 5277 δειλία
1789 5226 1942 5298 κοινὴ

366 5301 461 5353 τοῦ
493 5302 852 5372 στρατοπέδου
878 5303 1078 5366 παντός
1099 5320 1114 5334 ·
1159 5303 1301 5355 οὕτω
1330 5304 1392 5375 δὴ
1427 5306 1518 5357 καὶ
1544 5306 1629 5373 ἐφ’
1658 5307 1817 5376 ήμῶν
1850 5308 1942 5361 νῦν

370 5385 500 5451 μιᾶς
535 5386 798 5456 αἱρέσεως
836 5386 1139 5456 πληγείσης
1173 5387 1265 5438 καὶ
1295 5386 1737 5458 καταπεσούσης,
1787 5390 1942 5461 κοινὴ

365 5465 474 5518 τῶν
504 5469 617 5540 άπη
625 5469 709 5540 ριθ
717 5485 792 5539 μη
801 5469 977 5538 μένων
1011 5469 1274 5522 ἁπάντων·
1298 5468 1447 5521 ἔσται
1485 5472 1654 5540 φυγή.

428 5629 452 5693 ξ’
475 5626 578 5693 ,ᾼΙίἰγ
599 5629 824 5693 πάντοθεν
847 5631 1026 5691 κύκλῳο
1053 5635 1106 5678 et
1125 5640 1239 5677 mox
1260 5629 1308 5676 ἐν
1332 5631 1451 5692 μέσῃ
1473 5636 1529 5691 τῇ
1554 5631 1756 5693 καμίνῳ.

423 5687 452 5752 ¹ἒ
473 5689 620 5752 Sa”!-
645 5692 692 5752 ἐν
712 5693 786 5752 τῷ
801 5695 950 5752 μέσφ-

431 5751 451 5812 ?
483 5748 616 5796 L'nus
640 5748 839 5812 {011016.
883 5748 1012 5812 _|igfra
1064 5749 1149 5812 alii
1185 5751 1334 5812 πολλῇ
1368 5753 1448 5798 καὶ
1486 5752 1661 5812 μεγάλῃ
1687 5752 1924 5801 πάντοθεν.

363 5807 899 5874 (Δίκηςᾳίὶκαὶμεγὰλῃ.)
925 5811 1048 5856 Infra
1071 5811 1155 5858 alii
1180 5811 1205 5856 ὁ
1229 5811 1280 5857 δὲ
1305 5807 1501 5859 ἕνδοθενζ

427 5868 449 5903 ·¹
482 5867 576 5915 Alii
598 5867 778 5927 ἐγένετο
807 5867 1041 5930 σώματος.

1093 319 1152 373 S.
1187 316 1472 375 JOANMS
1508 314 1956 373 CHRYSOSTOM

2061 312 2348 370 MCHIEP.
2387 313 2934 375 CUNSTANTINOP.

3540 319 3644 379 798

2144 431 2439 502 Μανιχαῖοι
2479 433 2578 503 μὲν
2603 433 2713 506 γὰρ
2739 436 2833 488 καὶ
2859 437 2909 488 οί
2933 435 3002 490 τά
3035 436 3173 489 αὑτὰ
3193 434 3474 499 νοσοῦντες
3500 436 3645 492 ἐκεί-

2067 531 2180 578 νοις
2208 514 2301 580 τὸν
2334 515 2433 585 μὲν
2459 517 2864 587 κηρυττόμενον
2879 519 3096 573 δοκοῦσι
3119 517 3366 588 δέχεσθαι
3387 519 3430 570 Χ
3439 521 3643 588 ριστὺν,

2065 597 2192 661 τοὺς
2225 597 2282 650 δὲ
2307 597 2675 670 κηρύττοντας
2699 599 2862 655 αὑτὸν
2894 602 3216 672 ἀτιμάζουσι
3244 603 3533 673 προφήτας
3552 605 3646 658 καί

2067 679 2440 750 πατριάρχας·
2482 683 2724 736 Ἰουδαῖοι
2757 684 2814 736 δὲ
2854 685 3014 738 πάλιν
3039 684 3366 748 ἀπεναντίας
3387 686 3518 749 τοὺς
3549 687 3648 757 μὲν

2066 763 2431 835 κηρύττοντας
2452 764 2614 817 αὑτὸν
2633 765 2851 819 δοκοῦσι
2885 765 3132 836 δέχεσθαι
3169 767 3264 820 καὶ
3294 766 3644 838 θεραπεύειν,

2066 847 2351 918 προφήτας
2383 847 2527 915 λέγω
2559 849 2654 902 καὶ
2700 849 2793 902 16v
2844 849 3141 920 νομοθέτην
3169 849 3347 903 αὑτῶν
3383 861 3408 888 ο
3429 891 3445 914 ,
3472 850 3566 902 τὸν
3590 851 3646 905 66

2065 929 2468 1000 κηρυττόμενον
2495 931 2588 983 ὑπ’
2616 931 2795 985 αὑτῶν
2837 931 3212 1002 ἀτιμάζουσιν.
3240 932 3409 986 Ὅταν
3437 927 3537 984 οὖν
3580 935 3644 1004 τῇ

2065 1010 2160 1064 τοῦ
2197 1012 2332 1064 Θεοῦ
2391 1012 2574 1083 χάριτι
2629 1013 2895 1084 δείξωμεν
2947 1013 3146 1084 πολλὴν
3202 1016 3259 1066 ἐν
3308 1017 3374 1083 τῇ
3430 1014 3646 1085 Παλαιᾷ

2064 1095 2631 1167 προαναφωνουμένην
2653 1096 2748 1150 τοῦ
2772 1096 3110 1166 Μονογενοῦς
3135 1098 3232 1168 τὴν
3263 1097 3442 1161 δόξαν,
3466 1101 3648 1150 πάντα

2063 1176 2233 1228 ταῦτα
2261 1175 2600 1248 δυνησόμεθα
2627 1178 2695 1231 τὰ
2725 1178 2969 1250 θεομάχα
2989 1179 3343 1249 καταισχῦναι
3371 1181 3644 1250 στόματα,

2064 1257 2280 1320 καὶτὰς
2303 1258 2653 1331 βλασφήμους
2682 1261 3032 1331 ἐπιστομίσαι
3051 1261 3315 1330 γλώττας.
3344 1262 3519 1315 Ὅταν
3539 1263 3644 1332 γὰρ

2064 1339 2321 1411 φαίνηται
2346 1341 2693 1412 κηρύττουσα
2709 1343 2800 1396 τὸν
2820 1344 3054 1415 Χριστὸν
3077 1345 3110 1414 ἡ
3135 1343 3355 1398 Παλαιὰ
3373 1344 3642 1414 Διαθήκη.

2063 1421 2145 1485 τίς
2182 1422 2334 1476 ἔσται
2363 1426 2687 1496 Μανιχαίοις
2717 1425 2810 1479 καὶ
2851 1428 2966 1490 τοῖς
2995 1426 3120 1480 κατ’
3154 1426 3398 1490 ἐκείνους
3435 1427 3454 1465 ί
3506 1428 3642 1480 ἀπιο-

2062 1504 2216 1573 λογία
2265 1507 2592 1578 ἀτιμάζουσι
2645 1509 2745 1578 τὴν
2779 1508 3276 1580 προαναφωνοῦσαν
3317 1509 3414 1562 τὸν
3464 1511 3643 1563 κοινὸν

2065 1588 2282 1642 πάντων
2303 1592 2577 1661 Δεσπότην
2602 1609 2616 1657 ;
2645 1592 2727 1654 τίς
2754 1592 2810 1645 66
2844 1590 3139 1662 συγγνώμη
3176 1593 3271 1645 καὶ
3309 1592 3640 1662 παραίτησις

2061 1675 2174 1734 τοῖς
2213 1673 2486 1736 Ἰουδαίοις
2507 1675 2598 1727 τὸν
2632 1673 2735 1726 ὑπὸ
2751 1674 2859 1727 τῶν
2883 1672 3178 1744 προφητῶν
3213 1674 3636 1744 καταγγέλλομε-

2063 1771 2150 1807 νον
2178 1755 2252 1824 μὴ
2276 1755 2585 1827 δεχομένοις
2603 1773 2618 1821 ;

2137 1836 2201 1906 β’.
2235 1838 2386 1890 Ἐπεὶ
2413 1833 2504 1890 οὖν
2537 1838 2771 1908 τοσαύτη
2807 1839 2907 1909 τῆς
2944 1837 3097 1909 νίκης
3137 1842 3169 1910 ή
3211 1839 3521 1911 περιουσία,
3553 1839 3640 1892 ἐπὶ

2061 1919 2132 1972 τὰ
2163 1920 2494 1993 παλαιότερα
2535 1922 2714 1992 βιϐλία
2749 1922 2841 1976 τὸν
2871 1923 3025 1990 λόγον
3053 1924 3367 1993 ἀγάγωμεν,
3411 1923 3508 1975 καὶ
3535 1922 3641 1974 τῶν

2064 2004 2308 2058 παλαιῶν
2353 2005 2532 2059 αὐτῶν
2574 2006 2636 2058 16
2690 2005 3048 2076 ἀρχαιότερον
3098 2006 3313 2060 πάντων
3334 2044 3350 2069 ,
3395 2006 3492 2058 ἐπὶ
3544 2006 3641 2075 τὴν

2064 2087 2104 2139 Γ
2105 2088 2278 2140 ένεσιν
2303 2088 2466 2155 λέγω,
2513 2088 2605 2141 καὶ
2631 2087 2731 2157 τῆς
2758 2086 3028 2149 Γενέσεως
3062 2088 3232 2157 αὑτῆς
3263 2088 3357 2140 ἐπὶ
3396 2086 3498 2158 τὴν
3559 2104 3640 2140 κο-

2064 2171 2239 2242 ρυφὴν
2264 2169 2573 2240 ἀναδῶμεν.
2600 2170 2722 2222 Ὀτι
2751 2169 2860 2240 γὰρ
2890 2171 3018 2240 περὶ
3043 2169 3132 2222 τοῦ
3183 2169 3421 2240 Χριστοῦ
3471 2169 3640 2222 πολλά

2063 2253 2281 2321 φησιν⁶ὀ
2312 2251 2572 2322 Μωῦσῆς,
2611 2251 2842 2304 ἄκουσον
2873 2251 3039 2304 αὑτοῦ
3071 2251 3306 2320 Χριστοῦ
3344 2252 3595 2320 λέγοντος
3621 2270 3633 2282 ·

2061 2336 2132 2387 Εἰ
2157 2335 2502 2388 ἐπιστεύετε
2541 2333 2786 2402 Μωῦσῇ.
2827 2334 3173 2390 ἐπιστεύετε
3211 2335 3288 2389 ἂν
3314 2336 3451 2405 ἐμοί
3468 2352 3484 2367 ·
3508 2337 3638 2404 περὶ

2061 2415 2215 2487 1545]
2251 2415 2358 2484 γὰρ
2391 2417 2536 2486 ἐμοῦ
2567 2415 2798 2481 ἐκεῖνος
2839 2419 3084 2485 ἔγραψε.
3141 2417 3252 2470 Ποῦ
3297 2419 3357 2472 66
3398 2418 3636 2489 ἔγραψεν

2059 2499 2266 2562 ἐκεῖνος
2319 2501 2443 2571 περὶ
2487 2497 2690 2565 αὐτοῦς
2747 2500 2916 2552 Τοῦτο
2941 2501 3041 2570 ἤδη
3065 2501 3234 2566 δεῖξαι
3282 2501 3632 2572 πειράσομαι.

2073 2579 2287 2650 Ἐπειδὴ
2332 2582 2440 2652 γὰρ
2485 2583 2518 2651 ή
2547 2582 2722 2644 κτίσις
2748 2581 3051 2652 ἀπήρτιστο
3081 2585 3250 2647 πᾶσα,
3283 2585 3379 2637 καὶ
3409 2584 3636 2651 ποικίλῳ

2064 2662 2161 2732 μὲν
2188 2663 2216 2714 6
2243 2662 2470 2732 οὐρανὸς
2498 2663 2838 2732 ἐστεφάνωτο
2854 2665 3070 2734 ἄστρων
3087 2665 3254 2735 χορῷ,
3273 2665 3634 2729 παντοδαποῖς

2058 2745 2115 2798 66
2163 2744 2378 2799 ἄνθεσιν
2420 2745 2765 2816 ἀντέλαμπεν
2815 2746 2963 2816 αὐτῷ
3008 2748 3250 2800 κάτωθεν
3303 2749 3337 2818 ή
3391 2749 3501 2818 γῆ,
3541 2750 3634 2801 καὶ

2060 2827 2286 2898 πλήρεις
2326 2829 2422 2898 μὲν
2457 2827 2629 2899 ὀρέων
2661 2829 2918 2901 κορυφαὶ,
2947 2828 3128 2899 πλήρη
3154 2829 3210 2881 δέ
3235 2831 3328 2882 καὶ
3361 2831 3516 2883 πεδία
3542 2831 3633 2884 καὶ

2045 2910 2364 2987 φάραγγες,
2410 2911 2506 2964 καὶ
2555 2910 2743 2973 ἁπλῶς
2787 2910 2937 2963 πᾶσα
2974 2912 3007 2980 ή
3054 2911 3154 2980 τῆς
3192 2910 3297 2980 γῆς
3339 2911 3635 2980 ἐπιφάνεια

2060 2991 2243 3060 φυτῶν
2275 2991 2364 3044 καὶ
2387 2991 2618 3062 δένδρων
2641 2993 2734 3045 καὶ
2757 2991 3000 3062 βοτανῶν
3026 2987 3117 3062 ἦν,
3148 2995 3245 3046 καὶ
3270 2994 3496 3064 ἐσκίρτα
3534 2995 3636 3066 μὲν

2059 3073 2283 3142 ποίμνια
2307 3112 2323 3138 ,
2402 3073 2632 3144 ἐσκίρτα
2679 3073 2736 3126 δὲ
2797 3072 3049 3143 βουκόλια
3075 3112 3091 3137 ,
3147 3071 3262 3128 ’τῶν
3307 3075 3365 3127 66
3422 3075 3638 3146 ᾠδικῶν

2058 3155 2285 3226 ὀρνίθων
2327 3157 2356 3209 6
2401 3155 2580 3226 χορὸς,
2621 3156 2720 3226 τὴν
2765 3156 2900 3210 ἰδίαν
2944 3155 3106 3226 φύσιν
3154 3157 3636 3228 ἐπιδεικνύμενος,

2061 3238 2324 3308 μουσικῆς
2345 3238 2437 3290 τὸν
2451 3239 2589 3308 ἀέρα
2610 3239 2789 3292 πάντα
2817 3237 3074 3310 ἐπλήρου,
3093 3239 3189 3292 καὶ
3221 3239 3396 3309 μεστά
3415 3241 3636 3314 πελάγη

2055 3323 2164 3374 τῶν
2196 3321 2420 3375 ἐναλίων
2450 3319 2602 3384 ζώων
2639 3317 2729 3392 ἦν,
2763 3321 2989 3392 πλήρεις
3022 3322 3078 3375 66
3106 3321 3292 3391 λίμναι
3335 3323 3429 3376 καὶ
3456 3329 3636 3394 πηγαὶ

2057 3405 2152 3457 καὶ
2186 3404 2421 3474 ποταμοὶ
2437 3405 2545 3457 τῶν
2569 3405 2626 3457 ἐν
2657 3406 2842 3468 αὑτοῖς
2863 3405 3198 3475 τικτομένων
3229 3406 3503 3467 ἀπάντων,
3538 3411 3636 3460 καί⁵

2055 3489 2207 3540 οὐδὲν
2237 3483 2305 3558 ἧν
2354 3487 2661 3550 ἀτέλεστον,
2691 3486 2831 3541 ἀλλά
2860 3487 3037 3540 πάντα
3069 3487 3395 3558 ἀπήρτιστο,
3443 3489 3636 3558 ἐζήτει

2055 3572 2118 3624 16
2147 3571 2305 3640 σῶμα
2326 3571 2427 3641 τὴν
2450 3569 2714 3641 κεφαλὴν,
2741 3571 2774 3640 ἡ
2808 3569 2963 3632 πόλις
2983 3569 3074 3622 τὸν
3094 3571 3352 3640 ἄρχοντα,
3387 3573 3421 3640 ἡ
3455 3572 3635 3636 κτίσις

2055 3652 2146 3705 τὸν
2181 3653 2427 3721 βασιλέα,
2479 3652 2622 3720 λέγω
2671 3652 2736 3722 δὴ
2783 3651 2874 3704 τὸν
2917 3651 3224 3724 ἄνθρωπον.
3270 3653 3496 3708 Μέλλων
3533 3651 3633 3708 οὖν

2056 3733 2219 3787 αὑτὸν
2273 3733 2619 3787 διαπλάττειν
2650 3735 2679 3786 6
2723 3733 2855 3796 Θεός
2887 3749 3050 3803 φησιν
3073 3751 3086 3762 ’
3125 3733 3480 3803 Ποιήσωμεν
3525 3735 3634 3788 ἇν-

2055 3819 2289 3884 θρωπον
2309 3816 2439 3869 κατ’
2458 3816 2663 3870 εἰκόνα
2691 3815 2990 3884 ἡμετέραν
3012 3815 3112 3869 καί
3152 3817 3458 3888 ὁμοίωσιν.
3487 3819 3529 3869 Π
3537 3819 3654 3888 ρὸς,

2055 3897 2175 3950 τίνα
2201 3897 2540 3966 διαλέγεται;
2573 3897 2806 3969 Εὔδηλον
2838 3900 2919 3952 ὅτι
2949 3899 3085 3970 πρὸς
3114 3899 3204 3952 τὸν
3224 3900 3502 3970 Μονογενῆ
3537 3901 3634 3954 τὸν

2055 3979 2270 4034 ἑαυτοῦ.
2307 3981 2414 4034 Καὶ
2438 3981 2540 4034 οὑκ
2570 3976 2714 4045 εἷπε,
2747 3982 3001 4052 Ποίησον,
3041 3983 3125 4035 ἵνα
3148 3982 3222 4052 μὴ
3249 3984 3480 4053 νομίσῃς
3507 3983 3632 4037 δου-

2053 4061 2202 4114 λικὸν
2231 4057 2372 4115 εἶναι
2408 4062 2688 4130 ἐπίταγμα
2720 4063 2780 4115 16
2810 4063 3126 4134 λεγόμενον,
3153 4063 3308 4124 ἀλλά,
3355 4063 3630 4129 [Ioniam-

2048 4159 2196 4212 μεν,
2249 4141 2337 4195 ἵνα
2391 4143 2479 4196 διὰ
2526 4144 2621 4196 τοῦ
2675 4146 2956 4216 σχήματος
3007 4147 3105 4215 τῆς
3159 4144 3467 4215 συμϐουλῆς
3518 4146 3633 4200 τῶν

2054 4224 2326 4294 ῥημάτων·
2345 4223 2406 4276 16
2437 4224 2699 4294 ὁμότιμον
2730 4226 3032 4298 ἐκκαλύψῃ.
3088 4227 3225 4279 Ποτέ
3265 4227 3366 4296 μὲν
3392 4228 3502 4299 γὰρ
3531 4228 3628 4282 λέ..

2051 4322 2204 4374 γεται
2236 4305 2539 4377 σύμϐουλον
2563 4306 2708 4377 ἐχειν
2738 4309 2766 4360 6
2795 4308 2949 4374 Θεὸς,
2993 4309 3127 4360 ποτὲ
3151 4308 3207 4361 δὲ
3241 4309 3314 4380 μὴ
3345 4309 3513 4380 ἔχειν,
3563 4314 3630 4366 οὐ

2050 4388 2151 4457 τῆς
2179 4389 2402 4460 Γραφῆς
2435 4389 2602 4460 ἑαυτῇ
2657 4391 2988 4461 μαχομένης,
3041 4391 3156 4445 ἀλλ’
3196 4391 3485 4464 ἀπόρρητα
3535 4395 3631 4448 ὣ-

2051 4486 2240 4538 γματα
2272 4469 2720 4539 ἐκκαλυπτούσης
2768 4473 2898 4541 ἡμῖν
2926 4473 2992 4524 δι’
3027 4473 3349 4544 ἀμφοτέρων
3393 4475 3628 4532 τούτων.

2053 4552 2223 4607 ’Όταν
2251 4553 2345 4623 μὲν
2378 4554 2488 4623 γάρ
2515 4553 2577 4606 16
2602 4553 2851 4616 ἀνενδεὲς
2895 4555 3060 4608 αὑτοῦ
3109 4557 3458 4626 παραστῆσαι
3493 4559 3627 4627 βού-

2050 4634 2230 4704 ληται,
2263 4635 2428 4705 φησὶν
2448 4635 2554 4688 οὑκ
2576 4634 2720 4705 ἔχειν
2749 4636 2911 4689 αὑτὸν
2949 4636 3246 4708 σύμϐουλον
3264 4654 3280 4670 ⁸
3318 4639 3447 4691 ὅταν
3470 4641 3529 4693 δὲ
3562 4644 3628 4695 τὸ

2049 4717 2309 4786 ὁμότιμον
2337 4715 2432 4768 τοῦ
2471 4717 2832 4786 Μονογενοῦς,
2860 4717 3160 4788 σύμϐουλον
3198 4718 3353 4773 καλεῖ
3374 4721 3466 4775 τὸν
3497 4723 3628 4775 Υἱὸν

2048 4798 2140 4852 τοῦ
2167 4799 2321 4852 Θεοῦ.

2120 4882 2230 4934 Καὶ
2251 4881 2336 4933 ἵνα
2373 4880 2552 4954 μάθῃς
2578 4881 2750 4936 ταῦτα
2778 4885 3085 4954 ἀμφότερα,
3113 4885 3196 4939 ὅτι
3227 4902 3287 4938 τε
3315 4886 3622 4956 σύμϐουλον

2046 4964 2137 5017 τὸν
2170 4963 2296 5016 Υἱδν
2326 4965 2581 5017 καλοῦσιν
2609 4967 2657 5019 οί
2683 4968 2955 5037 προφῆται
2982 4970 3028 5031 3,
3055 4968 3151 5038 οὑχ
3182 4967 3258 5031 ὡς
3285 4969 3380 5022 τοῦ
3408 4970 3625 5040 Πατρὺς

2043 5046 2298 5116 δεομένου
2331 5047 2660 5116 συμϐουλῆς,
2719 5049 2834 5101 ἀλλ’
2883 5051 2968 5101 ῖνα
3018 5049 3112 5102 τοῦ
3151 5052 3492 5119 Μονογενοῦς
3525 5053 3623 5121 τὴν

2043 5129 2520 5199 τιμὴνιμάθωμεν,
2555 5129 2649 5182 καὶ
2685 5131 2768 5182 ὅτι
2795 5131 2954 5184 πάλιν
2995 5132 3056 5184 οὑ
3081 5133 3252 5186 δεῖται
3286 5135 3618 5204 συμϐούλου,

2045 5211 2274 5265 ἄκουσον
2316 5210 2412 5262 τοῦ
2448 5211 2660 5263 Παύλου
2706 5211 2987 5278 λέγοντος·
3025 5214 3088 5266 Ὦ
3115 5214 3310 5280 βάθος
3348 5219 3620 5272 πλούτου

2043 5293 2142 5346 καί
2173 5293 2396 5363 σοφίας
2427 5295 2526 5347 καὶ
2567 5293 2842 5362 γνώσεως
2877 5296 3047 5357 Θεοῦ,
3076 5297 3155 5362 ὡς
3173 5298 3621 5369 ἀνεξερεύνητα

2042 5376 2114 5429 τὰ
2134 5376 2383 5443 κρίματα
2407 5376 2615 5442 αὐτοῦ,
2648 5376 2745 5428 καί
2779 5378 3224 5446 ἀνεξιχνίαστοι
3250 5383 3313 5434 αι
3341 5381 3470 5435 ὁδοί
3510 5387 3610 5437 οὐ·

2041 5458 2148 5511 τοῦ
2165 5458 2185 5508 !
2207 5459 2300 5524 Τίς
2333 5457 2443 5527 γὰρ
2464 5457 2616 5526 ἔγνω
2640 5458 2791 5512 νοῦν
2818 5461 3061 5528 Κυρίου,
3089 5461 3127 5530 ἢ
3151 5461 3242 5527 τίς
3267 5463 3618 5532 σύμϐουλος

2108 5575 2131 5639 f
2157 5572 2434 5639 gliipogsv.
2472 5573 2688 5639 miraque
2711 5574 2860 5639 lectio
2880 5578 3101 5639 quadrat.

2087 5630 2125 5712 ,ί
2156 5635 2303 5682 Savil.
2331 5635 2581 5697 Μανιχαίῳ
2603 5630 2800 5692 καὶτοῖς
2820 5630 2921 5685 κατ’
2941 5639 3136 5697 ἐκεῖνον,
3176 5643 3230 5686 et
3250 5637 3375 5688 infra
3403 5641 3466 5702 μὴ
3486 5642 3618 5697 δεξα-

2088 5711 2210 5741 ννοιο.
3443 5724 3449 5729 ·

2042 5713 2128 5823 μῗε
2145 5727 2299 5823 ἐαγὶι.
2329 5746 2386 5823 ὀἱ
2407 5760 2622 5823 (malum:
2635 5759 2836 5823 ctvliccsi
2855 5757 3001 5818 μάθῃς
3024 5743 3192 5823 101510};
3206 5760 3453 5823 ἀμφᾶτερα
3474 5762 3550 5809 ὅτι
3567 5779 3616 5812 τε

2037 5817 2303 5885 σύμϐουλον
2318 5818 2401 5885 τὸν
2423 5817 2529 5885 Υίόν
2547 5816 2773 5885 καλοῦσιν
2796 5822 2840 5885 οξ
2859 5816 3126 5885 προφῆται,
3152 5816 3323 5867 Huic".
3543 5825 3616 5872 ὁτι

2037 5879 2183 5926 ταῦτα
2206 5877 2443 5936 ἆμζότςοα
2465 5878 2544 5922 τὸν
2573 5880 2673 5922 ι’ἱὸν
2697 5877 2922 5925 καλοῦσιν
2953 5877 2989 5912 r'
