3854 6222
264 363 380 418 797

270 474 535 531 imminui.
564 470 905 525 Lireumdant
943 476 1177 521 sanctam
1225 467 1361 520 hanc
1400 463 1574 519 navim
1602 460 1859 516 continuo

274 572 566 632 tempestas
593 570 649 615 ct
687 561 874 624 hiems,
919 558 1378 628 procellarumque
1414 569 1539 608 vus:
1581 568 1686 606 non
1728 552 1855 606 sub-

273 662 586 723 merguntur
632 661 808 705 tamen
850 650 939 719 qui
987 649 1040 703 in
1082 663 1146 703 ea
1176 647 1445 716 navigant.
1480 643 1860 712 Undecumque

276 746 537 801 invadunt
565 742 829 797 hmretica:
866 741 1116 806 ﬂammat,
1145 747 1199 793 et
1221 738 1309 807 qui
1339 737 1389 790 in
1418 734 1593 789 medio
1619 741 1743 789 sunt
1770 748 1862 787 ca-

276 839 448 903 mino,
485 851 606 890 rore
643 834 905 902 spirituali
935 830 1301 901 perfruuntur.
1344 829 1440 883 Est
1467 836 1523 882 et
1551 827 1653 882 hoc
1688 826 1859 881 admi-

279 928 469 993 rabile,
498 924 639 995 quod
668 924 908 979 videmus
934 924 987 977 in
1018 922 1114 976 hac
1136 929 1288 990 parte
1313 919 1542 974 civitatis
1565 917 1860 972 Ecclesiam

278 1019 415 1070 hanc
446 1018 754 1089 plantatam,
803 1022 857 1068 et
899 1011 1241 1067 nihilominus
1276 1009 1427 1080 quasi
1476 1009 1529 1062 in
1571 1007 1746 1062 medio
1772 1021 1861 1060 ca-

277 1110 426 1161 ιιιίιιι)
472 1108 643 1162 oleam
688 1106 1099 1176 germinantem,
1148 1102 1393 1173 foliisque
1438 1110 1759 1167 comantem,
1807 1108 1862 1155 et

276 1197 456 1251 fructu
504 1212 738 1267 gravem.
785 1197 946 1266 Igitur
991 1210 1112 1249 cum
1165 1209 1261 1249 vos
1312 1203 1418 1247 tam
1475 1192 1675 1248 cordati
1721 1191 1858 1257 sitis,

280 1298 497 1356 tamque
527 1287 705 1341 multis
734 1286 886 1340 bonis
923 1285 1087 1354 digni,
1122 1299 1218 1354 age
1247 1292 1492 1354 prompto
1521 1281 1699 1337 studio
1737 1296 1862 1351 pro-

278 1378 587 1433 missionem
612 1393 780 1447 nuper
804 1378 952 1431 vobis
987 1376 1176 1430 factam
1205 1375 1508 1430 reddamus.
1538 1375 1687 1429 Tunc
1716 1375 1857 1429 enim

277 1470 347 1522 de
368 1469 530 1523 armis
562 1468 722 1523 David
752 1477 805 1522 et
829 1466 1039 1523 Goliatb
1067 1466 1206 1535 apud
1228 1482 1323 1521 vos
1356 1464 1861 1535 philosolihahanmr

278 1556 361 1626 (Ι.
388 1558 513 1629 Reg.
538 1556 649 1628 i7),
679 1557 1020 1615 ostendentes
1039 1558 1176 1611 hunc
1196 1556 1406 1626 quidem
1431 1556 1709 1625 omnigeua
1734 1570 1858 1625 gra-

278 1649 439 1717 vique
462 1658 729 1703 armatura
759 1649 987 1718 undique
1009 1648 1290 1713 munitum,
1324 1647 1467 1701 illum
1498 1656 1674 1702 autem
1698 1648 1860 1702 armis

278 1740 504 1806 nudum,
564 1739 667 1794 fide
716 1741 1147 1806 nmnitissimum,
1203 1748 1258 1794 et
1314 1740 1454 1793 hunc
1497 1739 1708 1809 quidem
1762 1756 1857 1794 ex-

278 1831 542 1884 trinsecus
569 1830 818 1900 fulgidmn
848 1832 1065 1885 thorace
1100 1841 1154 1885 et
1188 1840 1360 1896 scuto,
1387 1831 1536 1884 illum
1565 1842 1741 1885 autem
1774 1831 1857 1884 in-

279 1930 367 1975 tus
388 1922 575 1991 spiritu
606 1932 659 1977 et
678 1924 846 1992 gratia
872 1924 1184 1988 radiantem,
1212 1933 1371 1991 atque
1398 1924 1535 1976 hanc
1558 1922 1625 1975 ob
1644 1936 1857 1975 causam

278 2028 308 2066 a
340 2028 505 2081 puero
534 2014 826 2067 certamine
854 2015 1048 2067 vietum
1072 2017 1348 2082 juvenem,
1392 2029 1422 2066 a
1454 2013 1595 2067 nudo
1634 2028 1857 2081 supera-

278 2112 391 2157 tmn
422 2114 703 2169 armatum,
747 2121 774 2157 a
807 2116 1017 2174 pastore
1056 2113 1375 2175 prostratum
1423 2105 1662 2167 militem,
1709 2119 1739 2157 a
1770 2120 1859 2171 pa-

276 2194 492 2247 sloralis
516 2194 702 2263 lapidis
732 2204 917 2248 natura
946 2194 1119 2247 bellici
1149 2194 1270 2247 reris
1302 2202 1542 2247 naturam
1574 2193 1856 2247 contritam

276 2294 333 2337 ct
352 2284 738 2339 labefactatam.
771 2284 1000 2339 Proinde
1024 2294 1078 2339 et
1106 2299 1204 2338 nos
1231 2285 1456 2353 lapidem
1489 2284 1637 2337 illum
1668 2284 1718 2336 in
1745 2296 1860 2336 ma-

278 2390 380 2430 nus
416 2376 757 2445 accipiamus,
804 2376 1112 2446 angularem
1142 2376 1288 2430 illum
1323 2384 1378 2431 et
1419 2375 1745 2445 spiritualem
1778 2366 1860 2429 in-

276 2482 459 2535 quain.
504 2468 561 2522 Si
587 2468 730 2522 enim
768 2468 932 2523 Paulo
959 2467 1321 2539 philosophari
1359 2467 1507 2522 licuit
1531 2467 1599 2522 de
1623 2476 1772 2536 petra
1804 2469 1857 2522 in

276 2557 564 2613 SnIilllditlc
600 2558 674 2629 (Ι.
704 2559 823 2614 Cor.
857 2560 943 2614 10.
975 2559 1052 2629 4),
1094 2574 1265 2628 neque
1309 2558 1462 2613 nobis
1491 2559 1610 2629 quis
1635 2574 1858 2613 succen-

275 2649 440 2714 sebit,
485 2650 529 2704 si
580 2650 808 2720 lapidem
864 2651 1010 2705 illum
1065 2651 1255 2706 eodem
1309 2651 1467 2705 modo
1513 2652 1854 2720 accipiamus.

274 2739 408 2793 Nam
447 2741 583 2795 sicut
628 2757 731 2796 non
766 2751 951 2797 natura
992 2750 1155 2813 petra:
1181 2741 1401 2799 visibilis
1440 2744 1577 2812 apud
1620 2744 1852 2810 Judmos,

270 2828 373 2883 Sed
414 2831 581 2884 virtus
607 2831 896 2900 spiritualis
926 2842 1092 2901 petra:
1136 2833 1415 2889 emittebat
1453 2834 1661 2888 illarum
1690 2849 1855 2902 aqua-

275 2936 397 2974 rum
440 2920 653 2975 flumina
680 2939 694 2986 ;
725 2922 795 2976 ita
835 2923 1016 2992 utique
1061 2923 1199 2993 apud
1243 2923 1405 2977 David
1450 2939 1555 2977 non
1592 2924 1858 2978 sensibilis

276 3009 372 3063 sed
413 3011 701 3080 spiritualis
744 3012 879 3082 lapis
920 3012 1252 3068 barbaricum
1297 3013 1423 3067 illud
1453 3021 1611 3081 caput
1639 3013 1853 3082 dejeeit.

274 3100 365 3155 Sic
405 3116 615 3171 quoque
645 3102 1027 3172 pollicebamur
1062 3104 1234 3168 vobis,
1277 3103 1408 3157 nihil
1455 3119 1521 3158 ex
1564 3103 1856 3158 ratiociniis

275 3192 535 3247 dicturos.
583 3192 777 3248 Nostra
801 3195 933 3247 enim
960 3211 1125 3259 arma,
1157 3211 1257 3248 non
1292 3195 1542 3258 carnalia,
1582 3195 1671 3247 sed
1697 3194 1853 3263 spiri-

276 3282 459 3344 tualia,
509 3284 815 3337 destruentia
856 3286 1097 3349 rationes,
1143 3293 1189 3338 et
1240 3301 1435 3338 omnem
1479 3283 1852 3348 sublimitatem,

273 3388 391 3441 qua:
435 3389 589 3440 super
630 3383 813 3427 terram
856 3390 961 3428 sese
1002 3374 1197 3428 extollit
1241 3383 1413 3427 contra
1456 3375 1713 3427 scientiam
1762 3373 1856 3425 Dei

275 3462 357 3531 (‘2.
392 3464 509 3516 Cor.
544 3464 629 3520 10.
660 3466 711 3518 4.
744 3463 821 3535 5).
855 3465 1184 3533 Praeceptum
1222 3467 1374 3518 nobis
1413 3473 1514 3529 est,
1557 3474 1609 3518 ιιι
1643 3480 1734 3518 eas
1761 3464 1857 3519 de-

276 3554 581 3620 muliatuur,
613 3570 715 3607 non
738 3566 1073 3608 cxstruamus
1102 3573 1115 3608 :
1146 3554 1459 3623 imperatum
1487 3555 1639 3608 nobis
1666 3564 1766 3619 est,
1800 3562 1857 3607 ut

273 3661 368 3699 eas
392 3646 763 3710 dissolvamns,
794 3662 898 3699 non
927 3661 1223 3711 armemus;
1254 3647 1540 3700 Ratiocinia
1567 3646 1697 3700 enim
1722 3663 1855 3698 mor-

276 3738 455 3789 talium
478 3739 652 3790 timida
677 3748 793 3791 sunt
815 3738 969 3809 (Sap.
992 3741 1045 3790 9.
1078 3739 1184 3808 Η).
1205 3739 1339 3804 Quid
1366 3737 1495 3792 illud
1526 3747 1608 3791 est
1634 3738 1812 3791 timida
1829 3738 1855 3790 ?

274 3829 536 3894 Timidus,
587 3829 796 3883 etiamsi
849 3844 1039 3884 securo
1077 3830 1193 3883 loco
1230 3829 1481 3892 ambulet,
1527 3843 1632 3883 non
1671 3828 1850 3893 audet,

274 3920 370 3975 sed
396 3920 640 3975 formidat
668 3935 730 3975 ac
758 3921 985 3991 trepidat
1014 3938 1026 3975 :
1057 3922 1127 3974 ita
1152 3920 1294 3989 quod
1322 3920 1610 3975 ratiociniis
1634 3920 1854 3976 demon-

273 4021 499 4067 stratum
526 4024 627 4077 est,
668 4013 873 4067 etiamsi
914 4028 1098 4067 verum
1132 4012 1220 4078 sit,
1252 4011 1485 4065 nondum
1515 4019 1690 4066 tamen
1725 4012 1855 4065 satis

272 4111 419 4156 certa
468 4112 808 4171 argumenta,
859 4102 1178 4172 dignamque
1228 4102 1385 4157 fidem
1435 4102 1628 4156 animae
1676 4101 1849 4156 affert.

274 4193 505 4247 Proinde
533 4193 653 4261 quia
683 4202 822 4246 tanta
855 4194 1117 4247 rationum
1150 4193 1429 4248 infirmitas
1449 4201 1552 4261 est,
1580 4208 1676 4264 age
1704 4194 1852 4250 Serio

274 4285 444 4352 pluris
472 4293 656 4337 contra
678 4284 1011 4338 adversarios
1042 4299 1352 4354 pugnemus.

348 4373 628 4442 Scriptura:
655 4374 928 4428 auctoritas
958 4375 1121 4443 patior
1141 4374 1435 4428 rationibus.
1462 4405 1535 4415 —
1562 4374 1713 4430 Unde
1751 4376 1850 4445 igi-

276 4473 361 4517 tur
386 4464 645 4518 sermonis
668 4463 941 4518 exordium
976 4465 1333 4520 sumendum?
1373 4464 1526 4521 Unde
1555 4467 1703 4521 vobis
1737 4468 1851 4535 pla-

274 4551 454 4618 cebit,
508 4553 623 4607 sive
668 4570 730 4606 ex
789 4552 969 4620 Nova,
1020 4554 1137 4609 sive
1189 4569 1255 4609 ex
1303 4553 1502 4610 Veteri.
1549 4555 1663 4609 Non
1708 4556 1849 4610 enim

272 4645 447 4700 SUIttlll
489 4645 540 4699 in
579 4645 872 4715 evangeliis
915 4655 968 4700 ct
1004 4646 1309 4715 apostolicis
1333 4647 1530 4714 verbis,
1576 4648 1670 4702 sed
1715 4658 1769 4701 et
1797 4648 1850 4703 in

272 4737 553 4805 prophetis
591 4746 647 4789 et
694 4738 746 4790 in
797 4746 904 4792 tota
935 4737 1115 4792 Veteri
1158 4738 1273 4808 lege
1311 4738 1596 4807 fulgentem
1639 4739 1850 4794 abunde

274 4825 547 4897 Unigeniti
570 4822 795 4893 gloriam
818 4824 1000 4883 videre
1029 4828 1172 4884 licet.
1206 4828 1378 4895 Unde,
1409 4845 1525 4884 mea
1562 4832 1847 4898 sententia,

271 4925 433 4967 ιιιιειιιι
475 4917 597 4969 inde
627 4916 883 4970 adversus
925 4917 1045 4970 illos
1081 4917 1412 4987 corripienda
1458 4928 1580 4974 sunt
1622 4920 1744 4974 tela.
1777 4920 1849 4975 Ita

271 5006 415 5059 enim
443 5021 549 5059 non
575 5005 696 5061 illos
732 5015 956 5074 tantum,
988 5007 1080 5062 sed
1108 5020 1163 5063 et
1188 5010 1383 5063 multos
1411 5009 1543 5063 alios
1569 5010 1849 5065 hmreticos

268 5090 435 5146 simul
472 5102 820 5162 prosternere
844 5096 1164 5164 poterimus,
1196 5097 1451 5152 videlicet
1481 5096 1838 5165 Marcionem,

266 5180 646 5248 Manicbaaum,
679 5182 1053 5251 Valentinum,
1078 5185 1500 5258 Jndzeormnque
1520 5198 1695 5245 cretus
1724 5205 1841 5245 om-

265 5291 387 5331 nes.
427 5274 561 5328 Nam
600 5276 743 5330 sicut
784 5292 909 5331 cum
959 5293 988 5330 a
1025 5276 1228 5332 Davide
1262 5287 1575 5348 prostratus
1613 5289 1696 5336 est
1730 5280 1839 5337 Go-

262 5366 397 5423 liath
432 5369 506 5435 (Ι.
549 5367 671 5438 Reg.
712 5369 798 5423 I7.
841 5369 953 5438 5|),
1005 5370 1058 5424 in
1111 5369 1293 5440 fugam
1325 5372 1487 5427 simul
1532 5388 1725 5428 versus
1755 5383 1839 5429 est

261 5459 447 5512 omnis
486 5459 883 5529 allophylorum
928 5461 1203 5517 exercitus
1258 5470 1363 5517 :et
1417 5478 1566 5519 mors
1617 5465 1836 5534 quidem

260 5546 429 5601 unius
486 5548 737 5618 corporis
792 5558 846 5602 et
898 5552 1182 5617 percussio
1239 5552 1403 5607 unius
1456 5554 1651 5623 capitis
1696 5564 1835 5622 erat,

267 5637 395 5707 fuga
436 5646 616 5694 autem
652 5640 985 5700 communis.
1024 5651 1075 5694 et
1108 5642 1273 5696 timor
1304 5642 1472 5698 totius
1503 5646 1780 5701 exercitus
1820 5666 1830 5701 :

273 5728 353 5783 ita
392 5738 447 5784 et
497 5729 543 5786 si
582 5746 684 5786 nos
732 5745 895 5786 uuam
940 5730 1190 5787 haeresim
1235 5733 1632 5804 dejecerimus,
1682 5751 1836 5792 com-

1523 346 1790 406 CONTRA
1834 344 2205 404 ANOMIEOS.
2247 347 2336 403 XI.

3443 349 3548 402 798

1970 458 2153 512 munis
2210 459 2314 512 erit
2386 466 2829 514 enumeratorum
2880 461 3123 515 omnium
3206 460 3537 532 proﬂigatio.

2042 546 2328 600 Manichwi
2368 546 2663 615 Prophetas
2695 548 3277 617 rejiciunt.-Manicha:i
3303 552 3447 606 enim
3486 561 3541 604 et

1966 640 2057 709 qui
2089 641 2297 695 illorum
2326 641 2515 696 morbo
2555 642 2818 709 laborant,
2849 643 3097 699 videntur
3119 644 3362 714 accipere
3386 643 3545 701 Clui-

1965 739 2105 785 stum
2135 732 2222 800 qui
2251 732 2567 801 prwdicatur
2588 750 2600 785 :
2625 732 2910 803 prophetas
2924 742 3099 789 autem
3120 745 3173 789 et
3191 733 3545 805 patriarchas,

1964 822 2057 892 qui
2087 822 2233 877 illum
2266 823 2575 892 praadicant,
2602 832 2951 879 contenmunt
2978 842 2991 878 :
3024 835 3207 880 contra
3231 824 3398 881 Judazi
3424 841 3551 894 eos,

1964 912 2055 981 qui
2080 912 2346 966 Christum
2369 912 2679 982 prardieant,
2717 915 2961 986 accipere
2998 915 3263 983 videntur,
3310 915 3543 985 prophe-

1967 1011 2067 1068 tas,
2093 1004 2303 1072 inquam
2324 1044 2341 1069 ,
2373 1013 2427 1059 et
2466 1005 2821 1075 legislatorem
2848 1020 2999 1059 suum
3026 1024 3040 1061 :
3069 1006 3335 1062 Christum
3366 1018 3542 1063 autem

1964 1096 2055 1166 qui
2078 1095 2145 1149 ab
2173 1096 2277 1150 illis
2302 1096 2638 1166 praedicatur,
2667 1107 3032 1152 contemnunt.
3062 1098 3223 1168 Igitur
3249 1100 3293 1153 si
3330 1099 3545 1156 favente

1964 1186 2133 1256 gratia
2161 1186 2253 1241 Dei
2283 1187 2824 1243 demonstraverimus
2853 1205 3097 1258 magnam
3125 1191 3380 1260 unigeniti
3423 1193 3531 1262 glo.

1964 1276 2097 1330 riam
2127 1276 2179 1330 in
2214 1276 2389 1332 Veteri
2415 1279 2744 1347 pra‘dictam,
2766 1282 2942 1334 omnia
2966 1281 3052 1335 illa
3075 1282 3184 1337 Deo
3201 1283 3423 1339 adversa
3448 1300 3542 1340 ora

1962 1364 2274 1436 linguasque
2323 1367 2656 1437 blasphemas
2700 1368 3086 1426 confundemus
3144 1381 3199 1427 et
3238 1388 3545 1444 compesce-

1964 1474 2100 1513 mus.
2124 1459 2257 1513 Nam
2278 1459 2322 1514 si
2350 1460 2548 1529 liqueat
2571 1461 2840 1516 Christum
2886 1463 2940 1516 in
2981 1463 3158 1519 Veteri
3202 1467 3544 1521 Testamento

1964 1549 2263 1619 praedicari,
2290 1566 2391 1620 qua
2415 1566 2472 1605 se
2499 1551 2807 1608 defensione
2836 1555 3149 1610 tutabuntur
3170 1557 3466 1625 Manichmi,
3488 1568 3545 1613 et

1962 1643 2140 1694 creteri
2186 1642 2273 1711 qui
2323 1657 2443 1695 cum
2485 1643 2588 1697 illis
2629 1644 2952 1713 Seripturam
2998 1656 3366 1716 contemnunt,
3422 1665 3542 1719 qua:

1966 1734 2215 1803 praedicat
2245 1736 2388 1789 illum
2410 1751 2747 1790 communem
2773 1738 3010 1792 omnium
3041 1739 3364 1795 Dominum?
3388 1740 3539 1808 Quod

1964 1823 2089 1878 item
2118 1824 2367 1894 effugium
2408 1826 2510 1879 erit
2551 1824 2769 1892 Judaris,
2802 1843 2960 1894 quam
3001 1830 3208 1883 veniam
3254 1831 3541 1885 merebun-

1964 1924 2065 1979 tur,
2097 1916 2185 1985 qui
2212 1932 2239 1969 a
2267 1918 2541 1986 pr0phetis
2560 1920 2973 1987 prmnunciatum
3005 1937 3110 1976 non
3139 1922 3471 1991 suscipiunt?

2031 2006 2087 2060 2.
2127 2006 2377 2063 Divinitas
2398 2008 2523 2064 Filii
2551 2009 2792 2080 probatur
2814 2013 2921 2066 exi
2950 2011 3206 2067 Genes.—
3226 2013 3405 2083 Itaque
3420 2030 3539 2068 cum

1961 2098 2169 2152 abunde
2194 2099 2261 2152 de
2289 2100 2367 2153 eis
2392 2102 2715 2169 triumphare
2746 2104 3027 2171 possimus,
3047 2120 3347 2159 sermonem
3377 2106 3441 2159 ad
3473 2107 3539 2159 li-

1963 2189 2087 2243 bros
2108 2191 2427 2245 vetustiores
2452 2200 2743 2257 vertamus,
2766 2202 2819 2247 et
2840 2192 2907 2246 ad
2946 2194 3116 2263 ipsum
3149 2195 3240 2264 qui
3281 2195 3400 2249 aliis
3433 2210 3541 2249 om-

1961 2281 2117 2337 nibus
2142 2282 2400 2337 vetustior
2419 2292 2521 2349 est,
2550 2282 2617 2337 ad
2645 2284 2917 2349 Genesim,
2949 2285 3183 2354 inquam,
3206 2294 3262 2340 et
3283 2286 3351 2340 ad
3382 2296 3542 2357 caput

1959 2370 2235 2426 Gencseos
2261 2373 2697 2429 conscendamus.
2730 2374 2883 2442 Quod
2912 2376 3052 2430 enim
3083 2375 3150 2432 de
3172 2376 3384 2433 Christo
3405 2380 3544 2432 mul-

1964 2472 2013 2518 ta
2043 2463 2237 2519 dixerit
2267 2465 2494 2537 Moyses,
2521 2466 2641 2520 audi
2668 2467 2969 2535 loquentem
2998 2468 3267 2523 Christum
3301 2486 3315 2522 :
3346 2470 3406 2524 Si
3426 2486 3537 2523 cre-

1961 2556 2143 2608 deretis
2184 2555 2372 2625 Moysi,
2424 2558 2691 2610 crederetis
2725 2558 2895 2623 utique
2925 2567 2975 2613 et
3018 2560 3157 2625 mihi,
3202 2576 3320 2612 nam
3362 2560 3426 2614 de
3460 2577 3542 2614 me

1959 2648 2159 2717 scripsit
2182 2648 2357 2717 (Joan.
2386 2649 2439 2703 5.
2468 2648 2819 2721 46).Uhinam
2843 2651 2909 2706 de
2934 2652 3026 2706 illo
3056 2652 3301 2721 scripsit?
3324 2652 3377 2706 Id
3400 2668 3541 2708 nunc

1963 2739 2237 2794 declarare
2290 2742 2629 2795 tentabimus.
2682 2742 3032 2813 Posteaquam
3097 2744 3255 2813 igitur
3305 2743 3538 2814 perfecta

1958 2830 2135 2884 omnis
2161 2841 2422 2897 creatura,
2451 2832 2745 2901 caduntque
2773 2833 2918 2887 vario
2941 2833 3172 2888 siderant
3202 2834 3366 2889 choro
3384 2850 3540 2889 coro-

1960 2929 2162 2984 natum,
2192 2930 2247 2975 et
2278 2931 2417 2976 terra
2452 2924 2747 2992 omnigenis
2790 2923 3010 2978 ﬂoribus
3051 2936 3235 2979 ornata
3276 2934 3376 2993 est,
3421 2926 3537 2996 plc-

1960 3028 2133 3082 naque
2160 3029 2278 3067 cum
2306 3023 2485 3068 essent
2517 3017 2775 3070 montium
2799 3017 3094 3083 cacumina,
3122 3017 3262 3086 pleni
3286 3018 3459 3088 campi
3483 3026 3539 3075 et

1959 3103 2142 3170 valles,
2172 3114 2225 3158 et
2255 3106 2303 3157 in
2330 3120 2557 3171 summa,
2589 3107 2761 3160 omnis
2789 3117 2943 3161 terra:
2971 3107 3130 3162 facies
3152 3108 3343 3177 plantis
3369 3118 3423 3163 et
3444 3124 3541 3163 aro

1960 3192 2177 3247 boribus
2205 3205 2256 3247 et
2282 3194 2480 3261 herbis,
2510 3196 2918 3266 lascivirentque
2943 3212 3132 3268 greges
3165 3208 3218 3253 et
3249 3210 3487 3254 armenta
3518 3216 3533 3255 :

1960 3298 2139 3338 aerem
2179 3294 2354 3338 autem
2402 3285 2648 3354 impleret
2697 3286 2895 3342 chorus
2935 3288 3108 3341 avium
3153 3289 3535 3344 eantillantium

1960 3375 2133 3428 nativa
2163 3385 2215 3427 et
2253 3376 2506 3444 singulari
2551 3377 2752 3430 nmsica
2796 3394 2809 3429 :
2853 3376 3020 3431 maria
3063 3390 3273 3447 quoque
3316 3378 3539 3433 marinis

1958 3465 2278 3519 animalibus
2304 3465 2457 3535 plena
2488 3484 2503 3520 :
2532 3467 2778 3520 similiter
2805 3477 2859 3521 et
2901 3476 3107 3536 stagna,
3147 3476 3201 3521 et
3243 3465 3439 3535 fontes,
3482 3476 3536 3522 et

1960 3557 2123 3621 fluvii,
2155 3558 2402 3612 omnibus
2429 3572 2548 3627 qua:
2590 3557 2641 3611 in
2671 3557 2748 3611 eis
2768 3567 3055 3611 nascuntur
3085 3574 3098 3610 :
3132 3557 3368 3626 nihilque
3394 3565 3538 3612 esset

1961 3648 2365 3717 imperfectum,
2408 3648 2499 3701 sed
2548 3647 2777 3717 perfecta
2819 3649 2994 3701 omnia
3038 3664 3053 3700 :
3099 3658 3224 3701 tunc
3265 3646 3537 3717 qumrehat

1958 3754 2152 3807 corpus
2175 3747 2355 3806 caput,
2385 3739 2571 3792 civitas
2600 3737 2912 3807 principem,
2941 3745 3181 3791 creatura
3207 3752 3409 3806 regem,
3434 3735 3533 3790 ho-

1959 3829 2154 3881 minem
2184 3829 2418 3896 inquam.
2465 3825 2810 3881 Formaturus
2851 3828 3011 3896 igitur
3054 3828 3223 3895 ipsum
3269 3828 3407 3881 Deus
3449 3828 3534 3881 in-

1956 3920 2089 3989 quit,
2124 3918 2396 3971 Faciamus
2417 3919 2666 3971 hominem
2693 3918 2967 3971 secundum
2993 3919 3260 3986 imaginem
3280 3929 3325 3971 et
3349 3919 3533 3972 simili-

1959 4012 2182 4065 tudinem
2203 4021 2424 4064 uostram
2447 4008 2598 4077 (Gen.
2649 4010 2700 4062 I.
2729 4010 2844 4078 ‘26).
2875 4009 2955 4062 Ad
2986 4024 3146 4078 quem
3174 4009 3339 4062 dicit?
3361 4009 3532 4063 Mani-

1960 4102 2173 4163 festum,
2204 4100 2344 4170 quod
2370 4100 2435 4154 ad
2468 4099 2794 4169 unigenitum
2822 4115 2996 4153 suum.
3026 4099 3138 4153 Non
3161 4099 3315 4165 dixit,
3342 4101 3445 4169 fac,
3476 4110 3534 4155 ut

1958 4210 2023 4247 ne
2058 4194 2249 4248 servile
2296 4193 2492 4263 aliquid
2537 4192 2821 4262 suspiceris
2867 4201 3185 4262 praeceptum
3227 4193 3387 4247 dari:
3437 4193 3531 4248 sed

1955 4282 2100 4346 dicit,
2130 4283 2395 4351 faciamus,
2418 4292 2476 4335 ut
2521 4281 2686 4335 forma
2714 4282 3045 4336 consultandi
3075 4282 3293 4352 mqualis
3316 4282 3531 4351 detege-

1956 4384 2103 4428 retur
2132 4373 2321 4427 honor.
2336 4373 2463 4426 Nam
2486 4372 2623 4426 Deus
2644 4372 2907 4426 interdum
2929 4374 3289 4427 consiliarium
3310 4372 3527 4441 habere,

1957 4465 2221 4520 interdum
2252 4480 2356 4518 non
2385 4464 2580 4518 habere
2608 4463 2801 4518 dicitur
2829 4480 2843 4517 :
2871 4480 2970 4518 nec
2995 4463 3095 4518 sibi
3136 4464 3236 4532 ipsi
3272 4472 3529 4534 repugnat

1954 4557 2247 4626 Scriptura,
2274 4555 2366 4610 sed
2400 4570 2494 4625 per
2522 4555 2636 4609 hare
2673 4556 2830 4609 ambo
2871 4556 3179 4624 aperiuntur
3224 4555 3375 4609 nobis
3408 4556 3529 4609 abs-

1953 4648 2163 4702 condita
2226 4646 2492 4715 dogmata.
2547 4645 2770 4711 Quando
2828 4646 2969 4699 enim
3036 4644 3335 4713 significare
3378 4645 3527 4711 vult,

1956 4738 2121 4792 Deum
2149 4736 2341 4790 nullius
2365 4751 2545 4805 egere,
2573 4735 2702 4789 dicit
2725 4752 2845 4789 eum
2891 4750 2996 4789 non
3037 4735 3237 4790 habere
3278 4735 3519 4790 consilia.

1956 4832 2091 4885 rium
2123 4830 2372 4900 :quando
2400 4838 2575 4883 autem
2619 4829 2773 4881 docet
2818 4828 3071 4897 aqualem
3114 4829 3366 4899 unigeniti
3406 4828 3507 4899 glo~

1956 4922 2111 4986 riam,
2136 4919 2493 4974 consiliarium
2529 4926 2681 4970 vocat
2710 4917 2899 4970 Filium
2932 4917 3039 4971 Dei.

2024 5010 2352 5067 Consiliarius
2394 5008 2487 5061 Dei
2531 5008 2777 5060 Christus.
2805 5036 2876 5046 —
2902 5007 2971 5061 Et
3006 5016 3064 5061 ut
3105 5006 3218 5061 haec
3253 5007 3411 5061 ambo
3447 5006 3527 5062 di-

1954 5117 2071 5155 scas
2090 5143 2105 5167 ,
2133 5100 2272 5170 quod
2301 5098 2570 5169 praphcta:
2603 5098 2765 5151 filium
2788 5107 2978 5152 vocent
3006 5098 3388 5164 consiliarium,
3420 5113 3525 5152 non

1953 5193 2091 5263 quod
2122 5192 2277 5245 Pater
2303 5205 2436 5259 opus
2465 5189 2579 5259 ejus
2605 5188 2826 5243 consilio
2855 5188 3067 5253 habeat,
3109 5188 3202 5242 sed
3241 5197 3297 5241 ut
3344 5188 3519 5257 unige-

1954 5283 2046 5336 niti
2068 5281 2288 5351 gloriam
2318 5280 2565 5345 doceant,
2593 5288 2645 5333 et
2665 5278 2805 5349 quod
2838 5293 2942 5333 non
2969 5292 3104 5348 opus
3132 5277 3319 5331 habeat
3345 5277 3524 5330 cousi-

1953 5374 2126 5439 liario,
2149 5372 2269 5426 audi
2296 5372 2513 5427 Paulum
2549 5369 2853 5425 dicentem:
2884 5369 2928 5423 ο
2967 5368 3179 5423 altitudo
3222 5363 3529 5420 divitiarum

1952 5466 2214 5537 sapientia:
2249 5474 2293 5518 et
2322 5464 2541 5518 scientia:
2570 5462 2704 5516 Dei!
2750 5461 2914 5528 Quam
2951 5459 3292 5514 inscrutabilia
3330 5458 3526 5531 judicio

1952 5557 2061 5624 ejus
2086 5589 2102 5615 ,
2132 5563 2183 5607 et
2230 5553 2596 5623 investigabiles
2615 5554 2708 5606 via:
2734 5551 2880 5621 ejus!
2902 5552 3027 5616 Quis
3064 5550 3196 5604 enim
3234 5550 3369 5603 novit
3409 5566 3525 5603 seir-

1952 5664 2063 5701 sum
2094 5645 2339 5699 Domini?
2367 5648 2441 5699 vel
2469 5646 2578 5713 quis
2605 5642 2919 5697 consiliarius
2945 5643 3056 5712 ejus
3085 5641 3181 5712 fuit
3222 5640 3395 5709 (Rom.
3438 5646 3523 5698 ll.

1954 5740 2041 5797 55.
2075 5738 2207 5810 34)?
2238 5736 2335 5793 llic
2361 5738 2540 5809 itaque
2569 5753 2688 5793 eum
2720 5735 2917 5793 nullius
2945 5735 3180 5809 indigere
3215 5734 3520 5792 declaravit.
