3854 6222
313 276 418 330 799

313 390 532 444 11ιιειιιίειε
561 402 688 442 vero
729 387 919 441 iterum
963 386 1030 440 de
1062 387 1342 456 Unigenito
1382 387 1472 441 Dci
1517 387 1766 456 loquens,
1805 384 1903 440 sic.

317 479 521 546 inquit:
559 477 619 530 Et
651 478 852 545 cupient
878 477 922 529 si
967 477 1091 543 ﬁant
1133 477 1248 547 igne
1280 477 1544 531 combusti.
1591 475 1722 542 Quia
1766 489 1892 544 puer

317 581 465 622 natus
485 578 558 622 est
583 568 745 631 nobis,
771 579 817 622 et
843 569 977 636 ﬁlius
997 568 1142 622 datus
1168 578 1243 622 est
1267 568 1430 632 nobis,
1455 577 1504 622 et
1530 568 1784 622 vocabitur
1799 581 1892 620 no-

317 675 430 710 men
448 659 556 728 ejus
580 658 750 727 magni
777 657 975 711 consilii
993 657 1223 726 angelus,
1249 657 1562 710 admirabilis
1577 655 1893 712 consiliarius

314 746 503 816 (llesai
520 747 574 801 9.
604 747 683 816 5).
715 747 782 800 Et
808 747 852 801 si
881 747 1214 801 admirabilis
1247 747 1598 810 consiliarius,
1623 744 1894 816 quomodo

319 836 513 892 I'aulns
533 835 680 900 dicit,
713 836 838 900 Quis
870 838 1003 889 enim
1037 852 1212 892 sensus
1249 837 1382 890 novit
1411 835 1636 901 Domini,
1675 835 1750 889 vel
1782 834 1895 903 quis

317 927 638 980 consiliarius
658 929 769 997 ejus
794 929 890 996 fuit
921 927 1094 998 (Rom.
1127 929 1216 982 11.
1249 928 1379 998 5-1)ἳ
1400 928 1496 982 nisi
1518 929 1656 998 quod
1680 926 1894 990 Paulus,

317 1017 458 1070 sicut
483 1016 613 1080 dixi,
643 1017 879 1072 indicare
899 1018 1065 1071 voluit
1090 1017 1302 1073 Patrem
1331 1018 1476 1072 nullo
1503 1018 1760 1088 indigere,
1777 1031 1899 1085 pro-

323 1107 478 1176 pheta
501 1116 679 1162 autem
711 1108 969 1177 aequalem
1001 1106 1123 1162 Filii
1143 1093 1362 1177 gloriam
1383 1107 1579 1162 docere
1605 1107 1786 1162 voluit.
1815 1105 1899 1160 Id-

322 1197 466 1250 circo
493 1197 654 1251 etiam
693 1195 781 1251 hic
809 1210 912 1250 non
952 1195 1105 1260 dixit,
1149 1198 1251 1267 fac,
1297 1196 1413 1261 sed,
1461 1196 1729 1268 faciamus.
1767 1195 1900 1250 Illud

324 1286 491 1350 enim,
520 1290 623 1356 fac,
652 1294 972 1354 praestitum
1002 1295 1145 1342 esset
1167 1301 1326 1342 servo
1347 1286 1530 1342 datum
1573 1302 1588 1339 :
1629 1286 1770 1356 quod
1820 1286 1900 1341 di-

326 1391 478 1432 scere
506 1377 630 1433 inde
671 1379 888 1446 poteris.
937 1377 1178 1434 Accessit
1217 1376 1502 1447 aliquando
1546 1378 1788 1435 centurio
1833 1376 1902 1432 ad

325 1465 530 1531 Jesum,
559 1476 612 1521 et
636 1467 769 1521 dixit
795 1485 809 1520 :
839 1467 1072 1533 Domine,
1096 1483 1223 1537 puer
1250 1483 1387 1522 meus
1396 1468 1535 1538 jacet
1559 1468 1613 1522 in
1633 1468 1781 1522 domo
1809 1484 1904 1536 pa-

327 1557 591 1626 rulgticus,
613 1566 662 1609 et
681 1557 896 1626 graviter
925 1565 1181 1626 torquetur
1201 1555 1416 1627 (Matth.
1444 1557 1498 1612 8.
1527 1555 1605 1630 ti).
1637 1557 1772 1625 Quid
1808 1557 1907 1627 igi-

331 1655 419 1698 tttr
453 1645 737 1700 Christus?
776 1646 886 1717 Ego
920 1648 1134 1711 ueniam,
1164 1657 1211 1700 et
1247 1648 1434 1702 curabo
1460 1664 1573 1700 eum
1597 1645 1704 1720 (Ib.
1745 1663 1790 1701 υ.
1826 1647 1904 1720 7).

331 1735 582 1791 Centurio
603 1745 780 1792 autem
806 1752 912 1792 non
937 1737 1164 1795 audebat
1189 1737 1452 1792 medicum
1482 1739 1533 1792 in
1559 1738 1774 1793 domum
1803 1747 1910 1792 tra-

335 1825 484 1893 here,
512 1835 566 1880 at
592 1827 896 1883 misericors
928 1827 1017 1882 ille
1053 1837 1245 1897 sponte
1270 1843 1362 1882 sua
1390 1828 1737 1898 pollicebatur
1759 1843 1818 1884 se
1847 1829 1912 1883 il-

335 1917 418 1970 luc
445 1916 662 1982 iturum,
692 1927 748 1973 ut
771 1932 985 1972 causam
1005 1926 1061 1972 et
1100 1920 1433 1973 occasionem
1478 1919 1552 1974 illi
1597 1920 1769 1987 daret,
1807 1936 1911 1991 qua

335 2009 583 2062 virtutem
607 2023 756 2063 suam
779 2009 932 2064 nobis
956 2009 1271 2065 declararet.
1304 2010 1563 2066 Prtescius
1601 2011 1741 2066 enim
1787 2011 1911 2081 quid

338 2100 428 2152 ille
453 2099 692 2155 dicturus
720 2109 856 2164 erat,
889 2099 1155 2169 pollicitus
1182 2111 1264 2156 cst
1305 2117 1363 2156 se
1387 2099 1695 2168 affuturum,
1725 2111 1781 2156 ut
1812 2101 1913 2156 viri

337 2191 587 2260 pietatem
606 2191 861 2246 disceres.
892 2191 1028 2257 Quid
1067 2193 1211 2246 enim
1248 2193 1323 2246 ait
1361 2192 1634 2248 centurio?
1677 2190 1913 2260 Domine,

340 2297 443 2336 non
488 2297 601 2334 sum
638 2282 842 2350 dignus,
874 2293 929 2335 ut
965 2283 1121 2337 intres
1161 2285 1252 2338 sub
1279 2292 1459 2337 tectum
1501 2299 1668 2338 meum
1710 2282 1814 2354 (1b.
1861 2295 1917 2336 υ.

341 2371 422 2438 8).
453 2371 636 2441 Neque
661 2372 832 2426 morbi
863 2374 1152 2428 necessitas
1189 2389 1310 2427 eum
1356 2388 1386 2426 a
1436 2374 1631 2442 pietate
1673 2382 1917 2430 avertere

343 2461 576 2528 valebat,
608 2477 676 2518 ne
712 2463 1084 2518 excellentiam
1117 2463 1324 2518 Domini
1351 2472 1652 2530 testaretur,
1675 2463 1834 2518 etiam
1865 2463 1917 2517 in

352 2564 500 2607 tanta
527 2556 853 2612 calamitate.
888 2556 1190 2626 Eapropter
1207 2559 1340 2612 dicit
1363 2577 1376 2612 :
1400 2559 1500 2613 Dic
1522 2567 1723 2612 tantum
1742 2561 1914 2622 verbo,

333 2653 397 2710 (et
418 2643 697 2696 sanabitur
711 2661 842 2714 puer
866 2663 1031 2700 meus.
1049 2647 1191 2700 Nam
1211 2659 1258 2701 et
1275 2665 1368 2717 ego
1395 2648 1550 2702 homo
1565 2665 1703 2713 sum,
1723 2649 1917 2706 habent

352 2732 445 2784 sub
478 2749 557 2786 me
591 2734 810 2802 milites,
832 2746 882 2788 et
906 2737 1023 2790 dico
1050 2737 1192 2802 liuic,
1212 2739 1358 2805 rade,
1389 2747 1437 2792 et
1466 2739 1609 2794 vadit
1631 2751 1715 2796 :et
1737 2740 1916 2808 alteri,

351 2826 696 2887 reni,etvenit
714 2843 733 2882 :
754 2836 804 2881 et
821 2845 968 2884 servo
988 2845 1123 2896 meo,
1145 2830 1231 2899 fac
1248 2830 1366 2894 hoc,
1380 2841 1425 2884 et
1437 2831 1633 2900 facit(l
1641 2831 1690 2885 b.
1709 2849 1757 2886 υ.
1773 2840 1823 2888 8.
1837 2832 1918 2890 9).

418 2913 499 2966 Ad
524 2929 718 2966 seruum
745 2913 927 2967 dicitur
949 2917 1054 2986 fac,
1094 2915 1161 2968 ad
1188 2915 1434 2985 aequalem
1456 2916 1719 2987 faciamus.
1741 2945 1813 2955 —
1833 2915 1924 2970 Vi-

348 3002 444 3057 des
471 3006 708 3068 verbum,
741 3007 844 3074 fac,
874 3019 994 3059 esse
1022 3005 1222 3060 domini
1260 3005 1328 3059 ad
1367 3020 1580 3061 servum
1629 3005 1924 3076 loquentis?

339 3095 440 3172 (At,
487 3096 754 3165 faciamus,
797 3097 1014 3150 verbum
1057 3103 1141 3152 est
1185 3095 1301 3165 ejus
1343 3097 1427 3150 cui
1468 3096 1686 3166 aequalis
1732 3095 1922 3151 honor.

332 3186 573 3254 Quando
615 3187 757 3242 enim
807 3201 962 3241 servo
1001 3186 1248 3241 dominus
1294 3186 1545 3256 loquitur,
1573 3187 1744 3252 dicit,
1796 3190 1877 3257 fac
1907 3200 1929 3238 :

351 3275 564 3346 quando
592 3286 769 3330 autem
815 3276 970 3330 Pater
1008 3276 1164 3341 Filio,
1192 3275 1339 3338 dicit,
1369 3272 1634 3344 faciamus.
1663 3276 1818 3343 Quid,
1849 3277 1929 3328 in—

350 3368 468 3438 quit
495 3365 846 3436 (haereticus),
883 3365 928 3420 si
971 3365 1211 3420 centurio
1247 3366 1318 3418 ita
1355 3363 1722 3434 suspicabatur
1751 3365 1768 3395 ⁸
1797 3379 1813 3418 :
1842 3379 1930 3418 res

350 3465 528 3512 autem
550 3471 654 3510 non
679 3455 758 3510 sic
781 3470 840 3510 se
868 3448 1133 3511 habebat?
1159 3454 1294 3509 Num
1320 3454 1594 3524 apostolus
1629 3462 1710 3509 est
1738 3463 1928 3507 centu-

353 3547 469 3600 rio?
499 3561 621 3599 num
651 3545 962 3615 discipulus,
994 3555 1053 3600 ut
1091 3545 1256 3614 ipsius
1281 3544 1456 3599 verbis
1481 3543 1758 3600 credamus
1775 3543 1800 3594 ?
1822 3543 1926 3597 Ve-

354 3636 576 3690 risimile
605 3645 688 3691 est
707 3651 826 3690 eum
870 3648 1098 3690 errasse.
1141 3635 1310 3698 Bene,
1360 3650 1466 3688 non
1513 3643 1596 3689 est
1636 3633 1924 3705 apostolus.

353 3727 494 3795 Quid
519 3728 683 3797 ergo?
715 3727 996 3782 Videamus
1036 3726 1178 3796 quod
1223 3727 1481 3794 sequitur.
1521 3725 1656 3780 Num
1699 3725 1931 3778 correxit

357 3811 530 3889 ipsum
563 3817 842 3875 Christus?
880 3834 1005 3873 num
1035 3817 1329 3888 increpavit
1357 3827 1413 3871 ut
1440 3817 1660 3886 lapsum,
1687 3824 1742 3870 et
1769 3830 1930 3884 prava

357 3911 604 3982 dogmata
629 3911 993 3981 ingerentem?
1019 3926 1144 3965 num
1170 3909 1302 3964 dixit
1339 3908 1402 3964 ad
1449 3909 1642 3978 ipsum,
1683 3905 1790 3960 Cur
1830 3906 1935 3961 hoc

357 4002 511 4069 facis,
535 4003 728 4058 homo?
756 4003 1010 4072 Majorem
1032 4000 1099 4056 de
1123 4017 1210 4056 me
1235 4000 1401 4054 habes
1427 3999 1750 4068 opinionem,
1775 4011 1932 4066 quam

361 4112 457 4167 par
479 4105 600 4152 est:
630 4095 779 4165 plura
807 4094 937 4149 mihi
967 4095 1178 4160 tribuis,
1218 4107 1376 4162 quam
1402 4091 1529 4145 mihi
1563 4089 1841 4154 debentur,
1869 4103 1936 4142 ex
2014 4082 2016 4084 ’

359 4187 673 4242 auctoritate
699 4193 854 4257 putas
883 4200 968 4240 me
992 4186 1274 4254 imperare,
1301 4197 1421 4236 cum
1447 4197 1552 4235 non
1588 4180 1658 4234 sit
1684 4179 1809 4234 mihi
1837 4195 1934 4232 au-

357 4278 598 4334 ctoritas.
627 4276 762 4332 Num
788 4276 920 4332 dixit
944 4275 1048 4330 tale
1071 4273 1235 4344 quid?
1263 4272 1508 4338 Minime,
1554 4270 1650 4326 sed
1686 4268 1939 4326 stabilivit

363 4369 506 4424 illius
535 4367 871 4431 sententiam,
905 4375 960 4422 et
995 4364 1336 4436 sequentibus
1375 4362 1510 4418 dixit
1556 4379 1570 4416 :
1623 4361 1780 4414 Amen
1825 4359 1938 4413 dico

361 4461 499 4516 vobis
525 4501 540 4527 ,
595 4475 752 4530 neque
773 4459 826 4513 in
864 4457 1030 4512 Israel
1075 4465 1264 4510 tantam
1308 4454 1461 4524 fidem
1499 4453 1664 4508 inveni
1703 4450 1863 4523 (Ibid.
1889 4466 1936 4505 υ.

367 4552 479 4620 10).
512 4550 674 4621 Igitur
706 4549 959 4605 Dominus
1000 4547 1264 4602 laudando
1298 4546 1578 4600 conlirmat
1617 4543 1939 4599 centurionis

363 4641 548 4696 verba.
572 4640 689 4694 Jam
718 4640 860 4696 enim
893 4654 995 4693 non
1022 4646 1148 4693 sunt
1172 4636 1496 4692 centurionis
1521 4634 1810 4701 verba,sed
1834 4634 1941 4686 Do-

365 4731 496 4786 mini
519 4731 802 4786 sententia.
829 4729 981 4796 Quod
1010 4729 1150 4782 enim
1178 4728 1291 4797 ipse
1321 4727 1520 4792 laudat,
1537 4737 1590 4780 et
1615 4725 1818 4780 calculo
1843 4739 1941 4778 suo

367 4831 636 4892 tamquam
667 4822 801 4876 bene
819 4822 1018 4877 dictum
1056 4821 1334 4892 approbat,
1366 4835 1464 4890 pro
1499 4821 1680 4874 divino
1723 4819 1944 4874 oraculo

369 4911 668 4967 habendum
689 4911 1190 4975 est:auctoritatem
1217 4911 1359 4966 enim
1400 4924 1632 4981 superne
1669 4924 1700 4962 a
1745 4908 1944 4964 Christi

367 5000 714 5072 responsione
733 4999 915 5055 sumit.

437 5093 492 5147 5.
546 5091 693 5146 Vetus
715 5091 1086 5147 Testamentum
1109 5109 1225 5148 cum
1249 5107 1377 5148 noro
1405 5102 1668 5147 consonat.
1691 5121 1764 5134 —
1785 5091 1947 5148 Vides

367 5194 426 5238 ut
456 5181 662 5237 Novum
695 5182 873 5237 Veteri
904 5192 1164 5238 consonet
1190 5183 1606 5250 Testamentum,
1648 5191 1702 5237 et
1739 5191 1946 5236 utrum-

367 5289 472 5342 que
502 5273 865 5328 auctoritatem
894 5272 1091 5329 Christi
1121 5274 1354 5329 indicet?
1383 5274 1518 5342 Quid
1545 5275 1740 5344 igitur?
1761 5272 1948 5328 Facie-

368 5363 459 5419 bat
478 5365 692 5436 quidem
717 5365 1008 5434 hominem,
1037 5365 1132 5423 sed
1170 5375 1230 5422 ut
1263 5366 1510 5421 minister
1553 5364 1817 5421 faciebat?
1845 5365 1949 5422 Sed

436 5541 454 5572 ι
493 5543 831 5604 ιιρονθιτοωηι
862 5547 1127 5604 suspicatur
1164 5553 1380 5603 nuperos
1431 5541 1652 5604 quidam;
1680 5539 1786 5604 sed
1819 5539 1952 5589 locus

369 5599 692 5715 tamet.
715 5612 826 5654 satu
853 5599 1210 5667 utr'ysostomus
1231 5599 1506 5654 Jtnomwtim
1526 5603 1630 5652 haec
1644 5602 1953 5665 obiicientem

1024 274 1081 328 S.
1120 274 1398 330 JO.\NNIS
1431 271 1908 329 Cllli’lSOSTOM!
1949 267 2266 324 ARCI‘III'L‘P.
2305 268 2836 325 CONSTANTINOP.

3481 267 3593 320 ..ι
3777 79 3796 312 1

1997 383 2119 438 audi
2147 384 2301 438 verba
2328 399 2447 454 qua:
2475 393 2784 452 sequuntur,
2813 392 2868 438 ct
2891 381 3088 436 desiste
3111 381 3177 436 ab
3203 384 3582 449 Intempestiva

1996 474 2356 529 contentione.
2390 473 2674 528 Enimvero
2720 485 2774 527 ut
2812 473 2964 536 dixit,
3011 472 3278 527 Faciamus
3308 472 3585 526 hominem

1999 563 2149 636 (Gen.
2183 565 2234 619 1.
2262 562 2355 635 26)
2389 579 2404 617 :
2442 579 2547 619 non
2574 564 2724 627 dixit,
2763 562 3052 616 secundum
3101 563 3384 632 imaginem
3436 575 3587 613 tuam

1998 658 2278 719 minorem,
2308 670 2479 724 neque
2495 654 2784 710 secundum
2805 653 3084 722 imaginem
3105 667 3276 706 meam
3296 652 3597 721 majorem,

1999 747 2094 804 sed
2124 747 2411 807 Secundum
2437 746 2706 816 imaginem
2729 756 2950 799 nostram
2969 784 2985 810 ,
3013 759 3203 812 nempe
3224 742 3467 796 indicans
3487 738 3593 796 Pa—

2001 842 2099 896 tris
2127 849 2180 894 et
2204 838 2320 892 Filii
2347 837 2628 906 imaginem
2658 851 2814 890 unam
2840 850 2981 890 esse.
2999 834 3114 888 Non
3135 834 3276 888 enim
3293 832 3432 886 dixit
3458 831 3600 882 inia-

2001 933 2174 1001 gines,
2216 929 2311 984 sed
2354 927 2634 1000 Imaginem
2671 935 2927 991 nostram;
2967 941 3072 980 non
3117 924 3257 978 enim
3296 923 3419 975 dum
3464 929 3598 972 sunt

2003 1021 2312 1090 ἰιιειηιιεδιθε,
2342 1018 2436 1076 sed
2469 1033 2571 1072 una
2601 1026 2654 1071 et
2677 1017 2864 1072 eadem
2902 1016 3121 1086 mqualis
3149 1013 3322 1069 Patris
3361 1012 3598 1077 Filiiquc

2003 1110 2200 1179 imago.
2233 1108 2385 1165 Unde
2409 1115 2465 1162 et
2488 1122 2521 1161 a
2544 1106 2749 1163 dextris
2786 1105 2941 1176 jubet
2975 1103 3182 1165 sedere.
3217 1111 3278 1157 ut
3321 1101 3598 1170 aequalem

2007 1201 2288 1266 honorem,
2316 1207 2372 1255 et
2399 1207 2715 1268 potestatem
2744 1212 2850 1250 non
2892 1195 3197 1250 inferiorem
3241 1194 3440 1248 discas.
3491 1192 3599 1244 lli-

2007 1292 2174 1346 nister
2192 1293 2334 1345 enim
2361 1305 2468 1344 non
2497 1288 2646 1344 sedet
2665 1328 2680 1353 ,
2707 1286 2802 1342 sed
2829 1294 3022 1341 adstat.
3052 1285 3183 1343 Nam
3218 1283 3361 1353 quod
3397 1281 3600 1336 sedere

2009 1382 2290 1437 dominicae
2343 1380 2618 1452 potestatis
2660 1379 2764 1444 sit,
2808 1377 3018 1432 adstare
3058 1376 3266 1432 servilis
3309 1383 3365 1429 et
3403 1373 3598 1440 suij

2009 1485 2110 1530 cta:
2143 1472 2493 1538 conditionis,
2524 1471 2647 1527 audi
2691 1469 2962 1541 quomodo
3000 1469 3186 1524 Daniel
3224 1467 3405 1522 dicat:
3441 1464 3600 1533 Aspi-

2010 1566 2198 1620 ciebam
2238 1565 2396 1618 donec
2422 1563 2571 1634 positi
2598 1573 2714 1618 sunt
2739 1559 2928 1624 throni,
2957 1569 3003 1614 et
3029 1559 3262 1630 antiquus
3285 1557 3492 1610 dierum
3518 1570 3603 1608 se-

2011 1655 2086 1709 dit
2113 1671 2132 1710 :
2160 1655 2322 1708 decies
2350 1653 2487 1708 mille
2510 1652 2761 1722 myriades
2783 1648 3130 1704 ministrabant
3153 1647 3219 1710 ei,
3249 1655 3294 1699 et
3321 1644 3466 1698 mille
3487 1642 3607 1695 mil-

2014 1747 2085 1800 lia
2109 1744 2400 1800 assistebant
2427 1744 2474 1798 ei
2502 1742 2662 1816 (Dan.
2693 1743 2746 1797 7.
2777 1742 2832 1798 9.
2862 1740 2975 1810 10).
3007 1739 3075 1794 Ει
3103 1741 3292 1793 iterum
3327 1735 3560 1790 Ilesa'tas
3587 1748 3608 1785 ς

2025 1835 2262 1891 Videbam
2287 1834 2563 1888 Dominum
2582 1833 2832 1888 sedentem
2855 1846 3006 1900 super
3024 1829 3258 1882 thronum
3276 1825 3540 1879 excelsum
3561 1832 3609 1875 et

2015 1927 2283 1991 eleuatum,
2316 1933 2365 1979 et
2411 1924 2686 1994 Seraphtm
2709 1920 2904 1975 stabant
2926 1919 2980 1972 in
3008 1917 3218 1972 circuitu
3245 1916 3355 1984 ejus
3386 1911 3606 1983 (ﬂesai.

2017 2019 2071 2073 6.
2106 2017 2178 2087 1).
2220 2014 2470 2070 Micltteas
2493 2021 2708 2068 autem:
2743 2009 2858 2064 Vidi
2901 2007 3174 2061 Dominum
3226 2003 3392 2057 Deum
3437 1999 3610 2052 Israel

2017 2109 2268 2164 sedentem
2289 2123 2440 2178 super
2469 2107 2702 2160 thronum
2725 2118 2892 2166 suum,
2921 2109 2966 2154 et
2994 2098 3156 2153 omnis
3190 2095 3452 2150 exercitus
3493 2091 3610 2144 cui

2017 2201 2183 2257 stabat
2209 2217 2242 2253 a
2267 2199 2455 2253 dextris
2479 2198 2586 2269 ejus
2605 2205 2652 2249 et
2671 2211 2704 2248 a
2721 2192 2939 2248 sinistris
2968 2191 3076 2261 ejus
3098 2189 3173 2258 (3.
3198 2186 3324 2256 Reg.
3356 2183 3449 2238 22.
3488 2183 3606 2252 19).

2018 2290 2182 2348 Vides
2231 2290 2426 2359 ubique
2469 2300 2727 2357 supernas
2769 2283 2990 2338 virtutes
3033 2281 3376 2340 assistentes,
3427 2277 3609 2344 ipsum

2018 2394 2195 2439 autem
2229 2379 2542 2438 sedentem?
2570 2376 2701 2432 Cum
2727 2375 2882 2446 igitur
2907 2372 3102 2428 videris
3127 2380 3179 2426 et
3202 2369 3396 2424 Filium
3419 2366 3610 2420 sedem

2019 2489 2052 2528 a
2099 2471 2301 2527 dextris
2361 2469 2684 2532 habentem,
2732 2481 2837 2520 non
2891 2462 3241 2518 ministrantis
3287 2458 3610 2528 dignitatem

2023 2563 2306 2635 quamdam
2336 2570 2508 2632 putes,
2541 2559 2635 2614 sed
2675 2555 2920 2611 habentis
2952 2551 3318 2607 auctoritatem
3365 2546 3607 2601 domini-

2024 2670 2163 2712 cam.
2193 2653 2393 2708 Idcirco
2420 2659 2474 2706 et
2502 2649 2694 2704 Paulus
2720 2661 2840 2702 cum
2870 2654 3091 2714 utraque
3116 2641 3306 2705 sciret,
3335 2637 3485 2710 quod
3515 2636 3613 2689 ad-

2025 2757 2170 2802 stare
2209 2743 2622 2799 ministrantium
2652 2741 2739 2803 sit,
2767 2738 2958 2794 sedere
3000 2742 3175 2791 autem
3224 2732 3610 2800 imperantium

2025 2843 2082 2892 et
2109 2833 2527 2905 praesidentium,
2555 2830 2676 2884 vide
2703 2825 2968 2898 quomodo
3012 2825 3128 2880 lucc
3164 2821 3475 2892 distinguat,
3526 2819 3615 2873 di-

2027 2941 2156 2984 cens
2180 2945 2192 2979 :
2216 2924 2420 2994 Angelis
2447 2921 2647 2992 quidem
2665 2920 2769 2974 suis
2791 2918 2971 2988 inquit,
2998 2915 3098 2984 Qui
3121 2913 3242 2986 facit
3262 2913 3471 2982 angelos
3485 2927 3613 2965 suos

2028 3018 2255 3086 spiritus,
2279 3023 2324 3068 et
2349 3015 2604 3066 ministros
2632 3027 2747 3065 suos
2775 3010 3032 3080 flammam
3063 3005 3228 3075 ignis;
3253 3001 3390 3056 Filio
3409 3010 3614 3064 autem,

2033 3107 2264 3163 Tha-onus
2285 3115 2398 3159 tuus
2430 3103 2639 3172 Deusgin
2666 3100 2905 3156 steculum
2928 3098 3099 3155 steculi
3129 3095 3314 3166 (Hebr.
3354 3096 3408 3148 1.
3437 3095 3495 3147 7.
3530 3093 3616 3162 8),

2033 3214 2126 3269 per
2167 3199 2415 3251 thronum
2461 3195 2659 3264 regiam
2709 3199 3027 3261 potestatem
3072 3187 3378 3256 designans.
3430 3183 3619 3252 Itaque

2031 3305 2155 3345 cum
2181 3303 2359 3344 sermo
2390 3294 2570 3341 noster
2609 3283 2827 3338 omnino
2866 3279 3098 3349 probarit
3141 3276 3260 3332 Filii
3300 3274 3617 3344 dignitatem

2035 3397 2142 3435 non
2162 3374 2789 3444 servilem,sedherilcm
2835 3387 2974 3437 esse,
3019 3369 3302 3424 adoremus
3339 3365 3518 3435 ipsum
3564 3372 3623 3418 ut

2037 3470 2322 3526 Dominum
2373 3477 2427 3522 ct
2456 3465 2599 3521 Patri
2628 3466 2830 3518 honore
2857 3460 3179 3528 coaequalcm
3211 3475 3225 3509 :
3255 3456 3333 3510 sic
3377 3455 3525 3509 enim
3569 3465 3626 3508 et

2039 3563 2154 3632 ipse
2184 3559 2436 3630 praecepit
2463 3573 2582 3611 cum
2612 3556 2765 3620 dixit,
2796 3553 2864 3610 Ut
2889 3568 3060 3606 omnes
3102 3551 3343 3603 honorent
3394 3544 3444 3597 F
3446 3545 3622 3610 ilium,

2035 3655 2164 3710 sicut
2203 3653 2452 3706 honorant
2493 3650 2698 3704 Patrem
2737 3646 2913 3718 (Joan.
2956 3645 3010 3701 5.
3053 3643 3170 3715 23).
3218 3638 3626 3708 Coniungamus

2040 3747 2166 3800 item
2186 3742 2484 3800 sinceritati
2523 3741 2828 3810 dogmatum
2867 3735 3190 3806 diligentiam
3227 3733 3348 3785 vita:
3386 3737 3446 3784 et
3483 3744 3625 3798 ope-

2040 3853 2178 3900 rum,
2208 3845 2264 3888 ut
2293 3849 2362 3888 ne
2389 3832 2703 3890 dimidiatim
2733 3845 2852 3901 qua:
2875 3828 2942 3886 ad
2969 3835 3206 3882 nostram
3237 3823 3468 3878 salutem
3490 3835 3623 3890 Spe-

2038 3934 2183 3981 ctant
2211 3931 2484 3980 curentur.

2122 4015 2324 4071 Versari
2343 4015 2394 4068 in
2432 4012 2629 4083 templis
2654 4011 2794 4065 debet
2823 4009 3022 4064 assidue
3047 4005 3380 4062 Christianus.
3409 4033 3484 4044 —
3502 4001 3627 4058 lam

2042 4109 2163 4163 vitae
2189 4107 2515 4174 diligentiam
2543 4111 2597 4158 et
2626 4102 2906 4170 puritatem
2934 4098 3066 4153 nihil
3088 4097 3164 4152 sic
3197 4094 3364 4150 efﬁcit
3400 4103 3458 4148 et
3497 4107 3630 4147 eor—

2042 4200 2184 4270 rigit.
2217 4207 2272 4252 ut
2297 4197 2546 4266 frequens
2571 4193 2655 4248 hic
2675 4201 2987 4257 conventus,
3017 4198 3072 4245 et
3103 4189 3278 4243 alacre
3302 4186 3366 4240 ad
3397 4185 3629 4238 audien-

2043 4292 2168 4346 dum
2198 4290 2418 4345 verbum
2461 4288 2555 4342 Dei
2598 4284 2855 4341 studium.
2904 4281 3055 4351 Quod
3109 4281 3249 4335 enim
3291 4277 3506 4346 corpori
3547 4285 3635 4330 est

2043 4383 2215 4447 cibus,
2267 4382 2368 4437 hoc
2411 4380 2602 4434 anima:
2643 4377 2942 4430 divinorum
2981 4371 3310 4442 eloquiorum
3353 4369 3631 4423 doctrina.

2047 4473 2170 4528 Non
2194 4472 2326 4526 enim
2353 4472 2406 4524 in
2431 4468 2542 4526 solo
2567 4484 2696 4538 pane
2713 4467 2828 4521 vivit
2853 4466 3020 4526 homo,
3043 4463 3131 4517 sed
3153 4471 3198 4516 et
3219 4461 3271 4515 in
3295 4459 3437 4512 omni
3457 4459 3635 4520 verba,

2043 4563 2178 4634 quod
2212 4561 2438 4630 procedit
2475 4559 2540 4613 de
2575 4573 2660 4612 ore
2693 4555 2790 4610 Dei
2821 4554 2995 4627 (Deut.
3031 4554 3085 4609 8.
3112 4553 3147 4612 3
3187 4550 3418 4617 ;Mattlt.
3459 4549 3515 4604 4.
3552 4550 3636 4619 ι).

2048 4654 2184 4708 Ilinc
2209 4661 2266 4708 et
2290 4651 2456 4706 fames
2485 4649 2667 4704 induci
2700 4649 2859 4713 solet,
2892 4647 2934 4700 si
2968 4645 3091 4699 huic
3118 4657 3315 4698 mensa:
3342 4656 3452 4694 non
3481 4655 3639 4694 com-

2049 4743 2367 4798 municetur.
2411 4739 2547 4794 Audi
2586 4737 2763 4808 itaque
2790 4736 2890 4791 hac
2913 4735 2980 4792 de
3007 4749 3067 4790 re
3092 4731 3549 4788 interminantcm.
3585 4740 3641 4784 ct

2048 4835 2242 4895 famem
2268 4831 2405 4885 hanc
2439 4830 2490 4884 in
2526 4829 2716 4884 ordine
2744 4825 3124 4896 suppliciorum
3149 4830 3206 4877 et
3231 4835 3515 4891 ptenarum
3553 4821 3639 4871 in-

2051 4931 2364 4978 tentantem.
2388 4918 2531 4973 Dabo
2555 4918 2685 4974 enim
2721 4917 2814 4984 eis,
2861 4913 3049 4984 inquit,
3091 4928 3193 4966 non
3231 4914 3416 4981 famem
3462 4912 3639 4980 panis,

2049 5028 2209 5082 neque
2227 5012 2362 5066 sitim
2389 5025 2555 5080 aqua,
2597 5008 2687 5064 sed
2715 5011 2901 5079 famem
2926 5003 3166 5060 audiendi
3201 5017 3487 5057 sermonem
3525 4999 3642 5055 Do-

2052 5104 2375 5174 mini(.4mos
2421 5101 2475 5156 8.
2508 5097 2622 5170 11).
2676 5095 2953 5166 Quomodo
2993 5094 3153 5166 igitur
3191 5108 3297 5147 non
3343 5091 3643 5147 absurdum

2052 5212 2152 5269 pro
2176 5195 2438 5266 corporali
2467 5194 2604 5248 fame
2628 5188 2934 5261 repellenda
2965 5189 3138 5244 lacere
3155 5194 3208 5241 et
3229 5192 3500 5241 attentare
3527 5197 3643 5236 om-

2053 5287 2163 5352 nia,
2194 5286 2387 5354 anima:
2407 5282 2822 5340 autcml‘amem
2861 5288 3052 5350 sponte
3088 5290 3346 5346 qumrere,
3389 5272 3644 5344 quamvis

2054 5377 2224 5433 multo
2253 5375 2464 5446 gravior
2490 5375 2580 5440 sit,
2609 5381 2808 5442 quanto
2837 5369 3041 5425 scilicet
3059 5367 3271 5438 gravius
3295 5375 3379 5420 est
3406 5375 3464 5420 et
3493 5364 3642 5418 dans-

2057 5470 2221 5528 num?
2248 5469 2354 5523 Oro
2378 5477 2432 5522 et
2460 5466 2722 5536 supplico,
2756 5479 2824 5518 ne
2862 5473 2970 5516 tam
3010 5459 3152 5518 male
3185 5457 3343 5514 nobis
3383 5457 3642 5511 consula-

2060 5575 2199 5625 mus,
2226 5559 2320 5618 sed
2351 5559 2659 5626 praeferatur
2687 5554 3099 5631 hiccunventtts
3121 5547 3564 5618 occupationibus
3589 5553 3642 5600 et

2059 5652 2201 5714 curis
2229 5653 2495 5710 omnibus.
2521 5646 2657 5719 Quid
2677 5647 2818 5704 enim
2836 5653 3040 5704 tantum
3067 5639 3259 5717 lucrari
3276 5649 3449 5712 potes,
3473 5652 3643 5710 quaa-
