3854 6222
239 238 346 296 7¹ῐ9

233 348 430 408 αὑτοῦ
457 348 732 420 ἐγένετος
790 342 960 415 Οὗτος
1002 351 1102 424 μὲν
1145 345 1240 406 οὖν
1289 351 1352 406 16
1383 353 1629 419 ἀνενδεές
1661 353 1824 409 αὑτοῦ

235 433 606 506 παρέστησεν,
639 434 671 484 6
699 433 996 498 δέἩσαῖας
1025 435 1187 489 πάλιν
1213 438 1341 508 περὶ
1368 436 1464 490 τοῦ
1492 437 1827 508 Μονογενοῦς

235 514 332 567 τοῦ
365 514 504 566 Θεοῦ
535 513 711 582 λέγων
739 514 885 569 οὕτω
923 515 1041 580 πώς
1079 533 1242 587 φησι·
1280 519 1390 571 Καὶ
1419 519 1823 588 θελήσουσιν,

235 600 290 650 εί
313 595 696 667 ἐγενήθησαν
713 599 1134 665 πυρίκαυστοι,
1159 599 1249 654 ὅτι
1275 599 1516 656 παιδίον
1533 603 1824 672 ἐγεννήθη

235 682 405 750 ἡμῖν,
431 680 562 747 υίὸς
580 682 679 735 καί
703 681 881 750 ἐδόθη
906 683 1070 752 ἡμῖν,
1103 685 1204 738 καὶ
1251 685 1521 740 καλεῖται
1541 686 1610 739 τὸ
1639 686 1828 756 ὄνομα

235 765 429 819 αὑτοῦ
479 763 750 835 μεγάλης
811 766 1061 834 ,βουλῆς
1113 767 1370 839 ἄγγελος
1391 809 1407 833 ,
1479 771 1826 840 θαυμαστὸς

237 849 610 918 σύμϐουλος.
665 849 774 901 Καὶ
822 851 871 902 εἰ
919 849 1598 922 θαυμαστὸς-σύμϐουλος,
1651 853 1770 918 πῶς
1798 855 1826 908 6

238 917 454 996 Παῦλός
492 949 654 1002 φησί’
701 934 796 998 Τίς
835 935 945 1002 γὰρ
1169 917 1323 989 νοῦν
1346 917 1576 1004 Κυρίου
1651 936 1686 1004 ἦ
1735 917 1827 1003 τίς

235 1017 589 1083 σύμϐουλος
643 1014 832 1068 αὑτοῦ
882 1014 1154 1084 ἐγένετος
1179 1017 1302 1070 Ὀτι
1345 1021 1373 1072 6
1432 1019 1528 1087 μὲν
1567 1018 1774 1084 Παῦλος
1806 1059 1823 1083 ,

240 1097 428 1161 καθὼς
453 1097 626 1166 ἔφθην
658 1097 850 1160 εἰπὼν,
900 1098 961 1151 16
997 1099 1245 1163 ἀνενδεὲς
1273 1100 1369 1154 τοῦ
1397 1100 1614 1172 Πατρός
1643 1119 1825 1174 παρα-

240 1180 438 1250 στῆσαι
481 1178 752 1250 βούλεται,
805 1181 834 1232 6
876 1179 934 1233 δέ
988 1183 1278 1253 προφήτης
1317 1183 1380 1234 16
1419 1184 1682 1254 ὁμότιμον
1729 1185 1824 1238 τοῦ

234 1261 597 1330 Μονογενοῦς.
624 1261 723 1314 Διά
743 1261 901 1315 τοῦτο
922 1264 1017 1317 καὶ
1035 1265 1266 1318 ἐνταῦθα
1284 1265 1384 1318 οὐκ
1405 1260 1546 1330 εἶπε,
1572 1267 1822 1338 Ποίησον,

235 1344 392 1409 ἀλλὰ,
429 1346 810 1414 Ποίησωμενο
831 1347 892 1400 16
921 1347 1053 1418 γὰρ,
1085 1351 1377 1418 Ποίησον,
1422 1352 1688 1422 ἐπιταγῆς
1708 1353 1824 1407 ἐστι

238 1429 376 1499 πρὸς
413 1428 598 1482 δοῦλον
633 1430 947 1502 γινομένης,
985 1433 1081 1486 καὶ
1109 1434 1268 1505 δῆλον
1315 1436 1583 1490 ἐντεῦθεν.
1636 1438 1813 1508 Προσ-

233 1511 366 1582 ῆλθέ
397 1527 525 1565 ποτε
548 1513 951 1584 ἑκατοντάρχης
978 1514 1055 1585 τῷ
1091 1516 1287 1587 Ἰησοῦ,
1319 1519 1411 1572 καί
1434 1535 1568 1589 φησι
1586 1535 1600 1550 ο
1623 1520 1819 1586 Κύριε,

236 1597 271 1647 ὁ
299 1594 440 1660 παῖς
448 1612 569 1662 μου
583 1595 878 1664 βέϐληται
897 1597 966 1649 ἐν
985 1595 1061 1665 τῇ
1087 1599 1245 1666 οἰκίᾳ
1272 1600 1676 1669 παραλυτικὸς
1707 1601 1824 1656 δει-

233 1676 356 1742 νῶς
380 1677 877 1747 βασανιζόμενος.
908 1678 974 1731 Τί
1000 1675 1094 1733 οὖν
1114 1681 1143 1732 6
1160 1682 1422 1751 Χριστός;
1457 1682 1604 1752 Ἐγὼ
1628 1683 1826 1740 ἐλθὼν

234 1763 589 1827 θεραπεύσω
632 1763 839 1817 αὐτόν.
902 1763 962 1817 '0
1010 1765 1108 1834 μὲν
1156 1761 1250 1819 οῦν
1281 1767 1685 1838 ἑκατοντάρχης
1721 1768 1824 1822 οὐκ

233 1845 536 1916 ἐτόλμησεν
579 1845 807 1899 ἑλκύσαι
841 1845 932 1900 16v
981 1845 1165 1918 ἰατρὸν
1213 1849 1292 1912 εἰς
1329 1849 1428 1921 τὴν
1466 1851 1677 1916 οἰκίαν,
1705 1851 1735 1902 6
1767 1850 1823 1904 δὲ

234 1927 492 1998 κηδεμὼν
524 1929 618 1982 καὶ
652 1927 1035 1998 φιλάνθρωπος
1073 1931 1516 2000 αὐτεπάγγελτος
1556 1933 1824 2004 ὑπέσχετο

237 2011 549 2081 βαδιεῖσθαι
601 2014 804 2077 ἐκεῖσε,
861 2015 947 2066 ίνα
989 2014 1244 2086 ἀφορμὴν
1289 2015 1366 2086 δῷ
1408 2019 1504 2070 καὶ
1545 2019 1824 2089 πρόφασιν

233 2095 429 2166 ἐκείνῳ
466 2096 564 2167 τὴν
595 2097 796 2167 ἀρετὴν
827 2099 962 2168 ἡμῖν
989 2097 1250 2162 ἐπιδεῖξαι.
1284 2098 1383 2170 τὴν
1417 2101 1631 2154 ἐαυτοῦ.
1653 2101 1824 2166 Εἰδὼς

233 2178 346 2246 γὰρ
374 2179 518 2250 άπερ
551 2177 774 2249 ἔμελλεν
817 2182 1023 2243 ἐκεῖνος
1056 2183 1220 2250 ἐρεῖν,
1268 2181 1536 2252 ὑπέσχετο
1575 2201 1824 2256 παραγε-

234 2259 446 2320 νέσθαι,
500 2260 587 2313 ἵνα
621 2260 799 2332 μάθῃς
838 2263 938 2333 τὴν
963 2262 1251 2317 εὐλάϐειαν
1285 2263 1439 2336 [544]
1475 2264 1571 2318 τοῦ
1599 2266 1819 2336 ἀνδρός.

240 2337 310 2394 Τί
353 2343 461 2413 γάρ
505 2361 670 2415 φησιν
725 2346 754 2397 6
807 2345 1249 2418 ἐκατοντάρχης;
1304 2347 1518 2415 Κύριε,
1564 2349 1677 2402 οὐκ
1707 2349 1823 2417 είμί

235 2425 468 2490 ἱκανὸς.
505 2427 607 2479 ἵνα
625 2444 746 2496 μου
776 2427 894 2480 ὑπὸ
918 2427 1034 2494 τὴν
1063 2430 1290 2499 στέγην
1337 2429 1638 2498 εἰσέλθῃς.
1689 2431 1824 2484 Οὐδὲ

231 2509 269 2578 η
296 2508 396 2577 τῆς
431 2507 586 2560 νόσου
621 2509 842 2579 καὶτῆς
888 2510 1202 2581 ἀρρωστίας
1249 2512 1464 2581 ἀνάγκη
1491 2513 1590 2581 τῆς
1619 2513 1824 2577 οἰκείας

232 2590 398 2642 αὑτὸν
427 2589 641 2642 ἔπεισεν
700 2591 1051 2646 ἐπιλαθέσθαι
1108 2593 1416 2657 εὐλαϐείας,
1472 2593 1607 2647 ἀλλά
1640 2596 1735 2648 καὶ
1766 2597 1822 2648 ἐν

231 2678 302 2746 τῇ
351 2676 605 2746 συμφορᾷ
643 2675 744 2744 τὴν
779 2676 1052 2748 ὑπεροχὴν
1099 2677 1435 2746 ἐπεγίνωσκε
1482 2677 1578 2731 τοῦ
1609 2679 1818 2731 Δεσπό-

231 2774 354 2811 του.
383 2759 474 2810 Διό
498 2774 682 2828 φησιν,
716 2759 866 2812 Εἰπὲ
892 2762 1075 2829 λόγῳ,
1115 2759 1217 2815 καὶ
1245 2761 1553 2826 ἰαθήσεται
1605 2764 1639 2815 ό
1681 2761 1824 2827 παῖς

232 2859 374 2911 μου.
407 2841 517 2895 Καὶ
541 2841 650 2910 γὰρ
686 2840 802 2911 ἐγὼ
827 2840 1140 2910 ἄνθρωπός
1173 2845 1292 2912 είμι
1329 2843 1487 2912 ἔχων
1516 2843 1618 2896 ὑπ’
1645 2843 1825 2914 ἐμαυ·

233 2924 349 2976 τὸν
397 2922 780 2992 στρατιώτας,
813 2924 912 2978 καὶ
965 2924 1122 2994 λέγω
1147 2926 1357 2990 τούτῳ,
1403 2925 1690 2992 Πορεύου,
1725 2925 1823 2982 καί

235 3007 570 3073 πορεύεται,
611 3007 707 3060 καί
742 3005 822 3072 τῷ
847 3005 1034 3072 ἄλλῳ,
1062 3007 1302 3076 Ἔρχου,
1329 3008 1427 3062 καὶ
1446 3007 1701 3076 ἔρχεται,
1725 3008 1826 3063 καὶ

233 3087 321 3154 τῷ
345 3088 544 3152 δούλῳ
564 3107 705 3158 μου,
732 3089 1000 3156 Ποίησον
1019 3089 1216 3152 τοῦτο,
1241 3089 1340 3143 καὶ
1367 3089 1542 3143 ποιεῖ.

319 3171 502 3243 Ὁρᾷς,
557 3171 639 3225 ὅτι
687 3171 767 3236 16,
829 3171 1083 3243 Ποίησον,
1138 3171 1400 3231 δεσπότου
1452 3173 1588 3244 πρὸς
1638 3171 1824 3228 δοῦλόν

235 3255 358 3307 ἐστι
386 3253 807 3324 διαλεγομένου;
843 3252 1056 3307 υύκοῦν
1097 3254 1180 3318 16,
1214 3254 1590 3324 Ποιήσωμεν,
1635 3257 1823 3327 ὁμοτί-

239 3353 347 3408 μου
373 3337 539 3400 τινός.
571 3335 742 3391 Ὅταν
769 3332 863 3390 οὖν
891 3335 1158 3408 δεσπότης
1171 3337 1342 3409 δούλῳ
1371 3338 1528 3410 λέγῃ,
1553 3339 1824 3408 Ποίησον

234 3419 423 3486 λέγει·
481 3419 612 3472 ὅταν
673 3419 729 3472 δὲ
805 3418 996 3490 Πατὴρ
1061 3421 1176 3491 Υἱῷ
1235 3421 1586 3492 διαλέγηται,
1649 3421 1825 3489 Ποιή-

233 3518 460 3570 σωμεν.
486 3503 552 3556 Τί
582 3498 696 3565 οὖν,
735 3503 920 3572 φησὶν,
949 3504 998 3556 εί
1029 3505 1058 3556 6
1089 3505 1190 3574 μὲν
1217 3505 1622 3576 ἑκατοντάρχης
1651 3504 1826 3570 οὕτως

237 3583 552 3648 ὑπώπτευε,
584 3585 646 3638 16
677 3584 735 3638 δὲ
777 3586 1010 3656 πρᾶγμα
1050 3585 1150 3656 οὐχ
1190 3585 1365 3650 οὕτως
1409 3581 1557 3657 εἶχε;
1602 3588 1678 3659 μὴ
1719 3587 1827 3658 γὰρ

234 3665 540 3730 ἁπόστολός
584 3669 730 3720 ἐστιν
770 3669 799 3720 6
840 3667 1284 3740 ἐκατοντάρχης;
1327 3669 1402 3740 μὴ
1433 3669 1543 3740 γάρ
1577 3669 1828 3742 μαθητής

236 3748 410 3812 ἐστιν,
435 3748 523 3802 ίνα
559 3749 724 3802 αὐτοῦ
767 3749 1007 3820 δέξωμαι
1051 3751 1121 3802 τὰ
1177 3753 1432 3822 ῥήματα;
1463 3752 1624 3816 Εἰκὸς
1662 3752 1826 3804 αὑτὸν

237 3830 530 3898 ἐσφάλθαι,
558 3831 711 3902 φησί.
736 3831 931 3895 Καλῶς
948 3847 963 3861 ⁸
990 3831 1045 3885 τί
1070 3827 1197 3899 οῦν;
1230 3832 1456 3904 ’Ίδωμεν
1476 3829 1572 3887 οὖν
1589 3834 1650 3886 τὸ
1677 3833 1821 3902 ἑξῆς.

237 3909 392 3985 Ἀρα
435 3912 746 3984 διώρθωσεν
777 3915 938 3968 αὐτὸν
977 3917 1007 3968 6
1038 3916 1311 3986 Χριστός;
1341 3913 1452 3988 ἆρα
1496 3917 1826 3987 ἐπετίμησεν

240 3997 322 4059 ὡς
349 3996 700 4068 σφαλλομένῳ
732 3998 825 4051 καὶ
857 3998 1225 4070 διεφθαρμένα
1255 4001 1527 4069 εἰσάγοντι
1551 4001 1825 4070 δόγματας

243 4076 357 4148 ἆρα
385 4074 506 4133 εἰπε
555 4079 692 4149 πρὸς
729 4081 925 4134 αὐτόν’
978 4082 1043 4135 Τί
1085 4081 1246 4136 τοῦτο
1286 4085 1482 4149 ποιεῖς,
1534 4082 1825 4154 ἀνθρωπε;

245 4160 472 4232 μείζονα
502 4163 628 4235 περὶ
671 4163 805 4234 ἐμοῦ
833 4163 990 4228 δόξαν
1019 4163 1185 4235 ἔχεις,
1219 4164 1254 4236 ἢ
1293 4166 1571 4238 προσῆκε·
1609 4164 1832 4218 πλείονά.

247 4262 343 4318 μοι
375 4243 575 4318 χαρίζῃ
607 4244 715 4298 τῶν
747 4246 1112 4319 ὀφειλομένων
1143 4248 1299 4319 ἐμοί·
1352 4247 1411 4315 ἐξ
1442 4248 1730 4312 αὑθεντίας
1762 4264 1833 4318 με

243 4327 488 4398 νομίζεις
513 4329 821 4383 ἐπιτάττειν
843 4330 944 4382 οὐκ
964 4329 1159 4400 ἔχοντα
1185 4331 1494 4386 αύθεντίαν.
1535 4327 1687 4404 τΔρα
1707 4329 1832 4384 εἰπέ

242 4427 299 4465 τι
348 4409 623 4477 τοιοῦτον;
673 4411 970 4482 Οὐδαμῶς·
1027 4414 1164 4468 ἀλλά
1195 4416 1290 4468 καὶ
1335 4413 1612 4486 ἐκύρωσεν
1663 4414 1830 4469 αὐτοῦ

242 4495 349 4563 τὴν
393 4493 641 4564 γνώμην,
692 4495 788 4546 καὶ
840 4495 977 4566 πρὸς
1029 4496 1157 4561 τοὺς
1204 4497 1635 4559 ἀκολουθοῦντας
1685 4493 1830 4561 εἷπε,

259 4575 451 4645 Ἀμὴν
483 4575 638 4644 λέγω
668 4575 831 4645 ὑμῖν,
868 4577 1012 4631 οὐδὲ
1036 4578 1108 4632 ἐν
1135 4579 1216 4646 τῷ
1259 4579 1499 4648 Ἰσραὴλ
1527 4581 1834 4648 τοσαύτην

243 4659 459 4714 πίστιν
487 4653 688 4726 εὗρον.
735 4658 794 4711 '0
826 4659 1008 4713 τοίνυν
1035 4660 1255 4725 ἔπαινος
1299 4663 1394 4716 τοῦ
1425 4665 1696 4722 Δεσπότου
1736 4663 1836 4716 κύ⁶

247 4757 419 4814 ρωσις
448 4739 658 4809 γίνεται
686 4739 794 4794 τῶν
826 4742 1087 4813 ῥημάτων
1124 4744 1220 4797 τοῦ
1257 4745 1676 4817 ἑκατοντάρχου.
1719 4746 1835 4800 Οὐκ

245 4824 334 4877 ἐτι
365 4823 474 4894 γὰρ
514 4822 609 4876 τοῦ
641 4824 1039 4894 ἑκατοντάρχου
1070 4827 1188 4879 ἐστὶ
1225 4827 1294 4880 τά
1327 4829 1546 4898 ῥήματα
1574 4827 1643 4882 τά
1680 4830 1832 4900 εἰρη-

250 4907 414 4978 μένα,
440 4905 556 4961 ἀλλ’
587 4906 862 4975 ἀπόφασίς
889 4910 1010 4963 ἐστι
1031 4909 1358 4980 δεσποτική·
1388 4912 1516 4964 ὅταν
1539 4912 1649 4982 γὰρ
1673 4913 1835 4976 αὐτὸς

246 4990 514 5061 ἐπαινέσῃ
537 4990 606 5043 τά
627 4989 909 5060 λεχθέντα,
939 4991 1036 5044 καὶ
1062 4992 1368 5064 ψηφίσηται
1399 4995 1583 5060 αὐτοῖς
1626 4995 1703 5059 ὡς
1737 5013 1836 5048 κα-

246 5072 360 5136 λῶς
389 5072 720 5143 είρημένοις.
754 5071 832 5136 ὡς
863 5072 1008 5127 θεῖον
1034 5076 1176 5129 αὑτά
1206 5077 1430 5148 δέχομαι
1463 5079 1730 5149 χρησμόν.
1762 5077 1838 5131 Τὸ

245 5156 364 5226 γαρ
401 5153 567 5225 κῦρος
597 5154 805 5208 ἀνωθεν
834 5155 1026 5210 ἐλαϐεν
1070 5160 1134 5212 ἐκ
1160 5160 1262 5231 τῆς
1297 5160 1395 5214 τοῦ
1428 5161 1665 5233 Χριστοῦ
1696 5162 1835 5216 ἀπο-

247 5238 488 5310 κρίσεως
519 5250 569 5293 ι.

323 5327 395 5389 γ’.
430 5320 596 5391 Ὁρᾷς
629 5317 748 5382 πῶς
774 5321 1062 5392 σύμφωνος
1088 5328 1122 5396 ἡ
1153 5327 1332 5399 Καινὴ
1357 5330 1425 5399 τῇ
1450 5327 1693 5400 Παλαιᾷ;
1720 5328 1838 5392 πῶς

248 5403 496 5473 ἐκατέρα
515 5402 614 5474 τὴν
637 5401 923 5458 αὐθεντίαν
949 5406 1316 5464 ἐπιδείκνυται
1341 5412 1434 5464 τοῦ
1469 5411 1704 5482 Χριστοῦ
1727 5430 1741 5478 ;
1772 5411 1838 5464 Τί

245 5483 370 5553 οὖν,
399 5488 450 5540 εί
493 5488 667 5542 ἐποίει
713 5487 814 5556 μὲν
857 5489 949 5543 τὸν
989 5489 1299 5562 ἄνθρωπον,
1339 5493 1416 5557 ώς
1466 5493 1737 5566 ὑπουργὸς
1781 5494 1839 5548 δὲ

318 5647 350 5677 ⁸
368 5647 520 5719 Sp“.
545 5647 635 5719 τοῦ
660 5651 1096 5719 Κυρίουριρ-ίσεωςι
1119 5658 1281 5719 _atque_
1316 5656 1382 5705 ita
1409 5655 1536 5719 legit
1567 5658 1834 5719 ingerpres.

251 5707 298 5783 ξι
324 5709 431 5783 δῖνοι.
457 5715 510 5783 ει
528 5711 626 5758 duo
647 5707 762 5783 [ηεξ.
787 5707 1101 5783 τοῦ-Χριστοῦ
1111 5707 1424 5778 ἀποκρίσεως,
1438 5707 1536 5768 (ἰῖιο
1555 5715 1641 5767 τοῦ
1657 5707 1836 5783 κυρίου

251 5767 432 5828 ἀποκρ,
451 5782 578 5820 unus
609 5771 694 5819 τοῦ
719 5772 846 5821 Θεοῦ
865 5767 1038 5836 ἀποκρ.

1461 238 1737 296 CONTRA
1777 243 2156 304 ANOMCEOS.
2193 246 2232 303 Χ
2245 273 2284 305 ι.

3409 248 3522 307 8(0

1925 353 2138 428 ἐποίεις
2200 359 2410 414 Οὐκοῦν
2457 357 2688 433 ἀκαίρου
2739 361 3088 431 φιλονεικίας.
3147 358 3331 416 Εἰπὼν
3383 363 3516 435 γὰρ,

1909 441 2281 512 ’Ποιήσωμεν
2308 443 2415 496 τὸν
2443 443 2782 511 ἄνθρωπον,
2819 445 2920 497 οὐκ
2948 445 3219 514 ἐπήγαγε,
3247 445 3388 496 κατά
3415 446 3516 516 τὴν

1927 524 2110 578 εἰκόνα
2139 525 2239 596 τὴν
2279 526 2378 598 σὴν
2415 527 2515 597 τὴν
2557 526 2785 590 ἐλάττω,
2831 526 2974 590 οὐδὲ,
3010 526 3150 579 κατά
3185 526 3284 596 τὴν
3332 528 3517 581 εἰκόνα

1925 605 2023 677 τὴν
2053 609 2191 678 ἐμὴν
2218 608 2317 680 τὴν
2367 610 2560 680 μείζω,
2593 610 2729 663 ἀλλά
2761 609 2815 662 τί
2834 626 2849 674 ;
2897 609 3039 662 Κατ’
3067 612 3273 663 εἰκόνα
3306 610 3514 677 ἡμετέ-

1917 707 2058 757 ραν,
2111 693 2211 746 καὶ
2260 695 2388 746 καθ’
2423 693 2732 763 ὁμοίωσιν,
2778 692 2855 762 τῷ
2896 691 3067 756 οὑτως
3096 694 3272 745 εἰπεῖν
3299 691 3516 756 δεικνὺς

1928 773 2139 846 Πατρδς
2166 777 2260 829 καὶ
2302 776 2434 828 Υίοῦ
2483 777 2610 846 μίαν
2649 771 2815 830 οὖσαν
2858 775 3071 829 ebcde
3105 776 3165 827 ού
3208 775 3319 845 γὰρ
3363 771 3515 828 εἶπεν

1928 859 2163 923 εἰκόνας,
2209 859 2324 913 ἀλλ’
2349 861 2573 914 Εἰκόνα
2611 859 2942 929 ἡμετέραν·
2985 859 3046 912 οὐ
3083 858 3191 929 γὰρ
3232 858 3324 910 δύο
3374 863 3515 919 τινες

1926 939 2225 1007 ἀνώμαλοι,
2256 941 2392 995 ἀλλά
2440 942 2536 1011 μία
2568 943 2662 996 καὶ
2695 941 2832 1012 αῦτη
2866 942 2952 1012 ίση
3001 941 3133 993 Υίοῦ
3179 939 3273 993 καὶ
3301 940 3516 1010 Πατρὸς

1927 1023 1962 1093 ὴ
1995 1023 2178 1076 εἰκών.
2214 1022 2314 1076 Διά
2336 1023 2499 1076 τοῦτο
2544 1025 2638 1076 καὶ
2663 1026 2727 1076 ἐκ
2755 1023 2944 1087 δεξιῶν
2971 1023 3188 1092 λέγεται
3223 1021 3512 1092 καθῆσθαι,

1929 1105 2014 1158 ἵνα
2040 1105 2102 1158 16
2146 1106 2407 1178 ὁμότιμον
2451 1107 2546 1160 καὶ
2577 1107 2678 1176 τῆς
2708 1107 2954 1170 ἐξουσίας
2995 1107 3054 1158 16
3098 1105 3513 1175 ἀπαράλλακτον

1931 1187 2146 1258 μάθῃς·
2199 1189 2472 1260 ὑπουργὸς
2515 1188 2624 1259 γὰρ
2669 1191 2730 1242 οὐ
2781 1188 3144 1257 συγκάθηται,
3196 1189 3330 1241 ἀλλά
3372 1206 3513 1258 παρ-

1926 1269 2146 1342 έστηκε.
2196 1272 2306 1324 Καὶ
2333 1273 2413 1326 ὃτι
2449 1273 2510 1325 16
2541 1273 2638 1342 μὲν
2683 1271 2956 1340 καθῆσθαι
3004 1271 3064 1322 τὸ
3112 1271 3373 1340 ὁμότιμον
3421 1273 3514 1323 καὶ

1926 1351 2345 1424 ἀπαράλλακτον
2369 1355 2468 1424 τῆς
2494 1353 2820 1424 δεσπωικῆς
2848 1356 2994 1406 ἐστιν
3021 1352 3286 1416 ἐξουσίας,
3315 1353 3376 1405 16
3407 1353 3463 1406 δὲ
3486 1353 3512 1390 b

1918 1436 2264 1506 ’παρεστάναι
2295 1435 2549 1506 δουλικῆς
2589 1437 2684 1490 καὶ
2716 1435 3184 1506 ὑποτεταγμένης,
3211 1436 3441 1489 ἄκουσον
3462 1435 3513 1486 τί

1927 1535 2094 1590 φησιν
2132 1521 2160 1571 6
2189 1519 2390 1590 Δανιὴλ
2411 1535 2425 1549 ·
2475 1518 2804 1586 Ἐθεώρουν
2839 1518 2950 1584 ἕως
2975 1515 3046 1573 οὗ
3079 1519 3279 1586 θρόνοι
3311 1518 3512 1586 ἐτέθη-

1925 1607 2068 1666 σαν,
2098 1601 2197 1654 καί
2228 1604 2261 1655 ό
2284 1600 2552 1668 Παλαιὸς
2580 1600 2698 1654 τῶν
2724 1599 2964 1670 ἡμερῶν
2994 1601 3269 1668 ἐκάθητο.
3298 1602 3514 1668 Μύριιιι

1919 1683 2210 1752 μυριάδες
2233 1684 2657 1754 ἐλειτούργουν
2682 1683 2866 1749 αὐτῷ,
2899 1683 2997 1737 καὶ
3025 1684 3214 1752 χίλιαι
3243 1682 3513 1750 χιλιάδες

1925 1767 2440 1835 παρειστήκεισαν
2467 1765 2648 1833 αὐτῷ.
2681 1767 2791 1821 Καὶ
2820 1766 2982 1820 πάλιν
3029 1769 3058 1820 6
3111 1767 3338 1829 Ἡσαΐας
3363 1783 3377 1796 ·
3423 1762 3514 1819 ΕΙ-

1925 1849 2035 1903 δον
2081 1850 2188 1903 τὸν
2233 1851 2454 1918 Κύριον
2496 1849 2835 1920 καθήμενον
2883 1849 2982 1902 ἐπὶ
3015 1849 3231 1918 θρόνου
3266 1848 3512 1917 ὑψηλοῦ

1924 1932 2023 1986 καί
2056 1933 2416 2001 ἐπηρμένου,
2446 1932 2637 1986 καὶτὰ
2659 1932 2919 2002 σεροφίμ
2948 1933 3338 1999 είστήκεισαν
3357 1930 3511 2003 [545]

1924 2016 2128 2080 κύκλῳ
2151 2016 2359 2070 αὐτοῦ.
2391 2016 2502 2069 Καὶ
2525 2017 2554 2068 6
2580 2016 2820 2086 Μιχαίας
2848 2017 2925 2078 δὲ,
2949 2011 3128 2068 Εἶδον
3156 2013 3264 2067 τὸν
3293 2015 3515 2082 Κύριον

1926 2096 2034 2150 τὸν
2060 2097 2211 2150 Θεὸν
2241 2096 2348 2151 τοῦ
2391 2096 2631 2165 Ἰσραὴλ
2659 2097 3000 2166 καθήμενον
3035 2097 3135 2150 ἐπὶ
3163 2097 3380 2165 θρόνου
3409 2098 3515 2150 αὐ-

1924 2177 2054 2242 τοῦ,
2078 2179 2178 2232 καί
2199 2178 2370 2233 πᾶσα
2402 2179 2441 2245 ή
2466 2180 2718 2248 στρατιὰ
2747 2180 2851 2234 τοῦ
2876 2179 3138 2248 οὐρανοῦ
3159 2178 3422 2245 εἱστήκει
3443 2178 3512 2232 ἐκ

1924 2259 2142 2326 δεξιῶν
2165 2261 2352 2315 αὑτοῦ
2381 2262 2479 2315 καὶ
2505 2263 2574 2326 ἐξ
2599 2263 2930 2331 ἀριστερῶν
2949 2262 3158 2317 αὑτοῦ.
3193 2263 3356 2334 Ὁρᾷς
3378 2277 3516 2316 παν-

1917 2343 2092 2413 ’ταχοῦ
2142 2342 2241 2404 τάς
2275 2343 2374 2415 μὲν
2420 2345 2533 2398 ἄνω
2572 2345 2830 2415 δυνάμεις
2865 2344 3299 2416 παρεστηκυίας,
3349 2343 3517 2397 αὐτὸν

1923 2425 1980 2477 δὲ
2010 2425 2340 2496 καθήμενον.
2376 2426 2544 2479 ὐταν
2585 2423 2679 2480 οὖν
2723 2427 2840 2498 ἴδῃς
2885 2429 2980 2481 καὶ
3025 2429 3116 2480 τὸν
3159 2426 3288 2480 Υἱὸν
3316 2426 3414 2498 τὴν
3448 2428 3516 2480 ἐκ

1925 2509 2114 2573 δεξιῶν
2154 2509 2346 2579 ἔχοντα
2379 2509 2673 2581 καθέδραν,
2726 2513 2800 2581 μὴ
2850 2511 2951 2581 τῆς
3000 2510 3376 2581 λειτουργικῆς
3420 2511 3516 2564 καὶ

1926 2594 2266 2663 ὑπουργικῆς
2319 2591 2485 2646 αὑτὸν
2538 2592 2676 2646 εἶναι
2727 2593 2957 2666 νομίσῃς
3003 2593 3181 2657 ἀξίας,
3231 2592 3367 2645 ἀλλά
3412 2591 3515 2660 τῆς

1924 2675 2253 2746 δεσποτικῆς
2290 2676 2382 2728 καὶ
2431 2675 2723 2729 αὑθεντίαν
2771 2675 3025 2746 ἐχούσης.
3079 2675 3180 2729 Διά
3224 2675 3382 2728 τοῦτο
3419 2676 3515 2729 καὶ

1925 2758 2138 2822 Παῦλος
2165 2757 2451 2830 ἀμφότερα
2483 2758 2660 2812 ταῦτα
2695 2757 2871 2822 εἰδὼς,
2907 2759 2988 2811 ὅτι
3023 2759 3083 2812 16
3113 2754 3212 2830 μέν
3239 2759 3516 2828 παρεστά-

1925 2859 2015 2896 ναι
2046 2841 2506 2914 λειτουργούντων
2557 2841 2694 2904 ἐστὶ,
2727 2841 2789 2894 16
2825 2841 2884 2895 δὲ
2925 2841 3196 2912 καθῆσθαι
3247 2841 3357 2894 τῶν
3392 2844 3514 2894 ἐπι-

1926 2924 2234 2978 ταττόντων
2281 2925 2378 2977 καὶ
2423 2923 2894 2996 προσταττόντων,
2927 2925 3029 2996 δρα
3071 2924 3188 2987 πῶς
3222 2923 3515 2994 ἀμφότερα.

1925 3007 2099 3060 ταῦτα
2119 3008 2323 3080 διαιρεῖ
2339 3008 2516 3076 λέγων
2537 3005 2678 3060 οῦτω
2698 3025 2710 3037 ·
2734 3007 2891 3076 Πρὸς
2904 3007 3023 3077 μὲν
3049 3007 3193 3074 τοὺς
3221 3007 3515 3076 ἀγγέλους

1925 3089 2116 3145 αὐτοῦ
2158 3105 2379 3161 φησιν’
2441 3091 2505 3144 ⁸0
2561 3089 2750 3143 ποιῶν
2795 3089 2939 3156 τοὺς
2983 3089 3278 3160 ἀγγέλους
3328 3088 3518 3143 αὐτοῦ

1926 3174 2258 3242 πνεύματα,
2316 3173 2429 3227 καί·
2465 3174 2612 3240 τοὺς
2656 3172 3045 3242 λειτουργοὺς
3087 3172 3276 3226 αὑτοῦ
3325 3169 3516 3238 πιφός

1926 3255 2124 3325 φλόγα
2145 3273 2159 3286 ·
2181 3256 2333 3324 πρὸς
2353 3256 2421 3310 δὲ
2449 3259 2556 3310 τὸν
2596 3257 2735 3309 Υίόν
2751 3270 2768 3287 ⁶
2809 3256 2863 3308 '0
2883 3257 3097 3323 θρόνος
3128 3269 3266 3320 σου,
3297 3258 3330 3308 o'
3345 3253 3517 3320 Θεὸς,

1926 3341 2016 3404 εις
2055 3338 2165 3393 τὸν
2213 3338 2401 3392 αίῶνα
2453 3339 2561 3394 τοῦ
2601 3338 2854 3405 αίῶνοςο
2895 3337 2986 3392 διά
3029 3336 3124 3390 τοῦ
3175 3336 3366 3406 θρόνου
3415 3336 3520 3406 τὴν

1929 3419 2214 3494 βασιλικὴν
2234 3423 2367 3493 ἡμῖν
2393 3421 2641 3487 ἐξουσίαν
2657 3421 2856 3494 δηλῶν.
2888 3421 3044 3475 Ἐπεὶ
3073 3415 3167 3474 οὖν
3186 3419 3275 3473 διά
3297 3419 3516 3473 πάντων

1925 3505 1956 3556 6
1999 3502 2156 3572 λόγος
2206 3507 2340 3576 ἡμῖν
2387 3506 2594 3558 τούτων
2645 3503 2929 3569 ἀπέδειξεν
2973 3503 3095 3574 οὐχὶ
3139 3500 3517 3571 λειτουργικῆς

1926 3587 2056 3640 ὅντα
2077 3587 2232 3652 ἀξίας
2252 3588 2342 3643 τὸν
2373 3588 2524 3651 Υἰὸν,
2548 3587 2685 3642 ἀλλά
2718 3589 2817 3659 τῆς
2846 3586 3196 3656 δεσποτικῆς,
3219 3585 3294 3648 ώς
3314 3585 3518 3638 Δεσπό-

1926 3685 2047 3740 την,
2081 3669 2242 3724 αὑτὸν
2284 3670 2683 3742 προσκυνῶμεν
2736 3671 2833 3723 καὶ
2878 3671 3140 3741 ὁμότιμον
3176 3667 3254 3738 τῷ
3303 3665 3512 3737 Πατρί’

1927 3751 2070 3803 οὕτω
2100 3753 2207 3821 γὰρ
2236 3753 2332 3806 καὶ
2361 3753 2525 3817 αὐτὸς
2559 3752 2848 3806 ἐκέλευσεν
2893 3750 3086 3817 εἰπὼν,
3120 3752 3254 3805 Ἵνα
3293 3749 3517 3815 πάντες

1929 3832 2141 3902 τιμῶσι
2174 3834 2282 3888 τὸν
2323 3836 2482 3897 Υίὸν,
2509 3833 2701 3900 καθὼς
2732 3834 2945 3903 τιμῶσι
2981 3833 3089 3888 τὸν
3120 3833 3382 3900 Πατέρα·
3420 3831 3518 3886 καὶ

1930 3917 2030 3984 τὴν
2072 3914 2158 3968 διά
2196 3915 2296 3984 τῆς
2326 3916 2602 3979 πολιτείας
2635 3916 2731 3970 καὶ⁷
2759 3916 2870 3969 τῶν
2901 3915 3080 3986 ἐργων
3118 3913 3405 3986 ἀκρίϐειαν
3441 3915 3516 3986 τῇ

1929 3999 2038 4052 τῶν
2089 3997 2376 4068 δογμάτων
2426 3997 2681 4070 ὀρθότητι
2731 3996 3124 4069 συνάπτωμεν,
3177 3997 3266 4050 ἵνα
3329 3996 3406 4068 μὴ
3455 3995 3517 4060 ἐξ

1931 4081 2189 4154 ἡμισείας
2227 4082 2359 4152 ἡμῖν
2389 4082 2455 4134 τὰ
2480 4081 2579 4151 τῆς
2615 4080 2891 4151 σωτηρίας

2005 4163 2289 4226 Πολιτείας
2310 4161 2366 4216 δέ
2392 4161 2683 4234 ἀκρίϐειαν
2711 4163 2805 4216 καὶ
2837 4163 2954 4234 βίου
2985 4160 3336 4234 καθαρότητα
3362 4159 3518 4216 οὐδὲν

1930 4245 2074 4300 οὕτω
2097 4245 2321 4300 δύναται
2353 4245 2676 4317 κατορθοῦν,
2706 4245 2782 4309 ὡς
2809 4247 2843 4317 ή
2879 4245 3112 4317 συνεχὴς
3139 4245 3380 4300 ἐνταῦθα
3400 4244 3520 4298 διασ-

1931 4328 2097 4402 τριὸὴ
2141 4329 2236 4383 καὶ
2265 4331 2298 4400 ἠ
2337 4329 2476 4400 μετά
2510 4328 2823 4400 προθυμίας
2857 4329 3140 4400 ἀκρόασις.
3195 4329 3374 4399 Ὅπερ
3405 4327 3522 4399 γάρ

1931 4414 2081 4466 ἐστιν
2119 4414 2211 4465 ἐπὶ
2241 4412 2338 4466 τοῦ
2379 4409 2630 4482 σώματος
2665 4414 2700 4482 ἡ
2731 4413 2927 4484 τροφὴ,
2969 4410 3128 4466 τοῦτο
3154 4413 3248 4466 ἐπὶ
3283 4412 3383 4483 τῆς
3409 4411 3518 4480 ψυ-

1933 4494 2035 4567 χῆς
2069 4498 2104 4566 ή
2158 4495 2269 4548 τῶν
2307 4495 2466 4548 θείων
2507 4493 2705 4562 λογίων
2741 4493 3084 4548 διδασκαλία.
3136 4495 3220 4549 Οὐ
3271 4495 3382 4564 γὰρ
3422 4494 3518 4547 ἐπ’

1934 4578 2092 4647 ἄρτῳ
2130 4579 2296 4648 μόνῳ
2346 4575 2586 4644 ζήσεται
2634 4575 2968 4644 ἄνθρωπος,
3001 4577 3188 4648 φησὶν,
3241 4577 3380 4632 ἀλλ’
3417 4575 3519 4645 ἐπὶ

1935 4661 2114 4716 παντί
2143 4661 2360 4730 ῥήματι
2395 4659 2849 4728 ἐκπορευομένῳ
2891 4658 2988 4713 διὰ
3016 4661 3314 4730 στόματος
3346 4659 3516 4713 Θεοῦ.

1933 4743 2034 4798 Διά
2065 4743 2226 4797 τοῦτο
2251 4743 2347 4797 καὶ
2371 4742 2529 4812 λιμὸν
2553 4738 2692 4795 οἶδεν
2714 4731 3040 4812 ἐργάζεσθά
3065 4742 3125 4796 16
3163 4745 3238 4815 μὴ
3269 4743 3525 4815 μετέχειν

1933 4826 2188 4896 τοιαύτης
2231 4823 2532 4896 τραπέζης.
2572 4825 2838 4878 Ἄκουσον
2883 4825 3015 4893 γοῦν
3043 4825 3138 4878 τοῦ
3183 4825 3319 4879 Θεοῦ
3361 4819 3522 4880 τοῦτο

1936 4907 2307 4972 ἀπειλοῦντος,
2341 4907 2436 4960 καὶ
2482 4909 2540 4960 ἐν
2569 4905 2723 4971 τάξει
2770 4906 3045 4972 κολάσεως
3097 4909 3193 4963 καὶ
3247 4909 3522 4980 τιμωρίας

1937 4991 2422 5060 ἐπανατεινομένου
2442 5003 2456 5018 '
2500 4988 2679 5042 Δώσω
2709 4989 2822 5058 γὰρ
2849 4990 3078 5057 αὐτοῖς,
3107 4990 3296 5064 φησὶν,
3327 4995 3400 5046 οὐ
3431 4995 3522 5046 λι-

1932 5074 2054 5144 μὸν
2083 5073 2286 5142 ἄρτου,
2321 5069 2464 5126 οὐδὲ
2503 5071 2694 5140 δίψαν
2721 5070 2964 5139 ὕδατος,
2995 5074 3160 5129 ἀλλὰ
3199 5074 3382 5144 λιμὸν
3412 5075 3523 5128 τοῦ

1937 5155 2197 5222 ἀκοῦσαι
2237 5155 2424 5222 λόγον
2454 5155 2697 5221 Κυρίου.
2742 5154 2867 5218 Πῶς
2895 5151 2989 5210 οὖν
3019 5158 3118 5210 οὐκ
3149 5157 3349 5211 ἄτοπον
3380 5156 3526 5223 ὑπὲρ

1942 5239 2043 5310 μὲν
2081 5236 2172 5291 τοῦ
2205 5236 2299 5289 τὸν
2322 5241 2636 5306 σωματικὸν
2665 5235 2822 5307 λιμὸν
2850 5237 3298 5309 ἀποκρούσασθαι
3346 5239 3525 5290 πάντα

1940 5323 2113 5374 ποιεῖν
2143 5319 2238 5373 καὶ
2266 5319 2775 5389 πραγματεύεσθαι,
2810 5320 2902 5374 τὸν
2932 5320 2991 5374 δέ
3019 5321 3120 5391 τῆς
3159 5319 3338 5390 ψυχῆς
3370 5319 3525 5372 ἐκόν-

1937 5420 2038 5467 τας
2081 5399 2442 5465 ἐπισπᾶσθαι,
2493 5401 2671 5455 καίτοι
2719 5400 2898 5472 πολλῷ
2948 5400 3328 5472 χαλεπώτερον
3371 5401 3526 5465 ὄντα,

1937 5486 2048 5556 ὅσῳ
2090 5485 2187 5538 καί
2218 5483 2348 5554 περὶ
2397 5483 2658 5554 μειζόνων
2706 5485 2742 5554 ἡ
2777 5483 2988 5556 ζημίας
3042 5485 3158 5554 Μὴ,
3207 5483 3397 5554 δέομαι
3429 5484 3525 5537 καὶ

1939 5564 2222 5628 ἀντιϐολῶ,
2265 5566 2342 5636 μὴ
2377 5565 2565 5629 κακῶς
2601 5564 2744 5620 οὕτω
2784 5565 2915 5636 περὶ
2962 5566 3173 5620 ἐαυτῶν
3224 5563 3524 5638 βουλευσώ-

1945 5650 2108 5723 μεθα,
2145 5648 2280 5704 ἀλλὰ
2305 5647 2484 5719 πάσης
2510 5648 2768 5720 ἀσχολίας
2793 5649 2890 5704 καὶ
2920 5648 3203 5720 φροντίδος
3229 5651 3264 5721 ἡ
3289 5648 3527 5706 ἐνταῦθα

2005 5779 2038 5820 b
2057 5778 2160 5830 Alii
2189 5777 2439 5838 καθῆσθαι,
2459 5774 2743 5848 δισποτικῆς
2764 5775 2996 5837 ἐξαισίοις,
3028 5776 3084 5824 τὸ
3103 5775 3170 5825 δέ.
