  <div class='ocr_page' id='page_1' title='image "/cluster/home/n/w/nwhite01/storage/ocr_20150623/48/nnc1.0046978267/282.png"; bbox 0 0 3854 6222; ppageno 0'>
   <div class='ocr_carea' id='block_1_1' title="bbox 221 145 321 202">
    <p class='ocr_par' dir='ltr' id='par_1_1' title="bbox 221 145 321 202">
     <span class='ocr_line' id='line_1_1' title="bbox 221 145 321 202; baseline 0 0"><span class='ocrx_word' id='word_1_1' title='bbox 221 145 321 202; x_wconf 74' lang='lat'><strong>80!</strong></span> 
     </span>
    </p>
   </div>
   <div class='ocr_carea' id='block_1_2' title="bbox 223 255 1794 327">
    <p class='ocr_par' dir='ltr' id='par_1_2' title="bbox 223 255 1794 327">
     <span class='ocr_line' id='line_1_2' title="bbox 223 255 1794 327; baseline 0 -16"><span class='ocrx_word' id='word_1_2' title='bbox 223 270 334 311; x_wconf 88' lang='lat' dir='ltr'><strong>tum</strong></span> <span class='ocrx_word' id='word_1_3' title='bbox 359 255 538 310; x_wconf 87' lang='lat' dir='ltr'><strong>damni</strong></span> <span class='ocrx_word' id='word_1_4' title='bbox 566 255 694 311; x_wconf 89' lang='lat' dir='ltr'><strong>facis</strong></span> <span class='ocrx_word' id='word_1_5' title='bbox 715 264 769 312; x_wconf 89' lang='lat' dir='ltr'><strong>et</strong></span> <span class='ocrx_word' id='word_1_6' title='bbox 793 255 885 311; x_wconf 91' lang='lat' dir='ltr'><strong>tibi</strong></span> <span class='ocrx_word' id='word_1_7' title='bbox 913 257 1034 327; x_wconf 83' lang='lat' dir='ltr'><strong>ipsi,</strong></span> <span class='ocrx_word' id='word_1_8' title='bbox 1063 267 1118 313; x_wconf 90' lang='lat' dir='ltr'><strong>et</strong></span> <span class='ocrx_word' id='word_1_9' title='bbox 1147 259 1239 311; x_wconf 90' lang='lat' dir='ltr'><strong>toti</strong></span> <span class='ocrx_word' id='word_1_10' title='bbox 1259 257 1460 321; x_wconf 92' lang='lat' dir='ltr'><strong>domui,</strong></span> <span class='ocrx_word' id='word_1_11' title='bbox 1492 257 1535 311; x_wconf 89' lang='lat' dir='ltr'><strong>si</strong></span> <span class='ocrx_word' id='word_1_12' title='bbox 1564 271 1794 312; x_wconf 67' lang='lat' dir='ltr'><strong>conveno</strong></span> 
     </span>
    </p>
   </div>
   <div class='ocr_carea' id='block_1_3' title="bbox 225 346 1794 417">
    <p class='ocr_par' dir='ltr' id='par_1_3' title="bbox 225 346 1794 417">
     <span class='ocr_line' id='line_1_3' title="bbox 225 346 1794 417; baseline 0.002 -18"><span class='ocrx_word' id='word_1_13' title='bbox 225 355 416 400; x_wconf 89' lang='lat' dir='ltr'><strong>tumet</strong></span> <span class='ocrx_word' id='word_1_14' title='bbox 455 347 694 417; x_wconf 80' lang='lat' dir='ltr'><strong>synaxim</strong></span> <span class='ocrx_word' id='word_1_15' title='bbox 740 347 1033 416; x_wconf 79' lang='lat' dir='ltr'><strong>relinquis?</strong></span> <span class='ocrx_word' id='word_1_16' title='bbox 1065 346 1314 412; x_wconf 85' lang='lat' dir='ltr'><strong>Quamvis</strong></span> <span class='ocrx_word' id='word_1_17' title='bbox 1349 348 1490 402; x_wconf 89' lang='lat' dir='ltr'><strong>enim</strong></span> <span class='ocrx_word' id='word_1_18' title='bbox 1531 347 1794 416; x_wconf 88' lang='lat' dir='ltr'><strong>integrum</strong></span> 
     </span>
    </p>
   </div>
   <div class='ocr_carea' id='block_1_4' title="bbox 225 436 1795 506">
    <p class='ocr_par' dir='ltr' id='par_1_4' title="bbox 225 436 1795 506">
     <span class='ocr_line' id='line_1_4' title="bbox 225 436 1795 506; baseline 0.002 -17"><span class='ocrx_word' id='word_1_19' title='bbox 225 439 532 490; x_wconf 73' lang='lat' dir='ltr'><strong>thesaurum</strong></span> <span class='ocrx_word' id='word_1_20' title='bbox 563 450 696 490; x_wconf 89' lang='lat' dir='ltr'><strong>auro</strong></span> <span class='ocrx_word' id='word_1_21' title='bbox 719 436 970 492; x_wconf 89' lang='lat' dir='ltr'><strong>refertum</strong></span> <span class='ocrx_word' id='word_1_22' title='bbox 994 437 1260 505; x_wconf 82' lang='lat' dir='ltr'><strong>invenias,</strong></span> <span class='ocrx_word' id='word_1_23' title='bbox 1299 447 1356 491; x_wconf 90' lang='lat' dir='ltr'><strong>et</strong></span> <span class='ocrx_word' id='word_1_24' title='bbox 1394 446 1610 506; x_wconf 76' lang='lat' dir='ltr'><strong>propter</strong></span> <span class='ocrx_word' id='word_1_25' title='bbox 1647 437 1795 492; x_wconf 91' lang='lat' dir='ltr'><strong>illum</strong></span> 
     </span>
    </p>
   </div>
   <div class='ocr_carea' id='block_1_5' title="bbox 220 527 1796 598">
    <p class='ocr_par' dir='ltr' id='par_1_5' title="bbox 220 527 1796 598">
     <span class='ocr_line' id='line_1_5' title="bbox 220 527 1796 598; baseline 0.001 -17"><span class='ocrx_word' id='word_1_26' title='bbox 220 529 368 582; x_wconf 91' lang='lat' dir='ltr'><strong>absis</strong></span> <span class='ocrx_word' id='word_1_27' title='bbox 396 546 410 580; x_wconf 88' lang='lat'>:</span> <span class='ocrx_word' id='word_1_28' title='bbox 435 527 606 597; x_wconf 85' lang='lat' dir='ltr'><strong>majus</strong></span> <span class='ocrx_word' id='word_1_29' title='bbox 631 536 806 583; x_wconf 88' lang='lat' dir='ltr'><strong>tamen</strong></span> <span class='ocrx_word' id='word_1_30' title='bbox 848 528 1226 582; x_wconf 88' lang='lat' dir='ltr'><strong>detrimentum</strong></span> <span class='ocrx_word' id='word_1_31' title='bbox 1271 543 1428 598; x_wconf 88' lang='lat' dir='ltr'><strong>quam</strong></span> <span class='ocrx_word' id='word_1_32' title='bbox 1470 529 1672 584; x_wconf 89' lang='lat' dir='ltr'><strong>lucrum</strong></span> <span class='ocrx_word' id='word_1_33' title='bbox 1715 528 1796 582; x_wconf 89' lang='lat' dir='ltr'><strong>fa-</strong></span> 
     </span>
    </p>
   </div>
   <div class='ocr_carea' id='block_1_6' title="bbox 223 618 1798 689">
    <p class='ocr_par' dir='ltr' id='par_1_6' title="bbox 223 618 1798 689">
     <span class='ocr_line' id='line_1_6' title="bbox 223 618 1798 689; baseline 0.001 -17"><span class='ocrx_word' id='word_1_34' title='bbox 223 618 357 682; x_wconf 90' lang='lat' dir='ltr'><strong>cies,</strong></span> <span class='ocrx_word' id='word_1_35' title='bbox 393 627 448 672; x_wconf 86' lang='lat' dir='ltr'><strong>et</strong></span> <span class='ocrx_word' id='word_1_36' title='bbox 477 627 624 673; x_wconf 89' lang='lat' dir='ltr'><strong>tanto</strong></span> <span class='ocrx_word' id='word_1_37' title='bbox 660 619 851 687; x_wconf 84' lang='lat' dir='ltr'><strong>majus,</strong></span> <span class='ocrx_word' id='word_1_38' title='bbox 897 628 1095 688; x_wconf 91' lang='lat' dir='ltr'><strong>quanto</strong></span> <span class='ocrx_word' id='word_1_39' title='bbox 1130 620 1468 675; x_wconf 88' lang='lat' dir='ltr'><strong>sensibilibus</strong></span> <span class='ocrx_word' id='word_1_40' title='bbox 1508 619 1798 689; x_wconf 87' lang='lat' dir='ltr'><strong>spiritualia</strong></span> 
     </span>
    </p>
   </div>
   <div class='ocr_carea' id='block_1_7' title="bbox 221 706 1798 778">
    <p class='ocr_par' dir='ltr' id='par_1_7' title="bbox 221 706 1798 778">
     <span class='ocr_line' id='line_1_7' title="bbox 221 706 1798 778; baseline 0.003 -20"><span class='ocrx_word' id='word_1_41' title='bbox 221 715 347 760; x_wconf 85' lang='lat' dir='ltr'><strong>sunt</strong></span> <span class='ocrx_word' id='word_1_42' title='bbox 372 708 613 762; x_wconf 80' lang='lat' dir='ltr'><strong>meliora.</strong></span> <span class='ocrx_word' id='word_1_43' title='bbox 634 706 765 762; x_wconf 82' lang='lat' dir='ltr'><strong>Nam</strong></span> <span class='ocrx_word' id='word_1_44' title='bbox 801 708 925 763; x_wconf 89' lang='lat' dir='ltr'><strong>licet</strong></span> <span class='ocrx_word' id='word_1_45' title='bbox 944 709 1030 762; x_wconf 90' lang='lat' dir='ltr'><strong>illa</strong></span> <span class='ocrx_word' id='word_1_46' title='bbox 1057 709 1220 763; x_wconf 89' lang='lat' dir='ltr'><strong>multa</strong></span> <span class='ocrx_word' id='word_1_47' title='bbox 1246 709 1352 762; x_wconf 89' lang='lat' dir='ltr'><strong>sint</strong></span> <span class='ocrx_word' id='word_1_48' title='bbox 1378 718 1429 763; x_wconf 91' lang='lat' dir='ltr'><strong>et</strong></span> <span class='ocrx_word' id='word_1_49' title='bbox 1451 709 1798 778; x_wconf 88' lang='lat' dir='ltr'><strong>undequaque</strong></span> 
     </span>
    </p>
   </div>
   <div class='ocr_carea' id='block_1_8' title="bbox 223 795 1796 868">
    <p class='ocr_par' dir='ltr' id='par_1_8' title="bbox 223 795 1796 868">
     <span class='ocr_line' id='line_1_8' title="bbox 223 795 1796 868; baseline 0.002 -19"><span class='ocrx_word' id='word_1_50' title='bbox 223 795 463 863; x_wconf 83' lang='lat' dir='ltr'><strong>affluant,</strong></span> <span class='ocrx_word' id='word_1_51' title='bbox 487 813 591 850; x_wconf 92' lang='lat' dir='ltr'><strong>non</strong></span> <span class='ocrx_word' id='word_1_52' title='bbox 620 806 795 851; x_wconf 91' lang='lat' dir='ltr'><strong>tamen</strong></span> <span class='ocrx_word' id='word_1_53' title='bbox 826 798 948 851; x_wconf 91' lang='lat' dir='ltr'><strong>hinc</strong></span> <span class='ocrx_word' id='word_1_54' title='bbox 969 807 1142 852; x_wconf 89' lang='lat' dir='ltr'><strong>tecum</strong></span> <span class='ocrx_word' id='word_1_55' title='bbox 1167 798 1591 868; x_wconf 88' lang='lat' dir='ltr'><strong>commigrabunt</strong></span> <span class='ocrx_word' id='word_1_56' title='bbox 1624 799 1690 852; x_wconf 91' lang='lat' dir='ltr'><strong>ad</strong></span> <span class='ocrx_word' id='word_1_57' title='bbox 1716 799 1796 852; x_wconf 89' lang='lat' dir='ltr'><strong>vi-</strong></span> 
     </span>
    </p>
   </div>
   <div class='ocr_carea' id='block_1_9' title="bbox 223 887 1796 958">
    <p class='ocr_par' dir='ltr' id='par_1_9' title="bbox 223 887 1796 958">
     <span class='ocr_line' id='line_1_9' title="bbox 223 887 1796 958; baseline 0.003 -19"><span class='ocrx_word' id='word_1_58' title='bbox 223 897 334 942; x_wconf 89' lang='lat' dir='ltr'><strong>tam</strong></span> <span class='ocrx_word' id='word_1_59' title='bbox 364 887 612 953; x_wconf 89' lang='lat' dir='ltr'><strong>futuram,</strong></span> <span class='ocrx_word' id='word_1_60' title='bbox 646 904 818 958; x_wconf 87' lang='lat' dir='ltr'><strong>neque</strong></span> <span class='ocrx_word' id='word_1_61' title='bbox 853 890 1010 944; x_wconf 87' lang='lat' dir='ltr'><strong>simul</strong></span> <span class='ocrx_word' id='word_1_62' title='bbox 1057 889 1328 944; x_wconf 91' lang='lat' dir='ltr'><strong>nobiscum</strong></span> <span class='ocrx_word' id='word_1_63' title='bbox 1359 891 1410 943; x_wconf 94' lang='lat' dir='ltr'><strong>in</strong></span> <span class='ocrx_word' id='word_1_64' title='bbox 1436 890 1596 944; x_wconf 87' lang='lat' dir='ltr'><strong>caelos</strong></span> <span class='ocrx_word' id='word_1_65' title='bbox 1622 898 1796 944; x_wconf 86' lang='lat' dir='ltr'><strong>trans-</strong></span> 
     </span>
    </p>
   </div>
   <div class='ocr_carea' id='block_1_10' title="bbox 223 975 1794 1051">
    <p class='ocr_par' dir='ltr' id='par_1_10' title="bbox 223 975 1794 1051">
     <span class='ocr_line' id='line_1_10' title="bbox 223 975 1794 1051; baseline 0.004 -21"><span class='ocrx_word' id='word_1_66' title='bbox 223 975 484 1045; x_wconf 79' lang='lat' dir='ltr'><strong>ferentur,</strong></span> <span class='ocrx_word' id='word_1_67' title='bbox 512 995 685 1050; x_wconf 89' lang='lat' dir='ltr'><strong>neque</strong></span> <span class='ocrx_word' id='word_1_68' title='bbox 722 981 1006 1036; x_wconf 89' lang='lat' dir='ltr'><strong>adstabuut</strong></span> <span class='ocrx_word' id='word_1_69' title='bbox 1049 983 1188 1051; x_wconf 88' lang='lat' dir='ltr'><strong>apud</strong></span> <span class='ocrx_word' id='word_1_70' title='bbox 1233 984 1467 1038; x_wconf 83' lang='lat' dir='ltr'><strong>terribile</strong></span> <span class='ocrx_word' id='word_1_71' title='bbox 1509 984 1734 1038; x_wconf 79' lang='lat' dir='ltr'><strong>tribunal</strong></span> <span class='ocrx_word' id='word_1_72' title='bbox 1779 999 1794 1037; x_wconf 91' lang='lat'><strong>:</strong></span> 
     </span>
    </p>
   </div>
   <div class='ocr_carea' id='block_1_11' title="bbox 226 1069 1797 1146">
    <p class='ocr_par' dir='ltr' id='par_1_11' title="bbox 226 1069 1797 1146">
     <span class='ocr_line' id='line_1_11' title="bbox 226 1069 1797 1146; baseline 0.006 -24"><span class='ocrx_word' id='word_1_73' title='bbox 226 1069 336 1124; x_wconf 89' lang='lat' dir='ltr'><strong>inm</strong></span> <span class='ocrx_word' id='word_1_74' title='bbox 370 1086 513 1139; x_wconf 83' lang='lat' dir='ltr'><strong>s:epe</strong></span> <span class='ocrx_word' id='word_1_75' title='bbox 556 1083 611 1127; x_wconf 92' lang='lat' dir='ltr'><strong>ct</strong></span> <span class='ocrx_word' id='word_1_76' title='bbox 646 1083 768 1128; x_wconf 85' lang='lat' dir='ltr'><strong>ante</strong></span> <span class='ocrx_word' id='word_1_77' title='bbox 807 1085 1031 1129; x_wconf 89' lang='lat' dir='ltr'><strong>mortem</strong></span> <span class='ocrx_word' id='word_1_78' title='bbox 1075 1076 1382 1130; x_wconf 90' lang='lat' dir='ltr'><strong>dilabuntur</strong></span> <span class='ocrx_word' id='word_1_79' title='bbox 1418 1093 1431 1128; x_wconf 92' lang='lat'><strong>:</strong></span> <span class='ocrx_word' id='word_1_80' title='bbox 1471 1077 1610 1146; x_wconf 94' lang='lat' dir='ltr'><strong>quod</strong></span> <span class='ocrx_word' id='word_1_81' title='bbox 1651 1077 1694 1131; x_wconf 91' lang='lat' dir='ltr'><strong>si</strong></span> <span class='ocrx_word' id='word_1_82' title='bbox 1730 1076 1797 1131; x_wconf 87' lang='lat' dir='ltr'><strong>ad</strong></span> 
     </span>
    </p>
   </div>
   <div class='ocr_carea' id='block_1_12' title="bbox 226 1159 1796 1235">
    <p class='ocr_par' dir='ltr' id='par_1_12' title="bbox 226 1159 1796 1235">
     <span class='ocr_line' id='line_1_12' title="bbox 226 1159 1796 1235; baseline 0.005 -23"><span class='ocrx_word' id='word_1_83' title='bbox 226 1159 387 1213; x_wconf 85' lang='lat' dir='ltr'><strong>tinem</strong></span> <span class='ocrx_word' id='word_1_84' title='bbox 419 1177 586 1231; x_wconf 72' lang='lat' dir='ltr'><strong>usque</strong></span> <span class='ocrx_word' id='word_1_85' title='bbox 612 1165 922 1227; x_wconf 82' lang='lat' dir='ltr'><strong>manserint,</strong></span> <span class='ocrx_word' id='word_1_86' title='bbox 953 1166 1253 1219; x_wconf 88' lang='lat' dir='ltr'><strong>necessario</strong></span> <span class='ocrx_word' id='word_1_87' title='bbox 1280 1174 1455 1220; x_wconf 89' lang='lat' dir='ltr'><strong>tamen</strong></span> <span class='ocrx_word' id='word_1_88' title='bbox 1497 1166 1597 1220; x_wconf 89' lang='lat' dir='ltr'><strong>sub</strong></span> <span class='ocrx_word' id='word_1_89' title='bbox 1627 1167 1796 1235; x_wconf 91' lang='lat' dir='ltr'><strong>ipsum</strong></span> 
     </span>
    </p>
   </div>
   <div class='ocr_carea' id='block_1_13' title="bbox 227 1253 1799 1329">
    <p class='ocr_par' dir='ltr' id='par_1_13' title="bbox 227 1253 1799 1329">
     <span class='ocr_line' id='line_1_13' title="bbox 227 1253 1799 1329; baseline 0.005 -23"><span class='ocrx_word' id='word_1_90' title='bbox 227 1253 388 1308; x_wconf 80' lang='lat' dir='ltr'><strong>finem</strong></span> <span class='ocrx_word' id='word_1_91' title='bbox 416 1255 688 1310; x_wconf 88' lang='lat' dir='ltr'><strong>tolluntttr.</strong></span> <span class='ocrx_word' id='word_1_92' title='bbox 710 1257 1010 1327; x_wconf 89' lang='lat' dir='ltr'><strong>Spiritnalis</strong></span> <span class='ocrx_word' id='word_1_93' title='bbox 1038 1268 1216 1313; x_wconf 89' lang='lat' dir='ltr'><strong>autem</strong></span> <span class='ocrx_word' id='word_1_94' title='bbox 1235 1259 1512 1314; x_wconf 84' lang='lat' dir='ltr'><strong>thesaurus</strong></span> <span class='ocrx_word' id='word_1_95' title='bbox 1534 1261 1799 1329; x_wconf 86' lang='lat' dir='ltr'><strong>possessio</strong></span> 
     </span>
    </p>
   </div>
   <div class='ocr_carea' id='block_1_14' title="bbox 227 1345 1798 1420">
    <p class='ocr_par' dir='ltr' id='par_1_14' title="bbox 227 1345 1798 1420">
     <span class='ocr_line' id='line_1_14' title="bbox 227 1345 1798 1420; baseline 0.006 -26"><span class='ocrx_word' id='word_1_96' title='bbox 227 1353 333 1407; x_wconf 84' lang='lat' dir='ltr'><strong>est,</strong></span> <span class='ocrx_word' id='word_1_97' title='bbox 360 1360 479 1412; x_wconf 76' lang='lat' dir='ltr'><strong>qua:</strong></span> <span class='ocrx_word' id='word_1_98' title='bbox 504 1345 699 1400; x_wconf 88' lang='lat' dir='ltr'><strong>auferri</strong></span> <span class='ocrx_word' id='word_1_99' title='bbox 722 1348 924 1416; x_wconf 86' lang='lat' dir='ltr'><strong>nequit,</strong></span> <span class='ocrx_word' id='word_1_100' title='bbox 947 1357 999 1402; x_wconf 91' lang='lat' dir='ltr'><strong>et</strong></span> <span class='ocrx_word' id='word_1_101' title='bbox 1019 1348 1214 1419; x_wconf 90' lang='lat' dir='ltr'><strong>ubique</strong></span> <span class='ocrx_word' id='word_1_102' title='bbox 1256 1364 1437 1404; x_wconf 91' lang='lat' dir='ltr'><strong>comes</strong></span> <span class='ocrx_word' id='word_1_103' title='bbox 1475 1358 1575 1414; x_wconf 90' lang='lat' dir='ltr'><strong>est,</strong></span> <span class='ocrx_word' id='word_1_104' title='bbox 1618 1351 1798 1420; x_wconf 89' lang='lat' dir='ltr'><strong>sequi-</strong></span> 
     </span>
    </p>
   </div>
   <div class='ocr_carea' id='block_1_15' title="bbox 229 1438 1797 1511">
    <p class='ocr_par' dir='ltr' id='par_1_15' title="bbox 229 1438 1797 1511">
     <span class='ocr_line' id='line_1_15' title="bbox 229 1438 1797 1511; baseline 0.006 -26"><span class='ocrx_word' id='word_1_105' title='bbox 229 1442 420 1503; x_wconf 87' lang='lat' dir='ltr'><strong>turqtte</strong></span> <span class='ocrx_word' id='word_1_106' title='bbox 444 1451 668 1506; x_wconf 89' lang='lat' dir='ltr'><strong>peregre</strong></span> <span class='ocrx_word' id='word_1_107' title='bbox 687 1446 895 1504; x_wconf 87' lang='lat' dir='ltr'><strong>euntes,</strong></span> <span class='ocrx_word' id='word_1_108' title='bbox 922 1439 1148 1493; x_wconf 90' lang='lat' dir='ltr'><strong>multum</strong></span> <span class='ocrx_word' id='word_1_109' title='bbox 1175 1438 1380 1495; x_wconf 83' lang='lat' dir='ltr'><strong>fiduciae</strong></span> <span class='ocrx_word' id='word_1_110' title='bbox 1411 1439 1550 1511; x_wconf 88' lang='lat' dir='ltr'><strong>apud</strong></span> <span class='ocrx_word' id='word_1_111' title='bbox 1572 1441 1797 1496; x_wconf 87' lang='lat' dir='ltr'><strong>tribunal</strong></span> 
     </span>
    </p>
   </div>
   <div class='ocr_carea' id='block_1_16' title="bbox 227 1523 884 1583">
    <p class='ocr_par' dir='ltr' id='par_1_16' title="bbox 227 1523 884 1583">
     <span class='ocr_line' id='line_1_16' title="bbox 227 1523 884 1583; baseline 0.011 -7"><span class='ocrx_word' id='word_1_112' title='bbox 227 1523 424 1578; x_wconf 83' lang='lat' dir='ltr'><strong>Christi</strong></span> <span class='ocrx_word' id='word_1_113' title='bbox 450 1527 603 1580; x_wconf 87' lang='lat' dir='ltr'><strong>nobis</strong></span> <span class='ocrx_word' id='word_1_114' title='bbox 627 1529 884 1583; x_wconf 88' lang='lat' dir='ltr'><strong>tribuens.</strong></span> 
     </span>
    </p>
   </div>
   <div class='ocr_carea' id='block_1_17' title="bbox 299 1613 1796 1687">
    <p class='ocr_par' dir='ltr' id='par_1_17' title="bbox 299 1613 1796 1687">
     <span class='ocr_line' id='line_1_17' title="bbox 299 1613 1796 1687; baseline 0.007 -21"><span class='ocrx_word' id='word_1_115' title='bbox 299 1614 350 1667; x_wconf 73' lang='grc'><strong>4.</strong></span> <span class='ocrx_word' id='word_1_116' title='bbox 385 1613 587 1685; x_wconf 75' lang='lat' dir='ltr'><strong>Duplex</strong></span> <span class='ocrx_word' id='word_1_117' title='bbox 617 1621 808 1687; x_wconf 80' lang='lat' dir='ltr'><strong>fructus</strong></span> <span class='ocrx_word' id='word_1_118' title='bbox 836 1634 900 1672; x_wconf 77' lang='lat' dir='ltr'><strong>ea:</strong></span> <span class='ocrx_word' id='word_1_119' title='bbox 920 1620 1078 1673; x_wconf 74' lang='lat' dir='ltr'><strong>sacris</strong></span> <span class='ocrx_word' id='word_1_120' title='bbox 1109 1620 1445 1686; x_wconf 78' lang='lat' dir='ltr'><strong>conventibus,</strong></span> <span class='ocrx_word' id='word_1_121' title='bbox 1486 1632 1533 1675; x_wconf 84' lang='lat' dir='ltr'><strong>et</strong></span> <span class='ocrx_word' id='word_1_122' title='bbox 1557 1623 1796 1678; x_wconf 68' lang='lat' dir='ltr'><strong>collectis.</strong></span> 
     </span>
    </p>
   </div>
   <div class='ocr_carea' id='block_1_18' title="bbox 229 1705 1798 1770">
    <p class='ocr_par' dir='ltr' id='par_1_18' title="bbox 229 1705 1798 1770">
     <span class='ocr_line' id='line_1_18' title="bbox 229 1705 1798 1770; baseline 0.008 -13"><span class='ocrx_word' id='word_1_123' title='bbox 229 1733 302 1744; x_wconf 88' lang='lat'><strong>-—-—</strong></span> <span class='ocrx_word' id='word_1_124' title='bbox 324 1705 476 1770; x_wconf 86' lang='lat' dir='ltr'><strong>Quod</strong></span> <span class='ocrx_word' id='word_1_125' title='bbox 513 1706 558 1760; x_wconf 93' lang='lat' dir='ltr'><strong>si</strong></span> <span class='ocrx_word' id='word_1_126' title='bbox 583 1723 648 1762; x_wconf 82' lang='lat' dir='ltr'><strong>ex</strong></span> <span class='ocrx_word' id='word_1_127' title='bbox 686 1709 804 1764; x_wconf 92' lang='lat' dir='ltr'><strong>aliis</strong></span> <span class='ocrx_word' id='word_1_128' title='bbox 840 1713 1186 1765; x_wconf 89' lang='lat' dir='ltr'><strong>conventibus</strong></span> <span class='ocrx_word' id='word_1_129' title='bbox 1213 1721 1414 1766; x_wconf 89' lang='lat' dir='ltr'><strong>tantum</strong></span> <span class='ocrx_word' id='word_1_130' title='bbox 1446 1714 1574 1768; x_wconf 91' lang='lat' dir='ltr'><strong>lucri</strong></span> <span class='ocrx_word' id='word_1_131' title='bbox 1609 1730 1798 1768; x_wconf 83' lang='lat' dir='ltr'><strong>conse-</strong></span> 
     </span>
    </p>
   </div>
   <div class='ocr_carea' id='block_1_19' title="bbox 229 1795 1802 1874">
    <p class='ocr_par' dir='ltr' id='par_1_19' title="bbox 229 1795 1802 1874">
     <span class='ocr_line' id='line_1_19' title="bbox 229 1795 1802 1874; baseline 0.008 -27"><span class='ocrx_word' id='word_1_132' title='bbox 229 1795 462 1863; x_wconf 89' lang='lat' dir='ltr'><strong>qttimur,</strong></span> <span class='ocrx_word' id='word_1_133' title='bbox 493 1808 636 1853; x_wconf 86' lang='lat' dir='ltr'><strong>certe</strong></span> <span class='ocrx_word' id='word_1_134' title='bbox 673 1801 740 1854; x_wconf 89' lang='lat' dir='ltr'><strong>ab</strong></span> <span class='ocrx_word' id='word_1_135' title='bbox 781 1801 844 1855; x_wconf 93' lang='lat' dir='ltr'><strong>iis</strong></span> <span class='ocrx_word' id='word_1_136' title='bbox 881 1803 970 1870; x_wconf 88' lang='lat' dir='ltr'><strong>qui</strong></span> <span class='ocrx_word' id='word_1_137' title='bbox 1013 1802 1098 1857; x_wconf 93' lang='lat' dir='ltr'><strong>hic</strong></span> <span class='ocrx_word' id='word_1_138' title='bbox 1125 1803 1463 1858; x_wconf 86' lang='lat' dir='ltr'><strong>celebrantur</strong></span> <span class='ocrx_word' id='word_1_139' title='bbox 1487 1806 1682 1874; x_wconf 89' lang='lat' dir='ltr'><strong>dttplex</strong></span> <span class='ocrx_word' id='word_1_140' title='bbox 1722 1807 1802 1860; x_wconf 89' lang='lat' dir='ltr'><strong>lu-</strong></span> 
     </span>
    </p>
   </div>
   <div class='ocr_carea' id='block_1_20' title="bbox 227 1890 1798 1957">
    <p class='ocr_par' dir='ltr' id='par_1_20' title="bbox 227 1890 1798 1957">
     <span class='ocr_line' id='line_1_20' title="bbox 227 1890 1798 1957; baseline 0.008 -20"><span class='ocrx_word' id='word_1_141' title='bbox 227 1897 378 1938; x_wconf 88' lang='lat' dir='ltr'><strong>crum</strong></span> <span class='ocrx_word' id='word_1_142' title='bbox 401 1896 710 1957; x_wconf 83' lang='lat' dir='ltr'><strong>exspectare</strong></span> <span class='ocrx_word' id='word_1_143' title='bbox 734 1890 877 1946; x_wconf 90' lang='lat' dir='ltr'><strong>licet.</strong></span> <span class='ocrx_word' id='word_1_144' title='bbox 900 1891 1014 1946; x_wconf 83' lang='lat' dir='ltr'><strong>Non</strong></span> <span class='ocrx_word' id='word_1_145' title='bbox 1044 1892 1185 1946; x_wconf 89' lang='lat' dir='ltr'><strong>enim</strong></span> <span class='ocrx_word' id='word_1_146' title='bbox 1212 1893 1350 1947; x_wconf 90' lang='lat' dir='ltr'><strong>hunc</strong></span> <span class='ocrx_word' id='word_1_147' title='bbox 1377 1894 1601 1949; x_wconf 90' lang='lat' dir='ltr'><strong>fructum</strong></span> <span class='ocrx_word' id='word_1_148' title='bbox 1629 1896 1798 1949; x_wconf 91' lang='lat' dir='ltr'><strong>solum</strong></span> 
     </span>
    </p>
   </div>
   <div class='ocr_carea' id='block_1_21' title="bbox 226 1980 1800 2056">
    <p class='ocr_par' dir='ltr' id='par_1_21' title="bbox 226 1980 1800 2056">
     <span class='ocr_line' id='line_1_21' title="bbox 226 1980 1800 2056; baseline 0.006 -23"><span class='ocrx_word' id='word_1_149' title='bbox 226 1980 490 2047; x_wconf 88' lang='lat' dir='ltr'><strong>capimus,</strong></span> <span class='ocrx_word' id='word_1_150' title='bbox 517 1983 655 2051; x_wconf 91' lang='lat' dir='ltr'><strong>quod</strong></span> <span class='ocrx_word' id='word_1_151' title='bbox 685 1983 915 2038; x_wconf 89' lang='lat' dir='ltr'><strong>animam</strong></span> <span class='ocrx_word' id='word_1_152' title='bbox 951 1984 1145 2040; x_wconf 88' lang='lat' dir='ltr'><strong>divinis</strong></span> <span class='ocrx_word' id='word_1_153' title='bbox 1171 1987 1396 2055; x_wconf 90' lang='lat' dir='ltr'><strong>eloquiis</strong></span> <span class='ocrx_word' id='word_1_154' title='bbox 1425 1988 1675 2056; x_wconf 86' lang='lat' dir='ltr'><strong>rigemus,</strong></span> <span class='ocrx_word' id='word_1_155' title='bbox 1708 1989 1800 2043; x_wconf 86' lang='lat' dir='ltr'><strong>sed</strong></span> 
     </span>
    </p>
   </div>
   <div class='ocr_carea' id='block_1_22' title="bbox 230 2071 1803 2148">
    <p class='ocr_par' dir='ltr' id='par_1_22' title="bbox 230 2071 1803 2148">
     <span class='ocr_line' id='line_1_22' title="bbox 230 2071 1803 2148; baseline 0.006 -25"><span class='ocrx_word' id='word_1_156' title='bbox 230 2080 287 2123; x_wconf 86' lang='lat' dir='ltr'><strong>et</strong></span> <span class='ocrx_word' id='word_1_157' title='bbox 313 2071 456 2140; x_wconf 91' lang='lat' dir='ltr'><strong>quod</strong></span> <span class='ocrx_word' id='word_1_158' title='bbox 491 2073 671 2128; x_wconf 87' lang='lat' dir='ltr'><strong>hostes</strong></span> <span class='ocrx_word' id='word_1_159' title='bbox 698 2075 896 2144; x_wconf 80' lang='lat' dir='ltr'><strong>ingenti</strong></span> <span class='ocrx_word' id='word_1_160' title='bbox 927 2079 1130 2144; x_wconf 89' lang='lat' dir='ltr'><strong>pudore</strong></span> <span class='ocrx_word' id='word_1_161' title='bbox 1167 2076 1477 2140; x_wconf 83' lang='lat' dir='ltr'><strong>afficiamus.</strong></span> <span class='ocrx_word' id='word_1_162' title='bbox 1509 2077 1803 2148; x_wconf 81' lang='lat' dir='ltr'><strong>fratresque</strong></span> 
     </span>
    </p>
   </div>
   <div class='ocr_carea' id='block_1_23' title="bbox 231 2163 1802 2236">
    <p class='ocr_par' dir='ltr' id='par_1_23' title="bbox 231 2163 1802 2236">
     <span class='ocr_line' id='line_1_23' title="bbox 231 2163 1802 2236; baseline 0.006 -21"><span class='ocrx_word' id='word_1_163' title='bbox 231 2170 446 2216; x_wconf 88' lang='lat' dir='ltr'><strong>nostros</strong></span> <span class='ocrx_word' id='word_1_164' title='bbox 489 2163 650 2217; x_wconf 92' lang='lat' dir='ltr'><strong>multa</strong></span> <span class='ocrx_word' id='word_1_165' title='bbox 688 2167 1052 2222; x_wconf 89' lang='lat' dir='ltr'><strong>consolatione</strong></span> <span class='ocrx_word' id='word_1_166' title='bbox 1089 2168 1406 2236; x_wconf 86' lang='lat' dir='ltr'><strong>repleamus.</strong></span> <span class='ocrx_word' id='word_1_167' title='bbox 1439 2169 1549 2223; x_wconf 53' lang='lat' dir='ltr'><strong>Huc</strong></span> <span class='ocrx_word' id='word_1_168' title='bbox 1583 2170 1722 2224; x_wconf 91' lang='lat' dir='ltr'><strong>enim</strong></span> <span class='ocrx_word' id='word_1_169' title='bbox 1750 2171 1802 2224; x_wconf 93' lang='lat' dir='ltr'><strong>in</strong></span> 
     </span>
    </p>
   </div>
   <div class='ocr_carea' id='block_1_24' title="bbox 229 2253 1805 2328">
    <p class='ocr_par' dir='ltr' id='par_1_24' title="bbox 229 2253 1805 2328">
     <span class='ocr_line' id='line_1_24' title="bbox 229 2253 1805 2328; baseline 0.008 -25"><span class='ocrx_word' id='word_1_170' title='bbox 229 2253 364 2306; x_wconf 86' lang='lat' dir='ltr'><strong>aciei</strong></span> <span class='ocrx_word' id='word_1_171' title='bbox 407 2253 607 2307; x_wconf 88' lang='lat' dir='ltr'><strong>lucrum</strong></span> <span class='ocrx_word' id='word_1_172' title='bbox 639 2256 800 2321; x_wconf 88' lang='lat' dir='ltr'><strong>cedit,</strong></span> <span class='ocrx_word' id='word_1_173' title='bbox 835 2257 878 2310; x_wconf 92' lang='lat' dir='ltr'><strong>si</strong></span> <span class='ocrx_word' id='word_1_174' title='bbox 920 2258 986 2312; x_wconf 90' lang='lat' dir='ltr'><strong>ad</strong></span> <span class='ocrx_word' id='word_1_175' title='bbox 1026 2267 1228 2326; x_wconf 88' lang='lat' dir='ltr'><strong>partem</strong></span> <span class='ocrx_word' id='word_1_176' title='bbox 1269 2260 1434 2328; x_wconf 60' lang='lat' dir='ltr'><strong>praelii</strong></span> <span class='ocrx_word' id='word_1_177' title='bbox 1473 2260 1720 2315; x_wconf 87' lang='lat' dir='ltr'><strong>afflictam</strong></span> <span class='ocrx_word' id='word_1_178' title='bbox 1750 2271 1805 2316; x_wconf 91' lang='lat' dir='ltr'><strong>ct</strong></span> 
     </span>
    </p>
   </div>
   <div class='ocr_carea' id='block_1_25' title="bbox 232 2343 1806 2418">
    <p class='ocr_par' dir='ltr' id='par_1_25' title="bbox 232 2343 1806 2418">
     <span class='ocr_line' id='line_1_25' title="bbox 232 2343 1806 2418; baseline 0.007 -24"><span class='ocrx_word' id='word_1_179' title='bbox 232 2343 616 2409; x_wconf 81' lang='lat' dir='ltr'><strong>periclitantem</strong></span> <span class='ocrx_word' id='word_1_180' title='bbox 648 2361 1008 2415; x_wconf 88' lang='lat' dir='ltr'><strong>properemus.</strong></span> <span class='ocrx_word' id='word_1_181' title='bbox 1034 2349 1316 2418; x_wconf 87' lang='lat' dir='ltr'><strong>Propterea</strong></span> <span class='ocrx_word' id='word_1_182' title='bbox 1337 2366 1522 2404; x_wconf 89' lang='lat' dir='ltr'><strong>omnes</strong></span> <span class='ocrx_word' id='word_1_183' title='bbox 1549 2351 1650 2405; x_wconf 90' lang='lat' dir='ltr'><strong>huc</strong></span> <span class='ocrx_word' id='word_1_184' title='bbox 1678 2367 1806 2405; x_wconf 81' lang='lat' dir='ltr'><strong>con-</strong></span> 
     </span>
    </p>
   </div>
   <div class='ocr_carea' id='block_1_26' title="bbox 233 2432 1805 2511">
    <p class='ocr_par' dir='ltr' id='par_1_26' title="bbox 233 2432 1805 2511">
     <span class='ocr_line' id='line_1_26' title="bbox 233 2432 1805 2511; baseline 0.007 -26"><span class='ocrx_word' id='word_1_185' title='bbox 233 2432 400 2487; x_wconf 86' lang='lat' dir='ltr'><strong>fluere</strong></span> <span class='ocrx_word' id='word_1_186' title='bbox 427 2436 726 2502; x_wconf 81' lang='lat' dir='ltr'><strong>Oportebat,</strong></span> <span class='ocrx_word' id='word_1_187' title='bbox 747 2445 802 2492; x_wconf 90' lang='lat' dir='ltr'><strong>et</strong></span> <span class='ocrx_word' id='word_1_188' title='bbox 827 2437 1009 2493; x_wconf 89' lang='lat' dir='ltr'><strong>hostes</strong></span> <span class='ocrx_word' id='word_1_189' title='bbox 1034 2440 1121 2508; x_wconf 91' lang='lat' dir='ltr'><strong>qui</strong></span> <span class='ocrx_word' id='word_1_190' title='bbox 1152 2455 1248 2494; x_wconf 87' lang='lat' dir='ltr'><strong>nos</strong></span> <span class='ocrx_word' id='word_1_191' title='bbox 1276 2441 1606 2507; x_wconf 90' lang='lat' dir='ltr'><strong>adoriuntur,</strong></span> <span class='ocrx_word' id='word_1_192' title='bbox 1636 2445 1805 2511; x_wconf 64' lang='lat' dir='ltr'><strong>repel.</strong></span> 
     </span>
    </p>
   </div>
   <div class='ocr_carea' id='block_1_27' title="bbox 234 2525 1802 2606">
    <p class='ocr_par' dir='ltr' id='par_1_27' title="bbox 234 2525 1802 2606">
     <span class='ocr_line' id='line_1_27' title="bbox 234 2525 1802 2606; baseline 0.007 -29"><span class='ocrx_word' id='word_1_193' title='bbox 234 2525 366 2579; x_wconf 90' lang='lat' dir='ltr'><strong>lere.</strong></span> <span class='ocrx_word' id='word_1_194' title='bbox 413 2525 562 2591; x_wconf 86' lang='lat' dir='ltr'><strong>Esto,</strong></span> <span class='ocrx_word' id='word_1_195' title='bbox 611 2542 842 2606; x_wconf 80' lang='lat' dir='ltr'><strong>nequeas</strong></span> <span class='ocrx_word' id='word_1_196' title='bbox 888 2528 1102 2599; x_wconf 89' lang='lat' dir='ltr'><strong>longum</strong></span> <span class='ocrx_word' id='word_1_197' title='bbox 1145 2545 1444 2586; x_wconf 86' lang='lat' dir='ltr'><strong>sermonem</strong></span> <span class='ocrx_word' id='word_1_198' title='bbox 1489 2533 1802 2601; x_wconf 88' lang='lat' dir='ltr'><strong>producere,</strong></span> 
     </span>
    </p>
   </div>
   <div class='ocr_carea' id='block_1_28' title="bbox 234 2614 1804 2687">
    <p class='ocr_par' dir='ltr' id='par_1_28' title="bbox 234 2614 1804 2687">
     <span class='ocr_line' id='line_1_28' title="bbox 234 2614 1804 2687; baseline 0.008 -21"><span class='ocrx_word' id='word_1_199' title='bbox 234 2629 336 2667; x_wconf 87' lang='lat' dir='ltr'><strong>nec</strong></span> <span class='ocrx_word' id='word_1_200' title='bbox 374 2614 569 2669; x_wconf 90' lang='lat' dir='ltr'><strong>habeas</strong></span> <span class='ocrx_word' id='word_1_201' title='bbox 605 2616 825 2671; x_wconf 88' lang='lat' dir='ltr'><strong>docendi</strong></span> <span class='ocrx_word' id='word_1_202' title='bbox 863 2618 1086 2687; x_wconf 83' lang='lat' dir='ltr'><strong>gratiam</strong></span> <span class='ocrx_word' id='word_1_203' title='bbox 1121 2620 1299 2674; x_wconf 90' lang='lat' dir='ltr'><strong>:adsis</strong></span> <span class='ocrx_word' id='word_1_204' title='bbox 1323 2621 1515 2687; x_wconf 90' lang='lat' dir='ltr'><strong>solum,</strong></span> <span class='ocrx_word' id='word_1_205' title='bbox 1545 2632 1598 2676; x_wconf 91' lang='lat' dir='ltr'><strong>et</strong></span> <span class='ocrx_word' id='word_1_206' title='bbox 1639 2632 1804 2678; x_wconf 88' lang='lat' dir='ltr'><strong>totum</strong></span> 
     </span>
    </p>
   </div>
   <div class='ocr_carea' id='block_1_29' title="bbox 237 2704 1808 2781">
    <p class='ocr_par' dir='ltr' id='par_1_29' title="bbox 237 2704 1808 2781">
     <span class='ocr_line' id='line_1_29' title="bbox 237 2704 1808 2781; baseline 0.008 -28"><span class='ocrx_word' id='word_1_207' title='bbox 237 2704 521 2770; x_wconf 84' lang='lat' dir='ltr'><strong>perfecisti.</strong></span> <span class='ocrx_word' id='word_1_208' title='bbox 559 2705 689 2758; x_wconf 89' lang='lat' dir='ltr'><strong>Nam</strong></span> <span class='ocrx_word' id='word_1_209' title='bbox 730 2709 969 2775; x_wconf 90' lang='lat' dir='ltr'><strong>corporis</strong></span> <span class='ocrx_word' id='word_1_210' title='bbox 1007 2711 1288 2778; x_wconf 72' lang='lat' dir='ltr'><strong>praesentia</strong></span> <span class='ocrx_word' id='word_1_211' title='bbox 1330 2726 1602 2765; x_wconf 88' lang='lat' dir='ltr'><strong>numerum</strong></span> <span class='ocrx_word' id='word_1_212' title='bbox 1632 2713 1808 2781; x_wconf 80' lang='lat' dir='ltr'><strong>gregis</strong></span> 
     </span>
    </p>
   </div>
   <div class='ocr_carea' id='block_1_30' title="bbox 233 2792 1809 2862">
    <p class='ocr_par' dir='ltr' id='par_1_30' title="bbox 233 2792 1809 2862">
     <span class='ocr_line' id='line_1_30' title="bbox 233 2792 1809 2862; baseline 0.006 -17"><span class='ocrx_word' id='word_1_213' title='bbox 233 2792 480 2862; x_wconf 84' lang='lat' dir='ltr'><strong>adauget,</strong></span> <span class='ocrx_word' id='word_1_214' title='bbox 519 2809 582 2847; x_wconf 89' lang='lat' dir='ltr'><strong>ac</strong></span> <span class='ocrx_word' id='word_1_215' title='bbox 621 2796 834 2849; x_wconf 89' lang='lat' dir='ltr'><strong>multam</strong></span> <span class='ocrx_word' id='word_1_216' title='bbox 879 2796 1126 2853; x_wconf 89' lang='lat' dir='ltr'><strong>fratribus</strong></span> <span class='ocrx_word' id='word_1_217' title='bbox 1163 2799 1264 2852; x_wconf 91' lang='lat' dir='ltr'><strong>tuis</strong></span> <span class='ocrx_word' id='word_1_218' title='bbox 1301 2799 1453 2854; x_wconf 78' lang='lat' dir='ltr'><strong>affert</strong></span> <span class='ocrx_word' id='word_1_219' title='bbox 1487 2801 1809 2855; x_wconf 87' lang='lat' dir='ltr'><strong>consolatio-</strong></span> 
     </span>
    </p>
   </div>
   <div class='ocr_carea' id='block_1_31' title="bbox 233 2885 1805 2961">
    <p class='ocr_par' dir='ltr' id='par_1_31' title="bbox 233 2885 1805 2961">
     <span class='ocr_line' id='line_1_31' title="bbox 233 2885 1805 2961; baseline 0.004 -23"><span class='ocrx_word' id='word_1_220' title='bbox 233 2899 383 2949; x_wconf 88' lang='lat' dir='ltr'><strong>nem,</strong></span> <span class='ocrx_word' id='word_1_221' title='bbox 410 2902 464 2940; x_wconf 92' lang='lat' dir='ltr'><strong>ct</strong></span> <span class='ocrx_word' id='word_1_222' title='bbox 491 2885 728 2940; x_wconf 88' lang='lat' dir='ltr'><strong>hostibus</strong></span> <span class='ocrx_word' id='word_1_223' title='bbox 754 2888 1031 2956; x_wconf 89' lang='lat' dir='ltr'><strong>pudorem.</strong></span> <span class='ocrx_word' id='word_1_224' title='bbox 1063 2890 1271 2944; x_wconf 86' lang='lat' dir='ltr'><strong>Etenim</strong></span> <span class='ocrx_word' id='word_1_225' title='bbox 1296 2891 1342 2945; x_wconf 91' lang='lat' dir='ltr'><strong>si</strong></span> <span class='ocrx_word' id='word_1_226' title='bbox 1369 2891 1486 2961; x_wconf 88' lang='lat' dir='ltr'><strong>quis</strong></span> <span class='ocrx_word' id='word_1_227' title='bbox 1514 2893 1627 2946; x_wconf 85' lang='lat' dir='ltr'><strong>haec</strong></span> <span class='ocrx_word' id='word_1_228' title='bbox 1655 2907 1805 2946; x_wconf 88' lang='lat' dir='ltr'><strong>sacra</strong></span> 
     </span>
    </p>
   </div>
   <div class='ocr_carea' id='block_1_32' title="bbox 236 2975 1805 3053">
    <p class='ocr_par' dir='ltr' id='par_1_32' title="bbox 236 2975 1805 3053">
     <span class='ocr_line' id='line_1_32' title="bbox 236 2975 1805 3053; baseline 0.004 -26"><span class='ocrx_word' id='word_1_229' title='bbox 236 2975 507 3043; x_wconf 88' lang='lat' dir='ltr'><strong>ingressus</strong></span> <span class='ocrx_word' id='word_1_230' title='bbox 534 2977 815 3044; x_wconf 88' lang='lat' dir='ltr'><strong>vestibula,</strong></span> <span class='ocrx_word' id='word_1_231' title='bbox 849 2993 1044 3046; x_wconf 91' lang='lat' dir='ltr'><strong>paucos</strong></span> <span class='ocrx_word' id='word_1_232' title='bbox 1072 2979 1266 3045; x_wconf 86' lang='lat' dir='ltr'><strong>videat,</strong></span> <span class='ocrx_word' id='word_1_233' title='bbox 1297 2981 1622 3053; x_wconf 82' lang='lat' dir='ltr'><strong>alacritatem</strong></span> <span class='ocrx_word' id='word_1_234' title='bbox 1657 2995 1805 3034; x_wconf 90' lang='lat' dir='ltr'><strong>suam</strong></span> 
     </span>
    </p>
   </div>
   <div class='ocr_carea' id='block_1_33' title="bbox 236 3065 1804 3139">
    <p class='ocr_par' dir='ltr' id='par_1_33' title="bbox 236 3065 1804 3139">
     <span class='ocr_line' id='line_1_33' title="bbox 236 3065 1804 3139; baseline 0.004 -21"><span class='ocrx_word' id='word_1_235' title='bbox 236 3065 477 3128; x_wconf 88' lang='lat' dir='ltr'><strong>remittit,</strong></span> <span class='ocrx_word' id='word_1_236' title='bbox 527 3068 797 3134; x_wconf 88' lang='lat' dir='ltr'><strong>torpescit,</strong></span> <span class='ocrx_word' id='word_1_237' title='bbox 845 3067 1118 3138; x_wconf 90' lang='lat' dir='ltr'><strong>factusque</strong></span> <span class='ocrx_word' id='word_1_238' title='bbox 1159 3071 1372 3139; x_wconf 89' lang='lat' dir='ltr'><strong>segnior</strong></span> <span class='ocrx_word' id='word_1_239' title='bbox 1419 3071 1542 3125; x_wconf 90' lang='lat' dir='ltr'><strong>hinc</strong></span> <span class='ocrx_word' id='word_1_240' title='bbox 1581 3071 1804 3135; x_wconf 88' lang='lat' dir='ltr'><strong>recedit,</strong></span> 
     </span>
    </p>
   </div>
   <div class='ocr_carea' id='block_1_34' title="bbox 235 3156 1811 3231">
    <p class='ocr_par' dir='ltr' id='par_1_34' title="bbox 235 3156 1811 3231">
     <span class='ocr_line' id='line_1_34' title="bbox 235 3156 1811 3231; baseline 0.004 -22"><span class='ocrx_word' id='word_1_241' title='bbox 235 3156 421 3224; x_wconf 91' lang='lat' dir='ltr'><strong>sicque</strong></span> <span class='ocrx_word' id='word_1_242' title='bbox 446 3157 695 3225; x_wconf 87' lang='lat' dir='ltr'><strong>paulatim</strong></span> <span class='ocrx_word' id='word_1_243' title='bbox 720 3159 893 3213; x_wconf 92' lang='lat' dir='ltr'><strong>omnis</strong></span> <span class='ocrx_word' id='word_1_244' title='bbox 921 3159 1200 3214; x_wconf 91' lang='lat' dir='ltr'><strong>multitudo</strong></span> <span class='ocrx_word' id='word_1_245' title='bbox 1237 3160 1474 3231; x_wconf 78' lang='lat' dir='ltr'><strong>ignavior</strong></span> <span class='ocrx_word' id='word_1_246' title='bbox 1505 3171 1556 3219; x_wconf 89' lang='lat' dir='ltr'><strong>et</strong></span> <span class='ocrx_word' id='word_1_247' title='bbox 1584 3162 1811 3216; x_wconf 83' lang='lat' dir='ltr'><strong>dissolu-</strong></span> 
     </span>
    </p>
   </div>
   <div class='ocr_carea' id='block_1_35' title="bbox 239 3246 1810 3322">
    <p class='ocr_par' dir='ltr' id='par_1_35' title="bbox 239 3246 1810 3322">
     <span class='ocr_line' id='line_1_35' title="bbox 239 3246 1810 3322; baseline 0.006 -25"><span class='ocrx_word' id='word_1_248' title='bbox 239 3246 346 3298; x_wconf 91' lang='lat' dir='ltr'><strong>tior</strong></span> <span class='ocrx_word' id='word_1_249' title='bbox 380 3247 573 3301; x_wconf 82' lang='lat' dir='ltr'><strong>evadit.</strong></span> <span class='ocrx_word' id='word_1_250' title='bbox 601 3247 693 3302; x_wconf 89' lang='lat' dir='ltr'><strong>Sin</strong></span> <span class='ocrx_word' id='word_1_251' title='bbox 733 3249 921 3304; x_wconf 84' lang='lat' dir='ltr'><strong>viderit</strong></span> <span class='ocrx_word' id='word_1_252' title='bbox 955 3265 1273 3306; x_wconf 84' lang='lat' dir='ltr'><strong>concurrere</strong></span> <span class='ocrx_word' id='word_1_253' title='bbox 1313 3252 1664 3322; x_wconf 91' lang='lat' dir='ltr'><strong>nndequaque</strong></span> <span class='ocrx_word' id='word_1_254' title='bbox 1697 3268 1810 3306; x_wconf 90' lang='lat' dir='ltr'><strong>ma-</strong></span> 
     </span>
    </p>
   </div>
   <div class='ocr_carea' id='block_1_36' title="bbox 235 3336 1812 3408">
    <p class='ocr_par' dir='ltr' id='par_1_36' title="bbox 235 3336 1812 3408">
     <span class='ocr_line' id='line_1_36' title="bbox 235 3336 1812 3408; baseline 0.006 -23"><span class='ocrx_word' id='word_1_255' title='bbox 235 3348 450 3402; x_wconf 86' lang='lat' dir='ltr'><strong>gnoque</strong></span> <span class='ocrx_word' id='word_1_256' title='bbox 491 3336 686 3401; x_wconf 89' lang='lat' dir='ltr'><strong>studio,</strong></span> <span class='ocrx_word' id='word_1_257' title='bbox 729 3337 887 3390; x_wconf 90' lang='lat' dir='ltr'><strong>etiam</strong></span> <span class='ocrx_word' id='word_1_258' title='bbox 930 3338 975 3391; x_wconf 91' lang='lat' dir='ltr'><strong>si</strong></span> <span class='ocrx_word' id='word_1_259' title='bbox 1013 3337 1166 3392; x_wconf 84' lang='lat' dir='ltr'><strong>valde</strong></span> <span class='ocrx_word' id='word_1_260' title='bbox 1205 3340 1422 3408; x_wconf 84' lang='lat' dir='ltr'><strong>ignavus</strong></span> <span class='ocrx_word' id='word_1_261' title='bbox 1465 3340 1552 3406; x_wconf 88' lang='lat' dir='ltr'><strong>sit,</strong></span> <span class='ocrx_word' id='word_1_262' title='bbox 1586 3341 1812 3395; x_wconf 88' lang='lat' dir='ltr'><strong>alacrior</strong></span> 
     </span>
    </p>
   </div>
   <div class='ocr_carea' id='block_1_37' title="bbox 237 3424 1811 3500">
    <p class='ocr_par' dir='ltr' id='par_1_37' title="bbox 237 3424 1811 3500">
     <span class='ocr_line' id='line_1_37' title="bbox 237 3424 1811 3500; baseline 0.006 -23"><span class='ocrx_word' id='word_1_263' title='bbox 237 3424 499 3478; x_wconf 89' lang='lat' dir='ltr'><strong>redditur.</strong></span> <span class='ocrx_word' id='word_1_264' title='bbox 535 3425 664 3479; x_wconf 77' lang='lat' dir='ltr'><strong>Nam</strong></span> <span class='ocrx_word' id='word_1_265' title='bbox 705 3427 749 3480; x_wconf 91' lang='lat' dir='ltr'><strong>si</strong></span> <span class='ocrx_word' id='word_1_266' title='bbox 789 3427 923 3498; x_wconf 90' lang='lat' dir='ltr'><strong>lapis</strong></span> <span class='ocrx_word' id='word_1_267' title='bbox 962 3443 1104 3496; x_wconf 70' lang='lat' dir='ltr'><strong>smpe</strong></span> <span class='ocrx_word' id='word_1_268' title='bbox 1147 3430 1211 3483; x_wconf 93' lang='lat' dir='ltr'><strong>ad</strong></span> <span class='ocrx_word' id='word_1_269' title='bbox 1253 3431 1479 3500; x_wconf 89' lang='lat' dir='ltr'><strong>lapidem</strong></span> <span class='ocrx_word' id='word_1_270' title='bbox 1520 3447 1811 3486; x_wconf 85' lang='lat' dir='ltr'><strong>concussus</strong></span> 
     </span>
    </p>
   </div>
   <div class='ocr_carea' id='block_1_38' title="bbox 237 3516 1814 3591">
    <p class='ocr_par' dir='ltr' id='par_1_38' title="bbox 237 3516 1814 3591">
     <span class='ocr_line' id='line_1_38' title="bbox 237 3516 1814 3591; baseline 0.004 -21"><span class='ocrx_word' id='word_1_271' title='bbox 237 3516 501 3570; x_wconf 76' lang='lat' dir='ltr'><strong>scintillas</strong></span> <span class='ocrx_word' id='word_1_272' title='bbox 537 3517 753 3571; x_wconf 77' lang='lat' dir='ltr'><strong>exsilire</strong></span> <span class='ocrx_word' id='word_1_273' title='bbox 780 3516 919 3581; x_wconf 88' lang='lat' dir='ltr'><strong>facit,</strong></span> <span class='ocrx_word' id='word_1_274' title='bbox 955 3520 1162 3573; x_wconf 89' lang='lat' dir='ltr'><strong>tametsi</strong></span> <span class='ocrx_word' id='word_1_275' title='bbox 1203 3520 1333 3575; x_wconf 90' lang='lat' dir='ltr'><strong>nihil</strong></span> <span class='ocrx_word' id='word_1_276' title='bbox 1372 3521 1440 3575; x_wconf 90' lang='lat' dir='ltr'><strong>sit</strong></span> <span class='ocrx_word' id='word_1_277' title='bbox 1476 3520 1713 3591; x_wconf 84' lang='lat' dir='ltr'><strong>frigidius</strong></span> <span class='ocrx_word' id='word_1_278' title='bbox 1739 3523 1814 3576; x_wconf 79' lang='lat' dir='ltr'><strong>la-</strong></span> 
     </span>
    </p>
   </div>
   <div class='ocr_carea' id='block_1_39' title="bbox 238 3608 1814 3683">
    <p class='ocr_par' dir='ltr' id='par_1_39' title="bbox 238 3608 1814 3683">
     <span class='ocr_line' id='line_1_39' title="bbox 238 3608 1814 3683; baseline 0.006 -21"><span class='ocrx_word' id='word_1_279' title='bbox 238 3608 386 3679; x_wconf 89' lang='lat' dir='ltr'><strong>pide,</strong></span> <span class='ocrx_word' id='word_1_280' title='bbox 414 3612 648 3682; x_wconf 88' lang='lat' dir='ltr'><strong>nihilque</strong></span> <span class='ocrx_word' id='word_1_281' title='bbox 679 3616 796 3683; x_wconf 84' lang='lat' dir='ltr'><strong>igne</strong></span> <span class='ocrx_word' id='word_1_282' title='bbox 822 3616 1059 3678; x_wconf 88' lang='lat' dir='ltr'><strong>calidius,</strong></span> <span class='ocrx_word' id='word_1_283' title='bbox 1091 3624 1320 3670; x_wconf 88' lang='lat' dir='ltr'><strong>attamen</strong></span> <span class='ocrx_word' id='word_1_284' title='bbox 1350 3618 1650 3683; x_wconf 90' lang='lat' dir='ltr'><strong>concussio,</strong></span> <span class='ocrx_word' id='word_1_285' title='bbox 1672 3617 1814 3672; x_wconf 85' lang='lat' dir='ltr'><strong>victa</strong></span> 
     </span>
    </p>
   </div>
   <div class='ocr_carea' id='block_1_40' title="bbox 240 3703 1811 3775">
    <p class='ocr_par' dir='ltr' id='par_1_40' title="bbox 240 3703 1811 3775">
     <span class='ocr_line' id='line_1_40' title="bbox 240 3703 1811 3775; baseline 0.004 -22"><span class='ocrx_word' id='word_1_286' title='bbox 240 3708 456 3766; x_wconf 85' lang='lat' dir='ltr'><strong>natura,</strong></span> <span class='ocrx_word' id='word_1_287' title='bbox 486 3703 658 3772; x_wconf 80' lang='lat' dir='ltr'><strong>ignem</strong></span> <span class='ocrx_word' id='word_1_288' title='bbox 687 3704 848 3757; x_wconf 89' lang='lat' dir='ltr'><strong>elicit.</strong></span> <span class='ocrx_word' id='word_1_289' title='bbox 875 3705 1026 3773; x_wconf 85' lang='lat' dir='ltr'><strong>Quod</strong></span> <span class='ocrx_word' id='word_1_290' title='bbox 1056 3706 1098 3759; x_wconf 92' lang='lat' dir='ltr'><strong>si</strong></span> <span class='ocrx_word' id='word_1_291' title='bbox 1131 3706 1180 3759; x_wconf 93' lang='lat' dir='ltr'><strong>id</strong></span> <span class='ocrx_word' id='word_1_292' title='bbox 1223 3706 1276 3759; x_wconf 90' lang='lat' dir='ltr'><strong>in</strong></span> <span class='ocrx_word' id='word_1_293' title='bbox 1316 3706 1506 3774; x_wconf 89' lang='lat' dir='ltr'><strong>lapillis</strong></span> <span class='ocrx_word' id='word_1_294' title='bbox 1535 3706 1811 3775; x_wconf 88' lang='lat' dir='ltr'><strong>contingit,</strong></span> 
     </span>
    </p>
   </div>
   <div class='ocr_carea' id='block_1_41' title="bbox 242 3793 1816 3865">
    <p class='ocr_par' dir='ltr' id='par_1_41' title="bbox 242 3793 1816 3865">
     <span class='ocr_line' id='line_1_41' title="bbox 242 3793 1816 3865; baseline 0.002 -19"><span class='ocrx_word' id='word_1_295' title='bbox 242 3793 416 3846; x_wconf 89' lang='lat' dir='ltr'><strong>multo</strong></span> <span class='ocrx_word' id='word_1_296' title='bbox 437 3794 602 3864; x_wconf 89' lang='lat' dir='ltr'><strong>magis</strong></span> <span class='ocrx_word' id='word_1_297' title='bbox 625 3794 762 3849; x_wconf 89' lang='lat' dir='ltr'><strong>idem</strong></span> <span class='ocrx_word' id='word_1_298' title='bbox 789 3796 845 3849; x_wconf 87' lang='lat' dir='ltr'><strong>fit</strong></span> <span class='ocrx_word' id='word_1_299' title='bbox 869 3803 922 3849; x_wconf 90' lang='lat' dir='ltr'><strong>et</strong></span> <span class='ocrx_word' id='word_1_300' title='bbox 950 3796 1002 3849; x_wconf 93' lang='lat' dir='ltr'><strong>in</strong></span> <span class='ocrx_word' id='word_1_301' title='bbox 1027 3796 1302 3851; x_wconf 85' lang='lat' dir='ltr'><strong>animabus</strong></span> <span class='ocrx_word' id='word_1_302' title='bbox 1327 3812 1445 3865; x_wconf 78' lang='lat' dir='ltr'><strong>qua:</strong></span> <span class='ocrx_word' id='word_1_303' title='bbox 1473 3805 1656 3850; x_wconf 91' lang='lat' dir='ltr'><strong>mutuo</strong></span> <span class='ocrx_word' id='word_1_304' title='bbox 1679 3804 1816 3849; x_wconf 87' lang='lat' dir='ltr'><strong>atte-</strong></span> 
     </span>
    </p>
   </div>
   <div class='ocr_carea' id='block_1_42' title="bbox 239 3883 1814 3955">
    <p class='ocr_par' dir='ltr' id='par_1_42' title="bbox 239 3883 1814 3955">
     <span class='ocr_line' id='line_1_42' title="bbox 239 3883 1814 3955; baseline 0.01 -21"><span class='ocrx_word' id='word_1_305' title='bbox 239 3889 444 3934; x_wconf 89' lang='lat' dir='ltr'><strong>runtur</strong></span> <span class='ocrx_word' id='word_1_306' title='bbox 472 3890 525 3935; x_wconf 90' lang='lat' dir='ltr'><strong>et</strong></span> <span class='ocrx_word' id='word_1_307' title='bbox 572 3883 694 3954; x_wconf 86' lang='lat' dir='ltr'><strong>igne</strong></span> <span class='ocrx_word' id='word_1_308' title='bbox 718 3885 954 3955; x_wconf 90' lang='lat' dir='ltr'><strong>Spiritus</strong></span> <span class='ocrx_word' id='word_1_309' title='bbox 981 3890 1389 3944; x_wconf 87' lang='lat' dir='ltr'><strong>concalescunt.</strong></span> <span class='ocrx_word' id='word_1_310' title='bbox 1420 3889 1537 3945; x_wconf 89' lang='lat' dir='ltr'><strong>Non</strong></span> <span class='ocrx_word' id='word_1_311' title='bbox 1577 3889 1814 3950; x_wconf 63' lang='lat' dir='ltr'><strong>audistis</strong></span> 
     </span>
    </p>
   </div>
   <div class='ocr_carea' id='block_1_43' title="bbox 236 3970 1812 4051">
    <p class='ocr_par' dir='ltr' id='par_1_43' title="bbox 236 3970 1812 4051">
     <span class='ocr_line' id='line_1_43' title="bbox 236 3970 1812 4051; baseline 0.01 -28"><span class='ocrx_word' id='word_1_312' title='bbox 236 3970 385 4038; x_wconf 88' lang='lat' dir='ltr'><strong>apud</strong></span> <span class='ocrx_word' id='word_1_313' title='bbox 415 3971 654 4041; x_wconf 87' lang='lat' dir='ltr'><strong>majores</strong></span> <span class='ocrx_word' id='word_1_314' title='bbox 669 3982 888 4030; x_wconf 89' lang='lat' dir='ltr'><strong>nostros</strong></span> <span class='ocrx_word' id='word_1_315' title='bbox 908 3983 1118 4032; x_wconf 88' lang='lat' dir='ltr'><strong>tantum</strong></span> <span class='ocrx_word' id='word_1_316' title='bbox 1132 3988 1352 4034; x_wconf 89' lang='lat' dir='ltr'><strong>centum</strong></span> <span class='ocrx_word' id='word_1_317' title='bbox 1366 3989 1419 4035; x_wconf 88' lang='lat' dir='ltr'><strong>et</strong></span> <span class='ocrx_word' id='word_1_318' title='bbox 1431 3982 1619 4051; x_wconf 87' lang='lat' dir='ltr'><strong>viginti</strong></span> <span class='ocrx_word' id='word_1_319' title='bbox 1640 3982 1812 4039; x_wconf 89' lang='lat' dir='ltr'><strong>fuisse</strong></span> 
     </span>
    </p>
   </div>
   <div class='ocr_carea' id='block_1_44' title="bbox 235 4062 1812 4138">
    <p class='ocr_par' dir='ltr' id='par_1_44' title="bbox 235 4062 1812 4138">
     <span class='ocr_line' id='line_1_44' title="bbox 235 4062 1812 4138; baseline 0.01 -25"><span class='ocrx_word' id='word_1_320' title='bbox 235 4069 416 4115; x_wconf 89' lang='lat' dir='ltr'><strong>totum</strong></span> <span class='ocrx_word' id='word_1_321' title='bbox 447 4062 682 4118; x_wconf 88' lang='lat' dir='ltr'><strong>lidelium</strong></span> <span class='ocrx_word' id='word_1_322' title='bbox 703 4080 986 4121; x_wconf 88' lang='lat' dir='ltr'><strong>numerum</strong></span> <span class='ocrx_word' id='word_1_323' title='bbox 1014 4068 1152 4138; x_wconf 79' lang='lat' dir='ltr'><strong>(Act.</strong></span> <span class='ocrx_word' id='word_1_324' title='bbox 1178 4069 1374 4133; x_wconf 67' lang='lat'><strong>1.15):</strong></span> <span class='ocrx_word' id='word_1_325' title='bbox 1397 4072 1506 4125; x_wconf 92' lang='lat' dir='ltr'><strong>imo</strong></span> <span class='ocrx_word' id='word_1_326' title='bbox 1541 4081 1666 4127; x_wconf 86' lang='lat' dir='ltr'><strong>ante</strong></span> <span class='ocrx_word' id='word_1_327' title='bbox 1687 4072 1812 4132; x_wconf 78' lang='lat' dir='ltr'><strong>illos</strong></span> 
     </span>
    </p>
   </div>
   <div class='ocr_carea' id='block_1_45' title="bbox 240 4155 1820 4226">
    <p class='ocr_par' dir='ltr' id='par_1_45' title="bbox 240 4155 1820 4226">
     <span class='ocr_line' id='line_1_45' title="bbox 240 4155 1820 4226; baseline 0.003 -19"><span class='ocrx_word' id='word_1_328' title='bbox 240 4163 462 4208; x_wconf 69' lang='lat' dir='ltr'><strong>uentum</strong></span> <span class='ocrx_word' id='word_1_329' title='bbox 491 4163 545 4208; x_wconf 90' lang='lat' dir='ltr'><strong>et</strong></span> <span class='ocrx_word' id='word_1_330' title='bbox 581 4155 786 4224; x_wconf 85' lang='lat' dir='ltr'><strong>viginti,</strong></span> <span class='ocrx_word' id='word_1_331' title='bbox 817 4155 1097 4210; x_wconf 89' lang='lat' dir='ltr'><strong>duodecim</strong></span> <span class='ocrx_word' id='word_1_332' title='bbox 1134 4165 1336 4211; x_wconf 88' lang='lat' dir='ltr'><strong>tantum</strong></span> <span class='ocrx_word' id='word_1_333' title='bbox 1363 4164 1535 4222; x_wconf 88' lang='lat' dir='ltr'><strong>erant,</strong></span> <span class='ocrx_word' id='word_1_334' title='bbox 1561 4165 1616 4211; x_wconf 92' lang='lat' dir='ltr'><strong>et</strong></span> <span class='ocrx_word' id='word_1_335' title='bbox 1649 4172 1820 4226; x_wconf 87' lang='lat' dir='ltr'><strong>neque</strong></span> 
     </span>
    </p>
   </div>
   <div class='ocr_carea' id='block_1_46' title="bbox 234 4231 1821 4314">
    <p class='ocr_par' dir='ltr' id='par_1_46' title="bbox 234 4231 1821 4314">
     <span class='ocr_line' id='line_1_46' title="bbox 234 4231 1821 4314; baseline 0.001 -16"><span class='ocrx_word' id='word_1_336' title='bbox 234 4231 305 4298; x_wconf 80' lang='lat' dir='ltr'><strong>hi</strong></span> <span class='ocrx_word' id='word_1_337' title='bbox 346 4254 652 4300; x_wconf 87' lang='lat' dir='ltr'><strong>manserunt</strong></span> <span class='ocrx_word' id='word_1_338' title='bbox 690 4261 896 4310; x_wconf 86' lang='lat' dir='ltr'><strong>omnes,</strong></span> <span class='ocrx_word' id='word_1_339' title='bbox 927 4246 1019 4300; x_wconf 90' lang='lat' dir='ltr'><strong>sed</strong></span> <span class='ocrx_word' id='word_1_340' title='bbox 1050 4262 1183 4301; x_wconf 90' lang='lat' dir='ltr'><strong>unus</strong></span> <span class='ocrx_word' id='word_1_341' title='bbox 1225 4262 1288 4299; x_wconf 91' lang='lat' dir='ltr'><strong>ex</strong></span> <span class='ocrx_word' id='word_1_342' title='bbox 1319 4247 1398 4300; x_wconf 88' lang='lat' dir='ltr'><strong>eis</strong></span> <span class='ocrx_word' id='word_1_343' title='bbox 1434 4245 1596 4300; x_wconf 88' lang='lat' dir='ltr'><strong>Judas</strong></span> <span class='ocrx_word' id='word_1_344' title='bbox 1625 4245 1821 4314; x_wconf 82' lang='lat' dir='ltr'><strong>periit?</strong></span> 
     </span>
    </p>
   </div>
   <div class='ocr_carea' id='block_1_47' title="bbox 245 4335 1821 4402">
    <p class='ocr_par' dir='ltr' id='par_1_47' title="bbox 245 4335 1821 4402">
     <span class='ocr_line' id='line_1_47' title="bbox 245 4335 1821 4402; baseline 0.001 -12"><span class='ocrx_word' id='word_1_345' title='bbox 245 4335 317 4390; x_wconf 82' lang='lat' dir='ltr'><strong>Et</strong></span> <span class='ocrx_word' id='word_1_346' title='bbox 354 4346 507 4389; x_wconf 86' lang='lat' dir='ltr'><strong>erant</strong></span> <span class='ocrx_word' id='word_1_347' title='bbox 545 4335 789 4391; x_wconf 90' lang='lat' dir='ltr'><strong>undecim</strong></span> <span class='ocrx_word' id='word_1_348' title='bbox 820 4351 1025 4402; x_wconf 88' lang='lat' dir='ltr'><strong>omnes,</strong></span> <span class='ocrx_word' id='word_1_349' title='bbox 1068 4348 1298 4392; x_wconf 87' lang='lat' dir='ltr'><strong>attamen</strong></span> <span class='ocrx_word' id='word_1_350' title='bbox 1338 4353 1405 4392; x_wconf 84' lang='lat' dir='ltr'><strong>ex</strong></span> <span class='ocrx_word' id='word_1_351' title='bbox 1439 4337 1685 4392; x_wconf 90' lang='lat' dir='ltr'><strong>undecim</strong></span> <span class='ocrx_word' id='word_1_352' title='bbox 1717 4337 1821 4392; x_wconf 90' lang='lat' dir='ltr'><strong>illis</strong></span> 
     </span>
    </p>
   </div>
   <div class='ocr_carea' id='block_1_48' title="bbox 244 4426 1820 4498">
    <p class='ocr_par' dir='ltr' id='par_1_48' title="bbox 244 4426 1820 4498">
     <span class='ocr_line' id='line_1_48' title="bbox 244 4426 1820 4498; baseline 0.003 -18"><span class='ocrx_word' id='word_1_353' title='bbox 244 4426 372 4481; x_wconf 88' lang='lat' dir='ltr'><strong>facti</strong></span> <span class='ocrx_word' id='word_1_354' title='bbox 394 4434 516 4480; x_wconf 92' lang='lat' dir='ltr'><strong>sunt</strong></span> <span class='ocrx_word' id='word_1_355' title='bbox 536 4435 746 4480; x_wconf 90' lang='lat' dir='ltr'><strong>centum</strong></span> <span class='ocrx_word' id='word_1_356' title='bbox 775 4437 830 4483; x_wconf 93' lang='lat' dir='ltr'><strong>et</strong></span> <span class='ocrx_word' id='word_1_357' title='bbox 855 4429 1072 4496; x_wconf 89' lang='lat' dir='ltr'><strong>viginti;</strong></span> <span class='ocrx_word' id='word_1_358' title='bbox 1095 4443 1160 4482; x_wconf 85' lang='lat' dir='ltr'><strong>ex</strong></span> <span class='ocrx_word' id='word_1_359' title='bbox 1188 4437 1398 4483; x_wconf 87' lang='lat' dir='ltr'><strong>centum</strong></span> <span class='ocrx_word' id='word_1_360' title='bbox 1427 4438 1482 4484; x_wconf 89' lang='lat' dir='ltr'><strong>et</strong></span> <span class='ocrx_word' id='word_1_361' title='bbox 1506 4428 1689 4498; x_wconf 85' lang='lat' dir='ltr'><strong>viginti</strong></span> <span class='ocrx_word' id='word_1_362' title='bbox 1721 4431 1820 4484; x_wconf 89' lang='lat' dir='ltr'><strong>tria</strong></span> 
     </span>
    </p>
   </div>
   <div class='ocr_carea' id='block_1_49' title="bbox 955 96 1806 210">
    <p class='ocr_par' dir='ltr' id='par_1_49' title="bbox 955 96 1806 200">
     <span class='ocr_line' id='line_1_49' title="bbox 955 96 1806 200; baseline 0.001 -1"><span class='ocrx_word' id='word_1_363' title='bbox 955 142 1078 199; x_wconf 74' lang='lat' dir='ltr'><strong>ne</strong></span> <span class='ocrx_word' id='word_1_364' title='bbox 1115 141 1378 200; x_wconf 80' lang='lat' dir='ltr'><strong>cums&#39;rt</strong></span> <span class='ocrx_word' id='word_1_365' title='bbox 1418 96 1806 200; x_wconf 57' lang='lat' dir='ltr'><strong>nivi-mritth</strong></span> 
     </span>
    </p>
   </div>
   <div class='ocr_carea' id='block_1_50' title="bbox 1912 96 2702 210">
    <p class='ocr_par' dir='ltr' id='par_1_50' title="bbox 1912 143 2702 204">
     <span class='ocr_line' id='line_1_50' title="bbox 1912 143 2702 204; baseline 0.003 -2"><span class='ocrx_word' id='word_1_366' title='bbox 1912 143 2138 202; x_wconf 68' lang='grc' dir='ltr'><strong>ΟΝἸἮΑ</strong></span> <span class='ocrx_word' id='word_1_367' title='bbox 2174 145 2546 204; x_wconf 71' lang='grc' dir='ltr'><strong>ΑΝοΜαεΟε.</strong></span> <span class='ocrx_word' id='word_1_368' title='bbox 2586 148 2702 204; x_wconf 78' lang='lat' dir='ltr'><strong>XII.</strong></span> 
     </span>
    </p>
   </div>
   <div class='ocr_carea' id='block_1_51' title="bbox 3366 151 3469 209">
    <p class='ocr_par' dir='ltr' id='par_1_51' title="bbox 3366 151 3469 209">
     <span class='ocr_line' id='line_1_51' title="bbox 3366 151 3469 209; baseline 0.01 -1"><span class='ocrx_word' id='word_1_369' title='bbox 3366 151 3469 209; x_wconf 65' lang='lat'><strong>80%</strong></span> 
     </span>
    </p>
   </div>
   <div class='ocr_carea' id='block_1_52' title="bbox 1899 252 3468 336">
    <p class='ocr_par' dir='ltr' id='par_1_52' title="bbox 1899 252 3468 336">
     <span class='ocr_line' id='line_1_52' title="bbox 1899 252 3468 336; baseline 0.006 -23"><span class='ocrx_word' id='word_1_370' title='bbox 1899 259 2082 325; x_wconf 90' lang='lat' dir='ltr'><strong>millia,</strong></span> <span class='ocrx_word' id='word_1_371' title='bbox 2111 261 2304 315; x_wconf 88' lang='lat' dir='ltr'><strong>deinde</strong></span> <span class='ocrx_word' id='word_1_372' title='bbox 2343 263 2575 332; x_wconf 92' lang='lat' dir='ltr'><strong>quinque</strong></span> <span class='ocrx_word' id='word_1_373' title='bbox 2601 264 2786 326; x_wconf 88' lang='lat' dir='ltr'><strong>millia.</strong></span> <span class='ocrx_word' id='word_1_374' title='bbox 2819 252 3060 336; x_wconf 78' lang='lat' dir='ltr'><strong>denique</strong></span> <span class='ocrx_word' id='word_1_375' title='bbox 3078 274 3254 320; x_wconf 82' lang='lat' dir='ltr'><strong>totum</strong></span> <span class='ocrx_word' id='word_1_376' title='bbox 3285 267 3468 322; x_wconf 86' lang='lat' dir='ltr'><strong>orbem</strong></span> 
     </span>
    </p>
   </div>
   <div class='ocr_carea' id='block_1_53' title="bbox 1905 353 3471 426">
    <p class='ocr_par' dir='ltr' id='par_1_53' title="bbox 1905 353 3471 426">
     <span class='ocr_line' id='line_1_53' title="bbox 1905 353 3471 426; baseline 0.008 -23"><span class='ocrx_word' id='word_1_377' title='bbox 1905 359 2162 404; x_wconf 89' lang='lat' dir='ltr'><strong>terrarum</strong></span> <span class='ocrx_word' id='word_1_378' title='bbox 2209 353 2558 422; x_wconf 88' lang='lat' dir='ltr'><strong>impleverunt</strong></span> <span class='ocrx_word' id='word_1_379' title='bbox 2583 356 2886 424; x_wconf 89' lang='lat' dir='ltr'><strong>cognitione</strong></span> <span class='ocrx_word' id='word_1_380' title='bbox 2916 358 3029 412; x_wconf 84' lang='lat' dir='ltr'><strong>Dei.</strong></span> <span class='ocrx_word' id='word_1_381' title='bbox 3074 359 3200 426; x_wconf 85' lang='lat' dir='ltr'><strong>Ejus</strong></span> <span class='ocrx_word' id='word_1_382' title='bbox 3235 373 3359 412; x_wconf 87' lang='lat' dir='ltr'><strong>vcrn</strong></span> <span class='ocrx_word' id='word_1_383' title='bbox 3395 360 3471 416; x_wconf 84' lang='lat' dir='ltr'><strong>rei</strong></span> 
     </span>
    </p>
   </div>
   <div class='ocr_carea' id='block_1_54' title="bbox 1889 441 3471 515">
    <p class='ocr_par' dir='ltr' id='par_1_54' title="bbox 1889 441 3471 515">
     <span class='ocr_line' id='line_1_54' title="bbox 1889 441 3471 515; baseline 0.006 -22"><span class='ocrx_word' id='word_1_384' title='bbox 1889 454 2060 495; x_wconf 81' lang='lat' dir='ltr'><strong>causa</strong></span> <span class='ocrx_word' id='word_1_385' title='bbox 2090 441 2203 495; x_wconf 77' lang='lat' dir='ltr'><strong>lucc</strong></span> <span class='ocrx_word' id='word_1_386' title='bbox 2225 451 2326 496; x_wconf 90' lang='lat' dir='ltr'><strong>est.</strong></span> <span class='ocrx_word' id='word_1_387' title='bbox 2353 443 2646 513; x_wconf 87' lang='lat' dir='ltr'><strong>Numquam</strong></span> <span class='ocrx_word' id='word_1_388' title='bbox 2673 454 2988 501; x_wconf 86' lang='lat' dir='ltr'><strong>conventum</strong></span> <span class='ocrx_word' id='word_1_389' title='bbox 3016 447 3349 515; x_wconf 85' lang='lat' dir='ltr'><strong>deserebant,</strong></span> <span class='ocrx_word' id='word_1_390' title='bbox 3375 449 3471 503; x_wconf 83' lang='lat' dir='ltr'><strong>sed</strong></span> 
     </span>
    </p>
   </div>
   <div class='ocr_carea' id='block_1_55' title="bbox 1901 529 3471 604">
    <p class='ocr_par' dir='ltr' id='par_1_55' title="bbox 1901 529 3471 604">
     <span class='ocr_line' id='line_1_55' title="bbox 1901 529 3471 604; baseline 0.006 -22"><span class='ocrx_word' id='word_1_391' title='bbox 1901 529 2059 583; x_wconf 85' lang='lat' dir='ltr'><strong>simul</strong></span> <span class='ocrx_word' id='word_1_392' title='bbox 2097 530 2148 584; x_wconf 93' lang='lat' dir='ltr'><strong>i-n</strong></span> <span class='ocrx_word' id='word_1_393' title='bbox 2190 533 2388 602; x_wconf 88' lang='lat' dir='ltr'><strong>templo</strong></span> <span class='ocrx_word' id='word_1_394' title='bbox 2424 535 2890 601; x_wconf 85' lang='lat' dir='ltr'><strong>conversabantur,</strong></span> <span class='ocrx_word' id='word_1_395' title='bbox 2931 537 3173 604; x_wconf 89' lang='lat' dir='ltr'><strong>precibus</strong></span> <span class='ocrx_word' id='word_1_396' title='bbox 3205 546 3259 592; x_wconf 90' lang='lat' dir='ltr'><strong>et</strong></span> <span class='ocrx_word' id='word_1_397' title='bbox 3288 538 3471 592; x_wconf 68' lang='lat' dir='ltr'><strong>lectioo</strong></span> 
     </span>
    </p>
   </div>
   <div class='ocr_carea' id='block_1_56' title="bbox 1903 620 3468 694">
    <p class='ocr_par' dir='ltr' id='par_1_56' title="bbox 1903 620 3468 694">
     <span class='ocr_line' id='line_1_56' title="bbox 1903 620 3468 694; baseline 0.006 -22"><span class='ocrx_word' id='word_1_398' title='bbox 1903 620 2057 673; x_wconf 87' lang='lat' dir='ltr'><strong>nibus</strong></span> <span class='ocrx_word' id='word_1_399' title='bbox 2087 621 2271 675; x_wconf 89' lang='lat' dir='ltr'><strong>intenti</strong></span> <span class='ocrx_word' id='word_1_400' title='bbox 2304 639 2318 673; x_wconf 91' lang='lat'><strong>:</strong></span> <span class='ocrx_word' id='word_1_401' title='bbox 2353 631 2628 692; x_wconf 89' lang='lat' dir='ltr'><strong>propterea</strong></span> <span class='ocrx_word' id='word_1_402' title='bbox 2656 640 2902 694; x_wconf 86' lang='lat' dir='ltr'><strong>magnum</strong></span> <span class='ocrx_word' id='word_1_403' title='bbox 2931 626 3231 681; x_wconf 89' lang='lat' dir='ltr'><strong>incendium</strong></span> <span class='ocrx_word' id='word_1_404' title='bbox 3260 628 3468 681; x_wconf 79' lang='lat' dir='ltr'><strong>excita-</strong></span> 
     </span>
    </p>
   </div>
   <div class='ocr_carea' id='block_1_57' title="bbox 1903 714 3470 782">
    <p class='ocr_par' dir='ltr' id='par_1_57' title="bbox 1903 714 3470 782">
     <span class='ocr_line' id='line_1_57' title="bbox 1903 714 3470 782; baseline 0.004 -18"><span class='ocrx_word' id='word_1_405' title='bbox 1903 719 2054 774; x_wconf 93' lang='lat' dir='ltr'><strong>runt,</strong></span> <span class='ocrx_word' id='word_1_406' title='bbox 2108 719 2386 780; x_wconf 86' lang='lat' dir='ltr'><strong>propterea</strong></span> <span class='ocrx_word' id='word_1_407' title='bbox 2434 729 2720 782; x_wconf 88' lang='lat' dir='ltr'><strong>numquam</strong></span> <span class='ocrx_word' id='word_1_408' title='bbox 2762 714 3126 782; x_wconf 85' lang='lat' dir='ltr'><strong>diffluxerunt,</strong></span> <span class='ocrx_word' id='word_1_409' title='bbox 3168 717 3260 771; x_wconf 88' lang='lat' dir='ltr'><strong>sed</strong></span> <span class='ocrx_word' id='word_1_410' title='bbox 3302 727 3470 771; x_wconf 89' lang='lat' dir='ltr'><strong>totum</strong></span> 
     </span>
    </p>
   </div>
   <div class='ocr_carea' id='block_1_58' title="bbox 1903 804 3468 877">
    <p class='ocr_par' dir='ltr' id='par_1_58' title="bbox 1903 804 3468 877">
     <span class='ocr_line' id='line_1_58' title="bbox 1903 804 3468 877; baseline 0.004 -22"><span class='ocrx_word' id='word_1_411' title='bbox 1903 810 2230 856; x_wconf 77' lang='lat' dir='ltr'><strong>attraxerant</strong></span> <span class='ocrx_word' id='word_1_412' title='bbox 2276 804 2480 858; x_wconf 89' lang='lat' dir='ltr'><strong>orbem.</strong></span> <span class='ocrx_word' id='word_1_413' title='bbox 2527 804 2634 859; x_wconf 87' lang='lat' dir='ltr'><strong>Hos</strong></span> <span class='ocrx_word' id='word_1_414' title='bbox 2677 816 2731 860; x_wconf 91' lang='lat' dir='ltr'><strong>et</strong></span> <span class='ocrx_word' id='word_1_415' title='bbox 2780 821 2878 860; x_wconf 92' lang='lat' dir='ltr'><strong>nos</strong></span> <span class='ocrx_word' id='word_1_416' title='bbox 2925 823 3134 877; x_wconf 87' lang='lat' dir='ltr'><strong>quoque</strong></span> <span class='ocrx_word' id='word_1_417' title='bbox 3181 808 3468 862; x_wconf 88' lang='lat' dir='ltr'><strong>imitenmr.</strong></span> 
     </span>
    </p>
   </div>
   <div class='ocr_carea' id='block_1_59' title="bbox 1903 892 3468 961">
    <p class='ocr_par' dir='ltr' id='par_1_59' title="bbox 1903 892 3468 961">
     <span class='ocr_line' id='line_1_59' title="bbox 1903 892 3468 961; baseline 0.006 -18"><span class='ocrx_word' id='word_1_418' title='bbox 1903 892 2179 958; x_wconf 89' lang='lat' dir='ltr'><strong>Quomodo</strong></span> <span class='ocrx_word' id='word_1_419' title='bbox 2220 893 2360 946; x_wconf 91' lang='lat' dir='ltr'><strong>enim</strong></span> <span class='ocrx_word' id='word_1_420' title='bbox 2398 908 2502 946; x_wconf 93' lang='lat' dir='ltr'><strong>non</strong></span> <span class='ocrx_word' id='word_1_421' title='bbox 2549 894 2856 961; x_wconf 88' lang='lat' dir='ltr'><strong>absurdum,</strong></span> <span class='ocrx_word' id='word_1_422' title='bbox 2897 911 3002 950; x_wconf 90' lang='lat' dir='ltr'><strong>non</strong></span> <span class='ocrx_word' id='word_1_423' title='bbox 3049 906 3245 950; x_wconf 90' lang='lat' dir='ltr'><strong>tantam</strong></span> <span class='ocrx_word' id='word_1_424' title='bbox 3288 907 3468 952; x_wconf 85' lang='lat' dir='ltr'><strong>cdram</strong></span> 
     </span>
    </p>
   </div>
   <div class='ocr_carea' id='block_1_60' title="bbox 1905 983 3468 1054">
    <p class='ocr_par' dir='ltr' id='par_1_60' title="bbox 1905 983 3468 1054">
     <span class='ocr_line' id='line_1_60' title="bbox 1905 983 3468 1054; baseline 0.004 -18"><span class='ocrx_word' id='word_1_425' title='bbox 1905 983 2156 1038; x_wconf 66' lang='lat' dir='ltr'><strong>Ecclesiae</strong></span> <span class='ocrx_word' id='word_1_426' title='bbox 2185 985 2389 1051; x_wconf 90' lang='lat' dir='ltr'><strong>haberi,</strong></span> <span class='ocrx_word' id='word_1_427' title='bbox 2416 994 2664 1054; x_wconf 90' lang='lat' dir='ltr'><strong>quantam</strong></span> <span class='ocrx_word' id='word_1_428' title='bbox 2697 988 2881 1042; x_wconf 89' lang='lat' dir='ltr'><strong>vicinis</strong></span> <span class='ocrx_word' id='word_1_429' title='bbox 2912 989 3022 1042; x_wconf 90' lang='lat' dir='ltr'><strong>suis</strong></span> <span class='ocrx_word' id='word_1_430' title='bbox 3051 990 3296 1044; x_wconf 88' lang='lat' dir='ltr'><strong>mulieres</strong></span> <span class='ocrx_word' id='word_1_431' title='bbox 3322 989 3468 1043; x_wconf 83' lang='lat' dir='ltr'><strong>exhi-</strong></span> 
     </span>
    </p>
   </div>
   <div class='ocr_carea' id='block_1_61' title="bbox 1904 1073 3467 1149">
    <p class='ocr_par' dir='ltr' id='par_1_61' title="bbox 1904 1073 3467 1149">
     <span class='ocr_line' id='line_1_61' title="bbox 1904 1073 3467 1149; baseline 0.004 -23"><span class='ocrx_word' id='word_1_432' title='bbox 1904 1073 2066 1128; x_wconf 87' lang='lat' dir='ltr'><strong>bent?</strong></span> <span class='ocrx_word' id='word_1_433' title='bbox 2096 1075 2199 1128; x_wconf 72' lang='lat' dir='ltr'><strong>Illte</strong></span> <span class='ocrx_word' id='word_1_434' title='bbox 2219 1091 2339 1129; x_wconf 90' lang='lat' dir='ltr'><strong>eum</strong></span> <span class='ocrx_word' id='word_1_435' title='bbox 2371 1077 2596 1131; x_wconf 86' lang='lat' dir='ltr'><strong>viderint</strong></span> <span class='ocrx_word' id='word_1_436' title='bbox 2622 1077 2878 1144; x_wconf 89' lang='lat' dir='ltr'><strong>virginem</strong></span> <span class='ocrx_word' id='word_1_437' title='bbox 2904 1079 3130 1148; x_wconf 91' lang='lat' dir='ltr'><strong>aliquam</strong></span> <span class='ocrx_word' id='word_1_438' title='bbox 3159 1094 3467 1149; x_wconf 80' lang='lat' dir='ltr'><strong>pauperem,</strong></span> 
     </span>
    </p>
   </div>
   <div class='ocr_carea' id='block_1_62' title="bbox 1903 1165 3468 1235">
    <p class='ocr_par' dir='ltr' id='par_1_62' title="bbox 1903 1165 3468 1235">
     <span class='ocr_line' id='line_1_62' title="bbox 1903 1165 3468 1235; baseline 0.003 -18"><span class='ocrx_word' id='word_1_439' title='bbox 1903 1174 1958 1218; x_wconf 90' lang='lat' dir='ltr'><strong>et</strong></span> <span class='ocrx_word' id='word_1_440' title='bbox 1985 1166 2128 1219; x_wconf 92' lang='lat' dir='ltr'><strong>omni</strong></span> <span class='ocrx_word' id='word_1_441' title='bbox 2168 1165 2469 1220; x_wconf 86' lang='lat' dir='ltr'><strong>destitutam</strong></span> <span class='ocrx_word' id='word_1_442' title='bbox 2511 1168 2779 1235; x_wconf 70' lang='lat' dir='ltr'><strong>prmsidio,</strong></span> <span class='ocrx_word' id='word_1_443' title='bbox 2807 1167 3044 1223; x_wconf 86' lang='lat' dir='ltr'><strong>officiose</strong></span> <span class='ocrx_word' id='word_1_444' title='bbox 3084 1183 3178 1222; x_wconf 89' lang='lat' dir='ltr'><strong>sua</strong></span> <span class='ocrx_word' id='word_1_445' title='bbox 3220 1170 3468 1232; x_wconf 77' lang='lat' dir='ltr'><strong>afferunt,</strong></span> 
     </span>
    </p>
   </div>
   <div class='ocr_carea' id='block_1_63' title="bbox 1904 1255 3470 1331">
    <p class='ocr_par' dir='ltr' id='par_1_63' title="bbox 1904 1255 3470 1331">
     <span class='ocr_line' id='line_1_63' title="bbox 1904 1255 3470 1331; baseline 0.004 -22"><span class='ocrx_word' id='word_1_446' title='bbox 1904 1255 2317 1325; x_wconf 84' lang='lat' dir='ltr'><strong>propinquorum</strong></span> <span class='ocrx_word' id='word_1_447' title='bbox 2360 1259 2504 1313; x_wconf 88' lang='lat' dir='ltr'><strong>vices</strong></span> <span class='ocrx_word' id='word_1_448' title='bbox 2540 1259 2818 1324; x_wconf 89' lang='lat' dir='ltr'><strong>obeuntes,</strong></span> <span class='ocrx_word' id='word_1_449' title='bbox 2862 1269 2916 1314; x_wconf 89' lang='lat' dir='ltr'><strong>et</strong></span> <span class='ocrx_word' id='word_1_450' title='bbox 2958 1276 3199 1329; x_wconf 86' lang='lat' dir='ltr'><strong>magnam</strong></span> <span class='ocrx_word' id='word_1_451' title='bbox 3242 1263 3359 1331; x_wconf 90' lang='lat' dir='ltr'><strong>quis</strong></span> <span class='ocrx_word' id='word_1_452' title='bbox 3399 1262 3470 1316; x_wconf 90' lang='lat' dir='ltr'><strong>ibi</strong></span> 
     </span>
    </p>
   </div>
   <div class='ocr_carea' id='block_1_64' title="bbox 1903 1348 3472 1421">
    <p class='ocr_par' dir='ltr' id='par_1_64' title="bbox 1903 1348 3472 1421">
     <span class='ocr_line' id='line_1_64' title="bbox 1903 1348 3472 1421; baseline 0.004 -19"><span class='ocrx_word' id='word_1_453' title='bbox 1903 1348 2046 1403; x_wconf 89' lang='lat' dir='ltr'><strong>videt</strong></span> <span class='ocrx_word' id='word_1_454' title='bbox 2088 1350 2454 1418; x_wconf 86' lang='lat' dir='ltr'><strong>frequentiam,</strong></span> <span class='ocrx_word' id='word_1_455' title='bbox 2492 1351 2617 1404; x_wconf 90' lang='lat' dir='ltr'><strong>dum</strong></span> <span class='ocrx_word' id='word_1_456' title='bbox 2660 1352 2807 1421; x_wconf 86' lang='lat' dir='ltr'><strong>virgo</strong></span> <span class='ocrx_word' id='word_1_457' title='bbox 2845 1351 3238 1420; x_wconf 89' lang='lat' dir='ltr'><strong>desponsatur:</strong></span> <span class='ocrx_word' id='word_1_458' title='bbox 3271 1362 3324 1408; x_wconf 92' lang='lat' dir='ltr'><strong>et</strong></span> <span class='ocrx_word' id='word_1_459' title='bbox 3355 1353 3472 1408; x_wconf 75' lang='lat' dir='ltr'><strong>alia:</strong></span> 
     </span>
    </p>
   </div>
   <div class='ocr_carea' id='block_1_65' title="bbox 1902 1439 3472 1511">
    <p class='ocr_par' dir='ltr' id='par_1_65' title="bbox 1902 1439 3472 1511">
     <span class='ocr_line' id='line_1_65' title="bbox 1902 1439 3472 1511; baseline 0.002 -19"><span class='ocrx_word' id='word_1_460' title='bbox 1902 1440 2114 1509; x_wconf 90' lang='lat' dir='ltr'><strong>quidem</strong></span> <span class='ocrx_word' id='word_1_461' title='bbox 2159 1439 2388 1493; x_wconf 73' lang='lat' dir='ltr'><strong>offerunt</strong></span> <span class='ocrx_word' id='word_1_462' title='bbox 2427 1441 2707 1509; x_wconf 87' lang='lat' dir='ltr'><strong>pecunias,</strong></span> <span class='ocrx_word' id='word_1_463' title='bbox 2751 1441 2868 1494; x_wconf 74' lang='lat' dir='ltr'><strong>alia:</strong></span> <span class='ocrx_word' id='word_1_464' title='bbox 2919 1455 3142 1510; x_wconf 90' lang='lat' dir='ltr'><strong>corpore</strong></span> <span class='ocrx_word' id='word_1_465' title='bbox 3184 1451 3472 1511; x_wconf 61' lang='lat' dir='ltr'><strong>pra‘sentes</strong></span> 
     </span>
    </p>
   </div>
   <div class='ocr_carea' id='block_1_66' title="bbox 1879 1529 3472 1600">
    <p class='ocr_par' dir='ltr' id='par_1_66' title="bbox 1879 1529 3472 1600">
     <span class='ocr_line' id='line_1_66' title="bbox 1879 1529 3472 1600; baseline 0 -20"><span class='ocrx_word' id='word_1_466' title='bbox 1879 1538 2045 1592; x_wconf 85' lang='lat' dir='ltr'><strong>sunt,</strong></span> <span class='ocrx_word' id='word_1_467' title='bbox 2071 1529 2210 1599; x_wconf 91' lang='lat' dir='ltr'><strong>quod</strong></span> <span class='ocrx_word' id='word_1_468' title='bbox 2235 1531 2392 1583; x_wconf 83' lang='lat' dir='ltr'><strong>etiam</strong></span> <span class='ocrx_word' id='word_1_469' title='bbox 2411 1532 2582 1599; x_wconf 91' lang='lat' dir='ltr'><strong>ipsum</strong></span> <span class='ocrx_word' id='word_1_470' title='bbox 2607 1547 2709 1585; x_wconf 91' lang='lat' dir='ltr'><strong>non</strong></span> <span class='ocrx_word' id='word_1_471' title='bbox 2731 1546 2916 1600; x_wconf 90' lang='lat' dir='ltr'><strong>parum</strong></span> <span class='ocrx_word' id='word_1_472' title='bbox 2932 1541 3014 1584; x_wconf 91' lang='lat' dir='ltr'><strong>est</strong></span> <span class='ocrx_word' id='word_1_473' title='bbox 3038 1548 3052 1585; x_wconf 89' lang='lat'>:</span> <span class='ocrx_word' id='word_1_474' title='bbox 3075 1545 3255 1585; x_wconf 87' lang='lat' dir='ltr'><strong>earum</strong></span> <span class='ocrx_word' id='word_1_475' title='bbox 3279 1532 3472 1600; x_wconf 79' lang='lat' dir='ltr'><strong>quippe</strong></span> 
     </span>
    </p>
   </div>
   <div class='ocr_carea' id='block_1_67' title="bbox 1885 1619 3469 1690">
    <p class='ocr_par' dir='ltr' id='par_1_67' title="bbox 1885 1619 3469 1690">
     <span class='ocr_line' id='line_1_67' title="bbox 1885 1619 3469 1690; baseline 0.002 -18"><span class='ocrx_word' id='word_1_476' title='bbox 1885 1619 2135 1673; x_wconf 81' lang='lat' dir='ltr'><strong>studium</strong></span> <span class='ocrx_word' id='word_1_477' title='bbox 2161 1620 2431 1673; x_wconf 89' lang='lat' dir='ltr'><strong>tenuitatis</strong></span> <span class='ocrx_word' id='word_1_478' title='bbox 2458 1620 2623 1689; x_wconf 91' lang='lat' dir='ltr'><strong>ipsius</strong></span> <span class='ocrx_word' id='word_1_479' title='bbox 2643 1621 2884 1674; x_wconf 91' lang='lat' dir='ltr'><strong>velamen</strong></span> <span class='ocrx_word' id='word_1_480' title='bbox 2913 1629 3014 1685; x_wconf 90' lang='lat' dir='ltr'><strong>est,</strong></span> <span class='ocrx_word' id='word_1_481' title='bbox 3043 1635 3330 1690; x_wconf 84' lang='lat' dir='ltr'><strong>earumque</strong></span> <span class='ocrx_word' id='word_1_482' title='bbox 3357 1623 3469 1675; x_wconf 89' lang='lat' dir='ltr'><strong>ala—</strong></span> 
     </span>
    </p>
   </div>
   <div class='ocr_carea' id='block_1_68' title="bbox 1903 1711 3470 1780">
    <p class='ocr_par' dir='ltr' id='par_1_68' title="bbox 1903 1711 3470 1780">
     <span class='ocr_line' id='line_1_68' title="bbox 1903 1711 3470 1780; baseline 0.004 -18"><span class='ocrx_word' id='word_1_483' title='bbox 1903 1711 2090 1764; x_wconf 83' lang='lat' dir='ltr'><strong>critate</strong></span> <span class='ocrx_word' id='word_1_484' title='bbox 2118 1721 2397 1778; x_wconf 88' lang='lat' dir='ltr'><strong>paupertas</strong></span> <span class='ocrx_word' id='word_1_485' title='bbox 2425 1712 2707 1780; x_wconf 90' lang='lat' dir='ltr'><strong>obtegitur.</strong></span> <span class='ocrx_word' id='word_1_486' title='bbox 2737 1713 2847 1767; x_wconf 91' lang='lat' dir='ltr'><strong>lloc</strong></span> <span class='ocrx_word' id='word_1_487' title='bbox 2871 1721 2925 1766; x_wconf 89' lang='lat' dir='ltr'><strong>et</strong></span> <span class='ocrx_word' id='word_1_488' title='bbox 2951 1727 3046 1766; x_wconf 89' lang='lat' dir='ltr'><strong>vos</strong></span> <span class='ocrx_word' id='word_1_489' title='bbox 3075 1713 3125 1766; x_wconf 89' lang='lat' dir='ltr'><strong>in</strong></span> <span class='ocrx_word' id='word_1_490' title='bbox 3157 1712 3255 1766; x_wconf 89' lang='lat' dir='ltr'><strong>hac</strong></span> <span class='ocrx_word' id='word_1_491' title='bbox 3283 1713 3470 1768; x_wconf 85' lang='lat' dir='ltr'><strong>Eccle-</strong></span> 
     </span>
    </p>
   </div>
   <div class='ocr_carea' id='block_1_69' title="bbox 1905 1801 3468 1872">
    <p class='ocr_par' dir='ltr' id='par_1_69' title="bbox 1905 1801 3468 1872">
     <span class='ocr_line' id='line_1_69' title="bbox 1905 1801 3468 1872; baseline 0.001 -18"><span class='ocrx_word' id='word_1_492' title='bbox 1905 1801 1980 1855; x_wconf 91' lang='lat' dir='ltr'><strong>sia</strong></span> <span class='ocrx_word' id='word_1_493' title='bbox 2007 1801 2160 1855; x_wconf 89' lang='lat' dir='ltr'><strong>facite</strong></span> <span class='ocrx_word' id='word_1_494' title='bbox 2188 1819 2202 1856; x_wconf 93' lang='lat'><strong>:</strong></span> <span class='ocrx_word' id='word_1_495' title='bbox 2230 1816 2609 1855; x_wconf 89' lang='lat' dir='ltr'><strong>concurramus</strong></span> <span class='ocrx_word' id='word_1_496' title='bbox 2631 1817 2814 1856; x_wconf 90' lang='lat' dir='ltr'><strong>omnes</strong></span> <span class='ocrx_word' id='word_1_497' title='bbox 2836 1803 3086 1872; x_wconf 88' lang='lat' dir='ltr'><strong>undique,</strong></span> <span class='ocrx_word' id='word_1_498' title='bbox 3117 1812 3172 1856; x_wconf 90' lang='lat' dir='ltr'><strong>et</strong></span> <span class='ocrx_word' id='word_1_499' title='bbox 3199 1804 3314 1871; x_wconf 89' lang='lat' dir='ltr'><strong>ejus</strong></span> <span class='ocrx_word' id='word_1_500' title='bbox 3338 1818 3468 1857; x_wconf 90' lang='lat' dir='ltr'><strong>con-</strong></span> 
     </span>
    </p>
   </div>
   <div class='ocr_carea' id='block_1_70' title="bbox 1905 1894 3468 1964">
    <p class='ocr_par' dir='ltr' id='par_1_70' title="bbox 1905 1894 3468 1964">
     <span class='ocr_line' id='line_1_70' title="bbox 1905 1894 3468 1964; baseline 0.001 -16"><span class='ocrx_word' id='word_1_501' title='bbox 1905 1902 2141 1962; x_wconf 89' lang='lat' dir='ltr'><strong>tegamus</strong></span> <span class='ocrx_word' id='word_1_502' title='bbox 2179 1894 2431 1962; x_wconf 77' lang='lat' dir='ltr'><strong>impiam,</strong></span> <span class='ocrx_word' id='word_1_503' title='bbox 2473 1895 2580 1946; x_wconf 92' lang='lat' dir='ltr'><strong>imo</strong></span> <span class='ocrx_word' id='word_1_504' title='bbox 2625 1895 2892 1948; x_wconf 87' lang='lat' dir='ltr'><strong>solvamus</strong></span> <span class='ocrx_word' id='word_1_505' title='bbox 2927 1895 3043 1962; x_wconf 85' lang='lat' dir='ltr'><strong>ejus</strong></span> <span class='ocrx_word' id='word_1_506' title='bbox 3087 1904 3468 1964; x_wconf 82' lang='lat' dir='ltr'><strong>paupertatem,</strong></span> 
     </span>
    </p>
   </div>
   <div class='ocr_carea' id='block_1_71' title="bbox 1907 1984 3473 2053">
    <p class='ocr_par' dir='ltr' id='par_1_71' title="bbox 1907 1984 3473 2053">
     <span class='ocr_line' id='line_1_71' title="bbox 1907 1984 3473 2053; baseline -0.001 -15"><span class='ocrx_word' id='word_1_507' title='bbox 1907 1984 1992 2038; x_wconf 89' lang='lat' dir='ltr'><strong>hic</strong></span> <span class='ocrx_word' id='word_1_508' title='bbox 2042 1985 2342 2052; x_wconf 89' lang='lat' dir='ltr'><strong>frequenter</strong></span> <span class='ocrx_word' id='word_1_509' title='bbox 2392 1984 2760 2038; x_wconf 86' lang='lat' dir='ltr'><strong>adventantes.</strong></span> <span class='ocrx_word' id='word_1_510' title='bbox 2811 1984 2973 2053; x_wconf 80' lang='lat' dir='ltr'><strong>Caput</strong></span> <span class='ocrx_word' id='word_1_511' title='bbox 3017 1985 3239 2036; x_wconf 76' lang='lat' dir='ltr'><strong>mulieris</strong></span> <span class='ocrx_word' id='word_1_512' title='bbox 3287 1987 3362 2036; x_wconf 81' lang='lat' dir='ltr'><strong>vir</strong></span> <span class='ocrx_word' id='word_1_513' title='bbox 3397 1993 3473 2037; x_wconf 75' lang='lat' dir='ltr'><strong>est</strong></span> 
     </span>
    </p>
   </div>
   <div class='ocr_carea' id='block_1_72' title="bbox 1907 2075 3474 2146">
    <p class='ocr_par' dir='ltr' id='par_1_72' title="bbox 1907 2075 3474 2146">
     <span class='ocr_line' id='line_1_72' title="bbox 1907 2075 3474 2146; baseline 0.001 -18"><span class='ocrx_word' id='word_1_514' title='bbox 1907 2075 2121 2146; x_wconf 79' lang='lat' dir='ltr'><strong>(Ep/tes.</strong></span> <span class='ocrx_word' id='word_1_515' title='bbox 2150 2076 2202 2129; x_wconf 85' lang='lat'><strong>5.</strong></span> <span class='ocrx_word' id='word_1_516' title='bbox 2231 2075 2348 2145; x_wconf 75' lang='lat'><strong>25),</strong></span> <span class='ocrx_word' id='word_1_517' title='bbox 2377 2075 2567 2129; x_wconf 89' lang='lat' dir='ltr'><strong>mulier</strong></span> <span class='ocrx_word' id='word_1_518' title='bbox 2593 2076 2692 2128; x_wconf 87' lang='lat' dir='ltr'><strong>viri</strong></span> <span class='ocrx_word' id='word_1_519' title='bbox 2735 2075 2986 2143; x_wconf 80' lang='lat' dir='ltr'><strong>adjutrix.</strong></span> <span class='ocrx_word' id='word_1_520' title='bbox 3018 2075 3092 2128; x_wconf 87' lang='lat' dir='ltr'><strong>Ne</strong></span> <span class='ocrx_word' id='word_1_521' title='bbox 3133 2075 3290 2144; x_wconf 90' lang='lat' dir='ltr'><strong>igitur</strong></span> <span class='ocrx_word' id='word_1_522' title='bbox 3312 2085 3474 2144; x_wconf 80' lang='lat' dir='ltr'><strong>caput</strong></span> 
     </span>
    </p>
   </div>
   <div class='ocr_carea' id='block_1_73' title="bbox 1905 2164 3471 2235">
    <p class='ocr_par' dir='ltr' id='par_1_73' title="bbox 1905 2164 3471 2235">
     <span class='ocr_line' id='line_1_73' title="bbox 1905 2164 3471 2235; baseline 0 -16"><span class='ocrx_word' id='word_1_523' title='bbox 1905 2166 2105 2235; x_wconf 66' lang='lat' dir='ltr'><strong>absque</strong></span> <span class='ocrx_word' id='word_1_524' title='bbox 2129 2180 2352 2233; x_wconf 89' lang='lat' dir='ltr'><strong>corpore</strong></span> <span class='ocrx_word' id='word_1_525' title='bbox 2377 2165 2513 2220; x_wconf 90' lang='lat' dir='ltr'><strong>viam</strong></span> <span class='ocrx_word' id='word_1_526' title='bbox 2540 2165 2606 2219; x_wconf 89' lang='lat' dir='ltr'><strong>ad</strong></span> <span class='ocrx_word' id='word_1_527' title='bbox 2638 2164 2754 2219; x_wconf 75' lang='lat' dir='ltr'><strong>lure</strong></span> <span class='ocrx_word' id='word_1_528' title='bbox 2789 2176 2969 2219; x_wconf 82' lang='lat' dir='ltr'><strong>sancta</strong></span> <span class='ocrx_word' id='word_1_529' title='bbox 3011 2167 3191 2220; x_wconf 89' lang='lat' dir='ltr'><strong>limina</strong></span> <span class='ocrx_word' id='word_1_530' title='bbox 3232 2167 3471 2235; x_wconf 89' lang='lat' dir='ltr'><strong>arripiat,</strong></span> 
     </span>
    </p>
   </div>
   <div class='ocr_carea' id='block_1_74' title="bbox 1907 2253 3471 2325">
    <p class='ocr_par' dir='ltr' id='par_1_74' title="bbox 1907 2253 3471 2325">
     <span class='ocr_line' id='line_1_74' title="bbox 1907 2253 3471 2325; baseline -0.001 -15"><span class='ocrx_word' id='word_1_531' title='bbox 1907 2270 2080 2324; x_wconf 90' lang='lat' dir='ltr'><strong>neque</strong></span> <span class='ocrx_word' id='word_1_532' title='bbox 2105 2269 2298 2324; x_wconf 89' lang='lat' dir='ltr'><strong>corpus</strong></span> <span class='ocrx_word' id='word_1_533' title='bbox 2325 2255 2526 2323; x_wconf 86' lang='lat' dir='ltr'><strong>absque</strong></span> <span class='ocrx_word' id='word_1_534' title='bbox 2565 2255 2765 2323; x_wconf 86' lang='lat' dir='ltr'><strong>capite,</strong></span> <span class='ocrx_word' id='word_1_535' title='bbox 2796 2256 2888 2309; x_wconf 89' lang='lat' dir='ltr'><strong>sed</strong></span> <span class='ocrx_word' id='word_1_536' title='bbox 2920 2253 3126 2324; x_wconf 87' lang='lat' dir='ltr'><strong>integer</strong></span> <span class='ocrx_word' id='word_1_537' title='bbox 3165 2254 3267 2309; x_wconf 92' lang='lat' dir='ltr'><strong>huc</strong></span> <span class='ocrx_word' id='word_1_538' title='bbox 3295 2256 3471 2325; x_wconf 86' lang='lat' dir='ltr'><strong>ingre-</strong></span> 
     </span>
    </p>
   </div>
   <div class='ocr_carea' id='block_1_75' title="bbox 1907 2343 2888 2413">
    <p class='ocr_par' dir='ltr' id='par_1_75' title="bbox 1907 2343 2888 2413">
     <span class='ocr_line' id='line_1_75' title="bbox 1907 2343 2888 2413; baseline -0.002 -15"><span class='ocrx_word' id='word_1_539' title='bbox 1907 2344 2082 2398; x_wconf 91' lang='lat' dir='ltr'><strong>diatur</strong></span> <span class='ocrx_word' id='word_1_540' title='bbox 2109 2345 2268 2398; x_wconf 93' lang='lat' dir='ltr'><strong>homo</strong></span> <span class='ocrx_word' id='word_1_541' title='bbox 2292 2343 2469 2413; x_wconf 86' lang='lat' dir='ltr'><strong>pueris</strong></span> <span class='ocrx_word' id='word_1_542' title='bbox 2495 2345 2888 2398; x_wconf 85' lang='lat' dir='ltr'><strong>comitantibus.</strong></span> 
     </span>
    </p>
   </div>
   <div class='ocr_carea' id='block_1_76' title="bbox 1981 2432 3476 2502">
    <p class='ocr_par' dir='ltr' id='par_1_76' title="bbox 1981 2432 3476 2502">
     <span class='ocr_line' id='line_1_76' title="bbox 1981 2432 3476 2502; baseline 0 -14"><span class='ocrx_word' id='word_1_543' title='bbox 1981 2435 2104 2488; x_wconf 80' lang='lat' dir='ltr'><strong>Filii</strong></span> <span class='ocrx_word' id='word_1_544' title='bbox 2118 2435 2186 2487; x_wconf 86' lang='lat' dir='ltr'><strong>ad</strong></span> <span class='ocrx_word' id='word_1_545' title='bbox 2201 2434 2440 2502; x_wconf 79' lang='lat' dir='ltr'><strong>templum</strong></span> <span class='ocrx_word' id='word_1_546' title='bbox 2456 2433 2764 2488; x_wconf 81' lang='lat' dir='ltr'><strong>ducendi.-—</strong></span> <span class='ocrx_word' id='word_1_547' title='bbox 2777 2434 2905 2488; x_wconf 89' lang='lat' dir='ltr'><strong>Nam</strong></span> <span class='ocrx_word' id='word_1_548' title='bbox 2922 2435 2966 2489; x_wconf 91' lang='lat' dir='ltr'><strong>si</strong></span> <span class='ocrx_word' id='word_1_549' title='bbox 2985 2432 3272 2502; x_wconf 89' lang='lat' dir='ltr'><strong>jucundum</strong></span> <span class='ocrx_word' id='word_1_550' title='bbox 3297 2443 3379 2488; x_wconf 88' lang='lat' dir='ltr'><strong>est</strong></span> <span class='ocrx_word' id='word_1_551' title='bbox 3405 2435 3476 2488; x_wconf 84' lang='lat' dir='ltr'><strong>vi-</strong></span> 
     </span>
    </p>
   </div>
   <div class='ocr_carea' id='block_1_77' title="bbox 1908 2525 3473 2593">
    <p class='ocr_par' dir='ltr' id='par_1_77' title="bbox 1908 2525 3473 2593">
     <span class='ocr_line' id='line_1_77' title="bbox 1908 2525 3473 2593; baseline -0.001 -13"><span class='ocrx_word' id='word_1_552' title='bbox 1908 2526 2036 2580; x_wconf 78' lang='lat' dir='ltr'><strong>dere</strong></span> <span class='ocrx_word' id='word_1_553' title='bbox 2061 2525 2305 2579; x_wconf 88' lang='lat' dir='ltr'><strong>arborem</strong></span> <span class='ocrx_word' id='word_1_554' title='bbox 2331 2539 2450 2578; x_wconf 91' lang='lat' dir='ltr'><strong>cum</strong></span> <span class='ocrx_word' id='word_1_555' title='bbox 2487 2539 2620 2578; x_wconf 89' lang='lat' dir='ltr'><strong>nova</strong></span> <span class='ocrx_word' id='word_1_556' title='bbox 2651 2525 2827 2593; x_wconf 88' lang='lat' dir='ltr'><strong>planta</strong></span> <span class='ocrx_word' id='word_1_557' title='bbox 2860 2539 2892 2578; x_wconf 92' lang='lat' dir='ltr'><strong>e</strong></span> <span class='ocrx_word' id='word_1_558' title='bbox 2928 2525 3103 2578; x_wconf 88' lang='lat' dir='ltr'><strong>radice</strong></span> <span class='ocrx_word' id='word_1_559' title='bbox 3141 2525 3257 2592; x_wconf 90' lang='lat' dir='ltr'><strong>ejus</strong></span> <span class='ocrx_word' id='word_1_560' title='bbox 3283 2539 3473 2579; x_wconf 83' lang='lat' dir='ltr'><strong>exsur-</strong></span> 
     </span>
    </p>
   </div>
   <div class='ocr_carea' id='block_1_78' title="bbox 1909 2614 3474 2687">
    <p class='ocr_par' dir='ltr' id='par_1_78' title="bbox 1909 2614 3474 2687">
     <span class='ocr_line' id='line_1_78' title="bbox 1909 2614 3474 2687; baseline -0.002 -17"><span class='ocrx_word' id='word_1_561' title='bbox 1909 2626 2066 2687; x_wconf 89' lang='lat' dir='ltr'><strong>gente</strong></span> <span class='ocrx_word' id='word_1_562' title='bbox 2095 2633 2107 2668; x_wconf 89' lang='lat'><strong>:</strong></span> <span class='ocrx_word' id='word_1_563' title='bbox 2139 2614 2308 2670; x_wconf 92' lang='lat' dir='ltr'><strong>multo</strong></span> <span class='ocrx_word' id='word_1_564' title='bbox 2335 2615 2500 2684; x_wconf 87' lang='lat' dir='ltr'><strong>magis</strong></span> <span class='ocrx_word' id='word_1_565' title='bbox 2533 2615 2821 2683; x_wconf 90' lang='lat' dir='ltr'><strong>jucundum</strong></span> <span class='ocrx_word' id='word_1_566' title='bbox 2852 2623 2935 2668; x_wconf 91' lang='lat' dir='ltr'><strong>est</strong></span> <span class='ocrx_word' id='word_1_567' title='bbox 2963 2614 3141 2668; x_wconf 81' lang='lat' dir='ltr'><strong>videre</strong></span> <span class='ocrx_word' id='word_1_568' title='bbox 3171 2615 3474 2678; x_wconf 91' lang='lat' dir='ltr'><strong>hominem,</strong></span> 
     </span>
    </p>
   </div>
   <div class='ocr_carea' id='block_1_79' title="bbox 1909 2704 3473 2768">
    <p class='ocr_par' dir='ltr' id='par_1_79' title="bbox 1909 2704 3473 2768">
     <span class='ocr_line' id='line_1_79' title="bbox 1909 2704 3473 2768; baseline -0.004 -4"><span class='ocrx_word' id='word_1_569' title='bbox 1909 2710 2053 2764; x_wconf 93' lang='lat' dir='ltr'><strong>omni</strong></span> <span class='ocrx_word' id='word_1_570' title='bbox 2092 2710 2210 2764; x_wconf 90' lang='lat' dir='ltr'><strong>olea</strong></span> <span class='ocrx_word' id='word_1_571' title='bbox 2247 2707 2612 2768; x_wconf 76' lang='lat' dir='ltr'><strong>amtmiorem,</strong></span> <span class='ocrx_word' id='word_1_572' title='bbox 2642 2721 2672 2759; x_wconf 92' lang='lat' dir='ltr'><strong>a</strong></span> <span class='ocrx_word' id='word_1_573' title='bbox 2712 2706 2890 2759; x_wconf 89' lang='lat' dir='ltr'><strong>radice</strong></span> <span class='ocrx_word' id='word_1_574' title='bbox 2932 2721 3027 2759; x_wconf 89' lang='lat' dir='ltr'><strong>sua</strong></span> <span class='ocrx_word' id='word_1_575' title='bbox 3074 2705 3238 2759; x_wconf 92' lang='lat' dir='ltr'><strong>filium</strong></span> <span class='ocrx_word' id='word_1_576' title='bbox 3274 2704 3473 2758; x_wconf 80' lang='lat' dir='ltr'><strong>habere</strong></span> 
     </span>
    </p>
   </div>
   <div class='ocr_carea' id='block_1_80' title="bbox 1909 2797 3474 2868">
    <p class='ocr_par' dir='ltr' id='par_1_80' title="bbox 1909 2797 3474 2868">
     <span class='ocr_line' id='line_1_80' title="bbox 1909 2797 3474 2868; baseline -0.003 -14"><span class='ocrx_word' id='word_1_577' title='bbox 1909 2800 2228 2862; x_wconf 88' lang='lat' dir='ltr'><strong>adstantem,</strong></span> <span class='ocrx_word' id='word_1_578' title='bbox 2269 2799 2418 2868; x_wconf 91' lang='lat' dir='ltr'><strong>quasi</strong></span> <span class='ocrx_word' id='word_1_579' title='bbox 2464 2812 2653 2851; x_wconf 90' lang='lat' dir='ltr'><strong>novam</strong></span> <span class='ocrx_word' id='word_1_580' title='bbox 2702 2797 2930 2865; x_wconf 89' lang='lat' dir='ltr'><strong>plantam</strong></span> <span class='ocrx_word' id='word_1_581' title='bbox 2979 2814 2994 2849; x_wconf 89' lang='lat'><strong>:</strong></span> <span class='ocrx_word' id='word_1_582' title='bbox 3039 2810 3143 2850; x_wconf 92' lang='lat' dir='ltr'><strong>non</strong></span> <span class='ocrx_word' id='word_1_583' title='bbox 3184 2797 3474 2864; x_wconf 88' lang='lat' dir='ltr'><strong>jucundum</strong></span> 
     </span>
    </p>
   </div>
   <div class='ocr_carea' id='block_1_81' title="bbox 1910 2887 3475 2954">
    <p class='ocr_par' dir='ltr' id='par_1_81' title="bbox 1910 2887 3475 2954">
     <span class='ocr_line' id='line_1_81' title="bbox 1910 2887 3475 2954; baseline -0.004 -9"><span class='ocrx_word' id='word_1_584' title='bbox 1910 2899 2085 2946; x_wconf 91' lang='lat' dir='ltr'><strong>autem</strong></span> <span class='ocrx_word' id='word_1_585' title='bbox 2112 2891 2301 2954; x_wconf 92' lang='lat' dir='ltr'><strong>solum,</strong></span> <span class='ocrx_word' id='word_1_586' title='bbox 2328 2889 2420 2944; x_wconf 89' lang='lat' dir='ltr'><strong>sed</strong></span> <span class='ocrx_word' id='word_1_587' title='bbox 2446 2898 2500 2943; x_wconf 89' lang='lat' dir='ltr'><strong>et</strong></span> <span class='ocrx_word' id='word_1_588' title='bbox 2519 2889 2668 2942; x_wconf 93' lang='lat' dir='ltr'><strong>utile.</strong></span> <span class='ocrx_word' id='word_1_589' title='bbox 2697 2888 2931 2952; x_wconf 85' lang='lat' dir='ltr'><strong>Etenim,</strong></span> <span class='ocrx_word' id='word_1_590' title='bbox 2960 2898 3014 2940; x_wconf 92' lang='lat' dir='ltr'><strong>ut</strong></span> <span class='ocrx_word' id='word_1_591' title='bbox 3040 2896 3164 2941; x_wconf 89' lang='lat' dir='ltr'><strong>ante</strong></span> <span class='ocrx_word' id='word_1_592' title='bbox 3191 2887 3321 2952; x_wconf 81' lang='lat' dir='ltr'><strong>dixi,</strong></span> <span class='ocrx_word' id='word_1_593' title='bbox 3347 2901 3475 2939; x_wconf 84' lang='lat' dir='ltr'><strong>eon-</strong></span> 
     </span>
    </p>
   </div>
   <div class='ocr_carea' id='block_1_82' title="bbox 1911 2977 3477 3050">
    <p class='ocr_par' dir='ltr' id='par_1_82' title="bbox 1911 2977 3477 3050">
     <span class='ocr_line' id='line_1_82' title="bbox 1911 2977 3477 3050; baseline -0.004 -16"><span class='ocrx_word' id='word_1_594' title='bbox 1911 2980 2144 3050; x_wconf 86' lang='lat' dir='ltr'><strong>gregatis</strong></span> <span class='ocrx_word' id='word_1_595' title='bbox 2173 2979 2341 3048; x_wconf 90' lang='lat' dir='ltr'><strong>majus</strong></span> <span class='ocrx_word' id='word_1_596' title='bbox 2383 2979 2586 3032; x_wconf 89' lang='lat' dir='ltr'><strong>lucrum</strong></span> <span class='ocrx_word' id='word_1_597' title='bbox 2624 2978 2746 3031; x_wconf 90' lang='lat' dir='ltr'><strong>erit.</strong></span> <span class='ocrx_word' id='word_1_598' title='bbox 2787 2978 3070 3030; x_wconf 84' lang='lat' dir='ltr'><strong>Enimvero</strong></span> <span class='ocrx_word' id='word_1_599' title='bbox 3104 2988 3159 3030; x_wconf 90' lang='lat' dir='ltr'><strong>et</strong></span> <span class='ocrx_word' id='word_1_600' title='bbox 3193 2977 3477 3044; x_wconf 88' lang='lat' dir='ltr'><strong>agricolam</strong></span> 
     </span>
    </p>
   </div>
   <div class='ocr_carea' id='block_1_83' title="bbox 1915 3061 3480 3135">
    <p class='ocr_par' dir='ltr' id='par_1_83' title="bbox 1915 3061 3480 3135">
     <span class='ocr_line' id='line_1_83' title="bbox 1915 3061 3480 3135; baseline -0.003 -10"><span class='ocrx_word' id='word_1_601' title='bbox 1915 3081 2036 3125; x_wconf 92' lang='lat' dir='ltr'><strong>tunc</strong></span> <span class='ocrx_word' id='word_1_602' title='bbox 2066 3071 2300 3123; x_wconf 89' lang='lat' dir='ltr'><strong>maxime</strong></span> <span class='ocrx_word' id='word_1_603' title='bbox 2327 3067 2671 3132; x_wconf 90' lang='lat' dir='ltr'><strong>admiramur,</strong></span> <span class='ocrx_word' id='word_1_604' title='bbox 2691 3081 2796 3120; x_wconf 91' lang='lat' dir='ltr'><strong>non</strong></span> <span class='ocrx_word' id='word_1_605' title='bbox 2822 3081 2941 3120; x_wconf 91' lang='lat' dir='ltr'><strong>eum</strong></span> <span class='ocrx_word' id='word_1_606' title='bbox 2967 3080 3152 3135; x_wconf 84' lang='lat' dir='ltr'><strong>agrum</strong></span> <span class='ocrx_word' id='word_1_607' title='bbox 3173 3066 3300 3120; x_wconf 89' lang='lat' dir='ltr'><strong>colit</strong></span> <span class='ocrx_word' id='word_1_608' title='bbox 3324 3061 3480 3120; x_wconf 84' lang='lat' dir='ltr'><strong>antea</strong></span> 
     </span>
    </p>
   </div>
   <div class='ocr_carea' id='block_1_84' title="bbox 1914 3157 3481 3224">
    <p class='ocr_par' dir='ltr' id='par_1_84' title="bbox 1914 3157 3481 3224">
     <span class='ocr_line' id='line_1_84' title="bbox 1914 3157 3481 3224; baseline -0.003 -10"><span class='ocrx_word' id='word_1_609' title='bbox 1914 3161 2049 3214; x_wconf 91' lang='lat' dir='ltr'><strong>bene</strong></span> <span class='ocrx_word' id='word_1_610' title='bbox 2075 3160 2296 3224; x_wconf 90' lang='lat' dir='ltr'><strong>cultum,</strong></span> <span class='ocrx_word' id='word_1_611' title='bbox 2323 3157 2415 3214; x_wconf 92' lang='lat' dir='ltr'><strong>sed</strong></span> <span class='ocrx_word' id='word_1_612' title='bbox 2455 3173 2574 3211; x_wconf 90' lang='lat' dir='ltr'><strong>cum</strong></span> <span class='ocrx_word' id='word_1_613' title='bbox 2618 3158 2730 3210; x_wconf 88' lang='lat' dir='ltr'><strong>loca</strong></span> <span class='ocrx_word' id='word_1_614' title='bbox 2759 3171 2864 3210; x_wconf 91' lang='lat' dir='ltr'><strong>non</strong></span> <span class='ocrx_word' id='word_1_615' title='bbox 2906 3157 3160 3210; x_wconf 91' lang='lat' dir='ltr'><strong>seminata</strong></span> <span class='ocrx_word' id='word_1_616' title='bbox 3197 3165 3251 3210; x_wconf 90' lang='lat' dir='ltr'><strong>et</strong></span> <span class='ocrx_word' id='word_1_617' title='bbox 3279 3157 3481 3209; x_wconf 84' lang='lat' dir='ltr'><strong>inarata</strong></span> 
     </span>
    </p>
   </div>
   <div class='ocr_carea' id='block_1_85' title="bbox 1915 3245 3480 3313">
    <p class='ocr_par' dir='ltr' id='par_1_85' title="bbox 1915 3245 3480 3313">
     <span class='ocr_line' id='line_1_85' title="bbox 1915 3245 3480 3313; baseline -0.003 -9"><span class='ocrx_word' id='word_1_618' title='bbox 1915 3265 2119 3305; x_wconf 91' lang='lat' dir='ltr'><strong>summa</strong></span> <span class='ocrx_word' id='word_1_619' title='bbox 2156 3264 2281 3303; x_wconf 91' lang='lat' dir='ltr'><strong>cura</strong></span> <span class='ocrx_word' id='word_1_620' title='bbox 2309 3248 2518 3302; x_wconf 79' lang='lat' dir='ltr'><strong>excolit.</strong></span> <span class='ocrx_word' id='word_1_621' title='bbox 2560 3246 2648 3301; x_wconf 88' lang='lat' dir='ltr'><strong>Sic</strong></span> <span class='ocrx_word' id='word_1_622' title='bbox 2687 3255 2742 3301; x_wconf 89' lang='lat' dir='ltr'><strong>et</strong></span> <span class='ocrx_word' id='word_1_623' title='bbox 2778 3247 2970 3300; x_wconf 84' lang='lat' dir='ltr'><strong>Paulus</strong></span> <span class='ocrx_word' id='word_1_624' title='bbox 3006 3245 3247 3310; x_wconf 83' lang='lat' dir='ltr'><strong>faciebat,</strong></span> <span class='ocrx_word' id='word_1_625' title='bbox 3278 3246 3480 3313; x_wconf 87' lang='lat' dir='ltr'><strong>majore</strong></span> 
     </span>
    </p>
   </div>
   <div class='ocr_carea' id='block_1_86' title="bbox 1915 3334 3481 3408">
    <p class='ocr_par' dir='ltr' id='par_1_86' title="bbox 1915 3334 3481 3408">
     <span class='ocr_line' id='line_1_86' title="bbox 1915 3334 3481 3408; baseline -0.006 -13"><span class='ocrx_word' id='word_1_626' title='bbox 1915 3340 2089 3396; x_wconf 89' lang='lat' dir='ltr'><strong>studio</strong></span> <span class='ocrx_word' id='word_1_627' title='bbox 2113 3337 2499 3408; x_wconf 84' lang='lat' dir='ltr'><strong>evangelizans,</strong></span> <span class='ocrx_word' id='word_1_628' title='bbox 2526 3337 2614 3391; x_wconf 90' lang='lat' dir='ltr'><strong>ubi</strong></span> <span class='ocrx_word' id='word_1_629' title='bbox 2639 3334 2878 3390; x_wconf 89' lang='lat' dir='ltr'><strong>Christus</strong></span> <span class='ocrx_word' id='word_1_630' title='bbox 2907 3334 3136 3389; x_wconf 92' lang='lat' dir='ltr'><strong>nondum</strong></span> <span class='ocrx_word' id='word_1_631' title='bbox 3159 3345 3273 3389; x_wconf 89' lang='lat' dir='ltr'><strong>erat</strong></span> <span class='ocrx_word' id='word_1_632' title='bbox 3309 3335 3481 3388; x_wconf 82' lang='lat' dir='ltr'><strong>nomi-</strong></span> 
     </span>
    </p>
   </div>
   <div class='ocr_carea' id='block_1_87' title="bbox 1917 3425 3475 3485">
    <p class='ocr_par' dir='ltr' id='par_1_87' title="bbox 1917 3425 3475 3485">
     <span class='ocr_line' id='line_1_87' title="bbox 1917 3425 3475 3485; baseline -0.006 0"><span class='ocrx_word' id='word_1_633' title='bbox 1917 3439 2090 3485; x_wconf 91' lang='lat' dir='ltr'><strong>natus.</strong></span> <span class='ocrx_word' id='word_1_634' title='bbox 2113 3427 2262 3482; x_wconf 93' lang='lat' dir='ltr'><strong>Illum</strong></span> <span class='ocrx_word' id='word_1_635' title='bbox 2289 3435 2342 3481; x_wconf 90' lang='lat' dir='ltr'><strong>et</strong></span> <span class='ocrx_word' id='word_1_636' title='bbox 2365 3440 2462 3482; x_wconf 87' lang='lat' dir='ltr'><strong>nos</strong></span> <span class='ocrx_word' id='word_1_637' title='bbox 2489 3426 2556 3480; x_wconf 90' lang='lat' dir='ltr'><strong>ad</strong></span> <span class='ocrx_word' id='word_1_638' title='bbox 2591 3427 2973 3480; x_wconf 87' lang='lat' dir='ltr'><strong>incrementum</strong></span> <span class='ocrx_word' id='word_1_639' title='bbox 3004 3425 3252 3478; x_wconf 75' lang='lat' dir='ltr'><strong>Ecclesia:</strong></span> <span class='ocrx_word' id='word_1_640' title='bbox 3280 3425 3475 3478; x_wconf 83' lang='lat' dir='ltr'><strong>utilita-</strong></span> 
     </span>
    </p>
   </div>
   <div class='ocr_carea' id='block_1_88' title="bbox 1920 3516 3481 3590">
    <p class='ocr_par' dir='ltr' id='par_1_88' title="bbox 1920 3516 3481 3590">
     <span class='ocr_line' id='line_1_88' title="bbox 1920 3516 3481 3590; baseline -0.004 -14"><span class='ocrx_word' id='word_1_641' title='bbox 1920 3531 2129 3590; x_wconf 90' lang='lat' dir='ltr'><strong>temque</strong></span> <span class='ocrx_word' id='word_1_642' title='bbox 2163 3530 2396 3573; x_wconf 89' lang='lat' dir='ltr'><strong>nostram</strong></span> <span class='ocrx_word' id='word_1_643' title='bbox 2427 3518 2714 3584; x_wconf 88' lang='lat' dir='ltr'><strong>imitemur,</strong></span> <span class='ocrx_word' id='word_1_644' title='bbox 2740 3517 2974 3586; x_wconf 90' lang='lat' dir='ltr'><strong>quotidie</strong></span> <span class='ocrx_word' id='word_1_645' title='bbox 3004 3517 3068 3570; x_wconf 90' lang='lat' dir='ltr'><strong>ad</strong></span> <span class='ocrx_word' id='word_1_646' title='bbox 3101 3516 3236 3570; x_wconf 89' lang='lat' dir='ltr'><strong>hanc</strong></span> <span class='ocrx_word' id='word_1_647' title='bbox 3256 3531 3481 3584; x_wconf 78' lang='lat' dir='ltr'><strong>congre-</strong></span> 
     </span>
    </p>
   </div>
   <div class='ocr_carea' id='block_1_89' title="bbox 1917 3606 3481 3683">
    <p class='ocr_par' dir='ltr' id='par_1_89' title="bbox 1917 3606 3481 3683">
     <span class='ocr_line' id='line_1_89' title="bbox 1917 3606 3481 3683; baseline -0.006 -16"><span class='ocrx_word' id='word_1_648' title='bbox 1917 3612 2180 3683; x_wconf 90' lang='lat' dir='ltr'><strong>gationem</strong></span> <span class='ocrx_word' id='word_1_649' title='bbox 2209 3610 2552 3666; x_wconf 88' lang='lat' dir='ltr'><strong>confluentes.</strong></span> <span class='ocrx_word' id='word_1_650' title='bbox 2581 3608 2711 3662; x_wconf 85' lang='lat' dir='ltr'><strong>Nam</strong></span> <span class='ocrx_word' id='word_1_651' title='bbox 2746 3607 2789 3661; x_wconf 89' lang='lat' dir='ltr'><strong>si</strong></span> <span class='ocrx_word' id='word_1_652' title='bbox 2816 3607 3237 3676; x_wconf 88' lang='lat' dir='ltr'><strong>concupiscentia</strong></span> <span class='ocrx_word' id='word_1_653' title='bbox 3270 3606 3481 3674; x_wconf 57' lang='lat' dir='ltr'><strong>ﬂagrat,</strong></span> 
     </span>
    </p>
   </div>
   <div class='ocr_carea' id='block_1_90' title="bbox 1919 3697 3482 3767">
    <p class='ocr_par' dir='ltr' id='par_1_90' title="bbox 1919 3697 3482 3767">
     <span class='ocr_line' id='line_1_90' title="bbox 1919 3697 3482 3767; baseline -0.005 -9"><span class='ocrx_word' id='word_1_654' title='bbox 1919 3712 2120 3758; x_wconf 88' lang='lat' dir='ltr'><strong>tantum</strong></span> <span class='ocrx_word' id='word_1_655' title='bbox 2147 3701 2246 3756; x_wconf 91' lang='lat' dir='ltr'><strong>hac</strong></span> <span class='ocrx_word' id='word_1_656' title='bbox 2263 3701 2372 3755; x_wconf 89' lang='lat' dir='ltr'><strong>visa</strong></span> <span class='ocrx_word' id='word_1_657' title='bbox 2398 3699 2576 3764; x_wconf 91' lang='lat' dir='ltr'><strong>domo,</strong></span> <span class='ocrx_word' id='word_1_658' title='bbox 2599 3699 2794 3767; x_wconf 89' lang='lat' dir='ltr'><strong>poteris</strong></span> <span class='ocrx_word' id='word_1_659' title='bbox 2813 3699 2930 3752; x_wconf 78' lang='lat' dir='ltr'><strong>eam</strong></span> <span class='ocrx_word' id='word_1_660' title='bbox 2953 3697 3102 3751; x_wconf 89' lang='lat' dir='ltr'><strong>facile</strong></span> <span class='ocrx_word' id='word_1_661' title='bbox 3121 3697 3446 3765; x_wconf 81' lang='lat' dir='ltr'><strong>restinguere</strong></span> <span class='ocrx_word' id='word_1_662' title='bbox 3468 3714 3482 3750; x_wconf 89' lang='lat'><strong>:</strong></span> 
     </span>
    </p>
   </div>
   <div class='ocr_carea' id='block_1_91' title="bbox 1919 3787 3484 3857">
    <p class='ocr_par' dir='ltr' id='par_1_91' title="bbox 1919 3787 3484 3857">
     <span class='ocr_line' id='line_1_91' title="bbox 1919 3787 3484 3857; baseline -0.006 -8"><span class='ocrx_word' id='word_1_663' title='bbox 1919 3803 1974 3850; x_wconf 91' lang='lat' dir='ltr'><strong>et</strong></span> <span class='ocrx_word' id='word_1_664' title='bbox 2001 3795 2044 3848; x_wconf 89' lang='lat' dir='ltr'><strong>si</strong></span> <span class='ocrx_word' id='word_1_665' title='bbox 2074 3793 2336 3857; x_wconf 89' lang='lat' dir='ltr'><strong>irascaris,</strong></span> <span class='ocrx_word' id='word_1_666' title='bbox 2365 3792 2507 3846; x_wconf 90' lang='lat' dir='ltr'><strong>illam</strong></span> <span class='ocrx_word' id='word_1_667' title='bbox 2538 3790 2690 3844; x_wconf 84' lang='lat' dir='ltr'><strong>facile</strong></span> <span class='ocrx_word' id='word_1_668' title='bbox 2721 3789 2884 3843; x_wconf 89' lang='lat' dir='ltr'><strong>feram</strong></span> <span class='ocrx_word' id='word_1_669' title='bbox 2911 3787 3156 3842; x_wconf 85' lang='lat' dir='ltr'><strong>domabis</strong></span> <span class='ocrx_word' id='word_1_670' title='bbox 3187 3804 3201 3841; x_wconf 89' lang='lat'><strong>:</strong></span> <span class='ocrx_word' id='word_1_671' title='bbox 3229 3796 3284 3842; x_wconf 89' lang='lat' dir='ltr'><strong>et</strong></span> <span class='ocrx_word' id='word_1_672' title='bbox 3307 3788 3352 3842; x_wconf 89' lang='lat' dir='ltr'><strong>si</strong></span> <span class='ocrx_word' id='word_1_673' title='bbox 3381 3788 3484 3840; x_wconf 87' lang='lat' dir='ltr'><strong>alia</strong></span> 
     </span>
    </p>
   </div>
   <div class='ocr_carea' id='block_1_92' title="bbox 1921 3877 3488 3954">
    <p class='ocr_par' dir='ltr' id='par_1_92' title="bbox 1921 3877 3488 3954">
     <span class='ocr_line' id='line_1_92' title="bbox 1921 3877 3488 3954; baseline -0.004 -16"><span class='ocrx_word' id='word_1_674' title='bbox 1921 3885 2164 3954; x_wconf 89' lang='lat' dir='ltr'><strong>quapiam</strong></span> <span class='ocrx_word' id='word_1_675' title='bbox 2190 3882 2464 3938; x_wconf 75' lang='lat' dir='ltr'><strong>affectione.</strong></span> <span class='ocrx_word' id='word_1_676' title='bbox 2492 3879 2782 3949; x_wconf 90' lang='lat' dir='ltr'><strong>impeteris,</strong></span> <span class='ocrx_word' id='word_1_677' title='bbox 2808 3885 3171 3948; x_wconf 89' lang='lat' dir='ltr'><strong>tempestatem</strong></span> <span class='ocrx_word' id='word_1_678' title='bbox 3197 3892 3314 3932; x_wconf 90' lang='lat' dir='ltr'><strong>eam</strong></span> <span class='ocrx_word' id='word_1_679' title='bbox 3338 3877 3488 3931; x_wconf 87' lang='lat' dir='ltr'><strong>facile</strong></span> 
     </span>
    </p>
   </div>
   <div class='ocr_carea' id='block_1_93' title="bbox 1921 3969 3487 4042">
    <p class='ocr_par' dir='ltr' id='par_1_93' title="bbox 1921 3969 3487 4042">
     <span class='ocr_line' id='line_1_93' title="bbox 1921 3969 3487 4042; baseline -0.004 -12"><span class='ocrx_word' id='word_1_680' title='bbox 1921 3975 2152 4040; x_wconf 87' lang='lat' dir='ltr'><strong>sedabis,</strong></span> <span class='ocrx_word' id='word_1_681' title='bbox 2182 3974 2475 4042; x_wconf 89' lang='lat' dir='ltr'><strong>reddesque</strong></span> <span class='ocrx_word' id='word_1_682' title='bbox 2500 3985 2681 4041; x_wconf 86' lang='lat' dir='ltr'><strong>pacem</strong></span> <span class='ocrx_word' id='word_1_683' title='bbox 2707 3978 2762 4024; x_wconf 91' lang='lat' dir='ltr'><strong>et</strong></span> <span class='ocrx_word' id='word_1_684' title='bbox 2780 3969 3116 4024; x_wconf 88' lang='lat' dir='ltr'><strong>serenitatem</strong></span> <span class='ocrx_word' id='word_1_685' title='bbox 3144 3969 3334 4023; x_wconf 76' lang='lat' dir='ltr'><strong>anima:</strong></span> <span class='ocrx_word' id='word_1_686' title='bbox 3363 3978 3487 4023; x_wconf 76' lang='lat' dir='ltr'><strong>tuzn.</strong></span> 
     </span>
    </p>
   </div>
   <div class='ocr_carea' id='block_1_94' title="bbox 1921 4059 3491 4130">
    <p class='ocr_par' dir='ltr' id='par_1_94' title="bbox 1921 4059 3491 4130">
     <span class='ocr_line' id='line_1_94' title="bbox 1921 4059 3491 4130; baseline -0.004 -11"><span class='ocrx_word' id='word_1_687' title='bbox 1921 4065 2036 4130; x_wconf 83' lang='lat' dir='ltr'><strong>Qua</strong></span> <span class='ocrx_word' id='word_1_688' title='bbox 2077 4078 2175 4118; x_wconf 90' lang='lat' dir='ltr'><strong>nos</strong></span> <span class='ocrx_word' id='word_1_689' title='bbox 2211 4077 2397 4118; x_wconf 90' lang='lat' dir='ltr'><strong>omnes</strong></span> <span class='ocrx_word' id='word_1_690' title='bbox 2433 4061 2535 4116; x_wconf 92' lang='lat' dir='ltr'><strong>frui</strong></span> <span class='ocrx_word' id='word_1_691' title='bbox 2571 4060 2839 4129; x_wconf 88' lang='lat' dir='ltr'><strong>contingat</strong></span> <span class='ocrx_word' id='word_1_692' title='bbox 2875 4059 3039 4128; x_wconf 88' lang='lat' dir='ltr'><strong>gratia</strong></span> <span class='ocrx_word' id='word_1_693' title='bbox 3079 4066 3135 4112; x_wconf 90' lang='lat' dir='ltr'><strong>et</strong></span> <span class='ocrx_word' id='word_1_694' title='bbox 3171 4059 3491 4127; x_wconf 78' lang='lat' dir='ltr'><strong>benignitate</strong></span> 
     </span>
    </p>
   </div>
   <div class='ocr_carea' id='block_1_95' title="bbox 1924 4147 3491 4218">
    <p class='ocr_par' dir='ltr' id='par_1_95' title="bbox 1924 4147 3491 4218">
     <span class='ocr_line' id='line_1_95' title="bbox 1924 4147 3491 4218; baseline -0.006 -8"><span class='ocrx_word' id='word_1_695' title='bbox 1924 4155 2131 4211; x_wconf 91' lang='lat' dir='ltr'><strong>Domini</strong></span> <span class='ocrx_word' id='word_1_696' title='bbox 2171 4154 2335 4208; x_wconf 91' lang='lat' dir='ltr'><strong>nostri</strong></span> <span class='ocrx_word' id='word_1_697' title='bbox 2371 4152 2497 4207; x_wconf 84' lang='lat' dir='ltr'><strong>Jesn</strong></span> <span class='ocrx_word' id='word_1_698' title='bbox 2535 4150 2752 4214; x_wconf 89' lang='lat' dir='ltr'><strong>Christi,</strong></span> <span class='ocrx_word' id='word_1_699' title='bbox 2787 4149 2999 4218; x_wconf 91' lang='lat' dir='ltr'><strong>quicum</strong></span> <span class='ocrx_word' id='word_1_700' title='bbox 3036 4147 3180 4202; x_wconf 81' lang='lat' dir='ltr'><strong>Patri</strong></span> <span class='ocrx_word' id='word_1_701' title='bbox 3215 4156 3270 4202; x_wconf 92' lang='lat' dir='ltr'><strong>et</strong></span> <span class='ocrx_word' id='word_1_702' title='bbox 3306 4155 3491 4201; x_wconf 88' lang='lat' dir='ltr'><strong>sancto</strong></span> 
     </span>
    </p>
   </div>
   <div class='ocr_carea' id='block_1_96' title="bbox 1925 4237 3493 4316">
    <p class='ocr_par' dir='ltr' id='par_1_96' title="bbox 1925 4237 3493 4316">
     <span class='ocr_line' id='line_1_96' title="bbox 1925 4237 3493 4316; baseline -0.008 -14"><span class='ocrx_word' id='word_1_703' title='bbox 1925 4245 2141 4316; x_wconf 90' lang='lat' dir='ltr'><strong>Spiritui</strong></span> <span class='ocrx_word' id='word_1_704' title='bbox 2171 4245 2239 4298; x_wconf 91' lang='lat' dir='ltr'><strong>sit</strong></span> <span class='ocrx_word' id='word_1_705' title='bbox 2261 4243 2425 4313; x_wconf 88' lang='lat' dir='ltr'><strong>gloria</strong></span> <span class='ocrx_word' id='word_1_706' title='bbox 2453 4256 2592 4296; x_wconf 89' lang='lat' dir='ltr'><strong>nunc</strong></span> <span class='ocrx_word' id='word_1_707' title='bbox 2617 4248 2672 4295; x_wconf 91' lang='lat' dir='ltr'><strong>et</strong></span> <span class='ocrx_word' id='word_1_708' title='bbox 2699 4251 2931 4309; x_wconf 77' lang='lat' dir='ltr'><strong>semper,</strong></span> <span class='ocrx_word' id='word_1_709' title='bbox 2952 4246 3006 4292; x_wconf 91' lang='lat' dir='ltr'><strong>et</strong></span> <span class='ocrx_word' id='word_1_710' title='bbox 3027 4237 3082 4292; x_wconf 89' lang='lat' dir='ltr'><strong>in</strong></span> <span class='ocrx_word' id='word_1_711' title='bbox 3106 4237 3300 4292; x_wconf 69' lang='lat' dir='ltr'><strong>stecula</strong></span> <span class='ocrx_word' id='word_1_712' title='bbox 3325 4250 3493 4290; x_wconf 68' lang='lat' dir='ltr'><strong>saecu-</strong></span> 
     </span>
    </p>
   </div>
   <div class='ocr_carea' id='block_1_97' title="bbox 1926 4337 2336 4393">
    <p class='ocr_par' dir='ltr' id='par_1_97' title="bbox 1926 4337 2336 4393">
     <span class='ocr_line' id='line_1_97' title="bbox 1926 4337 2336 4393; baseline -0.015 0"><span class='ocrx_word' id='word_1_713' title='bbox 1926 4337 2118 4393; x_wconf 90' lang='lat' dir='ltr'><strong>lorum.</strong></span> <span class='ocrx_word' id='word_1_714' title='bbox 2146 4337 2336 4390; x_wconf 86' lang='lat' dir='ltr'><strong>Amen.</strong></span> 
     </span>
    </p>
   </div>
   <div class='ocr_carea' id='block_1_98' title="bbox 257 4536 3495 4580">
    <p class='ocr_par' dir='ltr' id='par_1_98' title="bbox 257 4536 3495 4580">
     <span class='ocr_line' id='line_1_98' title="bbox 257 4536 3495 4580; baseline 0.003 -39"><span class='ocrx_word' id='word_1_715' title='bbox 257 4536 3495 4580; x_wconf 78' lang='lat'><strong>________________________________________</strong></span> 
     </span>
    </p>
   </div>
   <div class='ocr_carea' id='block_1_99' title="bbox 246 4631 2981 4712">
    <p class='ocr_par' dir='ltr' id='par_1_99' title="bbox 246 4631 2981 4712">
     <span class='ocr_line' id='line_1_99' title="bbox 246 4631 2981 4712; baseline -0.01 -13"><span class='ocrx_word' id='word_1_716' title='bbox 246 4656 318 4699; x_wconf 77' lang='grc' dir='ltr'><strong>ΙΝ</strong></span> <span class='ocrx_word' id='word_1_717' title='bbox 361 4655 826 4712; x_wconf 69' lang='lat' dir='ltr'><strong>PARALYTICUM,</strong></span> <span class='ocrx_word' id='word_1_718' title='bbox 871 4658 980 4710; x_wconf 77' lang='lat' dir='ltr'><strong>QUI</strong></span> <span class='ocrx_word' id='word_1_719' title='bbox 1025 4658 1220 4701; x_wconf 79' lang='lat' dir='ltr'><strong>ANNOS</strong></span> <span class='ocrx_word' id='word_1_720' title='bbox 1263 4658 1562 4701; x_wconf 74' lang='lat' dir='ltr'><strong>TBIGINTA</strong></span> <span class='ocrx_word' id='word_1_721' title='bbox 1605 4657 1766 4700; x_wconf 84' lang='lat' dir='ltr'><strong>OCTO</strong></span> <span class='ocrx_word' id='word_1_722' title='bbox 1815 4645 2232 4697; x_wconf 72' lang='lat' dir='ltr'><strong>DBCUBUERAT</strong></span> <span class='ocrx_word' id='word_1_723' title='bbox 2274 4641 2338 4683; x_wconf 76' lang='lat' dir='ltr'><strong>IN</strong></span> <span class='ocrx_word' id='word_1_724' title='bbox 2381 4631 2981 4712; x_wconf 27' lang='lat' dir='ltr'><strong>INFIBMITATEUSUd,‘</strong></span> 
     </span>
    </p>
   </div>
   <div class='ocr_carea' id='block_1_100' title="bbox 3027 4627 3488 4676">
    <p class='ocr_par' dir='ltr' id='par_1_100' title="bbox 3027 4627 3488 4676">
     <span class='ocr_line' id='line_1_100' title="bbox 3027 4627 3488 4676; baseline -0.004 -6"><span class='ocrx_word' id='word_1_725' title='bbox 3027 4629 3106 4670; x_wconf 78' lang='lat' dir='ltr'><strong>ET</strong></span> <span class='ocrx_word' id='word_1_726' title='bbox 3148 4628 3211 4670; x_wconf 79' lang='lat' dir='ltr'><strong>IN</strong></span> <span class='ocrx_word' id='word_1_727' title='bbox 3255 4627 3442 4670; x_wconf 72' lang='grc' dir='ltr'><strong>ιηυυ</strong></span> <span class='ocrx_word' id='word_1_728' title='bbox 3471 4649 3488 4676; x_wconf 79' lang='lat'><strong>,</strong></span> 
     </span>
    </p>
   </div>
   <div class='ocr_carea' id='block_1_101' title="bbox 630 4708 1806 4810">
    <p class='ocr_par' dir='ltr' id='par_1_101' title="bbox 630 4754 1806 4810">
     <span class='ocr_line' id='line_1_101' title="bbox 630 4754 1806 4810; baseline -0.003 -12"><span class='ocrx_word' id='word_1_729' title='bbox 630 4759 648 4791; x_wconf 73' lang='grc' dir='ltr'>ί</span> <span class='ocrx_word' id='word_1_730' title='bbox 680 4757 883 4801; x_wconf 72' lang='lat' dir='ltr'><strong>PATER</strong></span> <span class='ocrx_word' id='word_1_731' title='bbox 930 4757 1094 4802; x_wconf 75' lang='lat' dir='ltr'><strong>MEUS</strong></span> <span class='ocrx_word' id='word_1_732' title='bbox 1125 4757 1324 4810; x_wconf 82' lang='lat' dir='ltr'><strong>USQUE</strong></span> <span class='ocrx_word' id='word_1_733' title='bbox 1365 4756 1542 4801; x_wconf 71' lang='lat' dir='ltr'><strong>M000</strong></span> <span class='ocrx_word' id='word_1_734' title='bbox 1581 4754 1806 4798; x_wconf 75' lang='lat' dir='ltr'><strong>OPEBA&#39;]</strong></span> 
     </span>
    </p>
   </div>
   <div class='ocr_carea' id='block_1_102' title="bbox 1912 4708 3085 4810">
    <p class='ocr_par' dir='ltr' id='par_1_102' title="bbox 1912 4708 3085 4805">
     <span class='ocr_line' id='line_1_102' title="bbox 1912 4708 3085 4805; baseline -0.021 -14"><span class='ocrx_word' id='word_1_735' title='bbox 1912 4777 1936 4805; x_wconf 88' lang='lat'><strong>,</strong></span> <span class='ocrx_word' id='word_1_736' title='bbox 1981 4746 2062 4789; x_wconf 78' lang='grc' dir='ltr'>ΕΤ</span> <span class='ocrx_word' id='word_1_737' title='bbox 2104 4741 2224 4785; x_wconf 74' lang='lat' dir='ltr'><strong>eeo</strong></span> <span class='ocrx_word' id='word_1_738' title='bbox 2255 4734 2502 4781; x_wconf 72' lang='lat' dir='ltr'><strong>oreuou</strong></span> <span class='ocrx_word' id='word_1_739' title='bbox 2545 4714 2772 4794; x_wconf 81' lang='lat' dir='ltr'><strong>(Joan.</strong></span> <span class='ocrx_word' id='word_1_740' title='bbox 2803 4710 2862 4769; x_wconf 87' lang='lat'><strong>5.</strong></span> <span class='ocrx_word' id='word_1_741' title='bbox 2911 4708 3035 4787; x_wconf 85' lang='grc'><strong>17).</strong></span> <span class='ocrx_word' id='word_1_742' title='bbox 3063 4733 3085 4766; x_wconf 67' lang='grc' dir='ltr'><em>υ</em></span> 
     </span>
    </p>
   </div>
   <div class='ocr_carea' id='block_1_103' title="bbox 730 5037 1393 5102">
    <p class='ocr_par' dir='ltr' id='par_1_103' title="bbox 730 5037 1393 5102">
     <span class='ocr_line' id='line_1_103' title="bbox 730 5037 1393 5102; baseline -0.012 -11"><span class='ocrx_word' id='word_1_743' title='bbox 730 5041 919 5102; x_wconf 82' lang='lat' dir='ltr'><strong>(contra</strong></span> <span class='ocrx_word' id='word_1_744' title='bbox 941 5047 1204 5089; x_wconf 78' lang='lat' dir='ltr'><strong>Anomceos.</strong></span> <span class='ocrx_word' id='word_1_745' title='bbox 1225 5043 1297 5086; x_wconf 87' lang='lat' dir='ltr'><strong>xu</strong></span> <span class='ocrx_word' id='word_1_746' title='bbox 1330 5037 1393 5098; x_wconf 80' lang='grc' dir='ltr'><strong>ι.)</strong></span> 
     </span>
    </p>
   </div>
   <div class='ocr_carea' id='block_1_104' title="bbox 326 5117 1827 5192">
    <p class='ocr_par' dir='ltr' id='par_1_104' title="bbox 326 5117 1827 5192">
     <span class='ocr_line' id='line_1_104' title="bbox 326 5117 1827 5192; baseline -0.005 -15"><span class='ocrx_word' id='word_1_747' title='bbox 326 5124 379 5177; x_wconf 74' lang='grc'><strong>1.</strong></span> <span class='ocrx_word' id='word_1_748' title='bbox 409 5121 723 5178; x_wconf 83' lang='lat' dir='ltr'><strong>Benedictus</strong></span> <span class='ocrx_word' id='word_1_749' title='bbox 764 5123 901 5177; x_wconf 90' lang='lat' dir='ltr'><strong>Deus</strong></span> <span class='ocrx_word' id='word_1_750' title='bbox 933 5139 946 5174; x_wconf 88' lang='lat'><strong>:</strong></span> <span class='ocrx_word' id='word_1_751' title='bbox 974 5122 1181 5192; x_wconf 90' lang='lat' dir='ltr'><strong>singulo</strong></span> <span class='ocrx_word' id='word_1_752' title='bbox 1209 5133 1419 5190; x_wconf 92' lang='lat' dir='ltr'><strong>quoque</strong></span> <span class='ocrx_word' id='word_1_753' title='bbox 1457 5125 1717 5173; x_wconf 89' lang='lat' dir='ltr'><strong>conventu</strong></span> <span class='ocrx_word' id='word_1_754' title='bbox 1745 5117 1827 5171; x_wconf 88' lang='lat' dir='ltr'><strong>vi-</strong></span> 
     </span>
    </p>
   </div>
   <div class='ocr_carea' id='block_1_105' title="bbox 245 5207 1827 5281">
    <p class='ocr_par' dir='ltr' id='par_1_105' title="bbox 245 5207 1827 5281">
     <span class='ocr_line' id='line_1_105' title="bbox 245 5207 1827 5281; baseline -0.006 -13"><span class='ocrx_word' id='word_1_755' title='bbox 245 5213 358 5268; x_wconf 82' lang='lat' dir='ltr'><strong>deo</strong></span> <span class='ocrx_word' id='word_1_756' title='bbox 397 5227 582 5266; x_wconf 91' lang='lat' dir='ltr'><strong>arvum</strong></span> <span class='ocrx_word' id='word_1_757' title='bbox 627 5225 904 5275; x_wconf 87' lang='lat' dir='ltr'><strong>crescere,</strong></span> <span class='ocrx_word' id='word_1_758' title='bbox 933 5225 1088 5281; x_wconf 86' lang='lat' dir='ltr'><strong>agros</strong></span> <span class='ocrx_word' id='word_1_759' title='bbox 1124 5218 1362 5264; x_wconf 90' lang='lat' dir='ltr'><strong>comatos</strong></span> <span class='ocrx_word' id='word_1_760' title='bbox 1400 5207 1617 5270; x_wconf 84' lang='lat' dir='ltr'><strong>ﬂorere,</strong></span> <span class='ocrx_word' id='word_1_761' title='bbox 1650 5221 1827 5261; x_wconf 88' lang='lat' dir='ltr'><strong>aream</strong></span> 
     </span>
    </p>
   </div>
   <div class='ocr_carea' id='block_1_106' title="bbox 241 5296 1830 5372">
    <p class='ocr_par' dir='ltr' id='par_1_106' title="bbox 241 5296 1830 5372">
     <span class='ocr_line' id='line_1_106' title="bbox 241 5296 1830 5372; baseline -0.004 -15"><span class='ocrx_word' id='word_1_762' title='bbox 241 5302 486 5372; x_wconf 82' lang='lat' dir='ltr'><strong>impleri,</strong></span> <span class='ocrx_word' id='word_1_763' title='bbox 532 5302 865 5371; x_wconf 89' lang='lat' dir='ltr'><strong>multiplicari</strong></span> <span class='ocrx_word' id='word_1_764' title='bbox 903 5301 1235 5369; x_wconf 89' lang='lat' dir='ltr'><strong>manipulos;</strong></span> <span class='ocrx_word' id='word_1_765' title='bbox 1277 5299 1486 5354; x_wconf 87' lang='lat' dir='ltr'><strong>tametsi</strong></span> <span class='ocrx_word' id='word_1_766' title='bbox 1530 5313 1634 5352; x_wconf 90' lang='lat' dir='ltr'><strong>non</strong></span> <span class='ocrx_word' id='word_1_767' title='bbox 1679 5296 1830 5350; x_wconf 90' lang='lat' dir='ltr'><strong>multi</strong></span> 
     </span>
    </p>
   </div>
   <div class='ocr_carea' id='block_1_107' title="bbox 245 5388 1823 5462">
    <p class='ocr_par' dir='ltr' id='par_1_107' title="bbox 245 5388 1823 5462">
     <span class='ocr_line' id='line_1_107' title="bbox 245 5388 1823 5462; baseline -0.004 -14"><span class='ocrx_word' id='word_1_768' title='bbox 245 5393 370 5448; x_wconf 87' lang='lat' dir='ltr'><strong>dies</strong></span> <span class='ocrx_word' id='word_1_769' title='bbox 391 5393 780 5462; x_wconf 86' lang='lat' dir='ltr'><strong>praeterierunt,</strong></span> <span class='ocrx_word' id='word_1_770' title='bbox 805 5401 1084 5462; x_wconf 89' lang='lat' dir='ltr'><strong>postquam</strong></span> <span class='ocrx_word' id='word_1_771' title='bbox 1113 5399 1402 5449; x_wconf 87' lang='lat' dir='ltr'><strong>sementem</strong></span> <span class='ocrx_word' id='word_1_772' title='bbox 1424 5389 1560 5445; x_wconf 90' lang='lat' dir='ltr'><strong>hanc</strong></span> <span class='ocrx_word' id='word_1_773' title='bbox 1577 5388 1823 5458; x_wconf 88' lang='lat' dir='ltr'><strong>jecimus,</strong></span> 
     </span>
    </p>
   </div>
   <div class='ocr_carea' id='block_1_108' title="bbox 318 5495 1104 5560">
    <p class='ocr_par' dir='ltr' id='par_1_108' title="bbox 318 5495 1104 5560">
     <span class='ocr_line' id='line_1_108' title="bbox 318 5495 1104 5560; baseline -0.004 -11"><span class='ocrx_word' id='word_1_774' title='bbox 318 5501 338 5532; x_wconf 81' lang='grc'><strong>⁸</strong></span> <span class='ocrx_word' id='word_1_775' title='bbox 371 5495 546 5549; x_wconf 79' lang='lat' dir='ltr'><strong>collata</strong></span> <span class='ocrx_word' id='word_1_776' title='bbox 567 5510 676 5548; x_wconf 88' lang='lat' dir='ltr'><strong>cum</strong></span> <span class='ocrx_word' id='word_1_777' title='bbox 697 5505 776 5549; x_wconf 74' lang='lat' dir='ltr'><strong>Is.</strong></span> <span class='ocrx_word' id='word_1_778' title='bbox 798 5499 944 5560; x_wconf 76' lang='lat' dir='ltr'><strong>Regio</strong></span> <span class='ocrx_word' id='word_1_779' title='bbox 963 5496 1104 5546; x_wconf 76' lang='grc'><strong>2424.</strong></span> 
     </span>
    </p>
   </div>
   <div class='ocr_carea' id='block_1_109' title="bbox 1933 5016 3499 5099">
    <p class='ocr_par' dir='ltr' id='par_1_109' title="bbox 1933 5016 3499 5099">
     <span class='ocr_line' id='line_1_109' title="bbox 1933 5016 3499 5099; baseline -0.017 -8"><span class='ocrx_word' id='word_1_780' title='bbox 1933 5049 2057 5090; x_wconf 90' lang='lat' dir='ltr'><strong>ecce</strong></span> <span class='ocrx_word' id='word_1_781' title='bbox 2083 5046 2213 5087; x_wconf 91' lang='lat' dir='ltr'><strong>vero</strong></span> <span class='ocrx_word' id='word_1_782' title='bbox 2236 5025 2624 5099; x_wconf 87' lang='lat' dir='ltr'><strong>quamprimum</strong></span> <span class='ocrx_word' id='word_1_783' title='bbox 2649 5022 2798 5078; x_wconf 87' lang='lat' dir='ltr'><strong>dives</strong></span> <span class='ocrx_word' id='word_1_784' title='bbox 2823 5019 2979 5076; x_wconf 88' lang='lat' dir='ltr'><strong>nobis</strong></span> <span class='ocrx_word' id='word_1_785' title='bbox 3006 5016 3328 5073; x_wconf 76' lang='lat' dir='ltr'><strong>obedientiae</strong></span> <span class='ocrx_word' id='word_1_786' title='bbox 3356 5017 3499 5084; x_wconf 79' lang='lat' dir='ltr'><strong>spira</strong></span> 
     </span>
    </p>
   </div>
   <div class='ocr_carea' id='block_1_110' title="bbox 1932 5107 3498 5196">
    <p class='ocr_par' dir='ltr' id='par_1_110' title="bbox 1932 5107 3498 5196">
     <span class='ocr_line' id='line_1_110' title="bbox 1932 5107 3498 5196; baseline -0.017 -15"><span class='ocrx_word' id='word_1_787' title='bbox 1932 5120 2264 5196; x_wconf 86' lang='lat' dir='ltr'><strong>germinavit.</strong></span> <span class='ocrx_word' id='word_1_788' title='bbox 2307 5117 2386 5171; x_wconf 87' lang='lat' dir='ltr'><strong>Ex</strong></span> <span class='ocrx_word' id='word_1_789' title='bbox 2423 5130 2529 5185; x_wconf 88' lang='lat' dir='ltr'><strong>quo</strong></span> <span class='ocrx_word' id='word_1_790' title='bbox 2572 5112 2904 5183; x_wconf 90' lang='lat' dir='ltr'><strong>perspicuum</strong></span> <span class='ocrx_word' id='word_1_791' title='bbox 2946 5117 3029 5164; x_wconf 89' lang='lat' dir='ltr'><strong>est</strong></span> <span class='ocrx_word' id='word_1_792' title='bbox 3071 5122 3175 5162; x_wconf 91' lang='lat' dir='ltr'><strong>non</strong></span> <span class='ocrx_word' id='word_1_793' title='bbox 3216 5107 3498 5196; x_wconf 84' lang='lat' dir='ltr'><strong>humanam</strong></span> 
     </span>
    </p>
   </div>
   <div class='ocr_carea' id='block_1_111' title="bbox 1933 5195 3504 5294">
    <p class='ocr_par' dir='ltr' id='par_1_111' title="bbox 1933 5195 3504 5294">
     <span class='ocr_line' id='line_1_111' title="bbox 1933 5195 3504 5294; baseline -0.015 -24"><span class='ocrx_word' id='word_1_794' title='bbox 1933 5195 2054 5270; x_wconf 88' lang='lat' dir='ltr'><strong>esse</strong></span> <span class='ocrx_word' id='word_1_795' title='bbox 2083 5209 2393 5282; x_wconf 87' lang='lat' dir='ltr'><strong>potentiam,</strong></span> <span class='ocrx_word' id='word_1_796' title='bbox 2415 5206 2508 5262; x_wconf 85' lang='lat' dir='ltr'><strong>sed</strong></span> <span class='ocrx_word' id='word_1_797' title='bbox 2538 5205 2756 5276; x_wconf 87' lang='lat' dir='ltr'><strong>gratiam</strong></span> <span class='ocrx_word' id='word_1_798' title='bbox 2777 5201 3032 5266; x_wconf 89' lang='lat' dir='ltr'><strong>divinam,</strong></span> <span class='ocrx_word' id='word_1_799' title='bbox 3058 5213 3176 5268; x_wconf 68' lang='lat' dir='ltr'><strong>quae</strong></span> <span class='ocrx_word' id='word_1_800' title='bbox 3201 5197 3338 5250; x_wconf 90' lang='lat' dir='ltr'><strong>hanc</strong></span> <span class='ocrx_word' id='word_1_801' title='bbox 3361 5195 3504 5294; x_wconf 74' lang='lat' dir='ltr'><strong>colat</strong></span> 
     </span>
    </p>
   </div>
   <div class='ocr_carea' id='block_1_112' title="bbox 1934 5292 3505 5364">
    <p class='ocr_par' dir='ltr' id='par_1_112' title="bbox 1934 5292 3505 5364">
     <span class='ocr_line' id='line_1_112' title="bbox 1934 5292 3505 5364; baseline -0.015 -5"><span class='ocrx_word' id='word_1_802' title='bbox 1934 5302 2243 5360; x_wconf 89' lang='lat' dir='ltr'><strong>Ecelesiam.</strong></span> <span class='ocrx_word' id='word_1_803' title='bbox 2292 5299 2424 5354; x_wconf 87' lang='lat' dir='ltr'><strong>Nam</strong></span> <span class='ocrx_word' id='word_1_804' title='bbox 2469 5305 2524 5352; x_wconf 89' lang='lat' dir='ltr'><strong>et</strong></span> <span class='ocrx_word' id='word_1_805' title='bbox 2578 5292 2880 5364; x_wconf 86' lang='lat' dir='ltr'><strong>hujusmodi</strong></span> <span class='ocrx_word' id='word_1_806' title='bbox 2925 5297 3010 5345; x_wconf 88' lang='lat' dir='ltr'><strong>est</strong></span> <span class='ocrx_word' id='word_1_807' title='bbox 3052 5295 3240 5342; x_wconf 86' lang='lat' dir='ltr'><strong>natura</strong></span> <span class='ocrx_word' id='word_1_808' title='bbox 3287 5292 3505 5339; x_wconf 84' lang='lat' dir='ltr'><strong>seminis</strong></span> 
     </span>
    </p>
   </div>
   <div class='ocr_carea' id='block_1_113' title="bbox 1934 5374 3505 5465">
    <p class='ocr_par' dir='ltr' id='par_1_113' title="bbox 1934 5374 3505 5465">
     <span class='ocr_line' id='line_1_113' title="bbox 1934 5374 3505 5465; baseline -0.013 -16"><span class='ocrx_word' id='word_1_809' title='bbox 1934 5393 2241 5465; x_wconf 87' lang='lat' dir='ltr'><strong>spiritualis.</strong></span> <span class='ocrx_word' id='word_1_810' title='bbox 2270 5390 2384 5446; x_wconf 82' lang='lat' dir='ltr'><strong>Non</strong></span> <span class='ocrx_word' id='word_1_811' title='bbox 2413 5395 2686 5456; x_wconf 81' lang='lat' dir='ltr'><strong>exspectat</strong></span> <span class='ocrx_word' id='word_1_812' title='bbox 2711 5394 2939 5454; x_wconf 89' lang='lat' dir='ltr'><strong>tempus,</strong></span> <span class='ocrx_word' id='word_1_813' title='bbox 2971 5394 3076 5435; x_wconf 91' lang='lat' dir='ltr'><strong>non</strong></span> <span class='ocrx_word' id='word_1_814' title='bbox 3116 5374 3505 5432; x_wconf 85' lang='lat' dir='ltr'><strong>multitudinem</strong></span> 
     </span>
    </p>
   </div>
   <div class='ocr_carea' id='block_1_114' title="bbox 1936 5473 3506 5551">
    <p class='ocr_par' dir='ltr' id='par_1_114' title="bbox 1936 5473 3506 5551">
     <span class='ocr_line' id='line_1_114' title="bbox 1936 5473 3506 5551; baseline -0.013 -10"><span class='ocrx_word' id='word_1_815' title='bbox 1936 5485 2164 5551; x_wconf 86' lang='lat' dir='ltr'><strong>dierum,</strong></span> <span class='ocrx_word' id='word_1_816' title='bbox 2211 5497 2317 5539; x_wconf 91' lang='lat' dir='ltr'><strong>non</strong></span> <span class='ocrx_word' id='word_1_817' title='bbox 2357 5480 2610 5537; x_wconf 86' lang='lat' dir='ltr'><strong>circuitus</strong></span> <span class='ocrx_word' id='word_1_818' title='bbox 2657 5475 2940 5540; x_wconf 87' lang='lat' dir='ltr'><strong>mensium,</strong></span> <span class='ocrx_word' id='word_1_819' title='bbox 3000 5485 3109 5528; x_wconf 90' lang='lat' dir='ltr'><strong>non</strong></span> <span class='ocrx_word' id='word_1_820' title='bbox 3143 5473 3506 5539; x_wconf 79' lang='lat' dir='ltr'><strong>tempestates,</strong></span> 
     </span>
    </p>
   </div>
  </div>
