3854 6222
419 196 527 256 803

417 326 525 366 non
553 323 725 366 annos
755 327 771 365 :
797 306 891 364 sed
919 308 1046 364 licet
1071 309 1228 362 unico
1253 308 1340 361 die
1362 308 1643 374 iacientem
1670 320 1853 359 semen
1884 306 1996 374 ple-

418 419 543 457 nam
572 412 628 456 et
663 403 956 457 confertam
995 400 1144 455 brevi
1173 399 1274 454 hoc
1302 400 1475 468 spatio
1513 411 1741 451 messem
1770 407 1994 451 metere.

418 491 628 546 Etenim
657 489 746 560 qui
777 489 917 544 hanc
954 489 1134 544 sensui
1162 488 1454 557 suhjectam
1495 496 1696 541 terram
1727 485 1996 549 scindunt,

418 582 484 636 iis
509 590 564 636 et
597 580 885 650 plurimum
929 578 1124 634 laboris
1163 577 1466 632 necessario
1492 576 1853 632 adhibendum
1893 584 1995 640 est,

417 682 474 729 et
517 675 608 730 diu
655 672 1104 742 exspectandum.
1146 671 1280 726 Nam
1321 678 1378 725 et
1413 670 1578 724 boves
1615 678 1858 724 aratores
1899 668 2000 723 sub

417 767 602 835 iugum
650 765 864 820 mittere
906 773 1190 834 coguntur,
1225 771 1282 817 ct
1320 761 1638 833 profundum
1678 760 1882 816 sulcum
1918 758 2002 813 fo-

419 855 567 918 dere,
599 865 654 909 et
690 855 896 908 semina
921 855 1138 922 cepiose
1161 853 1361 922 jacere,
1394 861 1450 906 et
1477 850 1812 920 superﬁciem
1845 858 2001 903 terrm

419 945 780 1014 centplauare,
805 955 860 999 et
879 945 1056 998 omnia
1085 954 1434 1014 quaecumque
1457 943 1598 1010 jacta
1627 941 1842 1004 fuerint,
1872 955 2004 994 con-

421 1047 620 1105 tegere,
642 1045 691 1090 ct
716 1045 1027 1103 exspectare
1052 1045 1379 1104 opportunos
1403 1034 1693 1103 pluviarum
1716 1032 1998 1095 adventus,

422 1131 706 1199 multisque
740 1129 860 1181 aliis
898 1129 948 1182 itt
990 1128 1149 1182 rebus
1195 1128 1432 1180 laborem
1475 1140 1538 1179 ac
1577 1125 1808 1180 studium
1855 1125 2001 1177 insue

423 1235 590 1284 tuere,
622 1229 676 1272 et
715 1220 935 1272 multam
981 1218 1232 1286 temporis
1261 1225 1572 1286 exspectare
1597 1230 1662 1268 ac
1692 1223 1817 1268 tunc
1846 1214 2002 1268 deni-

424 1325 528 1379 que
572 1312 730 1363 linem
768 1325 922 1362 sutttu
966 1308 1239 1376 consequi.
1282 1307 1378 1361 llic
1413 1316 1590 1360 autem
1630 1314 1684 1360 et
1723 1312 1909 1359 testate
1949 1313 2004 1360 et

426 1399 602 1453 hieme
646 1406 705 1452 et
739 1412 918 1451 serere
945 1406 1001 1451 et
1026 1407 1225 1450 metere
1258 1397 1405 1461 licet,
1443 1405 1497 1449 et
1523 1394 1713 1449 eodem
1751 1409 1893 1462 saape
1917 1393 2004 1448 die

426 1499 707 1557 utrumque
745 1487 996 1556 contigit,
1031 1486 1360 1555 potissimum
1407 1485 1497 1539 ubi
1530 1484 1738 1554 pinguis
1777 1493 1832 1538 et
1871 1483 2005 1537 uber

427 1577 585 1634 fuerit
612 1579 788 1632 anima
823 1594 944 1646 qua:
982 1577 1197 1630 colitur.
1228 1575 1379 1642 Quod
1421 1589 1550 1628 sane
1579 1575 1633 1629 in
1669 1574 1818 1628 vobis
1843 1575 2002 1628 etiam

427 1672 549 1724 licet
574 1683 837 1725 cernere:
867 1667 1212 1738 quamobrem
1241 1675 1296 1721 et
1323 1680 1422 1720 nos
1446 1666 1673 1720 alacrius
1698 1665 1766 1718 ad
1795 1681 1890 1718 vos
1915 1680 2003 1719 ac-

423 1761 708 1814 currimus.
758 1758 888 1812 Nam
932 1770 984 1811 et
1025 1756 1256 1826 agricola
1301 1755 1443 1809 illam
1486 1754 1768 1824 diligenter
1807 1763 2002 1808 terram

424 1852 574 1917 colit,
606 1866 674 1905 ex
701 1865 803 1920 qua
841 1865 983 1919 smpe
1011 1864 1190 1902 aream
1222 1847 1484 1916 implevit.
1514 1846 1739 1913 Quando
1765 1846 1923 1916 igitur
1950 1854 2006 1900 et

424 1957 520 1996 vos
545 1956 713 2013 pauco
741 1956 805 1994 ex
834 1942 1018 1994 labore
1045 1955 1291 2008 magnum
1319 1939 1472 1992 nobis
1497 1939 1744 2008 pra-betis
1772 1953 2002 2008 proven-

427 2042 558 2096 tum,
587 2045 774 2100 ntagua
803 2045 924 2084 cum
949 2030 1243 2082 attentione
1266 2028 1334 2082 ad
1362 2028 1498 2082 hanc
1523 2027 1830 2082 accedimus
1853 2028 2002 2096 agri-

421 2123 712 2188 culturam,
743 2130 795 2174 et
824 2137 1031 2183 eorum,
1061 2135 1179 2189 quas
1213 2128 1369 2173 antea
1409 2119 1550 2172 dicta
1580 2127 1722 2183 sunt,
1755 2119 2004 2188 reliquias

425 2217 578 2270 vobis
600 2215 930 2269 distributuri
954 2213 1219 2268 venimus.
1251 2213 1402 2267 Tunc
1429 2214 1586 2282 igitur
1605 2229 1668 2266 ex
1691 2213 1883 2268 Vetere
1904 2213 2006 2268 Te-

427 2311 693 2359 stamento
721 2304 1131 2374 disputationem
1162 2304 1304 2358 illam
1337 2305 1621 2364 texuimus,
1650 2319 1768 2373 quae
1797 2303 1864 2358 de
1880 2304 2005 2374 glo-

428 2399 506 2451 ria
535 2397 791 2465 unigeniti
821 2397 940 2451 Filii
971 2397 1062 2450 Dei
1088 2395 1402 2461 habebatur,
1435 2410 1576 2452 nunc
1599 2411 1664 2449 ex
1688 2395 1875 2450 eodem
1903 2396 2005 2451 hoc

428 2487 602 2555 ipsum
632 2487 884 2541 faciemus
915 2503 930 2540 :
961 2495 1085 2540 tunc
1114 2486 1241 2540 illud
1272 2486 1652 2549 aliercbamus,
1683 2485 1824 2553 quod
1853 2485 2002 2540 dicc-

429 2577 520 2631 bat
545 2577 787 2632 Christus
813 2594 825 2629 :
859 2576 920 2631 Si
947 2577 1212 2630 crederetis
1242 2576 1431 2646 Moysi,
1463 2575 1726 2629 crederetis
1755 2577 1925 2646 utique
1957 2586 2006 2631 et

426 2668 552 2721 mihi
577 2665 754 2738 (Joan.
777 2667 830 2719 5.
863 2667 976 2734 46);
1007 2680 1146 2719 nunc
1175 2673 1353 2719 autem
1383 2665 1608 2720 dicimus
1640 2664 1742 2720 hoc
1769 2680 1798 2719 a
1825 2666 2006 2737 Moyse

426 2760 630 2813 dictum
676 2772 800 2812 esse
849 2774 862 2810 :
915 2755 1223 2827 Prophetam
1266 2756 1400 2811 vobis
1443 2758 1701 2811 suscitabit
1757 2757 2006 2813 Dominus

432 2848 572 2903 Dens
616 2865 678 2903 ea:
723 2849 963 2919 fratribus
1001 2848 1194 2912 vestris,
1241 2850 1369 2902 sicut
1406 2864 1485 2901 me
1528 2863 1548 2901 :
1582 2849 1750 2918 ipsum
1789 2849 2005 2902 audietis

436 2939 611 3010 (Deut.
643 2939 730 2993 13.
770 2939 872 3000 l5;
902 2939 1015 2993 Act.
1052 2937 1108 2993 5.
1145 2938 1262 3008 22).
1305 2937 1516 2992 Etenim
1557 2939 2028 3015 quetnadmodunt‘

425 3031 669 3086 Christus
695 3030 760 3083 ad
787 3031 1021 3099 Moysem
1050 3044 1144 3084 eos
1173 3029 1515 3095 transmittit,
1548 3040 1605 3083 ut
1635 3046 1731 3099 per
1758 3031 1906 3085 illum
1939 3031 2004 3085 ad

435 3136 501 3177 se
521 3121 743 3183 alliciat;
776 3122 846 3174 ita
877 3121 1084 3190 Moyses
1114 3121 1367 3190 magistro
1394 3119 1684 3190 discipulos
1713 3121 1889 3186 tradit,
1920 3121 2008 3191 ju-

427 3214 582 3278 beus,
613 3222 674 3268 ut
699 3212 750 3267 ei
777 3227 1151 3282 usquequaque
1181 3220 1419 3280 pareant.
1453 3211 1739 3267 Pareamus
1769 3213 1928 3283 igitur
1951 3221 2006 3267 et

425 3302 784 3358 assentiamur
806 3315 927 3356 cum
950 3300 1158 3356 caeteris
1177 3301 1336 3355 rebus
1354 3300 1618 3364 omnibus,
1645 3315 2007 3371 quascumque

429 3401 524 3446 aut
551 3388 699 3458 facit,
724 3399 814 3445 aut
839 3389 1003 3457 dicit,
1034 3399 1146 3445 tum
1173 3405 1301 3444 vero
1325 3390 1475 3459 signo
1499 3389 1650 3456 huic,
1681 3391 1821 3460 quod
1847 3391 2008 3447 hodie

431 3482 586 3538 vobis
622 3482 899 3537 recitatum
933 3489 1036 3536 est.
1081 3480 1358 3548 Quodnam
1397 3495 1525 3536 vero
1560 3482 1663 3537 hoc
1698 3483 1813 3536 est?
1844 3481 2005 3550 Erat,

432 3571 620 3640 inquit,
653 3571 761 3626 dies
801 3570 958 3640 [estus
983 3569 1281 3624 Judcornnt
1312 3585 1330 3624 :
1355 3580 1402 3624 et
1426 3571 1649 3625 ascendit
1675 3571 1825 3626 Iesus
1851 3572 2006 3628 Jers-

429 3660 678 3730 solyntant
697 3675 717 3714 :
733 3669 808 3714 est
831 3667 1002 3714 autent
1023 3660 1354 3731 Jerosolymis
1376 3661 1632 3731 probatica
1661 3663 1870 3732 piscina,
1894 3679 2008 3737 qtae

429 3749 810 3821 cognominatur
839 3749 1087 3805 Hebraice
1111 3748 1384 3820 Bethesda,
1412 3753 1628 3823 quinque
1655 3755 1876 3822 porticus
1907 3757 2004 3809 ha~

429 3841 551 3896 beas
569 3841 785 3913 (Joann.
809 3839 997 3909 5.1-2).
1021 3840 1076 3894 lu
1099 3856 1260 3911 quam
1278 3851 1459 3896 narrat
1477 3857 1654 3897 sermo
1673 3845 2006 3915 evangelieus

433 3933 686 3989 advenire
724 3932 936 3988 solitum
977 3941 1117 3988 stato
1160 3941 1402 4004 tempore
1442 3935 1707 4004 angelum,
1751 3946 1911 4006 ttpse
1948 3939 2004 3995 in

430 4039 552 4080 eam
577 4024 904 4081 descendere
931 4041 946 4078 :
977 4025 1028 4079 id
1057 4041 1184 4080 vero
1200 4026 1432 4096 intelligi
1457 4041 1525 4082 ex
1548 4028 1784 4083 motione
1807 4044 1960 4099 aqua:
1979 4045 2003 4086 ξ

429 4115 610 4186 itaque
636 4117 804 4183 illutn,
829 4116 920 4186 qui
942 4117 1144 4186 primus
1163 4117 1526 4174 descendisset
1548 4127 1668 4189 ptist
1687 4134 1840 4189 aqum
1857 4135 2006 4176 eom-

429 4207 746 4274 motionem,
794 4221 982 4263 sanum
1012 4208 1124 4262 ﬁeri
1144 4247 1160 4273 ,
1189 4223 1524 4280 quocumque
1562 4211 1774 4265 tandem
1812 4213 2004 4267 morbo

426 4296 714 4353 laboraret.
751 4297 807 4352 ln
843 4297 930 4352 his
971 4297 1130 4368 igitur
1161 4299 1372 4367 iacebat
1409 4300 1696 4368 porticibus
1721 4303 2003 4358 multitude

427 4388 782 4452 infirmorum,
808 4403 1092 4455 caecorum,
1124 4389 1453 4457 claudorum,
1485 4390 1776 4458 aridorum,
1799 4395 1890 4464 qui
1910 4408 2005 4450 ex-

425 4477 734 4547 spectabant
756 4492 908 4548 aqna:
936 4486 1157 4532 motum.

499 4565 601 4621 Cur
633 4566 866 4622 Christus
902 4567 1077 4621 diebus
1113 4567 1254 4637 [estis
1291 4585 1345 4624 se
1377 4569 1658 4626 ostenderet
1684 4569 1901 4627 Judteis.
1929 4602 2004 4616 -

427 4655 610 4732 Ecqua
635 4667 814 4713 autem
841 4672 1001 4713 causa
1021 4667 1124 4724 est,
1151 4659 1494 4728 quamobrem
1520 4660 1734 4716 assidue
1755 4661 2001 4719 Christus

421 4746 622 4816 deligat
659 4746 1068 4827 Jerosolymam,
1108 4757 1164 4804 et
1204 4751 1258 4804 in
1300 4751 1428 4820 ipsis
1468 4751 1656 4808 diebus
1700 4753 1846 4808 festis
1881 4769 2001 4810 sese

423 4836 670 4891 ostendat
700 4836 931 4893 Judteis?
956 4837 1212 4904 Quoniam
1245 4850 1371 4895 tunc
1407 4841 1690 4897 multitudo
1718 4846 2002 4899 convenie-

423 4925 534 4991 bat,
567 4925 845 4996 locumque
872 4927 1018 4981 illum
1045 4941 1109 4982 ac
1135 4937 1344 4998 tempus
1369 4928 1712 4997 observabat,
1745 4941 1802 4988 ut
1829 4935 1998 4990 susci-

423 5026 574 5086 peret
599 5017 856 5071 infirmos.
877 5017 990 5073 Non
1011 5019 1153 5074 enim
1180 5019 1236 5085 ii,
1260 5022 1346 5091 qui
1367 5021 1699 5087 laborabant,
1723 5031 1999 5094 tantopere

421 5105 706 5174 cupiebant
725 5105 938 5161 liberari
965 5122 996 5161 a
1022 5108 1241 5174 morbis,
1271 5119 1596 5179 quantopere
1623 5111 1869 5167 studebat
1889 5105 1998 5169 me;

421 5195 571 5250 dicus
597 5209 690 5250 eos
711 5195 778 5250 ab
798 5196 1150 5252 invaletudine
1171 5197 1418 5253 liberare.
1443 5199 1559 5266 Quo
1581 5200 1739 5270 igitur
1759 5210 1998 5271 tempore

421 5281 672 5355 frequens
698 5294 812 5341 erat
841 5285 1074 5356 ipsorum
1099 5298 1410 5350 conventus,
1433 5297 1488 5343 et
1511 5289 1809 5344 confertum
1840 5293 1994 5347 thea-

425 5381 585 5437 trum,
612 5383 738 5430 tunc
773 5374 826 5428 in
855 5374 1088 5429 medium
1120 5375 1339 5431 veniens
1374 5390 1457 5442 ea,
1493 5392 1613 5446 qute
1655 5378 1722 5433 ad
1760 5382 1995 5450 ipsorum

418 5461 644 5516 Salutem
665 5460 921 5528 facerent,
950 5462 1275 5533 proferebat.
1296 5464 1514 5522 iacebat
1539 5466 1695 5549 igitur
1714 5469 1994 5525 multitudo

419 5549 760 5609 inﬁrmorum
792 5556 1213 5625 exspectantium
1251 5571 1403 5628 aqua:
1429 5568 1634 5615 motum
1663 5577 1676 5614 :
1703 5570 1759 5616 et
1777 5561 1833 5616 ‘is
1870 5561 1990 5632 qui-

1129 190 1182 248 s.
1225 186 1501 247 JOANNIS
1535 176 2012 246 cuttvsost‘ont
2052 186 2368 248 ARCIIIEP.
2406 179 2938 248 CONSTANTINOP.

3605 190 3707 245 801

2102 303 2250 367 dem,
2283 303 2376 373 qui
2407 302 2608 372 primus
2633 303 2986 358 descendebat
3016 310 3138 372 post
3161 315 3311 370 aqua
3337 312 3579 366 motum,
3623 321 3707 359 sa-

2064 419 2066 422 ν
2104 395 2364 458 stabatur;
2394 394 2485 462 qui
2512 401 2688 447 autem
2721 393 3004 460 secundus,
3038 408 3143 448 non
3173 395 3299 449 item
3334 395 3478 450 :sed
3508 413 3708 452 consu-

2102 480 2352 536 mebatur
2402 481 2868 549 medicamentum,
2913 492 3094 554 atque,
3147 498 3381 554 expensa
3424 485 3702 542 medicina

2066 602 2068 604 τ
2103 572 2309 641 gratiae,
2337 571 2389 626 in
2420 580 2687 642 posterum
2711 573 2981 627 restabant
3001 573 3144 628 sola:
3167 587 3229 629 ac
3256 573 3496 630 desertae
3521 590 3707 644 aqua;

2107 661 2330 731 perinde
2353 671 2517 732 atque
2542 663 2846 718 invaletudo
2867 663 3028 730 illius,
3063 664 3154 733 qui
3185 664 3388 733 primus
3403 663 3711 721 descende-

2103 761 2209 815 rat,
2238 760 2401 806 totatn
2429 752 2576 807 illam
2605 751 2909 808 facultatem
2939 754 3307 822 expressisset,
3332 765 3388 810 et
3415 754 3709 809 exhausis-
3804 775 3805 822 i

2071 873 2073 876 ‹
2101 847 2185 896 set
2203 857 2217 902 ;
2233 840 2640 912 etjurequidem
2653 843 2883 912 optimo:
2901 843 3109 898 servilis
3123 843 3262 898 enim
3277 845 3497 898 eratilla
3516 847 3708 915 gratia.
3804 840 3805 904 1

2178 930 2428 1004 Baptismi
2455 934 2622 1003 gratia
2658 949 2808 1002 quam
2841 934 3064 1002 capiosa.
3091 964 3163 975 —
3187 935 3302 1002 Quo
3342 946 3531 990 autem
3568 947 3706 991 tem-

2107 1036 2238 1091 pore
2267 1024 2524 1077 Dominus
2554 1025 2789 1089 advenit,
2823 1040 2926 1077 non
2952 1024 3137 1079 eadem
3170 1026 3307 1079 ratio
3335 1036 3560 1080 servata
3590 1039 3705 1090 est;

2109 1127 2212 1166 nec
2254 1113 2342 1182 qui
2385 1115 2592 1182 primus
2633 1114 2990 1169 descendebat
3029 1115 3080 1168 itt
3129 1115 3387 1185 piscinam
3433 1131 3707 1185 aquarum

2076 1256 2080 1259 _
2107 1201 2376 1271 baptismi,
2406 1204 2554 1257 solus
2580 1205 2888 1271 satiabatur,
2921 1205 3014 1259 sed
3053 1216 3107 1259 et
3138 1207 3340 1274 primus
3359 1247 3376 1272 ,
3405 1215 3462 1260 ct
3503 1221 3708 1262 secun-

2107 1293 2230 1360 dus,
2253 1303 2308 1349 et
2333 1297 2539 1360 tertius,
2563 1304 2620 1350 et
2646 1307 2888 1366 quartus,
2916 1307 2970 1351 et
3000 1298 3260 1364 decimus,
3287 1308 3342 1352 et
3369 1299 3705 1368 vigesimus;

2106 1396 2171 1439 ac
2196 1387 2238 1439 si
2270 1386 2454 1441 decem
2485 1387 2646 1441 millia
2675 1388 2878 1442 dixeris
2906 1399 2958 1442 ct
2989 1389 3072 1442 bis
3101 1397 3246 1443 terve
3285 1391 3540 1456 totidem,
3569 1407 3634 1443 ae
3660 1395 3704 1445 si

2108 1474 2344 1531 inﬁnitos
2383 1477 2755 1541 multitdinc,
2785 1493 2849 1532 ac
2885 1477 2930 1531 si
2973 1487 3139 1532 totum
3179 1479 3364 1533 orbem
3403 1480 3614 1547 jeceris
3655 1484 3707 1533 in
3803 1474 3805 1508 ἲ

2107 1567 2363 1636 piscinam
2400 1584 2680 1638 aquarum,
2710 1585 2778 1623 tte
2817 1570 3033 1622 minima
3063 1569 3275 1639 quidem
3307 1585 3375 1624 ex
3406 1583 3568 1640 parte
3607 1576 3709 1626 tui-

2108 1658 2289 1712 nuitur
2308 1662 2502 1729 gratia,
2533 1661 2628 1715 sed
2655 1661 2842 1715 eadem
2872 1672 3052 1715 manet
3074 1677 3264 1716 omnes
3293 1663 3415 1716 illus
3442 1679 3703 1735 purgans.

2109 1749 2336 1804 Tantum
2378 1751 2605 1805 interest
2645 1753 2784 1806 inter
2810 1753 3057 1806 servilem
3089 1761 3429 1823 potestatem,
3461 1763 3521 1809 et
3559 1756 3705 1810 heri-

2109 1840 2214 1894 lem
2239 1843 2632 1896 auctoritatem.-
2663 1842 2754 1897 Ille
2782 1857 2944 1898 unum
2969 1845 3212 1910 sanabat,
3243 1845 3332 1899 bic
3356 1847 3554 1900 urbem
3584 1849 3704 1901 uni-

2108 1945 2318 1984 versum
2351 1949 2365 1985 :
2396 1933 2489 1986 ille
2519 1933 2727 2003 singulo
2749 1949 2960 2005 quoque
2989 1951 3130 1990 anno
3158 1952 3338 2001 unum,
3372 1937 3462 1991 hic
3485 1939 3705 2008 singulo

2106 2034 2319 2091 quoque
2337 2022 2445 2087 die,
2468 2024 2510 2077 si
2529 2024 2711 2079 decem
2735 2025 2896 2080 millia
2916 2027 3048 2081 velis
3065 2028 3300 2096 injicere,
3322 2043 3518 2083 omnes
3539 2047 3703 2086 sanos

2107 2115 2310 2180 reddit;
2340 2116 2430 2170 ille
2456 2117 2786 2173 descendens
2802 2131 2859 2174 et
2883 2121 3208 2176 conturbans
3232 2137 3452 2192 aquam.
3477 2123 3572 2179 hic
3597 2144 3698 2180 non

2107 2206 2233 2260 item
2251 2223 2266 2272 ;
2287 2208 2381 2263 sed
2409 2210 2538 2264 satis
2557 2221 2636 2264 est
2664 2211 2860 2266 nudum
2889 2211 3171 2266 dumtaxat
3197 2213 3360 2283 ipsius
3384 2230 3590 2270 nomen
3618 2219 3698 2270 in—

2108 2308 2302 2354 vocare
2337 2315 2499 2370 super
2534 2317 2718 2371 aquas,
2759 2304 2992 2373 ipsisque
3026 2305 3325 2359 universam
3354 2310 3700 2360 committere

2109 2391 2329 2446 sanandi
2359 2393 2640 2447 rationem.
2671 2393 2736 2447 Et
2765 2395 2853 2449 ille
2879 2394 3093 2464 quidem
3115 2410 3401 2466 corporum
3431 2398 3578 2451 vitiis
3599 2416 3700 2453 me

2107 2481 2331 2537 dcbatur
2388 2500 2402 2537 :
2453 2485 2539 2538 hic
2586 2495 2762 2540 autem
2811 2485 3003 2540 anima:
3054 2487 3395 2542 vitiositatem
3455 2489 3697 2558 corrigit.

2109 2571 2290 2638 Vides,
2313 2589 2470 2643 quam
2500 2575 2846 2646 undequaque
2875 2593 3143 2648 maguum,
3171 2587 3331 2648 atque
3350 2579 3493 2633 adeo
3521 2581 3695 2634 inlini-

2110 2671 2220 2718 tum
2253 2665 2581 2720 intervallum
2612 2666 2862 2736 apparet?

2178 2754 2234 2808 2.
2274 2755 2492 2810 Jacebat
2521 2757 2678 2826 igitur
2715 2757 2994 2812 multitudo
3021 2759 3346 2813 infirmorum
3370 2772 3692 2830 exspectan-

2109 2848 2239 2902 tium
2266 2863 2414 2919 aquae
2442 2859 2661 2905 tuotuttt.
2690 2853 2816 2907 Erat
2834 2854 2974 2908 enim
2997 2855 3140 2909 locus
3165 2855 3250 2911 illc
3270 2857 3466 2910 medici
3490 2861 3694 2913 ofﬁcina

2108 2940 2352 3010 quaedam
2399 2943 2710 3011 spiritualis.
2753 2945 3212 3011 Quemadmodum
3261 2950 3425 3018 igitur
3457 2952 3510 3004 in
3555 2953 3694 3021 ejus-

2110 3031 2252 3088 modi
2284 3032 2402 3090 loco
2427 3036 2770 3089 multoslicct
2791 3051 3011 3092 eernere
3054 3038 3221 3092 oculis
3259 3051 3450 3108 captos
3475 3082 3491 3106 ,
3541 3058 3695 3096 crure

2099 3123 2401 3189 mutilatos,
2422 3135 2512 3178 aut
2531 3124 2633 3179 alia
2655 3127 2893 3195 corporis
2915 3138 3062 3196 parte
3085 3129 3220 3182 male
3239 3129 3486 3193 amatos,
3510 3147 3696 3185 omnes

2108 3213 2325 3283 publice
2370 3216 2735 3282 considentes,
2780 3227 2937 3287 atque
2974 3227 3343 3290 exspectantes
3387 3223 3692 3286 medicum;

2103 3305 2182 3360 vita
2218 3306 2378 3361 etiam
2406 3307 2492 3362 hic
2537 3309 2730 3363 licebat
2759 3312 2995 3380 aspicere
3024 3313 3422 3368 multitudinem
3467 3331 3658 3370 eorum
3678 3357 3691 3377 ,

2109 3397 2198 3467 qui
2237 3411 2614 3454 convenerant.
2667 3400 2721 3455 ln
2761 3402 2844 3456 bis
2871 3403 3006 3473 ipsis
3050 3405 3343 3475 porticibus
3383 3416 3500 3460 erat
3550 3409 3694 3460 homo

2108 3488 2316 3556 quidam
2341 3491 2548 3560 triginta
2576 3500 2622 3545 et
2649 3501 2760 3546 orto
2787 3507 2949 3546 annos
2972 3495 3158 3547 habens
3182 3494 3234 3547 in
3255 3493 3561 3563 inﬁrmitate
3584 3513 3691 3549 san.

2111 3576 2266 3632 Hunc
2303 3594 2416 3633 cum
2469 3581 2670 3635 vidisset
2719 3580 2870 3636 Iesus
2904 3585 3156 3653 jacentem
3177 3626 3192 3650 ,
3247 3596 3292 3639 et
3341 3588 3661 3656 cognovisset
3679 3629 3690 3644 .

2101 3669 2228 3738 quia
2243 3669 2357 3738 jam
2381 3671 2592 3724 multum
2623 3681 2815 3740 tentpus
2857 3672 3074 3735 haberet,
3114 3674 3243 3727 dixit
3265 3674 3312 3727 ei
3333 3691 3355 3728 :
3403 3672 3496 3728 Vis
3543 3694 3695 3731 sanus

2109 3757 2225 3824 ﬁeri
2236 3758 2263 3811 .9
2276 3757 2558 3827 Respondit
2575 3761 2622 3814 ei
2643 3761 2912 3831 languidus
2925 3778 2984 3815 ac
3003 3761 3151 3830 dixit,
3176 3761 3438 3832 Profecto,
3460 3764 3694 3819 Domine:

2100 3849 2198 3903 sed
2223 3849 2473 3904 hominem
2505 3867 2606 3906 non
2634 3851 2825 3917 habeo,
2868 3861 2925 3906 ut
2944 3869 3057 3908 cum
3097 3854 3292 3908 turbata
3322 3855 3480 3923 fuerit
3522 3875 3655 3926 aqua
3677 3899 3692 3923 ,

2103 3940 2273 3992 mittat
2299 3956 2379 3994 nte
2405 3941 2460 3995 in
2488 3941 2758 4010 piscinam.
2785 3941 2920 3996 Dum
2940 3944 3083 3997 venio
3108 3945 3237 3997 enim
3265 3961 3359 4014 ego
3377 3986 3394 4010 ,
3417 3946 3561 4000 alius
3585 3959 3696 3999 astte

2107 4041 2188 4079 nte
2222 4027 2477 4083 descendit
2519 4029 2715 4100 (Joan.
2756 4031 2812 4086 5.
2855 4030 2909 4087 5.
2951 4031 3036 4102 7).
3081 4032 3190 4087 Cur
3234 4043 3465 4088 cancros
3507 4049 3696 4089 omnes

2108 4119 2420 4186 prwteriens
2442 4120 2598 4176 Jesus
2626 4121 2692 4175 ad
2721 4120 2864 4176 hunc
2890 4122 3080 4177 venit?
3112 4122 3182 4179 Ut
3205 4133 3260 4178 et
3300 4125 3606 4193 potentiam
3645 4136 3696 4180 et

2108 4207 2489 4266 humanitatem
2511 4212 2850 4268 ostenderet:
2875 4213 3160 4284 potentiam
3182 4213 3416 4284 quidem,
3437 4217 3692 4285 quoniam

2109 4301 2325 4356 morbus
2348 4303 2458 4372 jam
2498 4304 2665 4359 factus
2690 4313 2806 4359 erat
2830 4305 3136 4361 insanabilis
3163 4347 3179 4371 ,
3209 4315 3264 4361 et
3292 4307 3462 4376 ipsius
3494 4310 3694 4364 invale-

2107 4391 2234 4446 tudo
2269 4407 2335 4446 eo
2363 4392 2575 4448 redacta
2605 4402 2748 4460 erat,
2779 4402 2838 4449 ut
2861 4403 3006 4450 esset
3029 4397 3080 4450 in
3109 4397 3266 4451 rebus
3290 4395 3597 4466 deploratis
3636 4416 3695 4455 ac

2105 4479 2428 4550 desperatis;
2452 4482 2829 4538 humanitatem
2853 4500 3004 4552 vero,
3027 4485 3166 4555 quod
3196 4487 3282 4555 qtti
3313 4490 3591 4557 przecipue
3614 4491 3694 4543 di-

2103 4585 2242 4640 gnus
2267 4580 2382 4627 erat
2404 4573 2768 4628 misericordia
2794 4582 2848 4628 et
2869 4573 3239 4638 beneﬁcentia,
3269 4575 3412 4628 hunc
3435 4591 3555 4646 pra:
3585 4594 3690 4633 cm-

2095 4661 2239 4716 .teris
2263 4664 2499 4732 respexit
2529 4665 2790 4734 propitius
2815 4679 2879 4719 ac
2912 4665 3170 4736 benignus
3197 4666 3479 4721 Dominus.
3511 4670 3691 4738 Neque

2103 4765 2231 4808 vero
2251 4753 2424 4809 locum
2446 4755 2637 4810 leviter
2660 4764 3054 4825 praetereamus,
3082 4770 3256 4826 neque
3279 4772 3568 4812 numerum
3599 4761 3692 4813 tri-

2093 4845 2248 4914 ginta
2284 4856 2339 4901 et
2378 4856 2500 4902 octo
2523 4862 2812 4911 annorum,
2841 4863 2976 4918 quos
3003 4847 3195 4918 agebat
3229 4849 3283 4902 in
3331 4849 3692 4905 ittvaletudiue

2109 4949 2224 4993 sua.
2254 4939 2485 4993 Audiant
2509 4954 2718 5005 omnes,
2748 4940 3068 5009 quicumque
3094 4954 3214 4994 cum
3241 4950 3563 5008 paupertate
3588 4958 3691 5010 pen

2103 5035 2266 5097 petuo
2307 5027 2740 5095 conflictantur,
2769 5028 3090 5099 quicumque
3129 5028 3184 5082 in
3221 5028 3424 5082 morbis
3466 5029 3687 5093 vivunt.

2103 5119 2421 5190 quicumque
2458 5119 2854 5175 difficultatibus
2889 5127 3200 5189 premuntur
3223 5119 3564 5188 negotiorum
3590 5134 3690 5176 se-

2103 5207 2382 5272 cularium,
2423 5210 2744 5280 quicumque
2768 5218 3134 5278 tempestatem
3161 5222 3226 5263 ac
3264 5208 3562 5276 procellam
3591 5225 3689 5262 non

2102 5305 2526 5367 exspectatorunt
2553 5299 2816 5354 malorum
2842 5298 3223 5352 sustinuerunt.
3247 5297 3587 5367 Para'yticus
3607 5299 3691 5352 hic

2103 5394 2185 5439 est
2211 5385 2511 5455 propositus
2538 5402 2636 5442 ceu
2658 5389 2956 5442 Communis
2986 5396 3168 5455 portus
3197 5386 3558 5440 humanarum
3589 5401 3679 5440 ca-

2104 5473 2420 5529 lamitatum.
2456 5475 2624 5532 Nemo
2649 5478 2790 5531 enim
2820 5477 2957 5532 adeo
2984 5492 3170 5532 vecors
3211 5483 3327 5540 est,
3370 5491 3537 5528 nemo
3560 5476 3688 5528 adeo

2102 5565 2265 5619 miser
2287 5605 2304 5633 ,
2326 5574 2382 5620 et
2407 5567 2743 5623 calamitosus
2766 5609 2782 5637 ,
2809 5568 2936 5640 quin
2966 5608 2983 5635 ,
3013 5569 3058 5624 si
3087 5567 3224 5622 hunc
3246 5573 3480 5635 spectet,
3512 5564 3684 5620 omnia
