3826 6222
253 150 368 209 303
1005 149 1090 204 DE
1127 151 1404 218 CHRISTI
1445 153 1836 212 DIVINI’I‘ATE

255 265 356 318 τοῦ
401 263 602 330 σπόρου
639 259 732 313 τοῦ
759 261 1130 330 πνευματικοῦ
1154 280 1165 289 ·
1195 264 1294 316 οὑκ
1323 266 1579 334 ἀναμένει
1625 266 1834 337 χρόνον.

252 347 318 400 οὑ
347 344 630 415 περιμένει
658 343 859 414 πλῆθος
891 343 1132 414 ἡμερῶν,
1152 345 1250 397 οὑκ
1266 346 1542 417 ἐκδέχεται
1560 348 1838 418 περιόδους

258 427 467 497 μηνῶν,
503 426 622 480 οὑδέ
671 425 822 498 ὥρας
858 427 950 479 καὶ
984 429 1209 497 καιροὺς
1254 431 1347 481 καὶ
1388 431 1693 494 ἐνιαυτούς·
1722 430 1836 485 ἀλλ’

253 503 483 563 ἐστιν“ἐν
505 509 688 580 ἡμέρα
718 512 816 580 μιᾷ
849 509 1221 564 καταϐαλόντα
1242 511 1307 564 τά
1336 507 1626 582 σπέρματα
1655 512 1838 582 μεστῷ

255 592 352 644 καί
390 592 807 664 πεπληρωμένῳ
853 592 930 662 τῷ
980 592 1223 662 βραχίονι
1269 593 1458 648 τοῦτον
1503 595 1714 665 ἀμῆσαι
1749 595 1837 648 τὸν

254 674 486 742 ἀμητόν.
509 676 570 728 Oi
604 675 704 745 μὲν
735 677 844 745 γάρ
874 675 970 745 τὴν
993 676 1260 746 αἰσθητὴν
1289 676 1492 746 ταύτην
1520 678 1840 747 ἀνατέμνονο

252 774 342 819 τες
387 757 512 825 γῆν,
543 757 745 825 πολλῆς
773 760 984 811 δέονται
1027 759 1127 828 τῆς
1168 760 1572 829 πραγματείας,
1601 761 1694 814 καὶ
1743 778 1839 830 μα-

253 840 395 908 κράς
420 842 519 909 τῆς
550 841 839 912 ἀναϐολῆς.
873 841 982 894 Καὶ
1011 841 1118 912 γάρ
1150 842 1242 895 καὶ
1273 840 1398 909 βοῦς
1426 843 1699 914 ἀροτῆρας
1733 843 1838 895 ὑπὸ

251 922 353 990 τὴν
379 922 613 994 ζεύγλην
633 923 786 991 ἄγειν
814 924 1232 991 ἀναγκάζονται,
1266 925 1360 976 καὶ
1388 925 1607 994 βαθεῖαν
1630 925 1839 980 αὔλακα

252 1005 495 1073 τέμνειν,
536 1008 630 1060 καὶ
661 1007 858 1077 δαψιλῆ
895 1007 965 1058 τά
1009 1007 1298 1076 σπέρματα
1332 1008 1714 1076 καταϐάλλειν,
1746 1011 1838 1063 καὶ

252 1088 354 1156 τὴν
378 1089 697 1155 ἐπιφάνειαν
727 1089 1042 1158 ἐξομαλίσαι
1065 1089 1162 1157 τῆς
1185 1089 1310 1158 γῆς,
1343 1090 1434 1142 καὶ
1467 1092 1534 1143 τά
1563 1092 1838 1164 καταϐλη-

254 1169 420 1221 θέντα
443 1173 620 1224 πάντα
657 1172 1020 1242 περιστεῖλαι,
1047 1172 1140 1223 καὶ
1170 1173 1456 1242 ἀναμεῖναι
1486 1173 1839 1244 συμμέτρους

254 1251 477 1320 ὄμϐρων
515 1255 706 1323 φοράς,
760 1253 855 1308 καὶ
900 1252 1066 1306 πολλά
1120 1253 1282 1322 ’ἐτερα
1332 1255 1711 1324 φιλοπονῆσαι,
1745 1257 1838 1308 καὶ

256 1334 424 1387 πολὺν
453 1336 770 1405 ἐκδέχεσθαι
800 1336 1009 1406 χρόνον,
1035 1337 1126 1388 καὶ
1160 1337 1281 1388 τότε
1307 1336 1402 1388 τοῦ
1429 1336 1617 1400 τέλους
1647 1339 1838 1389 ἐπιτυ-

254 1419 387 1484 χεῖν.
409 1418 670 1471 Ἐνταῦθα
722 1419 778 1471 δὲ
821 1419 915 1471 καὶ
949 1421 1008 1472 ἐν
1041 1419 1190 1488 θέρει
1229 1421 1322 1473 καὶ
1370 1422 1426 1472 ἐν
1477 1419 1704 1490 χειμῶνι
1745 1421 1838 1474 καὶ

255 1501 501 1571 σπείρειν
533 1501 684 1574 [548]
719 1503 813 1556 καὶ
835 1503 1077 1573 ἀμᾶσθαι
1110 1503 1209 1569 ἔνι,
1243 1505 1335 1556 καὶ
1360 1507 1415 1555 ἐν
1443 1505 1579 1576 αὑτῇ
1611 1507 1676 1574 τῇ
1701 1505 1837 1574 ἡμέ-

255 1600 328 1653 ρᾳ
356 1583 612 1647 πολλάκις
645 1586 929 1657 ἀμφότερα
956 1586 1167 1654 γέγονε,
1195 1587 1288 1640 καί⁸
1325 1587 1557 1656 μάλιστα
1595 1588 1721 1640 ὅταν
1761 1586 1834 1640 λιο

255 1667 412 1736 παρά
459 1670 553 1720 καὶ
582 1669 720 1722 πίων
752 1669 891 1740 τύχῃ
923 1665 1055 1722 οῦσα
1099 1671 1132 1738 ἡ
1173 1670 1565 1739 γεωργουμένη
1591 1669 1738 1739 ψυχή
1763 1684 1777 1698 ⁸
1810 1668 1839 1721 ὃ

249 1746 320 1819 δὴ
349 1751 440 1802 καὶ
459 1750 546 1818 ἐφ’
566 1751 719 1822 ὑμῶν
745 1752 893 1804 ἐστιν
923 1752 1052 1805 ἰδεῖν
1071 1767 1084 1780 ⁸
1117 1752 1198 1804 διὸ
1226 1753 1320 1809 καὶ
1352 1753 1511 1822 ἡμεῖς
1537 1751 1674 1823 προς
1696 1752 1838 1821 ὑμᾶς

253 1832 662 1905 προθυμότερον
700 1835 998 1906 τρέχομεν·
1033 1836 1156 1888 ἐπεὶ
1194 1836 1286 1888 καὶ
1331 1835 1575 1906 γεωργὸς
1622 1836 1838 1904 ἐκείνην

251 1914 544 1984 ἐργάζεται
573 1917 670 1987 τὴν
695 1917 930 1988 ἄρουραν
963 1913 1288 1988 ἐπιτήδειον,
1324 1917 1416 1984 ἀφ’
1435 1912 1504 1989 ἦς
1528 1916 1626 1988 τὴν
1658 1918 1838 1971 ἅλωνα

251 1997 514 2062 πολλάκις
562 2001 872 2070 ἐνέπλησεν.
893 2002 1044 2056 Ἐπεὶ
1095 1998 1187 2055 οῦν
1233 2002 1327 2056 καὶ
1375 2003 1530 2072 ὑμεῖς
1565 2002 1624 2066 ἐξ
1657 2002 1836 2070 ὀλίγου

249 2080 419 2132 πόνου
451 2082 650 2154 πολλὴν
677 2085 810 2153 ἡμῖν
833 2084 1100 2154 παρέχετε
1121 2085 1220 2156 τὴν
1249 2085 1525 2154 πρόσοδον,
1553 2084 1690 2154 μετὰ
1713 2085 1840 2137 πολ-

251 2160 354 2232 λῆς
377 2163 477 2231 τῆς
512 2166 785 2235 προσοχῆς
823 2166 924 2236 τῆς
967 2167 1240 2238 γεωργίας
1284 2167 1566 2238 ἁπτόμεθα
1610 2167 1835 2238 ταύτης,

251 2246 348 2296 καὶ
376 2245 484 2298 τῶν
523 2248 786 2318 πρότερον
821 2250 1125 2320 εἰρημένων
1160 2251 1228 2302 τά
1266 2248 1491 2318 λείψανα
1517 2251 1644 2320 ὑμῖν
1676 2251 1837 2320 κομί-

253 2343 440 2391 σοντες
484 2330 709 2399 ἥκομεν.
745 2331 878 2383 Τότε
930 2331 1030 2402 μὲν
1061 2327 1152 2383 οῦν
1198 2332 1305 2384 ἀπὸ
1350 2334 1450 2401 τῆς
1479 2333 1719 2394 Παλαιᾶς
1748 2332 1838 2386 τὸν

250 2408 410 2477 λόγον
457 2412 742 2482 ὑφήναμεν
771 2413 863 2467 τὸν
898 2414 1028 2485 περὶ
1055 2413 1157 2483 τῆς
1195 2414 1353 2484 δόξης
1392 2413 1484 2466 τοῦ
1518 2414 1837 2484 μονογενοῦς

252 2491 386 2545 Υίοῦ
412 2494 507 2546 τοῦ
532 2495 666 2548 Θεοῦ
687 2513 700 2526 ο
725 2497 843 2548 νυνὶ
865 2497 920 2549 δὲ
949 2498 1042 2549 ἀπ’
1071 2497 1240 2565 αὐτῆς
1264 2496 1324 2547 τὸ
1347 2495 1478 2548 αὑτὸ
1502 2495 1661 2548 τοῦτο
1688 2497 1840 2565 ποιή-

252 2592 448 2646 σομεν·
495 2579 611 2629 τότε
639 2574 729 2631 οῦν
759 2578 1038 2649 ἐλέγομεν,
1076 2580 1156 2631 ὅτι
1187 2581 1216 2630 6
1243 2579 1473 2649 Χριστὸς
1510 2578 1722 2646 ἔλεγεν*
1771 2579 1839 2630 El

249 2659 601 2713 ἐπιστεύετε
629 2661 874 2729 Μωϋσῇ,
916 2663 1261 2716 ἐπιστεύετε
1303 2662 1379 2714 ἂν
1413 2663 1572 2731 ἐμοί·
1620 2663 1735 2714 νυνὶ
1783 2660 1840 2714 δὲ

251 2741 507 2812 λέγομεν,
550 2745 630 2798 ὅτι
675 2740 796 2797 εἷπε
842 2745 1118 2814 Μωῦσῆς’
1164 2743 1484 2812 Προφήτην
1525 2743 1666 2812 ὑμῖν
1696 2745 1841 2798 ἁνα-

251 2827 471 2890 στήσει
507 2829 721 2894 Κύριος
752 2832 784 2882 ό
817 2828 963 2893 Θεὸς
993 2829 1060 2879 ἐκ
1093 2827 1213 2880 τῶν
1237 2826 1517 2895 ἀδελφῶν
1550 2827 1719 2895 ὑμῶν
1760 2829 1840 2894 ὡς

249 2909 359 2976 ἐμέ
380 2927 391 2939 ·
427 2911 614 2964 αὑτοῦ
649 2910 1229 2979 άκούσεσθε.’¹Ωσπερ
1253 2910 1361 2979 γάρ
1388 2913 1415 2962 6
1449 2910 1680 2979 Χριστὸς
1706 2911 1839 2980 πρὸς

251 2993 344 3045 τὸν
376 2993 616 3046 Μωῦσέα
649 2993 1031 3064 παραπέμπει,
1068 2995 1154 3045 ἵνα
1190 2993 1254 3045 δι’
1278 2994 1487 3046 ἐκείνου
1532 2994 1668 3064 πρὸς
1717 2995 1841 3046 ἐαυ-

252 3075 347 3126 τὸν
381 3075 773 3146 ἐπισπάσηται,
800 3075 972 3139 οὕτως
993 3076 1022 3128 6
1049 3076 1290 3146 Μωῠσῆς
1309 3076 1387 3146 τῷ
1415 3075 1714 3146 διδασκάλῳ
1737 3094 1843 3129 πα-

255 3158 510 3228 ραδίδωσι
558 3161 683 3222 τοὺς
716 3159 982 3229 μαθητὰς,
1014 3159 1249 3212 κελεύων
1292 3159 1439 3228 αὑτῷ
1474 3159 1614 3212 κατά
1663 3160 1841 3212 πάντα

255 3241 561 3295 πείθεσθαι.
590 3242 914 3312 Πειθὼμεθα
954 3243 1131 3294 τοίνυν
1181 3237 1261 3304 οἷς
1304 3240 1368 3294 ἂν
1410 3245 1534 3312 ποιῇ
1565 3243 1660 3294 καὶ
1685 3243 1838 3314 λέγῃ,

255 3327 368 3385 τοῖς
395 3342 456 3376 τε
479 3325 661 3388 ἄλλοις
689 3325 880 3387 ἀπασι,
905 3325 998 3377 καὶ
1021 3324 1194 3394 τούτῳ
1225 3323 1302 3392 τῷ
1331 3325 1570 3394 σήμερον
1597 3328 1843 3394 ἀναγνωσ-

257 3406 437 3458 σθέντι
471 3409 601 3477 ἡμῖν
632 3408 862 3478 σημείῳ.
903 3407 968 3459 Τί
1006 3407 1065 3460 δέ
1093 3406 1257 3458 ¹τοῦτό
1286 3408 1467 3470 ἐστιν;
1496 3404 1628 3469 τΗν,
1657 3410 1839 3479 φησὶν,

254 3489 433 3557 ἑορτὴ
469 3489 590 3543 τῶν
623 3492 936 3556 Ἰουδαίων,
975 3491 1071 3543 καί
1101 3490 1283 3557 ἀνέϐη
1311 3492 1542 3557 Ἰησοῦς
1570 3495 1658 3557 εἰς
1685 3493 1845 3559 Ἰερο-

254 3573 698 3641 σόλυμα.Ἕστι
723 3573 791 3625 δὲ
811 3574 888 3626 ἐν
912 3572 1037 3638 τοῖς
1065 3573 1498 3642 Ἰεροσολύμοις
1518 3574 1841 3642 προϐατικὴ

247 3656 647 3724 κολυμϐήθρα
671 3695 685 3718 ,
732 3657 770 3723 ἡ
823 3654 1116 3725 λεγομένη
1173 3655 1466 3721 Ἐϐραϊστί
1525 3656 1802 3724 Βηθεσδᾶ
1823 3697 1838 3720 ,

256 3737 441 3790 πέντε
485 3740 674 3804 στοὰς
707 3739 969 3807 ἔχουσα·
1005 3740 1083 3800 εἰς
1119 3739 1184 3806 ἢν
1217 3738 1374 3806 λόγος
1404 3739 1514 3808 ἔχει
1541 3740 1842 3810 παραγινό-

262 3835 424 3887 μενον
469 3819 700 3888 ἄγγελον
745 3819 886 3873 κατά
918 3819 1109 3891 καιρὸν
1143 3819 1527 3883 καταδύεσθαι,
1562 3823 1655 3874 καὶ
1685 3822 1843 3876 τοῦτο

257 3902 624 3970 γινώσκεσθαι
669 3903 757 3956 διὰ
800 3902 899 3972 τὴν
939 3901 1034 3954 τοῦ
1081 3902 1271 3965 ὓδατος
1310 3903 1557 3972 κίνησιν·
1609 3905 1702 3957 τὸν
1751 3900 1843 3957 οῦν

259 3986 476 4056 πρῶτον
505 3985 748 4055 ἐμϐάντα
783 3986 922 4055 μετά
944 3985 1037 4036 τὸν
1068 3987 1124 4037 ἐν
1153 3984 1230 4055 τῷ
1260 3983 1412 4038 ὕδατι
1446 3984 1691 4039 κλύδωνα
1714 3987 1842 4056 ὑγιῆ

257 4067 524 4135 γίνεσθαι,
557 4068 837 4138 ὁτιδήποτε
885 4067 1222 4139 ἀρρώστημα
1265 4068 1578 4137 ἔχοντα.Ἐν
1619 4069 1844 4133 ταύταις

256 4147 355 4204 οῦν
382 4151 666 4204 κατέκειτο
710 4153 830 4212 ταῖς
865 4153 1046 4212 στοαῖς
1080 4149 1280 4220 πλῆθος
1325 4147 1713 4213 ἀσθενούντων,
1751 4169 1846 4203 τυ-

259 4233 432 4301 φλῶν,
459 4235 669 4302 χωλῶν,
696 4232 894 4305 ξηρῶν,
921 4232 1294 4302 ἐκδεχομένων
1315 4233 1411 4303 τὴν
1432 4233 1524 4285 τοῦ
1547 4233 1735 4298 ὓδατος
1761 4234 1843 4288 xi-

258 4331 436 4384 νησιν.

331 4563 496 4624 τινος
531 4558 625 4617 οὖν
671 4563 858 4616 ἐνεκεν
903 4563 970 4615 τὰ
1007 4561 1356 4632 Ἰεροσόλυμα
1386 4561 1623 4631 συνεχῶς
1649 4564 1676 4615 6
1706 4563 1842 4632 Χρι-

262 4645 390 4707 στὸς
409 4644 838 4714 καταλαμϐάνει,
874 4644 966 4696 καὶ
993 4647 1049 4696 ἐν
1077 4646 1197 4707 ταῖς
1239 4646 1455 4714 ἑορταῖς
1490 4645 1844 4715 ἐπιχωριάζει

257 4730 376 4790 τοῖς
419 4729 722 4792 Ἰουδαίοις;
766 4726 982 4795 Ἐπειδὴ
1015 4726 1134 4779 τότε
1177 4726 1237 4778 τὸ
1278 4726 1482 4796 πλῆθος
1509 4728 1840 4796 συνελέγετο,

257 4812 356 4862 καὶ
376 4811 471 4863 τὸν
493 4811 655 4863 τόπον
675 4811 895 4862 ἐκεῖνον
923 4808 1016 4861 καὶ
1041 4809 1131 4860 τὸν
1160 4808 1348 4878 καιρὸν
1370 4811 1688 4880 παρετήρει,
1703 4809 1843 4863 ὥστε

260 4891 615 4944 ἐπιλαϐέσθαι
657 4891 766 4944 τῶν
814 4890 1203 4944 ἀσθενούντων.
1237 4891 1310 4942 Οὑ
1342 4892 1452 4960 γάρ
1485 4891 1753 4962 τοσαύτην
1794 4895 1843 4946 οἱ

260 4976 565 5044 κάμνοντες
592 4971 736 5044 εἶχον
761 4973 1054 5044 ἐπιθυμίαν
1079 4973 1456 5043 ἀπαλλαγῆναι
1481 4974 1589 5026 τῶν
1613 4992 1739 5046 νοση
1751 4979 1846 5042 μά-

259 5075 390 5118 των,
421 5058 552 5127 ὅσην
585 5060 626 5109 -ὁ
679 5056 861 5127 ἰατρὸς
911 5057 1203 5126 ἐπεποίητο
1256 5056 1492 5126 σπουδὴν
1540 5057 1842 5123 ἀπαλλάξαι

257 5141 461 5201 αὑτοὺς
491 5140 590 5208 τῆς
617 5139 1088 5210 ἀρρωστίαςῧΌτε
1134 5138 1316 5190 τοίνυν
1361 5138 1576 5210 πλήρης
1603 5143 1632 5194 6
1655 5141 1842 5195 σύλλο-

259 5239 360 5290 γος
383 5219 673 5292 αὑτῶν-ἦν,
707 5225 800 5276 καί
833 5221 1236 5294 ἀπηρτισμένον
1259 5222 1320 5275 τὸ
1344 5222 1588 5293 θέατρον,
1611 5226 1730 5278 τότε
1764 5228 1842 5290 εἰς

263 5305 434 5373 μέσον
460 5305 749 5374 ἐρχόμενος
791 5303 864 5358 τά
907 5305 1042 5376 πρὸς
1071 5304 1168 5375 τὴν
1194 5305 1465 5375 σωτηρίαν
1496 5309 1594 5369 τῆς
1619 5307 1842 5362 ἐκείνων

259 5386 443 5457 ψυχῆς
484 5388 845 5443 ἐπεδείκνυτο.
880 5388 1179 5441 Κατέκειτο
1225 5388 1404 5441 τοίνυν
1440 5389 1642 5458 πλῆθος
1679 5389 1841 5442 ἀσθε-

261 5470 498 5523 νούντων
534 5471 900 5541 ἐκδεχομένων
940 5471 1037 5540 τὴν
1076 5468 1169 5522 τοῦ
1209 5469 1397 5533 ὕδατος
1427 5472 1661 5542 κίνησιν,
1695 5472 1789 5524 καὶ
1814 5474 1844 5523 6

263 5553 370 5624 μὲν
420 5553 636 5624 πρῶτος
677 5552 1032 5608 ,καταϐαίνων
1065 5551 1426 5623 ἐθεραπεύετο
1455 5555 1592 5625 μετὰ
1620 5555 1718 5626 τὴν
1745 5554 1840 5608 τοῦ

582 5669 853 5729 Ρλτιιοι..
899 5669 1015 5730 Gn.
1066 5666 1344 5729 XLVIII.

206 5746 265 5761 ,ι-

1844 197 1857 221 ,
1899 158 2173 213 CONTRA
2214 155 2596 216 ANOMGSOS.
2637 158 2752 214 XII.

1946 265 2134 331 ὕδατος
2163 270 2396 339 κίνησιν,
2431 271 2458 322 6
2483 271 2539 322 δὲ
2569 268 2819 335 δεύτερος
2851 268 2950 321 οὑκ
2977 267 3056 321 ἔτι
3074 283 3090 298 ·
3128 268 3240 322 ἀλλ’
3259 270 3521 342 ἀνηλοῦτο

1939 348 1999 399 τὸ
2027 349 2336 419 φάρμακον,
2373 351 2674 405 ἐδαπανᾶτο
2705 354 2737 422 ἠ
2778 351 2987 422 ἰατρεία
3019 351 3119 421 τῆς
3149 352 3385 424 χάριτος,
3411 354 3519 408 λοισ-

1941 431 2040 483 πὸν
2073 432 2254 504 ἔρημα
2290 434 2359 488 τά
2391 435 2558 488 ὑδατα
2591 435 2770 504 ἔμενε,
2799 437 2898 505 τῆς
2932 434 3024 488 τοῦ
3052 435 3267 506 πρώτου
3287 449 3312 478 ³
3347 455 3518 491 κατα⁹

1942 515 2215 580 ϐαίνοντος
2245 519 2558 589 ἀρρωστίας
2591 518 2738 572 ἅπαν
2772 519 3194 589 ἀναμαξαμένης
3222 521 3370 574 αὑτό.
3410 522 3519 577 Καὶ

1945 599 2090 667 μάλα
2122 601 2344 663 εἰκότως
2364 617 2378 630 ·
2409 601 2629 672 δουλικὴ
2659 604 2766 672 γάρ
2791 598 2859 672 ἦν
2889 605 2920 673 η
2952 602 3129 674 χάρις.

2024 828 2161 881 Ἀλλ’
2191 831 2307 900 οὑχ,
2345 832 2432 884 ὅτε
2462 835 2489 884 6
2516 835 2790 903 Δεσπότης
2831 835 3180 904 παρεγένετο,
3213 836 3384 900 οὑτως
3409 835 3523 904 ἐγί-

1939 929 2077 976 νετο,
2113 913 2234 964 οὑδέ
2280 917 2307 966 6
2353 915 2566 985 πρῶτος
2618 917 2962 971 καταϐαίνων
3003 921 3082 982 εἰς
3110 921 3207 991 τὴν
3251 920 3522 991 κολυμϐή-

1940 996 2074 1067 θραν
2105 997 2213 1049 τῶν
2243 998 2448 1050 ὑδάτων
2483 999 2573 1051 τοῦ
2604 1000 2977 1072 βαπτίσματος
3026 1003 3384 1072 ἐθεραπεύετο
3422 1004 3522 1071 μό-

1939 1096 2048 1141 νος,
2082 1079 2216 1131 ἀλλὰ
2246 1081 2336 1132 καὶ
2363 1083 2390 1134 6
2423 1084 2652 1151 πρῶτος,
2697 1083 2849 1155 [549]
2879 1086 2972 1137 καὶ
3000 1088 3028 1138 6
3056 1086 3326 1156 δεύτερος,
3357 1087 3451 1140 καὶ
3491 1088 3521 1139 6

1938 1161 2140 1233 τρίτος,
2173 1165 2266 1216 καὶ
2307 1167 2334 1217 6
2368 1164 2648 1234 τέταρτος,
2685 1168 2779 1229 καὶ
2821 1169 2853 1224 6
2898 1167 3143 1232 δέκατος,
3188 1170 3281 1224 καὶ
3317 1171 3346 1222 6
3377 1171 3519 1222 εἰκο-

1942 1244 2064 1306 στός
2083 1261 2097 1275 ⁸
2129 1245 2232 1298 κᾶν
2257 1246 2485 1317 μυρίους
2504 1250 2684 1318 εἴπῃς,
2703 1250 2802 1302 κᾶν
2824 1250 2902 1312 δ⁸ις
2923 1250 3227 1314 τοσούτους,
3254 1250 3356 1303 κᾶν
3377 1251 3517 1318 τρὶς,

1941 1325 2044 1380 κᾶν
2090 1327 2353 1398 ἀπείρους
2396 1328 2473 1399 τῷ
2506 1330 2719 1399 πλήθει,
2757 1331 2859 1383 κᾶν
2891 1331 2988 1402 τὴν
3018 1333 3341 1402 οἰκουμένην
3380 1332 3524 1384 ἀπα-

1942 1423 2039 1460 σαν
2069 1408 2311 1482 ἐμϐάλῃς
2354 1412 2434 1474 εἰς
2458 1413 2556 1483 τὴν
2591 1412 2976 1484 κολυμϐήθραν
3003 1413 3109 1466 τῶν
3145 1414 3370 1480 ὑδάτων,
3403 1411 3521 1466 οὑδὲ

1940 1492 2080 1543 κατά
2116 1492 2311 1562 μικρὸν
2354 1492 2670 1548 ἐλαττοῦται
2700 1497 2733 1566 ή
2763 1497 2942 1565 χάρις,
2974 1497 3087 1550 ἀλλ’
3116 1499 3147 1567 ἡ
3179 1497 3317 1568 αὑτὴ
3349 1496 3518 1567 μένει,

1941 1573 2146 1637 πάντας
2174 1575 2416 1640 ἐκείνους
2454 1578 2812 1648 καθαίρουσα.
2842 1579 3105 1632 Τοσοῦτον
3135 1581 3194 1633 τὸ
3218 1581 3377 1650 μέσον
3397 1579 3520 1631 δου-

1939 1656 2095 1726 λικῆς
2135 1657 2435 1728 δυνάμεως,
2478 1662 2570 1712 καὶ
2603 1661 2926 1737 δεσποτικῆς
2960 1663 3520 1727 αὑθεντίας.Ἐκεῖνος

1939 1738 2035 1792 ἕνα
2060 1739 2446 1811 ἐθεράπευσεν,
2462 1739 2614 1806 οὗτος
2643 1743 2741 1814 τὴν
2763 1745 3086 1816 οἰκουμένην
3113 1747 3350 1800 ἅπασαν·
3373 1748 3518 1800 ἐκετο

1940 1839 2028 1885 νος
2060 1822 2146 1876 διὰ
2191 1824 2282 1876 τοῦ
2333 1825 2577 1878 ἐνιαυτοῦ
2620 1827 2734 1889 ἕνα,
2766 1823 2919 1890 οὗτος
2968 1828 3090 1880 καθ’
3112 1831 3346 1900 ἐκάστην
3384 1827 3523 1898 ἡμέ-

1943 1923 2062 1976 ραν,
2097 1908 2144 1958 εἰ
2183 1906 2358 1975 βούλει
2395 1909 2618 1980 μυρίους
2652 1909 2927 1980 ἐμϐαλεῖν,
2961 1910 3208 1974 ἅπαντας
3254 1910 3521 1979 ὑγιαίνον-

1939 2005 2038 2051 τας
2088 1990 2406 2043 ἀποδίδωσιν
2428 2009 2442 2024 ’
2479 1993 2686 2054 ἐκεῖνος
2717 1991 3054 2045 καταϐαίνων
3090 1993 3184 2046 καὶ
3231 1995 3521 2064 ταράσσων

1939 2071 1999 2124 τὸ
2042 2071 2204 2144 ῦδωρ,
2235 2065 2388 2136 οὗτος
2432 2075 2530 2143 οὑχ
2562 2074 2753 2136 οὑτως,
2787 2073 2898 2128 ἀλλ’
2930 2075 3091 2144 ἀρκεῖ
3142 2075 3301 2143 ψιλὴν
3352 2072 3519 2128 αὑτοῦ

1941 2153 2162 2206 καλέσαι
2193 2156 2292 2224 τὴν
2321 2157 2686 2226 προσηγορίαν
2725 2156 2817 2209 ἐπὶ
2849 2156 2956 2208 τῶν
2983 2157 3188 2209 ὑδάτων
3219 2157 3399 2226 μόνον.
3424 2157 3519 2208 καὶ

1941 2239 2119 2289 πᾶσαν
2165 2239 2348 2300 αὑτοῖς
2379 2238 2735 2292 ἐναποθέσθαι
2771 2238 3062 2309 θεραπείας
3090 2240 3365 2292 ὑπόθεσιν.
3398 2239 3516 2292 Κάν

1940 2319 2116 2382 κεῖνος
2168 2319 2268 2388 μὲν
2323 2322 2588 2389 σωμάτων
2640 2322 2889 2390 πήρωσιν
2919 2323 3053 2384 ἰᾶτο,
3078 2316 3230 2384 οὗτος
3257 2321 3312 2372 δέ
3337 2320 3519 2390 ψυχῆς

1940 2402 2136 2454 κακίαν
2163 2401 2465 2473 διορθοῦται
2486 2404 2534 2457 ὶ“.
2554 2405 2712 2474 Ὀρᾷς
2758 2403 2874 2466 πῶς
2919 2404 3005 2456 διὰ
3056 2405 3271 2459 πάντων
3299 2403 3432 2457 πολὺ
3462 2402 3522 2456 τὸ

1942 2484 2108 2553 μέσον
2137 2486 2230 2536 καὶ
2261 2485 2484 2556 ἄπειρον
2515 2487 2762 2554 φαίνεται
2793 2504 2806 2551 ;

1917 2727 1922 2730 ν
2013 2696 2076 2763 β’.
2111 2695 2405 2748 Κατέκειτο
2433 2694 2607 2746 τοίνυν
2641 2693 2842 2762 πλῆθος
2868 2693 3237 2747 ἀσθενούντων
3255 2694 3524 2764 ἀναμένον

1939 2779 2038 2848 τὴν
2065 2778 2159 2829 τοῦ
2195 2777 2385 2838 ὓδατος
2416 2777 2654 2846 κίνησιν·
2688 2777 2783 2829 καὶ
2816 2778 2924 2846 γὰρ
2953 2779 3185 2848 ἰατρεῖον
3210 2773 3277 2848 ἦν
3308 2780 3336 2829 6
3359 2779 3523 2841 τόπος

1943 2859 2327 2928 πνευματικόν.
2353 2859 2619 2931 Καθάπερ
2650 2855 2742 2912 οὖν
2768 2861 2826 2912 ἐν
2856 2861 3075 2930 ἰατρείῳ
3108 2859 3340 2922 πολλοὺς
3372 2859 3520 2913 ἐστιν

1943 2943 2072 2994 ἰδεῖν
2093 2942 2185 2994 τὸν
2207 2940 2482 3010 ὀφθαλμὸν
2512 2941 2974 3010 ἐκκεκομμένους,
3007 2941 3439 3012 πεπηρωμένους
3460 2941 3522 2993 τδ

1943 3025 2153 3088 σκέλος,
2184 3024 2310 3076 ἀλλο
2339 3024 2497 3093 μέλος
2525 3024 2962 3095 ἀρρωστοῦντας.
2987 3020 3105 3076 εἶτα
3132 3026 3283 3093 κοινῇ
3315 3025 3523 3086 πάντας

1943 3108 2414 3178 συγκαθημένους,
2457 3108 2550 3160 καὶ
2585 3108 2675 3159 τὸν
2722 3107 2909 3174 ἰατρὸν·
2940 3107 3338 3177 ἀναμένοντας·
3379 3106 3522 3160 οὕτω

1941 3191 2004 3262 δὴ
2035 3192 2127 3243 καὶ
2150 3192 2208 3242 ἐν
2235 3190 2426 3259 ἐκείνῳ
2459 3188 2536 3258 τῷ
2565 3189 2746 3259 χωρίῳ
2772 3188 2834 3239 τὸ
2866 3187 3067 3257 πλῆθος
3093 3188 3200 3241 τῶν
3231 3188 3520 3256 συνεληλυ-

1943 3273 2112 3326 θότων
2140 3268 2207 3342 ἦν
2245 3272 2390 3324 ἰδεῖν.
2411 3273 2514 3324 Ἐν
2543 3271 2785 3335 ταύταις
2815 3270 2943 3334 ταῖς
2969 3271 3169 3335 στοαῖς
3201 3267 3280 3339 ἦν
3309 3288 3396 3334 τις
3419 3270 3522 3322 ἄν-

1943 3359 2176 3422 θρωπος
2212 3353 2529 3421 τριάκοντα
2556 3353 2654 3405 καὶ
2677 3351 2830 3404 ὀκτὼ
2853 3352 2956 3418 ἐτη
2979 3353 3135 3421 ἔχων
3151 3353 3221 3405 ἐν
3248 3351 3322 3419 τῇ
3345 3353 3522 3406 ἀσθεο

1942 3440 2073 3505 νείςι
2103 3436 2310 3490 αὑτοῦ.
2342 3435 2562 3489 Τοῦτον
2591 3434 2731 3487 ἰδὼν
2751 3437 2783 3487 ό
2813 3433 3042 3500 Ἰησοῦς
3070 3436 3520 3503 κατακείμενον,

1944 3521 2041 3573 καὶ
2066 3519 2256 3588 γνοὺς
2294 3519 2382 3571 ὅτι
2410 3517 2527 3585 ἤδη
2561 3517 2760 3570 πολὺν
2797 3517 3020 3584 χρόνον
3049 3518 3196 3584 ἔχει,
3224 3517 3383 3585 λέγει
3412 3519 3521 3572 αὐ-

1944 3599 2060 3665 τῷ’
2100 3600 2306 3665 Θέλεις
2343 3599 2522 3666 ὑγιὴς
2569 3597 2886 3666 γενέσθαι;
2935 3599 3238 3666 Ἀπεκρίοη
3283 3597 3442 3663 αὐτῷ
3488 3602 3524 3651 ό

1945 3682 2211 3750 ἀσθενὴς
2237 3684 2336 3735 καὶ
2363 3678 2511 3746 εἷπε,
2540 3680 2672 3743 Ναὶ,
2709 3682 2888 3747 Κύριε
2909 3696 2921 3708 ·
2949 3679 3263 3747 ἄνθρωπον
3299 3680 3368 3733 δὲ
3410 3681 3523 3737 οὐκ

1945 3764 2081 3834 ἔχω,
2120 3765 2219 3827 ἵν’,
2245 3764 2393 3816 ὅταν
2417 3761 2688 3830 ταραχθῇ
2715 3761 2782 3814 τὸ
2809 3761 2985 3830 ὕδωρ,
3007 3760 3177 3829 ,βάλῃ
3207 3778 3279 3825 με
3299 3763 3388 3826 είς
3409 3759 3524 3829 τὴν

1944 3845 2392 3914 κολυμϐήθραν·
2437 3844 2507 3896 ἐν
2542 3837 2592 3909 ᾧ
2630 3842 2698 3894 δὲ
2740 3842 2855 3911 ἐγὼ
2887 3843 3153 3911 ἔρχομαι,
3180 3843 3370 3908 ἄλλος
3409 3844 3522 3911 πρὸ

1943 3927 2088 3994 ἐμοῦ
2132 3926 2488 3980 καταϐαίνει.
2525 3925 2680 3987 Τίνος
2711 3924 2896 3977 ἕνεκεν
2923 3925 3050 3987 τοὺς
3086 3924 3274 3987 ἄλλους
3313 3926 3525 3989 πάντας

1945 4007 2319 4080 παραδραμὼν
2346 4009 2375 4059 6
2415 4007 2642 4076 Ἰησοῦς,
2679 4007 2814 4077 πρὸς
2841 4006 3026 4058 τοῦτον
3051 4001 3246 4075 ἦλθεν;
3280 4006 3398 4059 Ἵνα
3428 4006 3524 4060 καὶ

1944 4091 2040 4158 τὴν
2068 4090 2315 4160 δύναμιν,
2351 4090 2442 4142 καὶ
2468 4089 2566 4159 τὴν
2606 4087 3017 4159 φιλανθρωπίαν
3055 4087 3525 4156 ἐνδείξηταιδ.τὴν

1944 4173 2318 4245 δύναμινμέν,
2343 4173 2423 4225 ὅτι
2463 4172 2523 4223 τὸ
2550 4172 2765 4242 νόσημα
2799 4171 2982 4225 λοιπὸν
3014 4170 3231 4224 ἀνίατον
3258 4172 3519 4238 ἐγεγόνει,

1945 4257 2039 4310 καὶ
2085 4259 2164 4318 εἰς
2208 4255 2518 4325 ἀμηχανίαν
2566 4255 2935 4324 περιειστήκει
2968 4253 3036 4305 τά
3066 4253 3166 4322 τῆς
3215 4253 3525 4325 ἀρρωστίας

1943 4338 2094 4409 αὑτῷ
2115 4354 2128 4367 ·
2172 4339 2270 4408 τὴν
2299 4339 2356 4391 δὲ
2386 4336 2818 4408 φιλανθρωπίαν,
2861 4338 2940 4392 ὅτι
2983 4337 3075 4390 τὸν
3108 4335 3342 4406 μάλιστα
3375 4335 3524 4399 ἄξιον

1943 4423 2071 4474 ὅντα
2118 4420 2299 4482 ἐλέους
2348 4421 2442 4474 καὶ
2493 4419 2833 4490 εὐεργεσίας.
2862 4418 3051 4473 τοῦτον
3085 4420 3189 4489 πρὸ
3215 4417 3324 4470 τῶν
3349 4416 3524 4471 ἄλλων

1945 4501 2084 4559 εἶδεν
2112 4505 2141 4556 6
2167 4501 2421 4572 κηδεμὼν
2450 4503 2546 4556 καὶ
2572 4501 2974 4572 φιλάνθρωπος.
3003 4502 3095 4570 Μὴ
3139 4500 3202 4571 δὴ
3243 4499 3524 4569 παραδράο

1949 4603 2136 4655 μωμεν
2165 4585 2350 4646 ἁπλῶς
2375 4584 2434 4637 τὸ
2458 4584 2676 4654 χωρίον,
2707 4584 2841 4653 μηδὲ
2867 4583 2958 4636 τὸν
2987 4581 3215 4652 ἀριθμὸν
3241 4580 3348 4634 τῶν
3369 4579 3525 4651 τριά-

1946 4685 2109 4720 κοντα
2130 4669 2225 4720 καὶ
2249 4665 2394 4720 ὀκτὼ
2423 4664 2579 4729 ἐτῶν,
2616 4659 2690 4718 ὧν
2719 4661 2863 4734 εῖχεν
2886 4667 2942 4716 ἐν
2966 4667 3030 4733 τῇ
3056 4662 3309 4732 ἀσθενείᾳ
3334 4661 3520 4717 αὑτοῦ.

1958 4750 2327 4804 Ἀκουέτωσαν
2355 4748 2613 4810 ἅπαντες,
2643 4748 2755 4800 ὅσοι
2777 4747 2937 4816 πενίᾳ
2959 4745 3243 4798 παλαίουσι
3263 4745 3522 4815 διηνεκεῖ,

1943 4835 2058 4886 ὅσοι
2084 4833 2178 4885 καὶ
2201 4829 2482 4901 ἀρρωστίᾳ
2513 4827 2767 4893 συζῶσιν,
2795 4829 2908 4883 ὅσοι
2939 4827 3286 4900 περιστάσεις
3319 4827 3525 4895 ὑπομέ-

1945 4932 2092 4968 νουσι
2122 4913 2461 4984 πραγμάτων
2496 4911 2785 4981 βιωτικῶν,
2819 4913 2933 4965 ὅσοι
2979 4910 3222 4982 χειμῶνα
3257 4910 3350 4964 καὶ
3399 4909 3524 4962 κλυ-

1943 4998 2128 5051 δώνιον
2157 4996 2263 5050 τῶν
2283 4996 2560 5066 ἀδοκήτων
2585 4995 2898 5065 ὑπέστησαν
2919 4995 3126 5048 κακῶν.
3154 4995 3346 5057 Κοινὸς
3370 4987 3525 5056 οὗτος

1943 5086 1972 5137 6
2002 5082 2367 5154 παραλυτικὸς
2395 5084 2570 5135 κεῖται
2596 5079 2759 5150 λιμὴν
2786 5078 2895 5131 τῶν
2925 5077 3280 5150 ἀνθρωπίνων
3315 5093 3526 5146 συμφο-

1948 5165 2075 5235 ρῶν.
2111 5165 2302 5228 Οὑδεὶς
2333 5164 2440 5234 γάρ
2472 5161 2645 5224 οὕτως
2675 5161 2898 5230 ἠλίθιος,
2935 5161 3110 5223 οὐδεὶς
3134 5159 3306 5220 οὕτως
3341 5158 3525 5220 ἄθλιος

1945 5249 2039 5302 καὶ
2070 5247 2431 5319 ταλαίπωρος,
2449 5245 2526 5309 ὡς
2552 5245 2689 5317 πρὸς
2707 5243 2895 5298 τοῦτον
2924 5244 3231 5316 ἀφορῶντα,
3255 5243 3329 5314 μὴ
3346 5241 3525 5297 πάντα

2007 5500 2034 5530 ⁸
2058 5500 2182 5559 Reg.
2203 5499 2289 5547 τοῦ
2308 5501 2521 5562 πρῴτως.

2007 5563 2036 5604 δ
2061 5558 2195 5614 Εαὶιὶ
2211 5558 2490 5624 διορθοῦται,
2524 5561 2648 5624 Reg.
2669 5558 2942 5624 διωρθοῦτο.

3105 5651 3189 5721 =18
