3826 6222
363 167 471 221 805

344 283 412 338 τὰ
445 280 761 352 ἐπαγόμενα
801 278 985 350 φέρειν
1026 276 1290 346 γενναίως
1316 274 1411 329 καὶ
1442 276 1579 346 μετά
1614 272 1922 344 προθυμίας

345 365 575 434 ἀπάσης.
602 361 663 415 Εἰ
690 359 798 430 γάρ
860 361 1062 412 εἴκοσιν
1102 359 1196 428 ἐτη
1228 354 1316 428 ἦν,
1344 360 1392 410 εί
1421 359 1528 428 γὰρ
1556 357 1710 420 δέκα,
1742 357 1789 410 εἰ
1819 357 1927 427 γὰρ

346 447 508 500 πέντε
540 445 720 515 μόνον,
751 445 852 497 οὐκ
892 440 960 513 ἦν
996 443 1155 496 ικανά
1180 441 1431 496 διαλῦσαι
1465 440 1630 495 αὐτοῦ
1656 441 1747 494 τὸν
1775 441 1928 492 τόνον

348 529 446 597 τῆς
471 527 650 596 ψυχῆς
673 543 687 591 ;
724 527 782 580 Ὀ
809 528 866 580 δὲ
893 527 1184 598 τριάκοντα
1221 527 1314 578 καὶ
1339 524 1483 578 ὀκτὼ
1511 524 1604 594 ἐτη
1633 525 1802 593 μένει,
1835 524 1931 576 καὶ

346 613 447 664 οὐκ
494 611 806 677 ἀφίσταται,
840 611 934 661 καὶ
966 608 1166 678 πολλὴν
1200 608 1568 661 ἐπιδείκνυται
1595 608 1693 676 τὴν
1724 607 1930 675 ὑπομο-

347 699 470 766 νήν.
501 695 650 764 Τάχα
677 696 806 764 ὑμῖν
837 694 1150 763 θαυμαστὸν
1179 690 1318 746 εἶναι
1353 693 1500 746 δοκεῖ
1525 691 1620 745 τοῦ
1649 692 1840 762 χρόνου
1870 691 1931 742 τὸ

353 783 547 852 μῆκος,
587 781 700 834 ἀλλ’
732 781 826 832 ἐὰν
856 779 1128 849 ἀκούσητε
1153 778 1333 831 αὐτῶν
1359 778 1467 830 τῶν
1499 777 1778 848 ῥημάτων,
1807 777 1929 829 τότε

351 866 585 935 μάλιστα
614 863 822 917 εἴσεσθε
1034 861 1197 916 αὐτοῦ
1225 862 1323 932 τὴν
1353 859 1670 933 φιλοσοφίαν
1702 860 1797 912 καὶ
1830 859 1929 930 τήν

349 951 624 1021 ὑπομονὴν
657 950 897 1003 ἃπασαν.

429 1185 662 1254 Ἐπέστη
693 1186 720 1236 6
762 1182 988 1253 Ἰησοῦς,
1015 1182 1109 1235 καὶ
1136 1181 1283 1248 λέγει
1317 1179 1469 1250 αύτῷ
1489 1197 1500 1208 ·
1533 1178 1738 1244 Θέλεις
1758 1177 1935 1246 ὑγιὴς

349 1269 663 1339 τενέσθαω
703 1268 812 1321 Καὶ
851 1267 934 1326 τίς
968 1266 1035 1320 ἂν
1062 1264 1219 1318 τοῦτο
1244 1265 1531 1335 ἠγνόησεν,
1559 1263 1644 1315 ὅτι
1685 1261 1934 1314 ἐϐούλετο

351 1353 602 1421 γενέσθαι
625 1353 812 1421 ὑγιήςς
839 1349 994 1412 Τίνος
1013 1344 1106 1402 οῦν
1129 1347 1314 1401 ἐνεκεν
1338 1348 1518 1418 ἐρωτᾷ
1535 1362 1548 1409 ;
1567 1345 1683 1402 Οὐκ
1700 1343 1930 1413 ἀγνοῶν·

351 1438 381 1488 6
407 1437 514 1506 γάρ
537 1435 605 1488 τὰ
623 1436 911 1506 ἀπόρρητα
932 1432 1031 1501 τῆς
1057 1431 1294 1495 διανοίας
1323 1429 1499 1491 εἰδὼς.
1531 1428 1710 1498 πολλῷ
1735 1428 1934 1498 μᾶλλον

348 1520 418 1570 τά
445 1517 579 1588 δῆλα
611 1518 703 1569 καὶ
726 1517 872 1586 σαφῆ
896 1517 1060 1568 πᾶσιν
1084 1515 1369 1583 ἠπίστατο.
1398 1513 1550 1574 Τίνος
1582 1512 1768 1565 ἕνεκεν
1792 1511 1936 1582 ήρὼ-

349 1617 457 1664 τα;
494 1602 702 1670 Ὥσπερ
735 1599 856 1652 τότε
887 1598 964 1668 τῷ
999 1597 1368 1668 ἑκατοντάρχῃ
1401 1595 1564 1666 φησίν
1585 1612 1598 1624 ·
1647 1595 1789 1664 Ἐγὼ
1823 1595 1936 1648 ἐλ-

351 1684 472 1739 θὼν
504 1683 848 1751 θεραπεύσω
879 1682 1085 1744 αὐτὸν,
1137 1681 1236 1734 οὐκ
1275 1679 1484 1748 ἀγνοῶν
1529 1677 1670 1749 άπερ
1702 1677 1935 1749 ἤμελλεν

350 1769 518 1838 ἐρεῖν.
546 1767 684 1820 ἀλλά
709 1764 971 1837 προειδὼς
1000 1766 1094 1818 καὶ
1126 1764 1332 1834 σφόδρα
1358 1761 1602 1834 ἀκριϐῶς
1639 1763 1936 1833 ἐπιστάμε-

351 1868 460 1915 νος,
496 1849 591 1903 καὶ
620 1849 939 1919 βουλόμενος
969 1849 1144 1917 ἀρχὴν
1184 1845 1331 1916 αὐτῴ
1371 1845 1554 1899 δοῦναι
1601 1846 1695 1898 καὶ
1723 1846 1936 1914 πρόφα-

354 1951 460 1997 σιν,
493 1933 633 1985 ὥστε
667 1933 764 2002 τὴν
816 1933 873 1983 ἐν
920 1933 1046 2002 σκιᾷ
1094 1929 1397 1998 ἐκκαλύψαι
1429 1931 1595 1982 πᾶσιν
1626 1928 1932 1992 εὐλάϐειαν,

351 2018 447 2070 καὶ
477 2017 648 2068 εἰπεῖν
671 2030 684 2042 ·
719 2013 836 2081 Μὴ,
871 2013 1078 2080 Κύριε·
1103 2015 1175 2067 οὐ
1195 2011 1304 2082 γάρ
1328 2014 1444 2081 είμι
1487 2011 1792 2076 ἄξιος-,ἳνα
1815 2027 1934 2078 μου

351 2099 471 2153 ὑπὸ
499 2097 614 2166 τὴν
643 2097 870 2165 στέγην
894 2096 1195 2162 εἰσέλθῃςο
1227 2093 1368 2147 οὕτω
1397 2094 1490 2146 καλ⁸
1511 2093 1603 2146 ἐπὶ
1630 2092 1722 2146 τοῦ
1755 2109 1936 2164 παρα⁹

357 2181 654 2252 λελυμένου
692 2194 718 2222 ιι
754 2179 965 2241 τούτου,
1005 2176 1162 2240 εἰδὼς
1191 2176 1335 2247 άπερ
1357 2175 1588 2248 ἤμελλεν
1616 2178 1782 2245 ἐρεῖν,
1807 2176 1936 2246 ἐρω-

351 2267 422 2336 τᾷ
473 2266 520 2318 εἰ
582 2263 822 2333 βούλοιτο
880 2260 1324 2331 θεραπευθῆναι,
1367 2261 1467 2312 οὐκ
1517 2259 1706 2330 ἐπειδὴ
1753 2260 1937 2330 ἠγνόει

350 2347 528 2413 τοῦτο,
575 2345 686 2400 ἀλλ’
727 2346 816 2399 ἵνα
858 2345 1116 2416 παράσχῃ
1162 2343 1310 2412 αὑτῷ
1356 2360 1477 2395 τινα
1524 2343 1796 2414 πρόφασιν
1841 2345 1939 2397 καὶ⁴

352 2430 608 2502 ἀφορμὴν
652 2427 1068 2498 ἐκτραγῳδῆσαι
1112 2426 1212 2495 τὴν
1252 2425 1458 2478 οἰκείαν
1507 2427 1812 2497 συμφοράν,
1844 2427 1937 2478 καὶ

352 2515 603 2584 γενέσθαι
630 2512 948 2566 διδάσκαλον
984 2509 1280 2580 ὑπομονῆς.
1321 2511 1383 2562 Et
1421 2508 1531 2582 γὰρ
1559 2513 1683 2581 σιγῇ
1713 2510 1804 2563 τὸν
1839 2510 1936 2563 άν-

353 2599 570 2670 θρωπον
603 2585 990 2667 ἐθεράπευσεν,
1031 2591 1416 2662 ἐζημιώθημεν
1446 2594 1511 2646 ἂν
1539 2595 1699 2663 ἡμεῖς
1731 2591 1936 2664 ζημίαν

351 2683 452 2754 τὴν
481 2681 736 2752 ἐσχάτην,
775 2679 848 2749 μὴ
878 2677 1138 2748 μαθόντες
1164 2676 1327 2728 αὑτοῦ
1356 2676 1456 2747 τῆς
1475 2675 1655 2747 ψυχῆς
1673 2675 1772 2747 τὴν
1799 2693 1936 2748 καρ-

353 2765 559 2836 τερίαν.
579 2764 636 2816 ὐ
668 2761 726 2815 δὲ
759 2760 992 2831 Χριστὸς
1026 2759 1086 2810 οὐ
1125 2757 1193 2811 τά
1228 2759 1470 2828 παρόντα
1499 2759 1803 2829 διορθοῦται
1841 2759 1937 2829 μό-

353 2866 466 2910 νον,
502 2845 638 2902 ἀλλά
682 2845 776 2898 καὶ
822 2844 890 2897 τὰ
926 2842 1199 2913 μέλλοντα
1228 2842 1426 2912 πολλῆς
1453 2842 1596 2908 ἀξιοῖ
1621 2843 1720 2914 τῆς
1744 2843 1938 2912 ἐπιμε-

351 2933 526 2995 λείας.
556 2926 883 2982 Διδάσκαλον
915 2926 1093 2979 τοίνυν
1133 2925 1264 2978 ὅντα
1303 2925 1467 2978 αὑτὸν
1502 2927 1798 2997 καρτερίας
1844 2926 1939 2979 καὶ

355 3013 634 3084 ὑπομονῆς
667 3011 871 3065 ἅπασιν
913 3007 1210 3078 ἐξεκάλυψε
1239 3011 1350 3071 τοῖς
1382 3009 1480 3078 τὴν
1511 3007 1834 3079 οἰκουμένην
1863 3009 1941 3060 οἰ-

354 3099 532 3162 κοῦσι,
577 3094 664 3148 διὰ
694 3094 792 3162 τῆς
831 3093 1150 3163 ἐρωτήσεως
1197 3092 1277 3153 εἰς
1318 3091 1563 3161 ἀνάγκην
1597 3090 1758 3144 αὑτὸν
1806 3090 1941 3142 ἀπο-

355 3181 589 3253 κρίσεως
623 3175 874 3248 ἐμϐαλών
898 3192 912 3206 ο
951 3174 1154 3239 Θέλεις
1178 3173 1354 3241 ὑγιὴς
1381 3172 1693 3242 γενέσθακ
1735 3171 1800 3224 Τί
1847 3168 1939 3253 οὖν

349 3252 560 3325 ἐκεῖνος
583 3279 596 3326 ;
621 3261 733 3314 Οὐκ
758 3257 1130 3328 ἐδυσχέρανεν,
1148 3256 1249 3308 οὐκ
1270 3256 1671 3326 ἠγανάκτησεν,
1696 3255 1796 3308 οὐκ
1817 3252 1938 3307 εἷπε

355 3345 491 3418 πρὸς
520 3345 609 3398 τὸν
638 3343 1022 3414 ἐρωτήσαντα·
1067 3339 1230 3408 Ὁρᾷς
1266 3355 1332 3408 με
1361 3338 1822 3409 παραλελυμένον,
1848 3339 1939 3392 τὸν

354 3429 546 3500 χρόνον
593 3425 765 3494 ἔγνως
811 3424 901 3476 τὸν
939 3421 1149 3492 μακρὸν
1177 3421 1279 3490 τῆς
1306 3421 1444 3490 ἐμῆς
1480 3423 1812 3493 ἀρρωστίας,
1843 3421 1939 3500 καὶ

356 3499 567 3580 ἐρωτᾷς
615 3508 664 3558 εἰ
701 3505 958 3575 βούλομαι
1000 3503 1258 3571 γενέσθαι
1285 3503 1478 3572 ὑγιής;
1507 3506 1629 3566 ταῖς
1658 3505 1821 3574 ἐμαῖς
1851 3499 1939 3573 ἦλ.

355 3594 450 3656 θες
487 3589 809 3657 ἐπιγελάσαι
840 3588 1165 3656 συμφοραῖς,
1197 3585 1292 3638 καὶ
1319 3586 1577 3657 ἀλλότρια
1605 3586 1938 3656 κωμῳδῆσαι

355 3675 532 3738 κακά;
569 3672 711 3724 Ἴστε
739 3669 848 3741 γάρ
877 3669 952 3732 ὼς
990 3667 1358 3740 μικρόψυχοιδ
1399 3670 1447 3721 οἱ
1479 3669 1749 3738 ἀῤῥωστοί
1778 3671 1935 3734 εἰσιν,

357 3759 406 3810 εἰ
433 3755 526 3811 καὶ
555 3753 802 3807 ἐνιαυτὸν
833 3752 988 3823 μόνον
1019 3752 1111 3804 ἐπὶ
1142 3750 1328 3821 κλίνης
1357 3750 1732 3804 κατακλιθεῖεν
1757 3768 1770 3782 ’
1804 3751 1936 3804 ὅπου

355 3841 413 3894 δέ
436 3839 729 3912 τριάκοντα
757 3835 852 3890 καὶ
879 3834 1022 3887 ὀκτὼ
1052 3834 1146 3907 ἐτη
1167 3834 1229 3887 τὸ
1258 3835 1469 3904 νόσημα
1499 3833 1802 3904 παρετάθη,
1822 3834 1938 3898 πῶς

353 3924 456 3977 οὐκ
483 3921 628 3982 εἰκὸς
657 3920 871 3995 ἃπασαν
893 3917 1203 3989 ἀνηλῶσθαι
1221 3916 1534 3987 φιλοσοφίαν
1561 3918 1618 3969 ἐν
1647 3916 1842 3987 μακρῷ
1862 3917 1940 3988 τῷ

357 4006 532 4079 χρόνῳ
553 4001 984 4073 δαπανηθεῖσαν;
1029 4001 1168 4053 Ἀλλ’
1197 4001 1346 4070 ὅμως
1375 4001 1526 4053 οὐδὲν
1550 3999 1791 4053 τοιοῦτον
1816 4001 1939 4054 οὕτε

356 4085 529 4150 εἶπεν.
555 4086 677 4140 οῦτε
708 4086 988 4153 ἐνενόησεν
1029 4085 1254 4146 ἐκεῖνος,
1287 4083 1424 4137 ἀλλά
1457 4085 1595 4153 μετά
1621 4084 1819 4154 πολλῆς
1841 4084 1938 4153 τῆς

357 4170 656 4230 ἐπιεικείας
705 4170 938 4219 ποιεῖται
987 4166 1086 4234 τὴν
1127 4165 1441 4234 ἀπόκρισιν,
1473 4165 1566 4217 καί
1602 4183 1733 4234 φησι
1759 4181 1772 4194 °
1801 4166 1935 4228 Ναὶ,

356 4254 532 4319 Κύριε
557 4267 573 4282 ⁸
600 4250 736 4304 ἀλλ’
768 4248 858 4301 ὅτι
889 4247 1204 4314 ἄνθρωπον
1236 4249 1346 4300 οὐκ
1376 4248 1513 4314 ἔχω,
1546 4248 1646 4311 ἵν’,
1672 4249 1818 4302 ὅταν
1840 4265 1938 4302 τα-

350 4332 548 4404 ραχθῇ
596 4333 662 4387 τὸ
694 4330 869 4398 ὕδωρ,
890 4328 1057 4396 ,βάλῃ
1087 4344 1164 4396 με
1211 4331 1297 4393 εἰς
1339 4328 1456 4395 τὴν
1494 4329 1933 4399 κολυμϐήθραν.

361 4419 503 4488 Ὅρα
557 4416 698 4468 πόσα
753 4411 1010 4484 συνῆλθεν
1048 4409 1183 4479 ὁμοῦ
1222 4411 1316 4463 καὶ
1351 4411 1442 4464 τὸν
1485 4411 1768 4482 ἄνθρωπον
1810 4415 1938 4467 ἐπο-

356 4501 591 4571 λιόρκει·
646 4499 839 4562 νόσος,
880 4496 973 4548 καὶ
1026 4493 1216 4558 πενία,
1272 4493 1362 4546 καὶ
1412 4493 1615 4563 ἐρημία
1656 4495 1762 4548 τῶν
1803 4514 1937 4566 προ-

359 4582 724 4652 στησομένων.
782 4582 884 4634 Ἐν
917 4571 966 4643 ᾧ
1007 4576 1076 4629 δὲ
1128 4574 1243 4644 ἐγὼ
1275 4574 1541 4645 ἔρχομαι,
1595 4577 1786 4644 ἄλλος
1824 4581 1939 4647 πρὸ

355 4667 502 4735 ἐμοῦ
555 4663 914 4718 καταϐαίνει.
964 4659 1134 4713 Τοῦτο
1181 4660 1396 4713 πάντων
1433 4660 1810 4730 ἐλεεινότερον,
1845 4663 1939 4717 καὶ

355 4748 501 4800 λίθον
533 4748 663 4801 αὐτὸ
687 4747 872 4799 ἱκανὸν
889 4742 1220 4813 ἐπικάμψαι.
1257 4744 1365 4795 Καὶ
1395 4742 1504 4813 γὰρ
1529 4745 1659 4814 όρᾷν
1687 4761 1776 4814 μοι
1797 4745 1939 4799 δοκῶ

355 4831 448 4884 τὸν
481 4830 766 4902 ἄνθρωπον
806 4830 1046 4899 ἐρποντα
1088 4828 1210 4881 καθ’
1255 4828 1482 4881 ἕκαστον
1532 4828 1795 4894 ἐνιαυτὸν,
1845 4832 1939 4884 καὶ

357 4915 494 4984 πρὸς
532 4913 664 4966 αὐτὸ
707 4913 769 4966 τὸ
817 4913 991 4982 στόμα
1035 4911 1134 4980 τῆς
1172 4910 1555 4982 κολυμϐήθρας
1596 4913 1936 4982 γιγνόμενον,

358 4997 451 5050 καὶ
480 4997 535 5048 ἐν
566 4995 714 5065 αὑτῷ
765 4993 843 5064 τῷ
890 4994 1032 5047 τέλει
1069 4994 1166 5064 τῆς
1209 4995 1456 5065 χρηστῆς
1525 4996 1940 5068 ἐκκρεμάμενον

355 5078 570 5142 ἐλπίδος
617 5077 739 5130 καθ’
777 5076 1008 5130 ἕκαστον
1061 5077 1338 5130 ἐνιαυτόν·
1384 5078 1483 5130 καὶ
1521 5078 1583 5132 τὸ
1622 5080 1687 5150 δὴ
1729 5079 1936 5150 μεῖζον,

412 5355 441 5419 ξ
466 5355 587 5418 Reg.
611 5353 697 5419 τοῦ
718 5354 1006 5419 παραλύτου.

411 5415 442 5455 b
468 5412 769 5480 Μιὶρόψυχοι
792 5412 878 5480 'hic
909 5412 1166 5480 signiﬁcat,
1193 5426 1290 5480 npp
1323 5413 1496 5480 pusilli
1525 5415 1705 5477 animo,
1747 5425 1803 5468 ut
1824 5433 1938 5470 ver-

357 5477 539 5547 ‘tgratj‘i
547 5473 626 5547 om
637 5473 663 5525 {i
672 5473 759 5547 ιὶεἱλ
772 5473 1288 5547 sed_mo}'qsi,nacerbi,
1299 5473 1369 5547 Δίιι
1395 5473 1702 5547 μικροψυχία,
1726 5480 1935 5533 allerca-

353 5537 437 5598 tio,
459 5537 698 5589 simultas.
725 5539 828 5597 Qua
851 5539 912 5587 de
934 5550 990 5586 re
1010 5539 1059 5586 in
1083 5537 1557 5589 Onomaslico'inl'ra."

1055 161 1111 218 S.
1152 159 1440 218 JOANNIS
1469 157 1934 215 CHRYSOSTOM

2042 156 2323 214 RCHIEP.
2360 152 2910 213 CONSTANTINOP.

3497 155 3604 212 806

2029 277 2112 330 ὅτι
2150 275 2321 330 ταῦτα
2365 272 2655 342 ὑπέμεινεν
2684 271 2784 322 οὑκ
2825 269 2914 321 ἐπὶ
2943 267 3038 321 δύο
3059 268 3154 321 καί¹
3180 267 3327 339 τρισί
3361 270 3455 324 καὶ
3479 271 3609 329 δέκα

2027 360 2225 423 ἐτεσιν,
2261 358 2376 411 ἀλλ’
2408 358 2500 408 ἐπὶ
2550 353 2693 407 ὀκτὼ
2740 355 2835 406 καὶ
2876 354 3190 423 τριάκοντα.
3237 353 3346 405 Καὶ
3381 355 3478 425 τὴν
3513 357 3610 426 μὲν

2029 442 2261 512 σπουδὴν
2295 439 2638 493 ἐπεδείκνυτο
2668 437 2866 501 πᾶσαν,
2883 435 2976 487 τοῦ
3007 434 3297 506 δέκαρποῦ
3328 436 3606 501 ἐξέπιπτε·

2026 527 2120 581 καὶ
2157 529 2184 580 6
2210 525 2306 596 μὲν
2345 524 2543 594 δρόμος
2598 522 2826 588 ἐγίνετο,
2878 518 3069 571 τούτου
3110 519 3166 571 δέ
3203 518 3300 571 τοῦ
3331 519 3531 589 δρόμου
3553 522 3613 574 τὸ

2029 610 2279 680 βραϐεῖον
2311 608 2517 677 ἐτέρου,
2546 604 2640 657 ἐπὶ
2672 606 2783 665 τοῖς
2825 602 3036 664 πολλοῖς
3065 602 3293 664 ἐκείνοις
3315 602 3459 654 ἔτεσι
3479 620 3493 632 ·
3523 604 3614 656 καὶ

2026 694 2088 746 τὸ
2115 693 2178 764 δὴ
2212 690 2611 762 χαλεπώτερον,
2649 688 2730 739 δτι
2756 686 2848 739 καὶ
2883 685 3073 747 ἄλλους
3106 684 3615 754 ἀπαλλαττομένους

2029 776 2192 850 ἐώρα.
2227 776 2368 829 Ἰστε
2395 773 2504 843 γὰρ
2555 773 2618 842 δὴ
2666 769 2844 831 τοῦτο,
2903 770 2986 822 ὅτι
3020 768 3127 820 τῶν
3166 769 3383 821 οἰκείων
3427 770 3615 822 κακῶν

2027 857 2424 932 ἀκριϐεστέραν
2443 855 2694 923 αἴσθησιν
2709 851 3078 922 λαμϐάνομεν,
3107 851 3232 903 ὅταν
3256 851 3476 922 ἐτέρους
3503 853 3616 914 τοῖς

2027 944 2212 1005 αὐτοῖς
2245 939 2640 1011 περιπεσόντας
2664 933 2815 1007 [551]
2850 934 3042 995 δεινοῖς
3075 934 3166 985 καὶ
3199 933 3617 1002 ἀπαλλαγέντας

2030 1025 2246 1094 ἴδωμεν.
2281 1022 2381 1074 Διά
2417 1019 2576 1073 τοῦτο
2605 1020 2699 1072 καὶ
2731 1021 2759 1071 6
2795 1018 2985 1085 πένης,
3007 1017 3134 1069 ὅταν
3165 1015 3248 1084 ῖδῃ
3284 1015 3618 1069 πλουτοῦντα

2028 1108 2232 1176 ἓτερον,
2264 1106 2384 1158 τότε
2413 1102 2610 1172 μᾶλλον
2651 1101 2752 1169 τῆς
2789 1099 2994 1161 οίκείας
3038 1098 3352 1152 αἰσθάνεται
3387 1100 3575 1162 πενίας
3599 1114 3615 1128 ·

2030 1191 2123 1244 καὶ
2156 1193 2184 1243 6
2212 1189 2381 1242 νοσῶν
2407 1187 2588 1239 πλεῖον
2618 1185 2891 1246 ὁδυνᾶται,
2923 1184 3049 1236 ὅταν
3075 1182 3302 1246 πολλοὺς
3323 1182 3431 1235 τῶν
3472 1200 3617 1252 καμ-

2029 1274 2227 1326 νόντων
2267 1271 2349 1342 ῖδῃ
2398 1271 2496 1340 τὴν
2545 1266 2856 1339 ἀρρωστίαν
2909 1264 3299 1335 ἀποθεμένους,
3346 1265 3512 1317 αὐτὸν
3563 1265 3620 1317 δὲ

2030 1357 2286 1426 οὐδεμίαν
2319 1355 2511 1425 ἔχοντα
2536 1349 2778 1422 χρηστὴν
2807 1350 3016 1402 ἐλπίδα.
3052 1350 3138 1400 Ἐν
3156 1348 3264 1418 γὰρ
3281 1351 3399 1410 ταῖς
3417 1349 3620 1417 ἐτέρων

2032 1441 2359 1512 εὐπραγίαις
2393 1439 2486 1500 τὰς
2517 1435 2726 1498 οἰκείας
2761 1432 3093 1503 σαφέστερον
3129 1431 3452 1501 καθορῶμεν
3482 1447 3621 1499 συμο

2031 1525 2205 1594 φοράς
2230 1542 2241 1553 ·
2266 1521 2294 1574 ὃ
2329 1521 2392 1592 δὴ
2429 1520 2524 1573 καί⁵
2553 1517 2728 1586 τούτῳ
2768 1514 2889 1568 τότε
2921 1513 3252 1566 συνέϐαινεν.
3303 1513 3444 1565 Ἀλλ’
3471 1513 3620 1580 ὅμως

2031 1609 2124 1660 καὶ
2157 1605 2424 1674 νοσήματι
2450 1602 2543 1655 καὶ
2571 1601 2732 1669 πενίᾳ
2752 1598 2846 1651 καὶ
2873 1595 3078 1667 ἐρημίᾳ
3111 1596 3202 1648 ἐπὶ
3223 1595 3482 1648 τοσοῦτον
3507 1595 3621 1664 χρό-

2031 1707 2120 1745 νον
2147 1687 2414 1748 παλαίων,
2441 1687 2534 1738 καὶ
2563 1683 2780 1753 ἐτέρους
2807 1680 2948 1742 ὁρῶν
2978 1678 3510 1748 ἀπαλλαττομένους,
3531 1678 3623 1730 καὶ

2031 1772 2194 1826 αὑτὸν
2240 1770 2666 1840 ἐπιχειρήσαντα
2700 1765 2799 1835 μὲν
2814 1764 2920 1827 ἀεὶ,
2960 1760 3211 1832 ἰσχύοντα
3254 1761 3311 1814 δὲ
3339 1761 3620 1821 οὐδέποτε,

2032 1856 2125 1908 καὶ
2153 1854 2274 1908 ούδέ
2307 1852 2444 1922 μετά
2469 1849 2644 1904 ταῦτα
2681 1846 2841 1900 πάλιν
2875 1845 3108 1908 ἐλπίζων
3135 1843 3624 1913 ἀπαλλαγήσεσθαι

2030 1936 2124 1990 τοῦ
2157 1935 2352 1998 δεινοῦ,
2385 1933 2505 1987 οὐδὲ
2537 1932 2708 1994 οὕτως
2755 1930 3040 1999 ἀφίστατο,
3071 1927 3208 1981 ἀλλά
3230 1928 3349 1979 κατ’
3376 1926 3622 1979 ἐνιαυτὸν

2032 2018 2272 2088 ἔτρεχεν.
2315 2015 2575 2087 Ἡμεῖςδέ
2599 2015 2693 2068 ἐὰν
2718 2013 2866 2077 ἀπαξ
2895 2013 3030 2082 πρὸς
3055 2011 3145 2063 τδν
3170 2011 3302 2063 Θεὸν
3336 2007 3626 2078 εὑξώμεθα

2033 2104 2161 2174 περί
2192 2101 2392 2164 ὁτιοῦν,
2423 2101 2516 2153 καὶ
2570 2099 2644 2168 μὴ
2678 2096 2952 2166 λάϐωμεν,
2984 2093 3185 2157 εὐθέως
3233 2093 3499 2162 ἀλύομεν,
3534 2093 3624 2146 καὶ

2034 2189 2112 2250 εἰς
2153 2185 2382 2254 ἀκηδίαν
2427 2181 2664 2252 ἐσχάτην
2712 2175 3188 2250 ἐμπίπτομεν-ὠς
3225 2177 3322 2247 τῆς
3351 2177 3624 2246 αἰτήσεως

2034 2267 2401 2338 ἀφιστάμεθα,
2433 2265 2697 2334 ἐκλύομεν
2727 2263 2823 2333 τὴν
2862 2259 3118 2330 σπονδήν.

2103 2531 2249 2606 ’Λρα
2289 2534 2405 2586 ἐστι
2446 2533 2568 2586 κατ’
2601 2530 2757 2595 ἀξίαν
2792 2530 2824 2598 ἦ
2862 2527 2958 2582 τὸν
2994 2524 3354 2598 παραλυτικὸν
3407 2521 3623 2575 ἐπαίνε-

2036 2638 2146 2680 σαι,
2253 2618 2351 2689 τὴν
2389 2615 2668 2688 ἡμετέραν
2709 2615 2934 2667 κακίσαι
2977 2611 3278 2684 ῥαθυμίαν;
3321 2604 3495 2691 Ποίας
3522 2603 3625 2674 γὰρ

2033 2704 2099 2757 ἂν
2148 2688 2338 2773 εἴημεν
2392 2698 2688 2766 ἀπολογίας
2740 2696 2916 2760 ἄξιοι,
2967 2693 3126 2755 ποίας
3169 2692 3224 2745 δὲ
3272 2688 3622 2756 συγγνώμης,

2033 2789 2192 2849 ὅταν,
2241 2784 2450 2838 ἐκείνου
2505 2781 2798 2852 τριάκοντα
2841 2777 2936 2831 καὶ
2988 2775 3132 2830 ὀκτὼ
3183 2773 3626 2844 καρτερήσαντος

2038 2871 2155 2942 ἐτη,
2185 2869 2346 2939 ἡμεῖς
2381 2865 2525 2919 οὕτω
2547 2863 2755 2936 ταχέως
2785 2861 3212 2928 ἀναπίπτωμεν;

2105 3135 2172 3196 γ’.
2211 3126 2276 3179 Τί
2304 3120 2398 3179 οῦν
2439 3125 2468 3176 6
2495 3120 2728 3192 Χριστός
2754 3137 2768 3184 ;
2801 3119 2932 3171 Ὅτε
2962 3116 3181 3181 ἔδειξεν,
3217 3118 3300 3170 ὅτι
3327 3115 3627 3184 θεραπείας

2035 3209 2183 3274 ἄξιός
2233 3211 2371 3266 ἐστι.
2406 3207 2499 3259 καὶ
2537 3201 2761 3264 δικαίως
2809 3202 2916 3273 πρὸ
2947 3201 3058 3253 τῶν
3101 3199 3274 3252 ἄλλων
3327 3199 3417 3250 ἐπ’
3468 3196 3627 3251 αὑτὸν

2033 3287 2185 3362 ἦλθε,
2207 3290 2300 3344 καὶ
2312 3289 2461 3356 λέγει
2487 3285 2634 3355 αὐτῷ
2652 3301 2666 3315 ο
2697 3285 2970 3354 Ἔγειραι,
2995 3275 3142 3350 ἆρον
3165 3281 3272 3334 τὸν
3294 3279 3628 3362 κράϐϐατάν

2036 3361 2174 3437 σου,
2209 3373 2308 3426 καὶ
2330 3369 2654 3438 περιπάτει.
2685 3368 2848 3437 Ὁρᾷς
2886 3366 3000 3428 πῶς
3025 3365 3175 3418 οὐδὲν
3207 3364 3316 3416 ἀπὸ
3336 3362 3448 3415 τῶν
3476 3361 3626 3432 τριά-

2036 3473 2201 3510 κοντα
2231 3456 2325 3508 καί¹
2357 3451 2502 3507 ὀκτὼ
2532 3450 2668 3504 ἐτῶν
2713 3448 3065 3520 παρεϐλάϐη,
3097 3447 3285 3516 ἐπειδὴ
3338 3445 3458 3514 μεθ’
3497 3445 3626 3496 ὑπο-

2039 3541 2205 3612 μονῆς
2230 3540 2428 3608 ήνεγκε
2467 3535 2527 3588 τὸ
2562 3552 2624 3587 συ
2635 3533 2810 3605 μϐάν;
2840 3533 2908 3584 Ἢ
2933 3549 2990 3584 τε
3017 3532 3126 3602 γὰρ
3150 3530 3295 3600 ψυχὴ
3325 3527 3627 3612 φιλοσοφω-

2035 3609 2171 3693 τέρα
2193 3621 2341 3692 αύτῷ
2366 3622 2423 3675 ἐν
2455 3619 2531 3689 τῷ
2565 3616 2760 3687 μακρῷ
2787 3615 2962 3684 τούτῳ
2987 3615 3179 3682 γέγονε
3212 3612 3410 3682 χρόνῳ,
3437 3609 3627 3679 ῶσπερ

2035 3707 2093 3759 ἐν
2143 3701 2493 3775 χωνευτηρίῳ
2525 3702 2592 3770 τῇ
2647 3699 2902 3770 συμφορᾷ
2948 3695 3372 3766 δοκιμαζομὲνη,
3423 3693 3527 3763 τήν
3568 3708 3627 3775 τε

2041 3771 2280 3858 ἰατρείαν
2341 3771 2477 3854 μετά
2529 3781 2775 3844 πλείονος
2805 3779 3160 3849 ἀπελάμϐανε
3198 3775 3372 3846 δόξης.
3410 3775 3488 3827 Οὐ
3510 3771 3627 3858 γάρ

2035 3855 2284 3938 ἄγγελος,
2315 3865 2427 3921 ἀλλ’
2453 3866 2613 3929 αὐτὸς
2633 3868 2660 3918 6
2682 3863 2791 3916 τῶν
2823 3862 3070 3931 ἀγγέλων
3100 3859 3432 3928 ἐθεράπευεν
3457 3855 3629 3938 αὐτδν

2036 3937 2331 4021 Δεσπότης.
2374 3949 2530 4012 Τίνος
2559 3947 2616 4000 δέ
2645 3947 2831 4000 ἕνεκεν
2860 3945 2954 3997 καὶ
2980 3943 3078 4014 τὴν
3107 3941 3293 4009 κλίνην
3328 3937 3478 4007 αύτῷ
3503 3937 3628 3991 ἐκέ-

2036 4037 2194 4089 λευσε
2241 4034 2466 4098 λαϐεῖν;
2505 4033 2656 4096 Ἑνὸς
2701 4030 2799 4100 μὲν
2841 4028 3075 4099 μάλιστα
3119 4026 3215 4078 καὶ
3261 4022 3504 4091 πρώτου,
3538 4022 3626 4073 ἵνα

2037 4117 2323 4192 ἀπαλλάξῃ
2336 4118 2522 4169 λοιπὸν
2546 4117 2673 4176 τοὺς
2709 4111 2993 4173 Ἰουδαίους
3016 4108 3116 4178 τῆς
3140 4106 3427 4192 τοῦΑνόμομ
3445 4120 3630 4192 παρα-

2037 4220 2101 4272 τη
2112 4186 2341 4273 ρήσεωξ.
2373 4197 2481 4252 Τοῦ
2503 4197 2610 4267 γάρ
2641 4196 2791 4266 ἡλίου
2810 4193 3108 4262 φαίνοντος,
3132 4188 3315 4273 οὐκέτι
3341 4186 3419 4257 τῷ
3445 4186 3628 4273 λύχνῳ

2037 4270 2422 4356 προσεδρεύειν
2451 4280 2591 4333 ἔδει·
2631 4279 2728 4349 τῆς
2774 4275 3031 4346 ἀληθείας
3074 4271 3401 4356 δειχθείσης,
3439 4270 3628 4356 οὐκέτ-ι

2035 4353 2126 4420 τόν
2175 4353 2346 4418 τύπον
2383 4363 2662 4435 περιέχειν
2712 4361 2901 4432 ἐχρῆν.
2943 4359 3042 4410 Διά
3087 4354 3266 4416 τοῦτο,
3300 4354 3353 4406 εί
3393 4370 3523 4406 ποτε
3564 4353 3631 4405 τὸ

2041 4447 2307 4501 σάϐϐατον
2339 4447 2482 4512 ἐλυε,
2517 4445 2770 4515 μέγιστον
2808 4445 2866 4495 ἐν
2889 4439 3037 4509 αὐτῷ
3069 4440 3289 4509 σημεῖον
3315 4435 3627 4507 εἰργάζετο,

2038 4533 2124 4586 ἵνα
2157 4533 2189 4602 ἡ
2218 4528 2312 4584 τοῦ
2342 4529 2618 4598 θαύματος
2649 4525 2921 4598 ὑπερϐολὴ
2958 4524 3082 4585 τοὺς
3113 4520 3355 4592 ὁρῶντας
3387 4519 3629 4590 ἐκπλήτ-

2038 4632 2229 4675 τουσα,
2270 4613 2367 4683 τὴν
2409 4612 2509 4681 τῆς
2556 4610 2755 4681 ἀργίας
2800 4607 3180 4678 παρατήρησιν
3239 4602 3380 4656 κατὰ
3427 4603 3632 4672 μικρὸν

2041 4699 2386 4769 ὑποσύρουσα
2428 4696 2601 4767 ἐξέλῃ.
2639 4695 2899 4764 Δεύτερον
2930 4691 3006 4754 δέ,
3047 4691 3134 4743 ἵνα
3180 4686 3508 4759 ἐπιστομίσῃ
3525 4689 3630 4769 αύ-

2037 4781 2146 4834 τῶν
2189 4781 2257 4834 τὰ
2296 4781 2625 4850 ἀναίσχυντα
2653 4780 2915 4847 στόματα.
2965 4770 3181 4841 Ἐπειδὴ
3219 4769 3328 4840 γάρ
3363 4771 3490 4838 περὶ
3523 4768 3627 4838 τὴν

2039 4864 2217 4935 κρίσιν
2248 4864 2356 4917 τῶν
2390 4862 2683 4933 θαυμάτων
2710 4857 3101 4927 ἐκακούργουν,
3138 4853 3231 4906 καὶ
3257 4855 3324 4922 τῇ
3352 4851 3478 4921 δόξῃ
3513 4851 3627 4935 τῶν

2038 4934 2373 5016 γιγνομένων
2414 4943 2741 5016 ἐπηρεάζειν
2794 4939 3130 5008 ἐπεχείρουν,
3179 4935 3371 5003 ὥσπερ
3406 4949 3460 4985 τι
3492 4934 3628 5003 τρό-

2037 5048 2198 5085 παιον
2221 5031 2314 5083 καὶ
2349 5028 2568 5096 ἔλεγχον
2607 5023 3094 5094 ἀναμφισϐήτητον
3124 5018 3224 5088 τῆς
3255 5018 3490 5085 ὑγιείας,
3523 5017 3628 5087 τὴν

2039 5115 2211 5187 φορὰν
2264 5114 2363 5184 τῆς
2401 5111 2590 5180 κλίνης
2641 5108 2893 5162 ἐκέλευεν
2938 5101 3363 5187 ἐπιδείκνυσθαι,
3394 5102 3492 5187 ,ἵνα
3525 5103 3625 5187 μή,

2036 5183 2174 5272 ὅπερ
2209 5197 2303 5251 ἐπὶ
2324 5183 2417 5250 τοῦ
2442 5193 2642 5264 τυφλοῦ
2666 5192 2872 5260 ἔλεγον,
2899 5189 3055 5243 τοῦτο
3078 5188 3172 5272 καὶ
3193 5186 3288 5272 ἐπὶ.
3313 5185 3505 5237 τούτου
3533 5183 3628 5235 λέ-

2037 5266 2196 5348 γωσι.
2219 5280 2284 5332 Τί
2311 5280 2368 5332 δὲ
2405 5277 2590 5346 ἔλεγον
2638 5277 2732 5329 ἐπὶ
2769 5275 3016 5338 ἐκείνους
3055 5266 3244 5336 Οὗτός
3262 5269 3458 5333 ἐστιν,
3508 5270 3621 5323 οὐκ

2037 5347 2211 5418 ἔστιν
2233 5359 2628 5429 οὗτος.αὐτός
2654 5359 2967 5412 ἐστιν.”1να
2997 5357 3072 5426 μὴ
3090 5349 3184 5407 οὖν
3211 5353 3306 5405 καὶ
3327 5347 3626 5404 ἐπίτούτου

2037 5448 2236 5517 λέγωσι
2292 5447 2362 5499 τὰ
2417 5443 2661 5505 τοιαῦτα,
2709 5441 2924 5512 ήκλίνη
2955 5439 3259 5509 κατήγορος
3297 5434 3480 5488 αὐτῶν
3521 5433 3627 5502 τῆς

2042 5529 2424 5604 ἀναισχυντίας
2474 5527 2704 5598 γίνεται,
2737 5525 2821 5594 ἐφ’
2862 5523 2987 5594 ὕψει
3032 5518 3328 5594 φερομένη.
3371 5518 3531 5573 Ἔστι
3567 5532 3625 5571 τι
