3854 6222
323 145 431 204 805

320 276 442 331 qure
469 258 706 315 incidant
732 271 989 329 generose
1016 266 1071 312 et
1098 272 1284 327 magna
1309 271 1427 311 cum
1455 256 1725 311 alacritate
1753 257 1891 310 ferre

314 360 495 418 queat.
545 347 678 403 Nam
726 347 935 403 tametsi
982 346 1162 416 viginti
1208 346 1332 399 anni
1381 344 1637 408 fuissent.
1688 345 1895 398 tametsi

315 438 501 493 decem
520 478 534 501 ,
564 437 772 491 tametsi
799 437 895 490 soli
923 438 1185 506 quinque,
1213 450 1389 489 nonne
1418 433 1546 489 satis
1592 443 1744 488 erant
1762 474 1778 499 ,
1806 433 1897 502 qui

316 528 623 598 frangerent
659 528 1008 583 constantiam
1030 569 1045 592 ,
1075 536 1131 582 et
1170 526 1471 581 ﬁrmitatem
1499 526 1659 579 animi
1688 526 1897 594 ipsius?

319 621 415 675 llic
445 636 572 674 vero
596 620 805 689 triginta
827 630 882 674 et
908 630 1029 673 octo
1049 634 1217 673 annos
1238 628 1435 684 manet,
1464 633 1633 686 neque
1654 618 1895 684 discedit,

315 710 410 768 sed
444 726 687 779 magnam
713 725 821 780 pra:
847 725 906 765 se
933 711 1034 765 fert
1059 710 1386 779 patientiam.
1419 709 1762 762 Admirabilis
1790 708 1905 762 for-

316 812 458 857 tasse
482 803 630 858 vobis
650 803 857 857 videtur
877 802 1130 871 temporis
1153 802 1441 872 longitudo,
1465 800 1556 856 sed
1586 803 1628 853 si
1653 800 1716 853 ad
1740 801 1898 855 verba

318 895 431 963 ipsa
475 894 840 960 attenderitis,
876 903 998 948 tunc
1025 894 1256 949 maxime
1298 892 1686 963 philosophiam
1736 891 1899 961 ipsius

318 985 715 1056 perfectamque
746 987 1048 1055 patientiam
1080 986 1430 1055 cognoscetis.

390 1077 493 1130 Cur
515 1077 784 1145 interroget
812 1093 1002 1147 (egrum
1022 1075 1270 1130 Christus.
1294 1104 1365 1114 —
1383 1074 1603 1129 Accedit
1628 1072 1892 1139 Christus,

317 1177 373 1221 et
393 1167 517 1221 dicit
541 1167 617 1221 ei:
659 1166 745 1220 Vis
769 1183 921 1220 sanus
950 1166 1059 1234 fieri
1070 1166 1095 1218 ἰ)
1122 1166 1311 1233 Ecquis
1338 1164 1436 1218 hoc
1463 1164 1775 1233 ignorasset,
1810 1178 1901 1215 vo-

319 1256 483 1311 luisse
514 1257 686 1325 ipsum
715 1272 900 1310 sanmu
932 1256 1083 1310 fieri?
1112 1256 1246 1323 Quid
1275 1256 1432 1325 igitur
1457 1268 1630 1306 causa:
1658 1253 1775 1317 fuit,
1806 1267 1902 1305 cur

327 1347 716 1416 interrogaret?
738 1348 945 1401 Etenim
971 1347 1058 1416 qtti
1088 1360 1278 1399 arcana
1307 1344 1682 1414 cogitationum
1712 1342 1894 1406 novit,

319 1436 491 1489 multo
516 1436 681 1506 magis
710 1451 792 1498 ea,
822 1452 939 1505 quae
966 1436 1211 1490 omnibus
1241 1434 1517 1504 perspicua
1544 1442 1597 1487 et
1622 1432 1897 1486 manifesta

320 1536 464 1591 sont,
492 1527 863 1596 cognoscebat.
883 1528 988 1581 Cur
1017 1529 1172 1597 igitur
1199 1526 1524 1595 interrogat?
1545 1523 1898 1591 Quemadmoo

324 1616 451 1670 dum
482 1617 614 1671 alias
637 1618 931 1671 centurioni
964 1618 1131 1686 inquit
1160 1632 1173 1668 :
1210 1616 1320 1687 Ego
1362 1616 1557 1669 ueniam
1582 1657 1597 1681 ,
1643 1624 1689 1668 et
1714 1612 1899 1667 curabo

321 1723 433 1759 eum
467 1705 677 1777 (Matth.
711 1708 765 1761 8.
792 1706 900 1777 7),
952 1723 1056 1761 non
1103 1708 1354 1775 ignorans
1393 1722 1511 1777 qua:
1544 1706 1633 1760 ille
1660 1706 1899 1759 dicturus

320 1808 436 1852 erat
454 1840 469 1865 ,
497 1802 591 1854 sed
627 1800 924 1869 pra-videns
946 1809 999 1855 et
1025 1801 1262 1869 apprime
1291 1799 1485 1865 sciens,
1520 1796 1678 1868 idque
1703 1812 1897 1866 agens,

322 1903 381 1943 ut
428 1891 479 1945 ei
506 1891 878 1956 occasionem,
928 1899 1088 1960 atque
1132 1905 1316 1944 ausam
1360 1889 1509 1944 daret
1532 1889 1801 1959 religionis
1838 1902 1901 1942 ac

322 1981 532 2048 pietatis
560 1996 689 2047 suae,
721 1996 840 2050 qua:
870 1982 919 2037 in
951 1981 1136 2035 umbra
1164 1981 1393 2047 latebat,
1423 1980 1668 2034 omnibus
1698 1978 1900 2048 patefa-

321 2071 543 2136 cieud:e,
573 2087 636 2125 ac
662 2072 871 2127 dicendi
914 2091 927 2127 :
960 2072 1317 2143 Nequaquam,
1340 2071 1555 2125 Domine
1578 2087 1598 2125 :
1644 2086 1743 2123 non
1772 2071 1904 2123 enim

321 2173 432 2209 sum
462 2158 640 2229 dignus
658 2173 710 2213 ut
728 2163 887 2214 intres
901 2160 1193 2216 subtectum
1212 2177 1383 2217 meum
1397 2156 1612 2230 (Matth.
1629 2158 1681 2213 8.
1698 2157 1808 2227 8.):
1832 2159 1901 2214 ita

324 2245 377 2298 in
406 2245 504 2299 hoc
532 2247 842 2318 paralytico,
874 2263 995 2302 cum
1026 2249 1188 2303 sciret
1213 2250 1339 2319 quid
1369 2250 1454 2304 ille
1479 2250 1713 2303 dicturus
1738 2259 1901 2316 esset,

326 2335 637 2405 interrogat,
670 2353 796 2391 num
831 2338 955 2393 velit
982 2353 1144 2394 sanus
1171 2340 1306 2403 fieri,
1333 2356 1438 2395 non
1467 2340 1605 2410 quod
1629 2338 1731 2393 hoc
1758 2339 1907 2409 igno-

323 2437 487 2493 raret,
511 2428 603 2482 sed
631 2437 686 2482 ut
711 2429 757 2483 ei
786 2430 1047 2499 pncberet
1073 2446 1259 2486 ansam
1281 2431 1561 2500 quamdam
1589 2439 1643 2485 et
1668 2430 1908 2485 occasio-

326 2532 472 2581 rictu,
501 2533 605 2587 quo
633 2518 719 2573 ille
747 2518 997 2589 tragicam
1025 2520 1376 2575 calamitatem
1404 2536 1551 2574 suam
1601 2528 1863 2589 promeret
1890 2559 1904 2583 ,

324 2621 388 2659 ac
432 2608 581 2662 fieret
606 2609 793 2664 doctor
836 2610 1123 2679 patientire.
1155 2610 1286 2665 Nam
1336 2610 1381 2665 si
1442 2610 1710 2666 hominem
1760 2611 1906 2664 illum

322 2698 536 2753 silentio
560 2708 819 2766 curasset,
848 2716 1057 2755 summo
1087 2717 1184 2757 nos
1210 2702 1405 2755 damno
1429 2702 1600 2755 allecti
1627 2716 1867 2756 essemus
1892 2718 1904 2753 :

322 2792 519 2860 quippe
551 2808 671 2845 cum
701 2792 839 2847 illius
864 2793 1057 2847 anima:
1088 2794 1423 2848 tolerantiam
1467 2793 1605 2848 haud
1635 2793 1909 2847 didicisse-

324 2897 465 2937 mus.
492 2882 733 2937 Christus
749 2893 924 2938 autem
950 2900 1053 2939 non
1076 2884 1248 2939 solum
1274 2884 1554 2954 praesentia
1575 2894 1717 2939 recte
1735 2894 1908 2949 curat,

326 2972 421 3025 sed
450 2972 608 3026 etiam
639 2972 829 3028 futuris
859 2990 1105 3044 magnam
1136 2983 1354 3044 praestat
1381 2975 1730 3044 diligentiam.
1758 2974 1909 3027 llunc

327 3061 486 3130 igitur
507 3102 523 3126 ,
552 3062 641 3130 qui
673 3063 923 3132 magister
947 3073 1062 3118 erat
1087 3065 1379 3119 tolerantia:
1407 3080 1469 3119 ac
1499 3064 1766 3134 patientiae
1794 3078 1911 3118 om-

327 3151 482 3204 nibus
509 3153 595 3220 qui
625 3152 807 3206 orbem
849 3154 1142 3209 incolerent
1167 3154 1440 3224 patefecit,
1476 3170 1570 3224 per
1609 3154 1909 3223 hujusmodi

326 3242 802 3312 interrogationem
835 3245 1004 3314 ipsunt
1050 3248 1116 3300 ad
1144 3249 1511 3302 necessitatem
1556 3249 1909 3317 respondendi

332 3333 553 3402 adigens
575 3374 589 3400 ,
630 3334 716 3389 Vis
741 3354 893 3389 sanus
922 3338 1031 3405 ﬁeri
1050 3339 1076 3391 ?
1103 3338 1238 3404 Quid
1275 3340 1433 3409 igitur
1460 3341 1585 3394 ille?
1614 3340 1728 3394 Non
1768 3356 1910 3410 aegre

330 3424 468 3490 tulit,
501 3440 603 3478 nou
633 3426 933 3496 indignatus
957 3437 1057 3493 est,
1092 3445 1194 3483 non
1218 3430 1353 3485 dixit
1374 3431 1439 3485 ad
1459 3447 1600 3497 eum,
1628 3433 1717 3501 qui
1748 3433 1911 3487 inter-

328 3525 630 3583 rogaverat,
658 3516 808 3571 vides
831 3534 913 3571 me
935 3520 1164 3591 paralysi
1189 3522 1479 3574 resolutum
1505 3540 1515 3573 :
1537 3523 1673 3576 nosti
1698 3522 1908 3591 longum

331 3615 539 3673 tempus
580 3607 953 3663 invaletudinis
982 3626 1134 3676 meze,
1163 3620 1217 3665 et
1245 3613 1571 3683 interrogas,
1602 3630 1725 3667 num
1754 3613 1909 3668 velim

331 3711 499 3750 sanus
530 3698 683 3752 tieri?
710 3698 941 3765 Venisti,
972 3711 1030 3756 ut
1055 3717 1202 3756 meas
1246 3703 1498 3758 irrideres
1538 3706 1866 3759 calamitates
1890 3747 1906 3769 ,

328 3795 489 3855 atque
509 3789 695 3842 a'icnis
716 3790 869 3844 malis
894 3790 1167 3846 illuderes?
1181 3792 1295 3846 Non
1326 3795 1467 3847 enim
1490 3809 1582 3849 vos
1602 3794 1730 3864 fugit
1750 3810 1909 3864 quam

331 3879 527 3929 morosi
572 3878 676 3930 sint
704 3879 791 3947 qui
817 3888 1111 3947 aegrotant,
1157 3882 1366 3936 etiamsi
1412 3898 1572 3936 unum
1617 3898 1813 3937 annum
1854 3884 1908 3937 in

331 3964 472 4018 lecto
494 3965 861 4021 decubuerint.
878 3969 1010 4023 Cum
1039 3985 1166 4025 vero
1187 3971 1253 4025 ad
1280 3972 1491 4041 triginta
1518 3982 1573 4027 et
1593 3983 1713 4027 octo
1738 3988 1909 4028 annos

333 4054 549 4107 morbus
585 4058 951 4124 pervenisset,
1010 4060 1277 4127 quomodo
1320 4076 1424 4114 non
1465 4071 1579 4115 erat
1620 4063 1908 4117 verisimile

330 4154 698 4212 consumptam
717 4160 836 4200 esse
863 4146 1251 4217 philosophiam
1277 4151 1328 4203 in
1352 4162 1456 4202 tam
1486 4151 1643 4219 longo
1670 4160 1908 4221 tempore

332 4234 661 4301 expensam?
691 4234 1061 4292 Verumtamen
1086 4240 1171 4294 ille
1196 4240 1326 4294 nihil
1355 4242 1611 4310 ejusmodi
1641 4243 1791 4308 dixit,
1826 4243 1908 4298 vel

331 4323 615 4391 cogitavit:
659 4325 751 4377 sed
779 4340 967 4395 magna
994 4342 1116 4383 cum
1152 4330 1407 4384 modestia
1434 4347 1744 4401 responsum
1786 4334 1904 4399 dat,

334 4421 391 4465 et
419 4412 615 4481 inquit:
645 4414 902 4487 Profecto,
931 4417 1172 4482 Domine,
1203 4420 1291 4473 sed
1319 4421 1569 4476 hominem
1594 4440 1693 4478 non
1718 4426 1901 4491 habeo,

334 4512 431 4565 ut,
478 4518 589 4555 cum
620 4507 818 4558 turbata
846 4508 997 4575 fuerit
1037 4524 1169 4578 aqua
1191 4548 1207 4575 ,
1248 4510 1408 4563 mittat
1448 4529 1527 4565 me
1568 4514 1620 4567 in
1666 4515 1909 4584 piscinam

335 4588 533 4660 (Joan.
565 4593 617 4647 5.
654 4594 746 4663 7).
780 4595 909 4649 Vide
946 4606 1074 4667 quot
1110 4606 1165 4652 et
1205 4610 1402 4668 quanta
1430 4602 1587 4656 simul
1622 4618 1908 4661 concurre-

335 4680 465 4735 bant
488 4691 645 4752 atque
667 4685 932 4740 hominem
955 4689 1343 4757 oppugnabant,
1370 4692 1605 4759 morbus,
1629 4706 1909 4765 paupertas

332 4782 391 4826 et
413 4773 643 4828 solitudo
663 4818 677 4841 ,
709 4792 829 4831 cum
855 4794 1011 4833 nemo
1039 4783 1330 4845 assisteret,
1360 4784 1579 4854 ejusque
1608 4801 1787 4842 curam
1816 4805 1909 4859 ge-

335 4876 499 4920 reret.
543 4867 675 4921 Dum
698 4871 838 4923 venio
862 4871 993 4925 enim
1039 4888 1129 4943 ego
1152 4914 1168 4940 ,
1210 4873 1343 4928 alius
1381 4886 1497 4929 ante
1534 4894 1613 4930 me
1655 4880 1908 4934 descendit

331 4957 354 5024 (
377 4953 513 5008 Ibid.
536 4955 580 5025 ).
611 4957 663 5010 Id
688 4974 814 5012 vero
840 4962 1044 5015 caneris
1068 4963 1315 5017 omnibus
1341 4965 1713 5033 miserabilius,
1739 4971 1908 5039 quod-

328 5060 436 5113 que
463 5046 542 5101 vel
569 5048 792 5118 lapidem
820 5050 990 5118 ipsum
1020 5052 1185 5120 possit
1211 5053 1499 5110 inﬂectere.
1548 5056 1739 5114 Videre
1765 5062 1906 5116 enim

328 5138 464 5191 mihi
495 5139 677 5194 videor
702 5141 971 5197 hominem
998 5144 1204 5214 singulo
1230 5162 1442 5217 quoque
1466 5162 1611 5203 anno
1632 5163 1904 5219 repentem

327 5237 387 5281 et
412 5228 753 5284 accedentem
776 5232 843 5285 ad
871 5247 932 5287 os
962 5236 1195 5302 piscium,
1223 5247 1275 5290 et
1294 5238 1503 5307 singulo
1531 5254 1743 5310 quoque
1766 5257 1907 5298 anno

329 5321 651 5391 pendentem
684 5325 734 5377 in
762 5325 987 5393 ipsumet
1012 5328 1157 5381 aditu
1185 5328 1335 5383 bona:
1360 5331 1491 5399 spei.
1519 5331 1701 5403 Neque
1738 5350 1863 5389 vero
1887 5376 1902 5400 ,

327 5411 475 5480 quod
496 5414 705 5481 gravius
724 5425 823 5477 est,
852 5414 967 5471 haec
992 5417 1124 5474 duos
1148 5428 1237 5472 aut
1259 5430 1386 5487 tres,
1415 5432 1503 5475 aut
1529 5423 1711 5477 decem
1738 5440 1906 5481 annos

336 5503 593 5572 pertulit,
641 5504 734 5560 sed
766 5521 929 5576 usque
974 5508 1041 5563 ad
1068 5510 1277 5582 triginta
1315 5523 1369 5569 et
1409 5525 1547 5572 octo.
1578 5514 1646 5572 Et
1685 5532 1899 5576 omnem

1087 141 1175 197 DE
1214 139 1480 198 CHRISTI
1520 138 1931 207 DlVlNITATE,
1971 135 2240 195 CONTRA
2283 137 2656 197 ANOSKEOS.
2700 138 2812 194 XII.

3495 131 3600 185 806

2007 256 2221 325 quidem
2243 256 2523 311 adhibebat
2539 256 2885 328 diligentiam,
2911 256 3082 312 fructu
3098 267 3274 313 autem
3285 256 3599 312 excedebat:

2006 354 2060 399 et
2101 362 2290 401 cursus
2319 347 2531 417 quidem
2574 347 2927 417 peragebatur
2951 390 2965 413 ,
2994 348 3149 417 hujus
3188 358 3364 403 autem
3404 366 3594 405 cursus

2006 439 2281 506 prmmium
2309 438 2375 492 ad
2406 439 2565 493 alium
2593 441 2970 509 perveniebat,
3000 441 3052 495 in
3084 442 3266 496 multis
3288 482 3303 509 ,
3334 442 3549 512 inquam
3576 481 3591 502 .

2014 528 2117 581 illis
2144 527 2320 582 annis.
2346 528 2604 598 Quodque
2624 530 2836 599 gravius
2863 541 3011 592 erat,
3042 531 3176 586 alios
3200 531 3396 586 liberos
3442 532 3593 585 abire

2005 617 2235 672 videbat.
2264 616 2442 672 Nostis
2466 619 2607 673 enim
2637 620 2708 673 ita
2738 620 2849 675 fieri
2878 622 3072 683 solere,
3105 629 3163 675 ut
3187 629 3310 676 tunc
3331 622 3586 677 malorum

2005 717 2308 762 nostrorum
2349 711 2665 765 acerrimum
2695 726 2910 765 sensum
2951 712 3224 781 capiamus
3247 753 3262 778 ,
3297 728 3417 767 cum
3458 714 3590 769 alios

2003 799 2191 853 iisdem
2223 800 2374 854 malis
2404 802 2621 856 affectos
2650 802 2897 857 liberatos
2930 804 3075 858 abire
3105 804 3415 859 viderimus.
3453 805 3587 858 Pro-

2001 899 2184 959 pterea
2209 898 2262 944 et
2289 906 2508 960 pauper,
2538 907 2656 946 cum
2680 892 2903 947 alterum
2932 894 3075 948 videt
3098 894 3295 948 divitiis
3315 895 3589 949 abundan-

2002 992 2142 1045 tem,
2172 990 2298 1036 tunc
2326 984 2491 1052 magis
2520 998 2670 1038 suam
2709 985 2870 1038 sentit
2902 993 3263 1054 paupertatem
3291 1002 3303 1036 :
3337 992 3390 1038 et
3419 1001 3588 1054 aegro-

2002 1080 2120 1126 tans
2148 1081 2271 1127 tunc
2300 1074 2466 1143 magis
2495 1075 2829 1128 excruciatur
2852 1116 2867 1138 ,
2908 1091 3025 1129 cum
3054 1077 3250 1129 multos
3278 1075 3421 1130 videt
3446 1116 3460 1139 ,
3501 1076 3590 1143 qui

2003 1164 2190 1218 morbo
2231 1164 2541 1231 laborarint,
2577 1180 2696 1219 eum
2736 1166 2845 1234 jam
2888 1164 3218 1234 deposuisse,
3284 1166 3382 1219 sibi
3412 1178 3591 1219 autem

2002 1253 2134 1307 nihil
2164 1254 2318 1309 bona:
2348 1256 2461 1324 spei
2493 1271 2793 1323 superesse.
2826 1256 2881 1310 In
2913 1258 3138 1311 aliorum
3169 1259 3310 1311 enim
3338 1257 3593 1312 secundis

2001 1346 2159 1400 rebus
2180 1354 2389 1400 nostras
2415 1346 2745 1402 manifestius
2769 1350 3038 1402 intuemur
3060 1350 3421 1403 calamitates:
3448 1349 3591 1417 quod

1999 1436 2211 1499 quidem
2235 1436 2309 1489 illi
2341 1448 2465 1491 tunc
2488 1438 2781 1492 eveniebat.
2803 1438 3177 1493 Verumtamen
3205 1456 3323 1493 cum
3362 1441 3547 1493 morbo
3570 1482 3587 1507 ,

2000 1539 2117 1578 cum
2133 1534 2461 1594 paupertate,
2481 1541 2599 1580 cum
2613 1527 2895 1581 solitudine
2910 1527 3105 1581 tamdiu
3118 1528 3445 1597 depugnans,
3460 1527 3593 1583 alios

2002 1617 2191 1670 videns
2221 1618 2432 1672 liberari
2458 1658 2474 1683 ,
2507 1628 2559 1673 et
2603 1620 2836 1689 seipsum
2868 1620 3081 1690 quidem
3109 1636 3323 1690 semper
3351 1621 3587 1691 aggredi,

2001 1723 2287 1777 numquam
2318 1719 2492 1762 autem
2523 1719 2824 1778 compotem
2854 1711 2965 1765 ﬁeri
2985 1753 2999 1776 ,
3031 1726 3203 1780 neque
3230 1711 3450 1779 posthac
3474 1726 3593 1763 rur-

2002 1812 2094 1853 sus
2122 1814 2345 1868 speraus
2373 1816 2403 1854 a
2433 1800 2737 1854 calamitate
2761 1800 2993 1866 liberari,
3027 1816 3130 1855 non
3159 1800 3278 1854 ideo
3304 1809 3479 1854 tamen
3504 1799 3590 1853 di-

2001 1889 2191 1943 scessit
2219 1904 2281 1943 ac
2309 1889 2535 1953 destitit,
2567 1891 2657 1944 sed
2690 1890 2897 1959 singulo
2925 1906 3136 1960 quoque
3160 1906 3301 1945 anno
3321 1891 3589 1944 currebat.

2002 1978 2111 2032 Nos
2137 1989 2312 2032 autem
2342 2020 2357 2043 ,
2389 1979 2434 2032 si
2464 1979 2586 2048 quid
2615 1979 2783 2034 semel
2812 1995 2841 2032 a
2872 1980 2980 2033 Deo
3021 1981 3219 2048 precati
3264 1996 3368 2033 non
3398 1979 3593 2047 accipi-

2004 2083 2153 2134 mus,
2200 2068 2486 2123 confestim
2525 2068 2800 2135 dolemus,
2832 2079 2886 2123 et
2915 2070 2966 2122 in
3011 2078 3303 2123 extremam
3331 2070 3591 2123 desidiam

2005 2158 2319 2213 incidimus:
2354 2160 2696 2226 quamobrem
2724 2160 3083 2229 precationem
3123 2160 3444 2226 omittimus,
3473 2169 3591 2214 stu-

2004 2249 2149 2304 dium
2178 2250 2514 2304 remittimus.

2079 2340 2424 2395 Constantiam
2453 2342 2628 2396 laudat
2648 2344 2937 2413 paralytici.
2958 2372 3030 2383 —
3048 2343 3407 2397 Possumusne
3433 2342 3591 2412 igitur

2008 2434 2138 2489 satis
2165 2449 2259 2503 pro
2290 2435 2480 2488 merito
2499 2435 2583 2489 vel
2608 2436 2949 2505 paralyticum
2978 2435 3215 2497 laudare,
3239 2434 3323 2489 vel
3350 2442 3588 2488 nostram

2013 2524 2375 2579 condemnare
2421 2525 2835 2594 negligentiam?
2884 2525 3094 2578 Etenim
3142 2540 3371 2594 quanam
3423 2524 3590 2577 simus

2013 2618 2362 2671 excusatione
2385 2616 2527 2686 digni
2561 2657 2577 2682 ,
2609 2632 2710 2685 qua
2743 2617 2893 2670 venia
2925 2658 2939 2680 ,
2984 2632 3104 2670 cum
3126 2658 3140 2681 ,
3168 2616 3259 2669 illo
3301 2616 3510 2685 triginta
3536 2624 3593 2669 et

2010 2720 2132 2764 octo
2153 2724 2323 2763 annos
2349 2709 2670 2779 perdurante
2690 2749 2706 2774 ,
2739 2724 2834 2763 nos
2857 2718 2959 2763 tam
2987 2708 3093 2763 cito
3123 2723 3151 2761 a
3183 2708 3455 2778 proposito
3505 2722 3591 2760 re-

2011 2801 2288 2856 siliamus?

2084 2893 2137 2947 3.
2167 2891 2300 2958 Quid
2330 2892 2488 2961 igitur
2512 2891 2796 2946 Christus?
2832 2890 2928 2946 Ubi
2960 2891 3192 2944 ostendit
3232 2890 3590 2959 dignumesse

2012 2984 2181 3047 illum,
2207 2984 2297 3053 qui
2323 2994 2555 3046 curetur,
2580 2983 2700 3052 jure
2727 2982 2793 3036 ad
2826 2981 2969 3035 illum
3001 2996 3110 3050 pra:
3137 2982 3254 3035 aliis
3282 2980 3463 3043 venit,
3490 2980 3589 3033 ait-

2011 3087 2116 3141 que
2136 3073 2204 3137 ei,
2230 3073 2416 3143 Surge,
2445 3073 2563 3126 tolle
2590 3072 2853 3143 grabatum
2881 3081 3043 3137 tuum,
3075 3082 3120 3125 et
3159 3071 3363 3125 ambula
3406 3070 3585 3140 (Joan.

2010 3167 2065 3221 5.
2093 3165 2168 3235 8).
2206 3164 2367 3218 Vides
2395 3180 2552 3234 quam
2579 3165 2627 3218 ei
2658 3164 2859 3217 nullum
2882 3163 3092 3232 triginta
3119 3170 3175 3216 et
3190 3171 3312 3215 octo
3337 3162 3461 3215 anui
3487 3162 3584 3216 de-

2014 3258 2321 3312 trimentum
2360 3256 2669 3321 attulerint,
2716 3254 2964 3325 quoniam
2993 3270 3173 3309 casum
3203 3268 3355 3307 suum
3383 3254 3589 3323 patien-

2013 3360 2094 3406 ter
2122 3350 2353 3405 tulerat?
2374 3350 2560 3403 Anima
2586 3350 2726 3403 enim
2765 3348 2929 3415 ipsius
2947 3347 2997 3400 in
3029 3356 3135 3400 tam
3167 3347 3324 3415 longo
3352 3355 3588 3414 tempore

2012 3440 2242 3509 majores
2265 3440 2315 3492 in
2340 3438 2672 3506 philosophia
2698 3451 3009 3506 progressus
3021 3435 3161 3499 fecit,
3181 3436 3233 3488 in
3260 3434 3583 3498 calamitate,

2013 3541 2279 3599 tamquam
2311 3529 2361 3582 in
2385 3527 2695 3582 conﬂatoria
2724 3526 2967 3588 fornace,
3008 3526 3226 3594 probata
3257 3541 3270 3577 :
3302 3534 3355 3577 et
3388 3523 3589 3592 majore

2012 3638 2132 3676 cum
2154 3621 2319 3690 gloria
2349 3620 2674 3674 curationem
2694 3618 3001 3687 reportavit.
3034 3616 3148 3670 Non
3175 3616 3315 3669 enim
3346 3614 3585 3683 angelus,

2010 3711 2103 3766 sed
2132 3714 2355 3780 ipsemet
2381 3711 2687 3779 angelorum
2726 3708 2978 3762 Dominus
3011 3707 3158 3760 illum
3206 3704 3430 3760 sanavit.
3484 3704 3589 3758 Cur

2009 3810 2184 3855 autem
2213 3809 2491 3869 praeterea,
2509 3807 2567 3852 ut
2588 3813 2740 3852 suum
2767 3797 2867 3851 sibi
2894 3798 3085 3851 lectum
3114 3796 3344 3860 tolleret,
3364 3796 3563 3864 impera

2011 3892 2123 3945 vit?
2148 3891 2316 3946 Unam
2347 3889 2559 3960 quidem
2592 3890 2857 3958 prmcipne
2884 3902 2947 3941 ac
2978 3888 3199 3955 primam
3225 3886 3295 3940 ob
3322 3899 3534 3939 causam
3567 3925 3584 3950 ,

2009 3992 2069 4037 ut
2095 3984 2147 4036 in
2178 3990 2446 4051 posterum
2476 3980 2725 4034 liberaret
2744 3978 2956 4033 Judazos
2981 3993 3010 4031 a
3036 3978 3167 4046 legis
3193 3976 3583 4030 observatione.

2010 4072 2135 4126 Sole
2163 4071 2302 4126 enim
2335 4072 2388 4124 in
2414 4078 2753 4137 conspectum
2777 4084 2837 4123 se
2861 4068 3019 4123 dante
3038 4109 3054 4131 ,
3085 4082 3189 4121 non
3224 4074 3338 4121 erat
3367 4066 3589 4120 ulterius

2012 4163 2243 4217 lucerna:
2269 4160 2645 4215 adhaerendum
2669 4178 2681 4213 :
2705 4168 2758 4214 et
2775 4159 3028 4229 patefacta
3058 4159 3314 4222 veritate,
3345 4174 3451 4212 non
3475 4158 3586 4227 jam

2008 4263 2128 4308 erat
2156 4251 2525 4321 amplectenda
2552 4251 2737 4319 ﬁgura.
2763 4251 2884 4305 Ideo
2905 4251 2947 4305 si
2973 4251 3185 4321 quando
3207 4250 3447 4306 solvebat
3469 4251 3569 4304 sab

2012 4344 2215 4407 batum,
2249 4342 2537 4396 maximum
2567 4342 2618 4395 in
2649 4356 2714 4396 eo
2752 4341 2838 4395 die
2864 4342 3073 4410 signum
3100 4341 3328 4396 edebat:
3374 4349 3432 4393 ut
3474 4340 3582 4409 ipsa

2010 4435 2277 4489 excellens
2294 4434 2532 4487 miraculi
2550 4433 2852 4502 magnitudo
2873 4432 3111 4487 videntes
3139 4430 3581 4499 obstupefaciens,

2012 4526 2265 4596 paulatim
2291 4526 2434 4579 illam
2465 4525 2559 4579 otii
2589 4565 2603 4588 ,
2631 4535 2683 4578 et
2711 4524 3023 4578 cessationis
3052 4522 3476 4577 observationem
3504 4521 3581 4573 lao

2011 4615 2281 4670 befactans
2322 4614 2587 4669 auferret:
2632 4614 2823 4668 deinde
2870 4630 2999 4668 vero
3043 4622 3099 4666 ut
3149 4612 3451 4665 Obstrueret
3494 4626 3589 4666 ora

2011 4705 2222 4759 illorum
2261 4705 2605 4773 impudentia.
2637 4704 2768 4758 Nam
2809 4705 3059 4773 qumiam
3087 4704 3137 4756 in
3164 4702 3461 4773 judicandis
3488 4706 3589 4757 mi-

2011 4797 2204 4850 raculis
2231 4796 2493 4851 malitiose
2518 4796 2763 4866 agebant,
2791 4796 3095 4864 et-gloriam
3123 4811 3319 4859 rerum,
3352 4811 3471 4866 quae
3496 4810 3589 4865 ge-

2010 4888 2563 4952 rebantur,calumniis
2579 4888 2862 4942 obscurare
2880 4887 3432 4953 conabantur,idcirco
3455 4896 3589 4941 tam-

2008 4990 2164 5045 quam
2191 4987 2443 5046 tropaaum
2464 4976 2730 5046 quoddam
2742 4986 3171 5046 etargumentum
3185 4977 3422 5031 sanitatis
3443 4976 3588 5030 indu-

2006 5067 2222 5123 bitabile
2234 5068 2373 5121 illam
2389 5068 2506 5122 lecti
2523 5068 2867 5137 gestationem
2880 5083 2989 5138 pra:
3001 5082 3059 5125 se
3073 5069 3208 5122 ferre
3222 5069 3390 5139 ipsum
3405 5068 3582 5137 jussit,

2009 5174 2075 5213 ne
2105 5158 2155 5211 id
2172 5158 2309 5228 quod
2335 5158 2401 5213 de
2426 5174 2569 5213 caeco
2594 5159 2858 5223 dicebant,
2886 5159 2953 5213 de
2982 5160 3083 5215 hoc
3101 5175 3310 5229 quoque
3325 5160 3581 5213 dicerent.

2008 5248 2143 5314 Quid
2164 5258 2340 5302 autem
2365 5248 2433 5303 de
2457 5250 2546 5303 illo
2575 5249 2861 5304 dicebant?
2892 5248 2990 5303 llic
3010 5260 3101 5313 est,
3120 5266 3219 5302 non
3245 5258 3317 5301 est
3342 5249 3448 5311 hic,
3473 5249 3582 5314 ipse

2006 5348 2079 5392 est
2105 5337 2215 5410 (Id.
2264 5338 2316 5394 9.
2363 5339 2416 5394 8.
2441 5340 2517 5407 9).
2546 5340 2686 5409 Ergo
2713 5355 2779 5394 ne
2823 5341 2942 5394 talia
2967 5339 3179 5409 quidam
3208 5338 3275 5392 de
3298 5338 3397 5391 hoc
3418 5348 3580 5391 etiam

2007 5430 2246 5485 dicerent
2274 5471 2289 5495 ,
2329 5431 2497 5485 lectus
2542 5430 2647 5486 alte
2682 5429 2921 5485 sublatus
2951 5440 3226 5485 accusator
3269 5429 3326 5483 iit
3366 5429 3577 5486 illorum

2006 5521 2369 5592 impudentiae.
2425 5523 2570 5579 Licet
2602 5534 2861 5594 praeterea
2893 5524 3100 5580 tertiam
3126 5512 3407 5593 quamdam
3447 5539 3576 5581 cau-
