3854 6222
343 178 454 232 ’807
1047 172 1109 229 S.
1150 169 1426 227 JOANNIS
1463 161 1933 222 CHRYSOSTOMI
1971 163 2288 224 ARClllEP.
2329 165 2862 225 CONSTANTlNOP.
3512 166 3627 222 8tt3

355 306 468 345 sam
498 291 684 345 afferre
707 333 722 355 ,
749 287 914 343 nihilo
937 288 1000 342 iis
1024 302 1142 357 qua:
1168 287 1306 342 dicta
1335 292 1459 339 sunt
1487 283 1758 336 leviorem.
1791 279 1920 334 Nam

361 383 695 452 utintelligas
711 398 814 436 non
835 391 1002 436 artem
1026 379 1331 440 humanam,
1359 375 1451 429 sed
1475 371 1711 428 divinam
1736 381 1921 441 poten-

269 490 272 494 '
356 475 480 530 tiam
510 475 674 529 fuisse
701 516 717 541 ,
748 488 866 544 quae
912 483 1078 527 totum
1127 469 1252 524 illud
1283 466 1606 538 prmstiterit,
1631 480 1781 519 sumn
1814 463 1912 530 ipsi

357 566 550 620 lectum
575 563 888 633 gestandum
918 561 1162 632 iniunxit,
1191 575 1332 614 verte
1360 567 1516 624 atque
1543 555 1760 623 integrae
1790 551 1922 606 sani-

357 655 479 710 tatis
499 655 784 708 maximam
812 663 865 706 et
895 653 1224 720 perSpicuam
1250 646 1753 704 demonstrationem
1782 658 1922 712 prte-

357 743 516 798 heus:
545 753 599 797 ut
625 759 691 797 ne
707 743 824 812 quis
855 742 1280 810 blaSphemorum
1313 739 1520 793 illorum
1541 738 1740 791 diceret
1771 751 1922 804 para-

357 832 571 904 lyticum
603 833 847 887 simulate
881 842 933 887 ct
972 833 1185 896 Christo
1226 829 1610 902 gratificantem
1653 828 1924 883 efﬁnxisse

359 922 528 974 tenuis
555 922 825 990 cujusdam
855 923 1224 976 ambulationis
1244 922 1494 989 speciem.

426 1010 529 1062 Cur
551 1028 676 1064 onus
692 1010 820 1064 illud
835 1013 967 1079 fta-re
974 1014 1180 1083 jusserit
1210 1010 1922 1081 paralyticum.-—Pr0pterea

355 1113 488 1152 onus
511 1100 582 1152 ilii
613 1100 722 1154 suis
746 1101 1016 1154 ferendmn
1051 1095 1288 1154 humeris
1317 1101 1564 1169 iujunxit.
1601 1100 1712 1153 Non
1739 1101 1878 1153 enim
1903 1139 1919 1164 ,

356 1187 454 1240 nisi
487 1188 618 1241 bene
644 1189 719 1242 illi
746 1189 978 1242 membra
1025 1191 1350 1244 consolidata
1380 1200 1586 1255 essent,
1637 1200 1688 1243 et
1717 1188 1924 1242 articuli

355 1281 519 1348 probe
543 1280 629 1333 fixi
652 1322 667 1345 ,
701 1291 896 1334 tantam
931 1282 1120 1335 molem
1149 1292 1356 1350 portare
1383 1282 1616 1336 humeris
1649 1283 1921 1348 potuisset.

357 1370 434 1423 Ad
466 1371 576 1423 hmc
603 1373 778 1425 omnia
803 1373 928 1425 illud
955 1389 1161 1442 qu0qttc
1179 1374 1378 1426 acced.t
1398 1394 1410 1427 :
1434 1374 1740 1428 ostendebat
1759 1373 1922 1437 enim,

355 1460 510 1514 simul
539 1475 600 1515 ac
627 1461 1040 1531 Christusjussit
1067 1506 1080 1529 ,
1114 1465 1287 1518 nuntia
1329 1465 1439 1519 fieri
1469 1506 1483 1529 ,
1542 1475 1596 1519 et
1631 1466 1923 1519 discessum

357 1551 562 1617 morbi,
603 1561 656 1604 et
681 1552 906 1605 reditum
937 1555 1195 1607 sanitatis.
1228 1556 1436 1610 Etenim
1483 1557 1672 1611 medici
1711 1557 1924 1626 quidem

282 1681 287 1687 .
357 1643 564 1694 tametsi
594 1644 794 1696 morbis
840 1644 1086 1710 liberem,
1141 1662 1244 1700 nou
1297 1657 1471 1702 tamen
1501 1648 1674 1702 subito
1699 1659 1925 1717 mgrotos

355 1728 684 1784 reduceread
709 1733 986 1786 sanitatem
1019 1735 1190 1788 valent
1225 1754 1237 1789 :
1269 1738 1360 1791 sed
1389 1738 1545 1807 longo
1575 1740 1774 1808 pariter
1795 1749 1927 1794 tem-

355 1833 486 1888 pore
510 1829 666 1890 egent
687 1822 750 1874 ad
776 1824 1208 1879 instaurationem
1231 1842 1244 1890 ;
1275 1837 1326 1880 ut
1345 1828 1578 1898 reliquiae
1603 1829 1771 1882 morbi
1801 1845 1928 1897 pau-

289 1941 292 1944 η
358 1908 502 1961 latim
523 1925 552 1963 e
578 1927 800 1980 corpore
815 1915 1163 1984 expelluntur,
1189 1927 1346 1987 atque
1368 1919 1662 1987 ejiciantur.
1682 1920 1927 1975 Christus

355 2007 529 2052 autem
561 2016 662 2077 non
694 2002 800 2055 ita:
839 2005 932 2057 seJ
970 2006 1154 2059 eodem
1196 2010 1450 2077 temporis
1499 2019 1770 2063 motnento
1800 2019 1853 2062 et
1895 2025 1923 2063 a

356 2088 544 2142 morbo
569 2089 807 2144 liberavit
833 2133 847 2156 ,
875 2102 928 2146 et
955 2096 1232 2150 sanitatem
1266 2099 1510 2165 resdtuit,
1543 2108 1598 2154 et
1621 2091 1819 2155 nullum
1847 2101 1928 2156 in-

358 2181 672 2235 termedium
728 2183 1028 2240 intercessit
1072 2197 1278 2258 tempus
1312 2209 1325 2244 :
1356 2191 1448 2246 sed
1477 2193 1634 2246 simul
1678 2204 1836 2263 atque
1863 2211 1926 2250 ex

357 2281 533 2322 saneta
562 2271 643 2322 illa
677 2272 851 2342 lingua
883 2276 1076 2344 prodiit
1101 2292 1249 2332 sacra
1277 2295 1396 2346 vox,
1422 2291 1475 2336 et
1503 2283 1716 2338 morbus
1745 2302 1775 2338 e
1804 2300 1926 2339 cor-

357 2372 484 2426 pore
500 2359 717 2430 aufugit,
741 2372 794 2417 et
808 2366 1026 2419 verbum
1049 2369 1216 2422 evasit
1239 2385 1392 2438 opus,
1412 2381 1465 2426 et
1496 2381 1600 2427 tota
1623 2374 1928 2431 invaletudo

356 2447 586 2517 undique
612 2452 863 2522 profugit.
890 2455 953 2508 Et
981 2458 1420 2525 quemadmodum
1455 2463 1644 2518 ancilla
1667 2467 1926 2536 qumpiam

354 2537 674 2595 seditionem
703 2558 942 2609 movens,
969 2562 1087 2599 cum
1119 2551 1344 2615 primum
1373 2551 1642 2606 dominum
1671 2570 1824 2607 suum
1846 2558 1923 2609 vi-

356 2627 532 2694 derit,
565 2633 865 2701 comprimit
892 2651 949 2689 se
973 2676 988 2700 ,
1017 2638 1256 2708 reditque
1283 2638 1348 2694 ad
1377 2644 1779 2699 convenientem
1810 2663 1927 2702 mo-

356 2716 613 2782 destiam;
653 2722 723 2774 ita
765 2725 921 2777 etiam
971 2735 1153 2780 natura
1195 2731 1431 2797 corporis
1463 2771 1476 2794 ,
1507 2732 1727 2802 perinde
1774 2744 1932 2805 atque

357 2807 544 2859 ancilla
572 2811 810 2876 qua-dam
839 2822 960 2867 tunc
980 2815 1290 2871 seditionem
1330 2835 1570 2888 movens,
1597 2832 1649 2878 et
1679 2823 1931 2881 inducens

357 2898 499 2962 paral
512 2899 664 2968 ysim,
686 2911 961 2970 postquam
979 2905 1246 2961 don‘tinum
1270 2924 1421 2964 suum
1440 2913 1504 2964 ad
1523 2929 1580 2967 se
1595 2917 1930 2970 accedentem

357 2987 506 3052 vidit,
530 2990 594 3043 ad
619 3007 768 3043 suum
795 2992 950 3048 rediit
973 2995 1233 3062 ordinem,
1265 3013 1525 3070 suumque
1545 3003 1757 3058 modum
1783 3021 1931 3060 rece-

359 3079 454 3144 pit.
505 3080 675 3148 Atque
731 3081 842 3136 htec
886 3086 1061 3140 omnia
1091 3101 1190 3140 vox
1222 3087 1330 3156 ipsa
1360 3090 1617 3158 praestitit.
1650 3092 1764 3147 Non
1791 3097 1932 3148 enim

358 3169 494 3222 nuda
521 3181 671 3224 erant
689 3174 868 3237 verba,
891 3175 984 3229 sed
1011 3177 1166 3231 verba
1199 3179 1287 3233 Dei
1315 3219 1331 3246 ,
1381 3181 1448 3235 de
1473 3183 1660 3251 quibus
1681 3185 1933 3255 scriptum

358 3269 441 3314 est
464 3278 475 3313 :
499 3260 728 3316 Potentia
740 3281 892 3335 opera
907 3283 1189 3321 sermonum
1209 3271 1317 3339 ejus
1337 3271 1475 3340 (Joel
1514 3273 1566 3326 2.
1598 3275 1618 3328 1
1638 3273 1707 3344 l).
1728 3276 1932 3330 Etenim

354 3353 402 3405 si
431 3351 696 3408 hominem
721 3393 740 3422 ,
779 3371 898 3411 cum
926 3372 1029 3413 non
1057 3369 1229 3424 esset,
1263 3360 1494 3416 fecerunt
1521 3406 1535 3430 ,
1568 3365 1732 3420 nmlto
1769 3369 1936 3438 magis

361 3452 568 3510 putrem
595 3456 645 3498 et
675 3447 903 3516 paralysi
928 3448 1253 3505 laborantem
1282 3455 1576 3507 restituent.

432 3531 622 3586 Contra
648 3533 913 3589 Anomtzos
937 3537 1178 3606 loquitur.
1207 3570 1281 3580 —
1315 3542 1426 3595 lloc
1452 3543 1568 3597 loco
1593 3544 1818 3600 libenter
1846 3547 1926 3600 in~

363 3623 736 3689 terrogaverim
767 3640 896 3691 eos,
944 3629 1031 3696 qui
1059 3629 1266 3684 curiose
1306 3643 1583 3687 versantur
1607 3633 1658 3688 in
1689 3651 1932 3704 perscru-

363 3709 518 3761 tanda
537 3715 767 3767 essentia
803 3715 894 3769 Dei
918 3757 930 3778 ,
953 3718 1218 3784 quomodo
1242 3721 1516 3774 coiverunt
1542 3726 1778 3778 membra
1806 3725 1933 3781 illa?

361 3800 626 3866 quomodo
641 3803 858 3857 solidata
875 3817 996 3859 sunt
1010 3809 1158 3861 ossa?
1177 3812 1442 3878 quomodo
1462 3821 1931 3882 temperamentum

315 3937 318 3942 .
365 3889 492 3944 illud
520 3895 716 3947 ventris
733 3896 1019 3950 resolutqu
1043 3901 1348 3955 convaluit?
1371 3918 1475 3971 quo
1502 3915 1653 3972 pacto
1682 3908 1827 3959 nervi
1849 3921 1935 3961 re-

365 3983 511 4036 missi
543 4000 723 4040 rursus
747 3990 980 4044 contenti
1004 3993 1353 4059 exstiteruut,
1399 4003 1453 4049 et
1479 3996 1678 4065 dejeeta
1714 3997 1935 4054 facultas

362 4077 695 4140 exsurrexit,
741 4089 796 4132 et
837 4081 1176 4136 erceta'est?
1228 4086 1292 4137 At
1339 4100 1439 4138 n0a
1469 4096 1688 4154 possunt
1717 4090 1931 4143 modum

364 4162 505 4218 hunc
541 4165 735 4221 dicere.
782 4169 918 4238 Ergo
959 4171 1223 4227 admirare
1259 4184 1457 4228 tantum
1491 4175 1542 4254 id
1564 4178 1701 4245 quod
1726 4189 1933 4248 gestum

363 4264 476 4311 est:
522 4258 734 4313 modum
764 4271 939 4316 autem
977 4264 1182 4318 curiose
1224 4281 1290 4318 ne
1329 4267 1629 4337 investiges.
1673 4267 1932 4336 Quoniam

365 4346 524 4415 igitur
549 4347 862 4419 paralyticus
894 4394 909 4417 ,
939 4353 1077 4422 quod
1102 4353 1281 4422 jussus
1310 4365 1392 4409 est
1423 4397 1438 4422 ,
1483 4355 1606 4412 fecit
1628 4399 1642 4421 ,
1671 4369 1724 4413 et
1742 4359 1932 4415 lectum

364 4438 624 4505 sumpsit,
652 4439 890 4496 videntes
915 4443 1058 4496 illum
1088 4443 1254 4499 Judaai
1283 4445 1492 4500 dicunt:
1521 4447 1798 4501 Sabbatum
1831 4458 1936 4504 est:

364 4541 464 4579 non
498 4529 610 4581 licet
643 4529 730 4582 tibi
751 4531 924 4585 tollere
948 4532 1208 4602 grabatum
1233 4536 1286 4588 in
1310 4536 1511 4590 sabbato
1537 4536 1713 4607 (Joan.
1741 4541 1792 4595 5.
1823 4539 1932 4614 10).

363 4617 494 4672 Cum
516 4621 738 4676 adorare
766 4639 859 4690 par
885 4635 1026 4679 esset
1062 4642 1181 4680 eum
1203 4669 1217 4692 ,
1246 4629 1336 4698 qui
1376 4628 1476 4684 hoc
1501 4629 1783 4698 effecerat,
1812 4648 1930 4688 cum

365 4707 615 4763 admirari
647 4711 838 4766 factum
862 4753 877 4776 ,
906 4715 978 4768 illi
1003 4730 1130 4770 vero
1150 4717 1215 4772 de
1235 4719 1452 4772 sabbato
1477 4719 1776 4787 disserunt,
1809 4739 1934 4778 vere

365 4799 669 4854 excoleutes
697 4803 944 4871 culicem,
975 4808 1234 4862 eamelum
1264 4819 1439 4865 autem
1465 4811 1763 4881 glutientes.
1792 4815 1925 4880 Quid

368 4886 527 4957 igitur
579 4890 704 4944 ille?
742 4891 838 4956 Qui
869 4910 946 4946 me
979 4912 1156 4950 sanum
1187 4900 1301 4970 fecit
1323 4939 1339 4964 ,
1369 4901 1456 4954 ille
1479 4903 1605 4955 mihi
1624 4903 1752 4956 dixit
1773 4943 1788 4968 ,
1816 4903 1936 4957 tolle

367 4979 628 5046 grabatum
643 4992 799 5044 tuum,
819 4992 865 5035 et
884 4985 1083 5040 ambula
1103 4987 1206 5057 (lb.
1226 5004 1269 5041 υ.
1294 4991 1402 5060 Η).
1426 4991 1583 5046 Vides
1605 5001 1810 5061 gratum
1836 4993 1934 5045 ho-

366 5071 524 5125 minis
552 5077 784 5127 animum
807 5075 831 5129 ἲ
852 5075 1147 5133 Confitetur
1173 5081 1434 5134 medicum
1455 5122 1470 5148 ,
1502 5091 1556 5137 et
1579 5082 1790 5152 dignum
1816 5098 1934 5138 esse

366 5163 715 5233 legislaturem
741 5209 755 5231 ,
783 5170 865 5223 cui
891 5171 1209 5240 praecipienti
1229 5171 1357 5226 fides
1371 5171 1642 5228 habeatur.
1665 5174 1730 5228 Et
1752 5191 1935 5244 quem—

365 5257 647 5312 admodum
676 5261 792 5316 illos
811 5277 982 5317 caecus
1008 5274 1318 5332 argumento
1342 5264 1624 5328 conclusit,
1657 5265 1722 5318 ita
1747 5275 1801 5320 et
1825 5266 1929 5321 hic.

367 5353 644 5414 Quomodo
670 5365 842 5410 autem
866 5356 956 5410 ille
984 5355 1286 5410 conclusit?
1325 5355 1576 5410 Dicebant
1601 5356 1648 5409 ei
1678 5395 1692 5420 ,
1721 5353 1840 5409 Non
1863 5365 1932 5410 est

367 5443 446 5495 hic
501 5446 648 5499 homo
727 5463 759 5498 a
829 5445 936 5500 Deo
978 5462 998 5500 :
1061 5447 1179 5515 quia
1239 5446 1496 5499 sabbatum
1559 5463 1656 5498 non
1723 5448 1934 5501 custodit

369 5531 478 5605 (Id.
529 5535 582 5590 9.
615 5537 720 5607 16).
742 5537 876 5606 Quid
930 5537 1089 5608 igitur
1121 5537 1248 5592 ille?
1284 5536 1486 5592 Scimus
1509 5576 1525 5606 ,
1569 5536 1770 5607 inquit,
1795 5538 1928 5608 quod

2026 292 2306 348 peccatores
2325 281 2459 336 Deus
2483 301 2580 336 non
2594 285 2734 337 audit
2754 287 2864 338 :Itic
2878 295 3040 338 autem
3055 290 3250 356 aperuit
3269 305 3405 342 mws
3429 290 3620 344 oculos

2031 369 2242 434 (Joann.
2261 370 2315 424 9.
2336 387 2382 424 υ.
2405 373 2610 442 50.51).
2642 373 2791 438 Quod
2818 385 2994 430 autem
3023 377 3193 441 affert,
3217 381 3322 433 tale
3346 381 3618 446 quiddam

2024 462 2121 512 est.
2152 461 2205 515 Si
2231 472 2586 531 transgressus
2602 475 2743 519 esset
2770 466 2960 536 legem,
2982 479 3280 534 peccasset:
3310 471 3354 524 si
3381 488 3617 540 peccas-

2024 560 2102 602 set
2137 591 2150 613 ,
2197 569 2299 605 non
2335 563 2533 608 tantum
2563 557 2860 624 potuisset:
2901 559 2987 612 ubi
3015 562 3154 612 enim
3179 572 3458 628 peccatum
3494 603 3510 626 ,
3542 563 3616 616 ibi

1968 651 1974 656 '
2027 654 2130 692 non
2153 650 2234 694 est
2262 641 2846 699 locusdemnnstrandze
2873 650 3222 715 potentiasAt
3254 652 3424 719 potuit
3448 669 3464 703 :
3503 668 3615 704 non

2025 742 2150 796 ergo
2189 731 2420 797 peccavit
2458 744 2814 798 transgressus
2857 737 3048 804 legem.
3103 738 3304 794 Eodem
3357 742 3530 795 modo
3559 753 3614 796 et

2026 819 2109 872 hic
2155 833 2567 890 argumentatur.
2609 826 2736 880 Nam
2767 843 2883 882 cum
2917 831 3082 897 inquit
3108 871 3124 895 ,
3169 831 3269 897 Qui
3311 848 3393 885 me
3418 850 3615 886 sanum

2025 909 2140 977 fecit
2167 951 2181 972 ,
2215 910 2313 964 hoc
2338 913 2677 989 significavit,
2714 917 2850 971 httnc
2879 933 3028 985 esse,
3061 921 3150 989 qui
3184 923 3479 988 potentiam
3513 923 3617 975 de-

2024 1003 2356 1065 monstravit,
2390 986 2690 1075 idcircoque
2717 1009 2929 1064 minime
2954 1011 3166 1080 dignum
3195 1027 3314 1067 cs<e
3339 1055 3353 1077 ,
3380 1015 3475 1081 qui
3504 1015 3615 1068 cri-

2026 1089 2168 1143 mine
2192 1091 2397 1146 violata:
2415 1094 2545 1162 legis
2569 1106 2885 1151 arcessatur.
2913 1099 3046 1166 Quid
3081 1101 3235 1171 igitur
3264 1103 3314 1156 hi
3336 1103 3364 1158 ?.
3399 1102 3507 1158 Ubi
3534 1114 3610 1156 est

2027 1178 2111 1231 ille
2131 1180 2300 1241 horno,
2316 1182 2406 1250 qui
2425 1182 2558 1236 (liait
2571 1186 2682 1250 tibi,
2703 1187 2841 1241 Tolle
2861 1189 3121 1259 grabatum
3152 1204 3308 1259 tuuut,
3327 1207 3377 1246 et
3393 1195 3612 1246 ambula

2031 1269 2140 1337 (Id.
2194 1272 2248 1325 5.
2300 1273 2411 1342 12).
2443 1276 2574 1330 Vide
2610 1281 2891 1333 amentiam
2936 1293 3095 1352 atque
3135 1297 3449 1354 stuporem:
3486 1288 3612 1342 vide

2025 1362 2256 1416 animum
2282 1373 2566 1420 tumentem
2596 1371 2914 1439 arrogantia.

2097 1451 2389 1507 Invidorum
2432 1459 2651 1511 conditio
2694 1461 2876 1531 qualis.
2933 1492 3003 1503 —
3051 1464 3400 1520 Invidentium
3458 1470 3608 1525 enim

2025 1543 2162 1596 oeuli
2195 1543 2321 1597 nihil
2366 1561 2549 1601 sanum
2583 1549 2782 1613 vident,
2835 1553 2927 1606 sed
2963 1553 3086 1606 illud
3120 1565 3315 1609 tantum
3351 1559 3497 1613 unde
3526 1577 3613 1614 ca-

2027 1647 2152 1700 pere
2175 1649 2353 1689 ausam
2379 1649 2594 1704 possunt
2618 1657 2630 1691 :
2656 1640 2834 1694 itidem
2864 1651 2916 1696 et
2937 1643 3009 1697 hi.
3041 1643 3168 1698 Cum
3196 1647 3306 1709 ille,
3334 1650 3426 1718 qui
3451 1665 3609 1703 cura-

2027 1733 2110 1776 tus
2139 1734 2269 1789 erat,
2297 1739 2575 1798 utrumque
2631 1731 2801 1785 fassus
2825 1745 2962 1788 esset
2990 1775 3004 1798 ,
3050 1744 3103 1790 et
3128 1748 3368 1792 curatum
3399 1755 3460 1794 se
3487 1757 3610 1795 esse

2031 1822 2082 1866 et
2119 1814 2325 1882 jussum
2350 1818 2534 1872 tollere
2582 1821 2900 1889 grabatum,
2950 1824 3078 1878 illud
3127 1826 3339 1894 quidem
3388 1829 3610 1883 silentio

2027 1907 2394 1972 przcterierunt
2424 1949 2437 1970 ,
2486 1909 2584 1963 hoc
2633 1921 2806 1965 autem
2846 1912 3216 1983 protulerunt:
3265 1919 3610 1974 occultarth

2027 1995 2236 2062 quidem
2268 1998 2578 2052 miraculum
2606 2039 2620 2063 ,
2676 2002 3006 2069 pra-tendunt
3054 2016 3227 2059 autem
3251 2006 3462 2059 sabbati
3494 2008 3609 2061 dis-

2027 2087 2362 2143 solutionem.
2401 2090 2513 2143 Non
2541 2093 2681 2146 enim
2705 2092 2969 2158 dixerunt,
3003 2096 3088 2148 ubi
3115 2097 3301 2164 estqui
3333 2106 3389 2152 te
3415 2113 3606 2151 sanum

2028 2175 2184 2230 fecit?
2210 2177 2314 2232 Sed
2361 2179 2458 2232 hoc
2497 2183 2775 2236 reticentes
2823 2183 3102 2238 dixerunt:
3149 2185 3244 2239 Ubi
3266 2198 3334 2240 est
3364 2189 3450 2256 qui
3477 2189 3609 2241 dixit

2029 2266 2116 2319 tibi
2141 2309 2152 2329 ,
2174 2265 2312 2322 Tolle
2326 2267 2601 2338 grabatum
2615 2280 2772 2333 tuum,
2803 2282 2847 2325 et
2871 2273 3072 2326 ambula
3097 2273 3121 2327 Σ)
3151 2272 3205 2328 Is
3226 2287 3397 2328 autem
3421 2282 3610 2330 nescie-

2029 2357 2303 2410 bnt.Jesus
2349 2360 2480 2411 enim
2525 2361 2788 2414 declinauit
2825 2379 2856 2414 a
2893 2363 3036 2415 turba
3080 2366 3349 2418 constituta
3400 2368 3452 2419 in
3497 2368 3608 2419 loco

2031 2447 2132 2519 (Ib.
2163 2465 2210 2501 υ.
2241 2450 2352 2518 13).
2377 2449 2430 2503 ld
2464 2465 2589 2503 vero
2619 2453 2844 2506 maxima
2885 2465 2967 2508 est
2998 2456 3223 2509 hominis
3255 2457 3396 2511 illius
3421 2457 3610 2512 defen-

2029 2542 2128 2601 sio,
2160 2540 2209 2593 id
2223 2538 2418 2594 Christi
2447 2541 2789 2609 providentia:
2817 2544 3194 2599 demonstratio
3226 2566 3239 2600 :
3275 2559 3331 2601 ut
3359 2565 3484 2603 cum
3508 2565 3611 2604 au-

2029 2629 2190 2682 dieris
2216 2630 2556 2699 [aralyticum
2579 2629 2719 2686 hunc
2745 2648 2846 2686 non
2870 2635 3056 2688 eodem
3078 2637 3235 2690 modo
3254 2653 3317 2692 ac
3335 2643 3614 2692 centurio-

2032 2735 2151 2773 nem
2171 2721 2468 2790 suseepisse
2483 2723 2848 2778 advenientem
2873 2727 3168 2792 Dominum,
3189 2745 3361 2798 neque
3382 2730 3611 2796 dixisse,

2038 2809 2132 2863 Dic
2158 2811 2300 2864 verba
2327 2853 2341 2875 ,
2370 2822 2416 2864 et
2443 2814 2704 2867 sanabitur
2729 2832 2853 2884 puer
2873 2834 3007 2869 meus
3037 2820 3053 2886 (
3081 2817 3263 2872 Matt/1.
3295 2821 3345 2875 8.
3376 2821 3410 2874 8
3437 2824 3478 2889 ),
3503 2840 3611 2877 nou

2029 2903 2198 2970 ipsum
2227 2903 2549 2959 infidelitatis
2600 2907 2816 2960 nomine
2870 2906 3227 2974 condemnes,
3267 2913 3611 2981 quandoqui-

2032 2993 2150 3048 dem
2185 2996 2329 3048 illu'm
2356 3013 2458 3050 non
2491 2998 2873 3074 cognoscebat:
2903 3015 3004 3054 non
3035 3002 3172 3055 enim
3204 3003 3433 3067 sciebat,
3463 3009 3612 3074 quis-

2037 3100 2158 3138 nam
2211 3086 2299 3140 ille
2343 3097 2504 3141 esset.
2531 3087 2597 3141 Et
2635 3069 2899 3156 qUomodo
2945 3106 3065 3143 eum
3109 3107 3262 3161 quem
3315 3111 3609 3164 numquam

2034 3173 2256 3239 viderat,
2287 3176 2563 3230 novisset?
2592 3177 2874 3247 Propterea
2910 3180 3115 3234 dicebat
3145 3200 3160 3236 :
3208 3181 3480 3236 Hominem
3509 3203 3611 3238 non

2035 3265 2208 3327 habeo,
2231 3267 2314 3334 qui
2343 3267 2503 3319 mittat
2528 3283 2605 3318 me
2632 3267 2681 3320 in
2699 3267 2939 3337 piscinam
2963 3269 3168 3340 (Joann.
3202 3272 3254 3326 5.
3284 3272 3358 3343 7).
3385 3274 3540 3341 Quod
3565 3279 3608 3330 si

2033 3371 2154 3410 eum
2177 3359 2427 3419 novisset,
2464 3357 2700 3426 profecto
2733 3359 2950 3429 piscinae
2978 3378 3039 3414 ac
3064 3363 3433 3420 descensionis
3467 3369 3612 3422 illius

2035 3446 2352 3500 mentionem
2373 3462 2476 3500 non
2500 3448 2730 3514 fecisset,
2750 3449 2842 3503 sed
2868 3467 2932 3505 eo
2959 3452 3115 3506 modo
3139 3456 3310 3508 curari
3334 3459 3609 3524 postulas-

2035 3549 2136 3601 set,
2155 3554 2260 3607 quo
2286 3548 2338 3593 et
2364 3549 2578 3594 curatus
2619 3550 2720 3595 est.
2772 3542 2874 3596 Sed
2927 3545 3141 3612 putabat
3185 3562 3346 3600 unum
3396 3563 3519 3603 esse
3576 3567 3609 3605 e

2035 3629 2216 3684 multis
2244 3671 2260 3696 ,
2305 3645 2366 3684 ac
2395 3629 2592 3684 nudum
2626 3631 2926 3686 hominem:
2975 3644 3131 3704 atque
3168 3636 3364 3690 idcirco
3397 3640 3610 3693 usitatze

2035 3721 2275 3775 metuinit
2299 3721 2605 3776 curationis.
2647 3723 2848 3784 Rursus
2879 3733 3053 3776 autem
3089 3725 3280 3778 Christi
3318 3729 3611 3794 providen-

2037 3811 2121 3864 tire
2146 3810 2261 3864 haec
2284 3811 2666 3864 demonstratio
2688 3822 2766 3865 est
2790 3852 2806 3876 ,
2861 3813 2999 3881 quod
3036 3825 3274 3869 curatum
3305 3817 3609 3888 reliquerit,

2034 3915 2205 3970 neque
2241 3900 2288 3954 ei
2327 3914 2442 3954 sese
2471 3900 2795 3969 patefecerit.
2852 3903 3058 3957 Etenim
3101 3920 3166 3959 ne
3210 3909 3613 3974 suspicarentur

2032 3990 2220 4055 Judzei,
2244 3989 2570 4044 subdititium
2603 4006 2721 4046 esse
2758 3992 2895 4045 hunc
2923 4001 3132 4059 testem,
3165 4003 3320 4064 atque
3349 3997 3467 4052 htnc
3493 3999 3614 4052 ideo

2033 4084 2211 4138 dicere
2239 4124 2254 4149 ,
2282 4083 2420 4150 quod
2449 4084 2724 4150 prtesentis
2755 4083 2950 4137 Christi
2979 4086 3224 4140 suasione
3251 4099 3565 4142 moveretur
3590 4132 3605 4152 ,

2037 4175 2178 4229 illius
2207 4175 2501 4243 ignorantia
2528 4184 2582 4229 et
2620 4174 2855 4229 absentia
2899 4174 3094 4229 Christi
3144 4175 3264 4231 huic
3316 4181 3611 4248 suspicioni

2035 4270 2208 4324 locum
2238 4283 2344 4322 non
2369 4268 2583 4321 dabant.
2614 4267 2783 4336 lnquit
2819 4269 2959 4322 enim
2990 4269 3361 4340 Evangelista:
3392 4270 3612 4326 Nesae-

2034 4360 2116 4414 bat
2141 4360 2252 4427 quis
2277 4369 2401 4412 esset
2430 4357 2534 4432 (Ib.
2560 4375 2606 4411 υ.
2641 4359 2750 4428 15).

2105 4447 2159 4500 4.
2194 4445 2393 4499 Idcirco
2415 4460 2556 4510 eum,
2583 4444 2673 4513 qui
2704 4453 2918 4499 curatus
2937 4455 3052 4500 erat
3079 4487 3094 4509 ,
3132 4445 3304 4501 solum
3335 4488 3352 4514 ,
3383 4463 3450 4504 ac
3490 4452 3614 4507 sine

2035 4535 2181 4590 socio
2209 4535 2386 4600 mittit,
2417 4545 2472 4588 ut
2512 4533 2953 4603 quemadmodum
3001 4547 3256 4604 cuperent
3289 4578 3303 4601 ,
3360 4552 3610 4594 seorsum

2035 4625 2345 4679 adhibentes
2373 4666 2387 4690 ,
2431 4625 2798 4679 examinarent
2839 4625 2978 4694 quod
3005 4624 3198 4679 factum
3223 4636 3338 4680 erat
3366 4669 3380 4690 ,
3402 4638 3462 4682 et
3487 4645 3610 4685 eum

2035 4723 2232 4770 certam
2263 4715 2339 4769 rei
2369 4715 2874 4769 demonstrationem
2899 4717 3230 4784 accepissent
3264 4757 3278 4780 ,
3311 4717 3378 4770 ab
3403 4719 3612 4788 impor-

2039 4813 2168 4860 tuno
2191 4803 2366 4858 furore
2393 4813 2682 4858 cessarent.
2729 4803 3010 4874 Propterea
3057 4805 3169 4868 ipse
3218 4806 3434 4875 quidem
3478 4810 3614 4866 nihil

2035 4895 2268 4964 loquitur
2291 4935 2305 4958 ,
2336 4910 2454 4948 eam
2482 4909 2610 4948 vero
2640 4910 2756 4964 quae
2793 4910 2887 4964 per
2915 4910 3003 4948 res
3030 4896 3171 4966 ipsas
3193 4897 3612 4954 fitdemunstra-

2037 4989 2232 5043 tionem
2259 4987 2335 5041 eis
2370 4988 2605 5056 prtebet:
2656 5002 2867 5056 quoquo
2905 5003 3090 5042 versus
3117 4989 3609 5045 manifestissimam

2037 5080 2285 5135 emittetts
2304 5093 2510 5142 vocem,
2536 5085 2590 5131 et
2619 5076 2737 5130 tuba
2765 5077 3002 5146 qualibet
3024 5077 3304 5132 clariorem
3356 5079 3430 5133 Ila
3463 5082 3608 5134 enim

2038 5171 2162 5225 nulli
2189 5171 2295 5238 jam
2324 5168 2609 5238 suspicioni
2631 5169 2732 5222 erit
2756 5167 3040 5221 obnoxium
3064 5168 3422 5222 testimonium
3455 5170 3608 5235 illud,

2039 5264 2138 5330 Qui
2158 5279 2235 5316 me
2260 5275 2437 5316 sanum
2458 5258 2590 5328 fecit,
2615 5261 2701 5313 ille
2723 5259 2844 5311 mihi
2863 5259 3017 5320 dia-it,
3039 5259 3174 5313 Tolle
3188 5256 3454 5327 grabatum
3470 5270 3612 5311 tum

2035 5364 2080 5405 et
2130 5351 2331 5404 ambula
2368 5348 2492 5421 (Id.
2527 5366 2573 5402 υ.
2608 5349 2724 5418 11).
2777 5347 3096 5416 Paralyticus
3139 5345 3196 5398 fit
3231 5347 3560 5414 evangelista
3591 5387 3609 5411 ,

2038 5443 2286 5510 magister
2303 5440 2616 5502 infidelium,
2642 5437 2875 5491 medicus
2903 5447 2955 5490 et
2981 5450 3153 5504 praeco
3178 5435 3242 5488 ad
3277 5435 3491 5488 illorum
3511 5436 3610 5488 de-

2039 5535 2200 5592 decus
2222 5542 2276 5590 et
2319 5531 2811 5588 condemnationem
2836 5567 2853 5596 ,
2885 5526 3121 5583 medicus
3149 5541 3256 5581 non
3290 5542 3421 5583 voce
3453 5569 3470 5594 ,
3509 5528 3608 5583 sed

3789 885 3802 1446 !

3787 1461 3802 1566 l
