3854 6222
265 335 386 392 807.

266 460 364 512 καὶ
392 455 572 528 τρίτον
615 455 807 516 εἰπεῖν,
852 453 960 506 τῶν
995 455 1297 524 εἰρημένων
1326 456 1426 508 οὑκ
1461 455 1701 529 ἐλαττον.
1733 455 1850 508 Ἵνα

265 551 378 621 γάρ
428 549 628 620 μάθῃς,
679 549 760 600 ὃτι
824 547 924 600 οὑκ
966 547 1280 618 ἀνθρωπίνη
1327 550 1513 620 τέχνη,
1551 548 1684 602 ἀλλά
1731 549 1852 600 θεία

264 643 493 712 δύναμις
521 641 584 693 τὸ
639 642 746 694 πᾶν
798 641 1108 711 εἰργάσατο,
1165 640 1449 695 ἐκέλευσεν
1485 640 1632 711 αὑτῷ
1663 640 1851 710 φέρειν

263 734 365 804 τὴν
400 733 606 802 κλίνην,
640 735 740 803 τῆς
760 733 995 802 ἀληθοῦς
1033 735 1126 786 καὶ
1163 733 1488 805 εἰλικρινοῦς
1517 733 1724 801 ὑγιείας
1757 748 1853 801 με-

265 831 463 897 γίστην
492 827 641 901 1552]
671 827 923 899 παρέχων
950 826 1221 890 ἀπόδειξιν
1237 826 1332 878 καὶ
1360 826 1528 895 σαφῆ,
1563 826 1648 878 ’ίνα
1677 825 1853 895 μήτις

262 921 376 973 τῶν
411 919 620 989 βλασφή
631 936 744 988 μων
782 917 1008 972 ἐκείνων
1035 917 1190 988 λέγῃ,
1221 918 1302 970 ὅτι
1330 917 1854 987 συνυποκρινόμενος

265 1011 298 1065 6
325 1012 691 1081 παραλυτικὸς
715 1012 810 1064 καὶ
837 1011 914 1082 τῷ
951 1009 1171 1082 Χριστῷ
1204 1009 1584 1081 χαριζόμενος,
1616 1010 1854 1079 ἐσχημα-

263 1102 451 1156 τίσατο
481 1100 686 1172 βάδισιν
708 1103 891 1172 ψιλήν.

339 1247 438 1300 Διά
472 1245 630 1299 τοῦτο
683 1247 777 1300 καὶ
822 1245 1040 1316 φορτίον
1073 1245 1165 1298 ἐπὶ
1213 1244 1321 1298 τῶν
1351 1243 1517 1314 ὤμων
1547 1241 1710 1297 αὑτοῦ
1762 1259 1856 1295 κε-

265 1339 414 1392 λεύει
465 1339 674 1408 φέρειν.
731 1339 794 1390 El
826 1338 935 1408 γὰρ
970 1337 1044 1408 μὴ
1073 1332 1142 1408 ἦν
1180 1337 1466 1407 πεπηγότα
1492 1334 1639 1405 αὑτῷ
1670 1333 1854 1397 καλῶς

266 1432 335 1484 τά
367 1431 525 1502 μέλη,
574 1430 670 1482 καὶ
723 1428 792 1482 τά
833 1428 1013 1499 ἄρθρα
1052 1429 1332 1497 σφιγέντα,
1371 1427 1471 1481 οὑκ
1517 1425 1584 1480 ἂν
1610 1423 1852 1495 ἠδυνήθη

268 1522 539 1592 βαστάσαι
586 1519 841 1573 τοσοῦτον
877 1520 1038 1587 ὄγκον
1071 1521 1162 1572 ἐπὶ
1195 1519 1304 1572 τῶν
1341 1517 1527 1588 ὤμων.
1570 1519 1681 1572 Καὶ
1715 1519 1852 1590 πρὸς

265 1615 479 1677 τούτοις
508 1614 563 1666 δέ
594 1615 766 1668 ἅπασι
783 1614 1002 1666 κάκεῖνο
1015 1612 1306 1675 ἐδείκνυτο,
1338 1612 1418 1664 ὅτι
1453 1611 1542 1680 ὑφ’
1568 1611 1626 1664 ἒν
1640 1612 1854 1666 ἅπαντα

264 1708 498 1778 γίνεται,
554 1706 683 1759 ὅταν
740 1707 769 1758 6
799 1703 1033 1772 Χριστὸς
1086 1703 1416 1774 προστάττῃ,
1441 1703 1536 1758 καὶ
1564 1702 1852 1774 ἀπαλλαγὴ

264 1803 449 1862 νόσου,
493 1801 587 1853 καὶ
627 1797 839 1866 ὑγιείας
870 1795 1146 1858 ἐπάνοδος.
1189 1797 1251 1848 Οί
1285 1797 1382 1866 μὲν
1409 1797 1518 1865 γὰρ
1549 1795 1722 1866 ἰατροὶ
1750 1796 1855 1850 κᾶν

264 1895 619 1959 ἀπαλλάξωσι
667 1891 1013 1961 νοσημάτων,
1054 1889 1166 1941 ἀλλ’
1215 1889 1303 1955 ὑφ’
1359 1888 1415 1940 ἓν
1462 1889 1598 1959 πρὸς
1645 1888 1854 1957 ὑγίειαν

265 1990 636 2057 ἐπαναγαγεῖν
678 1984 768 2036 τὸν
816 1981 1202 2054 ἀρρωστοῦντα
1249 1981 1349 2033 οὑκ
1404 1979 1694 2049 ἰσχύουσιν,
1738 1978 1854 2032 ἀλλ’

263 2083 454 2156 ἐτέρου
476 2082 686 2135 δέονται
745 2074 960 2147 μακροῦ
1002 2075 1216 2144 χρόνου,
1252 2073 1344 2126 τοῦ
1379 2073 1478 2142 τῆς
1513 2073 1851 2143 ἀναλήψεως,

263 2177 408 2231 ὥστε
426 2176 495 2228 τὰ
510 2173 740 2241 λείψανα
766 2170 867 2240 τῆς
894 2167 1204 2239 ἀρρωστίας
1247 2165 1390 2219 κατὰ
1428 2166 1622 2236 μικρὸν
1656 2166 1857 2230 ἀποξύ-

265 2287 359 2322 σαι
385 2267 479 2321 τοῦ
508 2265 762 2328 σώματος
813 2260 908 2312 καὶ
967 2257 1238 2310 ἐκϐαλεῖν.
1285 2257 1344 2308 '0
1383 2255 1438 2309 δὲ
1485 2257 1718 2327 Χριστὸς
1757 2259 1858 2327 οὑχ

263 2361 461 2422 οῦτως,
499 2356 612 2410 ἀλλ’
641 2357 699 2407 ἐν
727 2354 824 2423 μιᾷ
859 2348 1053 2421 καιροῦ
1098 2351 1236 2419 ροπῇ
1285 2348 1380 2401 καὶ
1420 2347 1519 2417 τῆς
1549 2349 1856 2418 ἀρρωστίας

262 2448 567 2521 ἀπήλλαξε,
599 2447 693 2500 καὶ
726 2445 824 2515 τὴν
855 2443 1066 2509 ὑγίειαν
1102 2441 1436 2509 ἐπανήγαγε,
1468 2440 1562 2491 καὶ
1587 2438 1749 2508 μέσος
1776 2441 1861 2492 οὑ-

261 2542 378 2604 δε¹ις
410 2541 628 2610 ἐγένετο
657 2537 871 2609 χρόνος,
899 2534 1011 2586 ἀλλ’
1041 2535 1159 2603 ἄμα
1181 2532 1280 2601 τῆς
1309 2531 1468 2598 ἁγίας
1497 2529 1743 2600 γλώττης
1781 2529 1862 2594 ἐξ-

263 2636 542 2706 ἐπήδησεν
568 2634 601 2703 ἡ
631 2629 751 2700 ίερά
779 2627 964 2697 ἐκείνη
995 2626 1168 2696 φωνὴ,
1199 2624 1293 2677 καὶ
1319 2624 1378 2676 τὸ
1409 2622 1621 2692 νόσημα
1646 2622 1738 2675 τοῦ
1759 2623 1862 2674 σώ-

270 2745 444 2799 ματος
468 2725 817 2796 ἐδραπέτευε,
853 2723 948 2775 καὶ
983 2723 1010 2773 6
1049 2720 1206 2788 λόγος
1237 2718 1397 2788 ἔργον
1431 2717 1664 2784 ἐγένετο,
1697 2716 1792 2770 καὶ
1827 2717 1859 2786 ή

265 2819 552 2891 ἀρρωστία
579 2819 728 2870 πάσα
757 2813 1022 2870 πάντοθεν
1057 2811 1441 2884 ἐθεραπεύετο.
1475 2809 1584 2862 Καὶ
1610 2809 1862 2880 καθάπερ

267 2911 575 2982 θεράπαινά
606 2925 690 2971 τις
723 2905 1126 2968 στασιάζουσα,
1177 2901 1398 2956 ἐπειδὰν
1433 2901 1518 2970 ἴδῃ
1550 2899 1642 2953 τὺν
1663 2901 1863 2970 ἑαυτῆς

264 3004 559 3073 δεσπότην,
596 3001 965 3061 συστέλλεται,
998 2999 1091 3051 καὶ
1123 2997 1257 3069 πρὸς
1296 2998 1547 3062 εὐταξίαν
1571 2995 1668 3067 τὴν
1703 3012 1865 3066 προσ-

266 3097 510 3166 ήκουσαν
540 3093 898 3162 ἐπανέρχεται
917 3109 931 3121 ·
956 3089 1098 3142 οῦτω
1118 3090 1213 3142 καὶ
1242 3092 1275 3160 ἡ
1299 3089 1461 3158 φύσις
1486 3087 1578 3142 τοῦ
1611 3087 1866 3158 σώματος

266 3191 528 3260 καθάπερ
583 3188 887 3260 θεράπαινά
933 3205 1016 3250 τις
1068 3187 1186 3239 τότε
1239 3185 1599 3251 στασιάσασα,
1641 3184 1736 3237 καὶ
1766 3182 1865 3254 τὴν

269 3285 505 3355 πάρεσιν
561 3281 938 3352 ἐργασαμένη,
992 3280 1178 3349 ἐπειδὴ
1211 3277 1300 3331 τὸν
1338 3277 1614 3347 Δεσπότην
1641 3272 1749 3329 εἶδε
1773 3275 1864 3328 τὸν

272 3377 476 3444 ἑαυτῆς
514 3374 985 3445 παραγενόμενον,
1039 3373 1173 3443 πρὸς
1197 3371 1296 3442 τὴν
1335 3370 1542 3423 οἰκείαν
1565 3368 1866 3439 ἐπανῆλθεν

270 3465 550 3531 εὐταξίαν,
587 3465 680 3517 καὶ
720 3463 812 3516 τὸν
863 3462 1140 3532 πρέποντα
1191 3462 1396 3531 κόσμον
1447 3460 1698 3514 ἀνέλαϐε.
1756 3461 1867 3513 Καὶ

269 3557 450 3611 ταῦτα
479 3555 660 3608 πάντα
694 3556 726 3625 ἢ
777 3555 928 3623 φωνὴ
959 3554 1254 3624 εἰργάσατο
1273 3569 1286 3583 ’
1326 3554 1386 3606 ού
1420 3552 1530 3624 γάρ
1547 3548 1614 3623 ἦν
1639 3551 1771 3621 ψιλά
1797 3549 1870 3604 τά

275 3653 520 3724 ῥήματα,
576 3650 713 3702 ἀλλά
765 3651 985 3720 ῥήματα
1036 3647 1194 3711 Θεοῦ,
1246 3648 1374 3717 περὶ
1413 3641 1488 3700 ὧν
1540 3665 1724 3718 φησιν,
1784 3647 1866 3699 ὅτι

287 3743 526 3812 Ἰσχυρὰ
554 3743 699 3811 ἔργα
751 3742 950 3809 ,λόγων
988 3743 1195 3794 αὐτοῦ.
1236 3742 1299 3793 Et
1334 3740 1443 3811 γάρ
1482 3741 1582 3794 οὑκ
1609 3740 1736 3794 ὄντα
1775 3740 1868 3792 άν-

275 3836 497 3905 θρωπον
519 3833 760 3903 ἐποίησε,
789 3830 967 3900 πολλῷ
992 3831 1190 3900 μᾶλλον
1204 3831 1552 3902 σαθρωθέντα
1580 3833 1670 3886 καὶ
1690 3831 1870 3886 διαλυ-

275 3926 443 3982 θέντα
485 3926 643 3980 πάλιν
676 3924 1090 3996 ἐπανώρθωσεν.

361 4071 622 4126 Ἐνταῦθα
636 4069 806 4142 ἡδέως
821 4071 886 4124 ἂν
901 4069 1129 4141 ἐροίμην
1144 4068 1270 4130 τοὺς
1287 4067 1868 4138 πολυπραγμονοῦντας

273 4165 375 4222 τοῦ
413 4167 546 4219 Θεοῦ
573 4168 673 4238 τὴν
703 4165 912 4226 οὐσίαν,
959 4162 1074 4226 πῶς
1115 4161 1341 4232 συνῆλθε
1379 4162 1447 4214 τά
1484 4161 1620 4232 μέλη
1652 4164 1865 4228 ἐκεῖνα;

275 4259 400 4322 πῶς
431 4259 721 4326 ἐσφίγγετο
767 4256 833 4308 τά
863 4255 1032 4319 όστᾶ;
1079 4253 1195 4316 πῶς
1223 4256 1251 4307 6
1281 4254 1432 4316 τόνος
1457 4255 1558 4322 τῆς
1588 4254 1822 4325 γαστρὸς
1842 4257 1870 4307 6

276 4351 661 4419 διαλελυμένος
701 4347 1038 4420 ἐρῥώννυτος
1081 4347 1196 4410 πῶς
1223 4345 1295 4399 τά
1327 4345 1670 4416 χαλασθέντα
1701 4345 1870 4416 νεῦρα

279 4442 448 4495 πάλιν
476 4441 760 4503 ἐτείνοντο,
777 4440 869 4493 καὶ
890 4439 923 4507 ὴ
947 4438 1348 4506 καταϐληθεῖσα
1368 4437 1596 4508 δύναμις
1618 4439 1873 4491 ἀνίστατο

280 4534 378 4587 καὶ
410 4531 757 4603 ἀνωρθοῦτο;
804 4531 943 4583 Ἀλλ’
973 4531 1073 4582 οὑκ
1122 4530 1187 4582 ἂν
1226 4529 1399 4600 ἔχοιεν
1427 4531 1488 4583 τὸ
1523 4531 1639 4594 πῶς
1673 4532 1868 4585 εἰπεῖν.

279 4624 494 4679 Οὐκοῦν
524 4622 772 4693 θαύμαζε
822 4623 882 4675 τὸ
930 4623 1292 4692 γεγενημένον
1317 4622 1495 4692 μόνον,
1531 4623 1604 4693 μὴ
1653 4639 1870 4693 περιερο

279 4714 453 4784 γάζου
480 4714 571 4767 τὸν
597 4714 818 4784 τρόπον.
863 4713 1080 4782 Ἐπειδὴ
1130 4714 1308 4765 τοίνυν
1355 4713 1576 4783 ἐποίησε
1607 4713 1668 4766 τὸ
1706 4732 1872 4785 προσ-

280 4806 502 4877 ταχθὲν,
535 4806 627 4859 καὶ
651 4805 750 4874 τὴν
779 4805 966 4875 κλίνην
994 4805 1208 4867 ἔλαϐεν,
1237 4805 1432 4868 ἰδόντες
1460 4807 1621 4860 αὑτὸν
1644 4808 1693 4860 οἱ
1742 4809 1873 4860 Ἰου-

277 4899 442 4964 δαῖοι,
458 4898 675 4966 λέγουσι
699 4915 712 4927 ·
744 4896 1047 4950 Σάϐϐατόν
1079 4897 1232 4959 ἐστι,
1266 4897 1366 4951 καὶ
1399 4899 1510 4952 οὐκ
1532 4899 1736 4963 ἒξεστί
1774 4915 1875 4953 σοι

279 4990 420 5064 ἆραι
437 4995 545 5048 τὸν
574 4992 905 5062 κράϐϐιιτον
923 4994 994 5047 ὲν
1017 4993 1311 5060 σαϐϐάτῳ.
1335 4995 1464 5048 Δέον
1494 4996 1874 5067 προσκυνῆσαι

279 5094 376 5146 τὸν
404 5091 795 5162 ἐργασάμενον,
823 5089 941 5143 δέον
971 5091 1246 5160 θαυμάσαι
1276 5093 1336 5144 τὸ
1354 5084 1802 5163 γεγενημένον,οί
1819 5093 1876 5146 δέ

280 5185 416 5253 περὶ
453 5183 720 5236 σαϐϐάτου
766 5182 1119 5250 διαλέγονται,
1167 5183 1382 5253 ἀληθῶς
1424 5186 1473 5237 οί
1520 5185 1608 5236 τὸν
1639 5183 1876 5238 κώνωπα

279 5273 632 5338 διυλίζοντες,
683 5274 778 5326 καὶ
810 5276 908 5344 τὴν
945 5273 1189 5344 κάμηλον
1234 5276 1648 5339 καταπίνοντες.
1685 5277 1750 5330 Τί
1783 5273 1874 5330 οῦν

281 5366 531 5430 ἐκεῖνος;
581 5365 633 5416 '0
666 5364 928 5432 ποιήσας
973 5383 1049 5434 με
1080 5366 1242 5435 ὑγιῆ,
1272 5367 1502 5434 ἐκεῖνός
1540 5387 1641 5438 μοι
1681 5366 1870 5432 εἶπεν,

281 5453 475 5525 ἸΓΑρον
518 5457 626 5510 τὸν
653 5455 985 5525 κράόϐατόν
1012 5474 1148 5525 σου,
1196 5460 1295 5513 καὶ
1341 5463 1666 5530 περιπάτει.
1715 5465 1876 5536 Ὁρᾷς

283 5547 710 5619 εὐγνωμοσύνην
771 5548 1095 5620 ἀνθρώπου;
1142 5552 1395 5622 ὁμολογεῖ
1424 5555 1516 5607 τὸν
1551 5556 1753 5626 ἰατρὸν,
1783 5560 1877 5612 καὶ

285 5638 600 5705 ἀξιόπιστόν
628 5657 792 5712 φησιν
835 5638 972 5695 εἶναι
1015 5641 1110 5695 τοῦ
1149 5646 1567 5716 προστάγματος
1595 5648 1686 5701 τὸν
1711 5668 1874 5721 νομο-

289 5729 482 5802 θέτηνο
532 5733 627 5786 καὶ
678 5731 868 5805 ὥσπερ
919 5734 1116 5797 αὐτοὺς
1155 5737 1183 5788 ὁ
1213 5735 1412 5808 τυφλὸς
1470 5739 1870 5812 συνελογίσατο,

1002 336 1086 398 DE
1127 338 1401 399 CHRISTI
1444 338 1862 407 DIVINITATE,
1903 340 2176 399 CONTRA
2215 345 2596 405 ANOMOEOS.
2639 350 2751 406 XII.

1957 456 2099 511 οὕτω
2125 461 2218 516 καὶ
2237 456 2406 526 οὗτος.
2437 464 2560 528 Πῶς
2589 465 2645 518 δὲ
2684 467 2887 530 ἐκεῖνος
2923 467 3331 537 συνελογίσατος
3375 473 3529 527 Ἕλε-

1955 558 2049 609 γον
2071 545 2238 615 αὑτῷ,
2261 547 2342 598 ὅτι
2383 545 2569 613 Οὗτος
2599 552 2630 602 ὁ
2658 547 2967 616 ἅνθρωπος
2989 553 3101 604 οὐκ
3140 553 3310 607 ἔστιν
3328 553 3396 608 ἐκ
3425 557 3530 611 τοῦ

1958 622 2127 688 Θεοῦ,
2153 624 2243 678 ὅτι
2291 625 2356 677 τὸ
2400 627 2702 681 σιίῦσατον
2732 631 2803 682 οὺ
2844 629 3022 696 τηρεῖ.
3073 630 3138 684 Τί
3167 628 3257 686 οὖν
3290 635 3530 700 ἐκεῖνοςς

1957 703 2232 774 Οἴδαμεν,
2252 708 2435 778 φησὶν,
2459 708 2545 762 ὅτι
2559 710 2919 780 ἁμαρτωλῶν
2939 715 2970 766 ὁ
3001 714 3140 778 Θεὸς
3163 716 3272 768 οὐκ
3309 715 3529 771 ἀκούει·

1955 783 2133 853 οὗτος
2162 788 2232 842 δὲ
2268 790 2474 857 ἧνοιξέ
2487 810 2605 861 μου
2633 793 2776 860 τοὺς
2799 795 3164 864 ὀφθαλμούς.
3205 799 3270 850 Ὃ
3303 798 3359 851 δὲ
3388 800 3532 867 λέγει

1952 869 2192 924 τοιοῦτόν
2224 874 2370 926 ἐστιν
2393 891 2404 904 ·
2431 877 2492 928 Εἰ
2510 875 2722 947 παρέϐη
2757 877 2848 930 τὸν
2875 878 3064 947 νόμον,
3095 870 3343 951 ἥμαρτεν
3361 899 3374 912 ο
3400 885 3448 936 εί
3477 884 3533 936 δέ

1953 952 2221 1024 ἥμαρτεν,
2252 956 2351 1009 οὑκ
2369 957 2433 1010 ἂν
2452 958 2704 1011 τοσοῦτον
2725 958 2941 1028 ἴσχυσεν
2961 977 2973 988 ·
2993 960 3120 1014 ἔνθα
3135 961 3243 1032 γάρ
3265 964 3531 1034 ἁμαρτία,

1955 1035 2212 1102 ἐπίδειξις
2231 1038 2510 1109 δυνάμεως
2547 1042 2646 1093 οὑκ
2677 1041 2824 1096 ἔστιν
2843 1058 2857 1071 °
2886 1043 3022 1096 ἀλλά
3051 1046 3144 1114 μὲν
3171 1047 3404 1114 ἴσχυσεν,
3434 1047 3534 1100 οὑκ

1957 1117 2106 1191 [555]
2121 1120 2228 1190 ἄρα
2251 1122 2462 1194 ἥμαρτε
2485 1124 2739 1194 παραϐὰς
2758 1125 2849 1178 τὸν
2872 1126 3055 1193 νόμον.
3082 1126 3236 1179 Οὕτω
3253 1130 3345 1181 καὶ
3380 1120 3534 1192 οὗτος

1956 1201 2344 1272 συλλογίζεται.
2379 1206 2452 1258 Τὸ
2502 1205 2610 1277 γὰρ
2667 1210 2862 1272 εἰπεῖν,
2892 1208 2956 1261 '0
2999 1210 3262 1277 ποιήσας
3278 1228 3354 1278 με
3375 1210 3531 1280 ὑγιῆ,

1952 1293 2111 1347 τοῦτο
2165 1296 2403 1366 ᾐνίξατο,
2460 1299 2540 1351 ὅτι
2585 1300 2634 1351 εί
2680 1294 2830 1363 οὗτός
2861 1301 3006 1353 ἐστιν
3057 1301 3087 1352 6
3133 1301 3536 1375 ἐπιδειξάμενος

1953 1378 2199 1450 δύναμιν,
2245 1380 2320 1443 ὡς
2377 1381 2476 1434 οὑκ
2504 1382 2568 1435 ἂν
2605 1381 2689 1452 εἴη
2729 1382 2936 1445 δίκαιος
2966 1383 3307 1454 παρανομίας
3342 1383 3537 1454 ἐγκλή-

1956 1477 2122 1532 μασιν
2159 1463 2456 1528 ὑπεύθυνος
2489 1464 2752 1532 γίνεσθαι.
2787 1463 2852 1516 Τί
2882 1460 2973 1518 οῦν
3002 1462 3180 1530 οὗτοι;
3223 1467 3344 1520 Ποῦ
3369 1468 3538 1520 ἐστιν

1955 1547 1988 1599 ό
2014 1545 2322 1612 ἅνθρωπος
2335 1549 2366 1600 ό
2385 1546 2568 1600 εἰπών
2582 1563 2701 1610 σοι,
2717 1544 2780 1602 τΑ
2780 1566 2897 1616 ρον
2920 1549 3026 1602 τὸν
3045 1549 3375 1618 κράὸϐατόν
3398 1566 3536 1612 σου,

1956 1629 2052 1680 καί
2077 1627 2380 1696 περιπάτει
2395 1647 2412 1693 ;
2442 1631 2586 1702 Ὅρα
2613 1629 2710 1700 τὴν
2739 1632 3133 1702 ἀγνωμοσύνην
3156 1634 3248 1687 καὶ
3271 1633 3366 1704 τὴν
3398 1633 3534 1689 ἀναι-

1957 1710 2203 1782 σθησίαν,
2233 1713 2333 1783 ὅρα
2357 1713 2532 1784 ψυχὴν
2558 1711 2875 1777 ἀλαζονείας
2902 1715 3199 1786 γέμουσαν.

2029 1855 2091 1906 Οί
2115 1854 2222 1924 γὰρ
2252 1855 2358 1908 τῶν
2405 1855 2742 1933 φθονούντων
2787 1859 3053 1928 ὀφθαλμοὶ
3079 1858 3228 1926 ὑγιὲς
3256 1859 3350 1928 μὲν
3388 1859 3539 1912 οὐδὲν

1959 1935 2268 2006 βλέπουσιν,
2316 1938 2438 1990 ὅθεν
2485 1939 2542 1990 δέ
2599 1939 2715 1992 ἐστι
2745 1939 2912 2011 λαϐὴν
2948 1940 3128 2008 εὑρεῖν
3165 1941 3344 2010 μόνον,
3381 1941 3538 1992 Οὖτω

1957 2019 2050 2070 καὶ
2074 2011 2241 2082 οὗτοι,
2280 2021 2372 2072 τοῦ
2397 2020 2830 2092 θεραπευθέντος
2859 2022 3142 2092 ἀμφότερα
3173 2021 3538 2094 ὁμολογήσαν-

1957 2118 2068 2164 τος,
2106 2102 2199 2154 καὶ
2231 2102 2312 2154 ὅτι
2341 2101 2698 2174 ἐθεράπευσε,
2731 2103 2827 2156 καὶ
2861 2104 2941 2156 ὅτι
2968 2103 3252 2156 ἐκέλευσεν
3283 2101 3414 2176 ἆραι
3440 2104 3538 2175 τὴν

1958 2185 2168 2253 κλίνην,
2209 2185 2270 2236 τὸ
2312 2187 2409 2254 μὲν
2439 2185 2786 2256 ἀπέκρυψαν,
2816 2186 2878 2239 τὸ
2913 2186 2969 2238 δέ
3004 2182 3187 2240 εἶπον·
3217 2189 3540 2259 ἀπέκρυψαν

1962 2267 2060 2337 μὲν
2102 2267 2162 2319 τὸ
2206 2267 2414 2336 θαῦμα,
2445 2269 2843 2339 προϐάλλονται
2883 2268 2940 2322 δὲ
2982 2271 3080 2341 τὴν
3126 2271 3220 2323 τοῦ
3271 2272 3540 2326 σαϐϐάτου

1960 2351 2285 2419 παράλυσιν.
2338 2352 2412 2404 Οὑ
2466 2352 2575 2423 γάρ
2614 2348 2767 2404 εἶπον
2791 2365 2806 2378 ⁸
2851 2351 2964 2404 Ποῦ
2988 2352 3136 2406 ἐστιν
3161 2356 3189 2407 6
3215 2356 3448 2425 ποιήσας
3482 2372 3542 2407 σε

1961 2433 2126 2502 ὑγιῆ;
2159 2432 2292 2486 ἀλλά
2351 2434 2675 2504 σιγήσαντες
2724 2435 2921 2499 ἐκεῖνο,
2962 2430 3136 2499 εἶπον,
3163 2435 3288 2490 Ποῦ
3310 2437 3481 2489 ἐστιν
3510 2439 3544 2490 d

1958 2515 2142 2570 εἰπών
2165 2530 2287 2579 σοι,
2313 2512 2501 2584 1rApor
2536 2517 2643 2570 τόν
2665 2516 2996 2584 κράϐὂατόν
3019 2534 3156 2583 σου,
3178 2518 3279 2570 καὶ
3312 2519 3543 2586 ﬁxura;

1964 2596 2152 2665 Οὗτος
2199 2600 2267 2652 δὲ
2309 2603 2422 2654 οὐκ
2470 2600 2599 2670 ᾔδει
2626 2618 2640 2632 ·
2691 2604 2724 2654 ό
2775 2601 2884 2670 γὰρ
2919 2602 3156 2669 Ἰησοῦς
3197 2601 3540 2666 ἐξένευσεν,

1962 2682 2150 2750 ὄχλου
2174 2683 2348 2748 ὄντος
2381 2683 2450 2736 ἐν
2473 2681 2553 2747 τῷ
2582 2684 2762 2747 τόπῳ.
2821 2683 2992 2736 Τοῦτο
3029 2684 3295 2753 ἀπολογία
3327 2684 3422 2738 τοῦ
3451 2686 3546 2739 ἀν-

1963 2765 2180 2836 θρώπου
2208 2767 2461 2837 μεγίστη,
2485 2767 2644 2819 τοῦτο
2674 2767 2775 2837 τῆς
2806 2765 2902 2819 τοῦ
2933 2768 3169 2837 Χριστοῦ
3220 2766 3543 2837 κηδεμονίας

1963 2848 2235 2912 ἀπόδειξις
2256 2865 2268 2876 ·
2306 2850 2392 2916 ἵν’,
2415 2852 2544 2902 ὅταν
2583 2849 2844 2921 ἀκούσῃς,
2868 2850 2950 2902 ὅτι
2980 2849 3420 2920 παραγενόμενον
3447 2848 3545 2902 αὑ·

1962 2932 2053 2984 τὸν
2069 2933 2166 3002 οὑχ
2185 2933 2384 3002 ὁμοίως
2410 2932 2701 2997 ὑπεδέξατο
2714 2932 2792 3000 τῷ
2815 2932 3212 3003 ἑκατοντάρχῃ,
3229 2933 3346 2984 οὑδὲ
3369 2928 3539 2996 εἶπεν,

1965 3016 2045 3069 ὅτι
2067 3015 2212 3068 Εἰπὲ
2243 3016 2430 3084 λόγον
2462 3026 2512 3079 α,
2547 3015 2646 3069 καὶ
2677 3013 2982 3079 ἰαθήσεται
3035 3017 3066 3066 ό
3114 3014 3253 3083 παῖς
3294 3031 3434 3083 μου,
3469 3013 3546 3085 μὴ

1966 3100 2350 3170 κατηγορήσῃς
2379 3097 2543 3151 αὑτοῦ
2577 3097 2856 3159 ἀπιστίαν,
2885 3098 3043 3166 είπερ
3073 3095 3172 3148 οὑκ
3200 3095 3314 3165 ᾔδει
3343 3096 3507 3148 αὑτόν
3527 3111 3541 3126 ο

1965 3183 2083 3234 οὑδὲ
2118 3181 2226 3252 γάρ
2260 3181 2376 3252 ᾔδει
2404 3182 2551 3245 ὅστις
2583 3180 2713 3233 ποτέ
2737 3176 2825 3251 ἦν.
2859 3179 2983 3242 Πῶς
3013 3179 3122 3248 γάρ
3155 3179 3316 3232 αὑτὸν
3347 3177 3545 3231 οῦποιτε

1967 3265 2181 3336 πρῶτον
2210 3265 2333 3319 ἰδὼν
2372 3266 2674 3336 ἠπίστατος
2707 3263 2807 3317 Διά
2832 3264 2991 3316 τοῦτο
3027 3262 3232 3331 ἔλεγεν,
3272 3264 3392 3316 Οὐκ
3426 3261 3547 3330 ἔχω

1965 3350 2300 3420 ἄνθρωπον,
2349 3349 2450 3402 ἵνα
2494 3348 2664 3416 ,ϐάλῃ
2706 3365 2782 3418 με
2811 3349 2898 3412 είς
2929 3345 3042 3413 τὴν
3084 3343 3542 3413 κολυμϐήθρανο

1965 3436 2060 3499 ὡς,
2095 3437 2144 3488 εί
2181 3434 2299 3505 ᾔδει
2345 3433 2530 3496 αὑτὸν,
2569 3434 2668 3485 οὑκ
2721 3434 2786 3486 ἂν
2841 3429 3227 3500 κολυμϐήθρας
3277 3427 3546 3498 ἐμνήσθη.

1966 3519 2088 3572 οὑδέ
2137 3517 2235 3586 τῆς
2295 3518 2409 3569 ἐκεῖ
2462 3515 2841 3577 καταϐάσεως,
2897 3512 3011 3565 ἀλλ’
3051 3512 3224 3575 οὑτως
3255 3511 3320 3564 ἂν
3348 3510 3546 3579 ἠξίωσε

1968 3599 2390 3671 θεραπευθῆναι,
2419 3599 2494 3661 ὡς
2515 3601 2608 3652 καὶ
2631 3597 2994 3668 ἐθεραπεύθη.
3020 3594 3157 3648 Ἀλλ’
3183 3593 3428 3663 ἐνόμισεν
3453 3590 3551 3664 ἕνα

1968 3684 2076 3737 τῶν
2109 3682 2318 3734 πολλῶν
2345 3682 2504 3734 αὑτὸν
2528 3677 2688 3740 εἶναι,
2711 3681 2805 3732 καὶ
2831 3680 3117 3748 ἄνθρωπον
3145 3675 3319 3744 ψιλὸν,
3345 3675 3436 3727 καὶ
3463 3672 3550 3726 διὰ

1969 3766 2128 3818 τοῦτο
2151 3766 2249 3835 τῆς
2300 3764 2570 3836 προτέρας
2602 3763 2844 3832 ἐμνήσθη
2887 3758 3204 3830 θεραπείας.
3255 3754 3551 3819 Ἀπόδειξις

1968 3848 2024 3900 δὲ
2057 3848 2157 3915 τῆς
2196 3846 2290 3898 τοῦ
2345 3845 2581 3915 Χριστοῦ
2636 3843 2980 3914 κηδεμονίας,
3033 3842 3194 3894 πάλιν
3233 3840 3550 3894 καταλιπεῖν

1970 3932 2060 3983 τὸν
2091 3929 2330 3992 ἐαθέντα,
2362 3929 2456 3979 καὶ
2478 3927 2552 3998 μὴ
2579 3927 2918 3995 καταστῆσαι
2949 3925 3142 3994 ἐκείνῳ
3160 3923 3314 3994 δῆλον
3334 3924 3547 3976 ἑαυτόν.

1973 4015 2090 4066 Ἵνα
2123 4013 2229 4080 γὰρ
2259 4010 2332 4080 μὴ
2387 4008 2807 4062 ὑποπτεύσωσιν
2837 4010 2887 4060 οἱ
2945 4008 3211 4068 Ἰουδαῖοι,
3237 4008 3316 4059 ὅτι
3347 4005 3549 4058 ὑποϐο-

1971 4096 2186 4165 λιμαῖος
2214 4091 2282 4164 ἦν
2305 4084 2458 4155 οὗτος
2485 4094 2513 4144 6
2543 4093 2769 4162 μάρτυς,
2786 4091 2881 4144 καὶ
2905 4090 2998 4142 τοῦ
3023 4087 3259 4159 Χριστοῦ
3289 4089 3550 4158 παρόντος

1972 4179 2066 4232 καὶ
2110 4177 2389 4238 πείθοντος
2423 4176 2586 4229 αὑτὸν
2625 4175 2785 4228 τοῦτο
2814 4174 3019 4242 ἔλεγεν,
3055 4175 3247 4241 ἄγνοια
3271 4173 3362 4225 καὶ
3393 4171 3454 4224 τὸ
3477 4169 3561 4242 μὴ·

1973 4265 2224 4334 παρεῖναι
2264 4258 2467 4329 ταύτην
2511 4257 2702 4329 ἀνῄρει
2755 4258 2853 4327 τὴν
2903 4256 3167 4324 ὑποψίαν·
3226 4251 3348 4308 εἶπε
3389 4252 3554 4324 γάρὸ

1974 4344 2387 4414 εὑαγγελιοτὴς,
2413 4343 2495 4395 ὅτι
2523 4344 2645 4394 Οὐκ
2689 4339 2819 4410 ᾕδει
2848 4339 3036 4393 αὑτὸν
3061 4342 3151 4405 τίς
3181 4339 3332 4392 ἐστι.

2042 4487 2106 4540 δ’.
2126 4485 2225 4539 Διά
2239 4485 2396 4538 τοῦτο
2415 4485 2573 4554 μόνον
2591 4484 2685 4536 καὶ
2709 4481 2828 4535 καθ’
2852 4482 3042 4534 ἐαυτὸν
3059 4481 3268 4550 πέμπει
3291 4481 3380 4534 τδν
3399 4481 3551 4533 τεθε-

1979 4585 2150 4640 ραπευ
2161 4569 2342 4637 μένον,
2364 4567 2452 4619 ’ίνα
2479 4566 2554 4629 ὠς
2589 4565 2906 4634 βούλωνται,
2937 4564 3249 4634 καταμόνας
3275 4563 3549 4628 λαϐόντες,

1976 4654 2308 4724 βασανίσωσι
2341 4651 2401 4703 τὸ
2420 4648 2808 4718 γεγενημένον.
2837 4649 2933 4700 καὶ
2963 4647 3218 4710 λαϐόντες
3244 4647 3431 4718 ἱκανὴν
3457 4647 3551 4701 τοῦ

1975 4737 2296 4808 πράγματος
2310 4732 2602 4796 ἀπόδειξιν,
2623 4731 2940 4784 παύσωνται
2959 4731 3056 4800 τῆς
3079 4731 3309 4798 ἀκαίρου
3334 4730 3550 4799 μανίας.

1975 4820 2071 4872 Διά
2101 4817 2256 4870 τοῦτο
2283 4816 2442 4877 αὑτὸς
2467 4815 2566 4884 μὲν
2585 4814 2734 4866 ούδέν
2770 4814 3086 4883 φθέγγεται,
3117 4813 3215 4884 τὴν
3248 4814 3304 4866 δὲ
3331 4813 3418 4866 διὰ
3446 4814 3555 4866 τῶν

1976 4901 2317 4974 πραγμάτων
2336 4901 2516 4961 αὑτοῖς
2528 4898 2805 4962 ἀπόδειξιν
2821 4900 3138 4969 παρέχεται,
3154 4896 3425 4968 πανταχοῦ
3444 4915 3555 4967 φω-

1975 4986 2070 5056 νὴν
2101 4983 2444 5053 σαφεστάτην
2481 4983 2660 5050 ἀφεὶς,
2693 4982 2786 5035 καὶ
2833 4981 3129 5051 σάλπιγγος
3175 4980 3556 5052 λαμπροτέραν

1977 5071 2214 5139 ἁπάσης.
2243 5065 2401 5119 Οὕτω
2417 5064 2630 5134 γὰρκαὶ
2657 5065 2969 5128 ἀνύποπτος
2994 5066 3182 5118 λοιπὸν
3207 5060 3275 5134 ἦν
3301 5066 3330 5134 ἡ
3359 5080 3557 5133 μαρτυ-

1980 5154 2160 5226 ρία,Ὁ
2190 5150 2452 5216 ποιήσας
2479 5166 2555 5218 με
2581 5147 2742 5218 ὑγιῆ,
2778 5149 3008 5214 ἐκεῖνός
3025 5166 3124 5218 μοι
3155 5149 3343 5208 εἶπεν,
3372 5143 3555 5214 'Apor

1974 5238 2080 5290 τὸν
2094 5234 2568 5304 κράϐὄατόνσου,
2582 5231 2679 5285 καὶ
2693 5232 2906 5302 ὕπατε.
2924 5233 2985 5284 '0
3004 5229 3370 5302 παραλυτικὸς
3390 5230 3556 5296 εὐαγ-

1975 5331 2227 5403 γελιστὴς
2240 5331 2474 5400 γίνεται,
2490 5328 2805 5393 διδάσκαλος
2831 5328 2940 5381 τῶν
2961 5328 3225 5391 ἀπίστων,
3256 5324 3437 5395 ἰατρὸς
3461 5325 3556 5378 καὶ⁸

1975 5414 2154 5487 κήρυξ
2186 5417 2266 5477 είς
2298 5414 2522 5469 ἐκείνων
2548 5412 2812 5484 αίσχύνην
2841 5411 2936 5466 καὶ
2969 5410 3314 5478 κατάκριμα·
3348 5406 3551 5478 ίατρὸς,

1975 5501 2096 5571 οὑχ).
2119 5499 2210 5554 διὰ
2242 5498 2448 5568 φωνῆς,
2480 5497 2614 5552 ἀλλὰ
2637 5497 2702 5550 δι’
2720 5495 2918 5567 ἔργων,
2939 5494 3058 5563 οὐχὶ
3075 5493 3162 5546 διὰ
3185 5491 3380 5560 λόγων,
3416 5491 3553 5545 ἀλλά

1974 5583 2063 5638 διὰ
2101 5582 2208 5637 τῶν
2242 5581 2584 5654 πραγμάτων
2618 5579 2818 5633 αὐτῶν.
2856 5575 3008 5646 Σαφῆ
3047 5574 3156 5646 γὰρ
3189 5576 3279 5628 καὶ
3314 5576 3552 5647 ἀναμφιο

2042 5748 2060 5772 ⁸
2084 5750 2166 5800 Sic
2186 5747 2324 5802 cdiLi.
2359 5745 2486 5808 Reg.
2514 5748 2568 5796 et
2599 5743 2747 5796 Sav‘il.
2777 5743 2829 5793 in
2852 5753 3002 5804 marg.
3039 5739 3184 5804 λόγῳ.
