3826 6222
330 380 434 440 809

331 497 596 568 σϐήτητον
632 495 925 569 ἐπεφέρετο
955 497 1052 570 τὴν
1087 500 1383 566 ἀπόδειξιν,
1414 500 1507 554 καὶ
1535 501 1670 571 ὅπερ
1698 499 1902 566 ἔλεγεν,

327 588 569 643 ἐδείκνυε
612 588 700 642 διὰ
737 589 828 642 τοῦ
871 590 1138 661 σώματος.
1189 594 1351 647 Μετὰ
1401 593 1588 648 ταῦτα
1639 592 1907 659 εὑρίσκει

325 682 515 736 αὐτὸν
530 684 563 736 ό
581 680 731 753 [554]
762 682 1020 749 Ἰησοῦς,
1043 684 1140 737 καὶ
1164 685 1325 754 λέγει
1346 685 1506 750 αὐτῷ
1521 702 1533 716 ·
1566 684 1708 750 Ἴδε,
1733 681 1909 752 ὑγιὴς

325 773 597 842 γέγονας,
631 773 842 842 μηκέτι
881 774 1203 843 ἁμάρτανε,
1245 778 1346 830 ἵνα
1369 777 1455 846 μὴ
1485 777 1688 846 χεῖρόν
1726 776 1783 829 τί
1809 789 1908 828 σοι

325 863 586 933 γένηται.
614 860 764 926 Εἶδες
795 864 981 934 ἰατροῦ
1012 867 1206 935 σοφίαν
1227 883 1240 931 ;
1265 863 1404 931 εἶδες
1434 864 1909 938 κηδεμονίανςοὺκ

325 955 600 1025 ἀπήλλαξε
648 955 742 1008 τοῦ
787 957 1052 1028 παρόντος
1091 960 1395 1030 νοσήματος
1425 959 1605 1029 μόνον,
1654 956 1790 1009 ἀλλά
1815 957 1909 1010 καὶ

326 1048 462 1116 πρὸς
510 1048 570 1101 τὸ
611 1048 803 1119 μέλλον
853 1051 1242 1119 ἀσφαλίζεται·
1285 1052 1379 1105 καὶ
1429 1052 1574 1122 μάλα
1614 1050 1903 1119 εὐκαίρως.

326 1138 455 1192 Ὅτε
481 1140 579 1209 μὲν
599 1141 706 1210 γὰρ
727 1136 794 1211 ἦν
823 1142 915 1194 ἐπὶ
935 1143 1032 1212 τῆς
1056 1142 1265 1213 κλίνης,
1288 1141 1440 1194 οὐδὲν
1467 1140 1704 1195 τοιοῦτον
1731 1137 1905 1202 εἶπεν,

324 1227 424 1282 οὐκ
453 1230 755 1299 ἀνέμνησεν
782 1231 942 1285 αὐτὸν
975 1233 1418 1304 ἁμαρτημάτων·
1449 1233 1776 1300 δυσάρεστος
1801 1229 1908 1300 γάρ

325 1332 446 1382 πως
493 1320 588 1372 καὶ
631 1321 978 1392 ταλαίπωρός
1030 1325 1178 1376 ἐστιν
1229 1325 1262 1393 ή
1318 1323 1427 1376 τῶν
1484 1321 1908 1393 ἀρρωστούντων

333 1414 514 1485 ψυχή·
549 1415 637 1467 ὅτε
664 1415 720 1468 δὲ
749 1417 996 1488 ἀπήλασε
1021 1419 1120 1488 τὴν
1155 1417 1487 1491 ἀρρωστίαν,
1521 1417 1610 1470 ὅτε
1644 1403 1782 1486 πρὸς
1811 1414 1908 1485 τὴν

327 1504 542 1572 ὑγίειαν
580 1507 946 1578 ἐπανήγαγεν,
998 1508 1086 1561 ὅτε
1139 1509 1241 1578 τῆς
1292 1510 1570 1579 δυνάμεως
1607 1507 1771 1561 αὐτοῦ
1815 1508 1910 1561 καὶ

325 1596 425 1665 τῆς
458 1597 784 1666 κηδεμονίας
811 1597 958 1668 ἔργῳ
982 1601 1081 1669 τὴν
1119 1599 1394 1663 ἀπόδειξιν
1423 1598 1754 1670 παρέσχετο,
1785 1597 1908 1651 τότε

327 1685 582 1758 εὔκαιρον
606 1691 837 1742 ποιεῖται
860 1690 956 1758 τὴν
986 1691 1296 1762 συμϐουλὴν
1321 1691 1415 1744 καὶ⁸
1441 1691 1540 1762 τὴν
1561 1689 1904 1762 παραίνεσιν,

327 1775 639 1842 ἀξιόπιστος
659 1779 726 1832 δι’
759 1780 938 1833 αὐτῶν
977 1781 1164 1834 λοιπὸν
1209 1782 1318 1835 τῶν
1344 1782 1522 1854 ἔργων
1561 1782 1902 1852 φαινόμενος.

329 1866 396 1920 Τί
425 1863 518 1921 οὖν
555 1870 759 1933 ἐκεῖνος
801 1871 1049 1925 ἀπελθὼν
1095 1873 1395 1943 κατάδηλον
1440 1872 1698 1943 ἐποίησεν
1746 1873 1907 1925 αὑτὸν

327 1962 440 2022 τοῖς
478 1959 776 2027 Ἰουδαίοις;
815 1964 1118 2026 Κοινωνοὺς
1146 1965 1342 2028 αὐτοὺς
1375 1963 1695 2034 βουλόμενος
1723 1963 1908 2017 λαϐεῖν

326 2050 428 2120 τῆς
473 2052 703 2123 ἀληθοῦς
755 2053 1122 2119 διδασκαλίας.
1182 2056 1320 2109 Ἀλλ’
1376 2059 1570 2110 ἐκεῖνοι
1616 2056 1704 2110 διὰ
1751 2055 1911 2109 τοῦτο

327 2141 552 2211 ἐμίσουν
576 2144 756 2208 αὐτὸν,
781 2148 935 2218 φησὶ,
955 2148 1046 2200 καὶ
1063 2148 1307 2203 ἐδίωκον.
1345 2147 1607 2203 Ἐνταῦθά
1630 2164 1720 2218 μοι
1744 2163 1911 2217 προσ-

329 2235 513 2303 έχετε·
545 2237 779 2291 ἐνταῦθα
821 2240 929 2310 γάρ
978 2243 1007 2294 6
1056 2242 1166 2304 πᾶς
1206 2243 1356 2294 ἐστιν
1393 2239 1564 2308 ἀγών.
1605 2239 1706 2293 Διὰ
1734 2239 1910 2292 τοῦτο

327 2323 579 2381 ἐδίωκον
629 2329 844 2396 αὑτὸν,
892 2331 981 2385 ὅτι
1028 2332 1216 2386 ταῦτα
1261 2333 1450 2386 ἐποίει
1498 2333 1569 2385 ὲν
1614 2329 1906 2396 σαϐϐάτῳ.

332 2418 562 2488 Ἴδωμεν
585 2417 679 2476 οὖν
718 2423 838 2486 πῶς
870 2425 1251 2494 ἀπολογεῖται·
1287 2427 1316 2478 6
1349 2425 1458 2493 γάρ
1482 2424 1581 2494 τῆς
1612 2423 1911 2490 ἀπολογίας

328 2508 531 2578 τρόπος
551 2511 822 2568 δείκνυσιν
845 2517 1000 2586 ἡμῖν,
1028 2517 1138 2569 εῐτε
1163 2517 1272 2569 τῶν
1298 2517 1774 2587 ὑποτεταγμένων,
1800 2516 1909 2568 εἴτε

329 2599 437 2652 τῶν
475 2602 776 2676 ἐλευθέρων
816 2608 984 2675 ἐστὶν,
1036 2608 1146 2662 εἴτε
1180 2609 1289 2662 τῶν
1317 2610 1768 2681 διακονουμένων,
1800 2610 1909 2662 εἴτε

329 2690 440 2744 τῶν
468 2693 888 2755 ἐπιταττόντων.
934 2701 1253 2771 Παρανομία
1291 2701 1523 2772 μεγίστη
1561 2701 1732 2754 ἐδόκει
1775 2697 1914 2755 εἶναι

329 2781 394 2835 τὸ
424 2788 817 2856 γεγενημένον·
847 2792 940 2844 καὶ
974 2792 1084 2864 γὰρ
1112 2793 1243 2858 ξύλα
1285 2796 1414 2848 ποτέ
1446 2813 1530 2859 τις
1559 2798 1615 2848 ἐν
1657 2793 1913 2865 σαϐϐάτῳ

335 2873 592 2942 συλλέξας
624 2880 880 2954 ἐλιθάσθη
927 2884 1016 2939 διὰ
1049 2885 1223 2952 τοῦτο,
1259 2888 1342 2940 ὅτι
1379 2887 1738 2958 βαστάγματα
1787 2887 1914 2956 ἐφε-

339 2982 430 3037 ρεν
473 2969 532 3021 ἐν
564 2971 840 3044 σαϐϐάτῳ.
891 2976 1060 3030 Τοῦτο
1093 2977 1153 3030 τὸ
1203 2978 1347 3049 μέγα
1378 2980 1685 3051 ἁμάρτημα
1719 2982 1912 3033 ἐνεκα-

332 3056 476 3110 λεῖτο
513 3062 541 3113 6
573 3064 829 3134 Χριστὸς,
859 3067 940 3121 ὄτι
967 3068 1122 3122 έλυσε
1152 3070 1214 3123 τὸ
1255 3070 1543 3125 σάϐϐατον.
1575 3071 1798 3143 ’Ἱδωμεν
1821 3069 1915 3128 οὖν

333 3151 385 3202 εί
416 3153 680 3226 πρότερον
721 3160 1052 3232 συγγνώμην
1093 3163 1236 3216 αἰτεῖ
1273 3162 1350 3227 ὼς
1384 3163 1570 3227 δοῦλος
1602 3165 1697 3217 καὶ
1722 3165 1918 3219 ὑποτε-

333 3245 627 3313 ταγμένος,
670 3249 703 3318 ἢ
732 3249 808 3314 ὡς
835 3251 1086 3316 ἐξουσίαν
1114 3254 1252 3324 ἔχων
1285 3255 1380 3307 καὶ
1406 3255 1691 3309 αὑθεντίαν
1716 3255 1918 3310 ἐπιδεί-

334 3348 549 3401 κνυται,
575 3338 651 3402 ὼς
679 3341 977 3411 Δεσπότης,
1009 3344 1104 3396 καὶ
1137 3345 1483 3415 ἐπικείμενος
1503 3345 1582 3416 τῷ
1610 3347 1780 3416 νόμῳ,
1824 3347 1918 3398 καὶ

335 3424 437 3488 τάς
477 3429 700 3493 ἐντολὰς
739 3432 902 3496 αὐτὸς
932 3433 1200 3498 δεδωκώς.
1243 3435 1368 3498 Πῶς
1412 3433 1506 3491 οὖν
1538 3436 1915 3504 ἀπολογεῖται;

335 3516 524 3584 φησίν·
579 3519 634 3569 '0
680 3520 885 3589 Πατήρ
927 3539 1047 3590 μου
1075 3523 1186 3590 ἕως
1219 3525 1348 3594 ἄρτι
1393 3527 1710 3596 ἐργάζεται,
1755 3529 1917 3597 κάγὼ

334 3605 662 3676 ἐργάζομαι.
694 3606 849 3676 Εἶδες
884 3615 1203 3682 αὐθεντίαν;
1253 3617 1444 3672 Καίτοι
1487 3622 1535 3673 εί
1569 3620 1920 3674 καταδεέστε-

340 3711 433 3765 ρος
459 3699 552 3751 καὶ
579 3700 815 3756 ἐλάττων
833 3699 900 3775 ἦν
925 3705 1015 3758 τοῦ
1041 3708 1272 3779 Πατρὸς,
1297 3709 1397 3761 οὐκ
1418 3710 1613 3763 ἔστιτὸ
1632 3712 1920 3782 εἰρημένον

337 3787 625 3857 ἀπολογία,
651 3792 766 3846 ἀλλ’
793 3794 1046 3867 ἔγκλημα
1091 3796 1275 3866 μεῖζον
1303 3801 1396 3852 καὶ
1424 3804 1728 3873 κατηγορία
1758 3803 1918 3874 χαλε-

340 3880 582 3950 πωτέρα.
642 3882 813 3938 Ὅταν
861 3885 971 3957 γάρ
1001 3891 1127 3958 ποιῇ
1174 3905 1279 3952 τις,
1328 3890 1355 3943 ὃ
1393 3890 1468 3962 τῷ
1515 3892 1722 3962 μείζονι
1773 3893 1920 3965 μόνῳ

339 3975 511 4024 ποιεῖν
559 3972 787 4042 ἔξεστιν,
833 3973 950 4030 εἶτα
991 3978 1153 4042 ἀλοὺς
1185 3981 1493 4049 ἐγκαλεῖται
1523 3987 1616 4038 καὶ
1645 3985 1812 4054 λέγει.
1838 3986 1920 4040 ὅτι

351 4061 573 4136 Ἐπειδὴ
611 4067 639 4117 6
675 4068 876 4135 μείζων
910 4070 1153 4145 ἐποίησε,
1179 4073 1266 4126 διά
1292 4075 1449 4128 τοῦτο
1481 4077 1637 4146 κάγὼ
1664 4079 1915 4151 ἐποίησα,

338 4155 400 4207 οὐ
435 4155 596 4223 μόνον
625 4157 724 4210 οὐκ
746 4160 974 4212 ἀπολύει
1003 4161 1111 4216 τῶν
1141 4164 1500 4234 ἐγκλημάτων
1528 4169 1718 4224 ἐαυτὸν
1745 4174 1918 4244 τούτῳ

339 4246 442 4316 τῆς
462 4247 757 4316 ἀπολογίας
776 4251 854 4322 τῷ
876 4252 1085 4322 τρόπῳ,
1113 4255 1247 4308 ἀλλά
1269 4259 1362 4309 καὶ
1391 4258 1636 4326 μείζονος
1661 4262 1920 4331 μέμψεως

339 4343 438 4395 καὶ
461 4345 794 4414 κατηγορίας
815 4347 1112 4404 ὑπεύθυνον
1136 4352 1326 4403 ἐαυτὺν
1350 4353 1689 4425 καθίστησιν.
1731 4357 1922 4431 ’Υπερ-

342 4435 577 4507 ηφανίας
621 4438 728 4508 γὰρ
771 4442 866 4491 καὶ
908 4441 1226 4506 ἀλαζονείας
1268 4445 1409 4510 ἐστὶ,
1460 4447 1520 4500 τὸ
1545 4451 1660 4512 τοῖς
1707 4450 1918 4519 μείζοσι

339 4525 440 4595 τῆς
473 4524 625 4591 ἀξίας
656 4528 952 4600 ἐπιχειρεῖν
979 4534 1286 4604 πράγμασι.

411 4643 523 4695 Καὶ
562 4645 591 4695 6
627 4643 862 4715 Χριστὸς
903 4647 1084 4700 τοίνυν
1132 4651 1180 4702 εί
1230 4651 1653 4724 καταδεέστερος
1698 4650 1787 4727 ἦν,
1823 4658 1923 4712 οὐκ

343 4725 415 4801 ἦν
456 4732 722 4802 ἀπολογία
764 4736 826 4788 τὸ
863 4736 1178 4808 λεγόμενον,
1225 4741 1342 4796 ἀλλ’
1391 4743 1645 4815 ἔγκλημα
1703 4725 1918 4817 μεῖζον·

343 4822 533 4896 ἐπειδὴ
557 4824 613 4876 δὲ
640 4825 753 4889 ίσος
779 4826 928 4897 αὐτῷ
947 4824 1037 4898 ἦν,
1063 4828 1151 4883 διὰ
1174 4831 1331 4885 τοῦτο
1353 4835 1452 4887 οὐκ
1476 4835 1622 4890 ἔστιν
1645 4836 1813 4910 ἕγκλη
1823 4858 1920 4911 μα.

344 4917 457 4971 Καὶ
496 4919 543 4968 εί
590 4915 864 4986 βούλεσθε,
913 4923 1006 4975 ἐπὶ
1042 4925 1440 4995 ύποδείγματος
1465 4927 1493 4979 ὃ
1521 4928 1666 4998 λέγω
1713 4934 1922 5004 ποιήσω

344 5010 597 5081 φανερόν.
636 5011 724 5081 Τῷ
757 5012 965 5081 βασιλεῖ
1003 5018 1190 5090 φέρειν
1224 5019 1540 5092 ἁλουργίδα,
1565 5025 1659 5076 καὶ
1685 5024 1923 5096 διάδημα

342 5103 431 5174 ἔχε
441 5120 489 5155 ιν
522 5102 614 5156 ἐπὶ
632 5103 730 5172 τῆς
754 5105 996 5176 κεφαλῆς
1029 5107 1176 5178 μόνῳ
1197 5108 1424 5175 ἔξεστιν,
1459 5113 1627 5184 ἑτέρῳ
1650 5114 1705 5166 δέ
1726 5115 1900 5170 οὐδενί
1906 5158 1920 5172 .

311 5244 321 5254 ,
355 5196 481 5250 Ἐὰν
507 5196 684 5249 τοίνυν
711 5200 851 5267 φανῇ
873 5214 957 5260 τις
984 5198 1092 5252 τῶν
1119 5200 1328 5254 πολλῶν
1349 5201 1506 5256 τοῦτο
1535 5204 1594 5256 τὸ
1621 5207 1804 5276 σχῆμα
1830 5223 1926 5260 πε-

349 5287 682 5358 ρικείμενος,
709 5285 828 5341 εἶτα
850 5289 944 5342 καὶ
972 5291 1052 5354 είς
1079 5290 1422 5364 δικαστήριον
1447 5295 1735 5367 ἑλκόμενος
1766 5299 1920 5371 λέγῃ,

343 5382 426 5434 ὅτι
472 5381 689 5452 Ἐπειδὴ
713 5382 740 5433 6
779 5380 1031 5451 βασιλεὺς
1075 5381 1236 5436 τοῦτο
1265 5384 1326 5436 τὸ
1369 5386 1553 5456 σχῆμα
1593 5389 1922 5459 περίκειται,

350 5471 439 5523 διὰ
486 5471 641 5525 τοῦτο
685 5472 839 5542 κάγὼ
879 5473 1222 5544 περίκειμαι,
1275 5476 1335 5527 οὐ
1367 5477 1526 5546 μόνον
1566 5480 1665 5534 οὐκ
1702 5482 1925 5554 ἀφίησιν

347 5562 536 5615 ἑαυτὸν
564 5565 663 5632 τῆς
697 5567 1050 5636 κατηγορίας,
1084 5565 1222 5620 ἀλλά
1248 5566 1343 5620 καὶ
1379 5567 1624 5636 μείζονος
1653 5573 1926 5639 κολάσεως

346 5651 449 5704 καὶ
488 5653 760 5723 τιμωρίας
803 5655 1125 5727 καθίστησιν
1164 5658 1463 5714 ὑπεύθυνον
1496 5661 1574 5732 τῷ
1612 5666 1796 5737 τρόπῳ
1828 5668 1927 5736 τῆς

353 5740 505 5813 [555]
539 5743 852 5811 ἀπολογίας.
903 5746 1076 5800 Πάλιν
1111 5749 1174 5802 τὸ
1207 5751 1332 5813 τοὺς
1367 5753 1676 5824 αἰσχίστους
1709 5757 1926 5824 ἀφεῖναι

1039 384 1095 440 S.
1139 381 1424 441 JOANNIS
1463 377 1956 438 CHRYSOSTOMI
2008 379 2328 438 ARCHIEP.
2371 375 2917 439 CONSTANTINOP.

3488 375 3590 454 ιιι

2009 500 2281 564 κολάσεως
2325 499 2419 552 καὶ
2454 497 2742 568 τιμωρίας,
2789 489 2901 548 οἷον
2946 489 3326 564 ἀνδροφόνους,
3360 483 3611 562 λῃστὰς,-

2008 592 2425 664 τυμϐωρύχους,
2455 591 2548 644 καὶ
2571 590 2694 651 τοὺς
2724 589 2889 659 ἕτερα
2915 585 3141 638 τοιαῦτα
3167 582 3594 654 τετολμηκότας

2013 683 2298 754 βασιλικῆς
2335 684 2450 736 ἐστι
2479 680 2788 752 φιλοτιμίας
2814 678 3000 750 μόνης.
3040 676 3156 732 Κᾶν
3185 675 3363 729 τοίνυν
3391 692 3476 739 τις
3507 676 3589 728 διο

2011 779 2235 847 καστὴς,
2255 777 2346 828 τὸν
2361 772 2827 828 καταδικασθέντα
2852 771 3020 842 χωρίς
3054 768 3336 840 βασιλικῆς
3363 767 3592 838 γνώμης

2009 872 2188 941 ἀφεὶς,
2220 871 2540 942 ἐγκαλῆται,
2580 870 2674 923 καὶ
2723 867 2990 936 λέγεικαὶ
3023 865 3202 928 αὐτὸς,
3245 865 3326 916 ὅτι
3373 862 3592 931 Ἐπειδὴ

2009 963 2101 1015 καὶ
2138 963 2392 1032 βασιλεὺς
2445 960 2660 1032 ἀφίησι,
2712 956 2869 1028 κάγὼ
2902 958 3128 1029 ἀφίημι,
3175 956 3234 1009 οὐ
3289 955 3451 1026 μόνον
3491 953 3591 1006 ούκ

2008 1054 2409 1108 ἀπαλλάττεται
2449 1053 2623 1124 τούτῳ
2667 1053 2745 1123 τῷ
2787 1053 2994 1122 τρόπῳ,
3043 1049 3177 1104 ἀλλά
3221 1047 3316 1100 καὶ
3365 1043 3590 1115 μείζονα

2010 1144 2232 1209 ἐξάπτει
2266 1145 2386 1200 καθ’
2438 1145 2630 1199 ἐαυτοῦ
2665 1145 2764 1214 τὴν
2797 1145 3000 1216 ὀργήν·
3038 1143 3132 1196 καὶ
3168 1139 3313 1211 μάλα
3339 1139 3586 1200 εἰκότως.

2010 1240 2144 1294 Οὐδὲ
2173 1241 2279 1312 γὰρ
2307 1240 2515 1295 δίκαιον
2558 1243 2615 1294 ἐν
2651 1243 2772 1304 ταῖς
2803 1238 3110 1312 παροινίαις
3131 1248 3156 1276 ι
3194 1236 3286 1287 ἐπί
3332 1234 3434 1303 τὴν
3480 1231 3591 1284 τῶν

2013 1336 2276 1408 μειζόνων
2315 1338 2602 1393 αὐθεντίαν
2658 1337 3050 1399 ἀναϐαίνοντας
3096 1335 3223 1397 τοὺς
3270 1329 3595 1385 ὑποδεεστέ-

2015 1445 2158 1498 ρους,
2212 1429 2418 1483 ἐκεῖθεν
2476 1431 2688 1492 ἑαυτοῖς
2741 1427 3062 1500 πορίζεσθαι
3111 1425 3210 1497 τὴν
3268 1420 3589 1488 ἀπολογίαν,

2010 1519 2197 1590 ἐπειδὴ
2239 1519 2394 1573 τοῦτο
2437 1519 2596 1591 ὕϐρις
2651 1519 2852 1590 μείζων
2900 1519 3046 1570 ἐστὶν
3075 1518 3153 1580 είς
3191 1515 3318 1578 τοὺς
3348 1510 3589 1582 ἐγχειρί·

2011 1624 2211 1674 σαντας
2251 1611 2433 1676 αὐτοῖς
2471 1613 2568 1682 τήν
2602 1612 2797 1682 ἀρχήν.
2833 1609 2931 1664 Διά
2959 1609 3116 1663 τοῦτο
3139 1607 3205 1661 ἂν
3243 1606 3342 1677 μὲν
3369 1602 3595 1656 ὑποδεέ-

2011 1719 2200 1774 στερος
2288 1721 2393 1767 τις,
2425 1704 2681 1756 οὐδέποτε
2709 1702 2898 1758 τοῦτον
2925 1701 3322 1770 ἀπολογήσεται
3350 1696 3444 1749 τὸν
3464 1692 3593 1765 τρό-

2011 1813 2142 1849 πον·
2177 1796 2274 1850 ἐάν
2315 1797 2373 1850 δὲ
2405 1795 2658 1866 βασιλεὺς
2684 1796 2777 1850 καὶ
2811 1797 2910 1867 τῆς
2947 1795 3114 1865 αὐτῆς
3144 1791 3218 1845 ῶν
3240 1789 3420 1857 ἀξίας,
3455 1784 3597 1858 μετά

2011 1890 2323 1962 παρρησίας
2343 1887 2502 1943 τοῦτο
2531 1891 2664 1960 ἐρεῖ.
2696 1889 2786 1951 Ὠς
2805 1889 2914 1958 γὰρ
2933 1889 2966 1957 ἠ
2989 1887 3087 1958 τῆς
3115 1884 3288 1956 ἀρχῆς
3310 1881 3412 1952 μία
3429 1881 3597 1950 ὕπερ⁹

2009 1981 2142 2053 οχὴ,
2183 1980 2325 2034 οὕτω
2373 1981 2466 2034 καί
2519 1979 2806 2051 ήέξουσία
2841 1979 2940 2050 μία
2979 1977 3186 2045 γένοιτο
3229 1974 3294 2026 ἂν
3340 1971 3594 2033 εἰκότως.

2012 2072 2178 2126 Ὥστε
2221 2074 2288 2128 ἂν
2327 2076 2467 2146 φανῇ
2517 2089 2600 2134 τις
2645 2070 2820 2135 οὕτως
2867 2068 3316 2138 ἀπολογούμενος,
3375 2062 3596 2132 ἀνάγκη

2011 2167 2162 2220 πᾶσα
2183 2167 2282 2237 τῆς
2303 2167 2471 2235 αὐτῆς
2496 2165 2692 2230 ἀξίαςδ
2722 2159 2862 2217 εἶναι
2886 2161 3100 2231 ἐκείνῳ,
3129 2154 3190 2214 οὗ
3218 2158 3315 2228 τὴν
3344 2155 3601 2220 ἐξουσίαν

2010 2259 2149 2331 ὑπὲρ
2176 2257 2369 2313 ἐαυτοῦ
2399 2257 2779 2329 προϐάλλεται.
2819 2253 3028 2308 Οὐκοῦν
3057 2252 3242 2321 ἐπειδὴ
3275 2250 3370 2303 καὶ
3402 2249 3432 2300 6
3459 2248 3596 2317 Χριο

2013 2348 2136 2413 στὸς
2171 2348 2343 2413 οὕτως
2386 2348 2858 2418 ἐδικαιολογήσατο
2895 2343 3030 2414 πρὸς
3074 2339 3595 2406 Ἰουδαίους,νάναμ-

2013 2441 2359 2513 φισϐητήτως
2384 2442 2514 2510 ήμῖν
2539 2438 2841 2503 ἀπέδειξεν,
2870 2437 2952 2490 ὅτι
2976 2433 3076 2506 τῆς
3098 2432 3267 2502 αὐτῆς
3295 2430 3455 2494 ἀξίας
3478 2429 3596 2482 ἐστὶ

2011 2531 2090 2603 τῷ
2114 2533 2308 2604 Πατρὶ.
2338 2533 2448 2586 Καὶ
2477 2532 2896 2603 μεταγάγωμεν,
2919 2528 2968 2580 εί
2993 2526 3159 2587 δοκεῖ,
3190 2524 3251 2576 τὸ
3280 2521 3598 2588 ὑπόδειγμα

2014 2624 2106 2678 ἐπὶ
2143 2625 2213 2679 τὰ
2253 2627 2475 2696 ῥήματα
2509 2625 2604 2678 τοῦ
2633 2620 2893 2695 Χριστοῦ,
2925 2621 3019 2673 καὶ
3047 2619 3107 2671 τὸ
3135 2616 3293 2688 ἔργον
3320 2615 3461 2683 ὅπερ
3484 2612 3598 2682 εἰρ-

2013 2717 2236 2786 γάσατο.
2273 2718 2454 2770 Ἔστω
2480 2715 2659 2770 τοίνυν
2685 2713 2748 2766 τὸ
2780 2711 2896 2783 μετ’
2923 2709 3166 2774 ἐξουσίας
3194 2705 3352 2758 λῦσαι
3375 2702 3439 2754 τὸ
3467 2701 3597 2755 σάϐο

2014 2809 2196 2874 ϐατον,
2235 2811 2373 2879 ὅπερ
2401 2811 2434 2879 ἡ
2473 2807 2730 2878 ἁλουργὶς
2759 2805 2852 2858 καὶ
2881 2802 2943 2856 τὸ
2967 2801 3202 2871 διάδημα
3235 2796 3328 2851 καὶ
3349 2795 3412 2848 τὺ
3443 2790 3598 2862 ἀφιέ-

2016 2917 2104 2955 ναι
2131 2902 2256 2964 τοὺς
2287 2899 2640 2963 ὑπευθύνους.

2086 2996 2300 3066 ’Ὠσπερ
2327 2990 2420 3048 οὖν
2441 2996 2625 3048 ἐκεῖνα
2650 2992 2727 3062 τῷ
2757 2991 2965 3063 βασιλεῖ
2996 2988 3139 3058 μόνῳ
3165 2984 3394 3049 ἔξεστιν,
3421 2979 3599 3033 οὐδενὶ

2014 3090 2072 3143 δὲ
2091 3088 2234 3158 ἀλλῳ
2249 3086 2358 3140 τῶν
2375 3088 2770 3156 ὑποκειμένων,
2793 3083 2888 3136 ἐὰν
2911 3083 2968 3135 δὲ
2993 3082 3133 3150 φανῇ
3148 3095 3230 3140 τις
3249 3073 3418 3128 ποιῶν
3437 3070 3597 3135 αὐτὰ,

2018 3181 2113 3234 καὶ
2147 3181 2369 3244 δικαίως
2399 3181 2589 3243 ποιῶν,
2626 3179 2838 3248 ἀνάγκη
2885 3177 3132 3228 κάκεῖνον
3165 3170 3389 3241 βασιλέα
3421 3161 3596 3219 εἶναι·

2017 3271 2158 3324 οὕτω
2186 3270 2248 3342 δὴ
2276 3272 2368 3324 καὶ
2397 3271 2650 3334 ἐνταῦθα,
2682 3268 2866 3339 ἐπειδὴ
2890 3267 3136 3336 φαίνεται
3169 3261 3282 3333 μετ’
3310 3260 3602 3320 αὑθεντίας

2018 3364 2187 3418 ταῦτα
2219 3364 2389 3418 ποιῶν
2421 3366 2448 3417 6
2477 3362 2729 3434 Χριστὸς,
2777 3356 2894 3412 εἶτα
2931 3355 3329 3426 ἐγκαλούμενος
3360 3351 3455 3404 τὸν
3484 3351 3604 3402 Πα-

2017 3457 2153 3527 τέρα
2194 3455 2554 3527 προϐάλλεται
2603 3453 2796 3521 λέγων,
2854 3451 2914 3503 Ὀ
2964 3447 3156 3516 Πατήρ
3206 3461 3306 3515 μου
3338 3443 3443 3506 ἕως
3475 3442 3605 3512 ἀρτι

2021 3547 2333 3618 ἐργάζεται,
2359 3546 2573 3616 ἀνάγκη
2595 3547 2744 3598 πᾶσα
2772 3543 2866 3596 καὶ
2885 3540 3075 3593 τοῦτον
3105 3540 3217 3592 ἴσον
3244 3531 3381 3588 εἶναι
3405 3533 3607 3602 ἐκείνῳ

2019 3641 2098 3712 τῷ
2129 3639 2263 3711 μετά
2292 3639 2574 3701 αὑθεντίας
2621 3635 2879 3688 ποιοῦντι.
2925 3632 3000 3684 Οὐ
3035 3631 3144 3699 γὰρ
3174 3627 3260 3689 ἂν,
3292 3628 3342 3679 εί
3383 3627 3460 3695 μὴ
3485 3625 3607 3687 ῖσος

2019 3729 2086 3803 ἦν
2106 3730 2274 3802 αὐτῷ,
2299 3729 2474 3800 τούτῳ
2491 3730 2589 3799 τῆς
2608 3725 2972 3792 δικαιολογίας
3003 3722 3272 3792 ἐχρήσατο
3293 3717 3370 3788 τῷ
3388 3716 3606 3787 τρόπῳ.

2021 3826 2132 3879 Καὶ
2153 3823 2240 3876 ἵνα
2271 3821 2600 3891 σαφέστερον
2637 3817 2843 3888 μάθητε
2869 3816 2930 3868 τὸ
2965 3814 3278 3882 λεγόμενον,
3315 3810 3512 3862 ἐλυσαν
3542 3808 3611 3860 τὸ

2023 3914 2290 3970 σάϐϐατόν
2317 3929 2447 3966 ποτε
2473 3912 2522 3964 οἱ
2552 3908 2790 3979 μαθηταὶ
2811 3907 2866 3960 ἐν
2889 3905 2967 3976 τῷ
2990 3903 3188 3958 τίλλειν
3209 3903 3333 3964 τοὺς
3363 3899 3610 3968 στάχυας

2021 4007 2116 4061 καὶ
2149 4003 2348 4057 ἐσθίειν
2393 4002 2452 4053 ἐν
2490 3997 2782 4067 σαϐϐάτῳ·
2837 3995 2993 4047 ἔλυσε
3027 3993 3121 4046 καὶ
3159 3991 3320 4052 αὐτὸς
3349 3989 3471 4042 νῦν·
3514 3989 3614 4040 ἐν-

2023 4098 2287 4152 εκάλεσαν
2303 4091 2634 4154 κάκείνοιςιοί
2664 4089 2925 4151 Ἰουδαῖοι,
2948 4084 3271 4138 ἐνεκάλεσαν
3293 4083 3383 4135 καὶ
3401 4081 3609 4152 τούτῳ.

2027 4191 2254 4258 Ἵδωμεν
2287 4186 2404 4248 πῶς
2431 4184 2529 4255 μὲν
2563 4184 2702 4255 ὑπὲρ
2729 4181 2952 4235 ἐκείνων
2981 4177 3362 4246 ἀπωλογεῖται,
3399 4174 3520 4236 πῶς
3548 4175 3615 4227 δὲ

2025 4281 2166 4350 ὑπὲρ
2196 4280 2389 4332 ἑαυτοῦ
2412 4293 2424 4306 ·
2464 4276 2549 4329 ἵνα
2576 4275 2642 4328 ἐκ
2662 4273 2764 4344 τῆς
2793 4271 3058 4340 διαφορᾶς
3079 4269 3178 4338 τὴν
3206 4268 3475 4338 ὑπεροχὴν
3502 4266 3616 4318 καὶ

2021 4371 2124 4442 τὴν
2155 4368 2448 4436 ἀπολογίαν
2475 4365 2640 4419 αὐτοῦ
2683 4363 2883 4434 μάθῃς.
2922 4361 3044 4424 Πῶς
3069 4357 3162 4414 οὖν
3197 4361 3334 4430 ὑπὲρ
3371 4357 3618 4411 ἐκείνων

2023 4461 2398 4529 ἀπολογεῖται;
2421 4461 2543 4512 Οὐκ
2577 4456 2872 4525 ἀνέγνωτε
2901 4455 2956 4508 τί
2982 4453 3232 4519 ἐποίησε
3265 4449 3463 4513 Δαυτδ,
3499 4449 3620 4507 ὅτε

2023 4553 2376 4615 ἐπείνασεν;
2413 4550 2581 4603 Ὅταν
2613 4549 2708 4619 μὲν
2742 4547 2850 4618 γάρ
2879 4545 3018 4618 ὑπὲρ
3045 4543 3155 4597 τῶν
3180 4542 3377 4595 δούλων
3405 4542 3620 4596 ἀπολο-

2024 4647 2207 4716 γῆται,
2239 4643 2332 4695 ἐπὶ
2375 4641 2468 4696 τὸν
2504 4639 2782 4694 σύνδουλον
2815 4637 2996 4691 αὐτῶν
3030 4633 3362 4704 καταφεύγει
3404 4635 3616 4689 Δαυῖδ·

2023 4738 2150 4790 ὅταν
2179 4735 2234 4790 δὲ
2263 4735 2398 4804 ὑπὲρ
2425 4732 2640 4797 ἐαυτοῦ,
2672 4731 2764 4784 ἐπὶ
2793 4730 2883 4783 τὸν
2915 4728 3135 4797 Πατέρα
3178 4726 3366 4792 ἀνάγει
3391 4726 3483 4779 τὸν
3511 4727 3621 4782 λό-

2024 4848 2150 4900 γον·
2198 4829 2261 4881 '0
2291 4825 2491 4894 Πατήρ
2530 4843 2645 4894 μου
2693 4822 3009 4894 ἐργάζεται,
3058 4821 3219 4891 κάγὼ
3272 4817 3616 4889 ἐργάζομαι,

2027 4923 2138 4979 Kal
2184 4919 2345 4972 ποίαν
2389 4917 2648 4988 ἐργασίαν
2675 4915 2852 4983 λέγει;
2899 4913 3029 4976 ἴσως
3063 4912 3207 4964 εἴποι
3239 4929 3320 4974 τις
3359 4912 3452 4964 ἄν·
3499 4910 3621 4966 ἐν

2025 5015 2136 5084 γὰρ
2173 5010 2242 5075 ἐξ
2283 5009 2532 5078 ἡμέραις
2565 5006 2944 5061 κατέπαυσεν
2971 5007 3004 5057 ὁ
3037 5002 3181 5068 Θεὸς
3210 5002 3328 5057 ἀπὸ
3361 5001 3626 5060 πάντων

2025 5102 2144 5156 τῶν
2173 5104 2364 5170 ἐργων
2399 5100 2585 5153 αὐτοῦ
2607 5115 2620 5129 ·
2651 5097 2748 5168 τὴν
2797 5094 3173 5166 καθημερινὴν
3215 5093 3488 5163 πρόνοιαν.
3526 5095 3618 5148 Οὐ

2026 5196 2136 5267 γὰρ
2161 5195 2452 5264 παρήγαγε
2485 5191 2646 5261 μόνον
2671 5189 2771 5258 τὴν
2801 5187 2999 5249 κτίσιν,
3034 5184 3168 5238 ἀλλά
3188 5184 3279 5237 καὶ
3308 5182 3552 5254 παραχθε
3563 5187 3616 5236 ῖ-

2030 5305 2130 5342 σαν
2190 5286 2362 5355 αὐτὴν
2417 5283 2739 5352 συγκροτεῖ·
2795 5279 2898 5333 κᾶν
2954 5275 3218 5356 ἀγγέλους
3263 5273 3450 5344 εἴπῃς,
3497 5274 3617 5329 κᾶν

2026 5377 2421 5453 ἀρχαγγέλους,
2440 5374 2542 5427 κᾶν
2558 5371 2657 5435 τὰς
2681 5372 2792 5425 ἀνω
2807 5369 3086 5437 δυνάμεις,
3103 5367 3208 5420 κᾶν
3222 5365 3400 5418 πάντα
3413 5364 3619 5431 ἀπλεῖκ

2025 5474 2094 5526 τὰ
2117 5469 2285 5542 ὁρατά
2318 5468 2413 5521 καὶ
2439 5465 2510 5519 τά
2541 5465 2770 5535 ἀόρατα,
2797 5463 2896 5534 τῆς
2930 5460 3187 5532 προνοίας
3217 5456 3479 5512 ἀπολαύει
3506 5457 3621 5529 τῆς

2027 5563 2268 5618 ἐκείνου·
2301 5560 2405 5614 κάν
2444 5559 2628 5631 ἔρημα
2652 5557 2878 5628 γένηται
2907 5555 3006 5626 τῆς
3051 5553 3330 5624 ἐνεργείας
3364 5551 3616 5622 ἐκεᾶνης,

2092 5704 2116 5732 ⁸
2141 5702 2288 5750 Savil.
2316 5705 2370 5748 el
2391 5695 2876 5759 Μοτθιηπαροιμίαις,
2899 5694 3024 5759 Βςεζ.
3049 5691 3326 5759 παροινίας.

2091 5762 2122 5803 ι
2147 5763 2272 5824 Reg.
2295 5769 2378 5819 τῆς
2398 5761 2541 5817 αὐτῆς
2567 5752 2793 5818 ἐξούσίάς,
2818 5762 2872 5805 οι
2896 5752 3280 5804 infrasinﬁmer.
