3866 6226
255 277 364 331 809

264 403 555 474 aperibus:
588 418 692 456 non
724 417 817 472 per
836 416 1110 457 sermones
1130 443 1144 465 ,
1168 400 1260 455 sed
1291 415 1384 470 per
1409 414 1494 454 res
1526 397 1687 467 ipsas.
1725 395 1839 450 Ma-

267 493 517 548 nifestam
546 495 710 555 enim,
732 502 783 548 et
807 493 873 547 de
901 508 1000 561 qua
1031 493 1222 560 ambigi
1255 507 1358 546 non
1387 498 1566 560 posset
1587 529 1603 552 ,
1641 501 1753 557 pra!
1782 501 1842 539 se

268 585 474 639 ferebat
501 585 1026 649 demonstrationem,
1057 591 1112 636 et
1135 581 1276 650 quod
1307 579 1552 645 dicebat,
1573 578 1700 659 ipso
1728 590 1848 630 cor-

269 689 404 748 pore
432 675 759 729 ostendebat.
793 674 916 728 Post
945 675 1051 728 [uec
1077 674 1261 728 invenit
1288 689 1401 725 eum
1424 669 1574 724 Jesus
1601 711 1616 734 ,
1645 679 1692 724 et
1721 668 1848 722 dixit

277 763 363 817 illi
380 761 544 816 :Ecce
561 778 724 816 sanus
745 763 915 832 fartus
928 779 1014 825 es;
1023 765 1134 834 jam
1161 763 1265 817 noli
1284 778 1486 832 peccare
1502 803 1519 828 ,
1544 778 1605 814 ne
1633 760 1850 814 deterius

271 852 358 905 tibi
376 851 569 922 aliquid
587 853 838 924 contingat
864 851 1213 921 (Joan.5.ﬂ).
1235 851 1422 906 Vidisti
1442 850 1629 904 medici
1643 849 1854 919 sapien-

271 940 441 994 tiam?
479 939 668 994 Vidisti
711 941 1136 1011 providentiam?
1177 940 1290 994 Non
1338 941 1509 994 solum
1539 954 1569 992 a
1605 937 1851 1008 praesenti

271 1031 462 1085 morbo
489 1031 750 1096 liberavit,
780 1031 874 1085 sed
903 1032 1060 1087 etiam
1083 1032 1252 1084 munit
1281 1030 1331 1084 in
1357 1040 1625 1100 posterum
1649 1071 1664 1095 ,
1696 1028 1853 1096 idque

272 1132 686 1192 peropportune.
715 1122 846 1177 Nam
871 1122 996 1176 dum
1033 1123 1122 1176 ille
1156 1122 1358 1190 jaceret
1403 1121 1454 1174 in
1491 1121 1628 1174 lecto
1653 1160 1669 1185 ,
1717 1119 1849 1172 nihil

272 1212 535 1281 ejusmodi
562 1213 714 1278 dixit,
738 1227 842 1267 non
873 1213 944 1267 illi
977 1222 1188 1281 peccata
1214 1213 1266 1266 in
1299 1211 1606 1266 memoriam
1631 1223 1854 1264 revoca-

276 1304 385 1365 vit;
420 1318 662 1357 morosus
691 1304 831 1357 enim
866 1303 1290 1374 quodammodo,
1321 1317 1386 1356 ac
1433 1300 1750 1356 miserabilis
1774 1309 1857 1354 est

275 1395 642 1462 aegrotandum
661 1395 886 1447 animus.
905 1392 1005 1448 Ubi
1018 1403 1192 1447 autem
1210 1392 1411 1463 expulit
1427 1390 1855 1454 invaletudinem,

274 1485 367 1539 ubi
406 1485 682 1539 sanitatem
707 1484 950 1549 reduxit,
989 1483 1077 1538 ubi
1107 1483 1387 1552 potentias,
1429 1491 1481 1536 et
1508 1479 1854 1550 providentia:

275 1588 390 1628 sua:
409 1574 913 1628 demonstrationem
940 1589 1102 1642 opere
1126 1573 1377 1642 przcbuit;
1407 1580 1532 1626 tunc
1558 1584 1850 1640 peroppor-

276 1671 408 1717 tune
432 1664 709 1717 consilium
738 1664 1189 1732 monitionemqne
1217 1662 1451 1725 adhibet,
1477 1675 1598 1715 cum
1621 1660 1730 1728 jam
1757 1659 1862 1716 fide

278 1753 496 1822 dignum
523 1769 581 1808 se
603 1754 854 1822 operibus
891 1754 1018 1823 ipsis
1051 1753 1393 1808 ostendisset.
1434 1750 1543 1805 Cur
1575 1751 1742 1820 igitur
1771 1751 1860 1806 ille

278 1845 466 1898 abiens
496 1844 829 1900 manifestum
861 1845 1032 1913 ipsum
1066 1844 1191 1898 fecit
1215 1841 1452 1898 Iudaeis?
1475 1841 1735 1896 Nimirum
1768 1856 1862 1896 cu-

280 1937 432 2005 piens
447 1952 539 1990 eos
550 1936 744 1990 habere
755 1936 1038 2006 participes
1050 1950 1189 1989 verae
1201 1934 1547 1989 doctrinaa.At
1563 1933 1632 1988 illi
1649 1941 1864 2005 propter

282 2026 422 2080 hanc
442 2027 605 2094 ipsam
627 2041 838 2080 causam
859 2027 1004 2080 illum
1021 2025 1261 2088 oderant,
1293 2025 1482 2088 inquit,
1500 2034 1555 2078 et
1576 2039 1862 2094 perseque-

279 2116 493 2170 bantur.
509 2116 616 2170 Iloc
633 2116 758 2170 mihi
777 2118 894 2170 loco
927 2127 1158 2172 mentem
1199 2115 1465 2170 adhibete.
1499 2115 1594 2169 llic
1613 2113 1751 2170 enim
1781 2124 1864 2168 to-

285 2216 398 2260 tum
411 2217 490 2260 est
511 2218 800 2261 certamen.
827 2208 1099 2278 PrOpterea
1118 2207 1263 2260 illum
1281 2206 1711 2277 persequebantur,
1744 2205 1863 2272 quia

282 2296 391 2348 hac
405 2297 615 2364 faciebat
634 2299 684 2350 in
705 2299 906 2352 sabbato
923 2296 1026 2370 (Ib.
1047 2297 1220 2365 v.16).
1242 2296 1524 2350 Videamus
1547 2296 1862 2366 igitur,quo-

283 2386 445 2440 modo
460 2401 518 2441 se
531 2387 798 2442 defendat.
826 2371 1154 2442 Defensio-nis
1175 2387 1315 2442 enim
1331 2387 1518 2440 modus
1529 2386 1862 2455 perspicuum

283 2475 438 2531 nobis
467 2476 619 2542 facit,
653 2488 827 2531 utrum
876 2479 964 2533 ille
998 2479 1066 2530 sit
1086 2494 1218 2531 unus
1239 2477 1594 2546 suhjectorum
1625 2492 1689 2529 an
1730 2475 1864 2529 libe-

281 2582 466 2623 torum
489 2610 505 2636 ,
535 2579 708 2624 utrum
730 2571 1137 2626 ministrantium
1154 2585 1220 2624 an
1240 2571 1627 2640 imperantium.
1649 2569 1864 2624 Factum

284 2662 417 2716 illud
467 2664 750 2718 maximam
779 2665 908 2734 legis
935 2663 1404 2734 transgressionem
1435 2678 1542 2732 prae
1558 2676 1618 2717 se
1644 2662 1863 2717 ferebat.

283 2753 423 2806 Olim
437 2750 841 2824 enim,quiligna
860 2756 914 2809 in
942 2755 1162 2810 sabbato
1190 2755 1498 2823 collegerat,
1525 2762 1738 2823 propter
1766 2753 1867 2807 hoc

283 2843 460 2911 ipsum
482 2844 739 2912 lapidatus
760 2853 843 2899 est
866 2887 880 2912 ,
927 2844 1070 2914 quod
1098 2859 1260 2899 onera
1287 2853 1520 2913 portaret
1545 2844 1595 2896 in
1648 2843 1867 2897 sabbato

284 2933 476 3004 (Nunt.
514 2936 595 2990 I5.
637 2935 706 2990 52
731 2936 912 3009 —56).
952 2937 1062 2991 Hoc
1082 2952 1326 3006 magnum
1355 2937 1554 2991 crimen
1582 2934 1869 3003 objicieha-

283 3035 372 3078 tur
398 3023 630 3089 Christo,
651 3027 792 3094 quod
820 3026 1093 3080 sabbatum
1111 3028 1359 3080 solveret.
1379 3025 1662 3078 Videamus
1684 3024 1864 3093 igitur,

288 3130 418 3168 num
450 3117 585 3169 forte
615 3117 841 3184 primum
885 3116 1091 3171 veniam
1115 3125 1258 3186 petat
1287 3127 1342 3170 ut
1366 3132 1550 3171 servus
1579 3130 1640 3169 ac
1686 3115 1868 3183 subje-

282 3213 430 3266 ctus.
450 3221 516 3258 an
540 3215 805 3275 tamquam
828 3217 1140 3274 potestatem
1169 3206 1370 3261 habens
1395 3217 1448 3261 et
1473 3206 1862 3269 auctoritatem,

281 3294 532 3348 ostendat
573 3310 631 3348 se
678 3296 957 3350 Dominum
999 3305 1154 3365 atque
1200 3311 1321 3351 eum
1354 3337 1370 3360 ,
1418 3297 1506 3366 qui
1537 3297 1778 3364 superior
1797 3297 1866 3350 sit

281 3383 424 3453 lege,
456 3401 517 3440 ac
547 3387 915 3457 mandataipse
941 3387 1182 3442 dederit?
1208 3389 1483 3455 Quomodo
1499 3389 1654 3458 igitur
1677 3402 1735 3442 se
1763 3388 1863 3442 de-

281 3471 497 3528 fendit?
527 3473 680 3528 Pater
712 3492 851 3530 meus
875 3516 890 3541 ,
927 3477 1094 3546 inquit
1123 3517 1137 3541 ,
1167 3493 1322 3545 usque
1345 3477 1492 3530 modo
1519 3487 1753 3546 aperatur
1775 3518 1790 3541 ,
1817 3487 1865 3530 et

281 3581 376 3635 ego
403 3581 583 3634 operor
607 3565 796 3633 (Joan.
835 3567 888 3621 5.
908 3567 973 3620 l7
992 3564 1033 3636 ).
1061 3565 1250 3620 Vidisti
1284 3567 1679 3621 auctoritatem.
1708 3566 1859 3634 Quod

282 3655 334 3708 si
365 3654 684 3709 imbecillior
702 3665 756 3709 et
783 3656 954 3710 minor
979 3665 1122 3710 esset
1148 3657 1323 3722 Patre,
1358 3656 1460 3712 hoc
1488 3657 1629 3728 quod
1659 3658 1865 3713 dixerat

284 3754 490 3799 tantum
519 3747 670 3802 abest
692 3759 748 3801 ut
773 3748 1063 3803 defensioni
1091 3757 1271 3818 aptum
1292 3750 1383 3817 sit,
1411 3759 1466 3804 ut
1495 3750 1664 3820 majus
1689 3752 1864 3820 potius

282 3837 489 3890 crimen
514 3837 582 3892 sit
609 3846 664 3893 et
690 3840 914 3908 graviori
941 3841 1225 3894 obnoxium
1252 3841 1595 3895 accusationi.
1613 3841 1860 3908 Quoties-

282 3942 514 3997 cumque
538 3930 681 3984 enim
706 3930 824 3999 quis
859 3930 984 3984 illud
1011 3930 1188 3994 faciat,
1216 3930 1356 3999 quod
1382 3931 1481 3984 soli
1504 3932 1858 4001 praestantiori

284 4017 446 4072 liceat
475 4017 650 4075 facere
675 4061 692 4086 ,
743 4020 936 4075 deinde
975 4021 1342 4090 deprehensus
1387 4032 1666 4078 accusetur
1699 4065 1714 4088 ,
1753 4026 1866 4094 ipse

283 4123 418 4161 vero
447 4108 518 4162 ita
559 4108 697 4164 dicat
722 4150 738 4177 ,
764 4111 1012 4178 quoniam
1041 4113 1375 4181 praestantior
1404 4112 1528 4168 fecit
1550 4155 1565 4178 ,
1594 4114 1793 4168 idcirco
1813 4125 1868 4171 et

283 4212 388 4266 ego
420 4199 556 4264 feci;
611 4215 716 4254 non
746 4200 916 4255 solum
944 4216 1047 4255 non
1067 4202 1281 4270 expedit
1312 4217 1372 4257 se
1411 4203 1479 4257 ab
1504 4204 1730 4274 objectis
1757 4206 1865 4259 cri-

281 4291 538 4355 minibus,
565 4291 665 4346 hoc
692 4292 1020 4348 defensionis
1043 4294 1222 4358 modo,
1253 4295 1346 4348 sed
1377 4295 1535 4350 etiam
1568 4295 1754 4364 majori
1781 4311 1866 4350 re.

286 4380 630 4451 prehensioni
671 4390 831 4451 atque
871 4383 1194 4438 accusationi
1242 4384 1526 4439 obnoxium
1571 4400 1631 4440 se
1670 4385 1863 4439 reddit.

287 4471 566 4538 Superbia:
605 4473 745 4527 enim
786 4482 840 4529 et
879 4477 1194 4544 arrogantia:
1232 4484 1316 4530 est
1363 4478 1561 4546 majora
1595 4476 1868 4546 suscipere

287 4559 546 4629 dignitate
573 4576 687 4616 sua.

365 4652 547 4706 Christi
573 4653 804 4708 divinitas
829 4655 1082 4708 asseritur.
1113 4685 1185 4696 —
1221 4655 1361 4727 Ergo
1396 4655 1637 4711 Christus
1661 4657 1865 4711 etiamsi

290 4742 511 4797 inferior
539 4743 752 4810 fuisset,
785 4753 986 4799 tantum
1013 4746 1225 4813 aberat,
1249 4756 1307 4800 ut
1325 4762 1442 4816 qua:
1460 4747 1670 4803 dicebat
1695 4748 1866 4816 ipsum

288 4836 638 4891 defenderent
656 4879 672 4900 ,
704 4844 762 4891 ut
787 4837 960 4906 potius
983 4837 1192 4908 gravius
1217 4839 1653 4893 condemnarent.
1671 4839 1866 4895 Verum

289 4928 542 4997 quoniam
569 4927 710 4983 Patri
738 4930 956 5000 aequalis
981 4941 1127 4998 erat,
1173 4940 1452 5000 propterea
1482 4931 1678 4986 nullam
1702 4932 1871 4987 admi-

290 5019 365 5072 sit
385 5017 616 5086 culpam.
639 5021 715 5073 Ac
739 5019 782 5073 si
805 5019 982 5085 vultis,
1000 5021 1242 5089 exemplo
1267 5021 1598 5090 perspicuum
1625 5021 1775 5076 vobis
1795 5021 1871 5076 fa-

290 5108 433 5163 ciam
473 5108 523 5162 id
565 5125 670 5178 quo
695 5109 832 5165 dico.
865 5109 975 5164 Soli
1013 5109 1319 5180 Imperatori
1347 5111 1468 5166 licet
1495 5120 1704 5180 gestare
1733 5127 1862 5180 pur-

293 5213 482 5267 puram
511 5207 566 5252 et
587 5198 828 5254 diadema
867 5200 919 5253 in
952 5201 1159 5268 capite,
1187 5210 1444 5270 praeterea
1473 5202 1691 5256 nemini.
1724 5202 1864 5272 Ergo

293 5287 343 5341 si
375 5302 508 5342 unus
530 5303 562 5342 e
589 5288 764 5343 multis
788 5289 928 5343 hunc
952 5299 1194 5344 ornatum
1215 5299 1450 5360 gestans,
1477 5290 1668 5346 deinde
1693 5293 1761 5346 ad
1782 5293 1873 5346 tri-

293 5379 457 5434 bunal
481 5379 769 5448 perductus
799 5381 868 5434 ita
897 5380 1069 5446 dicat,
1103 5381 1222 5452 quia
1253 5382 1545 5451 Imperator
1572 5382 1870 5460 hujusmodi

293 5479 541 5524 ornatum
561 5478 750 5541 gestat,
767 5483 1046 5542 propterea
1072 5487 1172 5543 ego
1195 5474 1352 5528 etiam
1380 5483 1549 5544 gesto,
1572 5488 1676 5528 non
1699 5473 1871 5529 solum

297 5563 400 5616 hoc
419 5561 742 5618 defensionis
767 5563 928 5618 modo
951 5577 1056 5620 non
1078 5577 1138 5620 se
1157 5564 1408 5620 liberaret
1426 5565 1494 5620 ab
1517 5565 1871 5630 accusatione,

299 5653 396 5708 sed
435 5655 690 5726 majorem
728 5669 938 5724 ponam
980 5670 1042 5712 ac
1073 5656 1392 5728 supplicium
1419 5656 1519 5714 sibi
1552 5664 1866 5713 accerseret.

1046 279 1136 341 DE
1171 284 1433 341 CHRISTI
1475 279 1882 345 DIVINITATE,
1924 277 2196 336 CONTRA
2236 279 2611 337 ANOMCEOS.
2652 279 2767 336 XII.

3420 280 3525 337 8l0

1951 391 2159 449 Rursus
2195 393 2618 464 flagitiosissimis
2655 394 2956 450 hominibus
2990 410 3200 466 pmnam
3238 413 3299 452 ac
3326 400 3525 469 suppli-

1948 483 2090 538 cium
2115 484 2406 552 remittere,
2429 495 2486 539 ut
2508 484 2806 552 homicidis,
2830 485 3138 552 latronibus,
3164 487 3526 557 sepulcrorum

1951 573 2311 643 eﬂ‘ossoribns,
2339 585 2392 630 et
2415 577 2624 632 czetcris
2642 618 2655 638 .
2685 577 2774 645 qui
2804 577 2928 631 talia
2954 576 3196 645 quaedam
3224 589 3532 648 perpetrare

1953 665 2066 720 ausi
2096 677 2218 720 sunt
2240 707 2254 731 ,
2288 667 2452 722 solius
2494 667 2846 736 imperatoriae
2888 669 3146 738 largitatis
3175 677 3277 725 est.
3307 669 3460 738 Quod
3486 672 3530 727 si

1949 755 2110 826 judex
2140 757 2400 828 quispiam
2437 758 2739 813 damnatum
2769 759 2883 814 sine
2907 759 3244 830 Imperatoris
3271 765 3534 819 sententia

1954 845 2246 913 dimittens,
2275 857 2573 914 accusetur,
2606 857 2659 903 et
2688 849 2828 904 dicat
2853 851 3013 905 etiam
3043 851 3155 922 ipse
3174 891 3188 916 ,
3219 866 3317 920 ego
3337 851 3534 919 dimisi,

1954 936 2204 1005 quoniam
2252 935 2541 1006 Imperator
2581 937 2798 993 dimittit
2821 981 2838 1005 ,
2868 955 2973 994 non
3002 943 3171 995 solum
3202 941 3300 996 hac
3329 942 3535 996 ratione

1956 1027 2175 1082 minime
2202 1042 2260 1082 se
2285 1027 2511 1094 liberat,
2540 1029 2632 1083 sed
2672 1030 2830 1083 etiam
2866 1033 3120 1100 majorem
3150 1047 3274 1102 erga
3303 1046 3361 1087 se
3403 1033 3531 1086 iram

1957 1117 2217 1181 accendit,
2248 1125 2304 1173 et
2324 1118 2446 1187 jure
2473 1119 2707 1188 quidem.
2740 1119 2854 1174 Non
2879 1122 3018 1175 enim
3048 1137 3256 1190 tequum
3281 1131 3384 1188 est,
3413 1137 3536 1176 cum

1957 1205 2236 1262 inferiores
2261 1207 2313 1260 in
2345 1208 2644 1263 temulentis
2684 1208 2821 1264 forte
2857 1211 3336 1280 compotationibus
3365 1213 3416 1265 in
3444 1227 3536 1266 sn-

1960 1299 2222 1367 periorem
2252 1300 2618 1354 auctoritatem
2659 1302 2909 1355 irruerint
2934 1343 2950 1368 ,
2996 1311 3175 1370 postea
3215 1317 3284 1357 ex
3329 1303 3534 1357 illorum

1961 1403 2143 1453 more,
2177 1396 2231 1443 et
2259 1389 2395 1442 facto
2419 1389 2516 1444 sibi
2556 1390 2684 1458 ipsis
2718 1406 2908 1460 parare
2947 1390 3334 1448 defensionem.
3375 1393 3541 1462 Major

1961 1479 2103 1532 enim
2134 1477 2248 1532 lucc
2271 1479 2591 1532 contumelia
2613 1489 2695 1534 est
2724 1481 2774 1533 in
2795 1495 2909 1545 eos,
2933 1481 3022 1550 qui
3045 1481 3391 1550 principatum
3414 1482 3540 1552 ipsis

1964 1567 2312 1623 tradiderunt.
2353 1569 2475 1624 Ideo
2511 1570 2555 1622 si
2586 1570 2704 1638 quis
2738 1568 2956 1624 inferior
2982 1570 3083 1638 sit,
3113 1585 3397 1640 numquam
3443 1570 3542 1624 hac

1962 1659 2044 1714 sui
2074 1659 2389 1713 defendendi
2419 1661 2622 1714 ratione
2652 1668 2856 1725 utetur;
2888 1661 2971 1714 sin
2998 1669 3170 1714 autem
3199 1661 3267 1714 sit
3308 1661 3543 1729 Impera-

1965 1760 2048 1805 lor
2071 1793 2086 1817 ,
2119 1759 2171 1804 et
2198 1751 2383 1806 eadem
2418 1751 2667 1821 przeditus
2691 1751 2944 1821 dignitate
2967 1793 2983 1818 ,
3025 1750 3251 1806 ﬁdenter
3289 1751 3340 1806 id
3378 1751 3540 1807 dicet.

1965 1841 2172 1895 Etenim
2213 1840 2656 1910 quemadmodum
2695 1841 2880 1896 eadem
2915 1848 2998 1895 est
3035 1841 3089 1894 in
3117 1850 3340 1909 utroque
3367 1842 3544 1895 excel-

1965 1931 2082 1986 lens
2109 1931 2399 2001 amplitudo
2430 1932 2774 2002 principatus,
2807 1933 2877 1986 ita
2907 1932 3068 1988 etiam
3093 1931 3279 1986 eadem
3309 1933 3544 1986 auctori-

1966 2036 2047 2080 tas
2071 2039 2133 2080 ac
2158 2025 2366 2080 licentia
2397 2040 2515 2080 esse
2544 2025 2719 2080 debet.
2743 2025 3097 2092 Quamobrem
3124 2025 3168 2077 si
3197 2025 3415 2079 exsistat
3443 2024 3542 2077 ali-

1965 2117 2086 2184 quis
2108 2156 2122 2180 ,
2163 2115 2251 2184 qui
2280 2115 2380 2170 hac
2416 2131 2475 2171 se
2509 2116 2714 2170 ratione
2749 2113 3039 2181 defendat,
3072 2129 3290 2169 necesse
3328 2114 3545 2168 omnino

1966 2219 2067 2278 est,
2086 2211 2324 2266 eamdem
2346 2211 2649 2280 dignitatem
2672 2211 3033 2282 habeatatque
3050 2211 3157 2277 ille,
3185 2210 3335 2279 cujus
3356 2217 3546 2278 poten-

1971 2309 2098 2356 tiam
2128 2303 2195 2356 ad
2224 2319 2372 2358 suam
2403 2304 2766 2359 defensionem
2800 2303 3096 2373 prtctendit.
3130 2303 3350 2371 Quando
3389 2303 3546 2374 igitur

1966 2395 2210 2450 Christus
2249 2396 2348 2449 hac
2385 2397 2592 2451 ratione
2635 2397 2756 2450 facti
2793 2397 2874 2450 sui
2913 2396 3171 2466 justitiam
3203 2411 3322 2450 cum
3348 2395 3546 2450 Judmis

1966 2484 2236 2539 disserens
2254 2485 2558 2551 declaravit,
2572 2488 2686 2540 sine
2705 2486 2866 2541 dubio
2887 2487 3037 2541 nobis
3057 2487 3288 2541 ostendit
3306 2487 3545 2556 ejusdem

1967 2589 2025 2640 se
2051 2590 2168 2629 esse
2196 2575 2466 2645 dignitatis
2488 2591 2607 2630 cum
2636 2576 2813 2630 Patre.
2843 2577 2919 2630 Ac
2945 2576 2987 2628 si
3019 2577 3178 2641 libet,
3211 2575 3547 2630 conferamus

1966 2665 2180 2719 allatum
2209 2665 2507 2734 exemplum
2535 2680 2653 2720 cum
2675 2666 2850 2719 verbis
2869 2674 2923 2720 et
2949 2665 3084 2720 facto
3103 2665 3318 2720 Christi.
3346 2664 3425 2720 Sit
3450 2665 3547 2734 igi-

1968 2763 2054 2808 tur
2081 2755 2241 2820 idem,
2272 2757 2484 2811 solvere
2515 2771 2611 2825 pro
2636 2756 2950 2811 auctoritate
2982 2756 3256 2811 sabbatum
3277 2797 3294 2823 ,
3322 2771 3384 2810 ac
3417 2770 3544 2825 pur-

1969 2858 2117 2912 pura,
2142 2843 2403 2906 diadema,
2431 2852 2484 2898 et
2509 2859 2720 2898 reorum
2751 2844 3012 2916 dimissio.

2037 2933 2286 2988 Christum
2308 2932 2451 2986 Patri
2465 2933 2705 3002 (aqualem
2719 2951 2824 2988 esse
2841 2921 3171 3001 probatur.—
3185 2934 3545 3003 Quemadmo-

1967 3025 2092 3079 dum
2120 3025 2277 3092 igitur
2311 3026 2410 3080 soli
2441 3026 2749 3094 Imperatori
2796 3027 2879 3080 illa
2913 3027 3110 3094 licent,
3142 3028 3339 3081 nemini
3367 3035 3542 3081 autem

1967 3116 2324 3184 suhjectorum
2349 3157 2364 3180 ,
2395 3130 2459 3171 ac
2482 3116 2528 3170 si
2551 3117 2672 3186 quis
2694 3116 2880 3171 eadem
2908 3117 3081 3181 faciat,
3113 3132 3176 3172 ac
3198 3116 3318 3187 jure
3348 3117 3502 3173 faciat
3527 3159 3542 3184 ,

1966 3205 2113 3259 illum
2137 3222 2347 3277 quoque
2374 3207 2750 3278 Imperatorem
2777 3223 2897 3263 esse
2925 3223 3142 3263 necesse
3161 3216 3262 3272 est,
3295 3209 3365 3262 ita
3386 3209 3547 3262 etiam

1967 3298 2068 3354 hac
2093 3299 2144 3352 in
2165 3315 2244 3364 re,
2269 3300 2518 3369 quoniam
2546 3299 2598 3353 in
2626 3309 2965 3369 conspectum
2992 3315 3051 3355 se
3070 3300 3159 3355 dat
3176 3299 3417 3356 Christus
3445 3300 3545 3355 ista

1971 3404 2069 3458 pro
2093 3391 2404 3445 auctoritate
2457 3390 2657 3446 faciens
2676 3432 2691 3457 ,
2722 3404 2787 3445 ac
2813 3389 3004 3445 deinde
3030 3400 3307 3445 accusatus
3334 3390 3544 3445 Patrem

1965 3479 2246 3548 praetendit
2269 3481 2338 3534 ita
2358 3479 2562 3546 dicens,
2593 3478 2750 3533 Pater
2773 3495 2910 3533 meus
2935 3496 3091 3548 usque
3118 3479 3268 3533 modo
3287 3489 3544 3550 operatur;

1968 3571 2329 3625 necessarium
2360 3586 2580 3640 prorsus
2603 3579 2724 3636 est,
2752 3578 2808 3624 et
2836 3569 2975 3624 hunc
2994 3571 3251 3640 aequalem
3281 3570 3356 3624 illi
3385 3584 3542 3637 esse,

1965 3661 2056 3729 qui
2084 3676 2182 3730 pro
2207 3662 2519 3716 auctoritate
2555 3659 2734 3714 faciat.
2776 3659 2890 3714 Non
2920 3659 3062 3714 enim
3091 3659 3188 3714 nisi
3215 3660 3434 3730 aequalis
3461 3674 3546 3714 es-

1965 3760 2046 3804 set
2070 3790 2086 3813 ,
2115 3749 2215 3804 hoc
2243 3751 2324 3804 sui
2367 3749 2778 3819 factiprobandi
2815 3749 2974 3804 modo
3003 3757 3260 3805 uteretur.
3287 3749 3461 3819 Atque
3489 3759 3546 3803 ut

1966 3845 2159 3898 clarius
2185 3845 2515 3914 cognoscatis
2537 3859 2656 3912 quae
2680 3843 2903 3899 dicimus
2921 3882 2938 3908 ,
2970 3842 3237 3896 solverant
3261 3843 3545 3912 aliquando

1967 3935 2242 3988 sabbatum
2267 3933 2533 4002 discipuli,
2563 3949 2684 3988 cum
2714 3934 2888 4002 spicas
2917 3932 3197 3997 vellerent,
3223 3942 3277 3988 et
3298 3932 3545 3988 comede-

1967 4032 2086 4077 rent
2110 4022 2162 4075 in
2185 4021 2425 4078 sabbato
2470 4018 2681 4088 (Matth.
2711 4019 2798 4073 I2.
2829 4018 2878 4088 l)
2913 4036 2926 4073 :
2959 4015 3120 4073 solvit
3146 4024 3201 4070 et
3229 4015 3344 4085 ipse
3372 4031 3543 4071 nunc.

1968 4111 2039 4166 Et
2079 4111 2198 4166 illos
2240 4109 2701 4180 reprehenderunt
2746 4107 2956 4163 Judaei:
2995 4106 3450 4175 reprehenderunt
3493 4114 3547 4159 et

1968 4206 2128 4260 hunc.
2148 4203 2437 4258 Videamus
2460 4203 2668 4272 qualem
2691 4201 2903 4272 quidem
2933 4215 3028 4270 pro
3056 4199 3161 4254 illis
3185 4197 3545 4253 defensionem

1967 4295 2188 4358 afferat,
2225 4294 2434 4363 qualem
2475 4307 2606 4348 vero
2656 4306 2754 4360 pro
2800 4291 2976 4359 seipso
3003 4330 3017 4354 ,
3050 4298 3107 4341 ut
3144 4302 3207 4342 ex
3248 4285 3555 4341 differentia.

1967 4385 2322 4455 praestantiam
2349 4395 2403 4438 et
2431 4384 2536 4436 vim
2579 4380 2904 4436 defensionis
2931 4379 3048 4448 ejus
3086 4378 3366 4446 intelligas.
3409 4376 3551 4443 Qua-

1969 4475 2074 4530 lem
2113 4475 2272 4544 igitur
2297 4471 2663 4527 defensionem
2701 4486 2798 4540 pro
2831 4469 2935 4523 illis
2971 4466 3170 4522 affert?
3201 4465 3323 4520 Non
3363 4465 3554 4536 legistis

1967 4569 2087 4638 quid
2115 4567 2286 4636 fecerit
2316 4564 2500 4630 David,
2534 4563 2737 4632 quando
2762 4561 2934 4616 esuriit
2957 4558 3080 4628 (Ib.
3107 4575 3154 4612 υ.
3182 4559 3216 4613 3
3236 4556 3300 4628 )?
3326 4555 3550 4622 Quando

1967 4659 2109 4713 enim
2134 4670 2317 4711 servos
2337 4654 2696 4709 defendendos
2723 4651 2962 4721 suscipit,
2985 4647 3221 4719 confugit
3239 4646 3306 4701 ad
3330 4659 3550 4701 conser-

1968 4763 2093 4802 vum
2122 4747 2332 4801 illorum
2364 4743 2614 4798 Davidem
2639 4758 2652 4795 :
2681 4741 2892 4811 quando
2931 4747 3109 4794 autem
3153 4736 3385 4806 seipsum
3411 4775 3427 4801 ,
3460 4749 3550 4790 ra-

1971 4840 2169 4893 tionem
2204 4837 2366 4891 refert
2401 4835 2468 4889 ad
2497 4835 2726 4888 Patrem.
2757 4831 2916 4886 Pater
2943 4846 3082 4885 meus
3110 4837 3366 4900 operatur,
3389 4837 3434 4880 et
3460 4842 3554 4897 ego.

1971 4944 2150 4999 aperor
2194 4926 2393 4997 (Joan.
2425 4926 2479 4981 5.
2507 4921 2636 4996 i7).
2666 4925 2836 5002 Quam
2877 4937 3040 4987 vere,
3081 4927 3285 4989 quaeret
3325 4917 3550 4972 fortasse

1972 5018 2231 5089 quispiam
2257 5057 2272 5080 ,
2302 5016 2663 5085 operationem
2689 5011 2860 5068 dicit?
2891 5010 3030 5064 Nam
3057 5011 3112 5064 in
3139 5026 3228 5064 sea:
3267 5008 3439 5062 diebus
3465 5022 3547 5059 re-

1971 5111 2152 5180 quievit
2195 5107 2334 5162 Deus
2381 5107 2441 5159 ab
2483 5105 2712 5159 omnibus
2749 5102 2980 5172 operibus
3021 5102 3126 5156 suis
3167 5095 3417 5171 (Genfe.
3449 5097 3483 5150 2
3504 5095 3546 5166 ).

1972 5199 2174 5267 Nempe
2209 5180 2566 5267 quotidianam
2604 5192 3008 5264 providentiam.
3044 5189 3161 5244 Non
3198 5189 3340 5243 enim
3374 5185 3549 5239 solum

1973 5289 2193 5361 protulit
2213 5295 2508 5342 creaturam
2533 5325 2550 5352 ,
2577 5299 2761 5339 verum
2786 5282 2950 5340 etiam
2986 5279 3243 5350 prolatam
3273 5283 3552 5341 tuetunet

1974 5379 2118 5436 fovet
2139 5395 2156 5433 :
2181 5379 2294 5434 sive
2314 5377 2532 5447 angelos
2553 5375 2770 5439 dixeris,
2799 5375 2912 5428 sive
2933 5369 3299 5439 archangelos,
3321 5367 3434 5422 sive
3453 5381 3547 5420 su-

1976 5470 2214 5541 periores
2243 5477 2552 5538 potestates,
2579 5465 2694 5521 sive
2721 5464 2897 5519 omnia
2922 5476 3159 5530 prorsus,
3185 5473 3304 5529 quae
3331 5458 3432 5513 sub
3457 5472 3547 5513 as-

1977 5573 2188 5633 pectum
2209 5560 2406 5615 cadunt
2424 5599 2440 5625 ,
2466 5568 2521 5615 ct
2547 5572 2665 5628 qua:
2691 5571 2796 5611 non
2821 5554 3055 5610 cadunt:
3087 5559 3275 5606 cuncta
3304 5548 3551 5607 fruuntur

1979 5652 2308 5726 providentia
2342 5651 2513 5718 illius,
2544 5657 2598 5706 et
2624 5649 2674 5706 si
2694 5648 3054 5734 destituanttir.
3067 5641 3269 5702 efﬁcaci
3283 5642 3430 5702 illius
3458 5656 3549 5698 ac-
