3826 6222
480 276 506 309 ἱ.

310 325 407 384 8H

454 360 471 453 ἱ
1021 332 1076 389 8.
1116 332 1390 392 JOAN‘NIS
1426 333 1895 395 CHRYSOSTOMI
1936 338 2263 397 AﬂCﬂIEP.
2296 338 2829 397 CONSTANTINOP.

3472 338 3575 393 8ῐῖ

312 443 490 511 tione‘,‘
510 443 777 514 dil‘l'luum,
801 444 1123 517 dilabuntur,
1146 460 1390 519 pereunt.
1422 449 1563 521 Ergo
1590 467 1709 507 cum
1736 452 1896 509 vellet
1995 451 2091 508 sed
2115 453 2305 507 animre
2325 453 2527 517 virtus;
2557 468 2660 505 non
2689 453 2888 521 pictura
2904 458 2959 505 et
2978 447 3148 516 fucus,
3173 462 3345 519 neque
3369 462 3576 511 annon,

310 534 558 591 Christus
584 538 865 594 ostendere
894 554 1045 594 suum
1077 556 1195 596 esse
1226 541 1507 611 providere
1530 584 1546 608 ,
1577 558 1682 598 non
1713 553 1890 598 autem

312 628 410 681 sibi
443 630 725 698 provideri,
770 632 1054 688 efficaciter
1091 649 1249 705 agere
1272 676 1289 702 ,
1333 650 1437 689 non
1476 645 1653 690 autem
1686 636 1809 706 agi,
1840 645 1895 691 et

311 717 531 773 alterius
571 719 906 775 efﬁcientiam
946 723 1127 777 subire
1151 764 1168 789 ,
1210 724 1282 779 ita
1326 723 1504 790 dixit,
1559 723 1717 778 Pater
1755 742 1893 778 meus

313 819 582 880 operatur,
624 823 671 866 et
716 830 806 885 ego
852 831 1052 884 operor,
1085 815 1342 886 :equalem
1388 831 1445 871 se
1489 815 1632 871 Patri
1669 814 1895 871 demou-

312 906 509 956 atrans.

382 994 435 1048 5.
464 993 590 1048 Cum
619 995 784 1065 probis
813 996 1035 1052 moribus
1062 1006 1195 1051 recta
1220 996 1365 1066 fides.
1393 1028 1462 1038 —
1485 997 1610 1053 IIaac
1639 1000 1896 1054 memoria

313 1092 490 1139 tenete
510 1127 524 1149 ,
554 1092 609 1138 et
633 1101 791 1155 quam
817 1086 1222 1157 diligentissime
1247 1086 1527 1153 custodite,
1555 1100 1610 1145 et
1632 1092 1900 1148 contexite

316 1176 703 1245 philosOphiam
750 1193 956 1232 morum
987 1195 1106 1233 cum
1149 1189 1295 1235 recto
1334 1179 1638 1251 dogmatum
1668 1180 1847 1237 habitu
1882 1201 1896 1239 :

314 1264 457 1332 quod
487 1275 539 1319 et
568 1281 737 1334 nuper
767 1264 1009 1321 hortatus
1047 1283 1163 1323 sum
1184 1311 1199 1335 ,
1226 1278 1281 1323 et
1317 1286 1457 1324 nunc
1496 1271 1696 1336 hortor,
1729 1288 1900 1343 neque

318 1354 479 1407 tinem
523 1352 767 1408 hortandi
804 1355 1014 1409 faciam.
1043 1356 1245 1411 Merum
1272 1369 1446 1414 autem
1486 1360 1899 1429 institutionem,

318 1446 374 1497 et
398 1443 781 1513 philosophiam
808 1443 937 1499 nihil
962 1462 1112 1515 aeque
1141 1447 1373 1512 adducit,
1401 1459 1557 1519 atque
1580 1448 1677 1505 hoc
1702 1451 1756 1506 in
1788 1452 1904 1509 loro

317 1548 459 1603 sa-pe
498 1537 718 1591 versari.
770 1535 900 1590 Nam
940 1538 1384 1608 quemadmodum
1425 1540 1673 1610 squalens
1714 1551 1850 1597 terra
1884 1584 1899 1610 ,

317 1624 360 1675 si
403 1624 665 1679 neminem
699 1624 890 1681 haheat
915 1642 944 1681 a
973 1642 1080 1697 quo
1114 1627 1385 1699 irrigetur,
1416 1632 1582 1699 spinis
1611 1641 1665 1687 et
1699 1632 1903 1689 tribulis

319 1722 519 1780 scatet;
548 1731 667 1783 qum
693 1724 868 1770 autem
894 1717 1113 1772 cultrice
1135 1734 1294 1773 manu
1327 1719 1535 1784 fruitur,
1562 1723 1824 1792 germinat
1850 1733 1904 1777 et

317 1803 473 1860 ﬂoret
496 1822 560 1859 ae
590 1808 848 1862 redundat
872 1823 1059 1876 magna
1090 1810 1355 1866 fructuum
1382 1814 1531 1882 copia
1557 1829 1571 1879 ;
1604 1814 1671 1867 ita
1698 1828 1827 1869 sane
1852 1822 1906 1869 et

318 1898 515 1965 anima,
549 1900 632 1953 illa
659 1900 897 1970 quidem,
924 1917 1041 1971 qua:
1067 1902 1257 1957 fruitur
1277 1904 1582 1975 irrigatione
1603 1905 1902 1960 divinorum

318 2007 664 2054 sermonum,
697 1993 957 2061 germinat
982 2002 1037 2047 et
1070 1994 1259 2057 ﬂoret,
1291 2005 1343 2049 et
1369 1994 1685 2050 circumﬂuit
1719 1997 1903 2051 fructi-

318 2083 418 2135 luts
448 2081 676 2151 Spiritus
708 2102 721 2136 :
750 2099 869 2152 qua:
904 2093 1079 2139 autem
1122 2086 1316 2140 inculta
1345 2097 1397 2141 et
1440 2087 1490 2140 in
1524 2087 1770 2155 squalore
1794 2129 1809 2152 ,
1842 2104 1905 2143 ac

319 2173 435 2225 sine
465 2172 723 2240 ejusmodi
752 2174 1055 2243 irrigatione
1081 2175 1382 2244 dimittitur,
1407 2194 1466 2232 ea
1507 2179 1619 2231 sola
1649 2179 1903 2249 relinqui-

320 2272 407 2312 tur
436 2269 491 2315 et
524 2261 792 2327 silvescit,
825 2271 877 2316 et
904 2265 1096 2319 multas
1123 2265 1320 2335 profert
1350 2266 1528 2335 spinas
1548 2307 1563 2333 ,
1593 2267 1758 2335 ipsam
1784 2283 1905 2336 pec-

319 2351 425 2404 cati
452 2361 715 2407 naturam.
745 2353 841 2408 Ubi
868 2362 1045 2409 autem
1072 2355 1239 2424 Spina)
1258 2398 1273 2421 ,
1298 2356 1368 2409 ibi
1398 2356 1687 2418 dracones,
1716 2366 1769 2410 et
1789 2373 1903 2411 ser-

321 2448 526 2509 pentes,
560 2450 614 2495 et
640 2442 854 2512 scorpii,
881 2452 935 2496 et
962 2444 1208 2497 universa
1250 2453 1482 2514 potestas
1509 2442 1724 2499 diaboli.
1754 2444 1904 2512 Quod

322 2530 367 2584 si
393 2531 474 2585 his
504 2532 675 2586 verbis
720 2548 824 2586 non
874 2534 1049 2588 credis
1073 2575 1088 2599 ,
1130 2549 1226 2603 age
1258 2534 1598 2589 conferamus
1628 2535 1903 2589 nobiscum

323 2632 439 2684 eos,
469 2621 555 2690 qui
581 2620 681 2676 hoc
706 2622 905 2677 auxilio
933 2632 1252 2689 caruerunt;
1282 2640 1343 2678 ac
1365 2634 1488 2679 tunc
1515 2624 1727 2679 demum
1755 2626 1906 2679 vide-

326 2710 451 2765 Litis
473 2752 487 2775 ,
530 2718 783 2781 quantum
813 2715 1104 2770 intercedat
1134 2717 1490 2770 intervallum.
1522 2715 1704 2771 Potius
1728 2726 1903 2771 autem

326 2799 424 2873 ipsi
448 2816 549 2859 nos
570 2804 711 2871 ipsos
731 2805 1115 2871 examinentus,
1133 2807 1317 2876 quales
1337 2807 1547 2878 quidem
1575 2808 1761 2874 simus,
1780 2808 1904 2862 dum

324 2889 504 2947 divina
530 2893 770 2948 doctrina
798 2892 1056 2960 fruimur,
1087 2896 1269 2966 quales
1296 2906 1473 2951 autem
1500 2938 1514 2960 ,
1543 2913 1661 2952 cum
1689 2896 1779 2950 ditt
1806 2897 1908 2952 hac

328 2983 598 3051 privamur
619 2983 861 3039 utilitate.
901 2983 976 3039 Ne
1011 2986 1169 3054 igitur
1207 2995 1409 3040 tantum
1451 2986 1583 3041 lucri
1619 2984 1907 3057 profunda-

328 3088 474 3129 mus.
489 3072 605 3129 Hoc
620 3074 764 3128 enim
786 3072 840 3127 in
858 3072 980 3126 loco
1007 3071 1341 3148 frequentem
1365 3078 1507 3138 es'sc,
1520 3071 1702 3125 omnia
1718 3069 1905 3125 conci-

326 3162 425 3217 liat
450 3163 613 3218 bona.
642 3161 781 3217 Hinc
794 3176 918 3215 cum
945 3159 1254 3225 discedunt,
1278 3168 1332 3215 et
1351 3160 1435 3214 vir
1459 3159 1674 3215 mulieri
1693 3159 1906 3216 videtur

328 3253 666 3319 honoratior,
695 3262 749 3308 et
783 3253 980 3307 mulier
1003 3254 1119 3307 viro
1155 3252 1457 3307 amabilibr.
1478 3248 1689 3307 Etenim
1716 3254 1906 3309 mulieo

329 3352 443 3399 rem
462 3356 569 3399 non
599 3341 947 3414 pulchritudo
964 3341 1210 3411 corporis
1226 3340 1380 3396 valde
1396 3339 1681 3397 amabilem
1705 3342 1904 3409 reddit,

344 3597 1481 3626 Wﬂw-

824 3616 921 3624 ...-
942 3616 1295 3626 _.....____.___.
1322 3619 1481 3625 ...μου

824 3616 921 3624 ...ο-
942 3616 1295 3626 --—~——————~
1322 3619 1786 3627 -Ἦ-σ--ῌ-ι,

1000 3616 1295 3626 ..κ-Ψ...

1998 559 2171 613 neque
2217 551 2391 598 vestes
2436 545 2681 613 pretiosa:
2708 557 2725 598 :
2754 541 2845 597 sed
2886 543 3232 610 temperantia
3261 549 3316 596 et
3343 540 3582 610 probitas

1999 641 2054 687 et
2082 633 2240 685 timor
2263 633 2467 686 stabilis
2490 636 2612 700 erga
2641 630 2827 686 Deum.
2861 631 2938 685 Ad
2966 631 3102 685 hanc
3133 645 3261 686 vero
3285 671 3299 694 ,
3335 642 3453 700 qum
3480 631 3581 683 sub

1999 724 2397 794 intelligentiam
2416 722 2561 779 cadit
2574 717 3445 792 pulchritudincmcomparandam
3476 736 3582 775 nn-

2000 828 2191 882 squam
2228 812 2354 866 alibi
2393 821 2636 866 accurata
2673 810 3066 865 exercitationis
3101 812 3235 865 ratio
3260 810 3580 873 adhibetur.

2003 914 2351 975 praeterquam
2383 903 2434 960 in
2462 901 2563 957 hoc
2589 901 2886 956 admirabili
2911 916 2974 956 ac
2999 900 3181 956 divino
3200 901 3339 965 loco,
3366 911 3582 970 aposto-

2004 996 2069 1049 lis
2093 1003 2148 1050 et
2168 993 2439 1065 prophetis
2462 993 2785 1062 tergentibus
2807 1035 2820 1057 ,
2839 992 3148 1047 ornantibus
3168 1035 3182 1058 ,
3206 992 3585 1046 abradentibus

2001 1092 2327 1141 senectutem
2355 1084 2574 1154 peccati,
2604 1082 2983 1139 adducentibus
3012 1084 3242 1153 vigorem
3267 1082 3583 1153 iuventutis,

2003 1193 2215 1233 omnem
2242 1193 2444 1247 rugam.
2471 1192 2682 1231 omnem
2709 1177 2989 1242 maculam,
3009 1186 3219 1230 omnem
3248 1191 3457 1229 movum
3489 1175 3586 1244 eji-

2002 1269 2263 1325 cientibtts
2284 1285 2349 1323 ex
2375 1270 2566 1324 animis
2587 1266 2801 1323 nostris.
2829 1265 2977 1323 [Iane
2997 1267 3171 1337 igitur,
3196 1273 3253 1323 et
3274 1268 3369 1321 viri
3391 1276 3445 1323 et
3470 1284 3585 1320 mu-

2007 1361 2196 1426 lieres,
2223 1361 2529 1415 studeamus
2556 1359 2709 1414 nobis
2738 1360 3048 1415 familiarem
3085 1358 3259 1414 facere
3285 1359 3585 1430 pulchritu-

2005 1452 2204 1517 dinem,
2223 1461 2279 1507 ut
2292 1450 2571 1508 nobiscum
2587 1447 2816 1505 habitet.
2828 1444 2962 1500 Nam
2974 1448 3217 1515 corporis
3227 1448 3588 1519 pulchritudi-

2006 1562 2129 1601 nem
2159 1555 2207 1599 et
2237 1544 2458 1599 morbus
2483 1540 2728 1597 tabefacit
2751 1582 2765 1606 ,
2799 1551 2853 1596 et
2886 1541 3138 1611 temporis
3163 1540 3436 1612 longitudo
3464 1555 3586 1594 cor-

2008 1635 2223 1703 rumpit,
2248 1642 2301 1688 et
2324 1642 2569 1689 senectus
2588 1632 2895 1701 exstinguit,
2914 1641 2967 1687 ct
2986 1646 3129 1686 mors
3153 1631 3402 1702 ingruens
3424 1641 3586 1686 tutam

2009 1726 2184 1782 medio
2218 1727 2371 1781 tollit.
2408 1724 2534 1780 Eam
2584 1740 2708 1780 vero
2735 1741 2855 1795 qua:
2886 1724 2936 1778 in
2967 1724 3137 1778 anima
3163 1733 3275 1790 est,
3312 1741 3416 1779 non
3455 1735 3588 1777 tem-

2010 1831 2124 1883 pus,
2159 1832 2261 1869 non
2292 1815 2528 1881 morbus,
2559 1829 2665 1869 non
2687 1825 2954 1880 senectus,
2983 1830 3088 1869 non
3112 1831 3272 1878 mors,
3307 1832 3415 1869 non
3446 1815 3587 1869 aliud

2015 1904 2316 1973 huiusmodi
2358 1902 2643 1974 quidquam
2682 1912 2854 1971 potest
2891 1903 3114 1972 perdere
3146 1923 3159 1959 :
3191 1903 3285 1958 sed
3330 1915 3588 1974 perpetuo

2008 1991 2180 2048 ﬂoret.
2194 1990 2256 2044 Et
2267 1990 2610 2062 pulchritudo
2623 1992 2841 2059 quidem
2853 1994 3247 2062 corporissaepe
3261 2002 3587 2062 specuttores

2008 2086 2073 2141 ad
2107 2084 2562 2155 intemperantiam
2592 2093 2861 2154 provocat.
2906 2085 2974 2138 At
3010 2099 3072 2138 ea
3092 2126 3107 2148 ,
3136 2099 3254 2154 qua:
3283 2084 3334 2138 in
3366 2085 3548 2137 animo
3567 2124 3582 2149 ,

2009 2177 2295 2247 ipsummet
2325 2176 2491 2231 Deum
2522 2176 2587 2229 ad
2618 2175 2695 2229 sui
2726 2190 2960 2230 amorem
2988 2174 3187 2240 allicit,
3230 2183 3389 2244 prout
3425 2176 3585 2229 etiam

2009 2268 2261 2338 propheta
2283 2266 2435 2331 dixit,
2460 2264 2748 2320 Ecclesiam
2768 2265 3060 2333 alloquens,
3077 2264 3229 2330 Audi,
3253 2265 3380 2331 ﬁlia,
3398 2265 3587 2331 ctride,

2008 2368 2053 2410 et
2077 2358 2266 2411 inclina
2293 2371 2464 2410 aurem
2502 2364 2639 2407 tuam
2672 2372 2690 2409 :
2719 2364 2764 2409 et
2803 2355 3087 2408 obliviscere
3129 2355 3370 2423 populum
3413 2364 3584 2419 tuum,

2007 2457 2053 2501 et
2087 2447 2289 2500 domum
2320 2446 2476 2510 patris
2503 2446 2614 2499 tui:
2641 2455 2686 2499 et
2717 2446 3031 2514 concupiscet
3062 2444 3174 2498 Rea:
3193 2445 3420 2498 decorent
3448 2455 3586 2496 ttmm

2009 2537 2027 2605 (
2054 2536 2193 2590 Psal.
2222 2537 2312 2592 44.
2336 2536 2357 2591 1
2377 2538 2422 2589 l.
2454 2537 2515 2588 12
2536 2537 2574 2605 ).
2606 2536 2786 2605 Igitur,
2809 2552 2841 2589 ο
2864 2536 3061 2598 dilecti,
3086 2545 3143 2589 ut
3162 2536 3447 2588 amicitiam
3469 2549 3586 2588 cum

2010 2627 2119 2683 Deo
2146 2628 2543 2694 cootrahamus,
2560 2624 2947 2696 bancquotidie
2962 2625 3420 2697 pulchritudinem
3431 2642 3586 2681 cure-

2009 2735 2130 2774 mus
2162 2726 2219 2774 et
2255 2719 2491 2772 colamus
2515 2759 2528 2783 ,
2558 2714 2950 2786 Scripturarum
2980 2715 3207 2770 lectione
3230 2731 3444 2770 omnem
3477 2730 3586 2767 ma-

2006 2811 2178 2865 culam
2221 2810 2620 2879 abstergentes,
2665 2808 2939 2879 precibus,
2979 2806 3363 2878 eleemosynis,
3409 2817 3586 2861 muttta

2007 2899 2287 2955 concordia
2309 2916 2323 2954 :
2347 2914 2402 2953 ut
2425 2914 2538 2962 rex,
2561 2909 2767 2953 amator
2789 2896 2956 2952 factus
2977 2905 3172 2950 nostra:
3191 2913 3309 2967 qua:
3329 2898 3383 2950 in
3406 2899 3583 2952 animo

2008 2988 2446 3058 pulchritudinis,
2458 2992 2819 3063 digneturnos
2827 2989 3085 3046 (scelerum
3100 2996 3267 3061 regno
3280 3005 3295 3042 :
3309 2986 3455 3057 quod
3489 2989 3590 3041 uti-

2008 3086 2129 3132 nam
2174 3091 2270 3131 nos
2305 3092 2492 3131 omnes
2530 3091 2922 3147 consequamur
2955 3077 3124 3146 gratia
3162 3085 3217 3130 et
3258 3076 3591 3130 humanitate

2009 3162 2217 3224 Domini
2246 3169 2411 3223 nostri
2435 3168 2560 3224 Jesn
2587 3168 2780 3224 Christi
2802 3212 2816 3231 ,
2845 3184 2965 3224 cum
2991 3184 3096 3239 quo
3123 3168 3267 3223 Patri
3296 3169 3487 3239 gloria,
3518 3168 3590 3221 si-

2008 3259 2221 3328 mulque
2245 3254 2462 3326 Spiritui
2503 3267 2708 3326 sancto,
2744 3274 2884 3313 nunc
2905 3267 2960 3313 et
2988 3266 3198 3328 semper
3226 3266 3281 3313 et
3318 3259 3369 3312 in
3397 3257 3594 3314 smcula

2006 3346 2341 3403 saeculorum.
2371 3349 2563 3402 Amen.

1796 3604 3599 3633 Μαι-’ἐξω

442 3756 524 3816 ιΝ
568 3755 869 3816 LIBRUM
910 3755 1131 3827 QUOD
1169 3754 1556 3816 CHRISTUS
1592 3756 1716 3817 Sl'l‘
1756 3756 1977 3828 DEUS,
2021 3755 2338 3816 CONTRA
2377 3753 2703 3817 Π]οΕοὲ
2743 3752 3011 3828 ATQUE
3049 3754 3470 3826 GENTILES.

389 3947 710 4019 Argumentt
739 3943 950 3998 ratione
982 3940 1138 4000 moti,
1175 3938 1319 3993 hunc
1353 3937 1548 3992 librum
1574 3947 1701 4008 post
1728 3936 1906 3993 homi-

317 4035 423 4094 llas
447 4046 633 4092 contra
661 4034 939 4088 Anomaros
973 4038 1028 4085 et
1065 4031 1140 4085 De
1165 4028 1606 4083 consubstantiali
1632 4028 1906 4097 ponimus.

317 4135 509 4206 Agitur
538 4132 683 4186 enim
741 4127 1029 4195 utrobique
1057 4126 1125 4180 de
1173 4125 1455 4179 divinitate
1485 4121 1714 4182 Christi,
1744 4132 1908 4191 quam

318 4222 571 4277 Anommi
603 4219 805 4288 aliique
835 4230 1028 4271 omnes
1086 4213 1277 4268 Ariani
1305 4213 1392 4268 vel
1438 4211 1748 4282 negabant;
1784 4224 1908 4265 cum

318 4315 565 4368 dicerent
588 4310 869 4365 Christum
901 4307 1067 4361 Deum
1101 4305 1320 4375 quidem
1344 4319 1491 4369 esse,
1517 4302 1610 4357 sed
1643 4316 1752 4356 non
1782 4312 1911 4355 vere

318 4399 535 4469 Deum;
589 4400 671 4456 vel
728 4415 823 4454 ore
857 4408 1066 4453 tantum
1102 4405 1262 4451 tenus
1312 4394 1733 4456 conﬁtebantur,
1781 4405 1909 4447 cum

318 4490 473 4547 illum
505 4489 827 4560 simpliciter
855 4486 1027 4542 Deum
1050 4486 1359 4541 vocabant:
1392 4483 1566 4539 Judaei
1596 4497 1726 4538 vero
1749 4492 1914 4553 atque

320 4586 549 4653 gentiles
611 4584 821 4652 absque
898 4580 1010 4635 ullo
1071 4584 1503 4646 temperamento
1568 4574 1910 4645 rejieiebant.

236 4718 239 4721 -
322 4674 627 4730 Commode
658 4674 825 4744 igitur
854 4673 972 4727 htee
1010 4685 1196 4740 opera,
1224 4684 1347 4738 qua:
1372 4677 1429 4721 ttt
1460 4666 1575 4722 fors
1604 4666 1728 4721 tulit
1755 4678 1915 4734 sepa-

320 4773 444 4820 rata
474 4763 710 4826 fuerant,
742 4768 877 4817 una
941 4761 1084 4817 set-ie
1140 4759 1362 4830 legenda
1424 4756 1751 4811 offerimus:
1814 4768 1915 4815 nec

316 4858 506 4911 minus
536 4861 844 4925 Opportune
875 4853 1023 4908 hune
1055 4850 1258 4906 librum
1284 4858 1411 4905 ante
1439 4848 1696 4903 homilias
1728 4857 1915 4899 contra

317 4947 538 5004 Judteos
573 4948 841 5009 locamus,
876 4943 1097 5013 quando
1126 4942 1243 5012 ipse
1273 4940 1701 5010 Chrysostosuus
1731 4939 1785 4993 in
1810 4940 1915 4993 hoc

320 5052 487 5108 opere
521 5042 710 5090 contra
746 5031 964 5087 .I'udatos
991 5047 1050 5085 se
1088 5029 1541 5084 concinnaturmn
1593 5027 1915 5099 propediem

317 5144 442 5184 esse
470 5126 800 5193 pollicetur:
838 5123 929 5179 ubi
958 5136 1052 5177 eas
1092 5122 1241 5191 ipsas
1281 5133 1404 5190 quin
1455 5128 1582 5189 post
1635 5120 1784 5173 hunc
1847 5119 1916 5171 li-

316 5222 478 5276 brum
517 5224 821 5289 sequuntur
861 5213 1119 5269 homillas
1146 5214 1329 5282 ipsum
1359 5224 1794 5267 commemorare
1822 5226 1912 5266 ve-

316 5306 550 5366 risimile
578 5316 683 5373 est,
715 5315 776 5362 ut
821 5318 951 5361 mox
981 5305 1214 5359 dicetur.
1262 5302 1388 5370 Quo
1426 5309 1608 5357 autem
1668 5309 1912 5370 tempore

319 5414 499 5469 quave
527 5397 819 5454 occasione
860 5396 1008 5449 hunc
1036 5393 1271 5448 ediderit
1326 5393 1549 5457 librum,
1581 5390 1911 5460 coniecturis

321 5504 436 5543 non
466 5489 679 5543 levibus
712 5500 888 5556 neque
917 5484 1097 5540 dubiis
1119 5484 1388 5551 exuiseari
1438 5496 1752 5551 possumus.
1792 5479 1914 5534 Pri-

325 5591 421 5630 mo
449 5577 669 5645 quidem
728 5575 974 5630 nondum
1029 5574 1345 5644 episcopum
1390 5568 1581 5635 fuisse,
1636 5584 1739 5624 nec
1768 5570 1914 5624 Con-

322 5664 680 5734 stantinopoli
716 5673 849 5720 tunc
899 5663 1115 5731 ("legisse
1153 5660 1625 5729 ‘Cttrysostomum
1683 5660 1914 5715 suadere

329 5755 581 5811 videntur
622 5755 740 5812 htec
769 5755 933 5809 verba
960 5769 974 5807 :
1008 5753 1119 5807 Καὶ
1147 5753 1205 5807 ἐν
1236 5754 1302 5823 τῇ
1341 5751 1912 5807 Κωνσταντινουπόλει

2005 3934 2063 3989 δὲ
2096 3936 2216 3990 οὐδὲ
2248 3935 2384 4007 πρὸς
2406 3936 2533 4002 τοὺς
2563 3935 2893 4002 ἀποστόλους
2921 3937 3112 4008 ἐγγὺς.
3139 3939 3279 3994 ἀλλὰ
3309 3944 3442 4014 παρ’
3464 3945 3605 3999 αὐτα

2006 4027 2077 4081 τὰ
2102 4026 2353 4098 πρόθυρα
2374 4026 2481 4094 ἔξω
2501 4028 2785 4099 ἀγαπητὸν
2807 4025 2947 4084 εἶναι
2975 4030 3235 4101 ἐνόμισαν
3252 4034 3302 4086 οἱ
3324 4035 3395 4087 τὰ
3419 4035 3603 4108 διαδή-

2013 4135 2160 4187 ματα
2192 4117 2568 4189 περικείμενοι
2597 4118 2668 4172 τὰ
2692 4119 2923 4190 σώματα
2944 4121 3122 4176 αὐτῶν
3154 4125 3602 4195 κατυρύττεσθαι,

2010 4207 2105 4261 καὶ
2134 4208 2390 4277 γεγόνασι
2422 4207 2660 4280 θυρωροὶ
2684 4209 2869 4264 λοιπὸν
2890 4211 3004 4264 τῶν
3035 4203 3232 4268 ἀλιέων
3258 4217 3313 4267 οἱ
3339 4215 3602 4285 βασιλεῖς*

2010 4301 2106 4353 καὶ
2128 4300 2186 4353 ἐν
2212 4301 2279 4371 τῇ
2316 4298 2541 4371 τελευτῇ
2580 4301 2682 4354 οὐκ
2719 4302 3085 4373 αἰσχύνονται,
3115 4304 3251 4359 ἀλλὰ
3280 4308 3376 4360 καὶ
3403 4308 3605 4376 sua.

2010 4390 2361 4455 λωπὶζονται.
2390 4391 2452 4445 οὐ
2471 4393 2631 4461 μόνον
2661 4393 2835 4457 αὐτοὶ,
2857 4393 2993 4448 ἀλλὰ
3024 4397 3119 4448 καὶ
3140 4397 3190 4448 οἱ
3219 4395 3435 4466 ἔκγονοι
3461 4399 3608 4452 ἐκει-

2016 4497 2138 4535 νων.
2175 4481 2214 4533 Ι.
2244 4494 2296 4534 e.
2335 4480 2799 4550 Constantinopoli
2832 4499 2952 4537 vero
2981 4499 3085 4538 non
3122 4499 3282 4554 prope
3308 4488 3603 4556 apostolus,

2013 4574 2104 4627 sed
2129 4573 2259 4642 foris
2294 4573 2363 4626 ad
2394 4574 2510 4642 ipsa
2537 4574 2724 4629 limina
2758 4586 3064 4645 optaverunt
3098 4579 3141 4631 ii
3181 4580 3272 4649 qui
3301 4580 3609 4637 diademate

2018 4665 2457 4730 redimiebontur,
2489 4682 2710 4736 corpora
2737 4685 2835 4723 sua
2869 4670 3101 4737 sepeliri,
3141 4681 3298 4741 atque
3315 4674 3392 4725 ita
3431 4675 3604 4743 impe-

2017 4764 2219 4809 ratores
2242 4756 2569 4823 piscatorum
2598 4759 2809 4812 ostiarii
2852 4760 2982 4830 facti
3028 4770 3192 4816 sunt:
3237 4764 3312 4816 sic
3362 4766 3415 4819 in
3455 4765 3607 4820 obitu

2022 4845 2120 4901 ltoc
2153 4863 2257 4900 non
2282 4846 2549 4914 dedecori,
2590 4850 2681 4902 sed
2716 4850 2904 4904 honori
2953 4852 3059 4906 sibi
3113 4866 3224 4907 esse
3253 4864 3445 4924 putant
3497 4872 3604 4910 non

2017 4937 2189 4991 solum
2218 4938 2341 5007 ipsi,
2372 4939 2463 4993 sed
2492 4942 2656 4994 etiam
2678 4957 2860 4994 eorum
2886 4952 3117 5011 nepotes.
3146 4943 3275 5000 Hac
3292 4947 3381 4999 vix
3410 4955 3607 5015 puten-

2022 5036 2111 5082 tur
2171 5045 2295 5084 esse
2354 5029 2821 5101 Constantinopoli
2868 5037 3303 5093 commorantis:
3361 5048 3417 5091 et
3469 5053 3605 5092 sane

2020 5121 2138 5190 pari
2188 5122 2352 5176 modo
2384 5122 2453 5176 de
2504 5123 2985 5195 ConstantinOpoli
3044 5127 3304 5196 loquitur,
3359 5143 3474 5196 quo
3534 5128 3603 5182 de

2022 5211 2164 5266 urbe
2187 5208 2359 5265 Roma
2424 5213 2590 5282 paulo
2643 5224 2771 5268 ante
2797 5216 2968 5271 verba
3020 5215 3241 5274 fecerat.
3300 5217 3603 5273 Antiochia:

2018 5300 2187 5371 igitur
2216 5299 2277 5355 S.
2315 5302 2594 5358 doctorem
2632 5304 2775 5361 hanc
2804 5306 3115 5377 suscepisse
3135 5321 3357 5378 operam
3387 5318 3596 5362 certum

2017 5393 2248 5448 videtur.
2282 5392 2421 5450 Huic
2452 5410 2561 5449 non
2610 5395 2925 5451 inferiorem
2957 5398 3217 5467 temporis
3251 5405 3437 5452 notam
3469 5414 3599 5468 sup-

2016 5484 2224 5551 peditat
2250 5485 2679 5556 Cbrysostomus
2707 5487 2871 5556 paulo
2900 5497 3028 5543 ante
3054 5489 3217 5543 linem
3251 5490 3457 5558 operis,
3504 5489 3595 5543 ubi

2017 5583 2308 5644 postquam
2329 5592 2397 5631 ex
2417 5574 2624 5631 Veteris
2641 5574 2978 5633 Testamcnti
3007 5578 3142 5634 locis
3161 5579 3392 5650 carptim
3416 5580 3595 5633 allatis

2017 5665 2292 5732 probavit,
2326 5667 2381 5719 in
2413 5667 2648 5722 adventu
2679 5667 2883 5723 Christi
2911 5668 3283 5740 abmganduut
3322 5683 3448 5725 esse
3478 5668 3595 5724 cul-

2016 5760 2132 5808 tum
2161 5752 2471 5825 Iudaicum,
2496 5756 2612 5811 haec
2647 5756 2834 5827 adjicit
2863 5773 2880 5812 :
2914 5758 3075 5813 Ἀλλὰ
3100 5759 3274 5815 ταῦτα
3298 5758 3401 5830 μὲν
3430 5758 3595 5830 ἡνίκα
