3866 6226
149 303 259 359 8Η

141 418 363 487 οἴχεται
388 415 480 468 καὶ
507 415 720 488 διοιρῤεῖ
754 418 847 470 καὶ
877 418 1028 491 [556]
1057 419 1376 474 ἀπόλλυται.
1405 421 1734 490 Βουλόμενος

141 500 340 550 τοίνυν
378 497 544 561 δεῖξαι
585 499 612 549 ὁ
653 501 906 570 Χριστὸς,
942 503 1023 555 ὅτι
1052 503 1161 556 τῶν
1191 503 1560 573 προνοούντων
1596 505 1730 566 ἐστὶ,

142 584 250 634 καὶ
278 582 398 651 ούχὶ
444 581 551 632 τῶν
581 585 1012 653 προνοουμένων,
1051 585 1158 637 τῶν
1193 587 1580 656 ἐνεργούντων,
1614 587 1735 656 οὐχὶ

138 663 263 714 τῶν
289 664 716 733 ἐνεργουμένων,
745 661 916 728 εἶπεν,
957 667 1019 720 Ὀ
1046 667 1244 735 Πατήρ
1265 687 1385 736 μου
1415 668 1730 737 ἐργάζεται,

142 742 323 813 κάγὼ
349 745 682 815 ἐργάζομαι·
721 748 782 800 τὸ
835 750 970 821 πρὸς
1017 752 1106 803 τὸν
1159 752 1378 823 Πατέρα
1434 753 1733 806 ἰσοστάσιον

139 826 416 891 ἐπιδεῖξαι
446 827 784 898 βουλόμενος.

225 1085 286 1130 ε’.
325 1080 510 1134 Ταῦτα
540 1082 595 1136 δέ
639 1084 936 1155 μέμνησθε,
967 1086 1059 1138 καὶ
1086 1086 1380 1156 φυλάττετε
1413 1087 1549 1158 μετά
1574 1088 1732 1158 ἀκρι-

143 1161 308 1224 ϐείας
340 1163 579 1235 ἀπάσης.
614 1169 707 1219 καὶ
743 1169 841 1238 τὴν
865 1169 970 1222 ἀπὸ
991 1171 1088 1239 τῆς
1117 1170 1390 1232 πολιτείας
1418 1169 1732 1238 φιλοσοφίαν

138 1248 214 1314 τῇ
241 1246 351 1297 τῶν
375 1247 659 1317 δογμάτων
687 1251 935 1322 ᾀρθότητι
966 1253 1336 1320 συνυφαίνετε’
1370 1253 1398 1306 ὃ
1424 1253 1515 1306 καὶ
1544 1254 1732 1324 πρῴην

140 1330 527 1397 παρεκάλεσα,
567 1333 658 1385 καὶ
685 1333 778 1387 νῦν
811 1335 1132 1406 παρακαλῶ,
1174 1337 1267 1389 καὶ
1309 1336 1640 1406 παρακαλῶν
1669 1339 1730 1389 οὐ

140 1412 464 1483 παύσομαιο
494 1416 764 1469 πολιτείαν
792 1418 848 1470 δέ
878 1420 970 1471 καὶ
1009 1419 1321 1488 φιλοσοφίαν
1353 1421 1502 1473 οὐδὲν
1537 1420 1729 1486 οὕτως,

137 1494 279 1566 ὡςή
311 1497 541 1551 ἐνταῦθα
565 1502 708 1552 ποιεῖ
724 1501 992 1574 διατριϐή.
1012 1502 1278 1575 Καθάπερ
1307 1505 1414 1574 γὰρ
1442 1505 1474 1574 ή
1504 1521 1732 1576 χερσου⁶

142 1578 294 1648 μένη
328 1581 420 1648 γῆ,
459 1582 659 1651 μηδένα
689 1583 779 1636 τὸν
811 1584 1105 1655 ἀρδεύοντα
1131 1587 1348 1656 ἔχουσα,
1372 1587 1531 1656 γέμει
1559 1589 1729 1640 ἀκαν-

139 1659 261 1711 θῶν
287 1664 378 1714 καὶ
405 1664 688 1732 τριϐόλων,
717 1668 749 1736 ἡ
791 1667 847 1719 δὲ
879 1669 1200 1738 γεωργικῶν
1244 1669 1592 1722 ἀπολαύουσα
1620 1687 1732 1738 χει-

138 1743 264 1812 ρῶν
299 1745 494 1816 τέθηλε
544 1749 637 1800 καὶ
682 1751 826 1820 κομᾷ
862 1753 955 1804 καὶ
988 1752 1121 1806 πολὺ
1163 1753 1344 1822 βρύει·
1378 1753 1454 1823 τῷ
1495 1753 1690 1824 καρπῷ
1715 1769 1730 1785 ο

135 1826 295 1879 οὕτω
327 1827 390 1898 δή
441 1828 536 1882 καὶ
579 1831 611 1900 ή
654 1830 821 1903 ψυχὴ,
851 1836 884 1904 ή
933 1834 1032 1903 μὲν
1061 1835 1161 1904 τῆς
1189 1835 1410 1905 ἀρδείας
1437 1835 1544 1888 τῶν
1577 1835 1734 1888 θείων

136 1909 502 1964 ἀπολαύουσα
529 1912 744 1979 λογίων,
771 1915 964 1985 τέθηλε
1001 1918 1094 1969 καὶ
1119 1919 1265 1988 κομᾷ
1295 1919 1389 1970 καὶ
1415 1918 1548 1971 πολὺ
1583 1917 1734 1989 βρύει

135 1992 229 2062 τῷ
262 1993 458 2063 καρπῷ
487 1994 580 2046 τοῦ
622 1997 935 2068 Πνεύματος
956 2017 970 2029 ·
1001 2001 1032 2068 ή
1061 2000 1116 2052 δὲ
1143 2001 1199 2051 ἐν
1226 2000 1424 2071 αὐχμῷ
1469 2003 1562 2054 καὶ
1595 2003 1734 2070 ἀμε-

136 2074 272 2145 λείᾳ
315 2078 411 2129 καὶ
461 2078 651 2131 σπάνει
695 2083 794 2150 τῆς
836 2080 1093 2152 τοιαύτης
1135 2082 1353 2152 ἀρδείας
1412 2084 1734 2138 καθεστῶσα

138 2159 454 2227 ἐρημοῦται
479 2163 570 2214 καὶ
596 2162 851 2232 ὑλομανεῖ
879 2164 972 2217 καὶ
999 2165 1242 2227 ἀκάνθας
1267 2166 1489 2236 ἐκφέρει
1512 2167 1731 2230 πολλὰς,

136 2241 251 2309 τῆς
282 2243 554 2313 ἁμαρτίας
576 2246 672 2316 τὴν
701 2245 882 2313 φύσιν,
915 2246 1084 2300 Ἔνθα
1107 2247 1163 2300 δέ
1189 2246 1443 2310 ἄκανθαι,
1471 2251 1588 2302 ἐκεῖ
1608 2251 1736 2321 δρά-

139 2340 342 2388 κοντες
362 2327 452 2378 καὶ
477 2327 626 2395 δφεις
649 2329 741 2380 καὶ
764 2329 1012 2400 σκορπίοι
1043 2330 1137 2382 καὶ
1161 2332 1310 2386 πᾶσα
1336 2333 1368 2399 ἠ
1392 2330 1619 2402 δύναμις
1641 2331 1734 2386 τοῦ

138 2405 421 2462 διαϐόλου.
459 2410 570 2462 Καὶ
607 2413 654 2462 εἰ
685 2411 932 2473 ἀπιστεῖς
962 2411 1040 2482 τῷ
1067 2412 1229 2482 λόγῳ,
1263 2413 1416 2486 φέρε,
1443 2417 1568 2478 τοὺς
1597 2416 1736 2468 ἀπο-

137 2488 470 2557 λειφθέντας
502 2493 596 2545 καὶ
618 2494 764 2564 ἡμᾶς
789 2494 1218 2566 παραϐάλωμεν,
1254 2498 1348 2550 καὶ
1387 2497 1583 2566 ὄψεσθε
1616 2499 1734 2551 τότε

142 2573 294 2625 πολὺ
329 2573 389 2626 τὸ
410 2576 573 2644 μέσον
593 2593 605 2604 ·
641 2575 839 2645 μᾶλλον
879 2577 936 2628 δέ
960 2579 1120 2648 ἡμεῖς
1144 2580 1290 2649 ἡμᾶς
1322 2581 1518 2644 αὐτοὺς
1547 2581 1734 2644 ἐξετά-

140 2671 360 2724 σωμεν,
388 2655 530 2718 τίνες
558 2658 655 2726 μέν
685 2661 857 2726 ἐσμεν
893 2658 1045 2724 θείας
1090 2661 1453 2726 ἀπολαύοντες
1480 2665 1735 2720 διδασκα-

139 2735 294 2799 λίας,
322 2737 463 2800 τίνες
484 2737 539 2790 δέ
572 2740 664 2790 ἐπὶ
689 2739 870 2792 πλεῖον
896 2739 1101 2811 ταύτης
1131 2743 1601 2815 ἀποστερούμενοι
1634 2746 1737 2816 τῆς

140 2817 421 2886 ὠφελείας
453 2821 813 2891 τυγχάνομεν.
854 2825 944 2895 Μὴ
994 2826 1176 2880 τοίνυν
1218 2827 1504 2898 προδῶμεν
1546 2829 1736 2899 κέρδος

139 2902 426 2955 τοσοῦτον.
470 2904 533 2956 Ἥ
579 2906 684 2977 γὰρ
731 2908 963 2960 ἐνταῦθα
997 2908 1246 2980 διατριϐὴ
1281 2911 1498 2964 πάντων
1542 2910 1738 2964 ὑπόθε-

145 2984 240 3045 σίς
281 2987 395 3037 ἐστι
427 2983 536 3038 τῶν
568 2989 816 3055 ἀγαθῶν’
857 2991 1108 3045 ἐντεῦθεν
1143 2992 1440 3066 ἀναχωρῶν
1469 2995 1565 3046 καὶ
1597 2992 1735 3064 ἀνὴρ

142 3068 380 3134 γυναικὶ
409 3072 652 3135 φανεῖται
694 3071 1038 3144 τιμιώτερος,
1073 3075 1166 3128 καὶ
1197 3077 1333 3147 γυνὴ
1367 3077 1523 3146 ἀνδρὶ
1555 3077 1737 3130 ποθει-

151 3147 371 3218 νοτέρα.
419 3151 652 3206 Γυναῖκα
680 3154 790 3224 γὰρ
823 3156 1124 3225 ἐπέραστον
1157 3159 1257 3211 οὐκ
1284 3159 1556 3230 εὐμορφία
1591 3160 1737 3212 ποιεῖ

216 3439 248 3472 "-
274 3438 401 3503 Reg.
425 3443 507 3489 καὶ
527 3444 688 3505 πολλῷ
715 3442 860 3505 βρύει,
891 3450 943 3490 et
963 3442 1084 3490 infra
1117 3441 1367 3492 similiter.

197 3596 436 3610 *μιν

194 3611 288 3630 μ.-

909 305 997 362 DE
1035 305 1314 362 CHRISTI
1357 303 1773 367 DlVl’NITATE,
1815 303 2092 361 CONTRA
2135 300 2518 360 ANOMCEOS.
2549 299 2665 356 XII.

3307 253 3414 350 διε

1846 417 2118 489 σώματος,
2153 420 2288 474 ἀλλά
2311 419 2488 489 ψυχῆς
2517 414 2708 487 ἀρετὴ,
2740 412 2838 466 οὐκ
2864 409 3238 482 ἐπιτρίμματα
3273 411 3367 463 καὶ
3387 412 3414 450 δ

1841 502 2175 573 ὑπογραφαὶ,
2208 503 2328 555 οὐδὲ
2360 499 2581 571 χρυσίον
2615 497 2709 550 καὶ
2741 495 2928 566 ἱμάτια
2961 492 3249 562 πολυτελῆ,
3279 491 3416 544 ἀλλά

1844 583 2163 655 σωφροσύνη
2204 584 2296 636 καὶ
2323 582 2594 635 ἐπιείκεια
2617 581 2711 632 καὶ
2735 580 2894 648 φόϐος
2919 575 3254 647 ἐρειδόμενος
3278 574 3416 643 πρὸς

1840 663 1994 718 Θεόν.
2034 665 2142 718 Καὶ
2181 665 2241 718 τὸ
2277 665 2466 734 νοητὸν
2500 663 2694 726 κάλλος
2720 662 2820 714 οὐκ
2845 660 2993 712 ἔστιν
3018 657 3248 726 ἀλλαχοῦ
3277 656 3415 726 πρὸς

1843 746 2130 817 ἀκρίϐειαν
2164 747 2491 818 ἀσκἠθῆναι,
2537 746 2651 799 ἀλλ’
2701 745 2734 816 ἢ
2783 747 2839 796 ὲν
2868 742 2945 814 τῷ
2989 738 3285 812 θαυμαστῷ
3319 738 3417 791 καὶ

1840 827 1969 898 θείῳ
1997 830 2168 901 τούτῳ
2197 831 2398 901 χωρίῳ,
2433 829 2543 882 τῶν
2587 827 2920 890 ἀποστόλων,
2960 824 3066 876 τῶν
3117 821 3416 894 προφητῶν

1841 913 2307 982 ἀποσμηχόντων,
2377 911 2852 976 καλλωπιζόντων,
2909 906 3252 972 ἀποξυόντων
3314 903 3416 972 τῆς

1839 996 2111 1065 ἁμαρτίας
2161 997 2221 1049 τὸ
2262 997 2460 1067 γῆρας,
2512 995 2827 1062 ἐπαγόντων
2871 991 2972 1060 τῆς
3017 989 3268 1058 νεότητος
3316 986 3419 1056 τὴν

1839 1078 2041 1148 ἀκμὴν,
2102 1081 2282 1132 πᾶσαν
2334 1079 2544 1149 κηλῖδα,
2604 1078 2782 1130 πᾶσαν
2835 1073 3042 1146 ῥυτίδα,
3077 1073 3184 1124 πᾶν
3228 1069 3413 1122 σπῖλον

1839 1161 2206 1214 ἐκῦαλλόντων
2239 1162 2336 1231 τῆς
2364 1161 2542 1231 ψυχῆς
2575 1160 2673 1228 τῆς
2707 1155 3000 1228 ἡμετέρας.
3037 1151 3210 1206 Τοῦτο
3233 1152 3412 1204 τοίνυν

1838 1246 1929 1296 καὶ
1951 1246 2138 1316 ἄνδρες
2165 1245 2258 1298 καὶ
2282 1248 2538 1313 γυναῖκες
2569 1243 2957 1311 σπουδάσωμεν
2987 1240 3195 1300 ἐαυτοίς
3217 1237 3411 1304 ἐγκατ-

1838 1328 2038 1380 οικίσαι
2079 1328 2139 1380 τὸ
2167 1327 2379 1390 κάλλος.
2421 1327 2493 1379 Τὸ
2539 1327 2634 1395 μὲν
2660 1324 2765 1394 γὰρ
2797 1321 2889 1375 τοῦ
2922 1321 3173 1392 σώματος
3205 1319 3299 1372 καὶ
3326 1318 3410 1370 νό-

1839 1429 1930 1475 σος
1966 1411 2231 1482 ἐμάρανε,
2273 1412 2366 1464 καὶ
2394 1409 2598 1479 πλῆθος
2627 1409 2820 1479 χρόνου
2854 1405 3147 1476 διέφθειρε,
3184 1403 3280 1456 καὶ
3310 1401 3414 1470 γῆ-

1841 1512 1939 1564 ρας
1959 1495 2172 1560 ἔσϐεσε,
2205 1495 2301 1549 καὶ
2324 1495 2553 1556 θάνατος
2583 1489 2824 1544 ἐπελθὼν
2847 1489 3055 1543 ἀνεῖλεν
3076 1488 3224 1542 ἅπαν
3240 1503 3253 1515 ⁸
3278 1484 3339 1538 τὸ
3357 1483 3415 1536 δὲ

1836 1578 1936 1648 τῆς
1956 1578 2133 1648 ψυχῆς
2157 1579 2216 1630 οὐ
2241 1577 2450 1649 χρόνος,
2477 1576 2539 1629 οὐ
2559 1575 2734 1638 νόσος,
2761 1574 2820 1626 οὐ
2849 1574 3047 1642 γῆρας,
3081 1571 3141 1623 οὐ
3164 1569 3414 1630 θάνατος,

1837 1661 1937 1714 οὐκ
1969 1660 2097 1715 ἄλλο
2136 1661 2288 1713 οὐδὲν
2332 1659 2443 1712 τῶν
2483 1657 2742 1711 τοιούτων
2789 1653 3133 1726 λυμήνασθαι
3167 1651 3411 1710 δύναται,

1834 1743 1971 1796 ἀλλά
1999 1743 2150 1814 μένει
2173 1743 2438 1814 διηνεκῶς
2460 1741 2675 1796 ἀνθοῦν.
2701 1741 2811 1794 Καὶ
2833 1739 2894 1792 τὸ
2920 1739 3018 1808 μὲν
3041 1737 3135 1790 τοῦ
3162 1734 3414 1805 σώματος

1834 1829 1960 1889 τοὺς
1993 1827 2235 1896 δρῶντας
2258 1828 2337 1889 είς
2368 1826 2664 1880 ἀκολασίαν
2695 1823 3005 1877 ἐκκαλεῖται
3033 1819 3312 1880 πολλάκις,
3351 1815 3415 1868 τὸ

1833 1907 1889 1960 δέ
1920 1907 2019 1977 τῆς
2054 1908 2233 1979 ψυχῆς
2273 1907 2465 1970 κάλλος
2495 1910 2658 1960 αὐτὸν
2689 1907 2778 1959 τὸν
2803 1903 2932 1957 Θεὸν
2957 1903 3089 1974 πρὸς
3114 1901 3204 1954 τὸν
3237 1899 3415 1970 ἔρωτα

1835 1993 2131 2044 ἐπισπᾶται
2154 1991 2242 2044 τὸν
2259 1993 2485 2044 οἰκεῖον·
2511 1989 2761 2060 καθάπερ
2787 1987 2880 2040 καὶ
2901 1988 2928 2038 ὁ
2949 1984 3238 2056 Προφήτης
3258 1979 3412 2048 φησὶ,

1836 2074 1972 2143 πρὸς
2002 2074 2098 2144 τὴν
2141 2074 2465 2133 Ἐκκλησίαν
2501 2071 2876 2141 διαλεγόμενος
2897 2085 2912 2100 ·
2953 2070 3276 2124 Ἄκουσον.
3309 2064 3415 2118 θύ-

1835 2171 2029 2222 γατερ,
2064 2156 2163 2208 καὶ
2200 2157 2308 2219 ἴδε,
2340 2155 2435 2208 καὶ
2467 2153 2621 2226 [55η
2652 2153 2864 2206 κλῖνον
2889 2151 2956 2203 τὸ
2997 2144 3106 2214 οὖς
3145 2162 3281 2210 σου,
3313 2145 3414 2197 καί

1834 2239 2120 2292 ἐπιλάθου
2150 2237 2256 2290 τοῦ
2276 2236 2430 2291 λαοῦ
2455 2253 2592 2300 σου,
2623 2236 2718 2289 καὶ
2745 2234 2850 2288 τοῦ
2874 2233 3044 2287 οἶκου
3063 2230 3167 2285 τοῦ
3191 2229 3415 2295 πατρός

1834 2338 1972 2387 σου,
2022 2320 2120 2374 καὶ
2166 2320 2523 2388 ἐπιθυμήσει
2575 2321 2608 2372 ὀ
2641 2315 2943 2382 ,ϐασιλεὺς
2990 2313 3098 2367 τοῦ
3148 2310 3418 2374 κάλλους

1834 2421 1974 2458 σου.
2002 2405 2124 2458 Ἵνα
2165 2399 2278 2466 οὗν,
2327 2403 2620 2471 ἀγαπητοὶ,
2663 2398 2951 2469 γενώμεθα
2981 2397 3122 2467 φίλοι
3163 2395 3242 2466 τῷ
3274 2393 3415 2464 Θεῷ,

1832 2486 1991 2539 τοῦτο
2019 2487 2141 2540 καθ’
2171 2485 2407 2555 ἑκάστην
2430 2486 2642 2555 ἡμέραν
2677 2481 2994 2552 ἐξασκῶμεν
3016 2481 3076 2532 τὸ
3103 2479 3323 2540 κάλλος,
3348 2479 3415 2546 τῇ

1833 2570 1942 2624 τῶν
1972 2569 2204 2640 Γραφῶν
2227 2568 2530 2638 ἀναγνώσει
2551 2569 2732 2620 πᾶσαν
2754 2567 2946 2637 κηλῖδα
2977 2563 3414 2632 ἀποσμήχοντες,

1834 2656 1954 2716 ταῖς
1984 2654 2193 2723 εὐχαῖς,
2228 2654 2348 2715 ταῖς
2392 2650 2804 2722 ἐλεημοσύναις,
2857 2651 2920 2721 τῇ
2971 2647 3102 2719 πρὸς
3152 2644 3417 2714 ἀλλήλους

1835 2735 2057 2806 ὁμονοίᾳ
2075 2752 2087 2764 ·
2126 2735 2214 2788 ἵνα
2247 2735 2274 2786 ὁ
2306 2734 2560 2804 βασιλεὺς
2582 2733 2836 2804 ἐρασθεὶς
2855 2731 3010 2802 ἡμῶν
3035 2731 3131 2801 τῆς
3153 2727 3296 2781 κατά
3320 2725 3418 2795 τὴν

1843 2818 2018 2888 ψυχὴν
2059 2818 2385 2888 εὐμορφίας,
2413 2817 2512 2888 τῆς
2543 2816 2821 2887 βασιλείας
2857 2815 2965 2867 τῶν
2988 2813 3232 2884 οὐρανῶν
3267 2812 3418 2881 ήμᾶς

1842 2899 2177 2972 καταξιώστγ
2198 2897 2266 2971 ἧς
2291 2900 2498 2968 γένοιτο
2520 2900 2728 2963 πάντας
2754 2901 2900 2970 ἡμᾶς
2921 2900 3217 2968 ἐπιτυχεῖν,
3235 2898 3418 2967 χάριτι

1843 2983 1936 3036 καὶ
1971 2983 2350 3053 φιλανθρωπίᾳ
2387 2982 2482 3035 τοῦ
2514 2982 2718 3053 Κυρίου
2751 2981 2909 3051 ἡμῶν
2950 2981 3124 3052 Ἰησοῦ
3156 2978 3418 3050 Χριστοῦ,

1844 3066 1963 3136 μεθ’
1997 3061 2057 3120 οὗ
2096 3065 2172 3135 τῷ
2201 3065 2379 3136 Πατρὶ
2411 3064 2535 3129 δόξα
2565 3064 2681 3134 ἅμα
2710 3063 2786 3133 τῷ
2828 3064 2967 3134 ἁγίῳ
2992 3063 3291 3132 Πνεύμστι,
3325 3061 3420 3114 νῦν

1844 3151 1938 3202 καὶ
1966 3149 2073 3216 ἀεὶ,
2098 3149 2194 3202 καὶ
2229 3149 2308 3210 είς
2335 3148 2461 3210 τοὺς
2503 3146 2708 3210 αἰῶνας
2744 3145 2853 3198 τῶν
2880 3145 3111 3201 αἰώνων.
3152 3146 3345 3216 Ἀμήν.

1902 3322 1932 3363 ὶ)
1952 3324 2100 3372 Sat/il.
2126 3325 2176 3373 in
2202 3328 2343 3372 textu
2369 3328 2420 3372 et
2440 3322 2562 3383 Reg.
2599 3321 2687 3370 οὐκ
2709 3323 2774 3370 ἔνι
2799 3318 3053 3383 γράμματα
3075 3317 3174 3383 καί,
3197 3317 3347 3366 Savil.
3368 3317 3419 3364 in

1841 3399 1993 3447 marg.
2019 3386 2108 3433 οὐκ
2140 3385 2456 3447 ἐπιτρίμματα
2491 3381 2590 3447 καί,
2613 3397 2725 3445 qua
2767 3381 3013 3443 posterior
3036 3381 3185 3428 lectio
3207 3391 3340 3437 vera,
3367 3384 3422 3426 et

1843 3446 2026 3506 legitur
2047 3448 2193 3496 etiam
2215 3445 2341 3507 apud
2362 3445 2537 3494 Morel.

1695 3578 3394 3622 Μ

1409 3609 1849 3618 -ο--μ--οὴ-νο.
1858 3610 1891 3617 -

1604 3764 2003 3825 MONITUM.

166 3978 242 4037 ἂν
281 3979 417 4052 πρὸς
451 3979 732 4043 Ἰουδαίους
781 3978 1047 4050 λέγωμεν,
1081 3978 1412 4050 σαφέστερον
1456 3979 1550 4031 καὶ
1587 3976 1749 4046 εὐρύ-

160 4088 330 4142 τερον
386 4069 790 4139 ἀναπτύξομεν.
861 4068 1048 4122 Vcrum
1101 4069 1231 4133 lucc,
1295 4069 1509 4138 quando
1563 4078 1751 4121 contra

160 4161 388 4215 Judazos
416 4161 672 4226 dicemus,
696 4160 894 4213 clarius
928 4170 974 4214 et
1024 4161 1193 4229 fusius
1222 4159 1622 4229 explicabimus.
1654 4157 1750 4214 His

161 4266 335 4322 porro
365 4251 546 4306 verbis
578 4259 866 4320 sequentes
898 4258 1087 4305 contra
1116 4249 1332 4306 Judaaos
1363 4250 1620 4305 homilias
1662 4251 1748 4303 in-

161 4343 356 4396 dicare
385 4357 610 4412 prorsus
636 4342 873 4396 videtur.
904 4339 1041 4396 Nam
1071 4342 1148 4396 ibi
1175 4357 1241 4395 ex
1278 4341 1667 4411 prepbetarnm
1695 4349 1748 4395 et

170 4431 386 4485 Veteris
429 4430 760 4485 Testamenti
807 4431 1132 4485 auctoritate
1177 4430 1422 4500 pluribus
1460 4443 1746 4484 common-

162 4532 311 4579 strat
369 4523 666 4576 tollendum
741 4523 1223 4593 abrogandumque
1276 4531 1401 4591 post
1457 4522 1744 4576 adventum

157 4612 373 4668 Christi
399 4628 522 4668 esse
552 4613 758 4667 cultum
797 4611 1108 4668 Judaicum.
1140 4613 1276 4668 Cum
1319 4622 1500 4667 autem
1537 4627 1644 4666 non
1690 4612 1746 4665 in

161 4704 346 4759 tribus
379 4704 658 4773 prioribus
687 4713 874 4758 contra
903 4702 1119 4760 Iudaeos
1147 4704 1405 4768 homiliis,
1437 4718 1559 4774 quae
1603 4718 1748 4758 anno

161 4793 276 4848 586
313 4795 513 4849 habita:
546 4803 693 4860 sunt,
728 4794 822 4849 sed
867 4796 921 4848 in
951 4796 1194 4865 quinque
1223 4793 1621 4864 posterioribus
1651 4807 1750 4862 po-

157 4888 465 4954 tissimum,
500 4903 638 4958 quas
698 4889 890 4943 habuit
922 4888 1354 4959 Chrysostomus
1415 4899 1562 4940 anno
1609 4883 1745 4950 587,

157 4995 357 5036 mense
382 4981 602 5035 circiter
626 4979 956 5050 Septembri,
982 4980 1302 5050 abmgatum
1333 4977 1504 5032 fuisse
1540 4977 1746 5031 cultum

157 5071 461 5126 Judaicum
496 5073 684 5127 multis
743 5073 1079 5142 argumentis
1135 5071 1305 5140 probe
1343 5081 1506 5139 atque
1536 5069 1748 5124 erudite

157 5167 542 5220 demonstret:
581 5165 710 5220 hinc
766 5165 1014 5234 sequitur
1069 5165 1215 5218 hunc
1241 5178 1334 5218 seu
1402 5163 1602 5216 librum
1649 5177 1746 5216 seu

157 5270 511 5321 sermonem,
573 5258 663 5312 ubi
727 5258 777 5312 id
817 5273 875 5312 se
921 5257 1190 5313 facturum
1248 5255 1557 5326 pollicetur,
1618 5261 1743 5308 ante

159 5361 408 5400 mensem
445 5345 818 5416 Septembrem
853 5345 954 5399 387
987 5345 1312 5399 adornatum
1349 5342 1539 5396 fuisse.

236 5437 320 5490 An
354 5451 522 5507 porro
582 5438 868 5492 cont-iouis
919 5451 1074 5491 more
1131 5437 1277 5490 hunc
1331 5447 1636 5489 sermonem
1673 5431 1739 5484 ad

160 5529 427 5600 populum
487 5528 761 5592 habuerit,
820 5543 888 5582 an
926 5528 1210 5596 scripserit
1272 5527 1582 5596 legendum,
1640 5537 1741 5576 nec

159 5621 410 5675 oratorio
442 5635 595 5690 more
619 5620 985 5683 recitandum,
1019 5634 1126 5672 non
1157 5618 1230 5672 ita
1262 5615 1417 5672 facile
1450 5623 1536 5669 est
1574 5627 1743 5681 augu-

161 5715 303 5772 rari.
327 5713 478 5769 Licet
500 5715 646 5769 enim
668 5714 829 5769 initio
857 5715 908 5768 in
939 5713 1248 5770 auditorum
1275 5712 1500 5782 cujusve
1528 5707 1742 5778 generis

158 5809 220 5858 c’.
247 5801 578 5857 conditionis
610 5801 960 5858 commodum
989 5818 1045 5858 se
1077 5801 1328 5858 brevitati
1363 5797 1584 5856 studere
1611 5810 1740 5870 pro-

1855 3971 2073 4024 litcatur
2103 3989 2115 4024 :
2154 3979 2391 4024 attamen
2428 3972 2543 4026 haec
2569 3986 2846 4041 nunquam
2879 3970 3238 4031 concionatus
3261 3972 3432 4036 fuisse

1852 4062 2087 4116 videtur.
2124 4061 2180 4115 Si
2205 4063 2349 4115 enim
2385 4064 2742 4118 concinnatus
2770 4073 2936 4128 esset,
2972 4062 3249 4117 homiliam
3285 4073 3439 4119 certe

1851 4154 2227 4225 prolixiorem,
2253 4171 2415 4225 quam
2440 4165 2500 4208 ut
2531 4166 2712 4226 posset
2741 4172 2849 4211 una
2882 4157 3002 4211 vice
3036 4165 3144 4210 tota
3168 4157 3438 4226 persolvi,

1851 4247 2036 4317 plures
2058 4247 2111 4300 in
2140 4258 2321 4317 partes
2355 4249 2650 4315 divisisset,
2687 4258 2746 4303 ut
2774 4251 2910 4304 alias
2937 4265 3046 4304 non
3084 4252 3250 4305 semel
3280 4250 3424 4313 fecit,

1852 4338 1917 4393 Et
1971 4340 2215 4410 alioquin
2253 4351 2735 4412 quantumcunque
2773 4344 2984 4412 prolixa
3023 4345 3113 4407 sit,
3149 4361 3255 4398 non
3293 4345 3430 4398 inte-

1844 4445 1946 4499 gra
1979 4440 2160 4485 tamen
2201 4443 2287 4486 est
2315 4451 2324 4462 ·
2357 4441 2679 4503 certumque
2727 4434 2944 4488 videtur
3001 4450 3253 4504 magnam
3306 4435 3437 4504 ejus

1851 4530 2061 4591 partem
2103 4524 2157 4575 in
2186 4522 2293 4577 line
2331 4524 2654 4580 desiderari.
2682 4525 2773 4579 Sic
2807 4539 2936 4578 vero
2961 4526 3204 4579 mutilam
3240 4526 3431 4581 habuit

1852 4621 2008 4667 vetus
2044 4614 2337 4681 interpres,
2380 4615 2461 4669 sic
2517 4616 2673 4684 prius
2730 4615 2880 4678 editi,
2927 4615 3008 4672 sic
3046 4615 3208 4668 habet
3264 4616 3436 4670 etiam

1848 4704 2035 4759 Codex
2072 4705 2458 4761 Colbertinus:
2503 4707 2647 4761 unde
2678 4706 2908 4762 fortasse
2939 4707 3165 4761 dubium
3196 4709 3439 4775 oriatur,

1852 4797 2192 4868 integramne
2237 4797 2388 4870 |53i8]
2421 4815 2661 4868 unquam
2711 4799 2944 4854 ediderit
2977 4799 3424 4871 Chrysostomus.

1852 4887 2038 4961 Stylns
2070 4891 2364 4944 admodum
2393 4891 2679 4956 redundat,
2713 4893 2954 4946 maxime
2983 4901 3163 4946 autem
3191 4907 3222 4946 a
3249 4892 3432 4946 medio

1855 4983 1921 5035 ad
1951 4983 2114 5036 ﬁnem
2148 5000 2162 5036 :
2205 4983 2394 5037 eodem
2426 4983 2616 5036 orandi
2647 4999 2846 5052 genere
2881 4983 3118 5052 scriptus
3143 5000 3254 5054 quo
3282 4985 3425 5039 liber

1851 5083 2033 5125 contra
2067 5084 2241 5142 gentes
2272 5082 2327 5127 et
2356 5075 2408 5126 in
2441 5072 2499 5127 S.
2522 5072 2807 5142 Babylam,
2841 5076 3038 5130 concio
3074 5077 3311 5131 secunda
3364 5078 3424 5130 in

1852 5160 2188 5230 Eutropium,
2236 5163 2459 5216 homilia
2495 5162 2573 5216 De
2633 5165 2989 5229 anathemate,
3043 5165 3282 5218 homilize
3328 5165 3428 5218 ali-

1853 5263 1986 5322 quot
2023 5252 2099 5307 De
2133 5255 2455 5324 pwnitentia.
2490 5270 2610 5323 qua:
2640 5271 2748 5310 non
2800 5266 2928 5310 sunt
2957 5256 3200 5326 ejusdem
3260 5265 3426 5325 atque

1851 5355 2047 5399 etetera
2077 5362 2243 5414 opera
2291 5346 2596 5417 elegantiae,
2631 5347 2757 5416 quia
2798 5345 3050 5402 fortas~is
3080 5363 3144 5401 ex
3177 5355 3424 5413 tempore

1851 5437 2077 5504 scripta.
2115 5436 2221 5491 Par
2289 5438 2533 5508 suspicio
2570 5438 2816 5493 nascitur
2855 5438 3002 5493 hunc
3059 5438 3188 5492 item
3219 5437 3423 5494 librum

1849 5541 1956 5582 non
1994 5527 2166 5583 luisse
2198 5529 2453 5585 secundis
2482 5531 2630 5586 curis
2655 5529 2973 5600 expolitum.

1917 5616 2430 5688 lnterpretationem
2469 5619 2664 5675 incerti
2695 5621 2941 5675 auctoris
2989 5633 3111 5690 quae
3141 5619 3198 5676 in
3257 5621 3422 5678 editis

1849 5716 1976 5762 ante
2001 5707 2304 5779 legebatur,
2332 5717 2520 5780 utpote
2553 5724 2662 5765 non
2711 5710 2848 5766 satis
2900 5719 3240 5773 accuratam.
3275 5711 3420 5782 reje-

1850 5796 2051 5863 cimus,
2075 5812 2382 5870 novamque
2408 5799 2742 5871 paravimus.
