3826 6222
431 338 539 396 813

1158 344 1216 400 S.
1249 342 1536 402 JOANNIS
1571 345 2056 410 CHRYSOSTOMI
2094 354 2413 413 ARCHIEP.
2462 357 3010 417 CONSTANTINOP.

3561 367 3657 419 εει

469 1287 626 1362 {558]
671 1293 827 1361 Πρός
869 1309 934 1347 τε
993 1293 1313 1362 Ἰουδαίους
1352 1298 1451 1350 καὶ
1485 1298 1792 1368 ’Έλληνας
1828 1303 2134 1372 ἀπόδειξις
2159 1343 2174 1371 ,
2251 1305 2339 1359 ὅτι
2381 1305 2511 1360 ἐστὶ
2564 1307 2708 1374 Θεὸς
2752 1311 2785 1361 ό
2860 1307 3108 1377 Χριστὸς
3136 1346 3152 1373 ,
3200 1306 3268 1361 ἐκ
3322 1306 3440 1361 τῶν
3496 1306 3662 1376 παρά

1067 1391 1192 1458 τοῖς
1245 1391 1577 1464 προφήταις
1623 1399 1938 1466 πολλαχοῦ
1986 1400 2119 1470 περὶ
2168 1401 2355 1456 αὑτοῦ
2409 1402 2736 1472 εἰρημένων
2767 1413 2815 1457 ι.

502 2233 571 2281 α’.
617 2226 832 2297 Ἐπειδὴ
873 2226 1054 2280 πολλοὶ
1082 2226 1190 2280 τῶν
1223 2225 1547 2297 ἀνθρώπων,
1585 2231 1631 2282 οί
1670 2231 1767 2298 μὲν
1799 2229 2012 2284 οἴκοθεν

430 2311 582 2376 ὄντες
631 2313 883 2383 ῥᾴθυμοι,
934 2314 982 2365 οί
1025 2311 1081 2364 δὲ
1122 2314 1233 2374 τοῖς
1280 2310 1549 2379 βιωτικοῖς
1595 2312 1818 2376 ἑαυτοὺς
1873 2314 2011 2384 μετά

433 2394 634 2464 πολλῆς
666 2394 1024 2457 ὲκδεδωκότες
1054 2395 1153 2463 τῆς
1188 2393 1442 2462 σπουδῆς,
1473 2395 1648 2464 ἕτεροι
1689 2394 1745 2447 δὲ
1785 2397 1878 2448 καὶ
1903 2395 2011 2449 ὑπὸ

430 2477 671 2547 ἀμαθίας
701 2476 902 2546 πολλῆς
931 2476 1305 2545 κατεχόμενοι,
1334 2476 1432 2528 οὐκ
1457 2477 1524 2529 ἂν
1552 2476 1749 2546 ῥᾳδίως
1783 2479 2009 2548 μακρῶν

432 2561 751 2629 ἀνάσχοιντο
783 2559 955 2625 λόγων
981 2598 994 2621 ,
1046 2559 1339 2627 ἀναγκαῖον
1373 2555 1512 2614 εἷναι
1547 2561 1772 2630 ἐνόμισα
1814 2562 1905 2614 τὸν
1945 2564 2010 2614 ἐκ

429 2646 528 2716 τῆς
565 2642 942 2714 μακρηγορίας
985 2643 1352 2713 ὑποτεμέσθαι
1385 2644 1573 2697 πόνον’
1607 2643 1747 2696 ὥστε
1787 2645 1881 2698 καὶ
1919 2645 2010 2698 τὸν

430 2730 587 2782 δκνον
621 2727 828 2780 ἀνελεῖν
852 2730 919 2797 τῇ
954 2726 1285 2798 βραχυλογίᾳ
1316 2727 1423 2780 τῶν
1459 2727 1736 2798 ῥᾳθύμων,
1771 2729 2010 2794 καὶτοὺς

434 2812 639 2880 σφόδρα
669 2810 848 2864 αὐτῶν
889 2810 1352 2873 άναπεπτωκότας
1381 2811 1520 2880 πρὸς
1550 2811 1646 2881 τὴν
1677 2812 2006 2880 ἀνάγνωσιν,

433 2897 618 2948 πεῖσαι
645 2894 743 2961 τῆς
769 2894 1132 2964 προκειμένης
1161 2896 1292 2962 ἡμῖν
1321 2894 1703 2963 πραγματείας
1727 2896 1862 2964 μετά
1890 2895 2011 2948 πολ·

432 2977 530 3048 λῆς
561 2975 932 3046 ἀκροάσασθαι
963 2976 1062 3046 τῆς
1100 2976 1419 3047 προθυμίας.
1457 2977 1556 3030 Διά
1587 2993 1667 3030 τοι
1700 2978 1857 3030 τοῦτο
1889 2977 2008 3030 οὐδὲ

434 3065 791 3128 καλλωπίζων
820 3063 1026 3134 ῥήμασί
1071 3081 1128 3117 τε
1173 3063 1264 3115 καὶ
1310 3064 1533 3133 ὀνόμασι
1561 3063 1657 3134 τὴν
1695 3065 2008 3133 ἑρμηνείαν,

431 3149 546 3201 ἀλλ’
577 3147 715 3202 αύτά
755 3146 926 3208 τιθεὶς
957 3145 1028 3198 τὰ
1057 3145 1297 3214 ὀνόματα
1325 3145 1495 3208 οὕτως
1515 3186 1528 3209 ,
1563 3146 1638 3209 ώς
1675 3148 1766 3199 καὶ
1799 3147 2006 3217 οἰκέτῃ,

433 3232 528 3286 καὶ⁹
553 3229 913 3302 θεραπαινίδι,
946 3229 1037 3280 καὶ
1055 3229 1200 3298 χήρᾳ
1233 3229 1470 3294 γυναικὶ,
1504 3230 1598 3281 καὶ
1623 3229 1884 3298 καπήλῳ,
1915 3230 2010 3282 καὶ

431 3314 602 3384 ναύτῃ
623 3354 635 3372 ,
658 3314 752 3365 καὶ
773 3311 997 3380 γηπόνῳ
1027 3309 1184 3379 ῥᾴδια
1215 3310 1354 3363 εἶναι
1381 3311 1475 3363 καὶ
1507 3310 1770 3381 εὔληπτα,
1805 3328 2010 3366 παντα.

430 3397 528 3468 χοῦ
563 3395 894 3465 πειράσομαι
926 3393 1198 3445 συστεῖλαι
1232 3391 1292 3443 τὺ
1335 3393 1533 3462 μῆκος,
1564 3393 1640 3456 ὡς
1672 3394 1738 3447 ἂν
1767 3395 2007 3465 ἐγχωρῇ.

433 3482 528 3534 καὶ
569 3480 633 3532 δι’
669 3478 862 3544 ὀλίγων
917 3477 1014 3545 τὴν
1045 3475 1390 3528 διδασκαλίαν
1426 3476 1689 3544 ποιῆσαι,
1735 3477 2014 3547 ἑκατέροις

431 3565 642 3622 τούτοις
670 3561 779 3612 τῶν
809 3558 1015 3611 ὑπτίων
1059 3558 1343 3628 ἀκροατῶν
1374 3558 1656 3628 διεγείρων
1705 3559 1802 3629 τήν
1836 3561 2015 3630 ὄρεξιν

433 3648 514 3708 είς
543 3644 602 3698 τὸ
641 3643 838 3714 ῥᾳδίως
867 3643 962 3695 καὶ
991 3641 1162 3712 χωρὶς
1187 3641 1431 3710 καμάτου
1459 3643 1602 3704 τινὸς
1625 3642 1692 3695 τὰ
1723 3644 2013 3713 ἐγκείμενα

435 3728 683 3782 ἐπελθεῖν
707 3766 722 3790 ,
771 3728 866 3780 καὶ
897 3724 1269 3794 κατασχόντας
1299 3725 1392 3777 ἐπὶ
1428 3727 1647 3796 μνήμης
1681 3725 1852 3779 ταῦτα
1890 3745 2015 3799 κερ-

431 3811 608 3865 δᾶναι.
641 3811 945 3880 Ποιήσομαι
974 3807 1031 3861 δὲ
1067 3807 1158 3859 τὸν
1187 3807 1374 3874 ἀγῶνα
1403 3808 1537 3876 πρὸς
1568 3807 1831 3878 Ἕλληνας
1862 3811 2014 3878 πρῶ-

431 3914 543 3949 τον.
576 3895 637 3949 Εί
663 3895 769 3965 γὰρ
797 3893 860 3964 δὴ
889 3893 1036 3961 λέγοι
1062 3896 1090 3947 ὁ
1125 3892 1344 3961 Ἕλλην,
1378 3892 1548 3945 Πόθεν
1576 3891 1733 3960 δῆλον
1767 3892 1849 3944 ὅτι
1883 3893 2015 3956 Θεός

432 3980 580 4032 ἐστιν
609 3978 637 4029 ὁ
668 3977 933 4048 Χριστόςς
966 3976 1148 4046 (τοῦτο
1179 3976 1288 4045 γὰρ
1320 3975 1401 4028 δεῖ
1425 3974 1829 4044 προῦποθέσοαι
1861 3975 2014 4046 πρῶ-

431 4079 523 4116 τον
547 4101 561 4125 ,
593 4061 668 4122 ὼς
690 4060 756 4113 τὰ
786 4059 920 4112 ἄλλα
953 4061 1131 4114 πάντα
1159 4059 1332 4128 τούτῳ
1361 4058 1619 4128 ἑπόμενα)
1651 4058 1750 4111 ούκ
1788 4058 1882 4111 ἀπ’
1926 4059 2016 4110 ού-

435 4143 597 4216 ρανοῦ
650 4143 990 4213 ποιησόμεθα
1034 4143 1133 4214 τὴν
1185 4139 1496 4204 ἀπόδειξιν,
1548 4140 1667 4192 οὐδὲ
1717 4141 1813 4192 ἀπ’
1841 4139 2015 4194 ἄλλων

432 4227 708 4290 τοιούτων.
749 4227 874 4278 Ἐὰν
910 4225 1019 4296 γὰρ
1061 4225 1200 4277 εῐπω
1246 4224 1381 4292 πρὸς
1412 4223 1572 4276 αὑτὸν
1600 4261 1614 4284 ,
1660 4223 1742 4275 ὅτι
1788 4223 2015 4292 οὐρανὸν

434 4308 669 4371 ἔκτισεν,
692 4310 772 4362 ὅτι
809 4310 934 4378 γῆν,
966 4309 1048 4361 ὅτι
1072 4308 1368 4370 θάλασσαν,
1397 4307 1496 4359 ούκ
1521 4305 1767 4371 ἀνέξεται
1794 4322 1806 4338 ·
1844 4307 1911 4359 ἂν
1940 4306 2016 4358 εῐ-

436 4411 551 4458 πω,
586 4393 668 4446 ὅτι
698 4392 926 4462 νεκροὺς
969 4391 1157 4461 ήγειρε
1183 4431 1196 4452 ,
1233 4389 1467 4457 τυφλοὺς
1495 4389 1827 4456 ἐθεράπευσε
1854 4430 1868 4453 ,
1899 4387 2016 4441 δαί-

437 4494 604 4547 μονας
634 4475 832 4546 ήλασεν
857 4516 871 4539 ,
898 4474 1018 4528 οὐδὲ
1047 4474 1203 4526 τοῦτο
1230 4471 1576 4536 καταδέξεται
1599 4488 1612 4501 ·
1645 4471 1710 4524 ἂν
1736 4473 1901 4536 εἴπω,
1932 4473 2016 4525 ὄτι

435 4559 711 4630 βασιλείαν
737 4556 1103 4628 ἐπηγγείλατο
1147 4555 1243 4610 καὶ
1282 4556 1351 4608 τὰ
1379 4557 1667 4626 ἀπόρρητα
1703 4555 1884 4622 ἀγαθά
1905 4599 1919 4620 ,
1949 4555 2015 4608 ἂν

435 4644 562 4711 περὶ
595 4642 946 4705 ἀναστάσεως
985 4639 1282 4710 διαλεχθῶ,
1319 4640 1379 4693 ού
1423 4640 1581 4709 μόνον
1617 4640 1716 4692 οὐκ
1744 4639 2013 4705 ἀνέξεται,

430 4726 569 4780 ἀλλά
597 4728 690 4779 καὶ
720 4727 1029 4794 γελάσεται.
1066 4723 1236 4778 Πόθεν
1279 4721 1373 4778 οὖν
1399 4725 1560 4778 αὐτὸν
1583 4723 1842 4795 ἐνάξομεν
1867 4765 1882 4788 ,
1920 4726 2014 4779 καὶ

435 4808 671 4878 μάλιστα
707 4809 804 4861 ἐὰν
846 4807 1057 4878 ἰδιώτης
1146 4825 1160 4872 ;
1206 4807 1376 4860 Πόθεν
1403 4807 1626 4861 ἄλλοθεν
1647 4845 1663 4870 ,
1693 4806 1810 4860 ἀλλ’
1845 4807 1877 4877 ἢ
1909 4807 2016 4861 ἀπὸ

434 4892 542 4945 τῶν
588 4892 716 4960 παρ’
748 4891 883 4960 ἐμοῦ
913 4892 1008 4946 καὶ
1048 4882 1214 4944 αὑτοῦ
1244 4891 1436 4953 κοινῶς
1470 4893 1566 4945 καὶ
1605 4893 2016 4964 ἀναντιῤῥήτως

433 4973 880 5044 ὁμολογουμένων
909 5014 924 5038 ,
958 4974 1051 5027 καὶ
1104 4974 1240 5046 πρὸς
1289 4973 1324 5027 ἃ.
1355 4974 1672 5044 ἀμφιϐόλως
1715 4976 1814 5027 οὐκ
1863 4974 2012 5042 Exn;

433 5057 516 5110 δτι
541 5059 637 5129 μὲν
657 5060 764 5130 γάρ
785 5058 843 5111 ού
854 5058 1010 5128 ρανδν
1034 5058 1255 5128 ἐποίησε
1275 5059 1370 5112 καὶ
1391 5057 1461 5111 τά
1489 5057 1642 5124 ἄλλα,
1669 5056 1774 5112 ἆπε
1783 5076 1814 5129 ρ
1837 5054 2010 5119 εἷπον,

434 5142 530 5195 ἐὰν
561 5141 848 5213 ύποθῶμαι
874 5185 888 5206 ,
921 5143 1020 5196 οὐκ
1054 5143 1118 5195 ἂν
1146 5143 1432 5212 ἀνάσχοιτο
1465 5144 1752 5212 πεισὶἧναι
1790 5143 2010 5214 ῥᾳδίως.

433 5224 569 5280 Τίνα
605 5223 698 5279 οὖν
728 5226 875 5278 ἐστιν
909 5224 944 5279 ἃ
967 5226 1060 5278 καὶ
1087 5227 1291 5288 ἐκεῖνος
1317 5226 1570 5294 ὁμολογεῖ
1600 5227 1761 5278 αὐτὸν
1785 5243 2014 5294 πεποιη-

433 5311 610 5374 κέναι,
645 5312 739 5364 καὶ
762 5308 1013 5379 οὐδαμῶς
1047 5309 1114 5362 ἂν
1139 5309 1412 5374 ἀντείποι;
1440 5311 1562 5363 Ὅτι
1591 5310 1651 5362 τὸ
1673 5310 2016 5380 Χριστιανῶν

431 5393 592 5462 γένος
617 5393 780 5458 αὐτὸς
822 5393 1119 5461 ἐφύτευσεν
1144 5409 1156 5422 ·
1192 5394 1252 5445 ού
1293 5392 1402 5462 γὰρ
1434 5391 1499 5462 δὴ
1539 5393 1635 5445 καὶ
1683 5393 1819 5463 πρὸς
1859 5393 2018 5445 τοῦτο

433 5477 667 5549 ἀντερεῖ,
691 5477 774 5530 ὅτι
793 5477 892 5540 τὰς
917 5475 1194 5546 πανταχοῦ
1220 5477 1319 5544 τῆς
1344 5476 1670 5546 οἰκουμένης
1692 5476 2019 5546 Ἐκκλησίας

433 5561 598 5622 αὐτὸς
625 5561 881 5631 ἐπήξατο.
913 5561 1052 5614 Ἀπὸ
1079 5559 1284 5612 τούτων
1327 5557 1674 5628 παρεξόμεθα
1721 5559 1817 5628 τῆς
1860 5559 2019 5611 δυνά-

436 5657 586 5713 μεως
615 5642 780 5697 αὐτοῦ
807 5644 906 5713 τὴν
946 5642 1218 5709 ἀπόδειξιν
1240 5680 1255 5706 ,
1285 5641 1375 5695 καὶ
1415 5640 1660 5714 δείξομεν
1691 5641 1851 5694 αὑτὸν
1887 5643 2017 5696 ὄντα

496 5792 520 5817 ⁵
541 5792 727 5846 αυιιαιι
752 5807 864 5845 cum
887 5796 995 5846 cod.
1016 5794 1155 5846 Colb.
1177 5795 1318 5858 5055,
1343 5795 1425 5846 ubi
1449 5809 1694 5860 perpauca
1715 5794 2014 5846 discrimina.

2111 2227 2264 2293 Θεὸν,
2294 2231 2387 2284 καὶ
2419 2231 2652 2303 ἐροῦμεν
2679 2235 2760 2290 ὅτι
2787 2236 2888 2288 ούκ
2925 2235 3072 2289 ἔστιν
3095 2235 3383 2308 ἀνθρώπου
3416 2239 3577 2309 ψιλοῦ
3601 2259 3692 2295 τοο

2113 2313 2313 2384 σαύτην
2341 2316 2397 2366 ἐν
2430 2315 2621 2386 βραχεῖ
2651 2317 2826 2388 καιρῷ
2862 2319 3165 2388 περιελθεῖν
3197 2323 3526 2394 οἰκουμένην
3553 2364 3569 2386 ,
3602 2326 3694 2377 καὶ

2110 2395 2234 2465 γῆν,
2262 2397 2356 2448 καὶ¹
2383 2395 2673 2460 θάλατταν,
2699 2400 2793 2452 καὶ
2820 2401 2911 2453 ἐπὶ
2939 2402 3201 2466 τοιούτοις
3225 2405 3411 2458 καλεῖν
3434 2407 3694 2477 πράγμα-

2113 2493 2196 2530 σιν
2238 2478 2379 2532 οῦτω
2402 2522 2416 2544 ,
2449 2483 2539 2534 καὶ
2571 2483 2744 2537 ταῦτα
2775 2483 2877 2536 ὑπὸ
2901 2486 3100 2539 ἀτόπου
3130 2488 3420 2557 συνηθείας
3450 2507 3692 2557 προκατ-

2110 2561 2474 2631 ειλημμένους
2522 2565 2872 2637 ἀνθρώπους,
2924 2569 3124 2638 μᾶλλον
3173 2570 3230 2623 δὲ
3279 2572 3385 2624 ὑπὸ
3429 2574 3692 2642 τοσαύτης

2111 2645 2308 2707 κακίας
2359 2647 2779 2717 κατεχομένους.
2827 2651 2934 2703 Καὶ
2965 2653 3116 2721 ὅμως
3153 2653 3340 2722 ῐσχυσε
3379 2654 3537 2726 [359]
3573 2656 3691 2708 τού-

2109 2741 2218 2779 των
2250 2729 2465 2781 πάντων
2509 2728 2570 2781 τὸ
2607 2731 2719 2783 τῶν
2754 2731 3058 2803 ἀνθρώπων
3096 2734 3250 2801 γένος
3303 2735 3694 2807 ἐλευθερῶσαι,

2109 2809 2230 2878 ούχὶ
2269 2811 2576 2880 Ῥωμαίους
2610 2814 2791 2882 μόνον,
2817 2815 2952 2868 ἀλλά
2974 2817 3066 2869 καὶ
3093 2819 3308 2888 Πέρσας
3327 2859 3340 2880 ,
3381 2821 3476 2872 καὶ
3510 2820 3695 2882 ἁπλῶς

2109 2893 2176 2945 τὰ
2207 2893 2313 2946 τῶν
2345 2895 2635 2966 βαρϐάρων
2669 2899 2819 2968 γένη.
2850 2900 2958 2951 Καὶ
2988 2897 3155 2954 ταῦτα
3181 2901 3573 2972 κατώρθωσεν,
3603 2904 3697 2971 οὐχ

2109 2977 2294 3040 ὅπλοις
2327 2978 2640 3048 χρώμενος,
2676 2981 2736 3032 οὐ
2767 2983 3027 3051 χρήματα
3051 2983 3306 3037 δαπανῶν
3331 3026 3345 3047 ,
3375 2986 3439 3036 ού
3471 2985 3697 3054 στρατό-

2111 3060 2248 3112 πεδα
2276 3061 2440 3113 κινῶν
2465 3101 2479 3121 ,
2518 3062 2578 3114 ού
2614 3063 2882 3132 πολέμους
2911 3065 3306 3135 ἀναρριπίζων,
3341 3066 3485 3119 ἀλλά
3518 3068 3587 3118 δι’
3618 3067 3701 3119 ’ἐν-

2110 3141 2242 3194 δεκα
2267 3141 2569 3212 ἀνθρώπων
2595 3144 2690 3214 τὴν
2714 3146 2887 3216 ἀρχὴν
2905 3187 2918 3210 ,
2949 3149 3177 3216 ἀσήμων
3199 3188 3213 3210 ,
3245 3148 3482 3200 εὐτελῶν
3510 3190 3526 3208 .
3555 3149 3701 3217 ἀμα-

2112 3225 2240 3290 Θῶν,
2274 3225 2517 3290 ἰδιωτῶν,
2557 3228 2826 3297 πενήτων,
2859 3231 3085 3298 γυμνῶν
3103 3271 3120 3297 ,
3150 3229 3364 3283 ἀόπλων
3382 3271 3397 3294 ,
3425 3231 3700 3301 ἀνυποδή-

2109 3325 2217 3360 των
2241 3346 2256 3371 ,
2303 3309 2697 3378 μονοχιτώνων.
2755 3311 2819 3363 Τί
2858 3311 3002 3379 λέγω
3028 3351 3042 3372 .
3090 3311 3466 3382 κατώρθωσε;
3514 3318 3700 3366 πεῖσαι

2111 3391 2348 3461 ἠδυνήθη
2370 3392 2608 3446 τοσαῦτα
2637 3392 2776 3462 φῦλα
2801 3393 3122 3464 ἀνθρώπων,
3151 3395 3213 3446 οὐ
3245 3413 3310 3446 πε
3321 3396 3374 3462 ρὶ
3416 3396 3530 3449 τῶν
3559 3414 3702 3466 παρ-

2113 3475 2280 3526 όντων
2311 3475 2468 3543 μόνον
2488 3515 2501 3538 ,
2534 3475 2671 3528 ἀλλά
2699 3476 2794 3528 καὶ
2826 3491 2893 3528 πε
2902 3477 2957 3546 ρὶ
3010 3476 3118 3528 τῶν
3153 3477 3459 3545 μελλόντων
3489 3479 3706 3547 φιλοσο-

2116 3559 2266 3625 φεῖν,
2303 3557 2397 3610 καὶ
2429 3557 2624 3622 νόμους
2666 3557 2951 3628 πατρῴους
2982 3559 3290 3612 ἀνασπάσαι
3316 3600 3329 3621 ,
3367 3561 3465 3613 καὶ
3498 3562 3704 3615 παλαιὰ

2115 3641 2210 3712 ἔθη
2245 3640 2480 3711 τοσούτῳ
2514 3640 2812 3710 ριζωθέντα
2851 3641 3028 3712 χρόνῳ
3055 3644 3117 3695 ἐκ
3149 3642 3311 3713 ῥιζῶν
3340 3644 3579 3703 ἀνελεῖν,
3613 3646 3706 3697 καὶ

2115 3723 2276 3793 ἕτερα
2327 3721 2716 3790 ἀντιφυτεῦσαι
2742 3762 2756 3785 ,
2790 3725 2884 3776 καὶ
2917 3723 3026 3776 τῶν
3070 3724 3306 3777 εὐκόλων
3341 3727 3706 3794 ἀπαγαγόντα

2115 3806 2194 3867 εἰς
2215 3804 2284 3857 τά
2304 3804 2537 3858 δύσκολα
2565 3804 2821 3873 ἐμϐαλεῖν
2849 3805 2914 3858 τά
2940 3806 3124 3867 αὑτοῦ,
3149 3808 3245 3859 καὶ
3272 3807 3450 3861 ταῦτα
3478 3811 3708 3877 ποιῆσαι

2117 3887 2518 3956 πολεμούμενον
2571 3888 2722 3958 παρά
2755 3887 2972 3941 πάντων
2997 3930 3012 3951 ,
3065 3892 3157 3941 καὶ
3212 3891 3446 3960 σταυρὸν
3497 3894 3710 3962 ὑπομεο

2119 3969 2412 4040 μενηκέναι
2461 3970 2855 4040 χλευαζόμενον
2907 3971 3004 4024 καὶ
3054 3971 3281 4025 θάνατον
3313 3974 3706 4028 ἐπονείδιστον.

2116 4052 2190 4104 Ού
2218 4051 2326 4122 γὰρ
2349 4052 2411 4124 δὴ
2441 4053 2690 4124 καὶπρὸς
2715 4053 2886 4106 ταῦτα
2913 4054 3248 4124 ἀντεροῦσιν,
3276 4056 3358 4108 δτι
3385 4057 3488 4108 οὐκ
3515 4059 3713 4112 ἐσταυο

2119 4134 2265 4206 ρώθη
2302 4135 2407 4187 ὑπὸ
2446 4135 2742 4198 Ἰουδαίων,
2798 4137 2892 4189 καὶ
2937 4137 3005 4189 τά
3042 4139 3210 4208 μυρία
3245 4139 3413 4192 ἔπαθε
3445 4143 3586 4211 παρ’
3613 4141 3713 4195 αύ-

2114 4219 2222 4271 τῶν
2250 4259 2265 4282 ,
2296 4219 2390 4272 καὶ
2417 4218 2499 4271 ὅτι
2527 4219 2650 4272 καθ’
2683 4219 2918 4290 ἑκάστην
2951 4222 3164 4290 ἡμέραν
3193 4221 3470 4276 ἐπιδίδωσι
3509 4224 3576 4276 τὸ
3611 4227 3714 4293 κή-

2119 4317 2322 4370 ρυγμα.
2354 4300 2463 4353 Καὶ
2494 4302 2556 4354 τὸ
2585 4301 2908 4373 παράδοξον,
2943 4305 3043 4356 οὐκ
3073 4303 3304 4358 ἐνταῦθα
3343 4305 3505 4374 μόνον
3526 4347 3542 4370 ,
3570 4306 3712 4358 ἀλλά

2116 4384 2212 4436 καὶ
2245 4383 2396 4454 παρά
2427 4382 2662 4454 Πέρσαις
2708 4384 2902 4451 ἀνθεῖ,
2944 4384 3025 4438 ἐτι
3076 4387 3168 4438 καὶ
3214 4385 3308 4439 νῦν
3353 4388 3484 4457 παρ’
3516 4389 3715 4453 αὐτοῖς

2119 4465 2248 4518 πολε
2257 4464 2357 4534 μού
2367 4481 2544 4535 μενον.

2188 4635 2299 4690 Καὶ
2331 4633 2439 4705 γάρ
2467 4635 2598 4706 παρ’
2619 4634 2849 4698 ἐκείνοις
2895 4635 3021 4706 ἄρτι
3052 4636 3343 4707 μαρτύρων
3381 4637 3553 4707 δῆμοι
3586 4641 3716 4692 πολ-

2120 4717 2202 4770 λοὶ
2225 4755 2240 4779 ,
2273 4717 2365 4770 καὶ
2395 4719 2546 4788 ὅμως
2586 4719 2633 4770 οί
2661 4719 2754 4771 καὶ
2784 4717 2963 4771 λύκων
2993 4719 3169 4771 αὐτῶν
3196 4719 3522 4790 ἀγριώτεροι
3552 4721 3717 4786 δεξά-

2126 4819 2275 4872 μενοι
2306 4801 2367 4853 τὸ
2395 4803 2657 4872 κήρυγμα
2677 4840 2692 4865 ,
2734 4800 3021 4873 προδάτων
3051 4801 3390 4874 ἡμερώτεροι
3419 4804 3710 4871 γεγόνασι,

2123 4884 2219 4938 καὶ
2253 4886 2380 4956 περὶ
2427 4885 2726 4947 ἀθανασίας
2747 4925 2760 4947 ,
2791 4885 2884 4938 καὶ
2933 4886 3060 4955 περὶ
3100 4887 3448 4950 ἀναστάσεως
3483 4886 3713 4955 φιλοσο-

2123 4967 2282 5036 φοῦσι
2304 4969 2394 5020 καὶ
2423 4966 2532 5019 τῶν
2560 4969 2885 5038 ἀπορρήτων
2915 4966 3156 5035 ἀγαθῶν.

2193 5125 2256 5196 β’.
2290 5125 2403 5178 Ούκ
2429 5127 2486 5177 ἐν
2515 5126 2637 5187 ταῖς
2661 5122 2844 5176 πόλεσι
2875 5122 2932 5174 δὲ
2959 5122 3140 5192 μόνον,
3171 5121 3306 5174 ἀλλά
3343 5123 3438 5175 καὶ
3482 5124 3567 5186 είς
3609 5125 3714 5194 τὴν

2119 5208 2322 5280 ἔρημον
2351 5205 2524 5260 ταῦτα
2543 5206 2730 5276 ἐξῆλθε
2750 5205 2817 5258 τὰ
2838 5204 3257 5274 κατορθώματα,
3281 5207 3376 5257 καὶ
3393 5207 3471 5268 είς
3487 5205 3713 5276 κώμας,

2117 5292 2211 5344 καὶ
2238 5292 2318 5354 είς
2347 5288 2529 5361 χώρας
2548 5329 2564 5352 ,
2593 5289 2689 5341 καὶ
2717 5289 2798 5349 είς
2827 5289 3024 5357 νήσους
3065 5288 3159 5340 καὶ
3204 5289 3410 5357 ὅρμους
3442 5289 3537 5341 καὶ
3587 5290 3716 5340 ἐπί-

2116 5390 2234 5427 νεια
2263 5391 2276 5404 ο
2311 5375 2405 5425 καὶ
2435 5373 2535 5424 οὐκ
2571 5370 2775 5424 ἰδιῶται
2796 5410 2810 5435 ,
2842 5369 2966 5422 ούδέ
3003 5369 3259 5440 ἄρχοντες
3302 5367 3490 5432 ἁπλῶς
3513 5413 3528 5432 ,
3567 5371 3714 5425 ἀλλὰ

2117 5457 2212 5509 καὶ
2239 5454 2392 5508 αὐτοὶ
2419 5455 2468 5506 οί
2495 5452 2562 5506 τὰ
2586 5452 2893 5522 διαδήματα
2919 5451 3311 5522 περικείμενοι,
3342 5452 3480 5521 μετά
3503 5451 3713 5522 πολλῆς

2118 5539 2256 5590 εἰσιν
2312 5535 2742 5605 ὑποτεταγμένοι
2773 5534 2872 5602 τῆς
2904 5533 3138 5597 πίστεως
3176 5533 3254 5604 τῷ
3307 5535 3708 5606 σταυρωθέντι.

2121 5621 2234 5673 Καὶ
2259 5621 2340 5673 ὅτι
2363 5617 2536 5672 ταῦτα
2575 5616 2751 5670 πάντα
2779 5615 2876 5686 οὐχ
2919 5615 3106 5678 ἁπλῶς
3133 5617 3377 5684 γέγονεν,
3401 5616 3537 5669 ἀλλὰ
3567 5620 3708 5687 μετὰ

2125 5702 2481 5773 προρρήσεως
2508 5698 2614 5770 πρὸ
2637 5697 2830 5752 πολλοῦ
2857 5697 3229 5768 γεγενημένης
3254 5699 3471 5768 χρόνου,
3495 5695 3592 5752 ἐπὶ
3613 5699 3705 5752 τοῦ

2126 5784 2390 5856 παρόντος
2437 5779 2713 5846 ἀποδεῖξαι
2773 5780 3145 5852 πειράσομαι·
3201 5780 3403 5852 μᾶλλον
3452 5781 3512 5835 δὲ
3560 5779 3703 5837 ὥστε
