3866 6226
126 340 267 397 813

726 334 998 390 CONTRA
1039 331 1321 391 JUD/EOS
1358 331 1446 390 ET
1485 322 1837 389 GENTILES.
1879 328 2063 401 QUOD
2100 327 2437 387 CliRlSTUS
2472 325 2579 383 SIT
2617 321 2815 381 DEUS.

3313 312 3418 370 δη

301 1313 621 1357 Αυνειιευε
664 1309 917 1354 δυωεοε
961 1310 1042 1352 ΕΤ
1082 1305 1385 1350 GENTILES
1441 1301 1733 1346 DEMONST

1846 1298 1953 1347 HO,
1998 1296 2169 1349 QUOD
2224 1292 2527 1339 CHRISTUS
2570 1292 2669 1335 SIT
2713 1290 2896 1343 DEUS,
2943 1288 3028 1331 EX
3070 1286 3174 1343 IIS,
3218 1283 3360 1339 ρυλε

849 1409 1081 1452 MULTIS
1126 1407 1191 1450 IN
1236 1405 1410 1449 LOCIS
1454 1404 1536 1448 DE
1580 1400 1722 1445 Πιιο
1764 1400 1956 1443 ΒΙΩΤΔ
2000 1397 2161 1441 SUNT
2204 1396 2370 1440 APUD
2400 1392 2790 1437 PROPHETAS.

242 2220 293 2274 i.
328 2217 593 2285 Quoniam
623 2215 869 2286 plerique
899 2213 1199 2273 hominum,
1227 2209 1341 2265 sive
1358 2222 1421 2262 ex
1446 2206 1630 2258 innata
1654 2216 1745 2257 so-

151 2310 377 2375 cordia,
405 2309 519 2364 sive
540 2322 603 2361 ex
648 2306 813 2359 nimia
850 2302 1191 2359 szecularium
1224 2312 1426 2361 rerum,
1455 2294 1654 2364 quibus
1683 2306 1744 2347 se

150 2401 513 2465 dediderunt,
546 2413 676 2452 cura
707 2405 869 2465 atque
900 2393 1284 2454 sollicitudine,
1321 2390 1413 2443 alii
1440 2402 1565 2443 vero
1589 2387 1742 2463 igno-

149 2492 346 2547 rantia
370 2504 563 2560 magna
580 2488 804 2551 detenti,
825 2486 1065 2557 prolixos
1082 2498 1360 2539 sermones
1384 2496 1492 2535 non
1513 2480 1743 2534 libenter

154 2586 418 2649 audiunt,
439 2597 616 2653 opera:
640 2582 875 2651 pretium
895 2579 1069 2632 visum
1094 2584 1197 2638 est,
1221 2573 1547 2643 multiloquii
1572 2572 1740 2626 mole-

150 2677 329 2731 stiam
365 2688 616 2730 resecare
650 2691 663 2726 :
694 2681 753 2725 ut
785 2670 1054 2726 sermonis
1084 2668 1350 2723 brevitate
1391 2682 1512 2719 cum
1560 2665 1739 2735 segni-

150 2768 293 2821 tiem
319 2781 506 2820 eorum
532 2764 734 2827 tollam,
763 2770 877 2817 tum
904 2763 989 2825 iis,
1008 2761 1099 2830 qui
1118 2762 1170 2813 in
1189 2758 1438 2812 lectionis
1458 2756 1734 2812 fastidium

151 2857 406 2929 prolapsi
430 2867 579 2920 sunt,
613 2855 893 2917 suadeam,
926 2861 984 2907 ut
1004 2850 1256 2923 praesenti
1290 2849 1521 2903 orationi
1546 2862 1736 2917 magna

150 2964 287 3002 cum
318 2946 600 3001 aclaritate
615 2960 776 3000 aures
798 2944 1091 3013 praebeant.
1111 2942 1235 2996 Ideo
1259 2941 1423 2996 nullis
1450 2940 1733 2994 verborum

149 3038 559 3105 nominumque
595 3036 877 3090 lenociniis
907 3042 1088 3096 utens,
1122 3033 1215 3088 sed
1251 3032 1395 3086 dicta
1431 3030 1511 3084 sic
1531 3039 1735 3099 tempe-

150 3142 314 3189 rans,
354 3137 415 3179 ut
447 3125 672 3189 famulo,
706 3126 940 3189 ancillae,
970 3126 1166 3185 vidum,
1198 3121 1456 3184 institori,
1488 3129 1664 3176 nauta:
1683 3129 1735 3175 ct

150 3219 413 3290 agricola:
444 3227 605 3287 captu
643 3216 820 3271 facilia
844 3218 976 3281 sint,
1005 3217 1253 3271 brevitati
1292 3217 1532 3284 insuper,
1564 3230 1736 3284 quan-

154 3317 277 3361 tum
314 3307 395 3361 fas
426 3308 552 3368 erit,
588 3308 788 3377 ubique
804 3309 1031 3363 stndebo
1066 3308 1401 3377 :paucisque
1429 3308 1731 3362 doctrinam

154 3398 379 3452 tradere
406 3406 648 3467 satagam
680 3418 693 3452 :
720 3406 883 3467 atque
914 3411 1143 3468 utroque
1184 3398 1343 3452 modo
1384 3398 1731 3453 oscitantium

149 3486 469 3539 auditorum
501 3486 685 3541 studia
710 3488 960 3542 excitabo
985 3505 999 3553 ;
1030 3502 1138 3556 quo
1164 3489 1322 3543 facile
1347 3498 1401 3543 et
1427 3489 1631 3559 absque
1654 3490 1734 3543 la-

148 3578 291 3633 bore
307 3578 421 3632 inec
450 3579 731 3648 percipere
761 3580 993 3648 possint,
1019 3580 1194 3649 iisque
1217 3580 1269 3633 in
1296 3582 1555 3635 memoria
1578 3597 1724 3652 repo-

149 3669 303 3731 sitis,
356 3669 567 3723 lucrum
602 3670 727 3725 inde
767 3678 1063 3740 reportent.
1113 3670 1353 3725 Primum
1392 3681 1571 3727 autem
1606 3688 1729 3727 cum

148 3757 470 3813 Gentilibus
487 3773 682 3812 manus
698 3773 1005 3813 conseram.
1026 3758 1159 3812 Nam
1186 3759 1231 3814 si
1257 3761 1457 3814 dixerit
1479 3762 1728 3828 Gentilis,

154 3846 307 3902 unde
322 3848 669 3904 manifestum
694 3859 778 3905 est
796 3850 1071 3905 Christum
1091 3866 1211 3906 esse
1228 3852 1390 3906 Deum
1409 3852 1568 3922 ?(hoc
1588 3853 1731 3908 enim

148 3946 283 3994 ante
319 3939 500 3993 omnia
536 3942 873 4010 praestituere
899 3950 1133 4011 oportet,
1164 3951 1352 4012 utpote
1383 3959 1508 3997 cum
1539 3954 1733 4001 caetera

148 4027 285 4081 inde
312 4028 738 4097 consequantur)
758 4042 865 4082 non
890 4046 917 4079 :1
942 4029 1081 4083 (τωὶο
1106 4028 1627 4086 demonstrationem
1646 4049 1736 4103 pe-

148 4123 350 4181 temus,
382 4129 559 4184 neque
602 4115 668 4169 ab
696 4115 816 4170 aliis
863 4114 913 4168 id
941 4129 1130 4184 genus.
1166 4113 1296 4168 Nam
1334 4116 1380 4170 si
1412 4116 1486 4170 illi
1515 4114 1728 4185 dixero,

142 4202 342 4257 cmlum
385 4204 604 4270 creavit,
647 4213 842 4259 terram
883 4205 1009 4257 item
1054 4204 1135 4258 vel
1176 4219 1343 4269 mare,
1393 4205 1443 4259 id
1488 4205 1599 4275 ipse
1626 4221 1729 4260 non

143 4295 319 4357 feret;
357 4294 402 4348 si
430 4294 637 4361 dixero,
679 4304 918 4349 mortuos
962 4295 1253 4357 suscitavit,
1298 4311 1469 4351 erecos
1505 4298 1728 4362 curavit,

146 4384 426 4438 daemonas
478 4383 695 4453 fugavit,
736 4400 913 4454 neque
960 4384 1063 4439 hoc
1107 4385 1382 4451 admittet;
1426 4387 1471 4440 si
1525 4388 1729 4452 dixero,

143 4489 375 4543 regnum
403 4476 648 4544 promisit
672 4485 727 4530 et
754 4476 958 4530 occulta
990 4476 1147 4540 bona.
1180 4477 1224 4531 si
1250 4477 1317 4533 de
1342 4480 1733 4534 resurrectione

145 4563 314 4617 verba
341 4564 541 4629 fecero,
575 4566 676 4621 hoc
705 4581 809 4619 non
842 4567 1000 4622 modo
1030 4583 1133 4621 non
1167 4569 1403 4638 recipiet,
1434 4570 1527 4623 sed
1571 4570 1732 4624 etiam

144 4652 368 4712 ridebit.
401 4655 549 4711 Unde
578 4657 755 4726 igitur,
786 4659 1018 4712 maxime
1055 4660 1098 4712 si
1139 4658 1299 4713 idiota
1340 4660 1428 4725 sit,
1469 4660 1614 4714 illum
1645 4662 1729 4714 in-

145 4748 476 4803 stituemus?
503 4747 675 4814 Unde,
710 4750 942 4819 inquam,
984 4750 1086 4804 nisi
1112 4765 1176 4805 ex
1209 4751 1293 4815 iis,
1323 4767 1440 4820 quae
1469 4752 1606 4820 apud
1647 4769 1734 4808 me

144 4848 202 4892 et
252 4838 400 4891 illum
447 4838 500 4891 in
558 4836 806 4893 confesso
848 4848 991 4905 sunt,
1039 4855 1139 4895 nec
1189 4841 1241 4894 in
1283 4840 1500 4895 dubium
1552 4842 1731 4897 vocari

152 4936 396 4995 possunt.
420 4925 554 4981 Nam
593 4928 637 4981 si
677 4943 969 4997 supponam
1010 4930 1180 4999 ipsum
1211 4930 1513 4986 condidisse
1542 4932 1731 4987 caelum

149 5026 205 5070 et
230 5016 357 5082 alia,
386 5031 504 5085 qua:
531 5017 660 5080 dixi,
708 5017 759 5071 id
787 5018 875 5072 ille
921 5033 1027 5073 non
1070 5019 1221 5075 facile
1246 5021 1447 5075 credet.
1477 5023 1733 5089 Qumnam

150 5108 315 5177 igitur
340 5117 466 5162 sunt
499 5123 583 5174 ea,
614 5124 733 5178 quae
763 5110 932 5179 ipsum
961 5109 1153 5166 fecisse
1191 5112 1415 5167 Gentilis
1460 5112 1579 5182 ipse
1604 5113 1735 5168 fate-

154 5210 262 5263 tur,
293 5213 467 5267 neque
510 5214 705 5269 negare
744 5201 957 5270 potest?
997 5202 1147 5269 Quod
1191 5201 1609 5258 Christianorum
1637 5219 1732 5275 ge-

151 5304 254 5343 nus
276 5290 391 5358 ipse
415 5289 711 5347 fundaverit
739 5310 752 5347 :
786 5309 957 5363 neque
983 5295 1124 5348 enim
1160 5294 1287 5349 illud
1318 5307 1605 5366 negaturus
1629 5307 1732 5365 est,

152 5380 293 5449 quoi
327 5381 604 5436 universas
629 5397 724 5452 per
743 5384 929 5439 orbem
959 5384 1227 5439 Ecclesias
1253 5385 1572 5442 condiderit.
1603 5387 1736 5444 Hinc

152 5472 267 5538 ejus
299 5471 550 5539 potentiae
586 5482 957 5542 argumentum
996 5473 1275 5541 ducemus,
1308 5485 1362 5529 et
1393 5476 1737 5532 ostendemus

150 5560 329 5630 ipsum
354 5574 481 5616 vere
523 5560 691 5617 Deum
738 5577 859 5619 esse
887 5580 901 5617 :
933 5562 1273 5633 dicemusque
1309 5580 1414 5619 non
1458 5579 1577 5621 esse
1621 5569 1735 5637 puri

1840 2213 2073 2269 hominis
2122 2221 2327 2268 tantum
2376 2212 2586 2277 orbem,
2632 2221 2855 2280 terram,
2907 2229 3075 2282 mare,
3124 2224 3230 2270 tam
3280 2216 3427 2273 brevi

1841 2313 2077 2373 tempore
2120 2302 2428 2373 pervadere,
2464 2312 2519 2358 et
2556 2303 2623 2358 ad
2662 2318 2748 2358 res
2791 2313 2964 2359 tantas
3002 2319 3263 2370 evocare;
3304 2321 3426 2361 cum

1840 2395 2075 2448 maxime
2120 2402 2227 2448 tam
2273 2393 2518 2448 absurdis
2562 2395 2800 2449 moribus
2833 2396 3028 2450 assueti
3069 2396 3308 2451 homines
3344 2412 3431 2453 es-

1844 2492 1984 2548 sent,
2013 2492 2068 2538 et
2099 2492 2175 2538 tot
2203 2485 2356 2539 malis
2380 2484 2588 2538 irrctiti.
2617 2484 2685 2539 Et
2713 2494 2887 2539 tamen
2921 2487 3089 2553 potuit
3119 2486 3206 2540 ille
3238 2486 3429 2540 huma-

1845 2591 1973 2630 num
2005 2589 2176 2645 genus
2202 2575 2269 2629 ab
2310 2574 2392 2629 his
2424 2574 2673 2629 omnibus
2708 2575 2973 2640 liberare;
3018 2591 3123 2629 non
3160 2575 3428 2630 Romanos

1846 2676 2071 2731 tantum,
2110 2667 2203 2721 sed
2226 2667 2416 2722 Persas
2440 2675 2494 2721 et
2520 2682 2678 2722 omne
2704 2666 3058 2722 Barbarorum
3085 2684 3270 2738 genus.
3303 2669 3427 2724 Ilzec

1845 2771 2007 2826 porro
2034 2756 2157 2811 fecit
2202 2773 2308 2811 non
2358 2756 2521 2811 armis
2565 2772 2712 2822 usus,
2761 2773 2866 2813 non
2895 2760 3215 2828 sumptibus,
3266 2760 3427 2815 nullis

1843 2848 2183 2913 exercitibus,
2215 2862 2321 2902 non
2343 2848 2641 2902 commissis
2668 2849 2884 2917 praeliis,
2912 2848 3007 2903 sed
3035 2849 3293 2919 principio
3336 2866 3429 2919 per

1846 2938 2090 2993 undecim
2143 2939 2309 3004 viros,
2373 2938 2653 3006 ignobiles,
2710 2939 2859 3002 viles,
2924 2940 3155 3009 ignaros,
3210 2940 3419 3006 idiotas,

1845 3043 2126 3099 pauperes,
2161 3029 2351 3091 nudos,
2381 3029 2629 3091 inermes,
2679 3029 2873 3083 calceis
2907 3039 3170 3096 carentes,
3214 3045 3317 3084 una
3348 3040 3430 3084 tu-

1845 3121 1962 3174 nica
1995 3128 2183 3173 tectos.
2223 3118 2359 3183 Quid
2399 3118 2538 3183 dico,
2585 3117 2751 3173 fecit?
2780 3119 3109 3174 Persuadere
3141 3122 3311 3190 potuit
3350 3129 3429 3174 tot

1845 3210 2120 3264 hominum
2155 3210 2419 3278 gentibus,
2467 3218 2525 3263 ut
2567 3224 2672 3263 non
2706 3210 2774 3265 de
2803 3211 3153 3279 przescntibus
3199 3219 3424 3277 tantum,

1845 3300 1940 3355 sed
1972 3300 2130 3353 etiam
2158 3300 2225 3354 de
2268 3300 2454 3353 futuris
2482 3299 3003 3369 pliilOSOpharentur,
3040 3310 3201 3370 utque
3232 3304 3427 3371 patrias

1844 3389 1988 3460 leges
2034 3390 2347 3455 evellerent,
2407 3399 2720 3460 veteresque
2767 3406 2944 3445 mores
2995 3400 3142 3446 tanto
3192 3404 3428 3461 tempore

1843 3482 2109 3536 radicatos
2162 3481 2374 3550 penitus
2430 3481 2695 3547 tollerent,
2738 3482 2978 3551 aliosque
3024 3483 3427 3550 substituerent,

1843 3573 1933 3643 qui
1974 3573 2041 3626 ab
2080 3572 2308 3626 assuetis
2333 3582 2386 3626 et
2429 3572 2671 3627 facilibus
2710 3572 2776 3627 ad
2806 3572 3103 3628 difficiliora
3149 3574 3265 3643 ejus
3292 3590 3430 3644 prm-

1845 3672 1997 3731 cepta
2025 3661 2381 3716 traducerent.
2412 3660 2537 3715 Haec
2561 3676 2691 3715 vero
2721 3660 2896 3717 facere
2939 3662 3128 3732 potuit,
3168 3664 3293 3717 dum
3332 3678 3429 3733 op-

1843 3760 2165 3822 pugnaretur
2183 3751 2249 3805 ab
2269 3750 2515 3805 omnibus
2539 3768 2553 3804 :
2580 3766 2900 3820 crucemque
2928 3752 3198 3817 sustinuit,
3230 3753 3427 3808 infame

1842 3842 2175 3910 supplicium,
2222 3856 2284 3895 ac
2328 3850 2556 3895 mortem
2606 3841 3190 3909 ignominiosissimam.
3239 3842 3423 3913 Neque

1841 3934 1983 3988 enim
2009 3932 2277 4001 negabunt
2304 3932 2477 4000 ipsum
2503 3947 2531 3984 a
2558 3931 2759 3987 Judaais
2782 3932 3091 3986 crucifixum
3120 3934 3427 3989 innumera-

1840 4038 1943 4092 que
1965 4022 2033 4077 ab
2062 4022 2167 4076 illis
2194 4036 2407 4089 passum
2448 4035 2587 4085 esse,
2621 4030 2674 4076 et
2700 4031 2875 4076 tamen
2904 4022 3141 4091 quotidie
3167 4024 3425 4093 pnedica-

1842 4113 2040 4166 tionem
2079 4125 2388 4166 accrescere
2419 4109 2701 4181 :quodque
2730 4111 3040 4166 incredibile
3066 4111 3330 4178 videatur,
3360 4129 3425 4169 ea

1840 4218 1947 4256 non
1975 4203 2061 4257 hic
2090 4212 2313 4267 tantum,
2347 4201 2439 4258 sed
2465 4211 2519 4257 et
2540 4202 2679 4273 apud
2707 4202 2897 4257 Persas
2914 4202 3088 4270 ﬂoret,
3113 4206 3324 4261 etiamsi
3353 4207 3424 4262 ab

1841 4294 1946 4348 illis
1966 4302 2322 4363 oppugnetur.

1911 4384 1979 4438 In
2022 4384 2232 4439 Perside
2273 4385 2528 4455 Martyres
2574 4384 3066 4441 multi.—Etenim
3117 4386 3257 4456 apud
3303 4386 3425 4442 illos

1840 4488 2050 4542 quoque
2071 4483 2362 4545 martyrum
2388 4475 2631 4528 examina
2660 4475 2828 4527 multa
2860 4492 2872 4528 :
2897 4484 2951 4529 et
2976 4484 3152 4529 tamen
3177 4476 3265 4546 qui
3297 4477 3424 4545 ipsis

1841 4565 1979 4634 lupis
2004 4565 2297 4620 ferociores
2337 4576 2511 4632 erant,
2543 4575 2759 4635 accepta
2799 4566 3194 4634 praedicatione,
3237 4568 3425 4622 ovibus

1843 4654 2234 4708 mansuetiores
2274 4668 2495 4708 evasere
2528 4672 2542 4708 :
2559 4654 2777 4722 jamque
2815 4653 2882 4708 de
2912 4654 3328 4720 immortalitate,
3359 4656 3427 4711 de

1840 4745 2235 4800 resurrectione
2255 4754 2309 4799 et
2327 4744 2395 4799 de
2418 4744 2771 4800 inetfabilibus
2793 4745 2945 4799 bonis
2966 4745 3423 4816 philosophantur.

1910 4836 1963 4889 2.
2004 4836 2259 4891 Christum
2288 4835 2448 4889 Deum
2482 4846 2529 4890 et
2558 4837 2810 4890 hominem
2837 4840 3061 4908 futurum
3090 4855 3196 4893 esse
3236 4841 3426 4910 prwdi-

1840 4939 1973 4984 ctum
1993 4940 2084 4984 est.
2110 4958 2182 4969 —-
2207 4928 2321 4983 Non
2353 4929 2404 4982 in
2433 4928 2651 4984 urbibus
2675 4937 2901 4995 tantum,
2938 4930 3032 4984 sed
3060 4930 3218 4985 etiam
3247 4932 3298 4986 in
3322 4932 3425 4986 de-

1843 5026 1989 5075 serto
2032 5018 2148 5073 hazc
2176 5019 2430 5087 prmclare
2465 5027 2612 5089 gesta
2648 5019 2850 5083 videas,
2885 5021 2936 5073 in
2965 5020 3117 5086 vicis,
3167 5021 3219 5075 in
3263 5022 3424 5091 agris,

1842 5112 1895 5166 in
1924 5111 2135 5177 insulis,
2166 5111 2217 5163 in
2250 5111 2504 5180 portubus
2526 5119 2578 5165 et
2605 5110 2881 5166 navalibus
2913 5129 2927 5166 :
2960 5127 3063 5165 non
3093 5112 3292 5177 idiotre,
3321 5126 3425 5168 non

1844 5203 2113 5272 principes
2156 5210 2381 5267 tantum,
2431 5201 2525 5257 sed
2566 5202 2644 5257 illi
2689 5202 2789 5272 ipsi
2830 5203 2919 5272 qui
2956 5203 3255 5258 diademate
3292 5203 3426 5257 redi-

1843 5296 2099 5359 miuntur,
2124 5294 2377 5349 crucifixo
2401 5310 2587 5365 magna
2612 5310 2734 5350 cum
2758 5294 2863 5351 fide
2886 5296 3083 5351 subditi
3106 5304 3251 5349 sunt.
3274 5295 3424 5362 Quod

1842 5394 2018 5439 autem
2041 5384 2155 5439 haec
2178 5399 2283 5439 non
2310 5394 2513 5440 temere
2539 5385 2877 5456 contigerint,
2903 5386 2997 5440 sed
3018 5385 3108 5439 diu
3136 5394 3261 5439 ante
3285 5399 3423 5455 prat-

1842 5476 1983 5532 dicta
2012 5477 2139 5544 sint,
2158 5475 2268 5546 jam
2290 5476 2660 5533 demonstrare
2689 5477 2944 5532 conabor.
2975 5477 3087 5531 imo
3107 5491 3253 5538 vero,
3274 5484 3333 5530 ut
3360 5490 3431 5529 ne

1840 5582 2020 5624 sermo
2047 5575 2229 5622 noster
2254 5576 2535 5638 suspectus
2562 5568 2653 5636 sit,
2681 5581 2860 5638 opem
2886 5566 3114 5637 pretium
3135 5566 3237 5622 erit
3258 5565 3423 5623 libro.
