3866 6226
145 172 259 228 815

147 289 312 361 ἡμῶν
348 287 479 358 μηδὲ
523 287 763 342 ὕποπτον
791 290 1042 358 γενέσθαι
1082 292 1174 344 16v
1219 291 1403 360 λόγον,
1435 293 1730 361 ἀναγκαῖον

147 375 222 427 16
253 371 431 442 βιϐλία
455 371 566 424 τῶν
593 373 1023 442 σταυρωσάντων
1044 374 1206 427 αὐτὸν
1234 377 1502 428 Ἰουδαίων
1540 379 1619 440 εἰς
1644 377 1732 446 μὲ-

147 473 249 510 σον
283 455 604 525 προθεῖναι,
639 456 733 509 καὶ
781 457 879 520 τὰς
930 457 1058 526 περὶ
1108 458 1272 511 αὐτοῦ
1314 461 1621 531 μαρτυρίας
1667 463 1730 514 ἐκ

141 539 263 591 τῶν
295 541 422 608 παρ’
454 538 638 600 αὐτοῖς
683 538 1100 609 φυλαττομένων
1128 540 1359 610 Γραφῶν
1397 542 1476 595 ἔτι
1516 544 1608 596 καὶ
1635 545 1729 596 νῦν

142 622 244 672 ὑπ’
279 621 432 689 ὕψεσι
454 620 564 673 τῶν
597 621 968 674 ἀπειθούντων
995 621 1300 686 διεξελθεῖν.
1339 624 1461 676 Ὅτι
1489 626 1668 678 τοίνυν
1699 627 1728 678 6

139 702 284 767 Θεὸς
330 703 615 773 ἄνθρωπος
661 704 850 767 ἔσται,
883 704 1014 767 Θεὸς
1041 703 1148 769 ῶν,
1201 706 1417 776 πρῶτος
1461 708 1728 778 Ἱερεμίας

139 785 325 854 λέγει’
357 781 546 851 Οὗτος
576 789 609 838 ό
642 787 786 851 Θεὸς
815 786 1013 855 ἡμῶν,
1045 790 1116 840 οὺ
1146 790 1574 856 λογισθήσεται
1601 792 1726 846 ἕτε-

127 887 252 936 ρος
278 869 426 935 πρὸς
457 871 662 922 αὐτόν.
700 869 935 937 Ἐξεῦρε
966 869 1173 925 πᾶσαν
1195 872 1338 926 ὁδὸν
1364 875 1723 943 ἐπιστήμης,

134 951 244 1003 καὶ
284 951 507 1004 ἔδωκεν
545 952 743 1016 αὐτὴν
779 953 978 1005 Ἰακὼϐ
1022 953 1102 1017 τῷ
1155 954 1318 1007 παιδὶ
1366 957 1553 1010 αὐτοῦ
1576 998 1591 1022 ,
1619 958 1726 1011 ’καί

150 1033 396 1099 Ἰσραὴλ
425 1033 505 1097 τῷ
543 1034 909 1102 ἠγαπημένῳ
936 1035 1037 1087 ὑπ’
1079 1037 1285 1090 αὐτοῦ.
1331 1040 1492 1092 Μετὰ
1541 1040 1726 1093 ταῦτα

131 1115 240 1166 ἐπὶ
279 1115 390 1182 τῆς
429 1115 541 1184 γῆς
573 1116 772 1184 ὤφθη,
815 1117 908 1170 καὶ
954 1117 1076 1182 τοῖς
1129 1119 1459 1185 ἀνθρώποις
1493 1137 1720 1175 συνανο

132 1199 432 1266 εστι-ἀφη.
469 1195 618 1262 Εἶδες
653 1199 766 1262 πῶς
799 1198 1012 1252 ἅπαντα
1034 1201 1089 1251 ἐν
1107 1200 1331 1270 βραχέσι
1356 1206 1558 1272 ῥήμασι
1586 1221 1724 1276 παρ-

130 1279 379 1350 εδήλωσε
403 1322 418 1345 ,
477 1281 571 1334 καὶ
629 1283 711 1334 ὅτι
747 1281 880 1344 Θεὸς
914 1281 988 1333 ὢν
1022 1283 1308 1352 ἄνθρωπος
1353 1285 1598 1352 ἐγένετο,
1629 1288 1722 1341 καὶ

129 1362 451 1432 ἀνθρώποις
482 1363 894 1434 συνανεστράφη
921 1405 934 1426 ,
967 1364 1061 1417 καὶ
1109 1365 1190 1416 ὅτι
1224 1366 1316 1418 καὶ
1347 1367 1443 1436 τὴν
1479 1368 1720 1424 Παλαιὰν

27 1443 30 1448 ’
128 1445 305 1506 αὐτὸς
360 1445 790 1516 ὲνομοθέτησεν;
835 1445 1075 1514 Ἐξεῦρε
1127 1446 1269 1518 γὰρ,
1313 1451 1483 1518 φησι,
1515 1449 1721 1504 πᾶσαν

127 1526 286 1579 ὀδόν
331 1527 708 1597 ἐπιστήμης,
747 1528 845 1582 καὶ
877 1528 1100 1581 ἔδωκεν
1155 1530 1349 1598 αὐτὴν
1393 1532 1594 1585 Ἰακὼϐ
1637 1533 1718 1597 τῷ

26 1605 30 1628 ⁷
125 1610 302 1662 παιδὶ
337 1611 542 1674 αὑτοῦ,
584 1611 680 1663 καί
719 1610 955 1678 Ἰσραὴλ
985 1609 1065 1674 τῷ
1092 1611 1452 1681 ἠγαπημένῳ
1481 1616 1580 1667 ὑπ’
1611 1618 1719 1669 αὺ-

26 1695 28 1702 ’
124 1697 266 1750 τοῦ.
288 1698 535 1750 Δείκνυσι
559 1697 665 1766 γὰρ
688 1698 918 1751 ἐνταῦθα
942 1700 1022 1751 ὅτι
1047 1702 1137 1752 καὶ
1167 1699 1272 1770 πρὸ
1289 1700 1388 1768 τῆς
1415 1703 1716 1771 παρουσίας

26 1797 28 1802 ι
123 1779 237 1847 τῆς
273 1780 537 1850 ἐνσάρκου
576 1780 752 1833 πάντα
778 1781 938 1844 αὐτὸς
969 1781 1257 1852 ᾠκονόμει,
1294 1782 1387 1835 καὶ
1413 1783 1590 1836 πάντα
1626 1786 1717 1837 αὐ-

121 1861 228 1923 16;
259 1861 517 1931 ἔπραττε,
547 1862 872 1931 νομοθετῶν,
907 1865 1148 1934 προνοῶν
1169 1904 1182 1924 ,
1217 1865 1532 1934 κηδόμενος,
1562 1867 1715 1938 εὐερ-

118 1944 330 2010 τετῶν.
367 1945 595 2014 Ἕτερος
628 1945 788 1998 πάλιν
831 1948 1112 2017 προφήτης
1135 1988 1148 2010 ,
1188 1948 1269 1999 ὅτι
1296 1948 1393 2001 οὐκ
1431 1949 1714 2020 ἄνθρωπος

120 2028 300 2093 μόνον
325 2027 477 2080 ἔσται
500 2069 515 2089 ,
543 2027 657 2082 ἀλλ’
682 2030 763 2081 ὅτι
799 2031 890 2082 καὶ
924 2030 1031 2082 ἀπὺ
1070 2029 1337 2101 παρθένου
1368 2032 1708 2102 τεχθήσεται,

117 2111 365 2164 ἄκουσον
404 2109 521 2174 πῶς
576 2127 772 2181 φησιν·
817 2111 960 2165 Ἰδοὺ
1010 2114 1046 2180 ἠ
1083 2113 1378 2180 παρθένος
1403 2115 1474 2166 ἐν
1500 2115 1712 2183 γαστρὶ

115 2197 286 2262 ἕξει,
319 2198 417 2251 καί
447 2197 676 2262 τέξεται
713 2197 848 2252 υίὸν
871 2239 885 2260 ,
917 2199 1014 2250 καί
1050 2201 1382 2253 καλέσουσι
1429 2201 1494 2254 τό
1526 2201 1712 2271 ὄνομα

26 2345 28 2358 Ι
115 2281 320 2334 αὑτοῦ
364 2281 776 2349 Ἐμμανουήλ·
803 2281 959 2334 τοῦτο
987 2282 1044 2334 δέ
1095 2283 1209 2335 ἐστι
1239 2283 1711 2354 μεθερμηνευόμε-

115 2381 256 2427 νον,
289 2363 436 2435 [560]
461 2362 591 2415 Μεθ’
621 2364 778 2435 ήμῶν
822 2367 852 2418 6
899 2365 1052 2428 Θεὸς.
1088 2363 1219 2418 Εἶτα
1266 2367 1479 2430 δεικνὺς
1525 2369 1607 2420 ὅτι
1646 2371 1708 2421 οὐ

114 2446 403 2515 φαντασία
438 2447 498 2498 16
531 2447 854 2516 φαινόμενον
882 2442 970 2517 ἦν,
1006 2447 1122 2500 ἀλλ’
1160 2448 1372 2517 ἀληθῶς
1400 2449 1706 2522 ἄνθρωπος,

26 2551 28 2556 τ
112 2531 374 2599 ἐπήγαγε
413 2529 586 2597 λέγων
611 2547 623 2560 ·
672 2533 825 2583 Διότι
855 2531 996 2596 πρὶν
1039 2531 1077 2598 ἢ
1126 2532 1343 2598 γνῶναι
1374 2532 1440 2584 τὸ
1469 2533 1710 2587 παιδίον

110 2616 342 2669 καλεῖν
364 2615 589 2682 πατέρα
611 2617 839 2684 ἀγαθὸν
867 2618 904 2683 ἢ
933 2617 1122 2670 κακὸν
1143 2657 1158 2679 ,
1191 2617 1425 2672 ἀπειθεῖ
1451 2620 1708 2686 πονηρίᾳ

26 2706 30 2722 ¹
110 2698 232 2752 τοῦ
267 2699 629 2762 ἐκλέξασθαι
668 2699 736 2750 τό
783 2700 1029 2766 ἀγαθόν.
1064 2700 1186 2751 ’Ὁτι
1235 2699 1290 2751 δὲ
1337 2700 1500 2764 αὐτὸς
1548 2697 1706 2764 οὗτος

107 2784 225 2834 οὐκ
263 2782 550 2852 ἄνθρωπος
583 2781 739 2850 μόνον
765 2823 779 2844 ,
830 2783 938 2836 οὐδ’
972 2784 1054 2834 ὅτι
1099 2786 1162 2836 ἐκ
1210 2783 1477 2852 παρθένου
1525 2784 1702 2853 μόνον,

26 2893 30 2924 ξ
108 2864 239 2918 611‘
265 2867 349 2917 ὅτι
375 2864 470 2918 καὶ
498 2864 557 2929 ἐξ
594 2865 746 2917 οἴκου
775 2864 940 2917 Δαϐὶδ
959 2906 972 2929 ,
999 2866 1230 2919 ἄκουσον
1267 2866 1383 2928 πῶς
1412 2866 1505 2918 καὶ
1547 2866 1706 2919 τοῦτο

107 2948 330 3002 ἄνωθεν
362 2947 615 3019 προλέγει
642 2951 670 3001 6
711 2949 969 3010 Ἡσαΐας,
1006 2948 1282 3016 τροπικῶς
1312 2950 1407 3018 μὲν
1431 2951 1705 3018 κεχρημέ-

105 3049 208 3094 νος
239 3034 360 3093 ταῖς
385 3031 559 3094 λέξεσι
589 3033 682 3083 καὶ
710 3032 991 3102 μεταφορᾷ
1021 3030 1226 3100 πολλῇ,
1259 3029 1512 3101 προλέγει
1539 3032 1584 3083 δ’
1612 3028 1704 3084 οὖν

105 3117 270 3183 ὅμως
291 3129 305 3141 ·
342 3115 750 3177 Ἐξε-..ἰεύσεται
771 3114 995 3180 ⁶ῥάϐδος
1023 3113 1090 3166 ἐκ
1117 3112 1226 3179 τῆς
1258 3112 1425 3180 ῥίζης
1465 3114 1700 3178 Ἰεσσαὶ,

105 3201 214 3254 καὶ
245 3201 428 3266 ἄνθος
458 3200 526 3252 ἐκ
549 3200 659 3266 τῆς
681 3200 848 3267 pitag
876 3200 1242 3266 ἀναϐήσεται
1262 3241 1276 3263 ,
1303 3200 1400 3252 καί
1432 3202 1701 3254 ἀναπαύ-

105 3302 292 3339 σεται
341 3284 432 3335 ἐπ’
464 3285 650 3338 αὐτὸν
683 3285 917 3354 πνεῦμα
972 3285 1120 3339 Θεοῦ
1142 3323 1156 3346 ,
1193 3285 1430 3352 πνεῦμα
1483 3286 1705 3354 σοφίας

28 3351 36 3360 ’
104 3369 213 3421 καὶ
239 3367 568 3432 συνέσεως,
588 3368 822 3436 πνεῦμα
835 3351 1080 3434 ξϐουλῆς
1099 3369 1195 3420 καί
1220 3351 1451 3436 ἰσχύος,
1470 3351 1703 3434 πνεῦμα

105 3450 400 3520 γνώσεως
429 3451 524 3502 καὶ
562 3451 900 3515 εὐσεϐείας.
952 3451 1187 3518 πνεῦμα
1212 3452 1400 3518 φόϐου
1434 3450 1579 3503 Θεοῦ
1604 3451 1704 3518 ἐμ-

104 3536 196 3586 π.1
207 3532 347 3600 ήσει
371 3533 576 3586 αὐτόν.
606 3532 664 3584 '0
688 3536 794 3602 γὰρ
818 3533 1016 3586 Ἰεσσαὶ
1037 3529 1189 3589 0610:
1213 3533 1396 3603 πατὴρ
1423 3532 1516 3585 106
1537 3532 1700 3585 Δαϐὶδ

30 3653 32 3656 -
100 3612 199 3685 ἦν.
219 3614 390 3683 Δῆλον
416 3615 479 3665 ἐκ
505 3613 692 3666 τούτου
716 3615 797 3666 ὅτι
819 3615 914 3667 καὶ
943 3615 1050 3668 ἀπὸ
1070 3616 1167 3684 τῆς
1185 3614 1358 3684 φυλῆς
1377 3616 1590 3684 ἐκείνης
1607 3610 1695 3686 ἦν.

102 3701 187 3751 Οὐ
222 3697 385 3767 μόνον
409 3697 466 3750 δὲ
495 3697 575 3749 ὅτι
599 3697 706 3749 ἀπὸ
739 3697 837 3766 τῆς
867 3697 1061 3767 φυλῆς,
1092 3698 1204 3749 ἀλλ’
1230 3699 1312 3751 ὅτι
1341 3700 1434 3751 καὶ
1463 3699 1570 3751 ἀπὸ
1600 3699 1698 3767 τῆς

30 3815 36 3830 ε
99 3781 294 3842 οἰκίας
330 3779 524 3832 Ἰεσσαὶ
561 3780 966 3849 προελεύσεται,
995 3782 1087 3832 καὶ
1123 3780 1280 3832 τοῦτο
1313 3779 1698 3850 προανεφὼνη-

104 3883 234 3926 σεν,
267 3862 456 3914 εἰπών·
483 3863 896 3926 Ἑξελεύσεται
925 3863 1056 3934 γὰρ,
1079 3864 1233 3933 φησὶ,
1245 3863 1474 3930 ῥάϐδος
1497 3864 1565 3916 ἐκ
1589 3863 1699 3930 τῆς

98 3947 280 4018 ῥίζης
313 3946 559 3998 Ἰεσσαί’
588 3946 648 3998 οὐ
677 3947 814 4016 περὶ
859 3947 1053 4017 ῥάϐδου
1101 3946 1274 4012 λέγων
1319 3946 1534 4011 ἁπλῶς,
1563 3947 1699 4000 6116

99 4030 247 4100 περὶ
271 4026 433 4080 αὐτοῦ
462 4028 556 4080 καὶ
584 4028 685 4096 τῆς
717 4028 994 4096 βασιλείας
1023 4025 1209 4082 αὐτού.
1237 4028 1346 4081 Καὶ
1370 4030 1450 4081 ὅτι
1477 4029 1538 4080 οὐ
1572 4029 1699 4098 περὶ

101 4113 318 4186 ῥάϐδου
348 4109 505 4162 10610
551 4107 733 4174 εἶπεν,
770 4112 1008 4181 ἐδήλωσε
1057 4112 1142 4164 διὰ
1181 4111 1290 4164 τῶν
1322 4111 1479 4179 ἐξῆς’
1528 4111 1698 4164 εἰπὼν

97 4197 226 4266 γὰρ
242 4235 257 4258 ,
277 4195 688 4255 Ἐξελεύσεται
711 4194 936 4262 ῥάϐδος
955 4235 968 4255 ,
1001 4196 1246 4265 ἐπήγαγε
1265 4210 1278 4224 ·
1292 4195 1408 4246 ’Καὶ
1433 4194 1700 4247 ἀναπαύ-

34 4301 38 4304 ·
96 4293 288 4332 σεται
317 4276 410 4328 ἐπ’
426 4277 612 4328 αὑτὸν
636 4277 871 4344 πνεῦμα
895 4277 1116 4344 σοφίας
1139 4275 1235 4328 καὶ
1259 4274 1700 4340 συνέσεως,οὐ-

32 4369 38 4378 ’
94 4362 224 4422 δεὶς
247 4359 327 4418 66.
361 4357 462 4410 κᾶν
492 4358 694 4429 σφόδρα
721 4359 946 4428 ἀνόητος
971 4355 1026 4428 ᾗ,
1048 4357 1206 4409 10610
1226 4359 1360 4427 ἐρεῖ,
1384 4357 1464 4408 ὅτι
1491 4357 1581 4409 ἐπὶ
1603 4357 1696 4410 τοῦ

99 4445 279 4509 ξύλου
314 4441 513 4510 ήρχετο
562 4443 594 4510 ή
635 4440 728 4494 106
763 4441 1072 4510 πνεύματος
1106 4440 1296 4510 χάρις,
1333 4439 1446 4492 ἀλλ’
1480 4437 1696 4509 εὐδηλον

94 4530 196 4581 ὃτι
237 4524 332 4576 ἐπὶ
355 4523 446 4574 τὸν
469 4523 596 4576 ναὸν
621 4523 827 4576 ἐκεῖνον
857 4523 949 4576 τὸν
974 4523 1224 4593 ἄμωμον.
1247 4522 1344 4575 Διά
1371 4521 1528 4574 10610
1551 4521 1694 4585 οὐδὲ,

93 4612 257 4682 ἥξει,
286 4601 586 4670 εἷπεν,ἀλλ’
607 4606 1122 4660 ἐπαναπαύσεταιο
1149 4604 1334 4675 ἐπειδὴ
1370 4603 1538 4656 ἐλθὼν
1567 4621 1698 4674 παρ-

34 4755 42 4766 ’
92 4696 324 4764 ἐμεινε,
361 4689 456 4742 καὶ
511 4688 611 4741 οὐκ
657 4689 892 4758 ἀπέστη.
928 4690 992 4740 Ὀ
1024 4687 1078 4739 δὲ
1113 4688 1206 4740 καὶ
1245 4689 1272 4740 6
1307 4687 1695 4757 εὐαγγελιστὴς

93 4777 373 4843 Ἰωάννης
406 4771 580 4842 δηλῶν
619 4772 832 4840 ἐλεγενο
869 4770 1017 4838 Ἐγὼ
1045 4770 1317 4837 τεθέαμαι
1358 4768 1424 4822 τό
1455 4768 1696 4837 Πνεῦμα

36 4845 42 4856 ἶ
93 4855 477 4915 καταϐαῖνον
492 4855 634 4907 ὡσεί
656 4853 1032 4922 περιστερὰν,
1052 4853 1149 4905 καί
1166 4852 1355 4920 μένον
1377 4852 1468 4904 ἐπ’
1487 4851 1691 4907 αὐτόν.

93 4945 183 4999 Οὐ
226 4937 661 5010 παρεσιώπησαν
695 4937 751 4991 δὲ
785 4935 905 4990 οὐδέ
943 4935 1038 5006 τὴν
1084 4934 1306 5004 γνώμην
1338 4933 1436 5004 τὴν
1473 4933 1692 4986 Ἰουδαῖ-

94 5027 242 5096 κὴν,
271 5023 338 5092 ἢν
384 5020 727 5084 ἐπεδείξαντο
747 5019 864 5089 ἅμα
887 5018 1167 5088 τεχθέντος
1192 5015 1357 5070 αὐτοῦ
1378 5031 1391 5046 ⁶
1411 5017 1438 5068 6
1464 5017 1564 5086 μὲν
1586 5015 1693 5086 γὰρ

91 5104 400 5167 Ματθαίός
447 5119 610 5173 φησιν
629 5119 642 5132 ·
669 5101 957 5166 Ἀκούσας
993 5100 1060 5153 δὲ
1087 5099 1337 5168 Ἡρώδης
1375 5098 1688 5166 ἐταράχθη,

93 5192 213 5246 καὶ
261 5187 430 5241 πᾶσα
468 5185 847 5252 Ἰεροσόλυμα
867 5185 992 5252 μετ’
1037 5183 1258 5238 αὐτοῦ’
1298 5184 1326 5234 6
1365 5181 1424 5234 66
1464 5181 1689 5242 Ἡσαΐας

91 5278 350 5332 ἄκουσον
383 5269 499 5331 πῶς
526 5269 618 5321 καὶ
643 5266 800 5319 τοῦτο
825 5266 1028 5321 ἄνωθεν
1071 5265 1438 5337 προανεφώνει
1481 5263 1654 5332 λέγων
1674 5278 1689 5293 ο

95 5354 505 5411 θελήσουσιν
527 5353 580 5403 εὶ
606 5348 982 5418 ἐγενήθησαν
1001 5351 1398 5418 πυρίκαυστοι
1418 5363 1432 5378 ο
1452 5347 1540 5400 δτι
1559 5363 1691 5399 παι-

89 5443 250 5496 δίον
298 5434 589 5503 ἐγεννήθη
629 5432 792 5501 ἡμῖν,
827 5432 956 5498 υίὸς
1011 5432 1111 5484 καὶ
1161 5431 1337 5499 ἐδόθη
1378 5430 1541 5500 ἡμῖν,
1591 5429 1690 5481 καὶ

92 5519 385 5577 καλεῖται
411 5519 475 5570 τὸ
513 5518 699 5584 ὄνομα
737 5516 923 5568 αὑτοῦ
947 5515 1216 5584 μεγάλης
1249 5513 1490 5580 ,ϐουλῆς
1519 5513 1690 5580 ἄγγεα

38 5655 42 5666 ,
88 5611 248 5670 λος.
281 5599 624 5672 θαυμαστός
663 5600 1026 5668 σύμϐουλος,
1055 5597 1196 5663 Θεὸς
1224 5596 1492 5666 ἰσχυρὸς,
1518 5595 1688 5660 ἐξου-

683 170 964 228 CONTRA
1009 171 1298 230 JUDzEOS
1341 173 1424 229 ET
1464 173 1828 239 GENTILES,
1865 177 2055 246 QUOD
2096 185 2443 246 CHRISTUS
2485 187 2592 244 SIT
2633 189 2834 268 DEUS.

3301 192 3406 249 8l6

1835 301 2115 369 σιαστὴς,
2151 306 2352 376 ἅρχων
2389 307 2631 375 εἰρήνης
2655 348 2670 371 ,
2705 306 2902 376 πατὴρ
2937 307 3044 362 τοῦ
3076 307 3412 378 μέλλοντος

1831 379 2064 448 αἰῶνος.
2097 389 2216 441 Ὅτι
2239 391 2294 442 δὲ
2320 393 2444 461 περὶ
2467 391 2753 461 ἀνθρώπου
2779 391 2877 444 οὐκ
2893 391 2958 444 ἀν
2978 409 3060 456 τις
3090 394 3234 446 είποι
3250 395 3410 449 τοῦτο

1830 463 2008 532 ψιλοῦ.
2033 468 2254 540 εὔδηλον
2295 475 2389 528 καὶ
2421 477 2532 536 τοῖς
2555 473 2760 543 σφόδρα
2791 474 3112 542 φιλονεικεῖν
3142 476 3404 532 ἐθέλουσι.

1830 545 1960 629 Θεὸς
1983 551 2091 622 γὰρ
2142 555 2358 625 ἰσχυρὸς
2395 556 2570 618 οὐδεὶς
2611 555 2914 626 ἀνθρώπων
2951 558 3142 629 ἐλέχθη
3174 558 3282 612 ἀπὸ
3311 558 3408 612 106

1829 628 2044 694 αἰῶνος,
2085 635 2204 687 οὐδὲ
2235 639 2416 706 ἄρχων
2454 639 2678 708 εἰρήνης
2704 637 2990 710 τοιαύτης·
3041 628 3161 705 Τῆς
3194 642 3303 708 γὰρ
3328 643 3409 694 εί·-

1819 711 2017 779 ρήνης
2041 718 2185 770 αὐτο
2196 717 2247 780 ὗ,
2273 722 2454 788 φησιν,
2473 723 2584 774 οὐκ
2603 720 2777 774 ἔστιν
2793 721 2975 788 ὄριον.
3003 723 3110 774 Καὶ
3129 721 3280 790 δηλοῖ
3300 723 3408 775 τῶν

1829 797 2168 865 πραγμάτων
2194 801 2226 870 ή
2259 801 2439 869 φύσις,
2469 803 2550 855 ὅτι
2580 805 2760 855 πᾶσαν
2783 803 2984 874 ἐπῆλθε
3008 803 3104 874 τὴν
3139 806 3264 874 γῆν,
3297 806 3407 858 πᾶ·

1829 891 1925 928 σαν
1960 878 2248 944 θάλατταν,
2289 886 2466 936 πᾶσαν
2501 884 2846 955 οἰκουμένην,
2897 889 3076 939 πᾶσαν
3127 888 3404 958 ἀοίκητον,

1830 961 1919 1014 καὶ
1942 961 2040 1034 ὅρη
2068 965 2162 1017 καὶ
2201 966 2377 1029 νάπας
2405 969 2498 1020 καὶ
2530 968 2750 1038 βουνοὺς
2779 968 2884 1021 ἀπὸ
2904 971 3002 1040 τῆς
3030 969 3238 1041 ἡμέρας
3264 971 3407 1024 ἐκεί-

1826 1063 1942 1114 νης,
1967 1047 2060 1114 ἀφ’
2090 1042 2156 1118 ἦς
2194 1050 2518 1120 ἀνέρχεσθαι
2552 1052 2781 1121 μέλλων,
2815 1053 2951 1122 πρὸς
2976 1054 3103 1116 τοὺς
3157 1054 3406 1124 μαθητὰς

1824 1125 1976 1180 εἶπεν
1996 1147 2008 1159 ·
2041 1130 2306 1199 Εἰρήνην
2339 1133 2452 1201 τὴν
2479 1134 2634 1202 ἐμὴν
2663 1135 2866 1205 δίδωμι
2902 1137 3061 1203 ὑμῖν,
3099 1139 3172 1190 οὐ
3209 1137 3404 1202 καθὼς

1823 1213 1857 1262 ό
1883 1215 2111 1279 κόσμος
2137 1211 2367 1278 δίδωσι,
2409 1215 2616 1284 δίδωμι
2643 1218 2805 1285 ὑμῖν.
2831 1218 2896 1270 Τί
2925 1218 3124 1286 δήποτε
3143 1218 3199 1270 δὲ
3231 1219 3404 1278 οὕτως

1822 1290 1975 1347 εἶπεν
2003 1297 2031 1347 6
2062 1298 2322 1366 Χριστός;
2365 1302 2398 1368 ή
2429 1301 2525 1370 μὲν
2551 1299 2660 1370 γὰρ
2681 1301 2787 1353 τῶν
2819 1300 3123 1370 ἀνθρώπων
3167 1301 3403 1354 εὐκατά-

1820 1375 1975 1440 λυτός
2005 1377 2142 1441 ἐστι,
2161 1383 2254 1434 καὶ
2285 1382 2485 1445 πολλὰς
2511 1383 2621 1452 ἔχει
2653 1384 2752 1446 τὰς
2779 1384 3113 1453 μεταϐολάς⁹
3131 1387 3164 1454 ή
3193 1385 3249 1436 δὲ
3272 1386 3403 1455 παρ’

1819 1461 1982 1513 66106
2013 1461 2223 1530 βεϐαία,
2259 1465 2532 1535 ἀκίνητος,
2574 1466 2774 1534 παγὶα,
2816 1467 3064 1537 μόνιμος,
3111 1468 3401 1532 ἀθάνατος,

1817 1542 1968 1605 τέλος
1997 1543 2094 1597 οὐκ
2124 1546 2342 1614 ἔχουσα,
2367 1549 2460 1600 καὶ
2489 1548 2660 1602 ταῦτα
2686 1551 2894 1619 μυρίων
2924 1551 3176 1620 πολέμων
3205 1568 3405 1604 παντα-

1818 1625 1976 1693 χόθεν
2029 1629 2553 1699 ἀναρριπισθέντων,
2599 1632 2693 1683 καὶ
2735 1631 2854 1684 καθ’
2908 1633 3146 1701 ἑκάστην
3187 1633 3400 1702 ἡμέραν

1821 1709 2031 1778 μυρίων
2060 1711 2358 1764 ἐπιϐουλῶν
2411 1715 2731 1783 γινομένων.
2776 1716 2912 1767 Ἀλλ’
2942 1717 2970 1766 6
3007 1716 3182 1769 πάντα
3220 1716 3397 1770 ἀνύων

1816 1789 1979 1842 66106
2013 1790 2168 1860 λόγος
2195 1795 2469 1850 καὶτοῦτο
2502 1797 2664 1867 ήνυσε
2707 1799 2847 1868 μετά
2875 1797 2982 1851 τῶν
3022 1798 3218 1853 ἄλλων.

1883 2045 1954 2106 γ’.
1987 2040 2060 2092 Οὐ
2091 2041 2251 2110 μόνον
2282 2043 2338 2095 66
2370 2044 2449 2096 ὅτι
2481 2045 2764 2116 ἄνθρωπος
2791 2047 2960 2111 ἔσται,
2993 2048 3128 2102 ἀλλά
3162 2049 3258 2104 καὶ
3293 2051 3396 2118 τῆς

1814 2123 2115 2190 παρουσίας
2178 2124 2343 2178 αὐτοῦ
2394 2127 2485 2179 τὸν
2535 2129 2736 2198 τρόπον
2771 2132 3203 2200 προεφήτευσαν.
3245 2130 3394 2203 [561]

1825 2204 2041 2276 Ἐπειδὴ
2098 2205 2206 2278 γὰρ
2255 2207 2447 2273 ἔμελλε
2496 2211 2913 2279 παραγίνεσθαι,
2961 2215 3060 2267 οὐκ
3106 2215 3394 2284 ἀστραπὰς

1810 2286 2014 2354 ἀφιεὶς,
2044 2290 2104 2340 οὐ
2135 2293 2432 2359 κεραυνοὺς
2460 2292 2667 2346 ἀνωθεν
2691 2336 2705 2359 ,
2735 2294 2795 2345 οὐ
2845 2295 3005 2349 σείων
3037 2296 3134 2366 τὴν
3164 2297 3268 2366 γῆν
3287 2338 3301 2361 ,
3329 2299 3392 2351 οὐ

1811 2369 2017 2422 κλονῶν
2047 2371 2140 2424 τὸν
2169 2373 2418 2443 οὐρανὸν,
2453 2375 2552 2428 οὐκ
2589 2375 2883 2446 ἐκπλήξεις
2910 2379 3062 2442 τινὰς
3092 2379 3394 2449 ἐργαζόμε-

1809 2470 1918 2516 νος,
1953 2453 2070 2507 ἀλλ’
2091 2455 2329 2526 ἀψοφητὶ
2357 2456 2450 2508 καὶ
2470 2457 2698 2528 μηδενὸς
2722 2460 2922 2522 εἰδότος
2950 2462 3008 2513 ὲν
3033 2463 3180 2533 οἰκίᾳ
3201 2463 3392 2516 τέκτο-

1808 2553 1896 2598 νος
1935 2538 2128 2608 ἐτέχθη
2155 2578 2170 2601 ,
2213 2541 2271 2590 ἐν
2316 2539 2464 2611 οἰκίᾳ
2508 2541 2706 2610 ἀσήμῳ
2760 2543 2856 2595 καὶ
2889 2544 3115 2606 εὐτελεῖ,
3161 2545 3394 2598 ἄκουσον

1809 2617 1925 2681 πῶς
1944 2619 2066 2671 οὐδέ
2097 2619 2254 2673 τοῦτο
2276 2621 2699 2694 παρεσιὼπηοεν
2723 2625 2751 2675 6
2772 2624 2935 2677 Δαυῒδ
2965 2625 3133 2679 εἰπών
3159 2643 3171 2656 ·
3204 2631 3394 2680 Κατα-

1808 2699 2054 2768 ϐιξσεται
2087 2701 2167 2766 ὡς
2196 2703 2372 2767 ὑετὸς
2399 2704 2495 2756 ἐπὶ
2520 2708 2732 2769 πόκον,
2764 2707 2824 2760 16
2853 2708 3148 2778 ἀτάραχον,
3176 2709 3236 2762 τὸ
3255 2711 3390 2779 ἥσυ-

1807 2800 1901 2852 χον
1933 2783 2021 2836 διά
2049 2783 2238 2837 τούτου
2278 2785 2472 2855 δηλῶν.
2504 2788 2578 2840 Οὐ
2608 2788 2764 2841 τοῦτο
2803 2789 2859 2842 δὲ
2902 2780 3092 2857 μόνον,
3123 2791 3258 2844 6116
3296 2794 3386 2846 xz‘

1805 2867 1906 2934 τῆς
1927 2866 2049 2918 τότε
2079 2867 2217 2936 μετὰ
2257 2869 2475 2921 πάντων
2503 2870 2664 2922 αὐτοῦ
2693 2871 2970 2942 διαγωγῆς
3007 2872 3067 2925 16
3095 2876 3269 2945 πρᾶον
3299 2875 3391 2928 καὶ

1807 2948 2048 3010 ἐπιεικὲς
2098 2949 2376 3018 ἐμφαίνων
2420 2950 2577 3014 ἄλλος
2633 2954 2916 3024 προφήτης
2967 2955 3068 3025 ὅρα
3107 2958 3160 3010 τί
3201 2974 3386 3026 φησιν.

1805 3029 2023 3100 Ἐπειδὴ
2036 3031 2108 3099 γά
2118 3049 2146 3103 ρ
2160 3032 2224 3084 ὐϐ
2231 3031 2319 3103 ριζ
2322 3033 2348 3085 ό
2355 3049 2533 3101 μενος,
2552 3035 2946 3106 ἐμπτυόμενος,
2961 3037 3385 3110 λοιδορούμενος,

1804 3113 2221 3183 ἀτιμαζόμενος,
2249 3117 2666 3186 μαστιζόμενος,
2695 3118 3000 3174 τελευταῖον
3026 3123 3118 3174 καὶ
3145 3139 3390 3192 σταυρωο

1806 3193 1920 3257 θεὶς
1945 3196 2134 3250 οὐδένα
2179 3199 2286 3249 τῶν
2315 3199 2489 3252 ταῦτα
2527 3202 2909 3270 πεποιηκότων
2951 3203 3233 3272 ἠμύνατο,
3270 3204 3386 3256 ἀλλ’

1804 3277 1998 3348 ἔφερεν
2049 3279 2263 3333 ἃπαντα
2319 3281 2687 3352 μακροθύμως
2740 3285 2834 3336 καὶ
2883 3286 3092 3355 πράως,
3133 3282 3244 3338 οἷον
3287 3287 3388 3350 τὰς

1803 3361 2046 3431 ἀτιμίας,
2072 3363 2171 3425 τὰς
2213 3364 2522 3430 ἐπιϐουλάς,
2573 3366 2670 3436 τὴν
2721 3367 2941 3437 μανίαν,
2975 3367 3066 3421 τὸν
3096 3367 3266 3438 θυμὸν
3295 3369 3386 3422 τὸν

1803 3445 2028 3514 ἄκαιρον
2059 3447 2265 3499 ἐκείνου
2282 3447 2376 3499 106
2406 3447 2600 3518 δήμου,
2632 3450 2729 3513 τὰς
2756 3449 2998 3518 ἐφόδους,
3021 3450 3192 3504 ταῦτα
3210 3452 3386 3507 πάντα

1800 3525 1976 3597 δηλῶν
2017 3527 2195 3596 ἔλεγε·
2230 3528 2514 3598 Κάλαμον
2547 3531 3059 3600 συντετριμμένον
3080 3536 3150 3586 οὺ
3173 3533 3384 3587 κατεά-

1803 3609 1911 3673 ξει,
1937 3611 2034 3664 καὶ
2072 3615 2249 3665 λίνον
2287 3614 2625 3681 τυφόμενον
2662 3616 2734 3667 οὺ
2767 3614 2972 3668 σϐέσει
2999 3656 3012 3679 ,
3045 3615 3154 3682 ἓως
3189 3615 3264 3670 ἂν
3289 3617 3387 3670 ἐκο

1802 3691 1955 3759 ϐάλῃ
1984 3696 2070 3758 εἰς
2095 3693 2263 3758 νῖκος
2287 3695 2401 3761 τὴν
2427 3697 2652 3761 κρίσιν,
2677 3697 2774 3748 καί
2798 3697 2890 3749 ἐπ’
2917 3696 3078 3762 αὐτῷ
3097 3699 3241 3763 ἔθνη
3280 3700 3384 3753 έλα-

1801 3775 2069 3832 πιοῦσιν.
2093 3776 2315 3846 Ἕτερος
2337 3777 2394 3829 δὲ
2421 3777 2582 3829 πάλιν
2613 3779 2704 3830 καὶ
2731 3779 2821 3830 τὸν
2849 3779 3035 3840 τόπον,
3055 3781 3112 3832 ἐν
3133 3773 3176 3846 ᾧ
3193 3781 3383 3851 ἔμελλε

1799 3857 2099 3923 τίκτεσθαι,
2135 3858 2283 3928 δηλοῖ
2310 3859 2452 3914 οὕτω
2474 3860 2646 3928 λέγων
2664 3877 2677 3890 ·
2713 3860 2823 3914 Καὶ
2849 3861 2951 3926 σὺ,
2989 3863 3278 3931 Βηθλεὲμ,
3303 3865 3381 3934 τῆ

1812 3939 2000 3993 Ἰούδα
2024 3980 2038 4004 ,
2088 3941 2363 4010 οὐδαμῶς
2410 3943 2703 4011 ἐλαχίστη
2733 3939 2792 3995 εἷ
2815 3943 2884 3994 ἐν
2935 3943 3060 4008 τοῖς
3091 3946 3384 4013 ἡγεμόσιν

1812 4020 2031 4075 Ἰούδα·
2062 4021 2132 4075 ἐκ
2166 4023 2282 4076 σοῦ
2306 4024 2416 4092 γάρ
2454 4042 2556 4093 μοι
2600 4025 2985 4088 ἐξελεύσεται
3022 4027 3378 4094 ἡγούμενος,

1800 4103 1969 4170 ὅστις
1992 4107 2270 4175 ποιμανεῖ
2293 4107 2402 4159 τόν
2431 4108 2585 4160 λαόν
2611 4124 2730 4176 μου
2762 4107 2870 4159 τόν
2901 4107 3162 4175 Ἰσραὴλ,
3195 4110 3293 4164 καὶ
3319 4115 3380 4165 αι

1798 4187 1996 4251 ἐξοδοι-
2024 4189 2210 4243 αὐτοῦ
2235 4189 2336 4243 ἀπ’
2356 4189 2550 4258 ἀρχῆς
2578 4191 2645 4253 ἐξ
2681 4189 2918 4258 ἡμερῶν
2941 4189 3173 4258 αἰῶνος.
3211 4188 3380 4258 Οὗτος

1799 4271 1894 4323 καὶ
1923 4273 2021 4341 τήν
2044 4272 2272 4342 θεότητα
2299 4273 2392 4325 καὶ
2420 4273 2518 4342 τὴν
2565 4273 2959 4343 ἁνθρωπότητα
2999 4273 3270 4327 δείκνυσι·
3300 4276 3380 4346 τῷ

1801 4355 2028 4424 μὲνγὰρ
2048 4357 2244 4419 εἰπεῖν,
2275 4358 2343 4409 AI
2363 4355 2559 4419 ἔξοδοι
2589 4357 2774 4411 αὐτοῦ
2808 4357 2908 4410 ἀπ’
2925 4357 3119 4426 ἀρχῆς
3141 4359 3207 4422 ἐξ
3239 4361 3380 4428 ἡμε-

1789 4436 1917 4504 ρῶν
1951 4436 2164 4504 αὶῶνος
2187 4481 2200 4500 ,
2250 4439 2346 4509 τὴν
2377 4438 2700 4509 προαιὼνιον
2741 4440 2973 4511 ἐδήλωσε
3009 4441 3270 4512 ὓπαρξιν·
3299 4444 3379 4515 τῷ

1799 4519 1856 4572 δὲ
1884 4522 2080 4585 εἰπεῖν,
2124 4521 2532 4584 Ἑξελεύσεται
2565 4523 2914 4591 ἡγούμενος,
2962 4522 3130 4588 ὅστις
3167 4523 3376 4593 ποιμαο

1797 4603 1891 4656 νεῖ
1927 4605 2034 4656 τὸν
2064 4605 2218 4657 λαόν
2249 4623 2368 4673 μου
2399 4605 2504 4657 τόν
2542 4605 2825 4672 Ἰσραὴλ,
2867 4605 2964 4675 τὴν
3008 4605 3152 4657 κατὰ
3197 4607 3376 4677 σάρκα

1797 4687 2069 4755 γέννησιν.
2101 4688 2212 4740 Καὶ
2247 4688 2348 4758 ὅρα
2381 4687 2549 4742 πάλιν
2589 4689 2681 4740 καὶ
2722 4689 2914 4757 ἐτέραν
2967 4688 3198 4740 ἐνταῦθα
3237 4707 3371 4760 προ-

1800 4769 2024 4839 φητείαν
2053 4769 2482 4836 διαλάμπουσαν.
2514 4771 2589 4823 Οὐ
2617 4771 2726 4841 γὰρ
2760 4771 3023 4840 μόνον’ὅτι
3053 4773 3376 4844 τεχθήσεται

1797 4849 1972 4914 εἶπεν,
1994 4852 2205 4906 ἀλλ’ὅτι
2232 4854 2325 4906 καὶ
2362 4852 2631 4923 ἐπίσημον
2666 4854 2818 4906 ἔσται
2856 4855 2917 4907 τὸ
2948 4857 3165 4926 χωρίον,
3197 4859 3374 4912 καίτοι

1799 4937 2014 4999 εὐτελὲς
2036 4936 2094 4988 ὃν
2123 4938 2216 4989 καὶ
2262 4936 2484 5006 μικρόν
2513 4937 2797 5006 Οὐδαμῶς
2831 4938 2941 5010 γάρ
2985 4940 3280 5010 ἐλαχίστη
3318 4938 3376 4996 εἶ

1795 5021 1866 5074 έν
1889 5020 2012 5086 τοῖς
2034 5022 2328 5090 ἡγεμόσιν
2352 5019 2558 5085 Ἰούδα,
2580 5022 2736 5089 φησί.

1863 5262 2020 5314 Πᾶσα
2056 5263 2235 5313 τοίνυν
2280 5263 2312 5331 ή
2346 5261 2636 5332 οἰκουμένη
2673 5262 2952 5333 συντρέχει
2983 5263 3077 5316 νῦν
3113 5265 3240 5316 ἰδεῖν
3271 5265 3369 5334 τήν

1793 5343 2073 5414 Βηθλεέμ,
2123 5343 2251 5396 ἔνθα
2303 5345 2511 5414 τεχθεὶς
2559 5346 2754 5416 ἐτέθη,
2803 5346 3096 5416 οὐδαμόθεν
3148 5346 3368 5399 ἄλλοθεν

1792 5427 1904 5480 ἀλλ’
1951 5427 1984 5498 ἢ
2032 5427 2277 5480 ἐντεῦθεν
2315 5430 2492 5498 μόνον.
2529 5430 2718 5493 Ἀλλος
2769 5430 2924 5484 πάλιν
2963 5431 3056 5482 καὶ
3103 5430 3195 5482 τὸν
3244 5447 3370 5482 και-

1795 5509 1904 5581 ρὸν,
1955 5511 2012 5560 ἐν
2063 5503 2108 5576 ᾧ
2152 5509 2344 5580 ἔμελλε
2392 5513 2827 5581 παραγίνεσθαι,
2873 5511 3138 5580 ἐδήλωσεν
3194 5510 3367 5574 οὓτως

1795 5589 1993 5645 εἰπών·
2058 5594 2180 5646 Οὐκ
2238 5593 2504 5663 ἐκλείψει
2571 5595 2770 5663 ἅρχων
2822 5595 2889 5659 ἑξ
2955 5593 3176 5661 Ἰούδα,
3224 5590 3395 5666 οὐδὲ.
