3866 6226
486 125 591 184 8ἰ¹ί

485 240 822 313 ⁴ἡγούμενος
858 236 930 293 ἐκ
978 237 1099 292 τῶν
1135 237 1336 309 μερῶν
1379 234 1590 302 αὑτοῦ,
1631 233 1747 299 ἕως
1792 231 1872 313 ἂν
1915 230 2065 313 ἔλθη

486 311 543 394 ᾧ
568 324 897 381 ἀπόκειται.
942 320 1054 375 Kal
1104 319 1288 386 αὐτὸς
1334 317 1667 387 προσδοκία
1711 311 1929 380 ἐθνῶν,
1975 311 2070 366 σε.

486 408 728 479 σμεύων
769 405 919 476 πρὸς
964 403 1240 473 ἄμπελον
1284 400 1396 455 τὸν
1448 398 1659 455 πῶλον
1700 397 1923 465 αὐτοῦ,
1968 395 2073 451 και

486 489 565 562 τῇ
601 491 760 546 ἕλικι
810 490 920 545 τὸν
966 487 1176 541 πῶλον
1219 482 1332 553 τῆς
1383 481 1530 538 ὄνου
1572 481 1759 538 αὐτοῦ
1784 497 1799 513 ·
1852 480 2076 536 πλυνεῖ

487 574 561 628 ἐν
589 573 733 640 οινῳ
760 572 878 640 τὴν
900 568 1136 636 στολὴν
1164 566 1371 631 αὑτοῦ,
1398 566 1493 620 καί
1516 565 1587 619 ἐν
1608 565 1809 635 αἵματι
1839 576 2071 632 σταφυ-

485 655 607 726 λῆς
644 656 758 724 τὴν
801 652 1129 723 περιϐολὴν
1159 650 1378 705 αὐτοῦ·
1411 649 1721 719 χαροποιοί
1759 650 1814 703 οί
1846 649 2072 717 ὀφθαλ-

486 739 586 808 μοί
609 738 794 793 αὐτοῦ
818 737 938 792 ἀπὸ
959 737 1151 800 οῖνου,
1176 734 1274 788 καί
1294 732 1503 788 λευκοί
1530 736 1583 788 οί
1614 732 1858 799 ὀδόντες
1883 730 2070 786 αὑτοῦ

486 822 526 890 ἢ
566 819 741 891 τάλα.
763 821 906 891 Ὅρα
944 820 1038 873 zeal
1077 816 1281 888 ταύτην
1323 817 1422 888 τὴν
1474 814 1809 887 προφητείαν
1845 814 2071 884 διαπρέ-

486 920 712 958 πουσαν.
767 903 902 956 Τότε
954 900 1065 973 γὰρ
1108 895 1490 970 παραγίνεται,
1533 898 1621 951 ὅτε
1664 896 1847 953 λοιπὸν
1887 897 2072 951 ἐπέλι-

487 1003 589 1040 πον
612 987 660 1039 οἰ
688 985 949 1058 ἄρχοντες
982 984 1033 1037 οἰ
1075 982 1378 1044 ’1ουδαῖκοὶ,
1418 980 1514 1034 zeal
1554 979 1661 1034 ὑπὸ
1703 980 1773 1034 τά
1812 979 2070 1051 σκῆπτρα

486 1069 597 1125 τῶν
631 1068 916 1140 Ῥωμαίων
956 1066 1204 1137 ἐγένοντο
1222 1080 1237 1096 ο
1262 1065 1358 1119 zeal
1385 1063 1556 1127 οὕτως
1583 1062 1886 1135 ἐπληροῦτο
1912 1063 2007 1117 zeal
2031 1065 2066 1133 ή

487 1153 796 1225 προφητεία
835 1154 869 1222 ή
904 1151 1159 1219 λέγουσα,
1191 1150 1273 1202 ὅτι
1299 1149 1422 1203 Οὐκ
1449 1147 1719 1216 ἐκλείψει
1758 1146 1960 1217 ἄρχων
1999 1147 2070 1211 ἐξ

499 1234 716 1300 Ἰούδα,
739 1234 881 1288 οὺδέ
907 1234 1240 1302 ἡγούμενος
1258 1232 1327 1284 ἐκ
1357 1228 1475 1284 τῶν
1498 1227 1706 1299 μηρῶν
1730 1226 1938 1291 αὐτοῦ,
1958 1228 2071 1292 ἓως

489 1317 567 1373 ἂν
595 1319 744 1386 ἔλθῃ
765 1310 814 1383 ᾧ
834 1317 1165 1378 ἀπόκειται,
1198 1315 1289 1368 τὸν
1316 1313 1551 1384 Χριστὸν
1589 1311 1840 1381 λέγουσα.
1902 1311 2069 1382 Ὁμοῦ

487 1419 548 1456 τε
570 1402 680 1473 γὰρ
711 1400 928 1472 ἐτέχθη,
958 1399 1055 1453 zeal
1076 1398 1372 1469 ἀπογραφὴ
1403 1395 1619 1464 ἐγένετο
1649 1395 1832 1466 ἐκείνη
1853 1393 2069 1466 πρώτην

488 1483 879 1555 κρατησάντων
940 1481 1226 1551 Ῥωμαίων
1266 1478 1358 1534 τοῦ
1421 1478 1690 1534 Ἰουδαίων
1732 1476 1937 1541 έθνους,
1975 1476 2071 1530 zeal

488 1566 595 1618 ὑπὸ
623 1565 786 1633 ζυγὸν
812 1565 913 1633 τῆς
940 1563 1147 1627 οἰκείας
1190 1562 1469 1634 βασιλείας
1499 1560 1815 1630 ἀγαγόντων
1849 1559 2067 1623 αὐτούς.

486 1645 621 1701 Εἶτα
649 1647 744 1700 zeal
774 1646 903 1701 ἄλλο
934 1645 1414 1717 παρασημαίνεται
1462 1643 1540 1714 τῷ
1577 1643 1786 1711 λέγειν’
1818 1642 1929 1695 Kal
1962 1645 2071 1696 αύ-

490 1733 590 1799 τὸς
611 1730 944 1799 προσδοκία
966 1729 1157 1784 ἐθνῶν
1176 1745 1189 1759 ·
1220 1728 1668 1802 παραγενόμενος
1695 1725 1805 1795 γάρ
1837 1725 1906 1779 τά
1941 1724 2068 1796 ἔθνη

489 1818 667 1870 πάντα
704 1813 1075 1869 ἐπεσπάσατο.
1116 1812 1382 1883 Ἐμελλεν
1422 1813 1450 1865 6
1491 1809 1760 1881 Ἡρώδης,
1795 1809 2071 1881 ἐπιζητῶν

487 1898 649 1952 αὐτὸν
673 1898 953 1968 τεχθέντα,
985 1898 1229 1969 ἀναιρεῖν
1255 1896 1325 1949 τά
1356 1894 1542 1950 αὐτόθι
1574 1895 1785 1948 παιδία.
1813 1894 1921 1946 Kal
1949 1892 2071 1946 ούδέ

487 1984 647 2038 τοῦτο
672 1984 934 2053 ἐσίγησαν
954 1983 1003 2034 οἰ
1034 1980 1337 2051 προφῆται,
1363 1979 1500 2034 ἀλλά
1535 1979 1644 2051 πρὸ
1685 1977 1896 2033 πολλῶν
1939 1994 2072 2048 προ·

487 2065 842 2137 ανεφώνησαν
888 2062 1038 2136 [562]
1083 2062 1193 2116 τῶν
1234 2062 1443 2135 χρόνων
1477 2062 1745 2125 εἰπόντες,
1796 2059 1969 2127 Φωνὴ
2002 2060 2072 2113 ἐν

500 2145 687 2217 Ῥαμᾷ
711 2146 1009 2215 ἠκούσθη,
1042 2144 1266 2213 θρῆνος
1289 2143 1388 2197 καί
1417 2144 1725 2213 κλαυθμὸς
1770 2142 1865 2197 καί
1896 2143 2073 2211 ὀδυρ-

488 2231 600 2302 μὸς
639 2229 868 2294 πολύςο
915 2227 1144 2296 Ῥαχὴλ
1192 2226 1493 2281 κλαίουσα
1527 2224 1603 2279 τὰ
1628 2225 1813 2280 τέκνα
1862 2225 2071 2294 αὐτῆς,

488 2313 589 2367 καί
603 2315 715 2367 οὐκ
735 2311 916 2379 ἤθελε
932 2307 1411 2378 παρακληθῆναι,
1429 2308 1520 2363 ὅτι
1543 2311 1656 2365 οὐκ
1670 2310 1849 2364 εἰσίν.
1869 2308 2073 2379 Ἐμελ-

488 2396 578 2450 λεν
606 2395 665 2462 ἐξ
695 2394 971 2464 Αἰγύπτου
1002 2393 1211 2447 ἀνιέναι
1229 2408 1245 2424 ο
1271 2394 1366 2447 zeal
1397 2392 1559 2446 τοῦτο
1588 2393 1866 2464 ἐδήλωσαν
1894 2391 2075 2446 εἰπόν-

487 2496 613 2544 τες·
641 2480 746 2544 Ἐξ
768 2479 1071 2549 Αἰγύπτου
1104 2476 1373 2531 ἐκάλεσα
1405 2477 1511 2531 τὸν
1557 2478 1694 2530 Υίόν
1719 2494 1861 2546 μου.
1914 2474 2075 2527 Ἀλλὰ

489 2566 585 2620 zeal
607 2565 664 2617 ἐν
680 2563 861 2626 τόποις
886 2563 1137 2632 φανεροῖς
1163 2561 1610 2633 παραγενόμενος
1626 2558 1850 2629 ἔμελλεν
1874 2557 2075 2622 εὐθέως

490 2638 694 2719 σημεῖα
728 2647 906 2698 ποιεῖν
925 2644 1018 2697 zeal
1038 2642 1312 2696 διδάσκειν
1334 2659 1347 2673 ·
1379 2643 1475 2696 zeal
1495 2641 1657 2695 τοῦτο
1689 2640 2076 2713 προανεφωνήο

490 2729 581 2800 θη.
603 2730 803 2782 Ἀκουε
834 2726 944 2794 γὰρ
987 2726 1209 2779 Ἡσαΐου
1230 2724 1484 2793 λέγοντος
1507 2741 1522 2756 ο
1537 2722 1707 2791 Χὼρα
1731 2721 2071 2785 Ζαϐουλὼν,

489 2813 568 2885 τῆ
589 2812 950 2883 Νεφθαλείμ,
978 2813 1011 2865 ό
1038 2809 1186 2876 λαὸς
1211 2813 1243 2864 ό
1264 2807 1600 2877 καθήμενος
1631 2809 1701 2861 ἐν
1728 2807 1932 2860 σκότει
1955 2802 2075 2859 εἶδε

489 2898 616 2969 φῶς
632 2897 806 2969 μέγα,
827 2897 928 2950 καί
953 2894 1076 2960 τοῖς
1097 2892 1454 2962 καθημένοις
1474 2892 1545 2945 ἐν
1574 2891 1778 2945 σκότει
1803 2889 1901 2943 καὶ
1931 2887 2076 2955 σκιᾷ

491 2980 753 3039 θανάτου
780 2979 906 3050 φῶς
926 2977 1234 3033 ἀνέτειλεν
1259 2975 1491 3042 αὐτοῖς’
1525 2975 1627 3046 τὴν
1658 2972 1963 3044 παρουσίαν
1985 2971 2078 3026 αὑ-

489 3064 586 3118 τοῦ
624 3061 870 3117 ἐντεῦθεν
919 3059 1093 3133 δηλῶν
1123 3059 1225 3132 τὴν
1253 3059 1434 3112 ἐκεῖσε
1481 3056 1617 3130 [τὴν
1650 3054 1999 3110 διδασκαλίαν
2020 3052 2034 3125 Ι
2056 3093 2072 3119 ,

490 3147 588 3221 τὴν
619 3148 729 3202 ἀπὸ
754 3146 863 3201 τῶν
889 3144 1183 3216 θαυμάτων
1210 3141 1511 3212 γενομένην
1540 3141 1725 3204 αὐτοῖς
1755 3139 2071 3221 ἐπίγνωσιν.

491 3220 628 3286 Εἶτα
659 3230 821 3284 πάλιν
856 3229 1019 3300 ἐτερα
1057 3226 1312 3297 θαύματα
1340 3223 1718 3296 διηγούμενος,
1755 3221 1849 3276 zeal
1863 3220 2076 3284 δεικνὺς

493 3314 613 3376 πῶς
631 3312 840 3383 χωλοὺς
888 3308 1247 3381 ἐθεράπευσε,
1279 3307 1398 3371 πῶς
1420 3306 1660 3376 τυφλοὺς
1712 3304 1923 3366 ἰάσατο,
1959 3301 2076 3366 πῶς

493 3394 727 3458 ἀλάλους
748 3392 1136 3467 παρεσκεύασε
1168 3390 1370 3447 λαλεῖν.
1406 3393 1545 3467 Τότε
1583 3386 2073 3456 ἀνοιχθήσονται,

494 3478 678 3547 φησὶν,
715 3466 1010 3545 ὀφθαλμοί
1052 3471 1317 3542 τυφλῶν,
1350 3471 1449 3525 καί
1488 3466 1609 3525 ὦτα
1640 3468 1855 3538 κωφῶν
1896 3468 2076 3523 ιίκού⁶

490 3569 724 3615 σονται.
775 3557 885 3612 Kal
933 3556 1049 3629 μεθ’
1080 3556 1271 3627 ἐτεραο
1312 3555 1449 3609 Τότε
1474 3551 1704 3607 άλεῒται
1731 3552 1812 3619 ὡς
1848 3552 2076 3619 ἔλαφος

493 3645 529 3698 ό
558 3642 773 3712 χωλὸς,
828 3640 925 3694 καί
973 3638 1161 3708 τρανὴ
1209 3639 1383 3693 ἕσται
1411 3636 1667 3707 γλῶσσα
1691 3635 2038 3706 μογιλάλων
2056 3652 2069 3666 ·

493 3728 630 3798 ὅπερ
653 3724 908 3780 οὐδέποτε
929 3724 1171 3793 γέγονεν,
1202 3721 1236 3793 ἢ
1276 3722 1370 3775 ἐπὶ
1398 3722 1499 3793 τῆς
1539 3720 1844 3791 παρουσίας
1887 3716 2072 3773 αὑτοῦ.

505 3804 698 3865 Ἓνίων
720 3807 779 3861 δέ
802 3804 1044 3877 σημείων
1065 3805 1159 3859 zeal
1189 3803 1373 3868 ἰδικῶς
1391 3803 1828 3875 ἐμνημόνευσαν.
1844 3799 2074 3871 Εἰσῆλθε

493 3891 626 3962 γοῦν
653 3906 783 3947 ποτε
807 3890 887 3953 εἰς
913 3889 975 3942 τὸ
1005 3887 1168 3958 ἱερὸν,
1205 3887 1300 3940 zeal
1335 3886 1406 3939 τά
1443 3885 1632 3939 παιδία
1678 3884 1758 3938 ἔτι
1797 3883 2076 3955 ὑπομάζια

495 3976 591 4032 καὶ
618 3973 987 4046 ἀδιάρθρωτον
1018 3972 1116 4044 τὴν
1154 3971 1338 4042 φωνὴν
1380 3970 1574 4041 ἔχοντα
1617 3965 1744 4044 ᾖδον
1790 3970 1871 4033 εἰς
1912 3968 2076 4022 αὑτὸν

497 4059 698 4132 ὕμνους
723 4058 919 4129 ἱεροὺς,
936 4055 1080 4110 οὕτω
1112 4054 1339 4123 λέγοντα
1354 4070 1368 4085 ·
1409 4052 1675 4108 Ὡσαννὰ
1696 4053 1767 4107 ἐν
1791 4051 1918 4119 τοῖς
1934 4051 2077 4120 ὑψί-

494 4159 663 4209 στοις
686 4158 700 4172 ’
726 4138 1135 4210 εὐλογημένος
1172 4140 1205 4191 ό
1233 4137 1559 4206 ἐρχόμενος
1589 4135 1661 4188 ἐν
1688 4135 1933 4204 ὀνόματι
1961 4138 2075 4189 Κυ-

492 4225 649 4294 ρίου.
663 4223 833 4276 Τοῦτο
855 4221 1060 4276 ἀνωθεν
1082 4222 1344 4291 προεῖπεν
1362 4220 1390 4272 6
1410 4219 1697 4288 προφήτης
1715 4215 1860 4271 οῦτω
1879 4216 2070 4285 λέγων·

507 4307 612 4362 Ἐκ
639 4305 938 4375 στόματος
972 4303 1206 4371 νηπίων
1228 4300 1325 4355 καί
1349 4298 1723 4367 θηλαζόντων
1742 4301 2077 4368 κατηρτίσω

496 4386 694 4454 αἶνον,
709 4387 817 4442 τοῦ
841 4385 1180 4441 καταλῦσαι
1192 4382 1410 4453 ἐχθρὸν
1424 4382 1523 4436 καί
1535 4380 1881 4450 ἐκδικητιίν·
1913 4383 2078 4455 Ὁρᾷς

498 4473 618 4537 πῶς
650 4471 771 4526 καθ’
800 4471 996 4541 ἑαυτὴν
1037 4473 1070 4539 ἡ
1103 4468 1263 4538 φύσις
1296 4465 1676 4538 ἀγωνιζομένη
1717 4468 1813 4521 zeal
1850 4467 1940 4521 τὸν
1982 4468 2079 4538 δη-

502 4555 761 4625 μιουργὸν
786 4551 1234 4626 άνακηρύττουσα
1277 4550 1311 4621 η
1353 4548 1724 4620 ἀπειρόκακος
1767 4549 1950 4621 ήλικία
1983 4549 2078 4602 zeal

504 4640 672 4710 μήπω
696 4635 988 4709 διαρθροῦν
1015 4634 1198 4707 φωνὴν
1225 4631 1498 4705 δυναμένη
1522 4632 1878 4687 ἀποστολικὸν
1905 4630 2080 4687 ἀνεδέ-

504 4722 630 4787 ξατο
656 4726 947 4792 κήρυγμας

572 5002 635 5056 δ’.
652 5000 874 5072 Ἐπειδὴ
900 5000 958 5053 δέ
986 5000 1368 5072 διαλεγόμενος
1400 4998 1636 5070 ἀλλαχοῦ
1669 5001 1780 5063 τοῖς
1801 4997 2077 5064 Ἰουδαίοις

503 5089 593 5146 διὰ
605 5089 703 5160 τὴν
717 5085 1109 5159 ἀγνωμοσύνην
1124 5088 1303 5142 αὐτῶν
1323 5087 1795 5158 συνεσκιασμένως
1818 5086 1887 5141 τὰ
1908 5086 2081 5141 πολλά

502 5176 792 5247 διελέγετο,
825 5175 902 5240 ὠς
925 5177 984 5229 ἐν
1001 5174 1283 5245 αἰνίγματι
1312 5175 1408 5227 zeal
1435 5173 1793 5246 παραϐολαῖς,
1814 5173 1909 5228 zeal
1922 5173 2081 5229 τοῦτο

504 5263 710 5321 ἀνωθεν
758 5261 1057 5334 προελέχθη
1078 5277 1094 5293 ο
1150 5259 1479 5330 Φθέγξομαι
1524 5261 1912 5332 προϐλήματα
1962 5261 2081 5317 ἀπὸ

505 5350 846 5421 καταϐολῆς
877 5352 1129 5420 κόσμου,
1189 5347 1501 5417 ἐρεύξομαι
1555 5348 1931 5419 κεκρυμμένα
1979 5351 2081 5404 ἀπ’

504 5438 719 5510 ἀρχῆς.
768 5439 931 5495 Ἀλλά
963 5436 1059 5491 zeal
1086 5436 1185 5507 τὴν
1214 5435 1405 5505 σοφίαν
1427 5436 1526 5507 τὴν
1549 5436 1608 5490 ἐν
1634 5435 1709 5507 τῷ
1748 5435 2081 5509 δημηγορεῖν

502 5525 714 5584 ἄνωθεν
739 5522 1235 5597 προανακηρύττων
1275 5522 1305 5576 6
1344 5523 1630 5596 προφήτης
1678 5522 1862 5595 ελεγεν
1883 5540 1897 5558 ’
1953 5524 2081 5591 Ἐξ.

1213 121 1275 178 S.
1311 117 1600 179 JOANNIS
1634 115 1983 175 CHRYSOS’]
1998 115 2118 171 0M:
2157 115 2482 173 ABCﬂlEP.
2520 114 3068 173 CONSTANTINOP.
3668 120 3753 173 ειε

2174 232 2359 300 εχῠθη
2373 232 2413 301 ἦ
2431 230 2602 302 χάρις
2621 230 2693 285 ἐν
2720 231 2956 301 χείλεσι
2979 245 3096 285 σου
3116 246 3131 260 ·
3154 230 3247 284 zeal
3259 226 3456 302 ἐτερος
3480 230 3759 303 RW;

2176 317 2374 372 πάλιν·
2421 317 2919 386 Ἱδοὺσννήσειό
2953 315 3256 387 παῖςμου,
3297 317 3397 372 καὶ
3445 317 3759 386 ὕψι-θήσει

2174 420 2271 459 ται
2294 405 2392 460 καί
2416 404 2866 474 δοξασθήσεται
2896 404 2996 459 καί
3031 403 3601 474 μετεωρισθήσεται
3631 406 3763 474 σβέ-

2175 492 2307 561 δρα.
2336 493 2448 547 Καὶ
2467 493 2567 563 τῆς
2596 476 2901 563 παρουσίας
2928 492 3101 562 αὐτῆς
3131 490 3202 545 τά
3248 490 3683 562 κατορθώματα
3710 498 3761 544 τὰ

2180 579 2320 650 μετά
2353 579 2461 633 τῶν
2496 579 2739 651 σημείων
2772 578 3036 649 γινόμενα
3055 578 3132 642 ὡς
3163 579 3221 631 ἐν
3249 577 3457 648 βραχεῖ
3477 577 3762 649 διηγούμ-

2175 684 2288 732 νος,
2320 667 2481 721 πάλιν
2508 668 2671 733 αὐτὸς
2699 665 2873 729 οὕτως
2900 667 3085 736 ἐλεγεο
3124 664 3368 735 Πνεῦμα
3417 665 3665 732 Κυρίου
3688 666 3763 718 ἐπ’

2175 755 2300 826 ἐμὲ,
2333 751 2405 811 οὗ
2432 755 2640 809 ἕνεκεν
2669 754 2877 824 ἐχρισέ
2910 771 3009 823 με,
3059 751 3591 822 εὐαγγελίσασθαι
3630 769 3764 805 πτυ-

2176 841 2309 912 χοῖς
2335 841 2686 897 άπέσταλκέ
2699 858 2797 911 με,
2825 838 3081 909 κηρῦξαι
3108 839 3531 908 αἰχμαλώτοις
3559 839 3766 910 ἄφεσιν

2177 929 2277 983 καὶ
2308 929 2561 998 τυφλοῖς
2586 928 2945 997 ἀνάϐλεψιν.
2998 925 3218 996 Ἐπειδὴ
3253 926 3351 978 zeal
3392 928 3502 979 τὸν
3542 928 3768 980 too-avie:

2177 1013 2567 1086 εὐεργετοῦντα
2611 1015 2810 1077 αὐτοὺς
2868 1012 3094 1085 ἔμελλον
3146 1013 3618 1084 ἀποστρέφεσθαι
3667 1017 3770 1083 εἰκῇ

2177 1102 2274 1156 zeal
2305 1101 2503 1173 μάτην,
2533 1101 2595 1154 οὐ
2628 1100 2846 1173 μικρὸν,
2880 1100 2942 1154 οὐ
2972 1101 3120 1171 μέγα
3139 1099 3355 1170 ἔχοντες
3375 1100 3679 1168 ἐγκαλεῖν,
3695 1106 3773 1154 καὶ

2176 1185 2335 1240 τοῦτο
2359 1184 2839 1258 προανεκηρύχθη.
2898 1186 3099 1239 ’Δκουε
3134 1185 3243 1256 γὰρ
3278 1187 3377 1239 τοῦ
3408 1186 3599 1241 Δαυῖδ
3631 1187 3774 1241 τοῦτο

2177 1272 2311 1326 αὐτὸ
2335 1274 2794 1346 προθεσπίζοντος
2814 1272 2958 1327 οὕτω
2986 1273 3079 1326 καὶ
3105 1273 3361 1340 λέγοντος
3379 1289 3394 1302 ⁸
3446 1272 3635 1329 Πετά
3672 1274 3774 1327 τῶν

2171 1362 2518 1429 μισούντων
2571 1361 2688 1429 τὴν
2738 1360 2994 1429 εἰρήνην
3024 1359 3190 1429 ἤμην
3224 1362 3551 1428 εἰρηνικός
3567 1376 3588 1390 °
3646 1361 3775 1414 ὅταν

2177 1447 2447 1504 ἐλάλουν
2468 1449 2696 1517 αὐτοῖς,
2730 1449 3074 1518 ἐπολέμουν
3102 1465 3182 1519 με
3219 1447 3483 1516 δωρεάν.
3551 1449 3775 1520 Ἔμελλε

2177 1539 2274 1592 zeal
2307 1538 2401 1589 ἐπὶ
2427 1538 2549 1591 ὄνου
2571 1537 2865 1609 ὀχούμενος
2884 1536 3058 1601 οὕτως
3077 1539 3157 1600 εἰς
3180 1536 3280 1607 τὴν
3314 1536 3487 1589 πόλιν
3519 1538 3775 1591 εἰσιέναι·

2177 1625 2272 1679 zeal
2292 1623 2451 1679 τοῦτο
2480 1624 2687 1679 ἄνωθεν
2711 1622 3170 1696 προανεκηρύχθη
3212 1624 3322 1676 ὑπὸ
3366 1624 3665 1695 Ζαχαρίου
3706 1624 3777 1677 λέ-

3806 1314 3822 1589 1

2178 1729 2365 1783 γοντος
2384 1710 2547 1765 οῦτω·
2573 1711 2748 1781 Χαῖρε
2772 1710 3027 1780 σφόδρα,
3047 1711 3299 1780 θύγατερ
3329 1709 3527 1774 Σιὼν,
3557 1711 3773 1779 κήρυσ-

2178 1814 2273 1862 σε,
2295 1799 2548 1868 θύγατερ
2586 1797 3015 1867 Ἰερουσαλήμο
3052 1796 3183 1851 ίδοὺ
3211 1801 3247 1852 ό
3291 1797 3628 1864 βασιλεὺς
3673 1814 3771 1851 σου

2178 1885 2414 1956 ἔρχεταί
2441 1901 2542 1939 σοι
2573 1885 2767 1955 πραῢς
2791 1885 2892 1940 καί
2920 1884 3292 1953 ἐπιϐεϐηκὼς
3314 1883 3423 1937 ἐπὶ
3454 1886 3774 1954 ὐποζῦτιεν

2179 1973 2278 2025 καί
2300 1971 2506 2026 πῶλον
2532 1975 2694 2026 νέον.
2737 1971 2991 2038 Ἐξέϐαλε
3017 1971 3146 2035 τοὺς
3186 1968 3529 2034 πωλοῦντας
3557 1971 3658 2034 τάς
3693 1988 3774 2023 τε·

2181 2061 2440 2133 ριστεράς
2468 2060 2707 2122 καὶτοὺς
2731 2043 3109 2121 κολλυϐιστάξ.
3140 2056 3350 2111 Ἔποίει
3376 2057 3440 2110 δέ
3466 2057 3643 2111 τοῦτο
3661 2059 3773 2111 αὐτὸ

2180 2145 2330 2217 ζήλῳ
2357 2145 2437 2217 τῷ
2468 2146 2612 2218 ὑπὲρ
2644 2144 2737 2198 τοῦ
2779 2146 2930 2199 οἴκου
2950 2186 2964 2212 ,
3005 2145 3102 2198 zeal
3136 2144 3256 2213 ἅμα
3296 2143 3539 2208 δεικνὺς
3583 2146 3665 2198 ὅτι
3688 2145 3774 2197 οὐκ

2179 2233 2424 2298 ἀντίθεός
2444 2234 2529 2298 τίς
2550 2235 2718 2297 ἐστιν,
2747 2233 2884 2287 ἀλλά
2916 2234 3012 2287 zeal
3046 2230 3197 2304 [565]
3225 2231 3540 2302 σύμφωνος
3565 2233 3648 2303 τῷ
3673 2235 3775 2286 111-

2180 2321 2304 2393 τρί’
2330 2321 2412 2375 διὸ
2440 2322 2533 2376 zeal
2563 2321 2793 2386 ἐξεδίκει
2816 2321 2908 2375 τὸν
2928 2316 3079 2374 οἰκον
3097 2320 3173 2384 ὼς
3196 2321 3256 2372 ἐν
3279 2319 3439 2390 αὐτῷ
3476 2320 3776 2391 καπηλείας

2180 2408 2449 2479 τοσαύτης
2481 2408 2797 2478 γινομένης.
2835 2406 2971 2461 Ούδέ
3008 2406 3168 2460 τοῦτο
3199 2405 3552 2477 κατελείφθη
3598 2409 3772 2460 ἀνετα-

2183 2497 2445 2568 σήματον,
2476 2495 2612 2548 ἀλλὰ
2645 2496 2740 2548 καὶ
2770 2493 2902 2548 αὐτὸ
2922 2495 2951 2548 6
2986 2495 3274 2566 προφήτης
3317 2492 3498 2546 Δαυῖδ
3553 2511 3773 2564 προαγοο

2185 2582 2380 2653 ρεύων,
2432 2582 2527 2636 zeal
2571 2581 2669 2653 τὴν
2701 2579 2949 2652 γνώμην,
2997 2579 3114 2651 μεθ’
3147 2575 3218 2650 ἦς
3261 2577 3363 2649 τὴν
3409 2578 3703 2650 ἐκδίκησιν
3724 2580 3770 2630 ε-

3818 1632 3822 1869 l

2183 2688 2410 2744 πραττε,
2467 2669 2876 2742 προαναφωνῶν
2934 2669 3084 2736 λέγει
3104 2683 3119 2699 ο
3163 2669 3216 2720 Ὀ
3248 2665 3434 2735 ζῆλος
3460 2669 3583 2722 τοῦ
3616 2670 3770 2721 olm

2181 2776 2299 2814 σου
2325 2757 2621 2829 κατέφαγέ
2641 2776 2738 2827 με.
2773 2758 2838 2810 Τί
2878 2754 3072 2809 τούτου
3110 2755 3313 2824 γένοιτ’
3355 2754 3425 2808 ἂν
3457 2756 3773 2826 ἐναργέα-τεο

2184 2864 2306 2918 ρον;
2337 2846 2571 2917 Ἔμελλε
2600 2842 3014 2917 παραδίδοσθαι,
3037 2844 3133 2896 zeal
3155 2844 3185 2895 6
3200 2840 3486 2895 κοινωνῶν
3508 2843 3667 2912 αύτῷ
3688 2842 3773 2911 τῆς

2181 2932 2460 3005 τραπέζης
2482 2934 2584 3002 τὴν
2612 2929 2903 3002 προδοσίαν
2938 2927 3293 2999 ἐργάζεσθαι.
3334 2927 3492 2998 Ὅρα
3546 2929 3671 2992 πῶς
3694 2932 3773 2983 ui

2185 3019 2346 3073 τοῦτο
2382 3018 2796 3090 προηγόρευσεν
2821 3020 2850 3071 6
2876 3017 3043 3081 αὐτὸς
3068 3009 3230 3080 οὗτος
3248 3017 3552 3087 προφήτης
3581 3015 3770 3085 λέγων·
3820 3018 3821 3037 ξ

2197 3106 2259 3161 '0
2287 3107 2509 3161 ἐσθίων
2532 3107 2753 3175 ἄρτους
2773 3123 2888 3174 μου
2922 3103 3297 3174 ἐμεγάλυνεν
3332 3103 3430 3156 ἐπ’
3459 3104 3581 3173 ἐμὲ
3628 3120 3774 3171 ιτερ-

2181 3195 2424 3263 νισμόν.
2464 3192 2754 3246 Σκόπειδέ
2794 3192 2889 3246 zeal
2925 3191 3019 3245 τοῦ
3062 3189 3457 3260 εὐαγγελιστοῦ
3492 3192 3602 3260 τὴν
3658 3208 3773 3261 συμ-

2184 3281 2411 3350 φωνίαν’
2463 3281 2526 3335 '0
2549 3280 2848 3350 ἐμϐάψας,
2888 3281 3043 3351 φησί,
3093 3279 3221 3349 μετ’
3273 3278 3424 3348 ἐμοῦ
3453 3277 3583 3347 τὴν
3624 3279 3774 3348 χεὲρα

2181 3368 2371 3422 αὐτοῦ
2386 3368 2458 3422 ἐν
2480 3366 2561 3434 τῷ
2588 3370 2869 3436 τρυϐλίῳ,
2900 3363 3084 3433 οὗτός
3097 3383 3175 3436 με
3194 3365 3574 3434 παραδώσει.
3591 3367 3776 3437 Ἔμελ-

2182 3457 2273 3510 λεν
2306 3458 2336 3509 6
2367 3456 2697 3528 παραδιδοὺς
2719 3456 2883 3511 αὐτὸν
2903 3457 3003 3527 οὐχ
3023 3454 3212 3519 ἅπλῶς
3246 3454 3775 3526 παραδιδόναιβὶὶὶ

2183 3542 2380 3596 πωλῶν
2411 3544 2474 3596 τὸ
2504 3536 2644 3614 αἷμα
2670 3543 2731 3595 τὺ
2752 3543 2954 3613 τίμιον,
2979 3543 3073 3595 zeal
3103 3543 3365 3613 χρήματα
3405 3542 3557 3614 ὑπὲρ
3600 3543 3773 3595 τούτου

2183 3631 2494 3704 λαμϐάνων.
2519 3631 2655 3685 Οὐδέ
2668 3629 2826 3685 τοῦτο
2846 3631 3103 3701 ἐσίγησεν
3131 3633 3159 3683 6
3181 3630 3503 3700 προφήτης,
3534 3630 3679 3683 ἀλλά
3697 3632 3773 3683 ul

2183 3718 2251 3772 τά
2284 3718 2615 3789 ἀναίσχυντα
2645 3717 2973 3788 συμϐόλαια,
3005 3718 3101 3770 zeal
3126 3719 3253 3779 τοὺς
3281 3716 3507 3784 λόγους,
3531 3717 3633 3781 οὓς
3654 3718 3771 3787 πρὸς

2182 3806 2444 3882 ἀλλήλους
2463 3805 2764 3872 ἐποιοῦντο,
2795 3805 3099 3877 ἐμφαίνων,
3133 3805 3199 3859 '0
3214 3803 3380 3872 Θεὸς,
3399 3804 3526 3872 τὴν
3547 3806 3774 3859 «(mir

2179 3911 2298 3965 μου
2320 3893 2408 3963 μὴ
2437 3891 2943 3962 παρασιωπήσῃς,
2979 3891 3199 3961 ἔλεγεν,
3236 3891 3328 3946 ὅτι
3354 3891 3567 3961 στόμα
3608 3893 3773 3962 ἁμαρ-

2183 3982 2377 4039 τωλοῦ
2399 3982 2501 4040 καὶ
2526 3981 2722 4052 στόμα
2752 3981 2966 4036 δολίου
2994 3981 3089 4035 ἐπ’
3127 3980 3235 4047 ἐμὲ
3269 3981 3571 4050 ἠνοίχθη.
3613 3983 3675 4035 Ὁ
3700 3982 3774 4036 αέ-

2183 4070 2274 4133 τὸς
2302 4069 2570 4142 προδότης
2597 4069 2900 4139 μεταγνοὺς
2934 4068 3160 4140 ὕστερον
3183 4069 3323 4138 ὑπὲρ
3364 4061 3446 4122 ὧν
3483 4068 3773 4140 ἐτόλμησε,

2183 4157 2253 4210 τά
2268 4173 2329 4210 τε
2353 4155 2595 4228 ἀργύρια
2623 4154 2838 4226 ἔρριψε,
2866 4155 2963 4209 zeal
2989 4154 3214 4227 δραμὼν
3256 4155 3353 4208 ἐπὶ
3410 4154 3621 4227 βρόχον
3649 4157 3777 4209 οὕτω

2183 4120 2963 4228 42:255.“magae
2989 4120 3214 4227 agam
3228 4120 3233 4121 ί
3248 4120 3353 4208 ἔτι
3376 4120 3777 4227 ὴβράέᾷνῖὲτ..
3812 4120 3822 4449 1

2183 4244 2276 4299 τὸν
2309 4243 2423 4315 βίον
2452 4244 2735 4310 κατέλυσε,
2773 4242 2974 4316 χηρείᾳ
3005 4243 3104 4314 τὴν
3135 4245 3374 4312 γυναῖκα
3412 4244 3520 4297 zeal
3553 4244 3777 4315 ὀρφανίᾳ

2183 4332 2249 4386 τά
2275 4332 2443 4386 τέκνα
2457 4330 2753 4402 παραδοὺς,
2771 4331 2866 4384 zeal
2892 4330 3103 4401 ἐρημίᾳ
3125 4330 3225 4401 τὴν
3252 4329 3462 4383 οἰκίαν.
3499 4331 3657 4402 Ὅρα
3677 4332 3776 4391 ταὶς

2185 4419 2278 4449 ...Α
2320 4418 2525 4449 -..ιζ-...ιι
2577 4416 2915 4449 ὶυυηηυωκεΐ
2942 4416 3041 4449 ml“.
3083 4416 3371 4449 muan
3422 4419 3454 4449 Α
3494 4420 3774 4449 -..Δηικ-

2183 4332 2249 4386 τά
2275 4332 2443 4386 τέκνα
2457 4330 2753 4402 παραδοὺς,
2771 4331 2866 4384 zeal
2892 4330 3103 4401 ἐρημίᾳ
3125 4330 3225 4401 τὴν
3252 4329 3462 4383 οἰκίαν.
3499 4331 3657 4402 Ὅρα
3677 4332 3776 4391 ταὶς

2185 4419 2283 4473 zeal
2320 4418 2525 4489 ταύτην
2576 4416 2915 4490 ἐκτραγῳδεῖ
2942 4416 3041 4488 τὴν
3082 4416 3371 4488 συμφορὰν
3422 4419 3454 4470 6
3494 4420 3774 4489 προφήτης

2185 4462 2554 4574 ζιῖἑωῖἐέῶᾆο
2577 4462 3035 4572 ἷᾶὁτῖἐιξιξγᾷῖ
3050 4462 3110 4557 οἱ
3123 4462 3479 4557 ζιῖἔῑῖιὲτᾶῦ
3502 4462 3771 4572 ’δρφωατἭὛ
3819 4462 3821 4577 1

2185 4593 2283 4647 καί
2305 4593 2345 4660 ἡ
2376 4593 2531 4663 γυνὴ
2552 4591 2740 4647 αὐτοῦ
2769 4590 2948 4661 χήρα,
2970 4578 3368 4659 σαλευόμενοι
3404 4590 3771 4657 μεταναστή-

2184 4697 2388 4735 τωσαν
2412 4683 2467 4734 οἱ
2490 4679 2609 4734 υἱοὶ
2635 4678 2843 4742 αὑτοῦ,
2877 4679 2976 4732 καί
3025 4676 3511 4745 ἐκϐληθήτωσαν
3552 4680 3629 4732 ἐκ
3672 4677 3771 4732 τὺ*

2187 4767 2518 4824 οἰκοπέδων
2543 4765 2762 4822 αὐτῶν.
2809 4766 2970 4820 Ἀλλά
2996 4766 3093 4820 zeal
3115 4766 3231 4819 ἀντ’
3251 4764 3473 4818 ἐκείνου
3499 4768 3634 4837 μετ’
3650 4768 3771 4820 ἐκεῖ·

2185 4875 2276 4913 νον
2306 4858 2495 4926 γέγονέ
2523 4872 2608 4920 τις
2631 4856 2926 4919 ἀπόστολος
2947 4857 2977 4909 6
2996 4853 3266 4917 Ματθίας.
3290 4852 3407 4907 Καὶ
3425 4854 3600 4908 τοῦτο
3630 4855 3770 4908 πάλιν

2185 4945 2214 5000 6
2250 4945 2413 5009 αὐτὸς
2436 4946 2817 5016 προαναφωνεῖ
2833 4943 3007 5013 λέγων
3026 4958 3041 4972 ο
3070 4942 3191 5011 Τὴν
3212 4940 3579 5009 ἐπισκοπὴν
3601 4941 3771 4997 αὐτοί*

2186 5036 2361 5092 λάϐοι
2392 5037 2612 5106 ἕτερος.
2645 5035 3007 5108 Προδοθέντος
3035 5036 3204 5090 αὐτοῦ
3237 5036 3333 5089 zeal
3376 5035 3768 5107 συλληφθέντες

2188 5135 2426 5203 ἑκόντος,
2459 5080 2777 5189 σδῦνίστατ-αι
2797 5080 3151 5205 δικαστῖήριον
3178 5132 3383 5202 πολλῆς
3397 5080 3602 5203 γέμος
3613 5080 3772 5205 παρα.-
3819 5080 3822 5173 Ι

2186 5233 2400 5305 νομίας,
2461 5231 2732 5287 Ἰουδαίων
2770 5246 2831 5283 τε
2875 5231 2973 5285 zeal
3009 5229 3122 5284 τῶν
3151 5229 3214 5296 ἐξ
3253 5228 3450 5287 ἐθνῶν.
3491 5230 3649 5301 Ὅρα
3673 5228 3769 5289 πῶς

2187 5330 2280 5384 zeal
2330 5329 2463 5385 αὐτὸ
2506 5326 2860 5399 προθεσπίζει
2897 5329 2928 5381 6
2976 5328 3276 5399 Προφήτης
3330 5326 3548 5396 λέγων·
3604 5328 3767 5383 ’Ῑνατί

2186 5425 2497 5497 ἐφρύαξαν
2519 5425 2692 5495 ἐθνη,
2739 5422 2841 5479 καί
2870 5424 3008 5478 λαοί
3045 5423 3427 5493 ἐμελέτησαν
3481 5424 3669 5487 κενεὴ
3705 5420 3767 5477 οὗ

2185 5522 2362 5589 ταῦτα
2392 5520 2448 5576 δέ
2472 5520 2634 5594 μόνον
2663 5519 3121 5592 πρωνεφώνησαν
3138 5535 3153 5553 ο
3183 5517 3321 5573 ἀλλά
3346 5519 3445 5574 zeal
3468 5516 3576 5592 τὴν
3602 5516 3765 5591 σιγὴν,
