3866 6226
210 77 320 134 817

205 216 275 265 de
310 211 583 280 femoribus
622 214 763 285 ejus,
804 216 961 271 donec
1000 220 1164 274 ueniat
1191 223 1273 276 cui
1299 226 1572 293 repositum
1599 238 1703 293 εει,
1733 238 1784 283 et

203 302 316 369 ipse
353 305 657 370 exspectatio
709 304 942 360 Gentium
974 324 993 362 :
1020 308 1185 380 ligans
1230 314 1299 365 ad
1347 315 1539 369 vineam
1585 319 1783 387 pullum

198 408 372 458 suum,
397 402 443 446 ct
467 393 535 445 ad
563 394 771 448 helicem
796 398 995 465 pullum
1021 400 1178 453 asinte
1200 418 1326 457 sua.
1356 402 1566 459 Lavabit
1592 411 1643 460 in
1666 409 1779 464 vino

197 482 385 535 stolam
406 499 571 549 suam,
602 494 648 538 et
671 485 723 538 in
748 488 994 557 sanguine
1018 504 1126 542 utne
1150 492 1361 560 pallium
1385 510 1551 548 suum.
1577 495 1778 551 lucun-

195 573 365 625 diorcs
402 573 538 626 oculi
576 574 685 645 ejus
716 575 857 640 vino,
897 586 943 629 et
981 579 1296 634 candidiores
1321 583 1490 637 dentes
1514 585 1621 654 ejus
1648 587 1777 641 lacte

196 662 350 730 (Gen.
380 662 467 717 49.
498 664 566 718 10
592 666 737 735 42).
766 666 896 721 Vide
934 667 1070 723 hanc
1098 673 1255 725 etiam
1287 673 1612 742 prophetiam
1642 693 1773 732 con-

190 766 405 818 gruere.
437 752 567 806 Nam
610 762 735 809 tunc
766 755 998 820 advenit,
1027 773 1148 811 cum
1172 758 1280 828 jam
1312 761 1600 818 deticerent
1625 768 1771 836 prin-

190 842 342 910 cipes
366 843 569 898 .ludaici
595 887 609 908 ,
655 854 707 900 et
752 858 962 917 sceptro
993 849 1347 906 Romanorum
1379 855 1771 915 subderentur:

191 944 248 987 ct
291 935 367 988 sic
404 936 721 1005 implebatur
748 939 1023 1009 prophetia
1046 983 1061 1006 ,
1089 958 1205 1012 qua:
1232 945 1354 998 dicit
1380 986 1394 1008 ,
1428 944 1551 1000 Non
1576 948 1772 1016 deﬁciet

194 1025 425 1092 princeps
451 1026 513 1078 de
538 1026 701 1093 ludo,
734 1039 779 1081 et
809 1031 916 1083 dua:
941 1033 1003 1084 de
1032 1033 1302 1101 femoribus
1331 1037 1460 1106 ejus,
1489 1038 1644 1092 donec
1682 1056 1765 1093 ve-

190 1115 299 1167 niat
321 1156 335 1179 ,
368 1118 449 1169 cui
480 1119 754 1187 repositum
797 1132 887 1185 est,
932 1122 1000 1177 de
1047 1123 1259 1179 Christo
1284 1129 1484 1183 scilicet
1521 1130 1763 1200 loquens.

187 1203 321 1258 Nam
363 1210 537 1261 statim
567 1220 723 1278 atque
755 1222 907 1267 natus
933 1223 1041 1276 est,
1072 1227 1125 1268 et
1153 1218 1438 1288 descriptio
1464 1220 1551 1274 illa
1597 1222 1764 1291 prima

187 1296 324 1350 facta
371 1307 489 1363 cst,
539 1301 918 1369 imperantibus
946 1305 1199 1360 Romanis
1239 1307 1541 1364 Judaeorum
1587 1314 1760 1381 genti,

185 1400 307 1439 cum
336 1403 427 1441 cos
451 1389 548 1443 sub
569 1390 769 1458 imperii
798 1396 877 1446 sui
895 1394 1076 1463 jugum
1099 1398 1348 1466 egissent.
1371 1401 1601 1471 Itemque
1620 1404 1761 1459 aliud

182 1478 511 1547 signiﬁcatur
529 1481 609 1536 his
628 1484 818 1548 verbis,
842 1496 887 1538 et
908 1486 1015 1552 ipse
1036 1491 1339 1557 exspectatio
1353 1489 1602 1546 Gentium.
1627 1493 1758 1550 Cum

180 1570 478 1626 advenisset
519 1572 691 1640 enim,
737 1591 924 1630 omnes
969 1577 1165 1633 Gentes
1206 1584 1445 1640 attraxit.
1488 1584 1755 1654 Herodes,

176 1658 361 1713 Jcsum
397 1670 576 1715 natum
604 1666 913 1734 perquirens
932 1707 947 1733 ,
982 1685 1171 1736 pueros
1192 1686 1257 1724 eo
1286 1671 1335 1725 in
1363 1673 1480 1728 loco
1508 1675 1757 1731 interem-

176 1760 368 1819 pturus
401 1762 515 1807 erat
537 1771 550 1807 :
574 1764 625 1809 et
672 1771 845 1826 neque
889 1757 991 1813 hoc
1033 1760 1293 1816 siluerunt
1324 1766 1593 1834 prophetae
1614 1809 1628 1831 ,
1661 1768 1755 1823 sed

174 1843 359 1895 multis
386 1852 540 1898 antea
566 1848 892 1915 temporibus
921 1853 1277 1918 przedixerunt
1307 1855 1388 1908 his
1417 1858 1619 1913 verbis:
1646 1858 1755 1915 Vos

170 1932 227 1983 in
267 1932 430 1986 [fama
468 1937 642 1990 audita
667 1949 739 1992 est
761 1980 774 2001 ,
818 1941 981 1996 luctus
1006 1984 1020 2008 ,
1064 1945 1213 2013 ﬂetus
1243 1956 1286 1998 et
1316 1948 1506 2002 clamor
1531 1952 1714 2006 multus
1734 1969 1753 2007 :

153 2022 373 2077 .Rachel
390 2026 595 2094 plorans
619 2029 752 2096 ﬁlios
771 2047 906 2095 suos,
938 2043 986 2086 et
1016 2036 1176 2088 noluit
1208 2039 1477 2106 consolari,
1506 2043 1622 2111 quia
1648 2060 1750 2098 non

167 2126 288 2168 sunt
325 2115 455 2185 (Jer.
486 2119 571 2173 3i.
606 2120 714 2189 l5).
748 2121 825 2175 Ex
859 2123 1087 2194 Egypto
1113 2129 1379 2184 rediturus
1407 2142 1542 2198 erat,
1574 2134 1749 2191 ethoc

167 2209 592 2275 pra-nuntiarunt
642 2210 880 2266 dicentes
914 2232 926 2267 :
960 2214 1045 2268 Ea:
1091 2216 1320 2287 zEgypto
1364 2224 1535 2276 vocavi
1582 2225 1747 2291 ﬁlium

166 2314 335 2351 meum
358 2299 509 2367 (Osee
558 2302 643 2355 11.
678 2303 752 2374 1).
782 2304 1080 2375 Conspicua
1109 2309 1159 2362 in
1187 2310 1298 2365 loca
1328 2325 1581 2368 venturus
1607 2326 1742 2381 erat,

166 2398 224 2441 ut
259 2391 436 2442 statim
465 2391 533 2446 ibi
565 2393 711 2462 signa
751 2393 951 2451 faceret
978 2406 1032 2451 et
1056 2398 1302 2454 doceret:
1326 2412 1379 2456 et
1405 2403 1507 2457 hoc
1534 2420 1744 2475 quoque

164 2479 576 2546 pmnuntiatum
626 2491 737 2546 est;
789 2485 910 2538 audi
957 2487 1096 2540 enhn
1152 2488 1393 2544 llcsaiam
1441 2492 1738 2549 dicentem:

161 2565 324 2636 Regio
347 2566 598 2635 Z..bulon,
628 2581 759 2624 terra
788 2571 1140 2643 Nepltthalim,
1170 2581 1407 2648 populus,
1434 2582 1520 2652 qui
1541 2583 1742 2639 sedebat

158 2659 211 2711 in
242 2659 474 2725 tenebris,
504 2663 625 2715 uidit
653 2664 815 2717 lucem
845 2682 1078 2736 magnam
1103 2684 1122 2721 :
1143 2670 1424 2725 sedentibus
1443 2674 1495 2726 in
1526 2676 1740 2730 tenebris

161 2762 210 2803 et
240 2751 292 2803 in
328 2754 507 2805 umbra
542 2756 716 2808 mortis
759 2758 850 2809 lua:
874 2768 985 2811 orta
1013 2771 1086 2813 est
1114 2760 1318 2829 (Hesai.
1348 2762 1499 2835 9.1).
1537 2766 1739 2833 Quibus

155 2842 485 2911 signiﬁcatur
500 2844 755 2899 adventus
774 2848 888 2915 ejus
905 2849 957 2902 in
978 2850 1065 2903 illa
1088 2851 1222 2914 loca,
1245 2853 1481 2909 doctrina
1504 2873 1731 2929 quoque,

154 2933 387 2999 cognitio
408 2972 424 2998 ,
471 2950 683 3003 quamn
715 2939 982 2992 miraculis
1010 2953 1348 3009 acceperunt.
1394 2946 1596 3002 Deinde
1634 2949 1735 3005 alia

153 3038 411 3078 enarrans
451 3026 740 3093 miracula,
769 3030 1161 3100 ostendensque
1205 3036 1470 3102 quomodo
1516 3037 1733 3095 claudos

150 3113 454 3179 curaverit,
498 3129 668 3169 caecos
696 3118 980 3182 sanaverit,
1013 3128 1188 3175 mutos
1219 3122 1358 3191 loqui
1387 3122 1586 3191 fecerit,
1617 3128 1729 3183 ait:

150 3199 296 3255 Tunc
324 3205 609 3272 aperientur
632 3204 766 3259 oculi
788 3222 1054 3273 caecorum,
1094 3219 1141 3263 et
1168 3226 1318 3265 aures
1338 3214 1607 3268 surdorum
1632 3232 1727 3269 au-

149 3292 287 3344 dient
332 3291 484 3360 (Ηεε.
514 3294 602 3347 55.
625 3294 718 3365 5);
749 3296 971 3366 aliisque
1009 3298 1363 3369 interpositis,
1395 3302 1534 3357 Tunc
1562 3307 1726 3374 saliet,

147 3382 338 3450 inquit,
367 3384 494 3437 sicut
518 3401 689 3440 ceruus
716 3386 945 3452 claudus,
976 3399 1023 3442 et
1046 3389 1188 3444 clara
1211 3394 1303 3446 erit
1325 3409 1421 3448 eoa:
1443 3395 1726 3452 balbutien-

148 3470 273 3522 tium
315 3470 419 3541 (Ib.
452 3488 499 3524 υ.
532 3472 586 3540 6)
613 3490 625 3525 :
650 3475 791 3543 quod
823 3477 1024 3532 scilicet
1055 3495 1340 3550 numquam
1380 3483 1575 3539 factum
1604 3497 1685 3541 est
1705 3529 1720 3553 ,

146 3561 249 3614 nisi
281 3561 331 3615 in
359 3562 585 3617 adventu
612 3564 772 3619 illius.
817 3566 1099 3637 Signorum
1127 3571 1251 3625 item
1278 3572 1571 3643 aliquorum
1598 3592 1722 3647 spe-

143 3651 323 3704 ciatim
361 3654 755 3709 meminerunt:
782 3655 1049 3725 ingressus
1076 3668 1159 3713 est
1185 3662 1326 3715 enim
1356 3663 1638 3733 aliquando
1668 3667 1719 3722 in

144 3743 398 3812 templum
421 3785 435 3809 ,
473 3755 527 3799 et
553 3747 699 3815 pueri
725 3747 899 3802 adhuc
926 3749 1178 3806 lactentes
1199 3793 1214 3817 ,
1262 3753 1721 3828 inexpeditamque

141 3833 315 3888 adhuc
348 3834 603 3891 habentes
630 3838 857 3907 linguam
883 3842 1189 3896 cecinerunt
1214 3844 1265 3897 in
1295 3846 1440 3900 illum
1465 3848 1713 3919 hymnos,

141 3927 218 3980 sic
246 3927 505 3994 dicentes,
539 3927 785 3983 Hosanna
818 3932 870 3984 in
900 3934 1109 3988 excelsis
1130 3951 1149 3989 :
1171 3936 1453 3993 benedictus
1477 3942 1561 4011 qui
1587 3944 1717 3996 venit

138 4019 190 4069 in
213 4018 413 4071 nomine
428 4016 630 4072 Domini
651 4019 857 4089 (Matth.
878 4023 966 4077 2|.
990 4024 1043 4093 9)
1064 4042 1075 4076 :
1093 4025 1192 4080 hoc
1214 4028 1379 4081 multo
1404 4039 1558 4084 antea
1583 4047 1716 4100 prte-

136 4105 346 4160 dixerat
372 4107 624 4175 pr0phela
644 4150 658 4174 ,
694 4108 776 4165 Ea;
805 4128 889 4165 ore
909 4151 926 4177 ,
960 4116 1236 4182 inquiens,
1267 4117 1537 4186 infantium
1560 4132 1605 4174 et
1631 4122 1713 4174 la-

134 4198 370 4249 etentium
412 4200 661 4269 perfeciin
710 4201 941 4266 laudem,
988 4213 1044 4256 ut
1081 4205 1312 4261 destruas
1362 4209 1618 4264 inimicum
1664 4222 1712 4266 et

132 4289 348 4341 ultorem
372 4287 591 4360 (Psalm.
616 4292 670 4346 8.
695 4293 770 4355 5).
793 4293 978 4348 Viden‘
993 4298 1259 4365 quomodo
1279 4310 1462 4354 contra
1480 4303 1707 4371 seipsam

129 4376 412 4431 decertans
459 4389 643 4434 natura
687 4382 930 4450 opificem
973 4386 1317 4455 prtedicaret,
1361 4400 1414 4445 et
1453 4392 1708 4449 innocens

130 4478 282 4535 mtas,
328 4468 550 4523 necdum
598 4471 927 4526 articulatam
972 4490 1154 4530 vocem
1196 4480 1439 4536 emittere
1484 4483 1702 4552 valens,

128 4560 469 4629 apostolicam
493 4564 919 4631 prmdicationem
948 4569 1281 4638 susciperet?

197 4654 250 4704 4.
290 4651 498 4706 Judwos
524 4654 745 4723 ingratos
772 4659 882 4727 fore
901 4658 1197 4727 prwdictum
1214 4672 1304 4715 est.
1326 4694 1396 4703 —
1418 4665 1548 4733 Quia
1573 4682 1698 4721 vero

123 4757 247 4796 cum
278 4741 477 4797 Judaeis
503 4745 784 4813 aliquando
811 4748 1083 4804 disserens
1123 4753 1193 4806 ob
1219 4753 1481 4823 ingratum
1511 4774 1695 4813 eorum

119 4833 358 4887 animum
398 4836 561 4889 multa
590 4837 915 4892 subobscure
946 4842 1093 4909 quasi
1125 4844 1175 4896 in
1203 4845 1482 4914 :ennigmate
1508 4857 1561 4902 et
1601 4864 1692 4916 pa-

118 4925 301 4979 rabola
352 4924 665 4995 loquuturus
691 4940 823 4995 erat,
874 4931 1098 5001 idipsum
1147 4950 1357 5005 quoque
1402 4939 1493 4993 diu
1538 4951 1694 4997 antea

115 5014 431 5084 praedictum
479 5026 561 5072 est
600 5028 614 5070 :
668 5017 870 5088 Loquar
921 5024 1282 5092 propositiones
1326 5044 1358 5080 a
1400 5030 1694 5099 fundatione

113 5105 315 5168 mundi,
347 5107 577 5160 eructabo
623 5108 913 5163 abscondita
938 5111 1000 5163 ab
1041 5113 1184 5166 initio
1221 5114 1441 5183 (Psalm.
1478 5118 1564 5172 77.
1610 5120 1689 5190 2).

112 5194 255 5258 Quin
281 5203 335 5248 et
360 5196 670 5264 sapientiam
700 5199 816 5267 ejus
847 5201 897 5254 in
941 5203 1305 5259 concionando
1332 5207 1505 5278 longis
1533 5222 1688 5267 antea

108 5282 443 5350 temporibus
491 5289 850 5353 praenuntians
893 5291 1145 5359 propheta
1185 5293 1438 5350 dicebat:
1484 5296 1687 5365 Dilfusa

104 5379 179 5421 cst
205 5374 370 5439 gratia
390 5374 441 5426 in
463 5374 609 5429 labiis
634 5378 730 5431 tuis
758 5379 982 5451 (Psalm.
1005 5383 1096 5437 M.
1120 5385 1178 5454 '5)
1203 5401 1216 5439 :
1248 5395 1305 5441 et
1327 5387 1464 5443 alius
1489 5388 1682 5446 iterum

103 5460 406 5530 propheta:
438 5466 570 5522 Ecce
595 5468 835 5542 intelliget
871 5491 997 5545 puer
1021 5492 1178 5545 meus,
1207 5488 1252 5533 et
1281 5479 1602 5551 exaltabitus,
1630 5495 1678 5540 et

780 101 1053 162 CONTRA
1090 107 1373 170 JUDJEOS
1408 114 1497 171 ET
1535 116 1891 190 GENTILES,
1934 125 2118 194 QUOD
2155 130 2483 195 CHRISTUS
2520 141 2627 199 SIT
2663 145 2864 205 DEUS.

3360 165 3464 223 8l8

1893 237 2280 348 qlqri/ioabitur,
2321 259 2370 299 et
2411 251 2557 306 ualde
2594 256 2821 315 sublimis
2847 263 2940 316 erit
2988 264 3186 332 (Hesai.
3218 272 3306 327 52.
3349 277 3460 348 15).

1896 325 2171 435 AJdventus
2217 343 2394 390 autem
2441 339 2609 409 ipsius
2654 349 2907 414 prteclara
2951 325 3097 424 gesta
3136 325 3464 435 cumsignis

1886 414 2048 524 adita,
2072 422 2219 488 quasi
2263 431 2579 496 compendio
2599 449 2874 507 enarrans,
2902 414 3092 502 iterum
3119 450 3163 505 is
3185 453 3294 524 ipse
3310 414 3458 517 dixit:

1890 503 2116 624 'Spiritus
2142 510 2349 569 Domini
2371 535 2523 588 super
2551 540 2647 589 me,
2676 541 2939 598 propterea
2963 540 3105 593 unxit
3129 503 3232 609 me:
3257 562 3465 624 euange.

1908 595 2037 624 ian..-
2063 615 2199 624 ..,...--
2217 604 2335 624 ...ειη
2352 623 2359 624 ,
2443 611 2453 621 ο
2487 610 2517 624 θ.
2820 622 2845 624 ,Α

1881 592 2037 649 lizare
2060 604 2364 670 pauperibus
2386 610 2518 663 misit
2540 630 2618 667 me
2640 630 2661 669 :
2687 622 2962 686 praedicare
2983 630 3193 696 captivis
3218 592 3449 695 remissi.

1889 698 2023 783 nent,
2054 698 2104 797 ει
2129 693 2276 745 caecis
2304 697 2438 753 uisus
2465 704 2824 762 restitutionem
2853 693 3054 781 (Hesai.
3089 718 3178 777 6|.
3209 724 3283 797 1).
3314 693 3455 795 Quo-

1877 772 2017 827 niam
2044 776 2215 834 JUdiDl
2243 791 2319 837 tot
2343 787 2411 841 ab
2432 804 2498 843 eo
2519 792 2791 853 beneﬁciis
2811 772 2983 858 allecti
3006 772 3202 866 frustra
3213 772 3454 873 veniere-

1876 880 1979 934 que
2002 867 2177 967 ipsum
2204 882 2497 935 aversaturi
2524 896 2696 954 erant,
2725 890 2849 946 licet
2875 910 2994 950 eum
3025 916 3123 956 nec
3150 903 3202 958 in
3234 922 3448 979 magno,

1875 969 1973 1008 nec
2002 973 2068 1066 In”
2086 974 2250 1062 parvo
2293 980 2513 1033 possent
2537 988 2782 1047 arguere,
2811 983 2939 1039 illud
2992 1004 3202 1061 quoque
3246 969 3445 1066 prmdi:

1872 1054 2018 1149 ctum
2044 1048 2177 1149 l'uit
2207 1056 2329 1110 audi
2354 1059 2606 1119 Davidem
2637 1067 2736 1123 hoc
2766 1072 2938 1141 ipsum
2965 1048 3340 1144 vaticinantem
3366 1096 3449 1149 his

1870 1136 2049 1194 verbis
2089 1158 2103 1195 τ
2136 1142 2262 1199 Cum
2302 1149 2383 1215 iis,
2429 1155 2516 1222 qui
2540 1158 2751 1215 oderant
2795 1183 2989 1236 pacem,
3017 1189 3152 1229 eram
3183 1183 3445 1253 paciﬁcus,

1873 1242 1981 1253 4......
2012 1230 2053 1253 ΙΔ
2067 1235 2172 1253 ..μ-1
2279 1239 2351 1253 -ιη
2438 1244 2449 1253 .
2690 1252 2696 1253 ,

1869 1230 2244 1336 eum‘loauebar
2271 1239 2392 1306 illis,
2432 1230 2805 1319 impugnabant
2822 1274 2899 1312 me
2924 1230 3086 1330 gratis
3118 1230 3424 1336 (μξάὶξῖἶᾷ

1870 1316 1945 1388 7).
1975 1320 2145 1425 Asino
2190 1338 2374 1386 vectus
2415 1334 2751 1406 ingressurus
2776 1359 2890 1402 erat
2913 1316 3204 1425 divitate‘m,
3237 1371 3289 1416 et
3318 1364 3446 1422 illud

1858 1954 2101 2013 tenderet
2135 1975 2193 2017 se
2220 1980 2325 2021 non
2351 1984 2471 2025 esse
2501 1980 2824 2035 contrarium
2856 1984 2984 2050 Deo,
3013 1992 3104 2045 sed
3135 2008 3255 2050 cum
3282 1998 3438 2056 Patre

1855 2051 2275 2151 ‘consentientem
2301 2075 2315 2111 :
2339 2074 2502 2128 quare
2526 2063 2740 2123 domum
2772 2073 3089 2141 vindicabat,
3122 2087 3263 2151 quod
3295 2087 3346 2141 in
3370 2106 3431 2144 ea

1854 2132 2157 2204 hujusmodi
2188 2150 2473 2214 negotiatio
2497 2152 2647 2210 fieret
2673 2174 2688 2211 :
2732 2176 2904 2231 neque
2931 2167 3032 2222 hoc
3057 2132 3270 2229 silentio
3292 2192 3432 2245 pra)-

1854 2230 2154 2315 termissum
2184 2245 2285 2301 est,
2319 2240 2414 2294 sed
2442 2242 2667 2312 idipsum
2701 2230 2952 2321 propheta
2987 2259 3146 2316 David
3178 2230 3430 2323 vaticina-

1855 2324 1939 2372 tus
1967 2330 2069 2386 est,
2091 2334 2145 2377 et
2168 2342 2270 2394 qua
2300 2340 2476 2386 mente
2498 2333 2635 2391 hanc
2656 2354 2964 2408 sumpturus
2980 2350 3261 2409 vindictam
3278 2369 3422 2413 esset

1852 2412 2227 2475 praenuntiavit
2262 2417 2445 2475 dicens
2489 2440 2502 2475 :
2550 2424 2703 2481 Zelus
2745 2430 2923 2487 domus
2968 2445 3067 2491 tua:
3102 2445 3315 2498 comedit

1852 2498 2069 2570 (Psalm.
2098 2505 2184 2560 68.
2219 2508 2328 2579 10).
2354 2511 2489 2579 Quid
2531 2515 2633 2572 hoc
2665 2523 2997 2582 manifestius
3022 2528 3224 2587 fuerit?

1845 2606 1961 2646 rum
1984 2606 2098 2649 erat
2121 2607 2177 2650 ut
2207 2601 2539 2668 proderetur,
2571 2618 2625 2662 et
2652 2627 2850 2668 mensa:
2877 2618 3016 2674 illius
3045 2637 3267 2681 consors
3297 2645 3422 2697 pro-

1844 2681 2100 2739 ditionem
2125 2689 2340 2747 iaccrct.
2370 2693 2499 2748 Vide
2520 2702 2786 2766 quomodo
2810 2704 2912 2761 hoc
2940 2711 3097 2765 etiam
3122 2681 3426 2782 pratrdiiterit

1845 2771 1929 2827 hic
1957 2775 1969 2827 i
1978 2791 2070 2843 pse
2094 2781 2348 2847 propheta
2374 2783 2559 2840 dicens
2583 2806 2596 2841 :
2630 2790 2730 2857 Qui
2754 2795 2929 2849 edebat
2950 2816 3107 2868 panes
3122 2771 3283 2873 ἠιεοε,
3318 2826 3424 2863 ma-

1841 2864 2096 2932 gniﬁcavit
2131 2886 2284 2936 super
2308 2888 2387 2925 me
2425 2876 2888 2946 supplantationem
2925 2864 3144 2959 (Psalm.
3176 2864 3420 2969 40:10);

1839 2954 2200 3011 animadverte
2244 2961 2370 3015 item
2424 2970 2764 3037 evangelista:
2817 2954 3267 3039 consonantiam:
3321 2954 3421 3057 ρἰιὲ

1838 3042 2061 3107 intinxit.
2092 3047 2281 3116 inquit,
2310 3068 2504 3107 mecum
2534 3074 2739 3113 manum
2773 3080 2917 3118 suam
2938 3068 2991 3121 in
3016 3073 3204 3138 catino,
3240 3076 3419 3133 hieme

1838 3132 2000 3185 tradet
2028 3134 2238 3207 (Matth.
2265 3138 2358 3194 26.
2384 3140 2498 3211 25).
2523 3143 2640 3201 Non
2675 3150 2833 3206 modo
2863 3156 3085 3212 traditor
3115 3132 3204 3217 ille
3243 3164 3415 3235 ipsum

1836 3223 2139 3290 proditurus
2163 3238 2297 3297 erat,
2330 3232 2423 3287 sed
2445 3236 2603 3291 etiam
2628 3243 2942 3311 sanguinem
2967 3223 3414 3317 pretiosum-ven-

1833 3311 2061 3410 diturus,
2093 3329 2315 3389 accepta
2344 3337 2439 3391 pro
2458 3323 2559 3381 hac
2585 3344 2644 3383 re
2669 3335 2894 3400 pecunia
2919 3353 2933 3389 :
2967 3311 3147 3410 neque
3176 3345 3306 3402 illud

1831 3401 1937 3455 cuit
1982 3406 2257 3475 propheta,
2298 3413 2392 3467 sed
2438 3414 2761 3485 impudentia
2796 3424 3003 3482 illorum
3032 3401 3181 3499 pacta
3210 3446 3265 3492 et
3282 3401 3410 3495 se}-

1831 3507 2017 3549 mones
2043 3536 2059 3562 ,
2108 3513 2244 3567 quos
2273 3501 2411 3558 inter
2460 3520 2523 3561 se
2566 3510 2957 3585 conferebant,
3002 3525 3203 3582 retulit.
3257 3528 3408 3600 [Nam

1828 3582 1919 3638 ille
1941 3586 2171 3656 dicebat,
2209 3592 2345 3659 Quid
2368 3598 2517 3651 vultis
2555 3601 2679 3655 mihi
2718 3605 2859 3671 dare,
2975 3627 3067 3682 ego
3087 3616 3226 3672 vobis

1826 3675 2069 3739 tradam;
2109 3680 2193 3734 isti
2242 3698 2371 3738 vero
2400 3692 2811 3761 responderunt,
2857 3675 3087 3770 Triginta
3125 3712 3403 3778 argenteos.

1825 3765 1883 3818 In
1909 3770 2188 3837 tenigmate
2214 3774 2343 3828 dicit
2371 3777 2436 3850 ³,]
2462 3777 2603 3835 Deus
2640 3784 2843 3840 laudem
2890 3765 3050 3846 meam
3074 3813 3136 3850 ne
3165 3765 3397 3869 tbcueris,

1821 3857 1940 3925 quia
1978 3874 2033 3913 os
2061 3867 2337 3927 peccatoris
2380 3877 2427 3920 et
2471 3885 2527 3923 os
2556 3872 2720 3927 dolosi
2758 3894 2911 3948 super
2936 3898 3015 3936 me
3055 3900 3284 3956 apertum
3328 3857 3402 3949 est

1821 3946 2045 4040 ll’salm.
2080 3953 2202 4008 108.
2233 3957 2307 4024 1).
2340 3957 2388 4013 Is
2415 3958 2530 4028 ipse
2556 3967 2795 4032 proditor
2817 3946 3029 4029 demum
3057 3946 3125 4033 ob
3156 3946 3382 4040 tanta

1820 4037 2003 4093 cinora
2050 4042 2283 4113 seipsum
2330 4048 2621 4121 damnans,
2653 4070 2773 4112 cum
2818 4074 3101 4132 argenteos
3150 4074 3391 4142 projecit.

1819 4134 1929 4182 tum
1960 4130 2025 4184 ad
2056 4131 2300 4203 laqueum
2331 4152 2573 4207 currens,
2604 4146 2677 4199 ita
2706 4149 2868 4205 vitam
2889 4130 3084 4212 clausit
3109 4177 3123 4213 :
3152 4130 3391 4220 viduam:

1814 4232 1920 4326 que
1966 4235 2230 4326 uxorein,_
2255 4236 2309 4282 et
2353 4229 2490 4287 ﬁlios
2527 4237 2756 4305 pupillos
2787 4243 3033 4314 reliquit,
3066 4249 3389 4326 domumque

1814 4307 2101 4366 desertam.
2135 4314 2265 4371 Vide
2300 4323 2568 4387 quomodo
2612 4335 2666 4381 et
2696 4329 2832 4386 hanc
2873 4307 3374 4403 calamitatem];-

1810 4398 1927 4508 gice
1970 4404 2227 4503 propheta
2255 4413 2569 4476 praenuntiet
2599 4415 2683 4472 his
2722 4422 2897 4477 verbis
2926 4442 2942 4478 :
2970 4425 3129 4483 Fiant
3151 4434 3249 4500 ﬁlii
3276 4398 3385 4508 eius

1810 4489 2047 4558 orphani,
2074 4503 2119 4546 et
2141 4511 2270 4550 uxor
2292 4501 2401 4565 eius
2425 4503 2575 4557 uidua
2601 4521 2616 4559 .'
2640 4518 2871 4566 nutantes
2898 4489 3271 4590 transferantur
3289 4489 3386 4593 filii

1807 4580 1934 4691 aius,
1952 4591 2004 4691 et.
2012 4584 2281 4691 ejicipptur
2298 4588 2361 4644 de
2374 4591 2760 4654 habitationibus
2775 4606 2879 4657 suis
2892 4580 3062 4673 (Psal.
3086 4580 3303 4672 “18.9.;
3306 4580 3384 4691 0).

1805 4667 1932 4723 Post
1954 4672 2099 4726 illum
2127 4674 2372 4733 Matthias
2391 4679 2560 4738 factus
2586 4696 2668 4740 est
2686 4667 2976 4759 apostolus,
2999 4707 3055 4753 et
3079 4667 3180 4757 hoc
3202 4667 3378 4773 ipsum

1804 4760 1893 4815 ille
1919 4764 2167 4831 prmfatus
2187 4778 2267 4823 est
2294 4770 2377 4824 his
2406 4774 2581 4829 verbis
2607 4796 2621 4831 :
2644 4777 3007 4850 Episcopatum
3032 4792 3140 4856 eius
3165 4760 3382 4866 accipiat

1801 4853 1928 4906 alter
1953 4853 2057 4925 (Ib.
2090 4872 2137 4911 υ.
2175 4859 2253 4930 8).
2288 4862 2505 4919 Tradita
2532 4877 2587 4922 et
2612 4876 3003 4943 comprehenso
3028 4853 3153 4940 Jesu
3183 4853 3381 4948 libente

1798 4959 1862 4999 ac
1885 4948 2119 5012 volente,
2146 4961 2387 5008 coactum
2420 4971 2501 5014 est
2525 4963 2812 5020 concilium
2838 4968 3115 5039 iniquitate
3137 4979 3375 5049 plenum,

1796 5034 2100 5093 Judzeorum
2142 5042 2300 5097 simul
2338 5060 2401 5101 ac
2441 5046 2728 5107 Gentilium
2777 5074 2790 5110 :
2846 5034 2969 5116 vide
3007 5034 3375 5134 quomodoﬁid

1794 5127 1954 5180 etiam
1984 5129 2292 5197 praedixerit
2319 5138 2577 5206 propheta
2608 5141 2792 5199 dicens
2822 5164 2835 5199 :
2871 5127 3043 5213 Quare
3067 5155 3375 5222 fremuerunt

1795 5213 1997 5283 Gentes,
2042 5228 2089 5273 et
2125 5225 2309 5293 populi
2350 5228 2575 5283 meditati
2612 5243 2730 5287 sunt
2770 5236 2943 5292 inania
2980 5213 3150 5312 (Psal.
3191 5246 3246 5300 2.
3280 5247 3375 5320 1)?

1853 5373 1871 5405 ⁸
1905 5381 2017 5433 Quae
2038 5376 2320 5431 clauduntur
2341 5381 2419 5434 hic
2434 5387 2619 5437 uncinis
2641 5402 2763 5454 nusq

1786 5440 1979 5485 Graeco.
2026 5451 2120 5485 nec
2159 5444 2209 5485 in
2251 5444 2465 5485 Fditinnp.
2504 5449 2639 5485 Savil,
2685 5459 2763 5485 cm

1788 5474 1999 5560 nigrai.

2765 5405 2874 5455 uam
2903 5395 3141 5448 habentur
3159 5403 3206 5450 in
3231 5411 3371 5455 textu

2026 5451 2120 5492 nec
2158 5444 2210 5492 in
2251 5444 2465 5499 mitione
2504 5449 2642 5501 savii.
2685 5444 2776 5503 Sed
2818 5454 2896 5505 illa
2945 5444 3371 5526 κῶζ’ώῖάῦἦῖ
