3866 6226
476 164 581 220 819

477 278 661 347 Neque
689 285 890 332 tantum
921 276 1019 332 ista
1065 277 1507 346 praenuntiarunt,
1553 277 1650 329 sed
1693 275 1852 327 etiam
1895 274 2052 328 silen-

482 373 632 434 tium,
655 368 798 440 quod
818 369 996 424 multis
1018 369 1211 423 habitis
1239 369 1602 432 sermonibus,
1627 368 1925 434 oblatisque
1952 368 2058 420 cri-

481 463 857 517 minationibus
884 462 972 516 ille
998 461 1261 525 servabat,
1309 460 1556 530 praedixit
1583 459 1802 514 Ilesaias
1831 460 1912 513 itis
1938 474 2058 512 ver-

479 554 566 608 bis
589 571 604 607 :
639 553 785 608 Sicut
811 554 916 606 ocis
943 553 1012 606 ad
1037 552 1336 606 occisionem
1363 552 1544 605 ductus
1570 559 1662 615 est,
1687 560 1734 603 et
1754 551 1881 603 sicut
1901 564 2060 615 agnus

477 661 650 699 coram
677 643 911 698 tondente
936 653 1123 706 mutus,
1155 643 1229 695 sic
1254 657 1353 695 non
1377 641 1576 710 aperuit
1598 656 1653 693 os
1681 656 1830 692 suum
1853 637 2056 708 (Hesai.

483 737 571 792 55.
602 735 681 807 7).
709 735 898 789 Postea
929 742 1240 800 corruptum
1259 731 1518 800 judicium
1548 730 1848 793 declarans,
1873 726 1940 780 In
1967 727 2063 779 hu-

481 827 711 891 militate,
759 823 948 893 inquit,
992 823 1247 892 judicium
1286 824 1397 893 ejus
1437 819 1692 875 sublatum
1721 828 1833 883 est;
1875 817 1928 871 id
1955 827 2060 881 est,

477 917 656 972 nullus
681 915 751 968 de
783 913 898 981 ipso
922 913 1066 980 juste
1107 912 1384 980 judicavit.
1417 909 1617 964 Deinde
1657 923 1871 962 causam
1902 906 2064 960 caniis

484 1006 753 1076 patefacit.
785 1004 916 1058 Nam
945 1003 1067 1072 quia
1109 1017 1215 1056 non
1261 1011 1596 1070 peccatorum
1637 1014 1856 1052 suorum
1904 1011 2063 1050 causa

481 1112 672 1168 passus
692 1104 792 1161 est,
825 1096 1125 1162 ineuipatus
1151 1095 1296 1148 enim
1329 1102 1381 1146 et
1413 1091 1662 1144 innoxius
1683 1101 1818 1150 erat,
1851 1087 1944 1141 sed
1971 1101 2064 1154 pro

481 1188 664 1243 tnuudi
699 1189 851 1240 malis
885 1186 1108 1239 traditus
1135 1195 1254 1247 est;
1305 1183 1426 1236 vide
1455 1183 1722 1251 quomodo
1764 1181 1876 1232 hinc
1905 1179 2064 1231 ambo

482 1280 918 1342 subiudicaverit,
963 1293 1081 1331 cum
1113 1275 1246 1328 dixit
1283 1292 1295 1325 :
1349 1273 1450 1340 Qui
1491 1283 1751 1342 peccatum
1783 1287 1881 1323 non
1926 1270 2060 1340 fecit,

483 1391 574 1427 uec
596 1374 825 1426 inventus
853 1381 924 1424 est
959 1369 1107 1422 dolus
1130 1369 1182 1420 in
1205 1384 1289 1420 ore
1315 1368 1423 1435 ejus
1467 1365 1670 1436 (Hesai.
1707 1365 1795 1419 55.
1829 1363 1886 1432 9)
1928 1381 1940 1415 :
1973 1377 2066 1430 per

484 1467 588 1520 hoc
631 1465 774 1518 enim
816 1463 968 1531 cujus
995 1463 1068 1516 rei
1101 1477 1257 1515 causa
1284 1460 1496 1514 occisus
1541 1458 1610 1512 sit
1633 1457 1942 1510 declaravit.
1973 1453 2066 1508 Se-

485 1555 666 1624 quitur
689 1561 743 1606 et
769 1552 870 1604 alia
902 1566 1062 1604 causa
1089 1567 1102 1603 :
1144 1549 1251 1603 Pro
1271 1549 1638 1616 iniquitatibus,
1672 1546 1860 1615 inquit,
1892 1543 2066 1614 populi

486 1647 584 1699 mei
612 1645 679 1697 ad
703 1652 914 1697 mortem
942 1643 1076 1695 venit
1114 1640 1317 1708 (llesai.
1346 1641 1433 1694 55.
1475 1639 1555 1709 5).
1585 1637 1771 1707 Neque
1795 1652 1925 1690 vero
1953 1645 2069 1689 tan-

487 1746 601 1790 tum
630 1749 840 1788 causam
870 1732 1052 1796 cadis,
1076 1731 1169 1784 sed
1186 1731 1345 1784 etiam
1369 1730 1492 1798 quid
1518 1729 1652 1782 lucri
1675 1743 1738 1782 ex
1752 1742 1911 1781 cruce
1929 1735 1982 1780 et
2001 1741 2066 1779 ex

489 1826 640 1880 εωιιο
668 1825 754 1878 illa
772 1822 1057 1876 acoesserit
1071 1819 1356 1874 ostendere
1371 1820 1575 1882 volens,
1592 1818 1711 1871 vide
1730 1815 1998 1886 quomodo
2016 1815 2067 1868 id

484 1917 803 1988 prmuuntiet
847 1915 928 1966 his
957 1913 1171 1967 verbis:
1210 1911 1395 1964 Omnes
1429 1911 1554 1963 sicut
1591 1925 1703 1962 oves
1745 1907 2022 1962 erravimus
2045 1922 2064 1960 :

488 2013 638 2061 homo
666 2008 719 2059 in
747 2007 826 2058 via
851 2022 942 2058 sua
983 2004 1230 2057 aberravit
1254 2019 1271 2055 :
1297 2002 1565 2070 disciplina
1597 2001 1735 2070 pacis
1763 2008 1946 2053 nostra:
1986 2015 2072 2051 su-

487 2116 576 2167 per
612 2114 723 2151 eum
749 2113 766 2149 :
793 2097 947 2149 livore
986 2098 1096 2162 ejus
1121 2111 1210 2146 nos
1237 2109 1410 2146 omnes
1435 2092 1601 2146 sanati
1628 2107 1822 2144 sumus.
1856 2087 2060 2143 Deinde

486 2193 608 2260 quia
631 2204 816 2257 pinnas
837 2187 1012 2240 daturi
1038 2184 1373 2240 erantJudmi
1398 2184 1712 2253 ﬂagitiorum
1741 2179 2060 2250 hujusmodi,

487 2281 612 2336 illud
635 2295 847 2349 quoque
871 2279 1105 2333 declarat
1133 2277 1271 2330 idem
1299 2275 1554 2345 propheta
1585 2289 1704 2328 cum
1727 2273 1854 2326 dicit
1878 2290 1891 2325 :
1923 2269 2066 2323 Dabo

486 2372 740 2441 improbos
783 2385 875 2438 pro
916 2369 1174 2437 sepultura
1204 2368 1334 2436 ejus,
1375 2375 1421 2418 et
1447 2366 1622 2418 divites
1663 2381 1753 2432 pro
1778 2377 1935 2417 morte
1961 2366 2071 2432 ejus

488 2463 607 2530 (1d.
653 2478 702 2515 υ.
748 2462 835 2528 9).
868 2459 1072 2513 Rursus
1101 2457 1262 2512 David
1288 2473 1408 2511 cum
1437 2456 1676 2517 dixisset,
1706 2455 2016 2523 Abjiciamus
2037 2471 2070 2506 a

488 2551 630 2605 nobis
643 2554 827 2620 jugunt
855 2552 1080 2619 ipsorum
1107 2549 1278 2619 (Psal.
1316 2549 1371 2602 2.
1402 2549 1482 2619 5),
1511 2548 1724 2618 adjecit,
1755 2549 1856 2613 Qui
1883 2549 2071 2601 habitat

491 2645 548 2698 in
563 2643 699 2697 caelis
718 2643 944 2695 irridebit
973 2658 1056 2696 eos
1081 2657 1098 2694 :
1121 2651 1236 2694 tunc
1263 2641 1487 2711 loquetur
1513 2641 1580 2692 ad
1602 2657 1684 2694 eos
1705 2641 1757 2693 in
1779 2641 1855 2692 ira
1881 2657 1993 2704 sua,
2025 2649 2071 2693 et

492 2737 549 2787 in
565 2736 738 2801 furore
764 2749 854 2785 suo
877 2731 1190 2785 conturbabit
1216 2746 1299 2784 eos
1323 2747 1340 2784 :
1364 2731 1554 2799 quibus
1575 2730 1834 2800 signiﬁcat
1865 2730 2073 2798 dispero

494 2825 693 2878 sionem
717 2836 901 2875 eorum
929 2837 1023 2890 per
1049 2831 1212 2875 totum
1235 2831 1493 2875 terrarum
1512 2819 1694 2874 orbem
1715 2836 1730 2884 ;
1755 2822 1895 2890 quod
1912 2823 2068 2875 etiam

494 2917 606 2985 ipse
645 2911 887 2966 Christus
931 2913 981 2966 in
1011 2913 1317 2980 'Evangeliis
1345 2913 1622 2967 declarans
1665 2912 1916 2967 dicebat:
1965 2912 2070 2966 Eos

487 3019 656 3063 autem
676 2997 762 3074 qui
791 3021 869 3056 me
895 3006 1158 3058 noluerunt
1183 3021 1394 3075 regnare
1421 3021 1570 3075 super
1594 3020 1665 3070 se,
1695 3005 1924 3058 abducite
1948 3004 2066 3071 huc,

488 3105 537 3150 et
577 3097 786 3148 occidite
828 3111 912 3148 eos
963 3094 1112 3164 (Luc.
1146 3094 1232 3149 l9.
1275 3095 1389 3162 27).
1434 3095 1696 3149 Przeterea
1721 3094 1788 3148 de
1815 3093 1962 3148 cmde
1988 3095 2069 3147 lo-

488 3187 661 3256 quuti,
693 3187 907 3240 modum
935 3189 1051 3253 ejus
1081 3201 1185 3240 non
1216 3187 1499 3252 siluerunt,
1528 3186 1621 3240 sed
1649 3187 1796 3240 illum
1823 3186 2073 3239 indicavit

491 3280 653 3333 David
696 3281 764 3332 ita
820 3280 1042 3348 loquens
1083 3296 1097 3333 :
1148 3277 1196 3330 Γ
1199 3278 1410 3331 oderunt
1450 3294 1628 3332 manus
1665 3294 1803 3330 meas
1833 3286 1877 3331 et
1923 3278 2071 3347 pedes

395 3399 397 3402 ‹
489 3385 646 3432 meos,
691 3369 1126 3420 dinumeraverunt
1148 3368 1317 3420 omnia
1339 3383 1452 3420 ossa
1477 3383 1587 3419 mea
1622 3362 2071 3434 (Ρδ.21.17,18);

478 3473 592 3512 nec
620 3458 949 3524 iniquitatem
979 3465 1097 3525 post
1134 3465 1360 3510 mortem
1393 3466 1771 3523 consequutam
1813 3455 2023 3509 reticuit
2054 3471 2069 3508 :

491 3532 614 3601 nam
656 3547 829 3600 dicit:
877 3545 1164 3598 Diviserunt
1210 3545 1303 3597 sibi
1333 3546 1619 3597 vestimenta
1665 3561 1794 3608 mea,
1835 3554 1880 3598 et
1921 3561 2072 3613 super

487 3646 670 3692 vestem
697 3653 860 3690 meam
889 3639 1129 3689 miserunt
1155 3645 1336 3688 sortem
1367 3635 1542 3704 (Psal.
1565 3635 1656 3689 21.
1685 3635 1794 3705 l9).

565 3727 841 3794 Sepultum
890 3725 1074 3779 Christi
1095 3725 1663 3794 praedium—Deinde
1705 3726 1844 3795 quod
1889 3727 2069 3794 sepul-

493 3830 628 3875 tura:
655 3820 938 3874 tradendus
965 3827 1107 3874 esset
1135 3818 1419 3872 declaravit
1447 3819 1526 3871 his
1547 3817 1722 3872 verbis
1747 3837 1760 3872 :
1785 3816 2072 3872 Posuerunt

491 3930 570 3967 me
611 3919 664 3966 in
709 3913 824 3966 lacu
867 3911 1132 3981 inferiori,
1163 3911 1214 3963 in
1237 3911 1502 3964 tenebrosis
1531 3911 1654 3963 etin
1692 3910 1871 3963 umbra
1899 3911 2072 3962 mortis

491 4004 666 4075 (Psal.
694 4004 782 4058 87.
817 4004 905 4071 7).
953 4003 1085 4056 Cum
1124 4011 1300 4055 autem
1329 4010 1720 4055 resurrecturus
1747 4009 1922 4067 esset,
1951 4000 2072 4055 vide

489 4095 763 4165 quomodo
816 4095 917 4147 hoc
961 4093 1368 4162 praenuntiarit:
1405 4090 1526 4144 Non
1577 4091 1923 4161 derelinques,
1962 4093 2068 4155 ait,

494 4189 720 4240 animam
738 4202 898 4238 meum
915 4187 968 4237 in
985 4185 1205 4253 inferno,
1231 4200 1317 4235 nec
1334 4183 1474 4234 dabis
1499 4192 1728 4235 sanctum
1747 4193 1886 4236 tuum
1906 4183 2073 4236 videre

492 4279 865 4346 corruptionem
914 4273 1196 4346 (Psal.'15.
1229 4274 1334 4342 10)
1370 4292 1382 4325 :
1415 4274 1518 4326 alio
1547 4273 1670 4326 item
1701 4273 1859 4326 modo
1888 4272 1938 4326 id
1970 4272 2073 4327 He-

493 4369 634 4422 saias
661 4367 898 4422 declarat
931 4383 943 4417 :
969 4364 1041 4417 Et
1083 4363 1367 4426 Dominus,
1401 4361 1601 4432 inquit,
1651 4365 1816 4430 ipsum
1844 4363 1945 4416 vult
1973 4380 2071 4432 pu-

492 4460 696 4527 riﬁatre
718 4474 750 4510 a
769 4457 946 4526 plaga,
969 4455 1226 4508 ostendere
1246 4455 1290 4507 ei
1319 4457 1485 4507 lumen
1511 4495 1524 4519 ,
1547 4454 1831 4522 justi/icore
1855 4454 2070 4522 justum,

492 4549 804 4617 quismultis
845 4548 964 4601 bene
1001 4547 1183 4600 serviat
1230 4544 1436 4615 (Hesai.
1479 4545 1567 4599 55.
1617 4544 1704 4598 10.
1741 4541 1862 4615 Η).
1920 4543 2071 4610 Quod

471 4641 612 4708 ‘cjus
651 4642 828 4693 cades
869 4647 1205 4707 peccatorum
1249 4639 1520 4689 hominum
1555 4635 1746 4689 solutio
1764 4632 1958 4700 fuerit,
1990 4635 2071 4688 id-

494 4733 666 4800 ipsum
693 4732 851 4785 etiam
875 4729 1123 4784 indicavit
1151 4729 1231 4782 his
1258 4729 1433 4782 verbis
1467 4747 1478 4781 :
1504 4727 1568 4780 Et
1594 4728 1700 4797 ipse
1720 4737 1920 4798 peccata
1945 4728 2074 4780 mul-

472 4831 662 4874 torum
713 4819 1028 4890 tulit(lbid.
1085 4836 1132 4872 υ.
1181 4818 1292 4889 12).
1345 4818 1495 4886 Quod
1542 4819 1781 4872 homines
1810 4835 1837 4871 a
1867 4819 2071 4872 daemo-

495 4911 652 4964 nibus
691 4911 926 4963 liberarii
971 4927 983 4963 :
1018 4908 1082 4962 Et
1113 4910 1320 4978 fortium
1342 4952 1355 4973 ,
1405 4909 1614 4978 inquit,
1665 4909 1846 4961 dividet
1877 4909 2068 4976 spolia.

494 4999 648 5065 Quod
693 4999 817 5052 illud
863 5000 1033 5068 ipsum
1062 5013 1156 5067 per
1199 5011 1424 5052 mortem
1455 4999 1728 5060 ell'ecerit.
1759 4998 1809 5051 id
1841 5014 1944 5050 non
1991 5008 2070 5050 ta-

495 5091 639 5153 cuit,
671 5089 763 5144 sed
788 5090 860 5143 ait
893 5107 906 5142 :
941 5088 1045 5142 Pro
1075 5106 1130 5142 eo
1157 5089 1290 5158 quod
1317 5091 1369 5142 in
1409 5101 1614 5142 mortem
1641 5090 1826 5143 tradzta
1855 5100 1927 5142 est
1955 5090 2070 5141 ani-

493 5197 578 5234 ma
605 5183 713 5251 ejus
739 5180 804 5249 (I
812 5181 941 5250 bid.)
970 5181 1120 5246 Quod
1149 5181 1241 5234 toti
1271 5181 1384 5236 orbi
1424 5182 1788 5250 praeﬁciendus
1813 5191 1954 5236 esset
1995 5182 2072 5237 sic

495 5271 786 5326 declaravit
810 5289 822 5323 :
857 5271 919 5324 Et
947 5276 1055 5340 ipse
1083 5271 1356 5324 hereditate
1385 5272 1652 5341 possidebit
1679 5272 1859 5326 multos
1880 5271 2066 5342 (Ibid.)

495 5363 698 5417 Deinde
722 5363 968 5432 quoniam
1012 5377 1130 5415 cum
1163 5361 1215 5415 in
1241 5360 1504 5416 infernum
1530 5362 1925 5426 descendisset,
1952 5379 2071 5416 out-

497 5456 581 5509 nia
606 5455 868 5517 turbavit,
911 5455 1132 5522 strepitu
1170 5463 1328 5524 atque
1355 5455 1578 5508 tumultu
1624 5457 1865 5510 universa
1893 5457 2068 5524 reple-

499 5545 605 5612 vit,
632 5559 917 5615 arcemque
941 5543 1234 5611 destruxit;
1268 5546 1404 5600 hanc
1429 5560 1539 5600 rem
1563 5559 1667 5600 non
1697 5545 1909 5601 silentio
1935 5561 2069 5615 pra:-

1217 164 1277 220 S.
1306 161 1580 219 JOANNIS
1615 158 2091 218 CIIRYSOSTOMI
2132 160 2449 216 ARCHIEP.
2478 160 3014 218 CONSTANTINOP.

3655 167 3749 221 820

2165 282 2392 338 tereunt,
2438 273 2530 328 sed
2579 275 2738 328 modo
2760 273 2927 329 David
2945 273 3075 330 dicit
3099 294 3112 330 :
3141 275 3364 331 Attollite
3391 288 3562 348 portas
3605 282 3742 346 prin-

2166 365 2301 434 cipes
2343 373 2552 428 vestras,
2583 374 2630 417 et
2654 365 2916 418 elevamini
2945 375 3105 436 porta:
3131 369 3411 431 (eternales,
3444 379 3491 423 et
3529 371 3743 423 introibit

2165 471 2255 508 rex
2275 455 2451 525 gloria
2476 453 2642 522 (Psal.
2669 454 2758 509 25.
2787 452 2854 524 7)
2878 471 2894 520 ;
2921 456 3080 509 modo
3109 456 3327 511 llesaias
3353 460 3506 512 aliter
3523 500 3539 524 ,
3567 459 3744 513 Parias

2168 561 2325 597 cereas
2353 545 2668 614 confringant
2698 585 2712 608 ,
2742 555 2789 598 et
2825 557 2982 600 vectes
3021 550 3207 616 ferreos
3235 559 3518 612 conteram,
3545 562 3591 604 et
3631 569 3745 620 ape-

2166 637 2295 687 riam
2318 634 2406 688 tibi
2431 637 2690 688 thesauros
2715 636 3015 699 tenebrosos,
3039 640 3276 700 occultos,
3298 640 3568 693 invisibiles
3588 655 3747 694 osten-

2167 725 2286 778 dam
2313 726 2400 778 tibi
2428 724 2631 795 (llesai.
2662 726 2753 780 45.
2784 726 2840 797 2)
2870 745 2882 780 :
2913 728 2989 780 sic
3014 729 3286 796 appellans
3311 730 3599 784 infernum.
3624 732 3747 786 Nam

2167 817 2373 870 etiamsi
2407 816 2643 871 infernus
2662 827 2834 882 esset,
2873 828 2928 871 at
2955 830 3166 872 sanctas
3187 822 3390 875 animas
3409 833 3462 876 et
3480 839 3606 876 Vasa
3634 841 3748 894 pre-

2171 911 2302 962 tiosa
2359 911 2632 976 servabat,
2686 926 2877 980 nempe
2930 913 3233 979 Abraham,
3263 915 3405 969 Isaac
3452 927 3506 970 et
3549 917 3751 972 Jacob:

2168 1012 2453 1072 propterea
2489 1003 2768 1056 thesauros
2795 1004 3130 1072 appellabat,
3175 1008 3484 1061 lenebrosos
3530 1019 3711 1061 autem
3736 1051 3749 1072 ,

2169 1093 2290 1160 quia
2318 1093 2550 1148 nondum
2574 1094 2651 1147 sol
2677 1095 2895 1162 justitia:
2922 1095 2990 1148 ibi
3014 1095 3258 1160 fulserat,
3291 1113 3460 1166 neque
3481 1098 3550 1152 de
3573 1116 3754 1153 resur-

2170 1184 2404 1238 rectione
2430 1184 2827 1254 pr:cdicaverat.
2852 1185 3004 1252 Quod
3031 1195 3149 1254 post
3181 1189 3628 1242 resurrectionem
3654 1207 3754 1243 non

2170 1291 2289 1329 cum
2320 1276 2520 1345 angelis
2552 1277 2882 1330 constiturus
2905 1286 3082 1343 esset,
3117 1295 3220 1331 non
3247 1294 3366 1334 cum
3395 1280 3755 1349 archangelis,

2172 1383 2276 1420 non
2305 1381 2426 1420 cum
2453 1367 2553 1420 alia
2585 1366 3034 1422 administratoria
3063 1369 3258 1422 virtute
3284 1410 3299 1433 ,
3327 1369 3419 1422 sed
3469 1371 3519 1422 in
3566 1371 3759 1424 throno

2173 1457 2318 1526 regio
2342 1471 2589 1510 sessurus
2615 1497 2630 1521 ,
2678 1457 2800 1510 audi
2828 1458 3094 1526 quomodo
3123 1458 3285 1512 David
3311 1459 3547 1513 declaret
3575 1479 3588 1512 :
3618 1460 3759 1514 Diu't

2177 1544 2419 1599 Dominus
2474 1545 2694 1598 Domino
2741 1561 2882 1609 meo,
2927 1545 3061 1601 Sede
3100 1563 3132 1600 a
3172 1547 3361 1601 dextris
3410 1551 3568 1612 meis,
3602 1551 3760 1602 donec

2173 1655 2358 1708 ponam
2384 1638 2614 1691 inimicos
2655 1648 2765 1692 tuos
2801 1639 3075 1692 scabellum
3110 1641 3299 1709 pedum
3329 1649 3531 1693 tuorum
3563 1645 3581 1709 (
3612 1641 3754 1696 Psal.

2174 1728 2296 1783 409.
2327 1730 2400 1798 t).

2253 1825 2305 1879 5.
2328 1821 2505 1876 Missio
2523 1825 2647 1876 item
2668 1819 3383 1892 apostolorum—Missurus
3416 1833 3600 1892 postea
3647 1837 3758 1878 erat

2176 1913 2482 1980 apostolos,
2522 1920 2576 1965 et
2621 1911 2723 1965 hoc
2759 1913 3003 1980 prmdixit
3053 1914 3270 1969 Hesaias
3305 1914 3488 1968 dicens
3530 1934 3544 1968 :
3591 1915 3757 1982 Quam

2176 2004 2386 2073 speciosi
2413 2003 2562 2071 pedes
2589 2003 3034 2072 euangelizandum
3062 2020 3234 2071 pacem
3258 2045 3273 2066 ,
3300 2005 3756 2074 euangelizandum

2176 2093 2305 2146 bona
2333 2092 2550 2161 (Hesai.
2573 2092 2661 2146 52.
2691 2093 2770 2161 7).
2817 2093 2897 2147 En
2927 2093 3132 2162 qualem
3165 2093 3342 2147 laudat
3366 2097 3611 2163 corporis
3637 2112 3756 2164 par-

2177 2195 2318 2248 tem,
2371 2184 2562 2252 pedes,
2610 2183 2699 2252 qui
2755 2184 2872 2238 illos
2918 2183 3111 2252 ubique
3159 2187 3461 2252 portabant.
3507 2186 3592 2240 Ad
3651 2187 3760 2239 lure

2175 2283 2557 2328 commemorat
2588 2273 2750 2327 David
2779 2273 3044 2343 quomodo
3077 2274 3447 2342 praevaluerint
3487 2277 3718 2343 apostoli
3744 2318 3756 2337 ,

2177 2365 2360 2420 dicens
2385 2383 2398 2418 :
2429 2364 2679 2418 Dominus
2703 2365 2839 2417 dabit
2866 2365 3067 2418 verbum
3099 2365 3555 2434 euangelizantibus
3581 2367 3760 2420 virtute

2176 2457 2333 2508 multa
2366 2454 2547 2523 (Psal.
2581 2455 2670 2509 67.
2701 2455 2812 2525 12).
2839 2455 2950 2508 Non
2973 2455 3114 2508 enim
3145 2457 3304 2508 armis
3323 2497 3337 2520 ,
3363 2472 3466 2508 non
3499 2459 3758 2524 pecuniis.

2177 2561 2282 2599 non
2312 2547 2502 2599 rubore
2533 2545 2774 2613 corporis
2799 2585 2811 2608 ,
2849 2559 2953 2598 non
2987 2545 3324 2598 exercituum
3353 2547 3524 2613 copiis
3546 2587 3561 2606 ,
3594 2562 3758 2614 neque

2175 2637 2278 2689 alio
2302 2635 2460 2688 simili
2491 2635 2650 2689 modo
2689 2645 3043 2704 superarunt,
3091 2634 3185 2688 sed
3215 2637 3378 2688 verbo
3405 2636 3675 2703 simplici,
3703 2646 3748 2688 et

2177 2727 2396 2780 multum
2429 2727 2659 2781 habente
2697 2729 2990 2791 virtutem,
3030 2727 3401 2780 miraculorum
3434 2742 3632 2795 nempe
3673 2744 3754 2780 os-

2178 2829 2400 2872 tentum.
2453 2818 2779 2871 Crucilixum
2812 2820 2958 2872 enim
2992 2819 3372 2887 pra-dicantes,
3406 2828 3461 2873 et
3509 2822 3756 2872 miracula

2178 2917 2450 2977 patrantes
2472 2948 2487 2971 ,
2520 2909 2596 2961 sic
2618 2910 2802 2962 orbem
2836 2910 3179 2977 subegerunt.
3214 2909 3335 2963 ldeo
3361 2912 3435 2963 ait
3467 2929 3478 2961 :
3513 2909 3758 2963 Dominus

2177 2998 2313 3051 dabit
2341 2999 2540 3052 verbum
2582 3000 3036 3068 evangelisantibus
3065 3001 3244 3053 virtute
3268 3001 3458 3065 multa,
3491 3002 3572 3056 sic
3603 3003 3758 3056 mira-

2176 3091 2292 3144 cula
2321 3105 2537 3146 vocans.
2558 3091 2688 3144 Nam
2717 3091 2997 3146 iucl'fabilis
3024 3092 3190 3146 virtus
3230 3102 3364 3158 erat,
3399 3094 3750 3161 piscatorem,

2181 3184 2557 3253 publicanum,
2601 3185 2947 3238 tentoriorum
2994 3185 3268 3253 Opiticem,
3315 3186 3430 3238 solo
3495 3197 3760 3255 pnccepto

2177 3285 2417 3329 mortuos
2456 3275 2711 3330 suscitare
2728 3318 2740 3339 ,
2772 3277 3043 3331 daemones
3067 3279 3328 3346 expellere
3353 3319 3369 3341 ,
3395 3289 3632 3334 mortem
3653 3281 3759 3332 abi-

2176 3379 2338 3433 gere,
2373 3365 2808 3435 philosophorum
2854 3366 3082 3436 linguam
3134 3366 3439 3432 refrenare,
3484 3369 3756 3422 rhetorum

2177 3471 2269 3510 ora
2297 3472 2559 3511 consuere
2581 3500 2593 3520 ,
2617 3471 2770 3526 reges
2799 3472 2860 3511 ac
2896 3458 3161 3527 principes
3189 3459 3402 3512 vincere
3425 3500 3440 3522 ,
3473 3457 3720 3514 barbaris
3743 3500 3757 3520 .

2177 3545 2412 3613 Graecis,
2459 3548 2710 3616 onmique
2752 3547 2950 3600 nationi
2991 3548 3273 3616 imperare.
3315 3549 3380 3602 Et
3416 3551 3667 3617 apposite
3692 3553 3762 3602 sic

2175 3635 2426 3705 loquutus
2450 3646 2568 3690 est:
2593 3652 2715 3690 nam
2744 3637 2858 3691 lucc
2884 3636 3061 3690 omnia
3090 3639 3252 3692 verbo
3282 3638 3372 3692 illo
3401 3639 3758 3706 perfecerunt,

2177 3737 2231 3781 et
2256 3727 2454 3781 virtute
2483 3729 2645 3782 multa
2680 3738 2918 3782 mortuos
2945 3729 2996 3782 in
3041 3730 3188 3783 vivos
3231 3738 3539 3795 mutarunt,
3578 3745 3760 3799 pecca-

2181 3828 2324 3874 tores
2353 3820 2402 3873 in
2425 3819 2598 3888 justos
2619 3859 2634 3880 ,
2660 3834 2834 3872 caecos
2859 3821 2908 3872 in
2939 3819 3179 3874 videntes
3197 3861 3212 3884 ,
3243 3819 3460 3873 morbos
3485 3831 3691 3874 natura:
3709 3831 3758 3872 et

2177 3913 2370 3964 anima:
2413 3911 2701 3980 nequitiam
2734 3911 3080 3979 expellentes.
3111 3910 3308 3964 Deinde
3335 3910 3474 3978 quod
3505 3912 3621 3964 ha-c
3656 3911 3763 3962 vir-

2180 4013 2265 4058 tus
2293 4003 2397 4057 illis
2420 4017 2448 4055 a
2475 4002 2676 4071 Spiritu
2707 4012 2891 4056 sancto
2912 4002 3222 4065 accederet,
3257 4001 3379 4054 hinc
3403 4000 3714 4054 declaratur
3746 4019 3758 4052 :

2179 4096 2411 4164 Spiritu,
2442 4095 2650 4164 inquit,
2696 4105 2868 4147 sancto
2915 4091 3090 4164 repleti
3116 4103 3255 4146 erant
3287 4095 3304 4157 (
3323 4092 3432 4144 Act.
3459 4093 3514 4147 2.
3545 4092 3620 4161 4)
3652 4108 3665 4155 ;
3710 4102 3766 4146 ct

2180 4189 2277 4241 viri
2310 4187 2466 4240 simul
2493 4196 2649 4255 atque
2681 4186 2930 4240 mulieres
2952 4184 3357 4254 pro'phetabant.
3379 4184 3596 4254 Lingua:
3625 4186 3766 4253 ignis

2177 4277 2344 4330 forma
2392 4277 2520 4330 visa:
2562 4275 2814 4330 sederunt
2853 4290 3009 4344 supra
3055 4289 3478 4343 unumquemque
3521 4290 3715 4328 eorum
3754 4295 3766 4327 :

2177 4376 2229 4421 et
2257 4367 2357 4420 hoc
2381 4366 2497 4420 Joel
2528 4365 2616 4419 diu
2661 4375 2783 4420 ante
2821 4365 3189 4434 prmnuntiavit
3217 4365 3399 4418 dicens
3427 4382 3439 4417 :
3482 4363 3766 4429 Eﬂ'undain

2178 4458 2239 4509 de
2260 4457 2456 4526 Spiritu
2484 4473 2591 4508 meo
2629 4473 2780 4523 super
2808 4471 3004 4509 omnem
3028 4472 3261 4518 carnem,
3291 4465 3338 4508 et
3383 4455 3760 4526 prophetabunt

2179 4551 2274 4618 ﬁlii
2296 4550 2475 4613 vestri,
2521 4560 2568 4602 et
2606 4551 2726 4618 ﬁlia:
2763 4560 2938 4604 vestra:
2975 4551 3188 4603 visiones
3215 4549 3446 4602 videbunt
3468 4591 3482 4613 ,
3511 4559 3558 4604 et
3585 4550 3764 4602 adole

2177 4650 2364 4693 scentes
2391 4640 2540 4692 vestri
2564 4641 2756 4693 somnia
2784 4641 3100 4694 somniabunt
3132 4657 3149 4691 :
3171 4649 3218 4692 et
3243 4641 3441 4707 quidem
3470 4656 3626 4709 super
3651 4657 3764 4692 ser-

2179 4746 2263 4782 vos
2294 4746 2456 4794 meos,
2485 4739 2530 4784 et
2571 4747 2722 4799 super
2767 4731 2979 4784 ancillas
3019 4731 3313 4800 effundant,
3339 4731 3635 4797 priusquam
3680 4747 3766 4783 ue-

2178 4823 2284 4873 niat
2325 4821 2431 4873 dies
2463 4819 2664 4873 Domini
2712 4837 2922 4889 magnus
2972 4830 3018 4872 et
3059 4820 3269 4872 illustris
3295 4817 3543 4888 (Joel.9..
3591 4819 3712 4888 23)
3753 4837 3765 4871 :

2178 4926 2426 4980 magnum
2457 4922 2512 4963 et
2542 4911 2799 4964 illustrem
2844 4924 3040 4963 vocans
3065 4909 3206 4962 diem
3233 4909 3490 4962 adventus
3526 4909 3766 4976 Spiritus

2178 5004 2384 5067 sancti,
2415 5017 2513 5056 nec
2542 5017 2645 5055 non
2690 5017 2808 5055 eum
2831 5043 2846 5066 ,
2897 5002 2985 5070 qui
3026 5002 3080 5058 in
3108 5001 3562 5055 consummatione
3589 5017 3738 5052 szecu

2180 5093 2352 5146 lorum
2375 5093 2582 5145 futurus
2611 5101 2712 5145 est.
2761 5089 2902 5144 Idem
2932 5106 3060 5144 vero
3087 5091 3199 5159 ipse
3233 5089 3482 5158 propheta
3529 5090 3762 5143 salutem

2178 5197 2272 5250 per
2303 5183 2458 5235 [idem
2511 5182 2908 5250 przcuuntians,
2958 5197 3128 5249 neque
3167 5182 3306 5234 enim
3357 5181 3502 5233 illaut
3549 5181 3758 5243 tacuit.

2176 5273 2250 5326 ait
2282 5289 2295 5323 :
2325 5272 2391 5326 Et
2421 5274 2546 5336 erit,
2573 5273 2734 5326 omnis
2762 5273 2847 5341 qui
2873 5274 3168 5325 invocaverit
3191 5289 3370 5325 nomen
3396 5270 3629 5332 Domini,
3652 5272 3760 5325 sal-

2175 5379 2264 5416 vus
2286 5364 2376 5414 erit
2403 5362 2421 5431 (
2447 5361 2583 5415 Ibid.
2606 5378 2653 5415 υ.
2686 5362 2797 5432 52).

2248 5453 2300 5507 6.
2338 5452 2518 5506 Petrus
2545 5463 2591 5506 et
2622 5452 2816 5505 Paulus
2833 5453 3032 5523 regibus
3058 5454 3292 5523 majores.
3315 5483 3386 5492 ——
3408 5451 3622 5522 Ubique
3651 5461 3757 5506 ter-

2180 5562 2357 5602 rarum
2386 5561 2660 5616 prmcones
2683 5544 2871 5614 mittit,
2900 5559 2962 5601 ac
2985 5562 3142 5601 nemo
3167 5555 3248 5600 est
3272 5545 3398 5616 quin
3420 5545 3599 5600 audiat
3615 5558 3755 5611 prx-
