3866 6226
377 132 479 191 8Ξί

373 241 921 316 προαναπεφώνηται.
975 245 1172 298 ’Δκουε
1216 244 1326 316 γὰρ
1368 243 1462 296 τοῦ
1497 243 1662 297 Δαυῒδ
1701 244 1952 313 λέγοντος

370 327 530 382 τοῦτο
553 327 649 382 καὶ¹
670 328 1124 401 προφητεύοντος
1152 330 1257 394 Εἰς
1276 327 1488 383 πᾶσαν
1498 326 1619 396 τὴν
1636 327 1755 397 γῆν
1773 327 1956 396 ἐξῆλ-

371 412 478 464 θεν
514 415 548 466 ό
574 413 834 482 φθόγγος
861 410 1082 479 αὐτῶν,
1117 413 1214 465 καί
1241 412 1329 477 εἰς
1367 410 1442 464 τὰ
1468 409 1697 478 πέρατα
1725 407 1836 478 τῆς
1867 411 1954 462 οὶ-

369 494 674 564 κουμένης
706 493 779 548 τὰ
808 492 1051 562 ῥήματα
1088 491 1308 548 αὐτῶν.
1341 487 1475 546 Εἶτα
1503 493 1717 556 δεικνὺς
1752 492 1846 546 καὶ
1872 491 1954 546 ὅτι

371 579 514 650 μετά
545 577 793 644 ἐξουσίας
821 579 1139 649 ἐκήρυττον,
1169 577 1266 631 καλ⁵
1292 577 1400 631 τῶν
1422 576 1491 630 td
1527 577 1828 648 διαδήματα
1857 594 1956 632 πε-

370 663 592 733 ριϐεόλη
603 661 778 733 μένων
825 661 1186 733 δυνατώτεροι
1232 657 1395 733 ἦσαν,
1447 660 1682 732 ἀλλαχοῦ
1723 661 1886 714 πάλιν
1925 663 1954 713 ὁ

366 747 528 810 αὐτὸς
583 745 763 815 λέγει’
811 745 1228 814 Καταστήσεις
1276 745 1499 811 αὐτοὺς
1529 744 1828 814 ἄρχοντας
1855 744 1953 798 ἐπὶ

365 829 576 885 πᾶσαν
609 829 726 898 τὴν
761 829 900 900 γῆν.
932 829 1057 883 Ὀτι
1093 829 1151 882 δὲ
1195 827 1290 883 καὶ
1321 828 1584 898 βασιλέων
1629 827 1830 898 μᾶλλον
1859 829 1954 882 καὶ

363 911 642 984 ἀρχόντων
698 914 983 982 κρείττους
1031 913 1278 983 ὑπῆρχον
1319 911 1528 985 Πέτρος
1576 913 1672 965 καὶ
1715 909 1950 978 Παῦλος,

361 995 512 1066 δηλοῖ
541 997 606 1050 τὰ
638 996 965 1068 πράγματα.
992 995 1055 1049 Ol
1079 995 1212 1063 γοῦν
1237 994 1347 1048 τῶν
1381 994 1646 1064 βασιλέων
1671 994 1828 1065 νόμοι
1857 996 1952 1050 καὶ

362 1078 581 1144 ζώντων
601 1079 783 1134 αὐτῶν
803 1078 1187 1144 καταλύονται,
1215 1081 1263 1132 οί
1283 1079 1341 1132 δὲ
1362 1077 1472 1133 τῶν
1501 1079 1702 1134 ἀλιέων
1727 1079 1952 1134 ἐκείνων

362 1161 460 1215 καὶ
493 1161 878 1216 ἀποθανόντων
917 1163 1202 1230 πεπήγασι
1238 1161 1334 1216 καὶ¹
1368 1161 1624 1232 μένουσιν
1667 1162 1949 1234 ἀκίνητοι,

361 1246 458 1300 καὶ
495 1245 671 1300 ταῦτα
699 1247 795 1300 καὶ
830 1245 1104 1316 δαιμόνων
1145 1245 1239 1298 καὶ
1270 1244 1560 1316 συνηθείας
1582 1244 1822 1316 χρονίου,
1858 1251 1952 1299 καὶ

362 1327 561 1391 κακίας
581 1328 676 1381 καὶ
696 1327 889 1399 ἡδονῆς
912 1327 1007 1382 καὶ
1023 1328 1234 1398 μυρίων
1257 1327 1460 1398 ἐτέρων
1483 1327 1952 1398 ἐπιχειρησάντων

363 1411 560 1474 αὐτοὺς
577 1408 998 1481 ἀναμοχλεῦσαι.
1020 1410 1209 1480 Δηλῶν
1229 1410 1285 1463 δὲ
1301 1410 1465 1464 πάλιν
1485 1411 1567 1463 ὃτι
1583 1411 1951 1476 καταστάντες

361 1494 620 1566 ἄρχοντες
650 1495 806 1548 αὐτοὶ
827 1494 890 1565 δὴ
917 1486 1067 1546 οῦτοι
1093 1492 1390 1564 ἐπέραστοι
1421 1495 1558 1547 πᾶσι
1587 1495 1682 1548 καὶ
1709 1493 1952 1549 ποθεινοὶ

361 1577 594 1641 ἔσονται,
629 1576 878 1647 ἐπήγαγε
915 1575 1113 1644 λέγων,
1148 1576 1253 1630 Διά
1288 1575 1467 1630 τοῦτο
1498 1577 1637 1630 λαοί
1666 1575 1952 1644 ἐξομολο-

359 1659 655 1728 ﬂama!
685 1673 788 1713 σοι
812 1661 902 1725 είς
935 1660 1046 1713 τὸν
1072 1657 1280 1722 αἰῶνα,
1329 1659 1630 1723 τουτέστιν,
1665 1655 1818 1730 [566]
1863 1660 1952 1711 εύ-

359 1740 753 1814 χαριστήσουσί
797 1758 912 1804 σοι,
967 1741 1064 1795 καὶ
1109 1740 1272 1812 χάριν
1312 1741 1551 1796 είσονται
1599 1739 1824 1812 πολλὴν,
1867 1741 1950 1794 ὅτι

359 1824 638 1888 τοιούτους
668 1824 938 1894 ἄρχοντας
963 1825 1193 1888 ἔδωκας.
1231 1823 1355 1878 Ὀτι
1379 1823 1437 1878 δὲ
1466 1824 1564 1878 καὶ
1596 1822 1658 1877 τὸ
1685 1825 1950 1896 κήρυγμα

361 1906 641 1977 πανταχοῦ
685 1907 982 1981 κρατήσει,
1041 1906 1608 1979 προαναπεφώνηται.
1664 1908 1810 1979 Ὅρα
1856 1907 1950 1962 τὸν

359 1988 528 2044 Δαυῒδ
556 1988 718 2043 τοῦτό
760 2007 843 2044 σοι
885 1990 1242 2061 παριστῶντα
1287 1992 1354 2045 δι’
1387 1984 1462 2045 ὧν
1494 1990 1949 2062 λέγει·Αττησαι

359 2075 499 2144 παρ’
529 2074 698 2145 ἐμοῦ,
730 2073 830 2147 καί
868 2071 1043 2127 δώσω
1072 2089 1174 2128 σοι
1215 2075 1360 2143 ἔθνη
1394 2075 1512 2143 τὴν
1539 2078 1952 2147 κληρονομίαν

358 2173 500 2221 σου,
524 2157 624 2212 καί
644 2156 761 2225 τὴν
787 2154 1168 2226 κατάσχεσιν
1186 2171 1305 2212 σου
1325 2156 1398 2211 td
1426 2156 1654 2226 πέρατα
1674 2157 1786 2228 τῆς
1814 2159 1947 2230 γῆς.

359 2241 473 2294 Καὶ
504 2239 668 2294 πάλιν
712 2237 951 2309 ἀλλαχοῦ
986 2240 1176 2309 ἔτερος
1223 2241 1516 2312 προφήτης
1553 2241 1690 2312 φησὶ
1719 2241 1782 2295 τὸ
1818 2243 1950 2298 αὐτὸ

358 2323 534 2395 δηλῶν
548 2340 564 2355 ·
595 2322 1028 2393 Πλησθήσεται
1059 2325 1098 2392 ἠ
1130 2323 1430 2392 σύμπασα
1469 2323 1548 2392 γῆ
1580 2323 1690 2379 τοῦ
1727 2325 1950 2396 γνῶναι

357 2407 470 2463 τὸν
494 2407 737 2476 Κύριον,
769 2406 853 2472 ὡς
883 2407 1044 2475 ὔδωρ
1071 2406 1230 2460 πολὺ
1266 2408 1689 2477 κατακαλύψαι
1719 2409 1948 2463 θαλάσ-

359 2506 499 2557 σας.
523 2488 726 2544 Σκόπει
749 2490 850 2545 καὶ
878 2489 941 2543 τὸ
971 2489 1192 2545 εὔκολον
1216 2490 1320 2559 τῆς
1344 2491 1594 2562 ὑπακοῆς
1613 2508 1628 2523 ο
1653 2493 1737 2546 Οὐ
1754 2492 1842 2562 μὴ
1864 2492 1950 2546 δι-

359 2575 630 2640 δάξωσιν
663 2573 925 2640 ἕκαστος
968 2573 1078 2628 τὸν
1113 2575 1383 2640 πλησίον
1420 2574 1629 2640 αὐτοῦ,
1681 2575 1780 2628 καί
1813 2576 1950 2629 ἕκα-

358 2672 507 2725 στος
524 2656 634 2712 τὸν
648 2655 920 2726 ἀδελφὸν
937 2655 1124 2710 αὐτοῦ
1144 2654 1355 2725 λέγων,
1377 2655 1570 2710 Γνῶθι
1589 2657 1696 2710 τὸν
1708 2657 1947 2726 Κύριον,

357 2740 452 2795 ὅτι
484 2738 709 2807 πάντες
727 2737 1053 2808 είδήσουσί
1062 2755 1141 2812 με
1165 2739 1288 2794 ἀπὸ
1313 2738 1524 2807 μικροῦ
1547 2737 1660 2804 ἕως
1675 2738 1948 2809 μεγάλου

357 2821 579 2879 αὐτῶν.
611 2823 685 2876 Τὸ
709 2821 955 2894 ἀρῤαγὲς
972 2821 1073 2892 τῆς
1101 2821 1448 2894 Ἐκκλησίας⁶
1479 2822 1696 2876 Ἔσται
1718 2822 1789 2877 ἐν
1815 2823 1948 2890 ταῖς

356 2907 648 2975 ἐσχάταις
668 2905 918 2975 ἡμέραις
936 2903 1202 2974 ἐμφανὲς
1217 2904 1284 2958 τὸ
1307 2905 1446 2972 ὅρος
1460 2904 1704 2972 Κυρίου,
1724 2907 1824 2960 καί
1853 2907 1948 2961 ἐπ’

357 2989 546 3059 ἄκρον
577 2988 696 3042 τῶν
723 2987 908 3057 ὀρέων
944 2990 977 3042 ὀ
1001 2984 1165 3053 οἶκος
1201 2987 1420 3054 Κυρίου
1439 3027 1456 3052 ,
1490 2987 1590 3041 καὶ
1622 2988 1948 3057 ὑψωθήσε-

355 3091 453 3126 ται
480 3071 755 3142 ὑπεράνω
778 3072 899 3126 τῶν
913 3070 1182 3138 βουνῶν,
1204 3070 1305 3124 καὶ
1329 3069 1592 3139 ἥξουσιν
1620 3071 1716 3124 ἐπ’
1746 3072 1894 3127 αὐτὸ
1918 3087 1946 3116 ι

357 3158 498 3211 λαοί
533 3156 756 3210 πολλοὶ
798 3155 898 3210 καί
937 3155 1084 3222 ἔθνη
1125 3153 1347 3207 πολλά.
1379 3154 1492 3208 Καὶ
1525 3153 1608 3206 ὅτι
1661 3155 1723 3207 οὐ
1771 3157 1945 3225 παγία

359 3239 513 3294 ἐσται
559 3239 721 3310 μόνον
755 3239 853 3291 καὶ
898 3238 1158 3307 ἀκίνητος
1212 3235 1308 3290 καὶ
1358 3235 1631 3308 ἀρραγὴς,
1674 3237 1810 3292 ἀλλά
1851 3241 1947 3294 καὶ

359 3324 562 3394 πολλὴν
604 3319 968 3393 πρυτανεύσει
1009 3323 1078 3391 τῇ
1124 3321 1424 3391 οἰκουμένῃ
1467 3321 1716 3391 εἰρήνην,
1762 3323 1859 3376 καὶ
1887 3326 1944 3377 αἰ

361 3407 462 3478 μὲν
490 3406 632 3460 κατὰ
663 3404 848 3468 πόλεις
876 3402 1202 3474 πολυαρχίαι
1239 3401 1712 3472 καταλυθήσονται
1759 3406 1855 3458 καὶ
1889 3409 1977 3460 αἰ*

363 3487 671 3560 μοναρχίαι,
706 3485 806 3557 μία
830 3485 888 3540 δέ
918 3502 1004 3550 τις
1027 3485 1180 3538 ἔσται
1215 3483 1462 3555 βασιλεία
1489 3486 1570 3549 εἰς
1597 3487 1805 3550 πάντας
1839 3488 1942 3558 ἀρ-

360 3572 538 3636 θεῖσα,
573 3571 669 3625 καὶ
699 3569 760 3624 τὸ
783 3568 945 3622 πλέον
967 3568 1138 3638 αὐτῆς
1171 3569 1230 3620 ἐν
1253 3568 1442 3639 εἰρήνῃ
1474 3568 1649 3634 ἐσται,
1684 3570 1745 3623 οὐ
1773 3569 1944 3622 καθά-

359 3671 468 3725 περ
508 3653 818 3724 ἔμπροσθεν
845 3667 859 3682 ·
898 3650 962 3704 τὸ
1006 3652 1107 3721 μὲν
1151 3650 1261 3720 γὰρ
1313 3651 1546 3704 παλαιὸν
1601 3652 1942 3722 χειροτέχναι

361 3738 562 3800 πάντες
590 3737 686 3788 καὶ
719 3736 949 3806 ῥήτορες
971 3733 1114 3788 ὅπλα
1154 3732 1416 3798 ἐτίθεντο,
1446 3733 1543 3787 καὶ
1573 3734 1665 3787 ἐπὶ
1695 3736 1943 3805 παρατά-

359 3819 496 3884 ξεως
545 3819 871 3888 εἱστήκεσαν
895 3831 910 3846 ·
961 3815 1058 3870 τοῦ
1103 3815 1340 3886 Χριστοῦ
1383 3816 1442 3870 δὲ
1494 3817 1941 3888 παραγενομένου

357 3902 537 3956 πάντα
565 3900 752 3954 ἐκεῖνα
775 3897 1014 3970 διελύθη,
1043 3899 1139 3953 καὶ
1175 3899 1256 3963 είς
1285 3897 1449 3969 μέρος
1485 3898 1843 3970 διωρισμένον
1871 3899 1943 3954 τὰ

355 3983 466 4038 τῶν
493 3984 748 4054 πολέμων
775 3981 1043 4054 περιέστη
1065 3994 1083 4012 ’
1109 3981 1206 4035 καὶ
1229 3979 1389 4034 τοῦτο
1415 3979 1481 4051 δὴ
1520 3981 1808 4052 προφήτης
1843 3981 1940 4054 δη-

356 4067 466 4122 λῶν
495 4084 579 4130 τις
601 4066 753 4135 ἔλεγε
772 4081 788 4097 °
816 4065 928 4120 Καὶ
952 4065 1342 4134 συγ-κόψωσι
1369 4063 1479 4130 τὰς
1502 4064 1804 4133 μαχαίρας
1830 4067 1941 4120 αὐ-

355 4147 478 4203 τῶν
508 4149 598 4214 εἰς
625 4147 864 4216 ἄροτρα,
903 4146 1001 4200 καί
1039 4149 1148 4211 τὰς
1185 4145 1420 4210 ζιϐύνας
1455 4143 1656 4201 αὐτῶν
1694 4148 1782 4212 είς
1811 4146 1942 4217 δρέ-

356 4246 542 4294 πανα,
571 4229 668 4284 καὶ
693 4230 766 4282 οὐ
795 4228 1057 4298 λήψεται
1075 4227 1252 4294 ἔθνος
1276 4227 1368 4280 ἐπ’
1404 4227 1580 4294 ἔθνος
1611 4227 1937 4299 μάχαιραν,

355 4313 460 4368 καί
483 4314 556 4366 οὐ
571 4309 658 4380 μὴ
673 4308 949 4380 μάθωσιν
967 4310 1058 4375 ἔτι
1077 4309 1382 4383 πολεμεῖν.
1407 4309 1682 4380 Πρότερον
1709 4311 1810 4382 μὲν
1830 4313 1940 4386 γὰρ

357 4395 418 4449 ἐν
443 4392 654 4458 τούτοις
683 4391 822 4458 ἔζων
849 4393 1111 4456 ἀπαντες,
1142 4392 1259 4446 νυνὶ
1283 4391 1339 4446 δὲ
1362 4391 1458 4445 καὶ
1482 4391 1583 4461 τῆς
1618 4392 1815 4463 τέχνης
1837 4395 1938 4449 αὑ-

355 4477 457 4548 τῆς
487 4474 833 4540 ἐπελάθοντο,
871 4473 1071 4546 μᾶλλον
1096 4474 1153 4527 δὲ
1177 4475 1226 4528 οἰ
1249 4473 1470 4538 πλείους
1491 4473 1612 4528 οὐδὲ
1644 4475 1940 4545 ἐγεύσαντο

352 4561 454 4634 τὴν
481 4561 656 4634 ἀρχήν
677 4574 694 4591 ο
729 4561 781 4613 εἰ
810 4559 868 4613 δέ
903 4575 1050 4623 τινες
1086 4558 1182 4612 καὶ
1213 4552 1355 4621 εἷεν,
1381 4558 1551 4628 ὀλίγοι
1596 4561 1692 4613 καὶ
1717 4560 1778 4614 ού
1813 4577 1939 4616 συν-

355 4648 500 4715 εχεῖς
528 4643 653 4698 οὐδὲ
694 4640 896 4706 πολλοὶ,
943 4639 1133 4711 ὥσπερ
1176 4641 1235 4694 ἐν
1278 4640 1421 4713 ἀρχῇ
1457 4641 1604 4697 κατά
1634 4644 1741 4697 πᾶν
1787 4641 1940 4708 ἔθνος

359 4726 571 4797 μυρίων
610 4723 1033 4780 ἐπαναστάσεων
1063 4723 1384 4794 γινομένων.
1419 4721 1554 4780 Εἶτα
1585 4725 1801 4791 δεικνὺς
1841 4729 1937 4781 καὶ

356 4808 522 4862 πόθεν
560 4809 887 4878 συστήσεται
919 4807 954 4878 ὴ
1011 4806 1662 4879 Ἐκκλησία,’προλέγει.
1715 4808 1933 4882 Ἐπειδὴ

354 4892 469 4964 γὰρ
497 4892 600 4946 οὐκ
631 4892 892 4954 ἐπιεικεῖς
920 4887 1199 4962 ἄνθρωποι
1231 4891 1412 4961 μόνον,
1439 4890 1564 4946 οὐδὲ
1598 4891 1801 4962 ἥμεροι
1835 4894 1932 4947 καὶ

353 4973 607 5046 χρηστοὶ,
637 4971 774 5028 ἀλλὰ.
804 4972 900 5028 καὶ
939 4973 1122 5047 ἀγριοι
1151 4973 1248 5028 καὶ
1279 4972 1658 5046 ἀπάνθρωποι,
1693 4976 1789 5029 καὶ
1822 4972 1933 5030 οἷόν

352 5073 500 5121 τινες
527 5057 680 5112 λύκοι
718 5055 812 5111 καὶ
848 5055 1061 5122 λέοντες
1089 5057 1184 5112 καὶ
1205 5055 1394 5130 ταῦροι
1437 5057 1580 5112 κατά
1611 5057 1704 5112 τὸν
1731 5058 1932 5131 τρόπον

354 5139 578 5211 ἔμελλον
608 5137 1072 5209 συναγελάζεσθαι
1104 5139 1308 5206 αὐτοῖς,
1339 5140 1432 5194 καὶ
1465 5139 1668 5206 πάντες
1703 5140 1933 5214 Ἐκκλη-

354 5223 448 5279 σία
477 5223 725 5295 γίνεσθαι
763 5223 881 5294 μία,
911 5223 1146 5279 ἄκουσον
1172 5222 1289 5288 πῶς
1307 5221 1370 5278 τὸ
1400 5223 1644 5278 ποικίλον
1672 5223 1776 5296 τῆς
1799 5225 1926 5295 ἀγέ-

349 5307 451 5380 λης
479 5305 684 5377 ταύτης
701 5309 730 5360 ὁ
755 5307 1039 5378 προφήτης
1067 5305 1337 5378 ἐδήλωσεν
1360 5305 1530 5361 εἰπών
1553 5322 1567 5339 ο
1599 5306 1742 5365 Τότε
1771 5322 1930 5378 συμ-

350 5389 796 5458 ϐοσκηθήσεται
846 5389 1036 5457 λύκος
1067 5388 1219 5460 μετὰ
1261 5388 1483 5459 ἀρνὸς,
1524 5389 1587 5444 τὸ
1639 5389 1784 5447 λιτὸν
1839 5391 1928 5447 διὰ

408 5557 428 5584 ⁸
451 5558 589 5613 Colb.
618 5560 689 5608 ἐπ’
711 5559 857 5623 αὐτῷ.

1074 127 1134 182 S.
1171 126 1454 183 JOANNIS
1491 125 1974 183 CHRYSOSTOMI
2014 127 2334 185 ARCHIEP.
2374 129 2928 192 CONSTANTINOP.

3539 145 3640 202 8‘32

2059 247 2251 300 τούτου
2283 253 2384 320 τῆς
2415 250 2626 322 διαίτης
2652 251 2763 304 τῶν
2799 251 3071 322 βασιλέων
3097 253 3398 324 ἐμφαίνων.
3436 255 3562 312 ’Ότι
3586 261 3639 316 δὲ

2054 332 2114 382 οὐ
2157 333 2284 402 περὶ
2319 328 2523 404 θηρίων
2565 334 2684 386 ἐστὶ
2723 335 2921 398 ταῦτα,
2963 336 3172 390 εἰπάτω
3214 339 3468 403 Ἰουδαῖος
3510 342 3638 396 πότι

2052 414 2212 467 τοῦτο
2240 415 2496 483 γέγονεν·
2526 416 2784 471 οὐδέποτε
2817 418 2927 489 γὰρ
2953 417 3118 484 λύκος
3151 420 3292 490 μετὰ
3323 422 3489 491 ἀρνὸς
3521 424 3638 477 ἐὸορ

2057 496 2268 566 σκήθηο
2293 497 2422 550 εἰδὲ
2449 497 2546 551 καὶ
2582 497 2778 569 ἔμελλε
2811 499 3138 569 βόσκεσθαι,
3168 503 3222 555 τί
3252 503 3411 557 τοῦτο
3447 505 3507 558 τὸ
3532 505 3636 559 τῶν

2055 576 2356 648 ἀνθρώπων
2377 579 2578 648 ὠφέλει
2602 581 2792 650 γένος;
2833 582 2993 637 Ἀλλά
3022 585 3154 654 περὶ
3183 585 3292 639 τῶν
3316 586 3525 656 ἀγρίων
3550 589 3637 644 τὸν

2055 660 2257 728 τρόπον
2275 661 2582 733 ἀνθρώπων
2603 663 2776 732 λέγει,
2802 666 2935 737 περὶ
2962 667 3210 734 Σκυθῶν,
3234 670 3363 740 περὶ
3386 669 3635 740 Θρᾳκῶν,

2057 754 2187 823 περὶ
2216 752 2484 824 Μαύρων,
2515 754 2648 825 περὶ
2693 754 2891 822 Ἰνδῶν,
2921 757 3052 828 περὶ
3078 759 3472 829 Σαυρομάτων,
3506 762 3635 830 περὶ

2057 835 2304 906 Περσῶν.
2339 837 2464 891 Ὅτι
2487 837 2546 891 δὲ
2568 835 2742 891 ταῦτα
2771 839 2950 894 πάντα
2985 839 3054 892 τὰ
3079 840 3206 911 ἔθνη
3247 841 3351 893 ὑπὸ
3383 841 3482 894 ἕνα
3510 843 3639 910 ἄγει

2053 935 2144 972 ται
2176 916 2361 987 ζυγὸν,
2398 920 2494 973 καὶ
2536 918 2695 984 ἀλλος
2742 921 3030 993 προφήτης
3069 922 3244 994 δηλῶν
3285 922 3474 992 ἐλεγεο
3530 925 3638 979 Kal

2053 1001 2505 1056 δουλεύσωσιν
2530 1001 2692 1067 αὐτῷ
2716 1003 2835 1057 ὑπὸ
2867 1001 3046 1075 ζυγὸν
3076 1004 3206 1070 ἕνα,
3238 1007 3339 1059 καί
3373 1021 3640 1075 προσκυ-

2053 1081 2364 1149 νήσουσιν
2410 1083 2572 1150 αὐτῷ
2615 1084 2878 1152 ἕκαστος
2919 1085 2990 1140 ἐκ
3039 1089 3148 1142 τοῦ
3192 1089 3382 1142 τόπου
3426 1089 3636 1144 αὑτοῦ.

2054 1167 2276 1230 Οὐκέτι,
2315 1167 2503 1238 φησὶν,
2536 1168 2595 1221 ἐν
2635 1167 3030 1240 Ἰεροσολύμοις
3057 1169 3240 1240 μόνον,
3264 1170 3404 1224 ἀλλά
3434 1189 3639 1226 παντα-

2053 1251 2151 1321 χοῦ
2198 1251 2299 1321 τῆς
2347 1250 2707 1322 οἰκουμένης·
2753 1251 2937 1306 οὐκέτι
2990 1253 3101 1325 γὰρ
3151 1255 3231 1318 εἰς
3295 1255 3638 1326 Ἱεροσόλυμα

2053 1333 2366 1388 κελεύονται
2396 1333 2674 1406 ἄνθρωποι
2707 1335 2952 1400 ἀπιέναι,
2982 1334 3096 1390 ἀλλ’
3125 1335 3358 1401 ἕκαστος
3378 1339 3516 1391 οίκοι
3540 1337 3638 1409 μέ-

2053 1435 2180 1480 νων,
2205 1419 2302 1489 τὴν
2331 1418 2588 1490 λατρείαν
2619 1418 2824 1490 ταύτην
2859 1419 3117 1476 ἐπιτελεῖ.

2124 1561 2276 1636 [567]
2317 1563 2384 1628 ζ’.
2411 1563 2532 1618 Ὅτι
2557 1563 2783 1635 ἔμελλον
2819 1564 3062 1619 Ἰουδαῖοι
3094 1564 3485 1630 ἐκϐάλλεσθαι,
3514 1565 3643 1618 οὐδὲ

2051 1647 2211 1701 τοῦτο
2237 1645 2521 1718 σεσίγηται
2545 1664 2561 1678 '
2590 1646 2686 1700 καὶ
2714 1647 2816 1718 ὅρα
2847 1647 2966 1711 πῶς
2993 1648 3089 1702 καὶ
3117 1647 3274 1701 τοῦτο
3318 1650 3582 1718 προεῖπεν
3610 1651 3644 1701 ό

2054 1731 2368 1802 προφήτης⁶
2402 1729 2558 1784 Ἰδοὺ
2585 1729 2657 1784 ἐν
2672 1730 2816 1800 ὑμῖν
2825 1730 3411 1801 συγκλεισθήσονται
3433 1733 3601 1800 θύραι
3620 1771 3638 1794 ,

2053 1813 2154 1866 καί
2189 1815 2302 1868 οὐκ
2340 1812 2610 1882 ἁνάψετε
2651 1813 2718 1868 τὸ
2747 1813 3187 1882 θυσιαστήριόν
3225 1832 3345 1883 μου
3385 1813 3638 1882 δωρεάν.

2054 1897 2164 1950 Καὶ
2194 1896 2338 1961 τίνες
2371 1897 2623 1967 μέλλουσι
2657 1897 3008 1968 θεραπεύειν,
3040 1897 3134 1950 καὶ⁵
3163 1897 3294 1951 αὐτὸ
3323 1915 3638 1969 προαναπε-

2053 1979 2316 2051 φώνηται.
2371 1980 2508 2034 Ἀπὸ
2548 1978 2868 2037 ἀνατολῶν
2894 1981 3101 2048 ἡλίου,
3130 1980 3286 2050 φησὶ,
3314 1981 3494 2050 μέχρι
3537 1981 3640 2036 δυ-

2051 2061 2222 2129 σμῶν
2241 2062 2309 2117 τὸ
2325 2060 2513 2132 ὄνομά
2532 2079 2652 2132 μου
2675 2062 3033 2128 δεδόξασται
3054 2063 3125 2117 ἐν
3137 2063 3262 2130 τοῖς
3281 2065 3484 2118 ἔθνεσι
3501 2080 3519 2098 ο
3545 2066 3642 2118 καὶ

2052 2144 2237 2209 πάλιν,
2288 2145 2392 2198 Ἐν
2419 2144 2600 2198 παντί
2627 2147 2789 2213 τόπῳ
2831 2147 3097 2216 θυμίαμα
3137 2146 3509 2216 προσάγεται
3533 2166 3640 2216 μοι

2050 2227 2149 2281 καί
2183 2227 2365 2281 θυσία
2391 2227 2641 2297 καθαρά.
2675 2224 2828 2293 Εἶδες
2857 2230 2975 2292 πῶς
3009 2231 3109 2300 τῆς
3137 2229 3397 2301 λατρείας
3429 2228 3528 2302 τὴν
3550 2233 3641 2283 εὑ-

2050 2311 2266 2379 γένειαν
2305 2310 2694 2382 παρεδήλωσε;
2731 2311 2850 2375 πῶς
2880 2313 2943 2365 τὸ
2976 2311 3252 2383 ἐξαίρετον
3297 2314 3392 2366 καὶ
3425 2314 3642 2384 παρηλ-

2049 2393 2318 2465 λαγμένον
2337 2411 2352 2458 ;
2371 2394 2466 2446 καὶ
2481 2395 2562 2448 ὅτι
2581 2393 2682 2446 οὐκ
2703 2394 2762 2446 ἐν
2785 2393 2958 2464 τόπῳ,
2981 2395 3095 2448 ἀλλ’
3112 2398 3171 2448 ἐν
3194 2395 3400 2468 τρόπῳ,
3430 2396 3553 2449 οὐδὲ
3581 2399 3643 2448 ἐν

2050 2478 2246 2548 κνίσσῃ
2271 2477 2364 2530 καὶ
2387 2476 2602 2548 καπνῷ,
2626 2476 2744 2531 ἀλλ’
2765 2478 2824 2530 ἐν
2850 2479 3014 2550 ἑτέρᾳ.
3036 2479 3260 2552 λατρεία
3285 2478 3436 2532 ἔσται
3451 2479 3522 2532 td
3535 2479 3639 2547 τῆς

2051 2560 2373 2631 θεραπεία-ςς
2398 2561 2506 2614 Καὶ
2526 2560 2640 2622 πῶς
2655 2560 2896 2625 τούτους,
2919 2563 3105 2631 φησὶν,
3130 2563 3375 2624 ἅπαντας
3399 2562 3643 2614 ἐπεσπά-

2051 2661 2214 2697 σαντο
2231 2646 2279 2696 οἰ
2296 2644 2616 2709 ἀπόστολοις
2647 2646 2675 2696 ὁ
2708 2644 2837 2714 μίαν
2859 2644 3107 2714 γλῶτταν
3131 2644 3270 2715 ἔχων
3289 2644 3386 2716 τήν
3407 2644 3640 2697 Ἰουδαῖ-

2050 2726 2175 2795 κὴν,
2191 2726 2306 2789 πῶς
2318 2725 2408 2778 τὸν
2420 2725 2634 2797 Σκύθην
2650 2727 2743 2779 καὶ
2756 2726 2848 2779 τὸν
2877 2726 3036 2779 Ἰνδὸν
3052 2727 3148 2780 καὶ
3164 2727 3257 2780 τὸν
3275 2728 3382 2780 Σαυ
3391 2725 3643 2798 ρομάτην

2049 2807 2146 2861 καὶ
2168 2807 2257 2861 τὸν
2274 2807 2467 2878 Θρᾷκα
2483 2807 2690 2874 Emme;
2712 2807 2909 2862 Λαϐὼν
2928 2808 3081 2881 παρά
3093 2810 3193 2881 τῆς
3202 2810 3298 2863 τοῦ
3321 2811 3462 2864 Πνεύ
3471 2827 3643 2881 ματος

2047 2892 2256 2963 δωρεᾶς
2282 2892 2380 2962 τὴν
2403 2892 2561 2962 χάριν
2586 2894 2684 2963 τῆς
2715 2892 3061 2962 πολυφωνίας
3085 2896 3312 2965 ταύτης.
3348 2893 3462 2948 Καὶ
3481 2893 3644 2949 τοῦτο

2053 2974 2153 3045 μὲν
2197 2973 2326 3044 περὶ
2366 2974 2475 3026 τῶν
2521 2973 2708 3027 ἐθνῶν·
2741 2975 2869 3046 περὶ
2917 2976 2974 3029 δέ
3019 2976 3114 3030 τοῦ
3159 2976 3406 3049 Ἰσραὴλ,
3435 2977 3499 3030 τὸ
3531 2979 3642 3030 τῶν

2049 3056 2310 3124 γλωσσῶν
2346 3055 2612 3126 χάρισμα.
2656 3055 2769 3110 Καὶ
2811 3057 2894 3111 ὅτι
2926 3058 3049 3111 ούδέ
3092 3058 3250 3112 τοῦτο
3288 3061 3644 3115 ἐπεσπάσατο

2047 3140 2175 3202 τοὺς
2226 3139 2531 3204 Ἰουδαίους,
2584 3141 2750 3194 ἄκουε
2796 3141 2913 3205 πῶς
2958 3141 3230 3195 δείκνυσιν
3267 3144 3304 3196 ’ό
3349 3144 3644 3214 προφήτης

2047 3221 2250 3306 λέγων’
2301 3221 2403 3275 Ἐν
2433 3221 2907 3306 ἑτερογλώσσοις
2943 3223 3055 3293 γὰρ
3096 3225 3197 3278 καί
3240 3225 3311 3279 ἐν
3365 3226 3641 3294 χείλεσιν

2045 3301 2269 3372 ἐτὲροις
2308 3302 2563 3370 λαλήσω
2602 3301 2684 3369 τῷ
2725 3303 2852 3370 λαῷ
2889 3309 3099 3373 τούτῳ,
3147 3307 3246 3360 καί
3295 3308 3424 3362 οὐδ’
3449 3309 3636 3374 οὕτως

2045 3387 2515 3442 εἰσακούσονταί
2547 3404 2691 3456 μου,
2719 3386 2880 3457 λέγει
2922 3387 3162 3458 Κύριος.
3205 3390 3273 3442 Τί
3308 3390 3501 3444 τούτου
3546 3407 3636 3442 σα·

2045 3469 2305 3541 φέστερον
2334 3469 2434 3523 ίδοι
2487 3487 2572 3534 τις
2616 3471 2716 3534 ἀνς
2766 3470 3028 3542 Ἔμελλον
3077 3471 3320 3526 Ἰουδαῖοι
3364 3474 3637 3534 ἀπιστεῖν,

2044 3551 2112 3604 τὰ
2163 3551 2221 3605 δέ
2263 3551 2389 3624 έθνη
2441 3552 2830 3624 προστρέχειν*
2877 3557 2973 3608 καὶ
3017 3553 3179 3608 τοῦτο
3223 3556 3638 3626 προεκηρύχθη.

2049 3637 2248 3688 ’Ἄκουε
2285 3635 2380 3688 τοῦ
2424 3634 2646 3688 Ἦσαῖου
2693 3635 2854 3690 τοῦτο
2901 3636 3185 3706 δηλοῦντος
3220 3639 3315 3692 καὶ
3352 3639 3601 3704 λέγοντος
3619 3653 3633 3665 ⁶

2039 3715 2308 3784 Εὑρέθην
2346 3715 2471 3783 τοῖς
2515 3717 2622 3785 ἐμὲ
2650 3717 2738 3786 μὴ
2780 3717 3093 3785 ζητοῦσινο
3129 3721 3406 3790 ἐμφανὴς
3438 3723 3640 3790 ἐγενό-

2038 3817 2164 3870 μην
2206 3800 2331 3867 τοῖς
2369 3800 2475 3869 ἐμὲ
2514 3799 2602 3870 μὴ
2640 3800 3033 3868 ἐπερωτῶσιν.
3076 3799 3283 3869 Εἶπον,
3317 3803 3463 3858 Ἰδού
3496 3808 3633 3874 εἰμι.

2043 3881 2124 3948 τῷ
2151 3881 2330 3946 ἔθνει,
2355 3882 2413 3935 οἳ
2434 3883 2547 3937 οὐκ
2579 3883 2886 3938 ἐκάλεσαν
2905 3883 2973 3938 τὸ
3005 3885 3190 3955 ὄνομα
3231 3903 3371 3955 μου.
3409 3888 3549 3958 Περὶ
3578 3889 3638 3940 δὲ

2041 3966 2136 4020 τοῦ
2158 3965 2394 4038 Ἰσραήλ,
2422 3966 2608 4034 Ὅλην
2628 3966 2746 4034 τὴν
2766 3967 2995 4036 ἡμέραν
3015 3969 3353 4034 ἐξεπέτασα
3377 3971 3487 4038 τὰς
3515 3974 3637 4039 χεῖ.

2034 4051 2152 4117 ράς
2173 4066 2294 4119 μου
2321 4047 2471 4118 πρὸς
2497 4049 2654 4103 λαὸν
2681 4050 3047 4106 ἀπειθοῦντα
3079 4053 3174 4106 καί
3201 4053 3600 4123 ἀντιλέγοντα
3617 4071 3631 4082 ⁸

2045 4134 2138 4187 καὶ
2167 4133 2348 4197 πάλιν,
2389 4133 2842 4203 Ἆνηγγείλαμεν
2865 4135 3026 4200 αὐτῷ
3055 4136 3136 4200 ὡς
3165 4136 3351 4200 παιδὶ,
3383 4138 3467 4204 ὡς
3499 4138 3638 4205 ῥίζα

2041 4217 2112 4269 ἐν
2136 4215 2212 4285 γῇ
2244 4213 2482 4285 διψώσῃ
2503 4232 2518 4249 ο
2569 4217 2662 4270 καὶ
2706 4217 2889 4282 πάλιν,
2934 4219 3133 4287 Κύριε,
3177 4219 3269 4285 τίς
3305 4219 3639 4274 ἐπίστευσε

2041 4297 2116 4366 τῇ
2154 4297 2308 4367 ἀκοῇ
2332 4298 2540 4368 Mr;
2563 4300 2662 4354 καί
2695 4302 2729 4354 ό
2764 4300 3040 4370 βραχίων
3084 4302 3308 4371 Κυρίου
3357 4304 3479 4357 τίνι
3520 4304 3639 4358 ἀπ-

2040 4382 2387 4450 εκαλύφθη;
2426 4383 2539 4436 Οὐκ
2571 4378 2714 4445 εἰπε,
2747 4387 2815 4454 τῇ
2842 4383 3161 4457 διδασκαλίᾳ
3189 4384 3364 4456 ήμῶν,
3398 4386 3640 4440 ἐνταῦθα

2041 4464 2275 4530 δεικνὺς,
2315 4465 2397 4518 ὅτι
2437 4466 2535 4518 οὐκ
2581 4465 2792 4520 οίκοθέν
2833 4485 2884 4520 τι
2930 4468 3279 4539 ἐφθέγγοντο,
3325 4468 3442 4523 ἀλλ’
3484 4471 3639 4541 ἅπερ

2042 4548 2282 4619 ἤκουσαν
2329 4549 2478 4620 παρά
2523 4549 2617 4603 τοῦ
2661 4550 2821 4612 Θεοῦ,
2865 4552 3037 4606 ταῦτα
3089 4552 3452 4625 ἀπήγγειλαν.
3507 4555 3640 4607 Ὅτι

2042 4631 2410 4702 προτιμᾶσθαι
2442 4632 2522 4685 δεῖ
2556 4633 2717 4687 πάλιν
2744 4633 2815 4686 td
2842 4635 3086 4705 ήμὲτερα
3114 4636 3224 4691 τῶν
3260 4635 3508 4701 ἐκείνων,
3539 4641 3638 4691 καὶ

2040 4713 2218 4785 πολλῷ
2264 4715 2563 4785 τιμιώτερα
2603 4715 2870 4784 γίνεσθαι,
2922 4718 3018 4771 καὶ
3067 4719 3224 4772 τοῦτο
3273 4719 3636 4791 παρεδήλωσε

2037 4809 2276 4880 Μωῦσῆς
2301 4807 2500 4863 εἰπών·
2529 4809 2942 4880 Παραζηλώσω
2973 4813 3131 4884 ὑμᾶς
3169 4815 3263 4868 ἐπ’
3298 4818 3411 4869 οὐκ
3445 4817 3635 4881 ἔθνει,

2035 4889 2135 4943 ἐπί
2165 4889 2323 4944 ἔθνει
2361 4892 2638 4957 ἀσυνέτῳ
2681 4893 2982 4965 παροργιῶ
3011 4897 3185 4966 ὑμᾶς,
3224 4898 3323 4970 τήν
3353 4900 3635 4970 προτέραν

2037 4971 2312 5027 εὐτέλειαν
2353 4974 2448 5029 τοῦ
2491 4974 2622 5030 λαοῦ
2660 4975 2834 5047 λέγων
2873 4976 2961 5031 διά
2990 4977 3108 5044 τοῦ,
3166 4981 3284 5034 Ἐπ’
3316 4983 3428 5036 οὐκ
3465 4982 3632 5038 ἔθνει

2034 5056 2210 5110 εἰπεῖν
2236 5074 2247 5086 '
2291 5056 2414 5112 οὐδὲ
2439 5056 2548 5130 γὰρ
2576 5057 2728 5124 ἔθνος
2760 5055 2902 5114 εἰναι
2929 5060 3208 5132 ἐνομίζετο
3235 5063 3322 5117 διὰ
3359 5063 3460 5136 τὴν
3491 5067 3632 5118 πολ-

2033 5136 2131 5210 λήν
2176 5138 2491 5207 εὐτέλειαν,
2535 5140 2624 5195 διὰ
2677 5141 2775 5213 τὴν
2829 5142 3077 5214 μωρίαν,
3125 5144 3214 5199 διὰ
3260 5147 3360 5218 τὴν
3403 5147 3632 5206 ἄνοιαν.

2032 5221 2147 5305 ἀλλ’
2178 5222 2288 5276 ἀπὸ
2321 5223 2420 5294 τῆς
2452 5225 2689 5290 πίστεως
2724 5226 2959 5298 τοσαύτη
3001 5228 3226 5298 γέγονεν
3258 5232 3290 5300 ή
3329 5230 3632 5305 μεταϐολή,

2030 5303 2105 5368 ῶς
2144 5305 2368 5360 ἐκείνων
2400 5306 2509 5360 τῶν
2549 5308 2876 5379 τιμωμένων
2908 5310 3088 5382 πολλῷ
3131 5313 3487 5385 τιμιωτέρους
3523 5303 3632 5384 φά-

2031 5387 2212 5458 νῆναι.
2259 5387 2384 5444 Ὅτι
2433 5389 2627 5460 ἔμελλε
2666 5391 2884 5448 δάκνειν
2933 5394 3219 5457 Ἰουδαίους
3261 5394 3419 5450 τοῦτο
3465 5399 3628 5465 αὐτό,

2032 5474 2126 5527 καὶ
2151 5475 2216 5528 ἐκ
2246 5471 2436 5526 τούτου
2471 5472 2715 5541 βελτίους
2740 5475 3007 5543 γίνεσθαι,
3048 5479 3143 5532 καὶ
3173 5476 3334 5532 τοῦτο
3371 5479 3633 5535 ἐντεῦθεν

2032 5554 2305 5627 δηλοῦται.
2368 5557 2444 5610 Οὐ
2491 5558 2602 5630 γὰρ
2665 5558 2848 5625 ἁπλῶς
2903 5556 3058 5628 εἰπε,
3093 5563 3444 5636 Προτιμήσω,
3500 5563 3628 5620 ἀλλ’
