3866 6226
356 165 454 221 82!

358 288 712 350 dicaiionem;
744 293 799 341 et
840 285 941 340 hoc
988 284 1158 353 ipsum
1200 281 1606 350 pra-nuntiatum
1641 268 1877 331 estaudi
1908 284 1924 322 :

362 385 462 435 hoc
492 379 799 450 prophetice
840 376 1106 431 dicentem
1153 372 1405 428 Davidem
1435 388 1451 423 :
1483 370 1549 422 In
1577 383 1776 422 omnem
1824 376 1926 420 ter-

366 488 477 525 ram
505 470 651 523 exiuit
690 483 847 521 sonus
873 480 1044 519 eorum
1066 505 1082 529 ,
1109 472 1156 516 et
1197 462 1249 515 in
1274 461 1399 529 fines
1439 458 1573 513 orbis
1598 466 1748 511 terra
1782 456 1930 509 verba

361 576 533 614 eorum
558 557 728 629 (Psal.
761 555 844 611 18.
873 556 907 611 5
933 555 973 623 ).
1018 552 1098 608 Ad
1128 552 1242 607 haec
1260 592 1277 618 ,
1304 548 1444 621 quod
1472 563 1590 603 cum
1619 545 1933 602 auctoritate

366 650 700 721 prtcdicarint
718 688 734 713 ,
755 658 808 703 et
832 646 959 716 ipsis
979 646 1191 715 regibus
1218 642 1544 712 potentiores
1571 640 1792 705 fuerim,
1818 637 1932 707 ipse

363 738 488 791 alibi
536 736 692 792 docet
730 734 972 803 inquiens
1003 750 1017 786 :
1052 731 1331 784 Constitues
1369 744 1453 781 eos
1504 726 1755 795 principes
1782 739 1934 793 super

364 843 558 880 omnem
583 834 769 878 terram
803 822 974 891 (Psal.
1006 822 1093 875 ιη.
1129 819 1239 886 l7).
1268 817 1416 885 Quod
1449 817 1658 885 regibus
1701 829 1764 869 ac
1790 815 1934 883 prin-

368 919 575 987 cipibus
599 916 828 984 majores
857 914 1052 969 fuerint
1078 914 1265 967 Petrus
1294 920 1350 965 et
1373 910 1598 975 Paulus,
1644 907 1935 963 declaravit

368 1016 609 1062 eventus.
652 1006 783 1060 Nam
831 1019 1018 1074 regum
1069 1004 1213 1072 leges
1258 1001 1417 1055 etiam
1467 999 1593 1067 ip~is
1636 995 1934 1053 viventibus

368 1098 690 1166 abrogantur
719 1113 735 1150 :
761 1095 902 1163 leges
945 1108 1074 1148 vero
1117 1094 1440 1162 piscatorum
1490 1090 1734 1154 illorum,
1775 1088 1934 1143 etiam

370 1198 701 1241 mortuorum
730 1184 899 1239 ﬁrmae.
936 1192 1089 1248 sunt,
1116 1193 1170 1236 et
1211 1182 1444 1236 immota:
1484 1187 1728 1244 manent;
1776 1178 1935 1247 idque

370 1279 491 1331 licet
519 1275 882 1340 daemonibus,
914 1274 1161 1329 diuturna
1191 1272 1574 1327 consuetudine
1593 1312 1608 1333 .
1639 1271 1767 1325 vitio
1791 1311 1805 1335 ,
1843 1285 1936 1323 vo-

371 1368 570 1435 luptate
615 1366 1009 1433 innumerisquc
1052 1363 1171 1418 aliis
1218 1364 1331 1417 illas
1370 1363 1662 1431 refringere
1697 1362 1938 1415 conanti-

373 1458 489 1510 bus.
533 1455 597 1511 Ut
622 1456 867 1510 ostendat
887 1466 1063 1509 autem
1092 1470 1185 1508 eos
1211 1455 1352 1523 ipsus
1378 1454 1641 1523 principes
1675 1451 1936 1507 constitu-

374 1557 475 1612 tos,
493 1546 748 1601 amabiles
782 1546 1025 1599 omnibus
1054 1544 1535 1613 desiderabilesque
1551 1545 1696 1608 fore,
1720 1542 1935 1598 subdit:

374 1636 648 1705 Propterea
675 1636 849 1706 populi
876 1636 1241 1703 conﬁtebuntur
1270 1634 1360 1687 tibi
1389 1634 1441 1688 in
1478 1633 1719 1687 stcculum
1760 1632 1936 1704 (Ibid.

373 1744 420 1779 υ.
460 1726 586 1798 18);
634 1726 686 1779 id
724 1738 836 1793 est,
893 1727 1086 1796 gratias
1131 1725 1223 1779 tibi
1266 1735 1423 1795 agent
1465 1726 1752 1795 plurimas,
1797 1726 1940 1795 quod

376 1820 509 1871 tales
533 1817 796 1886 principes
830 1815 1060 1871 dederis.
1089 1815 1240 1883 Quod
1270 1815 1573 1885 praedicatio
1603 1817 1794 1885 ubique
1819 1830 1941 1885 pro-

375 1906 609 1976 paganda
647 1908 753 1971 sit,
802 1906 853 1960 id
900 1922 1111 1976 quoque
1156 1905 1618 1975 prtesiguificatum
1660 1915 1743 1961 est
1776 1925 1790 1960 :
1818 1907 1941 1961 audi

379 1997 625 2050 Davidem
657 1997 707 2051 id
735 1997 826 2051 tibi
843 1997 1195 2052 declarantem
1213 1998 1294 2051 his
1314 1997 1489 2052 verbis
1512 2014 1526 2049 :
1551 1995 1764 2052 Postula
1785 2015 1817 2051 a
1840 2015 1939 2065 me,

372 2097 418 2140 et
445 2086 575 2140 dabo
621 2088 709 2140 tibi
737 2098 907 2157 gentes
936 2086 1265 2141 hereditatem
1292 2097 1466 2153 tuam,
1492 2096 1539 2140 et
1580 2088 1941 2155 possessionem

374 2184 512 2228 tuam
536 2178 772 2229 terminos
797 2187 941 2231 terra:
969 2178 988 2247 (
1015 2176 1159 2231 Psal.
1187 2176 1241 2231 2.
1273 2176 1369 2247 8).
1399 2177 1626 2245 ldipsum
1658 2177 1783 2231 item
1804 2177 1943 2233 alius

372 2266 629 2338 propheta
657 2268 849 2322 alicubi
895 2270 973 2323 sic
1000 2270 1237 2322 enuntiat
1266 2284 1278 2320 :
1311 2267 1610 2337 Implebitur
1635 2271 1796 2322 omnis
1839 2278 1943 2323 ter-

374 2374 433 2408 ra
459 2358 662 2410 scientia
692 2357 916 2424 Domini,
936 2366 982 2411 et
1005 2359 1133 2412 sicut
1163 2375 1294 2428 aqua
1320 2359 1624 2428 multa,quaz
1649 2360 1809 2429 operit
1836 2376 1944 2411 ma-

376 2446 454 2499 ria
482 2444 682 2516 (IIesai.
710 2447 798 2500 ﬂ.
828 2446 906 2517 9).
954 2447 1022 2501 Et
1057 2448 1178 2502 vide
1228 2448 1533 2502 facilitatem
1580 2448 1896 2503 obedientia:
1925 2466 1939 2503 :

380 2534 502 2589 Non
547 2535 773 2603 docebit,
820 2538 924 2603 ait,
972 2539 1316 2609 unusquisque
1365 2540 1652 2609 proximum
1681 2555 1862 2603 suum,
1896 2549 1943 2593 et

378 2629 716 2697 unusquisque
763 2632 972 2699 fratrem
1013 2646 1197 2695 suum,
1247 2630 1417 2685 dicens
1444 2646 1463 2685 :
1487 2630 1740 2701 Cognosce
1769 2632 1945 2685 Domi—

376 2715 499 2770 num
529 2734 547 2771 :
568 2720 685 2788 quia
706 2735 875 2774 omnes
897 2730 1192 2791 cognoscent
1216 2738 1293 2776 me
1316 2738 1348 2774 a
1372 2722 1578 2775 minimo
1600 2723 1801 2776 illorum
1824 2763 1837 2785 ,
1862 2739 1946 2775 us-

376 2825 472 2879 que
490 2811 557 2862 ad
578 2811 850 2869 maximum
877 2811 1078 2865 illorum
1101 2811 1230 2882 (Jer.
1259 2814 1320 2868 5i
1335 2852 1348 2866 .
1368 2813 1481 2884 54).
1498 2812 1746 2867 Firmitas
1763 2813 1945 2868 Eccle—

379 2900 474 2951 sia:
509 2899 590 2952 his
625 2899 924 2955 declaratur
948 2918 962 2955 :
989 2901 1103 2955 Erit
1127 2903 1179 2956 in
1210 2903 1492 2957 novissimis
1535 2902 1709 2957 diebus
1745 2905 1947 2973 conspi-

378 3005 504 3041 cnus
532 3005 675 3043 mons
702 2989 905 3043 Domini
930 3007 1084 3060 supra
1109 2993 1338 3047 verticem
1378 2993 1621 3046 montium
1642 2993 1818 3046 domus
1842 2994 1947 3047 Do-

381 3080 538 3144 mini,
571 3089 617 3132 et
641 3080 910 3134 eleuabitur
940 3097 1091 3152 super
1115 3082 1269 3136 colles
1289 3123 1305 3148 ,
1337 3092 1384 3136 et
1408 3084 1602 3136 uenient
1629 3084 1697 3136 ad
1720 3100 1827 3137 eam
1857 3102 1949 3154 po-

382 3171 487 3238 puli
512 3169 656 3223 multi
701 3180 748 3224 et
788 3181 959 3241 gentes
998 3173 1169 3226 multa:
1200 3172 1399 3243 (IIesai.
1441 3174 1495 3227 2.
1540 3173 1621 3245 2).
1645 3173 1796 3241 Quod
1824 3191 1949 3229 vero

381 3278 487 3314 non
517 3261 665 3315 ﬁrma
697 3269 929 3329 tantum,
951 3263 1117 3317 solida
1143 3272 1197 3318 et
1224 3262 1508 3318 immobilis
1528 3263 1700 3319 futura
1729 3266 1798 3319 sit
1817 3305 1830 3327 ,
1854 3265 1948 3320 sed

380 3353 540 3404 etiam
568 3350 785 3405 multam
806 3351 923 3407 orbi
963 3367 1145 3422 pacem
1188 3354 1258 3409 sit
1283 3354 1660 3420 conciliatura,
1703 3355 1949 3425 quodque

382 3453 509 3496 tunc
550 3444 834 3498 multorum
877 3445 1200 3515 principatus
1224 3486 1240 3511 ,
1290 3454 1399 3500 tum
1444 3446 1766 3502 monarcbiae
1803 3446 1952 3501 aufe-

383 3532 563 3587 renda:
585 3534 693 3588 sint
717 3550 731 3587 :
758 3550 918 3589 unum
948 3545 1126 3590 autem
1154 3535 1208 3590 in
1234 3550 1418 3591 omnes
1444 3552 1663 3606 regnum
1692 3536 1948 3603 futurum,

380 3639 438 3682 et
479 3627 847 3683 abundantiori
885 3642 1014 3697 pace
1051 3627 1331 3683 fruiturum
1356 3669 1371 3692 ,
1410 3644 1516 3684 non
1562 3630 1699 3685 sicut
1754 3630 1901 3700 prius
1933 3648 1946 3685 :

384 3734 505 3773 nam
552 3719 739 3789 priscis
763 3719 1091 3790 temporibus
1115 3721 1344 3775 artifices
1382 3735 1569 3775 omnes
1616 3728 1671 3776 et
1708 3720 1951 3776 rhetores

383 3812 546 3864 armis
566 3810 806 3864 instructi
831 3818 1014 3873 erant,
1040 3819 1096 3865 et
1121 3811 1171 3864 in
1201 3812 1313 3865 acie
1334 3810 1545 3866 stabant
1575 3829 1589 3865 :
1617 3820 1739 3882 post
1754 3812 1953 3867 adven-

388 3908 495 3952 tum
522 3914 647 3954 vero
674 3898 869 3954 Christi
908 3899 1025 3956 haec
1051 3901 1226 3955 omnia
1252 3902 1421 3956 soluta
1456 3910 1616 3969 sunt,
1642 3911 1698 3957 et
1733 3903 1870 3958 bella
1898 3906 1951 3958 in

386 3990 723 4043 constitutam
766 3998 971 4060 partem
1010 3991 1232 4045 seorsini
1262 4000 1675 4058 concesserunt;
1713 3991 1815 4048 hoc
1851 3993 1950 4047 do-

388 4093 513 4132 cens
539 4078 795 4147 propheta
821 4079 1031 4149 quidam
1058 4080 1266 4134 dicebat
1288 4097 1301 4133 :
1326 4077 1393 4132 Et
1418 4080 1734 4152 confringent
1753 4080 1955 4153 gladios

386 4185 503 4223 suos
526 4170 578 4223 in
607 4185 824 4224 vomeres
844 4211 859 4237 ,
889 4180 936 4224 et
956 4171 1154 4225 lanceas
1179 4187 1297 4225 suas
1326 4171 1376 4224 in
1406 4172 1561 4240 falces
1588 4188 1607 4225 :
1636 4180 1684 4227 et
1720 4187 1821 4226 non
1862 4189 1952 4226 su-

388 4270 485 4314 met
508 4278 628 4331 gens
655 4272 829 4316 contra
847 4271 1041 4332 gentem
1060 4263 1287 4334 gladium
1305 4305 1320 4329 ,
1341 4275 1388 4317 et
1414 4279 1513 4318 non
1532 4264 1720 4319 discent
1737 4265 1975 4333 amplius?

390 4351 575 4405 bellum
604 4351 763 4422 (Ibid.
788 4369 837 4410 υ.
861 4353 938 4423 4).
968 4353 1098 4407 Nam
1126 4353 1271 4422 prius
1310 4354 1360 4408 in
1397 4353 1500 4409 illis
1519 4368 1705 4410 omnes
1732 4370 1951 4410 exerce-

391 4439 579 4495 bantur
610 4456 786 4495 :nunc
813 4451 989 4497 autem
1019 4443 1147 4497 artis
1184 4442 1299 4511 ejus
1321 4444 1467 4498 obliti
1504 4454 1659 4511 sunt;
1705 4444 1814 4500 imo
1842 4445 1955 4514 plu-

389 4548 478 4588 res
503 4548 619 4588 eam
648 4550 715 4589 ne
739 4535 822 4589 vel
857 4535 1128 4589 minimum
1155 4545 1279 4590 sunt
1306 4536 1510 4605 experti
1542 4555 1555 4591 :
1584 4536 1722 4607 quod
1747 4537 1793 4593 si
1834 4538 1953 4607 qui-

392 4622 513 4677 dam
540 4623 674 4689 sint,
701 4624 778 4679 illi
798 4624 1082 4680 admodum
1110 4627 1261 4694 pauci
1287 4636 1443 4692 sunt;
1474 4635 1529 4680 at
1546 4627 1672 4682 olim
1704 4631 1755 4681 in
1782 4628 1957 4681 omni-

393 4713 492 4767 bus
509 4714 754 4783 gentibus
769 4724 1032 4769 sexcentze
1047 4716 1334 4771 seditiones
1353 4716 1737 4772 excitabantur.
1757 4718 1958 4774 Deinde

391 4813 446 4858 et
476 4804 614 4861 unde
641 4806 1009 4861 constituenda
1029 4807 1094 4860 sit
1118 4806 1349 4862 Ecclesia
1377 4807 1633 4877 praedicit.
1653 4808 1785 4874 Quia
1812 4809 1957 4864 enim

395 4909 499 4948 non
532 4896 796 4951 mansueti
825 4905 1025 4951 tantum
1047 4936 1062 4961 ,
1092 4897 1249 4952 mites
1272 4908 1326 4951 et
1351 4895 1533 4951 urbani
1561 4895 1836 4962 homines;
1865 4897 1959 4951 sed

391 4986 553 5040 etiam
595 4985 690 5041 {eri
732 4994 787 5043 et
811 4987 1083 5043 inhumani
1108 5027 1125 5054 ,
1165 4989 1507 5059 moribusque
1545 4988 1747 5044 similes
1783 4989 1957 5057 lupis,

394 5075 633 5131 leonibus
657 5084 714 5131 et
754 5078 954 5143 tauris,
995 5093 1116 5133 cum
1162 5079 1291 5149 ipsis
1339 5079 1646 5134 conventuri
1688 5086 1878 5143 erant,
1908 5087 1965 5134 et

398 5179 586 5223 omnes
620 5183 777 5223 unam
808 5168 1101 5225 Ecclesiam
1130 5170 1462 5226 constituturi
1483 5212 1499 5237 ,
1540 5170 1663 5225 audi
1698 5170 1965 5241 quomodo

398 5258 574 5329 gregis
604 5257 747 5313 illius
772 5259 1076 5316 varietatem
1103 5260 1358 5331 propheta
1386 5260 1733 5315 declaraverit
1761 5277 1775 5314 :
1801 5260 1960 5326 Tunc,

401 5348 604 5417 inquit,
636 5356 902 5418 pascentur
923 5350 1075 5405 simul
1101 5351 1250 5421 lupus
1268 5367 1382 5405 cum
1400 5366 1532 5422 agno
1546 5349 1747 5421 (Hesai.
1770 5351 1857 5406 Η.
1879 5348 1962 5422 6),

404 5451 512 5505 quo
540 5436 796 5508 frugalem
821 5454 1003 5510 regum
1029 5441 1189 5496 vitam
1226 5441 1439 5496 indicat.
1471 5440 1621 5509 Quod
1649 5451 1824 5497 autem
1851 5441 1966 5498 haec

406 5539 515 5579 non
532 5525 600 5583 de
625 5528 753 5586 feris
777 5529 917 5588 dicta
936 5532 1043 5587 sint
1063 5572 1080 5601 ,
1103 5531 1241 5589 dicat
1268 5532 1484 5590 Iudaeus
1511 5533 1845 5603 quandonam
1864 5534 1965 5591 hoc

953 165 1222 223 CONTRA
1260 160 1539 219 JUDIEOS
1577 158 1663 216 ET
1700 152 2054 220 CENTlLES,
2092 154 2276 224 QUOD
2311 157 2642 217 CHRISTUS
2678 159 2786 217 SIT
2822 158 3020 217 DEUS.

3500 163 3607 222 892

2036 270 2231 328 factum
2274 276 2344 329 sit
2373 292 2389 333 :
2416 291 2705 346 numquam
2731 277 2872 331 enim
2912 278 3067 348 lupus
3116 294 3234 334 cum
3283 296 3419 350 agno
3460 298 3607 337 com-

2035 380 2262 434 pascuus
2288 365 2385 420 fuit
2417 382 2431 419 :
2457 366 2600 436 quod
2648 368 2692 423 si
2724 370 2884 423 etiam
2931 369 3164 423 futurum
3194 382 3335 425 esset
3361 414 3374 434 ,
3406 382 3462 426 ut
3486 388 3606 430 cum

2034 454 2127 508 illo
2153 464 2458 524 pasceretur
2478 498 2493 523 ,
2522 456 2646 527 quid
2676 457 2778 513 hoc
2800 459 3030 514 humano
3069 463 3247 531 generi
3279 463 3607 531 profuturum

2034 546 2216 599 esset?
2240 545 2344 600 Sed
2372 546 2438 601 de
2465 547 2591 603 feris
2622 549 2923 605 hominibus
2954 550 3005 604 id
3030 551 3227 605 dictum
3256 562 3357 618 est,
3390 554 3455 607 de
3475 554 3609 625 Scy-

2036 634 2181 698 this,
2224 635 2547 703 Thracibus,
2593 638 2822 705 Mauris,
2873 639 3046 704 lndis,
3077 641 3435 707 Sauromatis,
3483 645 3648 711 Pera

2035 726 2131 781 sis.
2163 727 2311 795 Quod
2341 739 2516 784 autem
2559 745 2744 786 omnes
2774 732 2874 786 illa:
2899 743 3084 802 gentes
3122 735 3222 787 sub
3248 735 3505 805 uuojngo
3531 735 3612 789 fn-

2040 826 2172 871 turae
2210 828 2391 874 essent
2415 860 2430 882 .
2480 821 2616 877 alius
2642 821 2901 891 prephcta
2947 823 3235 877 declaravit
3279 824 3359 878 liis
3389 827 3607 880 verbis:

2038 907 2104 961 Et
2133 911 2342 963 servient
2368 911 2413 965 ei
2438 912 2525 965 sub
2542 913 2671 982 jugo
2699 930 2799 967 uno
2819 954 2832 976 ,
2860 923 2907 967 et
2948 915 3230 969 adorabunt
3265 916 3410 970 illum
3450 935 3612 972 unus-

2036 1001 2242 1067 quisque
2267 1017 2294 1052 e
2321 1000 2430 1054 loco
2454 1018 2545 1055 suo
2577 1003 2831 1073 (Soplton.
2860 1005 2912 1059 5.
2946 1004 3021 1075 9).
3050 1006 3166 1060 Non
3193 1007 3327 1061 ultra
3347 1049 3363 1075 ,
3403 1008 3609 1077 inquit,

2037 1089 2381 1161 Jerosolymis
2436 1092 2648 1159 solum,
2693 1094 2787 1147 sed
2855 1095 3047 1164 ubique
3094 1106 3371 1153 terrarum.
3431 1099 3615 1169 Neque

2037 1178 2179 1232 enim
2210 1190 2390 1248 postea
2431 1179 2814 1252 JerOSnIymam
2837 1183 3161 1253 jubebantur
3186 1186 3428 1242 homines
3443 1188 3612 1253 adire,

2038 1270 2132 1324 sed
2163 1272 2386 1341 quisque
2412 1274 2557 1328 domi
2588 1290 2809 1330 manens
2836 1278 2977 1335 hunc
2994 1279 3193 1335 cultum
3222 1282 3514 1350 praestabit.

2112 1363 2163 1416 7.
2192 1362 2493 1418 Judaorum
2541 1367 2717 1435 ejectio
2742 1369 3005 1437 prtedicta.
3036 1399 3108 1410 —
3129 1371 3281 1437 Quod
3317 1371 3483 1427 Judzei
3512 1374 3615 1443 eji-

2040 1453 2212 1507 ciendi
2241 1463 2441 1522 essent,
2466 1471 2637 1526 neque
2662 1457 2762 1512 hoc
2787 1462 3203 1528 praetermissum
3233 1463 3448 1517 silentio
3480 1464 3574 1519 fuit
3598 1481 3613 1517 :

2040 1546 2160 1600 vide
2201 1547 2469 1616 quomodo
2518 1559 2572 1602 et
2616 1549 2717 1603 hoc
2742 1550 3045 1619 pratdixcrit
3072 1553 3323 1621 propheta
3358 1572 3371 1607 :
3406 1554 3536 1608 Ecce
3561 1557 3617 1610 in

2040 1638 2178 1691 vobis
2205 1639 2567 1693 concludentur
2578 1642 2757 1710 januw
2774 1681 2790 1705 ,
2822 1651 2868 1695 et
2888 1660 2988 1696 non
3014 1645 3294 1698 accendatis
3318 1646 3481 1699 altare
3507 1664 3586 1701 me
3603 1678 3614 1687 -

2043 1746 2126 1783 um
2156 1732 2311 1800 gratis
2340 1730 2594 1800 (Malach.
2626 1734 2678 1788 1.
2705 1734 2813 1801 10).
2862 1734 3086 1801 Quinam
3130 1751 3289 1804 porro
3329 1739 3468 1791 hunc
3503 1740 3619 1800 cul—

2044 1829 2152 1875 tum
2180 1820 2459 1875 eahihituri
2486 1832 2664 1877 essent
2701 1826 2778 1877 sic
2806 1826 3210 1893 praenuntiatum
3235 1838 3356 1882 est:
3389 1829 3464 1882 Ab
3514 1832 3620 1884 ori-

2042 1920 2155 1962 ente
2180 1910 2301 1962 solis
2328 1925 2485 1978 usque
2507 1911 2575 1963 ad
2599 1913 2924 1977 occidentem,
2956 1931 3135 1967 nomen
3163 1932 3326 1969 meum
3346 1917 3607 1986 gloriﬁca-

2044 2008 2151 2051 tnm
2177 2008 2247 2052 est
2266 1999 2319 2052 in
2345 1999 2571 2069 gentibus
2594 2016 2613 2055 :
2637 2012 2684 2055 et
2712 2003 2764 2055 in
2793 2004 2929 2056 omni
2952 2003 3062 2058 loco
3088 2005 3350 2060 incensum
3388 2009 3512 2061 nti/ti
3536 2013 3616 2079 of-

2045 2090 2226 2157 fertur,
2254 2099 2303 2145 et
2332 2092 2503 2145 hostia
2527 2106 2659 2161 pura
2674 2092 3429 2165 (Ibid.ll).Videsquomodo
3442 2096 3616 2149 cultus

2045 2178 2371 2234 nobilitatem
2400 2180 2722 2236 declaravit?
2752 2182 3019 2250 quomodo
3031 2185 3399 2238 excellentiam
3421 2195 3473 2237 et
3497 2202 3615 2239 tnu-

2046 2271 2295 2324 tationem
2321 2270 2473 2338 ejus?
2502 2271 2650 2338 Quod
2702 2288 2807 2326 non
2834 2273 2884 2326 in
2916 2273 3063 2337 loco,
3104 2274 3197 2329 sed
3244 2274 3297 2329 in
3342 2277 3616 2340 moribus,

2047 2375 2220 2430 neque
2249 2360 2300 2415 in
2327 2361 2515 2416 nidore
2539 2371 2593 2416 et
2622 2362 2787 2427 fumo,
2816 2364 2909 2418 sed
2941 2365 2991 2419 in
3013 2365 3118 2419 alio
3141 2366 3283 2421 cultu
3308 2375 3490 2423 nostra
3530 2367 3612 2422 fu-

2047 2460 2162 2506 tura
2187 2452 2295 2507 sint
2322 2452 2632 2507 ministeria.
2674 2454 2741 2507 Et
2765 2457 3032 2525 quomodo
3066 2456 3184 2510 illos
3225 2471 3443 2521 omnes,
3475 2456 3619 2529 dicet

2046 2543 2304 2613 quispiam
2327 2583 2342 2606 ,
2387 2552 2715 2598 attraxerant
2758 2545 3023 2612 apostoli?
3049 2545 3149 2613 Qui
3175 2561 3279 2600 non
3311 2546 3411 2600 nisi
3456 2562 3615 2602 unam

2047 2633 2277 2703 linguam
2307 2632 2569 2700 habebat,
2612 2648 2804 2703 nempe
2838 2633 3103 2703 judaicam
3128 2675 3143 2702 ,
3190 2634 3458 2704 quomodo
3479 2635 3616 2707 Scy-

2050 2722 2217 2787 tham,
2241 2720 2423 2777 Indum
2451 2732 2501 2776 et
2529 2720 2898 2778 Sauromatam
2924 2722 3120 2778 docere
3147 2726 3359 2794 potuit?
3386 2727 3621 2795 Accepto

2050 2826 2240 2881 nempe
2278 2827 2375 2882 per
2410 2811 2662 2882 Spiritum
2710 2824 2951 2867 sanctum
2992 2814 3288 2883 linguarum
3335 2816 3620 2870 multarum

2048 2900 2208 2955 dono.
2238 2901 2304 2955 Et
2331 2899 2432 2955 hoc
2472 2900 2684 2971 quidem
2727 2901 2794 2956 de
2832 2902 3089 2959 Gentibus
3119 2920 3133 2957 :
3159 2903 3228 2958 de
3267 2903 3458 2959 lsraele
3496 2905 3621 2959 item

2049 2991 2247 3045 donum
2274 2991 2567 3060 linguarum
2601 3010 2614 3046 :
2645 2992 2784 3062 quod
2807 3003 2981 3047 autem
3012 3009 3187 3064 neque
3215 2994 3315 3049 hoc
3348 2997 3623 3050 attraxerit

2050 3082 2261 3138 Judmos
2283 3125 2297 3145 .
2325 3080 2447 3135 audi
2470 3098 2576 3151 quo
2604 3091 2755 3152 pacto
2780 3083 3014 3138 declaret
3046 3083 3300 3153 propheta
3320 3085 3505 3141 dicens
3526 3104 3540 3141 :
3558 3085 3623 3140 In

2050 3174 2201 3225 uariis
2228 3173 2411 3242 linguis
2440 3184 2487 3225 et
2514 3172 2629 3225 aliis
2658 3172 2801 3225 labiis
2827 3174 3006 3242 loquar
3028 3174 3215 3243 papula
3253 3174 3369 3227 huic
3392 3214 3409 3239 ,
3439 3185 3487 3228 et
3527 3193 3620 3230 ne-

2050 3279 2144 3331 que
2170 3263 2241 3315 sic
2264 3262 2468 3314 audient
2496 3277 2573 3314 me
2590 3301 2606 3327 ,
2630 3261 2750 3315 dicit
2789 3262 3032 3315 Dominus
3057 3261 3208 3332 (Hes.
3234 3261 3325 3317 28.
3351 3264 3441 3334 H)
3488 3265 3623 3331 Quid

2054 3350 2155 3406 hoc
2183 3350 2513 3405 manifestius
2542 3352 2711 3407 videri
2739 3352 2945 3420 possit?
2974 3351 3140 3407 Erant
3165 3351 3333 3407 ιιιόωὶ
3363 3353 3624 3409 increduli

2052 3441 2248 3508 futuri,
2274 3452 2328 3497 et
2346 3443 2540 3499 Gentes
2560 3444 2624 3497 ad
2649 3444 2806 3498 (idem
2827 3444 3184 3499 advolaturus:
3210 3455 3264 3500 et
3289 3445 3390 3501 hoc
3416 3462 3628 3517 quoque

2052 3535 2515 3606 prmsignillcatum
2555 3544 2639 3590 est
2670 3552 2683 3589 :
2715 3536 2838 3590 audi
2886 3535 3129 3595 HeSaiam
3178 3538 3279 3591 hoc
3325 3538 3397 3592 ita
3443 3538 3624 3592 decla-

2052 3635 2259 3681 rantem
2291 3625 2579 3687 :.Inuentus
2597 3641 2711 3681 sum
2738 3625 2801 3678 ab
2842 3626 2905 3680 iis
2927 3665 2943 3693 ,
2969 3626 3057 3696 qui
3097 3641 3177 3680 me
3218 3643 3319 3681 non
3359 3637 3586 3695 quierunt
3607 3644 3626 3682 :

2054 3720 2402 3789 manifestatus
2428 3733 2541 3770 sum
2564 3716 2627 3770 iis
2645 3755 2661 3781 ,
2688 3716 2777 3786 qui
2797 3731 2878 3769 me
2902 3732 3004 3770 non
3025 3716 3300 3786 inquirunt.
3335 3716 3460 3770 Dixi
3476 3757 3495 3785 ,
3516 3733 3629 3771 ecce

2053 3822 2143 3877 ego
2170 3823 2281 3860 sum
2300 3847 2315 3871 ,
2342 3806 2410 3858 ad
2434 3815 2629 3875 gentem
2651 3844 2667 3870 ,
2702 3820 2815 3873 qua
2840 3820 2942 3859 non
2984 3805 3225 3859 invocavit
3254 3822 3435 3859 nomen
3463 3823 3627 3861 meum

2054 3900 2257 3971 (Hesai.
2285 3899 2374 3954 65.
2400 3899 2473 3967 ι).
2503 3898 2579 3954 De
2606 3898 2795 3953 lsraele
2810 3906 2985 3953 autem
3006 3914 3019 3950 :
3042 3897 3260 3952 Totadie
3284 3900 3504 3966 etpandi
3521 3917 3629 3953 ma-

2054 4006 2150 4043 nus
2176 4005 2312 4043 meas
2347 3988 2416 4041 ad
2451 3998 2647 4058 gentem
2687 4002 2789 4042 non
2814 3986 3092 4041 credentem
3119 3995 3169 4042 et
3205 3989 3623 4042 contradicentent

2058 4075 2285 4150 (Ibid?)
2300 4096 2314 4143 ;
2331 4093 2394 4132 ac
2415 4093 2628 4132 rursum
2649 4096 2663 4132 :
2682 4077 3126 4134 Annuntiauimus
3140 4077 3188 4132 ei
3202 4087 3258 4129 ut
3273 4095 3427 4147 puero
3456 4095 3475 4133 :
3498 4081 3625 4131 sicut

2054 4168 2208 4223 radiat
2237 4167 2291 4220 in
2328 4178 2461 4221 terra
2501 4167 2690 4223 sitienti
2727 4165 2836 4236 (Id.
2863 4168 2952 4223 53.
2988 4168 3086 4238 2);
3123 4182 3187 4222 ac
3228 4182 3437 4223 rursum
3461 4209 3477 4234 ,
3518 4167 3626 4221 Do-

2056 4258 2190 4312 mine
2206 4295 2224 4322 ,
2251 4259 2367 4328 quis
2389 4256 2601 4312 credidit
2628 4257 2827 4311 auditui
2843 4267 3014 4311 nostro
3034 4257 3060 4310 Γ
3083 4254 3150 4309 Et
3168 4256 3429 4311 brachium
3452 4256 3629 4311 Domi-

2058 4351 2112 4403 ni
2160 4350 2240 4404 cui
2285 4349 2559 4404 revelatum
2597 4357 2670 4403 est
2719 4348 2885 4418 (Ibid.
2917 4365 2967 4403 υ.
2999 4346 3095 4419 l)?
3124 4347 3239 4402 Non
3276 4347 3410 4402 dixit
3432 4340 3631 4402 doctri—

2058 4455 2142 4496 nas
2168 4448 2365 4496 nostra:
2386 4480 2402 4505 ,
2430 4440 2519 4495 ubi
2547 4438 2779 4494 ostendit
2797 4452 2891 4493 eos
2912 4452 3017 4492 non
3043 4453 3110 4492 ex
3130 4452 3189 4493 se
3215 4437 3461 4508 loquutus
3486 4452 3627 4503 esse,

2058 4531 2151 4587 sed
2177 4545 2238 4587 ea
2258 4570 2274 4597 ,
2302 4545 2419 4600 quas
2444 4543 2475 4584 a
2500 4530 2610 4583 Deo
2634 4528 2910 4583 audierant
2953 4529 3312 4583 annuntiasse.
3342 4527 3494 4595 Quod
3536 4544 3633 4582 no-

2060 4630 2167 4677 stra
2196 4620 2430 4676 Judaicis
2456 4617 2783 4689 pracferenda
2809 4632 2874 4673 ac
2904 4618 3069 4671 multo
3090 4618 3454 4686 praestantiora
3482 4618 3591 4671 sint
3614 4658 3633 4686 ,

2062 4711 2351 4768 declaravit
2370 4710 2578 4781 Moyses
2607 4709 2688 4762 his
2713 4708 2890 4763 verbis
2919 4725 2933 4761 :
2964 4706 3031 4760 In
3071 4707 3441 4762 mulationem
3475 4707 3633 4760 dedu-

2061 4820 2173 4857 cam
2196 4819 2281 4857 vos
2300 4804 2352 4855 in
2390 4817 2491 4854 non
2513 4810 2694 4871 gente;
2717 4800 2772 4853 in
2815 4808 2960 4871 gente
3002 4799 3269 4868 insipiente
3310 4798 3520 4852 irritabo
3551 4813 3638 4852 vos

2065 4894 2240 4965 (Deut.
2287 4891 2378 4946 32.
2428 4890 2520 4961 2t)
2549 4908 2563 4944 :
2592 4891 2823 4959 priorem
2870 4889 3049 4959 populi
3083 4889 3343 4944 vilitatem
3391 4889 3635 4943 indicans

2064 5002 2185 5041 cum
2215 4984 2341 5039 dicit
2366 5024 2383 5050 ,
2415 4982 2482 5037 In
2524 4998 2626 5037 non
2648 4992 2792 5053 gente
2820 4997 2839 5034 :
2866 4997 2971 5036 non
3007 4981 3148 5035 enim
3194 4995 3328 5051 gens
3356 4980 3639 5050 putabatur

2066 5091 2185 5131 esse
2204 5076 2274 5131 ob
2297 5076 2552 5129 vilitatem
2581 5074 2796 5128 nimiam
2816 5114 2832 5141 ,
2860 5072 2930 5127 ob
2955 5071 3308 5141 insipientiam
3327 5110 3343 5133 ,
3368 5071 3439 5126 ob
3455 5084 3639 5124 amen-

2064 5170 2215 5223 tiam.
2242 5167 2346 5223 Sed
2378 5166 2600 5221 mutatio
2621 5175 2763 5221 tanta
2782 5180 2815 5219 a
2842 5164 2945 5219 fide
2968 5163 3106 5220 facta
3134 5170 3218 5218 est
3239 5202 3255 5227 ,
3297 5168 3356 5216 ut
3382 5159 3438 5215 bi
3465 5160 3638 5215 hono-

2070 5261 2356 5317 rabiliores
2380 5265 2668 5329 appareant
2688 5257 2752 5311 iis
2769 5296 2786 5322 ,
2812 5256 2901 5325 qui
2926 5263 3051 5309 tunc
3089 5252 3502 5307 lionorabantur.
3527 5249 3641 5305 lloc

2071 5368 2212 5424 aegre
2255 5351 2456 5407 laturos
2502 5348 2758 5413 Iudaeos,
2796 5354 2852 5401 et
2881 5345 3002 5400 inde
3030 5344 3277 5399 meliores
3305 5342 3539 5405 futuros,
3576 5354 3647 5396 ex

2073 5443 2157 5498 bis
2194 5443 2351 5497 etiam
2386 5440 2687 5496 declaratur
2721 5456 2735 5492 :
2780 5452 2886 5492 non
2928 5436 3071 5490 enim
3116 5430 3429 5500 simpliciter
3482 5433 3640 5499 dixit,

2075 5546 2425 5607 anteponam;
2456 5530 2549 5587 sed
2575 5528 2731 5585 simul
2757 5527 2857 5584 hoc
2884 5526 3057 5597 ipsum
3084 5521 3360 5579 declarans
3382 5561 3398 5586 .
3436 5531 3493 5577 et
3509 5536 3671 5594 quas
