3866 6226
275 187 390 243 825

283 323 614 386 lemcumque
637 315 760 369 hinc
783 312 1013 367 futuram
1038 307 1464 366 emendationem
1490 301 1752 364 indicans,
1781 296 1849 352 In

281 411 672 470 cmulationem,
695 406 893 473 inquit,
917 401 1163 456 deducam
1184 413 1267 450 vos
1305 396 1356 448 in
1377 411 1478 448 non
1503 402 1646 462 gente
1673 388 1852 458 (Deut.

280 503 370 560 52.
393 502 484 572 2i)
514 517 530 567 ;
569 514 632 554 ac
657 497 700 552 si
731 497 954 560 diceret,
979 489 1150 544 Tanta
1169 487 1306 544 dabo
1331 487 1460 556 ipsis
1481 484 1618 539 bona
1638 522 1654 549 ,
1683 491 1742 536 ut
1756 492 1855 572 vos

283 571 620 648 aemulatione
641 583 1020 655 corripiamini,
1056 590 1187 636 etut
1214 575 1584 633 mordeamini.
1613 573 1726 629 Hoc
1753 571 1854 626 ita-

282 701 386 756 que
422 684 672 740 meliores
703 681 846 750 ipsos
870 674 1118 732 reddidit.
1147 670 1280 728 Nam
1307 670 1399 741 qui
1424 667 1650 724 divisum
1673 678 1849 731 mare,

279 779 471 833 scissas
501 784 708 845 petras,
739 783 918 825 aerem
945 772 1208 822 mutatum
1231 804 1248 830 ,
1277 771 1331 817 et
1357 767 1434 816 tot
1459 767 1709 828 tantaque
1729 769 1856 826 pro-

278 869 418 938 digia
444 848 712 924 viderant;
738 861 845 914 imo
864 873 989 915 vero
1013 856 1104 927 qui
1127 855 1262 908 ﬁlios
1283 866 1408 908 suos
1430 848 1853 913 immolaverant,

278 961 366 1030 qui
397 958 496 1026 ipsi
521 953 854 1024 Beelphegor
893 948 1084 1005 initiati
1112 946 1363 1008 fuerant,
1395 943 1684 1013 multisque
1712 953 1852 1030 prae-

279 1027 452 1119 stigiis
503 1059 722 1116 operam
747 1041 1033 1104 dederant;
1066 1037 1122 1093 bi
1160 1043 1438 1108 postquam
1483 1047 1584 1089 nos
1621 1027 1856 1086 accessi-

276 1155 427 1206 mus,
459 1138 721 1206 longeque
765 1129 1166 1202 praestantiorcs
1207 1126 1318 1182 suis
1346 1137 1436 1181 res
1481 1122 1853 1186 exhibuimus,

277 1229 614 1285 mmulatione
649 1225 835 1290 ducti,
865 1231 922 1278 et
945 1221 1193 1276 meliores
1215 1216 1388 1273 edocti
1419 1222 1581 1282 sunt,
1609 1222 1768 1282 atque
1796 1224 1858 1266 se

277 1323 688 1384 continuerunt;
715 1319 787 1372 ita
811 1325 872 1371 ut
895 1329 962 1370 ea
985 1328 1104 1384 quae
1130 1325 1229 1367 nec
1257 1308 1638 1380 prophetarum
1678 1303 1855 1358 moni-

278 1416 382 1481 tis,
433 1427 533 1468 nec
562 1408 922 1482 prodigiorum
960 1403 1186 1460 ostentis
1214 1399 1385 1456 territi
1427 1396 1702 1460 fecerant,
1738 1395 1852 1463 jam

278 1503 614 1560 aemulatione
644 1499 811 1554 nostri
833 1504 975 1552 recte
1005 1494 1218 1549 faciant.
1247 1490 1416 1546 Nemo
1440 1489 1618 1558 itaque
1643 1486 1854 1540 illorum

276 1596 383 1663 jam
411 1593 544 1647 lilios
569 1590 828 1654 immolat,
852 1601 1010 1642 nemo
1037 1584 1102 1639 ad
1127 1582 1267 1638 idola
1285 1579 1510 1645 accedit,
1530 1577 1615 1634 vel
1629 1575 1854 1631 vitulum

277 1686 480 1740 adurat.
531 1681 858 1752 Virginitatis
886 1678 1050 1733 decor
1095 1677 1146 1730 in
1178 1673 1354 1730 Veteri
1401 1673 1744 1728 Tesmmento
1786 1684 1856 1724 ne

279 1776 652 1832 nominabatur
696 1771 951 1842 quidem;
990 1785 1110 1823 cum
1141 1777 1317 1821 autem
1359 1765 1414 1819 in
1437 1763 1587 1818 Novo
1621 1761 1857 1830 splendi-

275 1871 376 1924 dus
408 1868 612 1922 futurus
632 1873 804 1929 esset,
832 1861 952 1917 vide
977 1857 1244 1930 quomodo
1271 1857 1320 1910 id
1363 1854 1614 1925 praedicat
1640 1850 1807 1907 David
1837 1867 1852 1904 :

278 1961 562 2027 Aﬂ'erentur
585 1957 694 2027 regi
715 1955 932 2026 virgines
965 1960 1076 2022 post
1100 1966 1244 2015 eam,
1276 1948 1594 2000 adducentur
1631 1944 1685 1996 in
1726 1952 1852 1997 tem-

277 2053 414 2121 plum
440 2048 570 2118 regis
599 2044 770 2118 (Psal.
800 2045 889 2098 44.
915 2042 1025 2112 16).
1049 2039 1153 2096 Sed
1185 2053 1356 2108 neque
1383 2034 1718 2091 sacerdotum
1754 2046 1854 2086 no—

277 2156 398 2194 men
451 2137 650 2202 tacuit,
698 2135 1071 2204 episcoporum
1114 2129 1236 2185 dico
1283 2145 1298 2182 :
1348 2125 1663 2181 Constituam
1717 2122 1854 2176 enim

279 2230 528 2300 principes
575 2237 685 2281 tuos
722 2227 776 2280 in
809 2240 962 2294 pace,
1014 2231 1062 2276 et
1109 2223 1371 2291 episcopos
1411 2227 1522 2271 tuos
1555 2215 1612 2269 in
1651 2212 1857 2285 justitia

279 2320 480 2392 tllesai.
509 2319 596 2373 eo.
626 2315 738 2388 ιτ).

345 2412 400 2465 8.
430 2408 622 2463 Judicii
659 2406 867 2462 extremi
908 2399 1569 2472 prwdictio.—Venturus
1612 2403 1730 2452 erat
1768 2409 1856 2449 ra—

279 2504 477 2558 tionem
507 2508 791 2556 exacturus
815 2498 884 2552 ab
920 2495 1196 2551 hominum
1224 2504 1424 2562 genere
1443 2528 1460 2555 ,
1495 2497 1550 2544 et
1577 2486 1852 2558 speciatim

277 2610 308 2647 a
333 2593 564 2653 Judaeis;
590 2589 806 2644 attende
835 2585 1104 2657 quomodo
1133 2595 1187 2640 et
1213 2582 1316 2636 hoc
1353 2581 1526 2652 ipsum
1558 2576 1854 2632 vaticinen-

276 2693 364 2740 tur
387 2693 498 2739 tum
528 2681 712 2746 David,
743 2689 853 2734 tum
880 2677 1184 2740 Malachias,
1213 2673 1300 2744 qui
1322 2674 1401 2729 sic
1422 2672 1535 2728 ait:
1564 2669 1631 2724 Et
1657 2670 1855 2739 ingres-

274 2793 361 2830 sus
405 2784 476 2829 est
516 2774 644 2829 sicut
687 2770 1070 2840 conﬂatorium,
1121 2767 1249 2821 sicut
1291 2763 1444 2818 herba
1493 2760 1774 2832 fullonum,
1808 2767 1856 2812 et

280 2867 510 2937 purgabit
555 2872 815 2935 argentum
853 2868 900 2914 et
940 2873 1122 2914 aurum
1151 2854 1418 2922 (Malach.
1463 2850 1518 2907 5.
1558 2849 1635 2922 5)
1664 2869 1679 2904 :
1707 2849 1856 2904 Pauli

277 2959 452 3014 verbis
477 2955 653 3010 afﬁnia
676 2955 927 3024 loquitur,
949 2951 1039 3021 qui
1059 2950 1136 3004 sic
1157 2947 1318 3002 habet
1341 2965 1352 2999 :
1385 2945 1507 2998 Dies
1531 2944 1663 2998 enim
1685 2941 1860 2996 decla.

275 3053 424 3116 rabit,
451 3050 570 3119 quia
595 3051 646 3101 in
671 3048 786 3117 igne
805 3045 1057 3100 revelatur
1070 3042 1122 3113 (1
1135 3079 1148 3095 .
1172 3041 1291 3096 Cor.
1311 3040 1363 3094 5.
1385 3039 1498 3108 i5).
1522 3036 1689 3092 David
1707 3050 1852 3100 vero,

279 3144 416 3198 Deus
441 3141 700 3210 manifeste
726 3137 892 3193 veniet
930 3135 951 3208 (
975 3134 1119 3190 Psal.
1162 3133 1253 3188 49.
1283 3130 1386 3202 5),
1417 3128 1708 3185 secundum
1738 3126 1856 3196 ejus

277 3233 560 3288 adventum
610 3229 952 3300 praedicans:
997 3240 1119 3281 nam
1169 3223 1368 3294 primus
1417 3220 1681 3275 adventus
1733 3231 1856 3273 cum

279 3327 438 3380 multa
469 3322 906 3392 attemperatione
934 3319 1031 3373 fuit
1055 3360 1070 3384 ,
1099 3315 1364 3372 secundus
1405 3329 1509 3368 non
1549 3312 1717 3377 item;
1759 3310 1855 3366 sed

281 3417 516 3470 horroris
545 3413 871 3482 terrorisque
899 3409 1093 3481 plenus
1123 3407 1256 3472 erit,
1286 3404 1491 3475 angelis
1517 3417 1854 3474 praacurrcu-

282 3509 443 3572 tibus,
471 3519 693 3574 ejusque
712 3501 989 3572 praesentia
1015 3515 1112 3554 ceu
1141 3497 1316 3567 fulgur
1341 3495 1518 3549 omnia
1540 3502 1853 3562 occupante.

279 3600 407 3656 Nam
435 3598 562 3652 sicut
598 3596 791 3666 fulgur,
834 3593 1036 3661 inquit,
1064 3589 1167 3643 escit
1196 3589 1258 3642 ab
1293 3586 1511 3649 oriente,
1561 3592 1608 3638 et
1645 3591 1859 3653 apparet

278 3703 431 3757 usque
473 3687 540 3740 ad
581 3684 915 3747 occidentem,
959 3681 1031 3733 ita
1077 3677 1168 3732 erit
1211 3676 1454 3730 adventus
1492 3672 1618 3727 Filii
1641 3673 1858 3726 hominis

279 3785 296 3850 (
327 3779 508 3834 Matth.
539 3778 630 3832 24.
657 3776 767 3844 27)
795 3792 808 3828 :
836 3786 944 3843 quo
971 3771 1275 3826 declaratur
1319 3767 1434 3836 ejus
1461 3763 1734 3836 splendor,
1765 3762 1855 3832 qui

279 3871 621 3938 semetipsum
653 3863 960 3920 annunciat.
998 3860 1111 3915 Hoc
1138 3857 1302 3914 David
1335 3856 1575 3911 indicans
1613 3854 1854 3919 dicebat,

283 3962 414 4014 Deus
439 3958 699 4028 manifeste
727 3954 882 4008 veniet
913 3953 932 4023 (
957 3950 1103 4006 Psal.
1131 3949 1222 4006 49.
1253 3948 1351 4021 5).
1393 3945 1596 4003 Deinde
1621 3944 1855 4001 futurum

279 4052 393 4118 ejus
429 4048 684 4119 judicium
728 4044 1031 4115 signiﬁcans
1067 4042 1146 4095 sic
1193 4037 1532 4110 prosequitur
1561 4054 1577 4091 :
1613 4035 1756 4107 Ignis
1802 4036 1858 4090 in

278 4149 544 4211 conspectu
568 4140 674 4208 ejus
704 4136 989 4191 exardescet
1012 4175 1027 4199 ,
1058 4141 1105 4186 et
1141 4133 1194 4186 in
1222 4132 1432 4185 circuitu
1459 4131 1568 4201 ejus
1593 4137 1858 4196 tempestas

202 4214 223 4224 ”
280 4234 447 4286 valida
469 4229 676 4298 (Ibid).
708 4227 977 4297 Supplicia
1005 4223 1354 4285 memoravit,
1387 4219 1724 4290 Splendorem
1745 4221 1856 4289 jam

282 4326 496 4379 indicat.
528 4320 798 4376 Advocabit
836 4319 1014 4373 caelum
1040 4317 1337 4381 desursum,
1366 4323 1410 4368 et
1448 4324 1634 4368 terram
1661 4313 1856 4367 discer-

281 4435 396 4474 nere
425 4417 669 4488 papulum
697 4430 841 4468 suum
862 4409 968 4480 (Ib.
986 4425 1034 4465 v.
1053 4409 1106 4479 4)
1127 4426 1140 4463 :
1160 4409 1245 4463 hic
1271 4416 1465 4463 terram
1503 4416 1661 4462 vocat
1688 4420 1860 4477 genus

281 4512 568 4564 humanum
594 4549 608 4573 ,
639 4506 740 4562 sub
778 4503 895 4558 haec
937 4517 1056 4557 cum
1089 4511 1199 4555 toto
1239 4499 1511 4554 hominum
1537 4512 1735 4569 genere
1762 4497 1857 4552 Ju-

281 4604 425 4657 daeos
472 4611 830 4654 annumerans
861 4612 873 4649 :
905 4609 1028 4650 nam
1075 4592 1144 4647 ad
1191 4591 1314 4646 illos
1353 4605 1563 4661 quoque
1608 4589 1856 4659 respicit;

283 4694 398 4746 haec
422 4689 693 4759 subjungit
719 4705 733 4742 :
761 4686 1069 4758 Congregate
1089 4683 1167 4738 illi
1189 4691 1389 4738 sanctos
1412 4682 1522 4751 ejus
1541 4723 1556 4747 ,
1597 4682 1686 4751 qui
1721 4681 1862 4734 ordi-

282 4789 404 4834 nant
431 4786 773 4833 testamentum
801 4777 908 4841 ejus
928 4790 1080 4844 super
1103 4772 1356 4843 sacriﬁcia
1376 4787 1396 4826 :
1421 4781 1469 4826 et
1496 4770 1861 4825 annuntiabunt

283 4869 394 4924 cteli
404 4868 655 4940 justitiam
681 4863 796 4932 ejus
807 4880 825 4916 :
837 4861 1087 4932 quoniam
1103 4857 1238 4911 Deus
1243 4858 1413 4927 judea:
1424 4867 1498 4913 est
1513 4857 1750 4929 (Ib.v.5.)
1765 4860 1870 4916 Ad.

285 4969 445 5015 ventu
475 4972 572 5013 suo
594 4955 976 5011 sacriﬁciorum
1014 4954 1215 5009 cultum
1244 4954 1551 5008 sublaturus
1587 4960 1642 5007 et
1670 4966 1861 5022 repro-

287 5053 508 5106 baturus
532 5057 677 5112 erat,
710 5055 768 5102 ut
795 5054 1035 5100 nostrum
1066 5046 1168 5100 hoc
1198 5045 1516 5100 sacriﬁcium
1549 5043 1856 5101 induceret:

287 5143 408 5199 andi
437 5139 704 5213 quomodo
744 5147 799 5194 et
840 5136 955 5192 haec
993 5136 1247 5207 prmdicta
1291 5136 1398 5190 sint
1424 5152 1438 5187 :
1469 5133 1789 5202 Sacri/icium
1815 5141 1862 5184 et

288 5235 586 5290 oblationem
612 5230 816 5286 noluisti
845 5244 865 5284 :
890 5244 1074 5298 corpus
1098 5237 1262 5281 autem
1303 5227 1486 5297 optasti
1514 5225 1639 5278 mihi
1676 5223 1858 5294 (Psal.

285 5329 373 5385 59.
407 5325 476 5397 7)
503 5343 520 5378 :
544 5323 684 5394 quod
713 5321 872 5377 etiam
901 5319 1024 5374 alibi
1052 5317 1260 5374 dicebat
1286 5333 1300 5370 :
1331 5315 1564 5387 Populus
1587 5331 1733 5386 quem
1757 5329 1859 5368 non

284 5421 491 5489 cognovi
535 5414 730 5470 servivit
774 5411 926 5478 mihi,
975 5410 1028 5463 in
1073 5407 1253 5462 auditu
1296 5407 1437 5461 auris
1482 5404 1694 5460 obedivit
1739 5405 1861 5459 mihi

290 5508 458 5581 (Psal.
493 5507 577 5562 17.
601 5507 724 5574 45),
749 5502 923 5567 idest,
948 5515 1056 5555 non
1076 5513 1224 5554 mare
1247 5497 1506 5561 divisum,
1534 5511 1642 5550 non
1684 5505 1862 5564 petras

249 5596 482 5653 ~scissas
505 5600 726 5663 videns,
768 5595 861 5649 sed
904 5591 1127 5649 audiens
1165 5589 1436 5662 apostolos
1475 5601 1644 5643 meos.
1679 5587 1745 5641 Et
1772 5585 1858 5640 hic

985 194 1042 249 ὃ.
1083 186 1359 249 JOANNIS
1395 181 1868 240 CHRYSOSTOMI
1904 181 2224 238 ABCﬂlEP.
2261 179 2791 240 CONS’I'ANTINOP.

3445 182 3548 237 824

1964 311 2174 352 rursum
2195 337 2212 365 ,
2246 295 2438 365 Corpus
2464 305 2629 350 autent
2669 307 2856 364 optasti
2890 293 3030 346 mihi.
3063 294 3187 349 Post
3227 295 3341 350 haec
3367 299 3545 351 statim

1959 387 2168 455 adjecit,
2205 386 2345 441 Tunc
2371 387 2476 440 dixi
2498 427 2515 453 ,
2542 404 2657 443 ecce
2685 389 2845 442 venio.
2875 385 2940 439 In
2969 387 3132 454 capite
3157 386 3274 439 libri
3305 387 3545 457 scriptum

1959 487 2030 530 est
2055 479 2118 532 de
2139 494 2218 532 me
2242 477 2414 548 (Psal.
2439 477 2528 533 59.
2555 477 2664 546 10).
2701 477 2814 532 Duo
2844 487 3020 532 autem
3045 476 3132 531 hic
3153 477 3473 545 iudicantur,
3493 489 3546 532 et

1961 579 2244 624 venturum
2271 584 2411 635 esse,
2437 581 2490 626 ct
2521 580 2646 625 tunc
2666 580 2944 624 venturum
2973 584 3119 634 esse,
3143 584 3262 622 cum
3285 571 3542 626 sacriﬁcia

1963 658 2158 727 rcjecta
2190 658 2423 726 fuerint,
2455 660 2594 729 quod
2627 670 2752 713 tunc
2777 660 3030 730 contigit,
3068 675 3188 711 uun
3219 659 3545 728 principatus

1958 748 2210 803 Judaicus
2239 749 2292 803 in
2329 749 2631 804 Romanum
2666 750 2892 804 transiit.
2916 749 3221 804 invenimus
3245 749 3404 802 etiam
3437 750 3541 803 Ba-

1959 839 2088 894 ruch
2128 839 2196 896 de
2233 839 2459 894 adventu
2506 841 2622 910 ejus
2670 842 2740 895 ita
2781 841 3082 912 loquentem
3113 859 3130 896 :
3156 842 3222 895 In
3252 853 3384 896 terra
3406 844 3543 896 visus

1959 938 2054 995 est,
2073 938 2120 982 et
2139 944 2250 983 cum
2272 929 2552 983 hominibus
2567 940 2885 985 conversatus
2898 942 2972 984 est
2990 929 3213 1003 (Baruch
3248 933 3302 987 5.
3322 932 3436 1002 58).
3454 936 3542 988 Ait

1959 1033 2171 1089 quoque
2195 1018 2402 1089 Moyses
2435 1037 2448 1077 :
2481 1019 2795 1090 Prophetam
2834 1021 2970 1075 vobis
3012 1021 3249 1076 excitabit
3295 1022 3539 1077 Dominus

1960 1107 2096 1163 Deus
2137 1124 2201 1163 ea:
2240 1108 2481 1178 fratribus
2521 1111 2694 1164 vestris
2733 1111 2863 1165 sicut
2891 1127 2970 1164 me
2992 1125 3013 1164 :
3036 1112 3202 1180 ipsum
3239 1112 3452 1166 audietis
3487 1113 3541 1165 in

1959 1199 2208 1254 omnibus.
2239 1197 2306 1252 Et
2335 1201 2448 1264 erit,
2477 1200 2641 1254 ontnis
2669 1201 2838 1254 anima
2855 1241 2872 1266 ,
2902 1217 3018 1272 qua:
3043 1218 3144 1255 non
3170 1204 3386 1257 audierit
3422 1219 3543 1268 pro-

1960 1291 2162 1360 phetam
2180 1290 2344 1356 illum,
2375 1292 2784 1346 exterminabitur
2809 1292 2873 1346 de
2905 1294 3095 1363 populo
3117 1309 3210 1347 suo
3238 1293 3426 1364 (Deut.
3450 1297 3539 1350 ts.

1961 1382 2073 1452 18).
2107 1381 2266 1437 Vides
2297 1381 2400 1438 hoc
2426 1383 2477 1436 in
2505 1384 2652 1438 nullo
2677 1384 2784 1438 alio
2812 1385 3086 1455 impletum
3106 1425 3122 1448 ,
3153 1401 3312 1456 quam
3351 1386 3404 1440 in
3439 1388 3540 1439 hoe

1962 1482 2185 1529 tantum.
2208 1473 2340 1528 Nam
2372 1475 2523 1530 multi
2545 1476 2816 1547 prophetat
2839 1487 3202 1543 surrexerunt,
3223 1489 3272 1532 et
3295 1479 3541 1532 omnibus

1959 1565 2371 1636 inobsequentes
2395 1566 2632 1636 fuerunt,
2656 1568 2894 1639 nihilque
2915 1579 3193 1639 propterea
3225 1571 3362 1639 passi
3391 1581 3536 1625 sunt.

1960 1657 2094 1712 Huic
2121 1667 2300 1713 autem
2339 1659 2463 1727 quia
2501 1674 2608 1714 non
2638 1659 2955 1716 obcdierunt
2980 1661 3147 1715 Judaei
3167 1703 3184 1727 ,
3215 1662 3496 1731 palabundi
3522 1703 3540 1727 ,

1959 1757 2236 1812 errantes,
2295 1748 2537 1819 fugitivi,
2589 1752 2801 1805 exsules
2845 1751 3040 1821 ubique
3088 1763 3360 1822 vagantur.
3411 1754 3544 1810 Vide

1960 1853 2188 1907 namque
2214 1839 2482 1908 qnmnudo
2507 1840 2707 1894 exclusi
2749 1841 2855 1895 sint
2880 1856 2908 1894 a
2935 1842 3181 1909 civitate,
3211 1857 3369 1912 atque
3393 1859 3421 1896 a
3451 1860 3520 1914 pa

1960 1931 2122 1985 ternis
2152 1930 2356 2001 legibus
2384 1941 2438 1985 ct
2477 1933 2952 1989 consuetudinibus
2976 1973 2993 1998 ,
3044 1948 3165 1987 cum
3210 1935 3498 2002 ignominia
3521 1977 3536 1997 ,

1957 2021 2315 2090 turpitudine,
2348 2033 2403 2076 et
2433 2022 2649 2076 ultionis
2683 2037 2856 2092 poena.
2888 2024 3017 2090 Qun:
3059 2039 3185 2077 vero
3213 2024 3313 2079 sub
3345 2024 3462 2090 Vcs;
3484 2043 3543 2076 n-

1958 2111 2110 2166 siauo
2133 2120 2188 2166 et
2210 2112 2330 2167 Tito
2356 2114 2494 2182 passi
2525 2124 2666 2176 sunt,
2701 2129 2767 2168 ne
2791 2116 3026 2169 enarrari
3059 2115 3269 2184 quidem
3295 2129 3544 2186 possunt,

1958 2201 2028 2256 ita
2056 2217 2269 2258 omnem
2299 2204 2653 2259 calamitatem
2683 2205 2896 2260 excedit
2924 2206 3010 2260 illa
3043 2207 3323 2275 tragoedia.
3346 2207 3413 2262 Et
3438 2209 3511 2262 im
3529 2239 3543 2248 -

1959 2291 2158 2362 pletum
2188 2301 2272 2348 est
2295 2293 2666 2363 propheticum
2698 2294 2826 2349 illud
2853 2313 2866 2348 :
2892 2294 3071 2350 Omnis
3091 2299 3178 2366 qui
3205 2314 3307 2351 non
3326 2298 3545 2351 audierit

1959 2387 2254 2456 praphetam
2272 2386 2437 2452 illum,
2462 2388 2892 2442 exterminabitur.
2920 2387 3042 2442 Ideo
3063 2388 3202 2458 apud
3225 2389 3343 2444 illos
3363 2392 3543 2444 omnia

1961 2476 2014 2530 in
2042 2475 2381 2530 solitudinem
2407 2493 2580 2543 versa,
2604 2479 2726 2547 quia
2763 2479 3077 2548 prOphetam
3122 2477 3270 2532 illum
3310 2494 3415 2534 non
3441 2495 3510 2534 an
3528 2511 3542 2519 -

1957 2566 2188 2622 dierunt.
2230 2565 2382 2632 Quod
2426 2569 2838 2623 resuscitaturus
2884 2570 2956 2623 sit
2998 2585 3184 2624 omnes
3208 2609 3224 2635 ,
3251 2567 3547 2624 declaravit

1959 2658 2179 2714 lies-aias
2207 2659 2290 2713 his
2317 2661 2494 2714 verbis
2523 2677 2537 2713 :
2569 2660 2846 2730 Resurgent
2870 2661 3055 2713 mortui
3078 2702 3093 2725 ,
3120 2671 3166 2714 et
3193 2659 3547 2714 excitabuntur

1956 2741 2044 2817 qui
2079 2751 2134 2802 in
2170 2749 2418 2818 sepulcris
2454 2760 2590 2805 sunt.
2621 2751 2726 2805 Ras
2750 2752 2883 2805 enim
2906 2753 2991 2821 qui
3018 2770 3048 2804 a
3073 2761 3121 2804 te
3144 2752 3392 2806 medicina
3418 2753 3547 2822 ipsis

1960 2848 2031 2892 est
2059 2837 2262 2909 (Hesai.
2288 2839 2379 2894 26.
2403 2839 2514 2912 19).
2539 2840 2724 2910 Neque
2753 2843 2852 2896 hoc
2880 2853 3102 2906 tantum,
3133 2846 3226 2898 sed
3254 2843 3394 2913 quod
3422 2856 3546 2913 post

1957 2945 2170 2986 crucem
2196 2972 2213 2998 ,
2242 2941 2360 3000 post
2384 2933 2585 2986 caedem
2611 2933 2863 2987 clariores
2893 2948 2980 2988 res
3012 2934 3129 3003 ejus
3170 2933 3360 2989 futura:
3399 2936 3505 2988 sint
3525 2977 3544 2996 ,

1958 3021 2207 3091 quodque
2243 3029 2366 3091 post
2410 3024 2855 3078 resurrectionem
2898 3023 3053 3077 latius
3097 3023 3429 3094 propaganda
3471 3029 3546 3077 sit

1961 3112 2267 3182 prmdicatio
2309 3112 2330 3186 (
2348 3113 2660 3182 praedictum
2687 3113 2820 3183 est).
2847 3113 2980 3181 Quia
3017 3115 3158 3172 enim
3205 3114 3395 3184 ligatus
3423 3125 3501 3168 est
3526 3155 3543 3175 .

1959 3203 2200 3274 proditus
2243 3218 2274 3258 a
2311 3204 2573 3274 discipulo
2595 3245 2611 3271 ,
2642 3206 2812 3275 sputis
2839 3214 2894 3259 et
2920 3205 3256 3258 contumeliis
3287 3204 3506 3260 allectus-
3525 3247 3543 3268 ,

1958 3296 2292 3358 verberatus.
2323 3295 2630 3361 cruciﬁxus,
2665 3304 2720 3350 et
2745 3304 3003 3364 quantum
3032 3296 3084 3349 in
3117 3295 3219 3349 illis
3245 3295 3343 3350 fuit
3366 3311 3434 3350 ne
3464 3312 3547 3349 se-

1960 3389 2188 3457 pulturae
2211 3386 2426 3457 quidem
2453 3387 2678 3442 traditus
2696 3429 2712 3453 ,
2739 3403 2802 3442 ac
2828 3388 3142 3442 vestimenta
3182 3388 3298 3457 ejus
3339 3387 3544 3442 divise-

1960 3487 2084 3532 runt
2108 3477 2326 3542 milites,
2352 3478 2473 3546 quia
2503 3477 2554 3530 in
2585 3478 2941 3546 suspicionem
2973 3477 3267 3547 tyrannidis
3299 3487 3541 3541 vocatus,

1960 3577 2015 3623 et
2043 3568 2194 3639 quasi
2218 3567 2561 3638 blasphemus
2588 3567 2754 3632 obiit;
2783 3567 2965 3637 (quasi
2993 3577 3251 3638 tyrannus
3273 3568 3476 3622 scilicet
3502 3571 3544 3631 ),

1964 3659 2140 3714 Omnis
2181 3659 2352 3723 enim,
2387 3660 2473 3729 qui
2508 3676 2564 3713 se
2607 3674 2772 3729 regem
2806 3660 2966 3729 facit,
3015 3659 3315 3712 contradicit
3353 3659 3548 3713 (ἐπ’ηὴ

1960 3748 2143 3821 (Joan.
2167 3749 2404 3818 19.12);
2429 3763 2639 3804 rursum
2665 3750 2839 3818 (quasi
2870 3748 3232 3818 blasphemus)
3261 3749 3394 3803 Ecce
3413 3791 3428 3814 ,
3455 3764 3544 3802 vos

1960 3839 2172 3894 audistis
2196 3839 2560 3910 blasphemiam
2585 3841 2698 3910 ejus
2723 3840 2744 3912 (
2767 3839 2952 3893 Matth.
2993 3839 3084 3893 26.
3113 3839 3182 3894 65
3208 3840 3260 3910 );
3283 3841 3429 3910 quia,
3455 3839 3541 3893 in-

1960 3945 2156 4003 quam,
2199 3930 2317 3986 Ιιωο
2357 3931 2534 3986 omnia
2573 3941 2830 3986 eventura
2857 3941 3044 3996 erant,
3073 3931 3369 3985 auditorem
3401 3935 3544 3985 exci-

1961 4030 2102 4088 tans,
2129 4031 2184 4077 et
2205 4021 2272 4077 ad
2300 4021 2546 4076 ﬁduciam
2572 4036 2910 4092 praeparans;
2940 4037 3009 4076 ne
3035 4023 3272 4075 timueris
3289 4062 3306 4087 ,
3340 4023 3506 4091 inquit
3525 4063 3543 4084 ,

1963 4115 2152 4170 horum
2182 4129 2340 4170 causa
2369 4132 2383 4169 :
2414 4113 2558 4169 illius
2585 4115 2746 4178 enim,
2781 4113 2870 4184 qui
2892 4112 3196 4178 cruciﬁxus,
3229 4113 3543 4182 ﬂagellatns,

1961 4223 1990 4261 a
2022 4205 2319 4262 latronibus
2343 4205 2667 4262 contumelia
2707 4206 2929 4260 allectus
2951 4247 2966 4270 ,
2999 4204 3051 4258 in
3084 4203 3425 4274 blasphemia:
3450 4219 3543 4258 su-

1961 4299 2253 4369 spicionem
2273 4308 2495 4353 vocatus
2516 4297 2727 4353 occisus
2753 4307 2835 4352 est
2855 4315 2870 4364 ;
2899 4298 3063 4365 illius,
3087 4298 3320 4368 inquam,
3343 4310 3432 4352 res
3454 4298 3546 4352 tali

1961 4390 2267 4447 conditione
2289 4400 2410 4460 post
2434 4399 2660 4444 mortem
2682 4398 2737 4445 et
2755 4398 2874 4459 post
2898 4391 3345 4446 resurrectionem
3362 4401 3547 4456 erum,

1965 4493 2022 4537 ut
2043 4495 2204 4538 nemo
2222 4481 2496 4553 negaverit
2523 4495 2645 4535 eum
2671 4480 2875 4536 honore
2904 4496 3100 4551 magno
3122 4481 3376 4550 repletum
3399 4495 3545 4536 esse.

1963 4573 2080 4628 lloc
2103 4572 2286 4642 utique
2315 4573 2394 4628 sic
2417 4573 2673 4642 contigit,
2705 4571 2847 4643 quod
2887 4571 2976 4627 diu
3015 4581 3140 4627 ante
3183 4573 3550 4642 praenuntiam

1967 4665 2222 4736 propheta
2250 4664 2459 4720 dicebat
2484 4683 2498 4719 :
2527 4663 2640 4719 Erit
2664 4666 2815 4719 rudia:
2835 4663 3028 4728 lesste,
3059 4673 3104 4718 et
3122 4665 3206 4734 qui
3227 4674 3458 4734 exsurget
3486 4674 3546 4719 ut

1963 4759 2173 4828 imperet
2203 4756 2444 4812 Gentibus
2466 4772 2486 4812 :
2510 4758 2562 4810 in
2599 4757 2710 4826 ipso
2740 4754 2922 4810 Gentes
2947 4755 3247 4825 sperabunt,
3274 4763 3320 4807 et
3346 4756 3439 4808 erit
3461 4771 3550 4808 re-

1965 4848 2104 4917 quies
2128 4848 2238 4921 ejus
2265 4850 2428 4902 honor
2451 4847 2472 4916 (
2493 4845 2671 4900 Hesai.
2703 4846 2790 4900 11.
2819 4845 2888 4900 10
2907 4846 2962 4917 );
2990 4860 3054 4900 ac
3091 4845 3135 4899 si
3174 4844 3376 4899 diceret
3401 4862 3415 4897 :
3445 4844 3548 4900 hoc

1965 4950 2134 5007 genus
2161 4937 2350 4992 mortis
2374 4936 2679 4992 diademate
2722 4935 3088 4990 bonorabilius
3115 4945 3216 4990 est.
3252 4935 3550 5006 lniperaton

1967 5044 2055 5086 res
2082 5029 2223 5086 enim
2252 5030 2425 5100 posito
2449 5028 2748 5084 diademate
2766 5068 2782 5094 ,
2813 5043 3024 5083 crucem
3055 5027 3371 5098 suscipiunt,
3402 5041 3550 5100 sym-

1967 5122 2145 5178 bolum
2173 5122 2362 5176 mortis
2391 5121 2532 5176 illius
2556 5139 2570 5175 :
2598 5122 2652 5175 in
2687 5136 2915 5190 purpura
2945 5136 3074 5175 crux
3100 5161 3115 5186 ,
3159 5123 3209 5174 in
3248 5120 3551 5176 diademate

1966 5230 2116 5280 crux,
2151 5215 2203 5270 in
2232 5214 2481 5284 precibus
2500 5228 2652 5280 crux,
2675 5213 2727 5267 in
2750 5213 2912 5267 armis
2938 5227 3090 5279 crux,
3115 5211 3165 5266 in
3187 5226 3336 5267 sacra
3367 5226 3548 5267 mensa

1965 5321 2116 5371 crux,
2141 5312 2195 5360 et
2218 5304 2411 5374 ubique
2439 5313 2698 5360 terrarum
2721 5316 2851 5358 crux
2879 5302 2996 5374 plus
3020 5316 3178 5372 quam
3200 5301 3278 5357 sol
3301 5302 3548 5374 refulget.

1967 5397 2036 5453 Et
2062 5399 2154 5452 erit
2179 5397 2369 5467 requies
2389 5397 2498 5463 ejus
2522 5397 2700 5450 honor.

2040 5490 2094 5544 9.
2126 5493 2194 5544 At
2222 5505 2328 5543 non
2355 5487 2658 5558 hujusmodi
2686 5497 2812 5542 sunt
2837 5503 2924 5543 res
2947 5486 3212 5552 humanm,
3246 5489 3355 5544 imo
3380 5485 3433 5540 in
3461 5487 3547 5541 his

1975 5594 2158 5641 contra
2182 5596 2400 5656 prorsus
2422 5581 2634 5637 accidit.
2656 5580 2789 5636 Nam
2815 5581 3113 5636 viventibus
3134 5581 3199 5634 iis
3222 5621 3239 5647 ,
3265 5580 3353 5649 qui
3381 5561 3547 5645 gloria
