3866 6226
413 373 519 430 8‘23

387 489 526 559 ὁμοῦ
569 488 661 542 καὶ
699 486 861 542 τοῦτο
893 488 1089 557 δηλῶν,
1138 490 1232 542 καὶ
1287 490 1386 562 τὴν
1429 493 1495 544 ἐκ
1544 489 1987 564 παραζηλώσεως

389 565 762 640 γενησομένην
820 570 1003 632 αὐτοῖς
1054 570 1406 643 ὁπωσδήποτε
1456 571 1762 642 διόρθωσιν,
1798 573 1990 638 Παρα-

389 651 634 721 ιζηλώσω
668 651 844 721 ὑμᾶς,
875 655 1062 722 φησὶν,
1105 652 1199 705 ἐπ’
1239 655 1351 707 οὐκ
1394 654 1587 708 ίὲθνει⁹
1631 655 1764 708 ὡσεὶ
1809 653 1984 722 ἔλεγε,

390 733 640 788 Τοσαῦτα
667 733 824 787 δώσω
847 735 1031 798 αὐτοῖς
1072 735 1272 802 ἀγαθὰ,
1303 735 1378 800 ὡς
1422 736 1567 807 ὑμᾶς
1594 735 1983 808 ζηλοτυπῆσαι,

385 816 464 881 ὼς
499 819 642 888 ὑμᾶς
680 816 966 888 δηχθῆναι.
1009 819 1180 872 Τοῦτο
1216 819 1347 889 γοῦν
1376 820 1574 884 αὐτοὺς
1621 820 1716 873 καὶ
1743 819 1986 890 βελτίους

390 900 670 973 ἐποίησεν.
705 903 767 955 Οἱ
797 900 905 976 γὰρ
937 901 1208 956 θάλατταν
1251 901 1598 975 σχιζομέγην,
1641 903 1847 972 πέτρας
1887 903 1986 973 ρη·

389 986 682 1056 γνυμένας,
732 987 874 1056 ἀέρα
924 987 1417 1058 μεταϐαλλόμενον,
1473 989 1568 1042 καὶ
1604 987 1842 1041 τοσαῦτα
1892 1002 1984 1038 τε·

389 1070 587 1140 ράστια
621 1069 951 1140 θεωροῦντες
973 1108 989 1133 ,
1035 1070 1235 1140 μᾶλλον
1266 1070 1325 1124 δὲ
1362 1071 1412 1124 οί
1453 1071 1523 1125 τά
1559 1069 1768 1125 ἑαυτῶν
1816 1069 1982 1124 τέκνα

389 1153 627 1218 θύοντες,
664 1155 758 1207 καὶ
799 1152 879 1224 τῷ
921 1153 1243 1226 Βεελφεγὼρ
1274 1153 1612 1225 τελούμενοι,
1633 1155 1729 1208 καὶ
1765 1171 1982 1226 μαγγα-

385 1237 556 1299 νείαις
611 1236 832 1301 πολλαῖς
889 1239 1286 1308 προσσχόντες,
1337 1230 1504 1302 οὗτοι,
1554 1236 1741 1309 ἐπειδὴ
1809 1254 1979 1309 προσ-

386 1319 622 1391 ήλθομεν
657 1323 837 1391 ἡμεῖς,
871 1322 967 1374 καὶ
1001 1321 1181 1393 πολλῴ
1219 1321 1589 1393 προτιμότερα
1621 1319 1693 1374 τά
1733 1320 1978 1392 ήμέτερα

385 1405 609 1458 ἐκείνων
637 1405 882 1474 γέγονεν,
914 1405 1086 1469 οὕτως
1122 1406 1230 1458 ἀπὸ
1256 1406 1355 1476 τῆς
1391 1403 1727 1476 ζηλοτυπίας
1753 1403 1977 1475 ἐδήχθη-

387 1506 488 1542 σαν
521 1489 618 1543 καὶ
660 1488 904 1558 βελτίους
949 1489 1199 1557 ἐγένοντο
1243 1489 1336 1542 καὶ
1381 1489 1804 1559 συνεστάλησαν,
1833 1487 1974 1542 ῶστε

381 1573 485 1626 ὃσα
537 1571 615 1642 μὴ
658 1571 1026 1642 κατώρθωσαν
1071 1571 1368 1644 προφητῶν
1418 1570 1707 1634 ἀκούοντες
1746 1572 1841 1625 καὶ
1879 1587 1970 1624 τε·

385 1656 580 1724 ράοτια
609 1653 761 1727 [568]
786 1654 1094 1725 βλέποντες,
1116 1654 1289 1707 ταῦτα
1317 1655 1382 1708 ἐκ
1409 1654 1507 1725 τῆς
1530 1653 1666 1725 πρὸς
1696 1654 1846 1724 ἡμᾶς
1874 1652 1972 1724 ζη-

382 1737 641 1803 λοτυπίας
674 1738 1042 1808 κατορθῶσαι.
1091 1739 1281 1801 Οὐδεὶς
1323 1737 1456 1806 γοῠν
1493 1737 1675 1792 αὐτῶν
1713 1737 1774 1792 οὐ
1807 1736 1972 1792 τέκνα

383 1821 581 1890 σφάζει
609 1821 726 1884 νῦν,
748 1821 848 1874 οὐκ
875 1819 1114 1884 εἰδώλοις
1136 1820 1484 1892 προστρέχει,
1506 1820 1568 1874 ού
1588 1820 1786 1891 μόσχον
1810 1836 1974 1890 προσ-

383 1907 553 1958 κυνεῖ.
587 1905 661 1958 Τὸ
684 1904 788 1975 τῆς
814 1904 1113 1975 παρθενίας
1137 1903 1333 1974 σεμνὸν
1357 1905 1450 1958 ἐπὶ
1475 1905 1572 1974 μὲν
1598 1903 1697 1975 τῆς
1727 1904 1972 1970 Παλαιᾶς

377 1989 500 2042 οὐδὲ
533 1989 726 2060 μέχρις
763 1989 1027 2058 ὀνόματος
1080 1983 1180 2058 ἦν·
1221 1987 1313 2040 ἐπὶ
1357 1988 1413 2042 δὲ
1453 1988 1554 2058 τῆς
1597 1989 1802 2058 Καινῆς
1849 1990 1970 2042 ἐπεὶ

379 2071 573 2142 ἔμελλε
619 2072 967 2141 διαλάμπειν,
1005 2073 1108 2142 ὅρα
1156 2071 1273 2135 πῶς
1311 2073 1406 2125 καὶ
1454 2071 1612 2124 τοῦτο
1645 2071 1902 2142 προλέγει
1940 2075 1969 2126 ό

378 2154 542 2210 Δαυῒδ
577 2155 722 2210 οὕτω
757 2155 930 2224 λέγων
949 2172 962 2186 °
1009 2154 1555 2224 Ἀπενεχθήσονται
1602 2155 1682 2220 τῷ
1717 2156 1974 2220 βασιλεῖ

378 2236 662 2306 παρθένοι
689 2239 886 2292 ὀπίσω
913 2237 1126 2306 αὐτῆς,
1153 2237 1526 2307 ἀχθήσονται
1557 2240 1646 2304 εις
1676 2239 1827 2293 ναὸν
1847 2239 1966 2303 ,ϐαι

379 2320 618 2388 σιλέως.
644 2321 786 2376 Ἀλλ’
811 2321 932 2374 οὐδὲ
953 2321 1086 2375 αὐτὸ
1112 2320 1175 2374 τὸ
1202 2321 1310 2374 τῶν
1339 2320 1524 2391 ἱερέων
1545 2322 1715 2391 ὄνομα
1738 2321 1968 2374 ἀπεσιώ-

380 2421 543 2475 πησε,
593 2405 656 2458 τὸ
705 2404 814 2458 τῶν
861 2404 1178 2458 ἐπισκόπων
1217 2403 1380 2472 λέγω.
1438 2403 1814 2471 Καταστήσω
1855 2407 1965 2474 γὰρ

379 2489 521 2554 τοὺς
548 2487 850 2557 ἄρχοντάς
883 2503 1001 2541 σου
1025 2488 1094 2540 ἐν
1111 2485 1344 2556 είρήνῃ,
1379 2489 1534 2558 φησὶ,
1555 2488 1655 2544 καὶ
1683 2489 1826 2556 τοὺς
1849 2491 1968 2544 ἐπι-

377 2574 657 2637 σκόπους
682 2587 800 2626 σου
820 2571 893 2625 ἐν
929 2570 1310 2640 δικαιοσύνῃ.

447 2672 520 2734 η’.
529 2663 761 2734 Ἔμελλε
774 2661 1280 2734 παραγίνεσθαικαὶ
1291 2661 1519 2726 εὐθύνας
1529 2663 1778 2718 ἀπαιτεῖν
1789 2665 1849 2719 τὸ
1857 2665 1966 2720 τῶν

379 2748 679 2820 ἀνθρώπων
702 2747 877 2816 γένος,
909 2746 1004 2799 καὶ
1031 2745 1168 2815 μετά
1199 2745 1308 2798 τῶν
1333 2745 1507 2802 ἀλλων
1531 2748 1626 2801 καὶ
1653 2749 1960 2813 Ἰουδαίους.

378 2831 522 2902 Ὅρα
552 2830 670 2892 πῶς
696 2828 793 2882 καὶ
819 2829 954 2882 αὐτὸ
982 2828 1238 2899 προλέγει
1270 2828 1299 2880 ὃ
1331 2845 1391 2882 τε
1426 2827 1609 2895 Δαυῒδ,
1632 2831 1661 2883 ὅ
1688 2848 1746 2885 τε
1776 2832 1966 2885 Μαλα-

379 2915 503 2984 χίας
518 2930 532 2944 ο
558 2915 586 2964 ὁ
618 2911 718 2982 μὲν
735 2910 878 2964 οὕτω
901 2909 1077 2980 λέγων
1097 2927 1112 2942 ο
1130 2911 1238 2964 Καὶ
1258 2910 1547 2978 εἰσῆλθεν
1565 2913 1645 2978 ὡς
1667 2914 1965 2984 χωνευτή-

370 3013 528 3066 plur,
545 2997 627 3061 ὡς
646 2997 765 3048 πόα
783 2995 1162 3059 πλυνόντων,
1184 2995 1282 3048 καί
1311 2993 1682 3063 διακαθαρωῖ
1699 2996 1765 3050 τὸ
1787 2998 1965 3067 ἀργύ-

370 3096 510 3148 ριον
530 3077 712 3132 καὶτὸ
728 3077 1005 3147 χρυσίον,
1026 3077 1262 3146 συγγενῆ
1284 3077 1397 3139 τοῖς
1412 3075 1624 3130 Παύλου
1645 3077 1814 3132 είπὼν
1834 3080 1965 3151 γρά-

378 3179 568 3230 φοντος
588 3160 790 3224 οὕτως·
829 3160 899 3215 Ἠ
924 3161 1035 3229 γὰρ
1067 3159 1256 3230 ἡμέρα
1283 3160 1561 3229 δηλώσει,
1591 3161 1681 3216 ὅτι
1714 3163 1786 3218 ἐν
1819 3163 1962 3232 πυρί

376 3246 866 3301 ἀποκαλύπτεται
885 3262 897 3274 ·
928 3246 956 3297 ό
983 3244 1040 3297 δὲ
1058 3244 1243 3308 Δαυῒδ,
1267 3246 1320 3296 ’0
1343 3244 1488 3310 Θεὸς
1507 3245 1786 3314 ἐμφανῶς
1811 3247 1960 3316 ἥξει,

380 3330 541 3385 πάλιν
581 3329 680 3400 τὴν
705 3328 960 3398 δευτέραν
995 3328 1162 3382 αὐτοῦ
1209 3329 1510 3396 παρουσίαν
1544 3329 1958 3402 ἀνακηρύττων.

387 3415 454 3465 'H
491 3413 588 3483 μὲν
617 3411 727 3483 γὰρ
759 3411 1004 3483 προτέρα
1033 3409 1232 3481 πολλὴν
1258 3406 1371 3481 εἶχε
1398 3411 1496 3483 τὴν
1520 3413 1958 3481 συγκατάϐασινο

373 3497 409 3564 ἡ
449 3494 508 3548 δὲ
546 3495 772 3564 δευτέρα
813 3493 911 3564 οὐχ
950 3492 1143 3557 οὕτως,
1182 3492 1319 3547 ἀλλά
1357 3491 1559 3564 φρίκης
1590 3495 1836 3565 γέμουσα
1865 3498 1962 3552 καὶ

377 3576 785 3648 καταπλήξεως,
837 3577 902 3629 ἐκ
951 3575 1060 3627 τῶν
1115 3575 1522 3645 προτρεχόντων
1563 3577 1832 3646 ἀγγέλων,
1861 3580 1962 3651 τῆς

376 3657 676 3729 παρουσίας
719 3655 882 3710 αὑτοῦ
925 3656 1082 3727 δίκην
1121 3655 1412 3728 ἀστραπῆς
1455 3659 1634 3713 πάντα
1689 3663 1963 3733 καταλαμ-

375 3741 664 3810 ϐανούσης.
696 3741 924 3807 Ὠσπερ
962 3740 1070 3812 γάρ
1106 3741 1145 3808 ἡ
1175 3741 1478 3809 ἀστραπὴ,
1506 3745 1689 3812 φησὶν,
1721 3745 1959 3814 ἐξέρχε-

377 3842 468 3879 ται
488 3825 609 3880 ἀπὸ
640 3821 973 3888 ἀνατολῶν,
996 3822 1097 3875 καὶ
1125 3823 1398 3891 φαίνεται
1427 3824 1539 3888 ἕως
1562 3824 1830 3894 δυσμῶν,
1861 3828 1961 3880 οὕ-

377 3925 489 3973 τως
532 3906 704 3960 ἔσται
744 3906 783 3974 ἡ
814 3905 1116 3972 παρουσία
1155 3905 1263 3958 τοῦ
1305 3905 1440 3959 Υίοῦ
1467 3907 1576 3961 τοῦ
1604 3908 1922 3977 ἀνθρώπου
1943 3929 1956 3942 ·

374 3991 436 4044 τὸ
465 3989 760 4060 περιφανὲς
787 3989 962 4061 ταύτῃ
991 3987 1187 4058 δηλῶν,
1211 3987 1273 4041 τὸ
1311 3989 1738 4058 αύτοάγγελτονο
1761 3993 1823 4046 ού
1850 3993 1959 4066 γὰρ

375 4074 547 4134 δεῖται
581 4070 676 4125 τοῦ
720 4069 1070 4142 κηρύξαντος,
1123 4071 1238 4125 ἀλλ’
1277 4071 1418 4142 αὐτὴ
1455 4072 1654 4145 ἑαυτὴν
1694 4073 1957 4132 δείκνυσι.

377 4155 548 4209 Τδῦτο
573 4156 750 4209 τοίνυν
775 4154 870 4207 καὶ
900 4154 929 4206 ὁ
960 4153 1122 4207 Δαυῒδ
1159 4154 1436 4225 ἐμφαίνων
1469 4155 1684 4226 ἐλεγενο
1730 4158 1785 4210 '0
1816 4161 1961 4228 Θεὸς

373 4237 653 4308 ἐμφανῶς
705 4235 861 4304 ἥξει.
909 4231 1043 4289 Εἶτα
1095 4239 1191 4290 καὶ
1229 4237 1291 4290 τὸ
1322 4237 1673 4311 δικαστήριον
1716 4240 1960 4315 ὑπογρά-

376 4340 492 4393 φων
515 4322 578 4376 τὸ
607 4319 818 4392 μέλλον,
855 4318 1051 4387 ἐπάγει
1082 4321 1175 4374 καὶ
1211 4319 1386 4389 λέγει·
1416 4321 1544 4390 Πῦρ
1572 4323 1829 4380 ἐνώπιον
1854 4328 1962 4382 αὐ-

375 4404 483 4461 τοῦ
503 4402 892 4469 καυθήσεται,
921 4401 1020 4456 καί
1053 4403 1257 4467 κύκλῳ
1286 4405 1475 4458 αὐτοῦ
1509 4407 1777 4478 καταιτίς
1804 4422 1959 4479 σφο-

373 4488 507 4559 δρά.
549 4482 686 4542 Εἶπε
729 4487 830 4550 τὰς
868 4486 1172 4556 τιμωρίας,
1213 4485 1364 4555 λέγει
1418 4488 1514 4542 καὶ
1555 4489 1617 4543 τὸ
1670 4489 1955 4564 λαμπρόν·

375 4569 863 4639 Προσκαιέσειαι
901 4567 1009 4622 τὸν
1047 4568 1310 4636 οὐρανὸν
1350 4570 1494 4636 ἅνω,
1540 4571 1640 4626 καὶ
1680 4573 1798 4642 τὴν
1837 4575 1958 4645 γῆν

373 4653 480 4709 τοῦ
507 4651 804 4720 διακρῖναι
831 4650 941 4704 τὸν
967 4650 1124 4705 λαὸν
1145 4651 1354 4718 αὐτοῦ,
1376 4653 1479 4724 γῆν
1510 4653 1742 4709 ἐνταῦθα
1778 4658 1838 4711 τὸ
1860 4658 1955 4728 γέ-

371 4754 463 4802 νος
509 4737 620 4789 τῶν
664 4733 970 4805 ἀνθρώπων
1001 4733 1196 4802 λέγων.
1241 4731 1374 4790 Εἶτα
1421 4737 1562 4807 μετά
1612 4739 1707 4793 τοῦ
1755 4743 1956 4806 παντὸς

371 4821 563 4889 γένους
601 4818 699 4873 καὶ
737 4817 799 4871 τὸ
829 4815 1117 4871 Ἰουδαϊκὸν
1143 4817 1392 4889 ἀριθμῶν
1427 4820 1585 4891 (πρὸς
1616 4820 1725 4893 γάρ
1757 4824 1954 4889 αὐτοὺς

372 4903 466 4957 καὶ
494 4899 879 4971 ἀποτείνεται),
907 4899 1070 4954 πάλιν
1109 4901 1303 4970 ἐπάγει
1347 4900 1548 4970 λέγων’
1579 4905 1955 4975 Συναγάγετε

370 4983 531 5051 αὑτῷ
557 4984 699 5051 τοὺς
727 4985 936 5050 ὁσίους
955 4984 1162 5049 αὐτοῦ,
1200 4983 1343 5051 τοὺς
1374 4984 1816 5055 διατιθεμένους
1839 4988 1955 5056 τὴν

370 5067 664 5134 διαθήκην
695 5065 884 5120 αὐτοῦ
922 5065 1021 5118 ἐπὶ
1064 5067 1333 5132 θυσίαιςο
1373 5068 1471 5120 καὶ
1511 5067 1954 5138 ἀναγγελοῦσιν

369 5155 426 5205 al
448 5150 690 5219 οὐρανοὶ
710 5149 826 5217 τὴν
853 5149 1252 5217 δικαιοσύνην
1269 5152 1476 5216 αὑτοῦ,
1501 5151 1589 5206 ὅτι
1608 5157 1646 5209 ό
1672 5153 1817 5220 Θεὸς
1840 5171 1954 5224 κρι-

368 5235 480 5302 τής
507 5235 698 5290 ἐστιν.
732 5233 965 5305 Ἔμελλε
1011 5235 1451 5306 παραγενόμενος
1491 5236 1591 5307 τὴν
1627 5235 1715 5291 διὰ
1753 5237 1952 5294 θυσιῶν

366 5318 623 5390 λατρείαν
670 5316 982 5382 ἐκϐάλλειν,
1022 5319 1119 5371 καὶ
1167 5317 1242 5389 μὴ
1288 5319 1606 5390 προσίεσθαι
1656 5332 1705 5384 ι,
1747 5322 1952 5396 ταύτην

370 5405 428 5457 δὲ
464 5401 565 5472 τήν
605 5401 881 5472 ἡμετέραν
914 5401 1181 5471 δέχεσθαι.
1219 5402 1486 5456 Ἀκουσον
1527 5403 1646 5468 πῶς
1687 5406 1781 5459 καὶ
1823 5407 1951 5480 περὶ

366 5483 572 5537 τούτων
625 5484 1091 5556 προανεφωνήθη·
1155 5487 1387 5541 Θυσίαν
1434 5487 1535 5542 καί
1597 5492 1952 5560 προσφορὰν

366 5568 480 5621 οὐκ
517 5567 843 5635 ἠθέλησας,
892 5567 1064 5637 σῶμα
1108 5567 1177 5622 δὲ
1222 5573 1559 5640 κατηρτίσω
1596 5593 1718 5644 μοι.
1749 5578 1814 5629 ὐ
1857 5579 1951 5632 καὶ

364 5649 600 5722 ἀλλαχοῦ
635 5651 809 5722 δηλῶν
841 5650 993 5720 ἔλεγε
1017 5668 1032 5683 ο
1074 5651 1252 5720 Λαὸς,
1281 5654 1356 5708 ὃν
1391 5657 1502 5710 οὐκ
1543 5656 1755 5726 ἔγνων,
1781 5659 1952 5715 ἐδού-

365 5734 554 5788 λευσὲ
571 5753 696 5804 μοι,
721 5736 809 5800 είς
839 5733 1034 5804 ἀκοὴν
1065 5734 1243 5792 ὠτίου
1273 5736 1588 5806 ὑπήκουσέ
1611 5759 1763 5810 μου·
1793 5762 1950 5802 τουτ-

426 5845 446 5871 ⁸
464 5847 695 5899 Εθὼρκαὶ
719 5849 782 5910 μὴ
807 5847 1102 5911 προσίεσθαι.
1127 5847 1278 5900 Savil.
1303 5851 1383 5899 καὶ
1405 5851 1670 5915 προΐεσθαι.

983 372 1268 430 CONTRA
1304 372 1604 431 JUDA‘IOS
1645 373 1734 431 ET
1767 373 2136 441 CEN-TlLES,
2173 376 2367 442 QUOD
2405 377 2754 436 CllRlSTUS
2796 380 2903 440 SIT
2938 384 3140 442 DEUS.

3566 394 3671 449 824

2096 489 2266 582 ἐστιν,
2295 493 2358 546 ού
2401 492 2668 582 θάλατταν
2690 497 2833 582 όρῶν
2872 498 3216 575 σχιζομένην,
3246 504 3307 559 ού
3338 503 3544 580 πέτρας
3572 511 3665 582 ρη-

2091 576 2807 664 γνυμέναςᾷἀλλξάκούσας
2849 583 2957 636 τῶν
2995 585 3309 642 ἀποστόλων
3348 576 3459 644 τῶν
3498 576 3669 664 ἐμῶν.

2089 657 2202 742 δαὶ
2230 659 2463 742 ἐνταῦθα
2491 662 2671 729 πάλιν,
2697 663 2871 734 Σῶμα
2891 665 2960 719 δὲ
2984 671 3319 738 κατηρτίσω
3341 691 3463 742 μοι.
3487 657 3674 730 Είπὼν

2167 740 2344 806 τοῦτο,
2366 741 2446 796 ἔτι
2475 745 2797 817 προστίθησι
2814 748 2907 801 καὶ
2923 748 3071 819 λέγει
3087 769 3100 782 ·
3131 752 3274 807 Τότε
3293 737 3487 822 εἶπον,
3527 753 3674 812 Ἰδοὺ

2233 825 2657 910 ’-ἐν-κεφαλίδι
2685 831 2930 896 ,ϐιϐλίου
2973 835 3292 904 γέγραπται
3334 820 3479 907 περί
3503 842 3669 910 ἐμοῦ.

2083 903 2190 995 δύο
2218 905 2329 977 γὰρ
2355 907 2420 995 δὴ
2443 908 2620 995 ταῦτα
2661 913 2907 968 ἐντεῦθεν
2952 903 3227 986 δηλοῦται,
3270 920 3366 973 καὶ
3403 903 3484 974 δτι
3530 903 3644 995 παρ

2081 985 2266 1072 ἐσται,
2307 991 2402 1044 καὶ
2439 991 2522 1045 ὃτι
2569 995 2712 1057 τότε,
2746 996 2876 1051 ὅταν
2926 985 3262 1072 ἐκϐληθῶσιν
3298 1006 3354 1058 αί
3394 985 3668 1063 θυσίαι-’ὃ

2083 1070 2397 1161 rapx-£7013
2435 1075 2532 1146 τῆς
2569 1077 2743 1161 ἀρχῆς
2765 1070 3192 1161 ’μεταπεσούσης
3237 1086 3340 1157 τῆς
3372 1089 3667 1161 Ἰουδαϊκῆς

2081 1153 2177 1244 ἐπὶ
2207 1155 2305 1225 τὴν
2339 1157 2682 1244 Ῥωμαϊκήν.
2702 1159 2950 1244 Εὔρομεν
2974 1165 3032 1218 δὲ
3061 1153 3155 1220 καῖ
3178 1169 3268 1224 τὸν
3296 1153 3513 1242 Βαροὺχ
3540 1153 3668 1244 περὶ

2077 1237 2180 1323 τῆς
2205 1240 2506 1310 παρουσίας
2533 1243 2698 1296 αὑτοῦ
2732 1243 2957 1313 λέγοντα
2983 1249 3183 1314 οὕτως’
3233 1253 3365 1306 Ἐπὶ
3557 1237 3667 1323 γῆς

2077 1319 2266 1406 ῶφθη.
2303 1323 2402 1377 καὶ
2450 1324 2574 1391 τοῖς
2602 1326 2935 1396 ἀνθρώποις
2975 1319 3477 1406 συνανεστράφηξ
3494 1319 3665 1405 λέγει

2075 1401 2133 1454 δὲ
2152 1404 2254 1488 ,καὶ
2280 1406 2309 1458 ὁ
2335 1407 2596 1478 Μωῦσῆς,
2628 1410 2952 1479 Προφήτην
2974 1413 3119 1481 ὑμῖν
3146 1401 3294 1488 [569]
3330 1401 3664 1486 ἀναστήσει

2075 1487 2292 1571 Κύριος
2320 1490 2354 1542 ό
2385 1489 2529 1557 Θεὸς
2553 1491 2621 1545 ἐκ
2649 1493 2768 1545 τῶν
2785 1494 3064 1564 ἀδελφῶν
3092 1501 3259 1567 ὑμων
3275 1487 3358 1566 ῶς
3385 1501 3489 1571 ἐμέ
3510 1517 3523 1530 ’
3554 1506 3657 1556 αὐ-

2077 1570 2184 1625 τοῦ
2233 1572 2573 1630 ἀκούσεσθε
2619 1575 2772 1632 κατὰ
2827 1577 3045 1632 πάντα.
3094 1581 3208 1636 Καὶ
3251 1570 3445 1647 ἔσται,
3496 1585 3664 1639 πᾶσα

2075 1653 2272 1722 ψυχὴ,
2315 1655 2447 1723 ἥτις
2479 1659 2591 1712 οὐκ
2635 1659 2842 1715 ἀκούει
2894 1663 3002 1718 τοῦ
3046 1663 3359 1733 προφήτου
3403 1666 3660 1728 ἐκείνου,

2073 1735 2647 1820 ἐξολοθρευθήσεται
2676 1744 2745 1796 ἐκ
2777 1744 2884 1800 τοῦ
2901 1745 3057 1800 λαοῦ
3077 1747 3289 1816 αὐτῆς.
3320 1749 3482 1820 Ὁρᾷς
3504 1750 3664 1805 τοῦτο

2073 1819 2160 1904 ἐπ’
2189 1820 2402 1886 οὐδενὸς
2426 1824 2712 1896 συμϐὰν,ἢ
2744 1827 2830 1880 ἐπ’
2848 1828 3011 1882 αὐτοῦ
3038 1829 3234 1900 μόνου;
3259 1831 3368 1885 Καὶ
3386 1819 3505 1904 γὰρ
3535 1834 3662 1886 πολ-

2073 1900 2154 1954 λοὶ
2183 1904 2463 1974 προφῆται
2513 1908 2836 1980 ἀνέστησαν,
2892 1911 2987 1965 καὶ
3022 1913 3240 1967 πάντων
3282 1900 3655 1985 παρήκουσαν,

2071 1985 2186 2068 ἀλλ’
2229 1988 2383 2042 οὐδὲν
2445 1989 2678 2046 ἔπαθον·
2744 1993 2936 2047 τούτου
2991 1995 3048 2048 δὲ
3107 1996 3557 2068 παρακούσαντες
3611 2002 3659 2052 οί

2086 2067 2356 2135 Ἰουδαῖοι,
2397 2071 2591 2144 ἀλῆται
2640 2077 2735 2130 καὶ⁵
2768 2077 3071 2146 πλάνητες,
3113 2067 3350 2148 φυγάδες
3390 2082 3487 2134 καὶ
3533 2099 3660 2152 μετ-

2072 2153 2696 2227 ανάσταιπεριέρχονται
2727 2159 3024 2230 πανταχοῦ.
3061 2161 3201 2232 Ὅρα
3226 2161 3352 2233 γάρ·
3385 2163 3660 2228 πολιτείας

2070 2233 2527 2307 ἡλλοτριώθησαν,
2551 2239 2688 2292 ἐθῶν
2718 2242 2988 2312 πατρῴων
3021 2244 3112 2298 καὶ
3145 2243 3348 2314 νόμων,
3379 2247 3437 2298 ἐν
3466 2248 3660 2317 ἀτιμίᾳ

2071 2319 2166 2370 καὶ
2210 2318 2441 2391 αἰσχύνῃ
2489 2322 2583 2374 καὶ
2631 2322 2851 2376 κολάσει
2899 2325 2994 2379 καὶ
3041 2327 3304 2399 τιμωρίᾳ.
3346 2331 3414 2383 ’Δ
3459 2329 3517 2384 δὲ
3566 2331 3658 2383 ἐπὶ

2071 2399 2484 2456 Οὐεσπασιανοῦ
2531 2404 2627 2458 καὶ
2674 2405 2834 2460 Τίτου
2884 2407 3216 2463 πεπόνθασιν
3239 2449 3254 2474 ,
3309 2411 3431 2465 οὑδέ
3486 2414 3658 2466 εἰπεῖν

2069 2480 2184 2567 ἐνιῖ
2233 2482 2386 2567 οὕτω
2437 2487 2615 2540 πᾶσαν
2668 2488 2955 2561 συμφοράν
3006 2490 3250 2563 ὑπερέϐη
3301 2497 3333 2564 ή
3385 2497 3659 2567 τραγῳδία

2067 2559 2275 2650 ἐκείνη,
2308 2566 2401 2620 καὶ
2432 2568 2496 2621 τὸ
2528 2559 2865 2640 προφητικὸν
2906 2559 3206 2644 ἐπληροῧτο
3227 2559 3249 2607 ’⁷
3282 2559 3363 2630 ὅτι
3590 2580 3657 2644 ὂς
3737 2647 3740 2650 γ

2068 2645 2146 2701 ἂν
2159 2647 2248 2716 μὴ
2277 2649 2512 2719 ἀκούσῃ
2544 2652 2652 2706 τοῦ
2689 2652 3000 2722 προφήτου
3024 2656 3284 2724 ἐκείνου,
3311 2659 3658 2728 ἐξολοθρευ-
3723 2652 3730 2657 ’

2067 2729 2339 2814 θήσεται.
2372 2733 2473 2786 Διά
2498 2750 2580 2787 τοι
2610 2733 2767 2790 τοῦτο
2785 2736 2855 2790 τὰ
2885 2737 3110 2794 ἐκείνων
3133 2741 3444 2812 ἠρήμωται,
3470 2743 3656 2814 ἐπειδὴ

2067 2811 2160 2866 τοῦ
2204 2815 2486 2885 προφήτου
2525 2818 2881 2889 παρήκουσαν
2913 2821 3146 2877 ἐκείνου.
3180 2811 3311 2877 νὍτι
3362 2811 3654 2896 ἀναστήσει

2067 2895 2296 2963 πάντας,
2340 2899 2433 2951 καὶ
2473 2901 2630 2954 τοῦτο
2669 2900 2938 2973 ἐδήλωσεν
2978 2905 3208 2971 Ἡσαΐας
3244 2907 3444 2962 είπώνο
3490 2895 3657 2964 Ἀνα-

2065 2979 2396 3049 στήσονται
2421 2986 2475 3035 οί
2517 2985 2718 3052 νεκροὶ
2750 2986 2848 3038 καί
2877 2987 3303 3056 ἐγερθήσονται
3336 2993 3390 3045 οἱ
3419 2991 3490 3045 ἐν
3516 2981 3657 3059 ’τοῖς

2059 3063 2391 3131 μνημείοις.
2424 3064 2485 3118 Ἡ
2509 3064 2619 3134 γὰρ
2649 3067 2871 3135 δρόσος
2894 3071 2933 3137 ἡ
2963 3070 3123 3138 παρὰ
3147 3072 3265 3126 σοῦ
3291 3072 3436 3141 ἴαμα
3451 3074 3656 3140 αὐτοῖς

2061 3143 2253 3200 ἐστιν.
2297 3147 2370 3198 Ού
2403 3147 2564 3215 μόνον
2599 3147 2656 3201 δέ
2707 3149 2903 3215 ταῦτα,
2944 3151 3060 3205 ἀλλ’
3108 3153 3191 3206 ὅτι
3234 3155 3328 3208 καὶ
3379 3157 3517 3226 μετά
3563 3157 3654 3210 τὸν

2065 3227 2318 3298 σταυρὸν,
2372 3231 2511 3299 μετά
2569 3231 2668 3302 τὴν
2719 3234 2934 3304 σφαγὴν
2979 3233 3339 3308 λαμπρότερα
3383 3239 3536 3293 ἔσται
3587 3240 3654 3293 τὰ

2063 3309 2184 3363 κατ’
2211 3311 2398 3377 αὑτὸν,
2423 3313 2505 3366 ὅτι
2544 3315 2682 3383 μετὰ
2705 3315 2806 3385 τὴν
2843 3316 3139 3371 ἀνάστασιν
3170 3318 3370 3389 μᾶλλον
3399 3321 3654 3376 ἐπιδώσει

2061 3392 2218 3478 τὸμκή
2229 3411 2429 3465 ρυγμα.
2463 3397 2680 3469 Ἐπειδὴ
2712 3398 2822 3470 γὰρ
2845 3399 3022 3470 ἐδέθη,
3051 3401 3314 3473 προεδόθη
3345 3404 3451 3456 ὑπὸ
3479 3405 3655 3478 μαθη-

2060 3475 2177 3540 τοῦ,
2235 3478 2560 3550 ἐνεπτύσθη,
2608 3480 2946 3554 ἐλοιδορήθη,
2998 3482 3376 3556 ἐμαστιγὼθη,
3429 3475 3654 3542 ἀνεσκο-

2061 3557 2315 3631 λοπίσθη,
2357 3561 2466 3614 οὐδ’
2516 3564 2596 3625 είς
2634 3563 2826 3632 τάφον,
2868 3565 2930 3617 τό
2977 3582 3042 3634 γε
3080 3569 3161 3630 είς
3203 3569 3446 3634 ἐκείνους
3491 3568 3648 3642 ἦχον,

2061 3642 2269 3713 ἠξιώθη
2309 3645 2554 3715 τεθῆναι,
2599 3646 2668 3699 τὰ
2725 3648 2916 3718 ἱμάτια
2963 3649 3128 3703 αὑτοῦ
3179 3651 3554 3724 διεμερίσαντο
3602 3659 3653 3712 οι

2064 3726 2418 3797 στρατιῶται,
2465 3729 2560 3782 ἐπὶ
2600 3731 2805 3804 ὑποψίᾳ
2837 3733 3148 3804 τυραννίδος
3175 3735 3265 3789 τὸν
3293 3736 3405 3806 βίον
3435 3740 3654 3793 κατέλυ-

2063 3826 2176 3875 σεν,
2210 3810 2286 3874 ὡς
2316 3810 2654 3882 βλάσφημος,
2685 3815 2761 3876 ὡς
2783 3815 3046 3886 τύραννος
3067 3832 3080 3846 ·
3108 3817 3234 3884 Πᾶς
3259 3819 3372 3889 γὰρ
3402 3825 3436 3876 ὀ
3465 3824 3653 3878 ποιῶν

2061 3893 2303 3958 ἑαυτὸν,
2351 3897 2506 3964 φησι,
2545 3896 2842 3963 βασιλέα,
2898 3899 3194 3970 ἀντιλέγει
3241 3901 3320 3968 τῷ
3361 3906 3614 3976 Καίσαρι
3631 3923 3650 3942 ο

2061 3977 2157 4032 καὶ
2190 3976 2373 4043 πάλιν,
2409 3979 2541 4040 Ἴδε,
2569 3978 2739 4047 ὑμεῖς
2771 3981 3076 4047 ἠκούσατε
3109 3983 3224 4052 τὴν
3245 3985 3652 4058 βλασφημίαν

2060 4059 2250 4141 αὐτοῦ
2268 4076 2282 4092 ο
2324 4059 2448 4113 ἐπεὶ
2473 4059 2652 4114 τοίνυν
2677 4061 2850 4141 ταῦτα
2884 4064 3061 4118 πάντα
3090 4066 3280 4138 ἔμελλε
3307 4060 3648 4141 συμϐαίνειν,

2061 4140 2341 4212 διεγείρων
2365 4141 2457 4195 τὸν
2484 4140 2762 4215 ἀκροατὴν
2793 4146 2888 4198 καὶ
2921 4146 3146 4219 θαρρεῖν
3187 4140 3644 4223 παρασκευάζων,

2066 4224 2141 4309 μὴ
2170 4225 2436 4297 φοϐηθῇς,
2470 4227 2623 4297 φησι,
2656 4227 2860 4283 τούτων
2901 4229 3094 4284 ἕνεκα·
3134 4231 3230 4286 τοῦ
3263 4234 3373 4306 γὰρ
3405 4253 3647 4309 σταυρω-

2063 4307 2268 4394 θέντος,
2295 4309 2388 4394 τού
2422 4310 2876 4394 μαστιγωθέντος,
2909 4313 3005 4367 τοῦ
3033 4315 3138 4368 ὑπὸ
3173 4315 3384 4390 λῃστῶν
3413 4307 3648 4394 λοιδορηο

2059 4389 2265 4457 θέντος,
2295 4391 2392 4444 τοῦ
2429 4392 2522 4445 ἐπὶ
2560 4392 2828 4465 ὑπολήψει
2881 4389 3232 4469 βλασφημίας
3268 4389 3645 4472 ἀναιρεθέντος

2057 4472 2283 4528 τοιαῦτα
2312 4473 2466 4528 ἐσται
2488 4473 2559 4527 τά
2585 4476 2887 4546 πράγματα
2918 4480 3057 4549 μετά
3079 4479 3178 4553 τὴν
3204 4481 3480 4557 τελευτὴν,
3507 4487 3644 4556 μετά

2057 4557 2155 4628 τὴν
2179 4558 2497 4622 ἀνάστασιν,
2525 4559 2602 4622 ὡς
2642 4561 2847 4631 μηδένα
2888 4564 3184 4630 ἀντειπεῖν,
3229 4565 3310 4619 ἂτι
3349 4567 3410 4620 ού
3443 4569 3642 4640 πολλῆς

2058 4641 2440 4712 ἐμπέπλησται
2477 4642 2576 4712 τῆς
2621 4646 2807 4715 τιμῆς.
2854 4645 3026 4700 Τοῦτο
3083 4648 3220 4718 γοῦν
3264 4651 3357 4705 καὶ
3403 4653 3636 4722 ἐγένετο.

2059 4724 2237 4806 Ὅπερ
2283 4725 2347 4796 δὴ
2390 4724 2486 4778 καὶ
2529 4725 2813 4806 πόρρωθεν
2853 4732 3260 4800 προαναφωνῶν
3296 4735 3326 4787 δ
3358 4737 3642 4806 προφήτης

2057 4805 2270 4873 ἐλεγενο
2304 4807 2517 4860 Ἔσται
2560 4808 2599 4874 ή
2622 4805 2754 4873 ῥίζα
2779 4810 2884 4863 τοῦ
2912 4813 3154 4877 Ἰεσσαί,
3194 4815 3292 4869 καὶ
3324 4819 3358 4871 ό
3393 4805 3637 4871 ἀνιστά-

2052 4906 2237 4957 μενος
2259 4889 2464 4958 ᾶρχειν
2485 4889 2676 4944 ἐθνῶν
2693 4908 2707 4924 ο
2739 4892 2833 4946 ἐπ’
2860 4894 3022 4961 αὐτῷ
3044 4896 3189 4966 ἔθνη
3217 4899 3515 4965 ἐλπιοῦσι,
3543 4903 3638 4954 καί

2051 4971 2228 5051 ἐσται
2248 4971 2288 5039 ἡ
2314 4969 2659 5037 ἀνάπαυσις
2683 4975 2872 5030 αὐτοῦ
2901 4979 3058 5046 τιμή.
3088 4980 3234 5034 Ὠσεὶ
3265 4981 3469 5051 ἔλεγεν·
3498 4982 3642 5040 Αὐτὸ

2054 5053 2117 5107 τὸ
2155 5050 2294 5117 εἶδος
2331 5054 2432 5124 τῆς
2463 5055 2720 5129 τελευτῆς
2762 5058 3092 5132 διαδήματός
3133 5064 3250 5118 ἐστι
3295 5050 3634 5136 τιμιώτερον.

2055 5137 2119 5190 Οί
2153 5135 2282 5205 γοῦν
2313 5136 2552 5207 βασιλεῖς
2586 5139 2892 5212 διαδήματα
2929 5144 3334 5216 ἀποτιθέμενοι,
3358 5135 3458 5200 τὸν
3486 5135 3638 5200 σταυ-

2059 5217 2151 5289 ρὸν
2171 5219 2631 5288 ἀναλαμϐάνουσι,
2661 5223 2720 5277 τὸ
2748 5225 3015 5295 σύμϐολον
3045 5227 3210 5282 αὐτοῦ
3237 5229 3338 5299 τῆς
3358 5228 3630 5300 τελευτῆς·

2053 5302 2111 5355 ἐν
2156 5304 2455 5376 πορφυρίσι
2496 5306 2745 5377 σταυρὸς,
2790 5309 2850 5361 ἐν
2892 5309 3186 5382 διαδήμασι
3247 5311 3498 5382 σταυρὸς,
3543 5313 3635 5368 ἐπὶ

2053 5385 2227 5471 εὐχῶν
2258 5389 2510 5460 σταυρὸς,
2543 5390 2636 5442 ἐπὶ
2674 5391 2852 5446 ὃπλων
2881 5395 3129 5465 σταυρὸς,
3171 5395 3264 5448 ἐπὶ
3303 5395 3402 5464 τῆς
3433 5402 3638 5471 τραπέ-

2053 5468 2154 5540 ζης
2178 5470 2277 5539 τῆς
2304 5473 2454 5542 ἱερᾶς
2479 5473 2729 5544 σταυρὸς,
2754 5475 2848 5528 καὶ
2882 5475 3157 5545 πανταχοῦ
3183 5477 3284 5545 τῆς
3311 5468 3635 5549 οδιουμένης

2050 5552 2080 5635 δ
2111 5553 2338 5635 σταυρὸς
2375 5555 2512 5625 ὑπὲρ
2553 5556 2644 5610 τὸν
2679 5557 2829 5625 ἥλιον
2861 5557 3175 5635 διαλάμπει.
3228 5559 3339 5613 Καί
3388 5561 3558 5615 ἔσται
3594 5563 3632 5628 ἡ

2050 5633 2395 5703 ἀνάπαυσις
2422 5637 2610 5692 αὐτοῦ
2649 5639 2809 5709 τιμή.

2123 5769 2193 5826 θ’.
2209 5769 2348 5824 Ἀλλ’
2379 5770 2442 5824 ού
2470 5770 2540 5825 τὰ
2567 5771 2882 5843 ἀνθρώπινα
2902 5775 3144 5840 τοιαῦτα,
3168 5777 3284 5830 ἀλλ’
3305 5779 3631 5841 ἀπεναντίας

2055 5853 2211 5913 εἴωθε
2235 5854 2500 5922 γίνεσθαι.
2533 5854 2758 5910 Ζώντων
2790 5859 2892 5929 μὲν
2916 5859 3022 5930 γάρ
3052 5855 3159 5915 τῶν
3185 5862 3634 5934 εὐδοκιμούντων,
