3866 6226
271 392 378 450 επ

266 508 362 563 καὶ
391 504 460 559 τά
491 501 717 556 ἐκείνων
753 496 938 550 ἀνθεῖυ
978 492 1412 562 τελευτησάντων
1447 489 1528 553 δὲ,
1573 499 1843 554 συγκατα-

266 591 452 643 λύεται
490 585 585 639 καὶ
620 583 689 636 τά
717 578 956 634 ἐκείνων.
994 575 1105 629 Καὶ
1137 575 1295 628 τοῦτο
1320 574 1421 627 οὐκ
1450 572 1542 624 ἐπὶ
1565 566 1842 627 πλουσίου,

267 674 367 725 οὐκ
396 670 488 723 ἐπὶ
523 668 800 736 ἄρχοντος,
840 660 954 713 ἀλλ’
985 660 1074 711 ἐπ’
1107 656 1271 711 αὑτοῦ
1309 653 1404 709 τοῦ
1444 651 1705 736 βασιλέως
1749 647 1846 701 ἴδοι

267 773 350 820 τις
391 754 477 808 ἀν.
528 731 638 804 ιξσὶὶ
684 747 791 817 γὰρ
829 745 925 798 καὶ
953 744 1001 794 οἰ
1051 740 1205 811 νόμοι
1252 738 1432 793 αὐτῶν
1467 731 1845 820 καταλύονται,

270 810 365 890 καὶ
411 836 466 888 αἰ
507 810 713 891 εἰκόνες
755 810 1148 897 ἀμαυροῦνται,
1198 821 1293 874 καὶ
1344 821 1378 889 ἡ
1425 818 1613 889 μνήμη
1668 810 1847 866 αὐτῶν

271 919 574 977 σϐέννυται,
598 912 692 966 καὶ
721 909 783 962 τὸ
809 908 979 977 ὄνομα
1007 905 1186 961 αὐτῶν
1216 906 1273 957 ἐν
1301 901 1461 974 λήθῃ,
1486 900 1579 953 καὶ
1606 898 1656 950 οἰ
1684 910 1852 965 προσ-

270 1003 494 1073 ήκοντες
532 999 591 1049 tv
615 991 1038 1063 καταφρονήσει,
1069 987 1292 1042 ἐκείνων
1327 985 1434 1038 τῶν
1472 983 1611 1036 ὅπλα
1643 977 1852 1073 κινούν-

270 1059 399 1145 των,
428 1059 536 1133 τῶν
576 1077 655 1148 τῷ
697 1059 926 1145 νεύματι
973 1069 1367 1143 μετατιθέντων
1405 1063 1720 1148 δήμωνῄκαίΪ
1757 1059 1854 1112 πό-

269 1143 406 1219 λεων
436 1161 533 1216 καὶ⁵
577 1143 727 1231 [570]
770 1143 1111 1227 πραγμάτων
1141 1150 1522 1209 καταστάσεις,
1558 1143 1669 1231 τῶν
1698 1144 1853 1231 ἀναι-

276 1250 388 1319 ρεῖν
422 1226 651 1316 κυρίων,
695 1226 826 1294 τῶν
850 1236 1232 1306 ἀπαγομένους
1276 1229 1662 1319 ἀνακαλεῖσθαι
1697 1226 1855 1319 δυναῖ-

276 1306 474 1402 μένων.
496 1306 655 1402 ἶ⁹Δλλ’
688 1325 838 1393 ὅμως
877 1320 1093 1375 ἅπαντα
1136 1315 1485 1402 καταλύεται,
1530 1311 1579 1402 εἰ
1625 1308 1721 1402 κα)ἒ
1749 1306 1856 1378 πρὸ

271 1392 465 1467 τούτου
505 1392 799 1477 εὐδοκίμει.
848 1404 971 1458 Ἐπὶ
1007 1402 1065 1456 δέ
1096 1399 1191 1454 τοῦ
1232 1395 1468 1469 Χριστοῦ
1495 1395 1604 1448 πᾶν
1635 1392 1856 1477 τούναν-

271 1496 411 1551 τίον.
433 1493 548 1564 Πρὸ
570 1474 795 1562 μὲνγὰρ
821 1483 1053 1557 σταυροῦ
1079 1485 1137 1537 ἐν
1165 1478 1439 1564 κατηφείᾳ
1466 1477 1535 1530 τά
1558 1474 1858 1564 πράγματα

273 1574 365 1651 ἦν,
402 1554 601 1637 Ἰούδας
648 1554 971 1643 προέδωκε(
996 1567 1201 1651 Πέτρος
1250 1563 1546 1651 ἠρνησατο,
1593 1558 1644 1651 οἱ
1682 1554 1858 1651 λοιποὶ

278 1639 512 1730 φυγάδες
535 1639 800 1725 ἐγένοντο,
828 1652 987 1724 μόνος
1013 1648 1215 1720 μεταξὺ
1244 1647 1352 1730 τῶν
1378 1639 1858 1730 ἐχθρῶνάπελιαμο

278 1720 504 1803 ϐάνετο,
528 1720 715 1790 πολλοὶ
751 1720 1143 1793 πιστεύσαντες
1170 1727 1411 1798 ἀπῆλθον
1440 1728 1521 1788 εἰς
1552 1721 1621 1776 τά
1664 1720 1856 1772 ὀπίσω.

290 1822 509 1893 Ἐπειδὴ
551 1820 609 1873 δὲ
649 1820 861 1887 ἐσφάγη
912 1816 1006 1869 καὶ
1039 1811 1409 1893 ἐτελεύτησεν,
1449 1808 1537 1860 ἵνα
1567 1804 1743 1893 μάθῃς
1778 1802 1861 1893 ὅτι

276 1910 341 1964 ού
362 1883 515 1977 ψιλὸς
542 1883 825 1974 ἄνθρωπός
850 1883 937 1961 τις
963 1894 1031 1967 ἦν
1060 1898 1088 1949 ό
1114 1889 1591 1977 σταυρωθείςηκαὶ
1616 1883 1863 1977 λαμπρό-

278 1964 412 2061 τερα
451 1964 544 2040 καὶ
585 1964 912 2053 φαιδρότερα
950 1964 1141 2047 γέγονε
1181 1970 1625 2061 και-ὑψηλότερα
1640 1964 1859 2060 ,πολλῷ

293 2049 356 2125 ’ό
389 2072 486 2140 μὲν
505 2049 609 2121 οῦν-
628 2049 922 2136 κορυφαῖος
956 2062 1061 2115 τῶν
1101 2057 1414 2113 ἀποστόλων
1572 2049 1668 2104 τοῦ
1700 2064 1865 2140 σταυ-

285 2130 402 2226 ροῦ.
423 2150 545 2205 οὺδέ
580 2130 829 2219 θυρωροῦ
875 2144 1101 2213 ἀπειλὴν
1138 2142 1367 2226 ἤνεγκεν
1382 2178 1411 2226 ,Δ
1431 2134 1567 2226 ἀλλά
1603 2130 1740 2204 μετά
1778 2147 1866 2226 τοξ-

286 2208 487 2304 σαύτην
522 2208 902 2301 μυσταγωγίαν
936 2208 1135 2296 ἔφησεν
1163 2208 1324 2275 αὑτὸν
1355 2220 1430 2304 μη
1463 2216 1659 2269 εἰδέναι
1676 2229 1702 2304 ο.
1730 2208 1867 2304 μετά

284 2317 342 2371 δέ
374 2293 464 2369 τὸν
495 2293 725 2383 σταυρὸν
761 2293 859 2381 τὴν
894 2293 1217 2377 οἰκουμένην
1256 2302 1663 2383 περιέδραμενὶ
1685 2293 1867 2383 ἐντεῦ-

287 2400 379 2451 θεν
438 2379 833 2467 μυρίουδῆμοι
891 2389 1184 2461 μαρτύρων
1232 2384 1591 2467 ἐσφάγησανη
1618 2379 1867 2467 Δἑλόμενοι

292 2460 489 2551 μᾶλλον
516 2460 893 2543 ’ἀποθανεῖν,ἢ
929 2460 1263 2551 φθέγξασθαι
1309 2461 1801 2551 ἅπερ-ἐφθέγξατο
1840 2460 1869 2512 ό

287 2545 580 2633 κορυφαῖος
604 2559 711 2610 τῶν
733 2554 1061 2617 ἀποστόλων,
1089 2553 1216 2623 μιᾶς
1241 2547 1690 2633 θυρωροῦ-δείσας
1712 2545 1871 2633 ἀπει⁴

289 2625 411 2715 λήν.
440 2625 632 2704 οὕτως
667 2639 726 2703 ἐξ
758 2638 964 2692 ἐκείνου
1004 2637 1176 2688 πᾶσαι
1206 2632 1380 2704 χῶραι
1416 2630 1523 2715 καί
1561 2631 1734 2715 πᾶσαι
1773 2625 1872 2715 πό-

289 2708 423 2792 λεις,
466 2726 561 2780 καὶ
614 2723 820 2793 ἐρημος
866 2720 961 2772 καὶ
1005 2716 1297 2787 οἰκουμένη
1344 2713 1439 2767 καὶ
1484 2711 1738 2782 ἀοίκητος
1780 2708 1872 2762 τὸν

291 2806 706 2877 ἐσταυρωμένον
766 2799 1242 2871 ἀνακηρύττομεν·
1316 2798 1410 2849 καὶ
1475 2794 1710 2877 βασιλεῖς
1779 2793 1872 2877 καί

294 2874 588 2960 στρατηγοὶ
625 2887 720 2940 καὶ
763 2885 1020 2954 ἄρχοντες
1051 2881 1145 2934 καί¹
1179 2878 1393 2943 ὕπατοι,
1437 2879 1532 2931 καὶ
1566 2876 1741 2929 δοῦλοι
1778 2874 1873 2960 καί.

293 2956 586 3042 ἐλεύθεροι,
629 2971 722 3022 καὶ
766 2966 972 3021 ἰδιῶται
1028 2964 1123 3017 καὶ
1175 2961 1328 3030 σοφοὶ
1374 2961 1469 3042 καὶ
1514 2960 1727 3042 ἄσοφοι,
1778 2956 1873 3042 κα).

296 3038 560 3125 βάρϐαροι
604 3052 699 3104 καὶ
741 3049 810 3103 τὰ
848 3046 1068 3100 ποικίλα
1104 3044 1212 3097 τῶν
1260 3041 1563 3114 ἀνθρώπων
1595 3041 1747 3109 γένη,
1780 3038 1874 3125 καὶ

293 3120 493 3189 λοιπὸν⁷
508 3135 638 3204 ὅσην
664 3132 814 3202 ἥλιος
845 3130 1017 3201 ἐφορᾷ
1045 3130 1170 3199 γῆν,
1207 3126 1412 3197 ταύτην
1452 3125 1515 3194 δὴ
1541 3125 1640 3196 τὴν
1679 3120 1871 3177 τοσαύ-

293 3235 395 3288 την
450 3216 747 3286 ἐπέδραμε,
788 3213 851 3266 τὸ
894 3212 1066 3281 ὄνομα
1112 3210 1207 3263 καὶ¹
1249 3210 1284 3279 ἡ
1337 3207 1738 3277 προσκύνησις,
1788 3204 1875 3288 ἶνα

299 3285 475 3371 μάθῃς
501 3299 552 3350 τί
585 3285 763 3357 ἐστιν,
796 3296 1001 3346 Ἔσται
1046 3292 1084 3358 ἡ
1117 3289 1460 3371 ἀνάπαυσις
1500 3288 1686 3371 αὐτοῦ
1714 3285 1871 3371 τιμή.

308 3367 366 3435 ⁵0
407 3367 469 3433 δὲ
507 3379 569 3432 τὸ
611 3378 771 3448 σῶμα
815 3374 1104 3444 δεξάμενος
1142 3374 1315 3424 ἐκεῖνο
1353 3370 1416 3423 τὸ
1448 3369 1654 3439 σφαγέν
1690 3367 1872 3433 τόπος,

299 3462 527 3534 σμικρὸς
580 3460 655 3513 ῶν
700 3459 796 3512 καὶ
865 3457 1070 3527 σφόδρα
1120 3454 1325 3524 βραχὺς
1351 3491 1367 3516 ,
1436 3451 1644 3522 μυρίων
1699 3448 1877 3534 αύλῶν

301 3531 592 3615 βασιλικῶν
639 3543 757 3593 ἐστι
805 3537 1161 3608 σεμνότερος,
1207 3535 1300 3586 καὶ
1344 3534 1525 3594 αὐτοῖς
1572 3535 1681 3595 τοῖς
1724 3531 1878 3600 βασι-

297 3613 449 3681 λεῦσι
487 3622 811 3693 τιμιώτερος
831 3637 844 3651 ’
892 3619 999 3673 Καὶ
1032 3618 1204 3670 ἐσται
1240 3617 1278 3684 ἠ
1310 3615 1658 3678 ἀνάπαυσις
1690 3613 1875 3667 αὑτοῦ

299 3710 456 3779 τιμή.
490 3708 563 3759 Τὸ
595 3705 652 3758 δὲ
686 3702 985 3774 παράδοξον
1005 3739 1019 3762 ,
1067 3700 1167 3751 οὐκ
1200 3698 1286 3750 ἐπ’
1327 3697 1708 3779 αύτοῦημόνον,
1742 3695 1879 3779 ἀλλά

299 3778 395 3847 καὶ
420 3791 513 3844 ἐπὶ
544 3788 658 3841 τῶν
687 3785 940 3857 μαθητῶν
973 3780 1137 3835 αὑτοῦ
1170 3780 1231 3833 τὸ
1266 3780 1398 3832 αὐτὸ
1432 3778 1589 3832 τοῦτο
1623 3778 1687 3849 δὴ
1718 3778 1879 3846 γέγο-

300 3891 410 3928 νεν.
450 3873 514 3925 Οί
558 3871 665 3941 γὰρ
704 3869 960 3937 ἀγόμενοι
1012 3865 1105 3917 καὶ
1157 3862 1581 3934 περιαγόμενοι,
1615 3864 1665 3914 οἱ
1710 3879 1878 3914 κατα-

303 3952 676 4026 φρονούμενοι,
735 3950 829 4002 καὶ
866 3945 1246 4017 δεσμούμενοι,
1301 3945 1352 4026 οἰ
1414 3943 1485 3997 τὰ
1544 3943 1739 4026 μυρίαῖ
1771 3943 1877 3996 πά-

303 4025 517 4107 σχοντες
549 4033 716 4097 δεινά,
760 4030 1176 4099 τελευτήσαντες
1213 4025 1393 4079 αὐτῶν
1420 4027 1526 4078 εἰσι
1558 4025 1665 4079 τῶν
1720 4025 1876 4095 βασι-

302 4119 439 4173 λέων
473 4115 783 4187 τιμιώτεροι
802 4129 817 4143 °
849 4113 944 4165 καὶ
982 4110 1118 4173 πῶς,
1156 4109 1347 4162 σκόπει
1376 4108 1643 4162 ἐντεῦθεν.
1696 4109 1783 4161 Ἐν
1808 4111 1876 4180 τῇ

305 4198 703 4270 βασιλικωτάτῃ
727 4194 879 4246 πόλει
906 4191 1116 4263 Ῥώμῃ,
1147 4190 1326 4242 πάντα
1353 4190 1621 4257 ἀφιέντες,
1644 4190 1738 4242 ἐπὶ
1751 4190 1879 4253 τοὺς

301 4283 504 4349 τάφους
541 4279 635 4330 τοῦ
664 4276 859 4337 ἁλιέως
887 4274 982 4328 καὶ
1012 4272 1106 4326 τοῦ
1137 4270 1461 4340 σκηνοποιοῦ
1500 4270 1748 4341 τρέχουσι
1784 4272 1880 4326 καὶ⁹

306 4364 543 4433 βασιλεῖς
582 4361 673 4415 καὶ
708 4359 905 4411 ὕπατοι
926 4356 1019 4410 καὶ
1050 4353 1343 4425 στρατηγοί
1362 4370 1375 4383 ·
1435 4354 1528 4425 καὶ
1556 4356 1611 4405 ἐν
1637 4356 1703 4424 τῇ
1728 4356 1881 4408 Κων-

306 4441 740 4497 σταντινουπόλει
776 4440 832 4493 δὲ
864 4438 984 4492 οὐδὲ
1013 4436 1149 4508 πρὸς
1176 4436 1303 4498 τοὺς
1331 4433 1660 4496 ἀποστόλους
1690 4436 1876 4503 ἐγγὺς,

304 4527 438 4580 ἀλλὰ
469 4525 600 4596 παρ’
618 4522 758 4577 αὐτὰ
786 4522 857 4575 τὰ
882 4520 1129 4592 πρόθυρα
1160 4517 1263 4582 ἐξω
1294 4517 1578 4588 ἀγαπητὸν
1605 4513 1743 4570 εἶναι
1766 4517 1881 4569 ἐνό-

310 4625 473 4678 μισαν
493 4610 542 4661 οἱ
568 4607 637 4660 τὰ
671 4604 976 4675 διαδήματα
1018 4601 1392 4672 περικείμενοι
1423 4600 1492 4652 τά
1529 4598 1758 4670 σώματα
1784 4600 1881 4653 αὐ-

305 4690 416 4743 τῶν
444 4687 886 4759 κατορύττεσθαι,
914 4682 1009 4737 καὶ
1034 4681 1287 4750 γεγόνασι
1308 4680 1542 4752 θυρωροὶ
1561 4681 1745 4734 λοιπὸν
1773 4680 1881 4736 τῶν

307 4774 502 4826 ἀλιέων
518 4774 566 4824 οἰ
595 4769 851 4840 βασιλεῖς,
868 4767 961 4820 καὶ
983 4768 1040 4818 ἐν
1060 4767 1127 4835 τῇ
1147 4763 1371 4833 τελευτῇ
1392 4765 1492 4816 οὐκ
1515 4764 1879 4833 αἰσχύνονται,

308 4855 444 4909 ἀλλὰ
467 4854 558 4905 καὶ
584 4845 1175 4919 ἐγκαλλωπίζονται,ού
1201 4845 1357 4915 μόνον
1377 4845 1549 4911 αὐτοὶ,
1566 4846 1702 4899 ἀλλά
1721 4848 1812 4900 καὶ
1832 4848 1880 4900 οί

310 4936 520 5003 ἔκγονοι
546 4933 789 4987 ἐκείνων.
806 4931 916 4985 Καί
947 4929 1137 4992 ἔσται,
1153 4927 1747 4999 φησὶν,ὴάνάπαυσις
1773 4931 1881 4982 αὑ·-

310 5019 415 5072 τοῦ
440 5016 597 5085 τιμή.
630 5016 764 5068 Τότε
786 5014 888 5083 τῆς
923 5013 1087 5083 τιμῆς
1118 5010 1182 5064 τὸ
1214 5010 1443 5080 μέγεθος
1464 5011 1605 5080 ὕψει,
1633 5011 1761 5064 ὅταν
1790 5028 1884 5064 κα-

310 5099 558 5169 ταμάθῃς
578 5096 739 5151 αὐτοῦ
777 5095 870 5149 τοῦ
909 5094 1141 5149 θανάτου
1175 5092 1236 5145 τὸ
1278 5092 1563 5163 σύμϐολον,
1590 5093 1685 5146 τοῦ
1718 5094 1881 5148 θανά-

310 5198 402 5233 του
427 5180 519 5233 τοῦ
547 5179 820 5249 ἐπαράτου
837 5217 852 5243 ,
889 5176 982 5230 τοῦ
1010 5174 1239 5228 θανάτου
1260 5171 1354 5225 τοῦ
1387 5173 1604 5227 πάντων
1637 5175 1883 5229 θανάτων

315 5262 588 5331 αἰσχίστου
623 5277 636 5291 ’
675 5260 832 5314 τοῦτο
874 5258 982 5329 γὰρ
1020 5256 1177 5327 μόνον
1217 5255 1316 5325 τῆς
1356 5256 1611 5326 τελευτῆς
1645 5259 1704 5310 τὸ
1743 5254 1883 5324 εἶδος

313 5344 416 5395 ὑπὸ
438 5344 576 5414 ἀρὰν
610 5343 803 5397 ἔκειτο.
834 5337 958 5394 Οἷόν
986 5356 1039 5393 τι
1064 5337 1235 5404 λέγω*
1264 5336 1373 5389 τῶν
1390 5338 1806 5407 ἁμαρτανόντων
1822 5342 1884 5395 τὸ

311 5424 537 5477 παλαιὸν
566 5427 612 5477 οἱ
646 5425 742 5495 μὲν
766 5421 1094 5483 ἐκαίοντο,οί
1119 5420 1175 5471 δὲ
1205 5416 1537 5484 ἐλιθὰζοντο,
1554 5420 1604 5473 οἰ
1630 5420 1686 5472 δὲ
1713 5421 1884 5493 ἐτέρῳ

310 5506 497 5577 τρόπῳ
527 5506 796 5575 τιμωρίας
825 5502 914 5557 τὸν
940 5502 1053 5571 βίον
1083 5499 1341 5553 κατέλυον
1361 5516 1373 5527 ·
1393 5501 1421 5553 ό
1447 5499 1502 5553 δὲ
1530 5502 1883 5557 ἀνεσκολοπι-

313 5587 509 5656 σμένος
527 5589 621 5641 καὶ
636 5588 727 5638 ἐπὶ
745 5585 897 5650 ξύλου
921 5584 1284 5656 κρεμάμενος,
1306 5582 1368 5634 ού
1398 5581 1554 5637 τοῦτο
1578 5584 1736 5655 μόνον
1752 5586 1884 5640 ὑπέ-

314 5683 466 5740 μεινε
501 5668 561 5719 τὸ
590 5668 852 5736 χαλεπὸν,
889 5667 973 5721 ὅτι
1010 5664 1234 5737 τοιαύτῃ
1269 5665 1555 5729 ἐκολάζετο
1593 5668 1878 5740 καταδίκῃ,

320 5747 433 5806 ἀλλ’
456 5750 537 5802 ὅτι
558 5747 654 5803 καὶ
712 5751 982 5823 ἐπάρατος
1016 5751 1046 5803 ό
1082 5749 1319 5813 τοιοῦτος
1365 5743 1452 5821 ἦν.
1503 5751 1880 5821 Ἐπικατὰρα-
1921 5817 1935 5823 _

976 383 1034 438 ὃ.
1074 377 1358 438 JOANNIS
1389 367 1887 434 CHRYSOSTOMI
1947 369 2267 426 ARCHIEP.
2308 367 2847 426 CONSTANTINOP.

3414 372 3524 429 8‘26

1944 496 2046 546 τος
2082 480 2214 551 γάρ,
2232 480 2385 552 φησί,
2405 479 2524 547 πᾶς
2556 482 2590 534 ό
2614 478 2981 549 κρεμάμενος
3011 482 3108 536 ἐπὶ
3129 483 3336 548 ξύλου.
3380 485 3526 539 Ἀλλ’

1942 562 2093 633 ὅμως
2124 563 2186 616 τὸ
2212 564 2488 635 ἐπάρατον
2519 562 2698 624 τοῦτο,
2729 564 2791 615 τὸ
2819 565 3111 631 ἀπευκτὸν,
3143 566 3204 620 τὸ
3240 567 3339 637 τῆς
3360 569 3525 639 ἐσχά-

1943 660 2042 715 της
2066 645 2337 716 τιμωρίας
2364 645 2652 715 σύμϐολον,
2676 644 2773 698 νῦν
2797 645 2987 714 γέγονε
3022 648 3268 702 ποθεινὸν
3299 650 3393 702 καὶ
3428 654 3530 704 ἐπ-

1947 727 2193 797 έραστον.
2218 729 2354 782 Οὐδὲ
2379 731 2484 800 γάρ
2507 727 2649 781 οὕτω
2676 730 2936 797 στέφανος
2958 729 3229 799 βασιλικὸς
3257 732 3530 785 καλλωπί-

1949 807 2032 872 ζει
2062 809 2324 880 κεφαλην,
2353 810 2428 874 ὡς
2453 810 2685 880 σταυρὸς
2704 812 2904 875 παντὸς
2932 811 3081 883 [571]
3101 814 3307 882 κόσμου
3330 815 3530 884 τιμιώ-

1947 909 2107 963 τερος
2129 892 2205 947 ὥν
2222 910 2236 923 ο
2256 894 2350 947 καὶ
2380 893 2409 946 δ
2437 893 2676 957 ἀπαντες
2705 894 3075 966 ἐπεφρίκεσαν
3107 897 3529 966 πρώην,τούτου

1948 975 2045 1028 νῦν
2064 976 2124 1029 τὸ
2144 976 2325 1046 σχῆμα
2345 976 2516 1040 οὕτως
2539 978 2685 1030 ἐστὶν
2712 977 2883 1031 ἅπασι
2900 978 3290 1048 περιμάχητον,
3304 978 3374 1043 ὡς
3389 997 3527 1032 navo

1949 1059 2114 1130 ταχοῦ
2133 1058 2292 1114 τοῦτο
2313 1058 2656 1131 εὑρίσκεσθαι
2687 1060 2836 1129 παρὰ
2862 1059 3109 1130 ἄρχουσι,
3124 1063 3274 1133 παρά
3296 1062 3533 1133 ἀρχομέ-

1951 1160 2083 1206 νοις,
2125 1143 2274 1214 παρά
2304 1142 2538 1211 γυναιξὶ,
2582 1142 2735 1213 παρὰ
2775 1142 3021 1213 ἀνδράσι,
3052 1144 3203 1215 παρά
3223 1146 3531 1215 παρθένοις,

1952 1224 2104 1293 παρά
2130 1224 2562 1293 γεγαμημέναις,
2598 1225 2748 1294 παρά
2777 1224 3003 1288 δούλοις,
3026 1224 3531 1298 παράἐλευθέροις.

1953 1307 2063 1358 Καὶ
2078 1306 2186 1375 γὰρ
2210 1304 2444 1375 συνεχῶς
2473 1305 2603 1359 αὐτὸ
2619 1307 2859 1370 ἅπαντες
2880 1309 3303 1377 ἐγχαράττουσιν
3319 1310 3410 1362 ἐπὶ
3437 1309 3533 1361 τοῦ

1953 1385 2061 1439 τῶν
2092 1387 2267 1457 μελῶν
2288 1388 2442 1457 ἡμῶν
2467 1387 2864 1458 ἐπισημοτέρου
2892 1391 3109 1459 μέρους,
3141 1391 3238 1442 καί
3261 1390 3448 1462 ῶσπερ
3474 1392 3535 1445 ἐν

1956 1469 2126 1540 στήλῃ
2155 1471 2245 1522 ἐπὶ
2274 1468 2370 1521 τοῦ
2416 1470 2667 1539 μετώπου
2696 1471 2816 1523 καθ’
2847 1473 3082 1543 ἐκάστην
3112 1473 3327 1543 ἡμέραν
3360 1473 3535 1527 διατυ-

1956 1551 2224 1629 πούμενον
2252 1551 2665 1622 περιφέρουσιν.
2706 1549 2874 1617 Οὗτος
2902 1556 2958 1605 ἐν
2987 1557 3053 1625 τῇ
3095 1556 3219 1625 ἰερᾷ
3267 1556 3533 1629 τραπέζῃ,

1956 1628 2109 1696 οὗτος
2143 1636 2201 1686 ἐν
2225 1636 2345 1697 ταῖς
2373 1634 2484 1688 τῶν
2530 1636 2719 1707 ἱερέων
2760 1637 3143 1707 χειροτονίαις,
3170 1630 3326 1701 οὗτος
3374 1628 3539 1692 πάλιν

1961 1714 2101 1786 μετά
2121 1715 2215 1768 τοῦ
2253 1716 2502 1787 σώματος
2532 1718 2627 1771 τοῦ
2660 1717 2898 1791 Χριστοῦ
2933 1720 3026 1772 ἐπὶ
3053 1719 3115 1771 τὸ
3142 1720 3401 1789 μυστικὸν
3427 1720 3538 1773 δεῖ-

1961 1815 2091 1851 πνον
2129 1798 2450 1868 διαλάμπεισ
2478 1799 2667 1852 τοῦτον
2701 1800 2977 1871 πανταχοῦ
3008 1801 3299 1873 χορεύοντα
3327 1802 3427 1855 ῐδοι
3451 1819 3539 1865 τις

1964 1880 2050 1942 ἂν,
2074 1882 2132 1932 ἐν
2168 1881 2399 1943 οἰκίαις,
2430 1882 2488 1934 ἐν
2517 1883 2773 1951 ἀγοραῖς,
2807 1885 2864 1936 ἐν
2898 1885 3176 1955 ἐρημίαις,
3199 1886 3257 1937 ἐν
3288 1886 3446 1949 ὁδοῖς,
3481 1886 3542 1937 ἐν

1962 1962 2165 2032 ὄρεσιν,
2193 1964 2250 2015 ἐν
2276 1963 2495 2027 νάπαις,
2514 1964 2572 2016 ἐν
2596 1964 2824 2033 βουνοῖς,
2853 1967 2910 2020 ἐν
2941 1966 3179 2040 θαλάττῃ
3208 1969 3303 2021 καὶ
3338 1967 3541 2028 πλοίοις

1962 2045 2057 2100 καὶ
2086 2046 2290 2114 νήσοις,
2329 2047 2386 2098 ἐν
2415 2045 2640 2111 κλίναις,
2673 2049 2730 2101 ἐν
2765 2048 3016 2118 ἱματίοις,
3040 2052 3096 2103 ἐν
3128 2051 3334 2113 ὅπλοις,
3363 2051 3457 2103 καὶ
3482 2051 3543 2101 ἐν

1964 2128 2256 2191 παστάσιν,
2302 2128 2361 2181 ἐν
2399 2130 2743 2198 συμποσίοις,
2782 2132 2841 2183 tv
2886 2131 3136 2185 σκεύεσιν
3174 2134 3457 2203 ἀργυροῖς,
3484 2134 3544 2184 ἐν

1965 2211 2218 2280 χρυσέοις
2244 2251 2259 2276 ,
2303 2213 2361 2263 tv
2398 2213 2795 2282 μαργαρίταις,
2835 2213 2893 2266 ἐν
2932 2215 3127 2284 τοίχων
3176 2220 3435 2285 γραφαῖς,
3483 2218 3544 2269 tv

1968 2292 2216 2362 σώμασιν
2263 2293 2474 2359 ἀλόγων
2518 2294 2688 2349 πολλά
2730 2298 3143 2367 πεπονηκότων,
3188 2300 3247 2350 tv
3298 2299 3544 2369 σώμασιν

1968 2375 2073 2427 ὑπὸ
2102 2374 2368 2444 δαιμόνων
2398 2375 2894 2448 πολιορκουμένων,
2926 2380 2984 2433 ἐν
3002 2380 3278 2450 πολέμοις,
3309 2383 3367 2433 tv
3398 2382 3543 2452 εἰρή-

1967 2474 2056 2527 νῃ,
2086 2457 2143 2511 ἐν
2172 2456 2429 2525 ἡμέραις,
2453 2458 2511 2511 ἐν
2555 2459 2726 2527 νυξὶν,
2751 2462 2809 2513 tv
2830 2461 3160 2531 τρυφώντων
3186 2462 3444 2533 χορείαις,
3484 2466 3545 2515 ἐν

1970 2540 2545 2610 σκληραγωγουμένων
2595 2543 2886 2614 φρατρίαις
2915 2560 2929 2574 ·
2964 2543 3106 2597 οὕτω
3170 2546 3546 2616 περιμάχητον

1968 2622 2142 2675 ἀπασι
2184 2623 2377 2690 γέγονε
2408 2623 2471 2675 τὸ
2515 2624 2827 2696 θαυμαστὸν
2864 2625 3025 2680 τοῦτο
3061 2627 3251 2699 δῶρον,
3280 2632 3313 2700 ἡ
3338 2629 3545 2697 ἄφατος

1970 2703 2110 2774 αῦτη
2152 2708 2329 2776 χάρις.
2376 2707 2565 2769 Οὐδεὶς
2607 2707 2952 2778 αἰσχύνεται,
3003 2710 3104 2763 οὐκ
3150 2712 3547 2779 ἐγκαλύπτεται

1972 2787 2185 2853 ἐννοῶν,
2223 2792 2304 2843 ὅτι
2343 2792 2573 2845 θανάτου
2611 2789 2707 2843 τοῦ
2741 2792 3015 2862 ἐπαράτου
3052 2792 3213 2845 τοῦτο
3256 2793 3548 2864 σύμϐολον,

1973 2869 2107 2923 ἀλλά
2134 2873 2333 2937 πάντες
2355 2875 2530 2944 τούτῳ
2559 2874 3015 2945 καλλωπιζόμεθα
3041 2876 3239 2946 μᾶλλον
3273 2877 3307 2947 ἦ
3348 2879 3546 2944 στεφά-

1972 2971 2084 3017 νοις
2123 2957 2219 3009 καὶ
2248 2957 2541 3028 διαδήμασι
2572 2958 2667 3011 καὶ
2692 2958 2915 3028 μυρίαις
2942 2960 3292 3030 μαργαριτῶν
3332 2962 3547 3030 περιϐο-

1974 3036 2093 3099 λαῖς
2116 3036 2333 3102 ’,οὕτως
2360 3040 2420 3091 οὑ
2448 3040 2608 3108 μόνον
2627 3040 2726 3091 οὐκ
2759 3040 2875 3092 ἐστι
2902 3042 3152 3109 φευκτὸς,
3179 3043 3313 3095 ἀλλά
3339 3044 3432 3095 καὶ
3454 3061 3545 3095 ποο

1974 3118 2147 3183 θεινὸς
2176 3123 2270 3174 καὶ
2296 3123 2597 3193 ἐπέραστος
2625 3124 2719 3176 καὶ
2747 3123 3211 3194 περισπούδαστος
3247 3126 3549 3191 ἆπασι,κα“ι

1974 3203 2252 3272 πανταχοῦ
2298 3204 2621 3275 διαλάμπων
2663 3206 2759 3258 καὶ
2807 3205 3202 3278 διεσπαρμένος
3246 3210 3306 3261 ἐν
3350 3209 3549 3278 τοίχοις

1974 3285 2160 3349 οῖκων,
2195 3288 2253 3339 ἐν
2280 3288 2474 3358 ὀροφῇ,
2509 3290 2568 3341 ἐν
2599 3287 2823 3357 βίϐλοις,
2858 3292 2916 3345 ἐν
2950 3290 3199 3354 πόλεσιν,
3226 3293 3285 3344 tv
3312 3290 3549 3360 κώμαις.

1975 3372 2035 3423 ἐν
2055 3372 2175 3433 ταῖς
2200 3371 2495 3442 ἀοικήτοις,
2519 3372 2578 3424 ἐν
2596 3374 2716 3434 ταῖς
2742 3373 3105 3444 οἰκουμέναις.
3138 3374 3339 3437 Ἡδέως
3362 3374 3430 3427 ἂν
3458 3370 3549 3426 οὖν

1976 3454 2205 3524 ἐροίμην
2250 3454 2341 3507 τὸν
2380 3454 2618 3525 Ἕλληνα
2651 3454 2835 3507 λοιπὸν
2860 3495 2874 3518 ,
2906 3455 3071 3510 πόθεν
3116 3457 3216 3527 τῆς
3254 3457 3548 3524 καταδίκης

1973 3536 2200 3608 ταύτης,
2246 3537 2342 3590 τοῦ
2390 3538 2620 3593 θανάτου
2662 3536 2756 3592 τοῦ
2795 3537 3070 3608 ἐπαράτου
3109 3539 3297 3593 τούτου
3330 3541 3395 3591 τὸ
3418 3538 3545 3606 σύμο

1977 3617 2130 3673 ϐολον
2158 3619 2329 3672 ἅπασι
2351 3618 2620 3684 ποθεινὸν,
2646 3620 3129 3692 περισπούδαστον,
3159 3625 3207 3677 εἰ
3236 3622 3312 3695 μὴ
3341 3623 3549 3694 μεγάλη

1974 3700 2069 3754 τοῦ
2107 3701 2511 3771 σταυρωθέντος
2542 3703 2576 3771 ἡ
2600 3701 2865 3772 δύναμις;

2051 3788 2102 3835 ι’.
2128 3783 2195 3837 Εἰ
2215 3783 2324 3853 γὰρ
2352 3784 2517 3854 μηδὲν
2549 3781 2686 3839 εἶναι
2713 3786 2873 3841 τοῦτο
2904 3790 2968 3841 σὺ
2999 3790 3243 3859 νομίζεις
3273 3794 3368 3847 καὶ
3400 3794 3541 3849 ἀναιο

1979 3867 2227 3933 σχυντεῖς
2253 3864 2353 3931 ἔτι,
2383 3865 2477 3917 καὶ
2502 3867 2639 3938 πρὸς
2660 3867 2760 3938 τὴν
2787 3868 3041 3940 ἀλήθειαν
3069 3871 3437 3937 ἀντιϐλέπεις,
3460 3879 3547 3930 καὶ

1978 3945 2116 4015 πρὸς
2152 3945 2214 3998 τὸ
2242 3946 2358 4014 φῶς
2397 3946 2725 4016 τυφλώττεις
2748 3989 2763 4012 ,
2795 3951 2926 4020 φέρε
2961 3970 3043 4005 σοι
3079 3953 3339 4025 δείξωμεν
3364 3959 3457 4012 καὶ
3496 3959 3553 4025 ἐξ

1977 4025 2145 4111 ἀλλης
2167 4027 2472 4111 ὑποθέσεως
2487 4029 2675 4100 ἡλίκον
2698 4029 2854 4084 τοῦτό
2878 4034 3014 4087 ἐστι.
3048 4036 3211 4099 Ποίας
3229 4038 3292 4109 δὴ
3314 4040 3549 4111 ταύτης;

1982 4109 2272 4193 ςἘστιτοῖς
2313 4109 2593 4175 δικάζουσι
2629 4112 2801 4166 πολλά
2831 4114 3266 4189 βασανιστηρίων
3303 4122 3439 4193 εἴδη,

1978 4188 2109 4255 λον,
2140 4191 2383 4263 ἰμάντες,
2428 4193 2652 4263 ὄνυχες,
2684 4196 2981 4266 μολιϐδίδες
3006 4240 3018 4262 ,
3052 4202 3118 4253 δι’
3140 4188 3234 4254 ίῶν
3275 4188 3453 4266 ξέουσι
3486 4203 3555 4257 τά

1981 4272 2209 4355 σώματα
2241 4275 2336 4327 καὶ
2367 4274 2704 4344 διασχίζουσι
2734 4278 2802 4332 τά
2834 4280 2968 4350 μέλη
3014 4284 3107 4335 καὶ
3138 4283 3422 4355 ἐξαρτῶσι.
3459 4289 3550 4350 Τίς

1980 4354 2111 4422 γοῦν
2138 4354 2203 4408 ἂν
2234 4355 2407 4408 ἐλοιτο
2448 4358 2623 4411 ταῦτα
2665 4361 2746 4423 εἰς
2784 4361 2962 4415 οἰκίαν
2993 4365 3220 4432 ἀγαγεῖν
3242 4354 3265 4431 ν;
3300 4367 3384 4429 τίς
3407 4368 3452 4420 δ’
3486 4369 3553 4421 ἂν

1981 4435 2334 4519 καταδέξαιτο
2352 4518 2355 4519 ν
2365 4438 2546 4508 χειρὸς
2568 4440 2807 4511 ἅψασθαι
2842 4444 2951 4497 τῶν
2968 4446 3141 4501 ταῦτα
3171 4448 3553 4519 ἐργαζομένων

1980 4518 2211 4589 δημίων,
2239 4518 2273 4588 ἢ
2306 4518 2534 4588 πλησίον
2572 4524 2824 4589 γενέσθαι
2860 4525 3015 4591 ίδεῖν;
3040 4528 3161 4599 οὐχὶ
3197 4518 3554 4600 μυσάττονται

1979 4602 2028 4687 οἰ
2062 4600 2291 4687 ῌπλείους
2312 4643 2326 4667 ,
2352 4601 2583 4687 ἐνιοΑι-δὲ
2630 4606 2725 4658 καὶ
2767 4608 3137 4674 οἰωνίζονται,
3172 4614 3266 4666 καὶ
3298 4614 3419 4668 οὐδὲ
3455 4617 3555 4687 τῆς

1981 4683 2146 4753 ἁφῆς,
2177 4682 2299 4766 οὐδὲ
2325 4683 2426 4752 τῆς
2454 4684 2630 4751 ὅψεως
2670 4687 2949 4757 ἀνέχονται
2971 4707 2985 4755 ;
3010 4694 3070 4745 οὐ
3102 4694 3290 4765 πόρρω
3321 4682 3555 4766 φεύγού-

1984 4781 2102 4829 σιν;
2142 4764 2242 4817 οὐκ
2266 4766 2668 4846 ἀποστρέφουσι
2696 4768 2756 4820 τὸ
2784 4769 2938 4840 ὄμμα
2962 4788 2977 4836 ;
3003 4764 3255 4831 Τοιοῦτον
3281 4764 3345 4846 δή
3377 4764 3556 4832 τικαί

1980 4846 2259 4931 όσταυρὸς
2282 4842 2449 4931 ἦντὸ
2482 4849 2729 4915 παλαιὸν,
2758 4852 2958 4921 μᾶλλον
2990 4853 3047 4906 δὲ
3074 4855 3277 4910 τούτων
3302 4842 3436 4913 πολὺ
3462 4878 3556 4931 χα-

1980 4928 2288 4999 λεπώτερος
2313 4944 2326 4960 '
2352 4930 2488 4999 ὅπερ
2519 4931 2626 5002 γὰρ
2654 4930 2824 5004 ἐφθην
2851 4933 3042 4999 εἰπὼν,
3069 4938 3169 5007 οὐχ
3187 4939 3371 5004 ἁπλῶς
3398 4928 3554 4995 θανά-

1981 5027 2097 5094 του,
2140 5009 2276 5094 ἀλλά
2306 5008 2536 5094 θανάτου
2563 5012 2659 5065 τοῦ
2683 5015 2957 5084 ἐπαράτου
2985 5018 3143 5070 τοῦτο
3174 5020 3438 5090 σύμϐολον
3463 5020 3550 5094 ἦν.

1982 5092 2153 5145 Πόθεν
2201 5086 2314 5156 οὖν,
2348 5092 2468 5173 εἰπέ
2514 5111 2635 5164 μοι,
2678 5097 2841 5150 πᾶσιν
2879 5097 3021 5151 οὕτω
3067 5098 3159 5153 νῦν
3192 5086 3555 5173 περισπούδα-

1984 5190 2131 5239 στος,
2159 5175 2323 5228 πᾶσιν
2355 5172 2498 5227 οὕτω
2532 5175 2779 5241 ποθεινὸς
2810 5179 3022 5247 γέγονε,
3042 5183 3260 5237 πάντων
3297 5188 3556 5256 προτιμό-

1981 5273 2168 5327 τερος;

2052 5338 2194 5391 Αὐτὸ
2222 5337 2278 5391 δὲ
2304 5337 2365 5390 τὸ
2392 5337 2545 5420 ξύλον
2571 5339 2747 5393 ἐκεῖνο
2767 5378 2783 5404 ,
2808 5341 2937 5396 ἔνθα
2963 5344 3023 5397 τὸ
3057 5346 3213 5414 ἅγιον
3247 5348 3410 5420 ἐτάθη
3448 5350 3552 5401 σῶ-

1987 5438 2063 5491 μα
2082 5422 2173 5474 καὶ
2196 5418 2641 5490 ἀνεσκολοπίσθη,
2658 5421 2777 5485 πῶς
2804 5424 2921 5477 ἐστι
2942 5429 3316 5497 περιμάχητον
3345 5418 3551 5495 ἄπαις

1984 5504 2077 5556 καὶ
2117 5501 2311 5571 μικρόν
2347 5517 2400 5552 τι
2452 5500 2817 5569 λαμϐάνοντες
2862 5505 2925 5570 ἐξ
2968 5508 3176 5561 ἐκείνου
3218 5511 3430 5575 πολλοὶ,
3462 5514 3554 5565 καὶ

1983 5584 2168 5656 χρυσῷ
2219 5583 2657 5648 κατακλείοντες,
2692 5588 2786 5641 καὶ
2816 5588 3009 5659 ἀνδρες
3034 5591 3123 5643 καὶ
3163 5596 3415 5658 γυναῖκες
3447 5596 3555 5647 τῶν

1981 5668 2268 5741 τραχήλων
2321 5664 2589 5737 ἐξαρτῶσι
2638 5668 2748 5721 τῶν
2800 5671 3008 5724 ἑαυτῶν
3054 5673 3551 5746 καλλωπιζόμενοι,

1982 5752 2162 5808 καίτοι
2190 5747 2484 5819 καταδίκης
2507 5748 2773 5820 σύμϐολον
2809 5754 2870 5808 τὸ
2899 5753 3054 5821 ξύλον
3078 5752 3167 5827 ἦν,
3197 5758 3371 5825 κμίτοι
3400 5758 3551 5827 ιδω
