3866 6226
313 386 423 443 825

319 505 586 563 fruuntur,
609 512 696 552 res
716 510 899 549 eorum
921 494 1147 558 florent;
1170 490 1235 545 iis
1254 505 1383 544 vero
1406 485 1650 552 mortuis,
1673 494 1895 556 pereunt

319 606 374 650 et
401 594 599 646 otttnia.
622 588 774 655 Quod
797 604 902 642 nou
931 586 985 641 iu
1009 585 1172 640 divite
1191 624 1207 649 ,
1237 597 1411 652 neque
1437 582 1489 636 in
1516 578 1757 649 principe
1783 584 1900 631 tan-

322 697 456 751 tum,
479 683 573 739 sed
602 683 656 736 in
686 684 801 751 ipso
827 679 1152 749 lmperatore
1174 674 1583 730 animadvertas.
1609 671 1816 727 Etenim
1846 678 1901 726 et

322 778 467 845 leges
509 789 694 829 eorum
738 773 1081 840 abrogantur,
1122 776 1178 823 ct
1215 768 1470 837 imagines
1511 766 1897 831 obscurantur,

325 863 583 919 memoria
622 876 809 917 eorum
838 858 1217 928 exstinguitur,
1246 871 1438 911 nomen
1484 856 1538 909 in
1578 853 1900 909 oblivionem

326 958 489 1020 venit,
519 954 740 1009 clientes
760 952 1123 1022 despiciuntur
1147 968 1161 1004 :
1189 950 1397 1004 illorum
1418 948 1621 1003 scilicet
1644 946 1731 1017 qui
1758 946 1904 1016 prius

326 1063 473 1101 arma
506 1052 801 1111 moverant,
829 1043 918 1113 qui
947 1053 1075 1097 nutu
1103 1041 1221 1095 solo
1245 1040 1468 1109 pepulos
1487 1080 1501 1102 ,
1531 1038 1689 1092 urbes
1713 1051 1905 1104 resque

329 1138 568 1206 publicas
588 1141 941 1199 mutaverant,
965 1132 1155 1201 quibus
1176 1130 1365 1190 licebat
1388 1138 1440 1184 et
1463 1127 1728 1195 occidere,
1759 1135 1814 1181 et
1837 1125 1904 1181 ad

328 1229 643 1298 supplicium
681 1226 869 1281 ductos
912 1240 942 1278 a
989 1232 1160 1277 morte
1207 1222 1452 1277 liberare.
1498 1222 1748 1275 Attamen
1793 1218 1908 1272 hanc

329 1324 508 1375 omnia
554 1318 809 1390 pereunt,
850 1318 971 1372 licet
1015 1326 1172 1371 antea
1215 1314 1511 1369 ﬂoruerint.
1547 1311 1617 1368 At
1658 1325 1814 1367 secus
1852 1311 1906 1365 in

330 1412 547 1467 Christo
573 1427 588 1463 :
619 1425 741 1464 nam
767 1418 892 1463 ante
911 1421 1123 1463 erucem
1154 1406 1206 1460 in
1238 1405 1380 1459 luctu
1408 1418 1494 1459 res
1530 1411 1718 1467 erant,
1744 1401 1908 1457 Judas

335 1501 565 1572 prodidit
585 1541 598 1562 ,
632 1500 819 1554 Petrus
851 1498 1089 1568 negavit,
1121 1495 1308 1564 reliqui
1339 1494 1615 1564 fugerunt,
1644 1492 1790 1547 solus
1818 1491 1909 1546 ille

334 1592 476 1645 inter
499 1590 743 1645 inimicos
768 1589 1185 1658 comprehensus
1225 1594 1342 1651 est,
1385 1585 1534 1638 multi
1580 1600 1647 1638 ex
1692 1584 1788 1649 iis,
1819 1582 1910 1652 qui

333 1682 707 1749 crediderant,
757 1691 1050 1736 retrorsum
1099 1680 1360 1733 abierunt.
1401 1678 1688 1747 Postquam
1733 1683 1910 1730 autem

338 1776 545 1830 occisus
572 1776 732 1828 vitam
760 1773 970 1838 clausit,
1000 1782 1057 1826 ut
1084 1772 1258 1826 discas
1297 1786 1453 1837 eum,
1494 1770 1583 1839 qui
1622 1768 1913 1824 cruciﬁxus

338 1875 443 1929 est,
476 1879 579 1918 non
611 1877 797 1933 purum
826 1861 1094 1916 hominem
1128 1858 1329 1926 fuisse,
1358 1873 1446 1913 res
1480 1860 1595 1928 ejus
1620 1857 1910 1925 clariores,

340 1957 654 2012 illustriores
693 1969 758 2009 ac
800 1953 1135 2008 sublimiores
1176 1958 1482 2005 evaserunt.
1521 1951 1659 2004 Ante
1700 1962 1915 2003 crucem

342 2051 588 2120 princeps
605 2046 990 2118 apostolorum,
1016 2059 1083 2100 ne
1101 2043 1331 2098 ostiariae
1350 2042 1562 2112 quidem
1583 2041 1757 2095 minas
1776 2040 1914 2105 tulit,

344 2141 438 2196 scd
460 2150 582 2210 post
612 2148 809 2194 tantam
841 2137 1192 2192 initiationem
1212 2176 1228 2203 ,
1255 2135 1430 2190 aiebat
1464 2149 1524 2189 se
1560 2134 1769 2189 nescire
1797 2133 1917 2202 quis

344 2240 488 2284 esset
512 2248 527 2284 :
557 2237 675 2299 post
693 2242 907 2283 crucem
928 2242 1057 2282 vero
1082 2226 1267 2282 orbem
1298 2234 1557 2279 terrarum
1584 2222 1915 2295 peragravit:

346 2322 468 2377 hinc
499 2320 763 2376 innumeri
787 2319 969 2390 populi
997 2326 1287 2390 martyrum
1326 2317 1553 2387 jugulati
1592 2327 1737 2381 sunt,
1783 2329 1921 2384 prie-

344 2420 589 2479 optantes
611 2409 817 2475 occidi,
846 2423 1002 2479 quam
1029 2422 1091 2463 ea
1120 2407 1263 2477 loqui
1287 2449 1304 2474 ,
1331 2421 1450 2476 quae
1479 2407 1727 2475 loquutus
1752 2404 1923 2459 fuerat

350 2504 594 2572 princeps
618 2499 1002 2569 apostolorum,
1032 2496 1189 2553 unius
1213 2497 1443 2553 ostiarite
1465 2505 1669 2551 terrore
1705 2507 1925 2563 supera-

348 2607 454 2649 tus.
487 2593 617 2647 lliuc
646 2605 832 2645 omnes
855 2590 1120 2659 regiones,
1147 2595 1202 2643 et
1228 2601 1415 2641 omnes
1442 2586 1706 2651 civitates,
1730 2584 1918 2639 deser-

352 2695 490 2746 tum,
521 2682 751 2737 habitata
782 2690 835 2736 et
860 2679 1148 2735 inhabitata
1176 2687 1352 2741 terra,
1381 2676 1695 2732 cruciﬁxum
1733 2674 1925 2744 praedi-

348 2788 556 2828 camus.
598 2773 808 2843 Reges,
854 2771 1046 2835 duces,
1095 2769 1389 2839 principes,
1416 2766 1699 2832 consules,
1732 2765 1923 2832 liberi,

351 2878 514 2930 servi,
537 2862 736 2929 idiotse,
758 2861 1044 2930 sapientes,
1068 2858 1400 2927 insipientes,
1423 2855 1656 2922 barbari,
1678 2855 1927 2923 variaque

354 2953 626 3007 hominum
648 2966 863 3020 genera,
888 2950 1100 3005 demum
1127 2950 1392 3013 univerSa,
1413 2963 1566 3015 quam
1589 2946 1667 3000 sol
1693 2945 1925 3013 respicit,

356 3054 496 3098 terra
542 3056 645 3097 tam
679 3045 851 3112 ampla
880 3043 983 3097 hoc
1012 3043 1228 3096 nomine
1251 3050 1306 3096 et
1334 3040 1451 3110 ejus
1476 3040 1787 3094 adoratioue
1826 3037 1929 3092 fre-

354 3144 659 3202 qucutatur,
684 3142 741 3187 ut
768 3132 942 3187 discas
970 3132 1094 3202 quhl
1126 3133 1232 3194 sit,
1262 3125 1373 3183 Erit
1399 3130 1591 3201 requies
1614 3131 1721 3198 ejus
1745 3130 1926 3181 honor.

355 3224 528 3280 Locus
554 3234 756 3287 autem,
785 3222 876 3292 qui
901 3235 1096 3291 corpus
1121 3220 1248 3274 illud
1276 3221 1513 3274 occisum
1538 3219 1778 3287 recepit,
1810 3216 1932 3271 licet

359 3315 645 3368 admodum
673 3326 866 3382 parvus
890 3319 945 3366 et
968 3319 1242 3381 angustus,
1274 3308 1567 3364 innumeris
1591 3323 1774 3379 regum
1796 3308 1933 3364 aulis

359 3404 731 3468 venerabilior,
761 3401 993 3472 ipsisque
1030 3402 1242 3472 regibus
1266 3401 1547 3471 pretiosior
1576 3415 1590 3453 :
1620 3398 1692 3453 Et
1730 3399 1823 3453 erit
1848 3415 1933 3454 re-

357 3497 498 3564 quia
522 3496 631 3564 ejus
655 3494 837 3547 honor.
863 3491 1121 3562 Quodque
1148 3492 1391 3546 mirabile
1419 3491 1564 3545 dictu
1592 3499 1675 3545 est
1702 3508 1716 3545 :
1748 3490 1800 3545 id
1827 3504 1932 3544 non

362 3585 458 3655 ipsi
490 3591 715 3648 tantum,
745 3581 841 3637 sed
867 3581 1026 3636 etiam
1050 3582 1329 3651 discipulis
1356 3580 1474 3650 ejus
1512 3579 1735 3649 contigit
1764 3597 1777 3633 :
1811 3594 1934 3633 nam

362 3674 451 3743 qni
469 3675 515 3728 vi
529 3673 858 3729 ducebantur
871 3680 925 3726 et
946 3671 1461 3742 circumagebantur,
1484 3671 1798 3740 contempti,
1820 3670 1939 3723 vin-

361 3768 456 3830 cti,
489 3764 786 3820 innumeris
810 3764 966 3819 malis
992 3764 1168 3819 allecti
1192 3803 1207 3828 ,
1238 3773 1359 3832 post
1385 3772 1611 3817 mortem
1642 3762 1769 3830 ipsis
1794 3761 1936 3831 regi-

366 3859 465 3911 bus
493 3855 913 3911 honorabiliores
939 3862 1081 3908 sunt.
1110 3853 1165 3908 ld
1192 3853 1461 3922 quomodo
1497 3852 1587 3905 flat
1626 3851 1893 3921 perpende
1920 3868 1934 3904 :

365 3948 417 4001 in
448 3948 589 4016 regia
618 3946 750 4000 urbe
774 3945 961 4010 Roma,
993 3943 1170 3998 missis
1196 3943 1316 3996 aliis
1343 3941 1592 3997 omnibus
1611 3981 1627 4007 ,
1658 3940 1725 3995 ad
1763 3941 1941 4010 sepul-

365 4054 456 4093 cra
487 4036 765 4107 piscatoris
793 4044 848 4090 et
885 4034 1237 4090 tentoriorum
1274 4033 1478 4103 opificis
1507 4041 1794 4087 accurrunt
1836 4032 1941 4086 lm-

369 4139 659 4200 peratores,
685 4128 953 4191 consules,
985 4127 1313 4182 exercituum
1342 4126 1542 4181 duces:
1565 4123 1940 4180 Constantino-

368 4220 474 4289 poli
519 4234 648 4273 vero
678 4219 695 4250 ¹
737 4233 843 4271 non
890 4232 1054 4285 prope
1098 4218 1366 4285 apostolos
1389 4257 1405 4279 ,
1452 4217 1546 4273 sed
1574 4218 1707 4271 foris
1735 4216 1801 4271 ad
1831 4217 1939 4285 ipsa

371 4311 551 4365 limina
598 4318 916 4379 optaverunt
958 4309 1023 4371 ii,
1069 4308 1160 4377 qui
1204 4309 1501 4363 diademate
1546 4307 1938 4373 redimiuntur,

365 4417 595 4471 corpora
623 4416 717 4456 sua
744 4400 961 4470 sepeliri
986 4418 1001 4454 :
1024 4408 1183 4470 atque
1217 4401 1290 4454 ita
1339 4399 1688 4469 Imperatores
1713 4398 1944 4467 piscato-

369 4507 488 4547 rum
508 4491 710 4547 ostiarii
736 4490 860 4545 facti
889 4498 1046 4545 sunt:
1070 4490 1148 4545 sic
1174 4490 1227 4544 in
1248 4490 1394 4544 obitu
1419 4488 1520 4544 hoc
1544 4502 1652 4543 non
1670 4487 1941 4553 dedecori,

371 4582 465 4637 sed
495 4582 683 4637 honori
712 4581 815 4636 sibi
840 4595 961 4636 esse
985 4587 1306 4649 putantnon
1328 4579 1500 4633 solum
1522 4578 1646 4648 ipsi,
1668 4576 1761 4632 sed
1783 4576 1943 4632 etiam

373 4689 559 4729 eorum
577 4683 817 4742 nepotes.
838 4671 904 4725 Et
919 4672 1032 4737 erit,
1053 4671 1241 4740 inquit,
1262 4671 1455 4740 requies
1470 4671 1579 4741 ejus
1595 4668 1775 4722 honor.
1797 4667 1946 4722 Tunc

372 4765 593 4821 honoris
605 4763 1017 4834 magnitudinem
1035 4762 1256 4827 videbis,
1275 4776 1394 4816 cum
1412 4761 1599 4815 mortis
1612 4760 1726 4829 ejus
1740 4759 1947 4830 synthe-

374 4859 482 4911 lum
527 4856 817 4910 didiceris:
843 4854 1064 4920 mortis,
1107 4853 1321 4923 inquam
1346 4892 1364 4918 ,
1402 4851 1732 4916 maledictus,
1761 4850 1947 4903 mortis

377 4948 613 5004 oumium
640 4944 1174 5016 ignominiosissimze.
1204 4943 1316 4996 lloc
1340 4941 1535 5011 quippe
1559 4940 1731 4996 solum
1762 4940 1948 4994 mortis

375 5054 544 5109 genus
586 5036 869 5092 maledicto
896 5035 1186 5091 obnoxium
1215 5042 1348 5088 erat.
1378 5032 1620 5101 Exempli
1648 5046 1806 5088 causa
1826 5070 1842 5097 ,
1873 5033 1949 5084 fa-

376 5130 742 5185 cinorosorum
764 5126 888 5181 olim
915 5126 1003 5179 alii
1031 5122 1499 5187 comburebantur,
1525 5122 1615 5176 alii
1639 5121 1949 5190 lapidaban-

379 5230 485 5285 tur,
530 5217 619 5271 alii
671 5218 776 5271 alio
822 5214 1064 5285 supplicii
1117 5228 1312 5284 genere
1363 5214 1523 5267 vitam
1578 5210 1948 5266 catudebant:

380 5307 667 5362 cruciﬁxus
710 5314 911 5372 autem,
956 5306 1009 5360 in
1054 5306 1198 5374 ligno
1246 5305 1502 5374 pendens,
1534 5319 1639 5357 non
1679 5303 1732 5357 id
1777 5304 1949 5357 solum

382 5399 507 5452 tuali
535 5397 855 5468 patiebatur,
882 5396 1026 5466 quod
1052 5410 1171 5451 eam
1196 5395 1400 5450 subiret
1418 5394 1836 5459 damnationem,
1858 5395 1950 5449 sed

447 5559 463 5589 ¹
498 5565 565 5606 De
596 5554 802 5605 Fcclesia
836 5560 907 5601 ss.
934 5550 1279 5623 Apostolorum,
1317 5553 1364 5623 in
1388 5552 1759 5623 cujusAporticu-
1779 5548 1955 5623 sepulti

388 5628 521 5667 erant
558 5628 635 5677 tur,
658 5625 891 5669 oratores,
910 5612 1169 5677 _quanu1u_e
1192 5612 1270 5661 alii
1288 5625 1314 5660 a
1335 5612 1655 5677 Constantino,
1679 5624 1705 5659 a
1728 5618 1955 5677 Consum:

387 5678 555 5787 t‘tloaalii
589 5671 818 5728 structam
850 5671 1030 5736 volunt,
1069 5671 1178 5724 vide
1208 5676 1435 5736 (Langiutu
1474 5675 1523 5723 in
1558 5671 1957 5763 musuuuupwli

1812 5777 1858 5799 *-

884 378 1152 437 CONTRA
1187 372 1467 433 εἰ]οιΕῶ
1504 369 1591 428 E'l'
1628 365 1987 428 GENTILES,
2028 366 2212 433 QUOD
2248 366 2584 425 CHRISTUS
2621 367 2726 423 SIT
2763 366 2958 424 DEUS.

3474 361 3579 415 82ῑῖ

2001 482 2139 549 quod
2168 482 2477 537 maledictus
2496 492 2671 536 esset:
2694 481 2993 534 Matt-dicm;
3018 482 3182 545 enim,
3202 479 3388 551 inquit,
3410 481 3573 535 omnis

1999 573 2085 641 qui
2111 574 2290 641 pendet
2317 573 2367 625 in
2395 574 2552 644 ligno.
2584 572 2759 639 (Deut.
2792 574 2879 626 2|.
2906 572 3017 642 25).
3059 575 3306 626 Attamen
3356 571 3573 625 maledi-

2000 672 2141 716 ctum
2173 661 2301 717 illud
2325 663 2679 727 exsecrabile,
2708 664 2933 717 extremi
2964 663 3208 733 supplicii
3240 663 3567 734 symbolum,

2002 768 2141 808 nunc
2166 753 2517 808 desiderabile
2541 753 2874 823 amabileque
2902 754 3095 808 factum
3119 763 3223 809 est.

2072 842 2249 898 Crucis
2291 844 2422 914 signi
2449 860 2569 898 usus
2615 845 2793 914 ubique
2837 845 3284 913 frequentissimus.
3320 872 3393 886 —-
3435 845 3577 901 Nihil

2004 935 2146 989 enim
2190 935 2580 1003 imperatoriam
2624 950 2873 989 coronam
2923 936 3000 991 sic
3044 946 3300 1002 exornat,
3356 945 3414 991 ut
3449 951 3578 993 crux

2007 1026 2255 1079 Universo
2300 1023 2498 1079 mundo
2547 1025 2831 1095 pretiosior
2870 1044 2884 1079 :
2928 1035 2982 1080 et
3024 1026 3166 1096 quod
3211 1041 3400 1085 omnes
3448 1028 3578 1082 olim

2005 1114 2451 1170 exhorrescebant
2470 1153 2486 1180 ,
2513 1115 2627 1184 ejus
2656 1129 2797 1169 nunc
2834 1115 2997 1185 ﬁgura
3024 1117 3093 1170 ita
3122 1119 3363 1171 certatim
3388 1118 3581 1187 exqui-

2007 1206 2140 1259 ritur
2168 1206 2235 1260 ab
2265 1205 2530 1271 omnibus,
2570 1213 2629 1259 ut
2657 1205 2849 1275 ubique
2875 1206 3185 1275 reperiatur,
3212 1207 3348 1277 apud
3383 1206 3579 1275 princi-

2008 1312 2102 1367 pes
2128 1307 2181 1351 et
2215 1296 2453 1353 subditos
2472 1338 2489 1365 ,
2519 1298 2658 1366 apud
2688 1297 2935 1352 mulieres
2956 1306 3011 1352 et
3039 1296 3215 1364 viros,
3258 1297 3397 1368 apud
3420 1299 3583 1369 virgi-

2009 1407 2102 1446 nes
2118 1401 2171 1446 et
2198 1402 2408 1461 nuptas,
2431 1391 2569 1461 apud
2594 1405 2776 1445 servos
2792 1398 2843 1445 et
2862 1390 3057 1446 liberos
3082 1408 3094 1443 :
3119 1406 3240 1445 nam
3259 1390 3383 1445 illud
3400 1405 3587 1445 omnes

2009 1485 2214 1553 signum
2242 1481 2545 1551 frequenter
2562 1482 2868 1551 imprituunt
2890 1482 2940 1535 in
2960 1482 3321 1535 membrorum
3340 1480 3585 1535 nobiliori

2010 1584 2197 1644 parte;
2224 1581 2278 1627 et
2306 1573 2357 1626 in
2388 1570 2560 1625 fronte
2580 1587 2679 1626 ceu
2697 1572 2746 1625 in
2774 1571 3018 1624 columna
3044 1570 3321 1640 figuratum
3346 1569 3589 1638 quotidie

2012 1662 2412 1719 circumferunt.
2462 1661 2575 1715 Hoc
2606 1662 2657 1714 in
2688 1676 2837 1714 sacra
2866 1676 3048 1714 mensa
3072 1699 3088 1725 ,
3125 1660 3226 1714 hoc
3259 1660 3310 1712 in
3338 1659 3587 1715 sacerdo-

2015 1763 2123 1807 tum
2152 1752 2592 1816 ordinationibus,
2624 1751 2723 1805 hoc
2755 1766 2965 1805 rursum
2995 1765 3114 1804 cum
3142 1764 3365 1818 corpore
3393 1748 3589 1806 Christi

2015 1845 2067 1899 in
2114 1846 2331 1915 mystica
2375 1858 2526 1898 coena
2564 1842 2805 1912 refulget.
2861 1842 2973 1897 Hoc
3024 1841 3217 1910 ubique
3264 1841 3589 1896 celebratum

2015 1935 2194 1989 videre
2234 1943 2350 2000 est,
2382 1934 2434 1988 in
2459 1932 2737 1997 domibus,
2781 1932 2833 1986 in
2855 1931 3002 1996 foro,
3028 1932 3081 1986 in
3111 1930 3357 1996 desertis,
3387 1931 3439 1985 in
3467 1931 3588 1997 viis,

2017 2024 2071 2077 in
2119 2024 2421 2090 montibus,
2474 2024 2526 2077 in
2570 2022 2825 2087 saltibus,
2869 2022 2921 2085 in
2963 2021 3222 2086 collibus,
3252 2020 3303 2074 in
3334 2021 3506 2086 mari,
3538 2020 3592 2074 in

2019 2115 2261 2179 navibus,
2292 2114 2344 2169 in
2374 2114 2579 2181 insulis,
2599 2114 2652 2168 in
2677 2114 2847 2180 lectis,
2872 2114 2924 2167 in
2948 2113 3296 2177 vestimentis,
3329 2112 3382 2167 in
3404 2113 3592 2179 armis,

2022 2205 2072 2259 in
2103 2204 2366 2270 thalamis,
2397 2204 2450 2258 in
2475 2204 2750 2270 conviviis,
2779 2203 2831 2258 in
2862 2205 3000 2258 vasis
3019 2203 3284 2273 argenteis
3311 2212 3367 2257 et
3393 2202 3593 2268 aureis,

2022 2296 2074 2350 in
2094 2296 2416 2369 margaritis,
2430 2293 2484 2348 in
2496 2294 2764 2362 parietum
2777 2293 3028 2365 picturis,
3051 2294 3104 2347 in
3126 2292 3440 2362 corporibus
3461 2292 3596 2347 bru-

2024 2395 2197 2440 turum
2215 2386 2351 2439 male
2373 2384 2596 2452 affectis,
2624 2385 2674 2438 in
2696 2386 3006 2453 corporibus
3025 2398 3053 2436 a
3076 2382 3317 2438 daemone
3342 2381 3597 2449 obsessis,

2025 2475 2076 2527 in
2104 2473 2284 2538 bellis,
2316 2473 2370 2526 in
2402 2487 2565 2542 pace,
2590 2472 2642 2525 itt
2671 2471 2889 2537 diebus,
2919 2472 2971 2525 in
2998 2471 3260 2535 noctibus,
3308 2470 3359 2524 in
3388 2469 3598 2525 choreis

2025 2564 2419 2632 tripudiautium
2443 2602 2459 2627 ,
2501 2562 2553 2614 in
2581 2560 2837 2615 sodalitiis
2863 2574 2982 2615 sese
3008 2560 3387 2614 macerantium
3412 2575 3427 2624 ;
3466 2559 3603 2614 adeo

2025 2655 2268 2709 certatim
2317 2653 2514 2707 donum
2556 2652 2658 2706 hoc
2700 2651 2977 2715 mirabile,
3022 2649 3243 2719 ejusque
3281 2649 3599 2705 ineﬂ'abilem

2026 2747 2249 2817 gratiam
2292 2758 2478 2798 omnes
2520 2743 2848 2813 perquirunt.
2893 2741 3061 2796 Nemo
3106 2741 3306 2809 pudore
3348 2740 3599 2806 afﬁcitur,

2029 2836 2111 2889 vel
2137 2834 2405 2890 erubescit
2431 2833 2556 2887 dum
2585 2833 2779 2902 cogitat
2803 2830 2906 2885 hoc
2932 2830 3225 2885 maledicta:
3250 2830 3438 2885 mortis
3460 2844 3605 2900 sym-

2030 2925 2210 2979 bolum
2238 2938 2388 2989 esse;
2416 2922 2510 2977 sed
2542 2922 2630 2976 illo
2657 2936 2844 2977 omnes
2871 2922 3039 2990 magis
3065 2934 3419 2985 exornamur,
3448 2934 3604 2987 quam

2031 3017 2242 3071 coronis
2261 3055 2275 3081 ,
2316 3015 2721 3081 diadematibus,
2749 3022 2803 3068 et
2828 3014 2973 3067 mille
2998 3012 3401 3082 margaritarum
3430 3011 3601 3065 moni-

2034 3107 2212 3161 libus:
2244 3106 2315 3161 ita
2358 3120 2464 3159 non
2506 3104 2665 3159 modo
2715 3117 2821 3157 non
2863 3117 3171 3157 aversamur
3214 3116 3463 3168 crucem,
3511 3103 3607 3155 scd

2033 3198 2192 3252 etiam
2236 3195 2477 3250 amabilis
2522 3195 2607 3248 illa
2657 3192 3131 3262 desiderabilisque
3180 3192 3425 3247 omnibus
3477 3201 3606 3246 est:

2035 3287 2229 3354 ubique
2257 3284 2345 3338 illa
2370 3283 2571 3354 fulget,
2599 3282 2650 3337 in
2677 3282 2966 3352 parietibus
2990 3282 3267 3335 domorum
3289 3321 3305 3346 ,
3346 3279 3401 3334 iu
3430 3280 3609 3346 tectis,

2036 3379 2088 3433 in
2122 3378 2271 3433 libris
2291 3418 2305 3443 ,
2348 3378 2402 3431 in
2428 3376 2647 3431 urbibus
2668 3416 2683 3442 ,
2724 3375 2779 3429 in
2806 3374 2936 3428 vicis
2955 3415 2971 3440 ,
3014 3375 3065 3428 in
3096 3373 3307 3428 incultis
3330 3413 3345 3438 ,
3378 3372 3430 3426 in
3456 3372 3613 3427 cultis

2037 3470 2189 3524 locis.
2221 3468 2318 3524 Hic
2355 3467 2581 3521 libenter
2604 3465 2866 3522 Gentilem
2894 3466 3272 3533 interrogarem
3297 3504 3314 3531 ,
3345 3462 3612 3517 uudenam

2041 3560 2097 3611 lit
2120 3599 2136 3623 ,
2164 3567 2222 3611 ut
2245 3556 2600 3612 damnationis
2633 3555 3031 3622 maledictaque
3068 3554 3253 3608 mortis
3290 3552 3611 3623 symbolum,

2039 3646 2284 3701 omnibus
2307 3646 2379 3700 ita
2406 3644 2631 3700 amabile
2659 3643 2993 3713 Optabileque
3021 3643 3127 3697 sit?

2112 3736 2202 3791 10.
2244 3735 2397 3802 Quod
2429 3736 2474 3789 si
2523 3734 2653 3787 nihil
2681 3734 2781 3788 hoc
2807 3747 2926 3788 esse
2952 3742 3106 3802 putas
3128 3772 3144 3797 ,
3175 3731 3220 3787 si
3244 3732 3420 3788 adhuc
3447 3732 3619 3802 impu-

2041 3826 2173 3883 dens
2202 3840 2416 3891 manes,
2444 3826 2824 3893 veritatemque
2850 3824 3133 3890 aversaris,
3164 3831 3321 3892 atque
3344 3824 3409 3877 ad
3438 3824 3614 3878 lumen

2043 3916 2256 3970 cmcutis
2291 3934 2305 3968 :
2336 3928 2433 3984 age
2476 3913 2573 3968 tibi
2614 3914 2719 3967 alio
2756 3921 3068 3981 argumento
3114 3922 3615 3979 commonstramus,

2043 4014 2297 4074 quantum
2341 4005 2409 4058 sit
2446 4003 2594 4057 illud.
2649 4003 2814 4069 Quale
2860 4003 2989 4055 illud
3033 4003 3441 4073 argumentum?
3484 4003 3617 4057 Sunt

2040 4094 2307 4163 jutlieibus
2334 4092 2501 4147 multa
2540 4092 2916 4161 suppliciorum
2952 4106 3147 4160 genera
3167 4132 3182 4154 ,
3214 4090 3409 4160 lignum
3436 4132 3451 4156 ,
3481 4091 3613 4154 lora,

2047 4198 2269 4252 ungues,
2300 4182 2586 4252 plumbata,
2615 4182 2806 4251 quibus
2831 4195 3058 4251 corpora
3082 4181 3352 4245 lacerant,
3381 4180 3617 4235 membra

2048 4274 2352 4341 discerpunt
2396 4283 2551 4339 atque
2578 4271 2907 4340 suspendunt
2933 4288 2946 4325 :
2976 4272 3217 4342 quisnam
3243 4270 3403 4326 vellet
3426 4272 3539 4326 haec
3569 4273 3620 4325 in

2047 4366 2263 4419 domum
2282 4378 2429 4418 suam
2462 4362 2658 4418 inferre
2676 4361 2701 4415 ?
2725 4362 2857 4437 Quis
2871 4361 3028 4417 vellet
3052 4360 3314 4415 carniﬁcis
3330 4361 3445 4415 haec
3463 4377 3623 4431 agen-

2051 4455 2116 4507 tis
2156 4468 2370 4507 manutn
2408 4454 2753 4521 contingere,
2807 4451 2893 4506 vel
2935 4459 2994 4505 ut
3037 4450 3091 4505 id
3128 4450 3360 4515 videret,
3407 4452 3625 4519 propius

2050 4542 2338 4598 accedere?
2379 4542 2570 4595 Annon
2612 4541 2850 4609 plerique
2877 4539 2991 4593 haec
3013 4546 3361 4594 exsecrantur
3381 4579 3397 4604 ,
3428 4540 3627 4608 aliique

2052 4633 2173 4686 hinc
2198 4631 2337 4685 male
2363 4632 2665 4684 ominantur
2684 4670 2698 4694 ,
2729 4643 2792 4683 ac
2818 4643 2988 4698 neque
3011 4637 3205 4683 tactum
3223 4668 3239 4693 ,
3270 4643 3442 4697 neque
3468 4643 3627 4697 aspe—

2051 4732 2194 4777 ctum
2220 4720 2432 4777 ferunt?
2473 4723 2662 4775 Annon
2687 4718 2845 4793 etiam
2881 4718 3067 4786 procul
3093 4715 3330 4787 fugiunt,
3359 4727 3411 4771 et
3439 4717 3626 4772 oculos

2053 4811 2328 4867 avertunt?
2355 4811 2499 4865 Talis
2514 4810 2640 4864 olim
2666 4824 2797 4863 crux
2813 4818 2949 4872 erat,
2974 4808 3081 4862 imo
3095 4808 3198 4862 illis
3212 4807 3378 4862 multo
3392 4808 3628 4877 gravior.

2055 4903 2215 4968 Nam,
2246 4910 2305 4956 ut
2340 4910 2461 4955 ante
2502 4900 2648 4965 dixi,
2696 4914 2801 4953 non
2833 4906 3035 4953 tantum
3065 4898 3249 4953 mortis
3272 4939 3290 4965 ,
3331 4898 3424 4953 sed
3467 4898 3631 4953 etiam

2057 4991 2352 5046 maledictae
2396 4988 2581 5043 mortis
2618 4986 2917 5058 symbolum
2955 4995 3091 5043 erat.
3144 4986 3297 5043 Unde
3335 5001 3464 5057 ergo
3486 5026 3502 5051 ,
3544 4985 3633 5041 dic

2058 5082 2185 5136 mihi
2209 5122 2225 5149 ,
2269 5081 2377 5150 jam
2425 5081 2495 5134 ita
2545 5078 2914 5135 desiderabilis
2949 5077 3299 5149 optabilisque
3340 5076 3475 5131 facta
3519 5084 3626 5142 est,

2059 5175 2411 5243 omnibusque
2440 5170 2767 5226 antefertur?

2138 5266 2280 5320 γετω
2300 5266 2461 5319 crucis
2492 5263 2748 5331 particula:
2773 5262 2837 5315 ab
2861 5262 3087 5316 omnibus
3107 5257 3379 5327 exquisita.
3394 5284 3465 5295 —-
3494 5255 3627 5311 Illud

2061 5372 2188 5412 vero
2226 5358 2398 5426 ipsum
2439 5356 2672 5424 lignum,
2714 5354 2765 5406 in
2804 5366 2910 5421 quo
2946 5365 3154 5404 sacrum
3193 5360 3389 5414 corpus
3417 5359 3635 5416 passum

2065 5458 2119 5502 et
2144 5445 2455 5502 cruciﬁxum
2494 5452 2608 5508 est,
2652 5458 2747 5497 cur
2771 5441 3009 5496 certatim
3040 5451 3227 5493 omnes
3263 5434 3502 5490 adeunt?
3534 5432 3641 5488 Cur

2068 5536 2379 5606 particulam
2412 5533 2528 5602 ejus
2565 5531 2715 5586 multi
2745 5538 3016 5584 sumentes
3041 5540 3170 5580 auro
3196 5524 3453 5579 inclusam
3476 5564 3493 5590 ,
3523 5532 3635 5578 tum

2066 5630 2164 5683 viri
2195 5637 2305 5683 tum
2350 5625 2600 5680 mulieres
2630 5638 2675 5697 a_
2698 5622 2835 5675 collo
2869 5616 3197 5687 suspendunt
3235 5615 3302 5671 ad
3342 5626 3586 5670 ornatum
3618 5632 3634 5668 :

2070 5719 2169 5777 etsi
2202 5716 2555 5774 damnationis
2595 5722 2649 5768 et
2696 5711 2909 5765 ultionis
2958 5708 3254 5780 symbolum
3298 5707 3399 5763 hoc
3439 5708 3636 5777 lignum
