3866 6226
282 253 387 308 827

277 376 476 431 fuerit?
503 378 570 432 At
594 376 679 447 qui
708 374 882 429 omnia
910 375 1049 437 facit,
1078 383 1132 428 et
1157 373 1395 427 immutat
1418 387 1515 437 ea,
1546 373 1636 443 qui
1663 373 1847 427 orbem

278 482 344 524 ex
372 474 516 522 tanta
544 466 777 536 nequitia
805 463 1105 527 transtulit,
1136 471 1190 516 et
1216 471 1409 517 terram
1435 459 1622 517 caelum
1650 462 1848 529 effecit,
1874 482 1877 487 ·

275 559 435 614 etiam
459 572 571 613 rem
593 556 728 612 hanc
746 555 1003 625 \itupcrio
1028 554 1259 624 plenam,
1286 563 1340 608 et
1363 563 1588 610 mortem
1615 554 1850 608 omnium

278 646 835 720 ignominiosissimam
864 660 1022 714 supra
1059 645 1219 699 caelos
1247 645 1482 700 adduxit.
1533 645 1658 700 Haec
1694 645 1854 715 igitur

273 741 455 797 omnia
498 738 793 811 pr.evidens
834 739 1091 808 preplteta
1132 737 1343 792 dicebat
1369 755 1383 791 :
1411 736 1480 791 Et
1527 738 1621 793 erit
1656 737 1851 807 requies

273 832 384 900 ejus
407 830 587 883 honor.
613 828 724 883 Hoc
749 828 941 897 quippe
966 828 1150 881 mortis
1172 828 1491 898 symbolum,
1513 842 1685 898 neque
1710 826 1852 882 enim

274 920 436 973 finem
465 917 652 972 iaciam
676 916 747 970 ita
769 914 1040 985 loquendi,
1080 916 1261 971 multis
1289 915 1671 971 benedictionis
1692 930 1854 985 argu-

274 1018 510 1063 mentum
533 1006 778 1061 effectum
807 1014 908 1071 est,
938 1012 993 1060 et
1013 1004 1333 1059 omnimodas
1359 1004 1622 1060 firmitatis
1649 1020 1853 1071 murus,

273 1096 472 1157 diaboli
519 1094 765 1151 letbifera
815 1095 989 1164 plaga,
1036 1093 1341 1151 daemonum
1379 1094 1622 1157 fraznutn,
1672 1109 1856 1151 camus

276 1187 701 1242 adversariarum
745 1187 1019 1245 virtutum.
1061 1186 1173 1242 Hoc
1211 1194 1438 1242 mortem
1480 1185 1712 1253 sustulit,
1751 1184 1856 1241 hoc

278 1277 470 1333 inferni
521 1288 701 1347 portas
742 1292 910 1333 aereas
936 1276 1232 1347 confregit,
1276 1287 1455 1333 vectes
1497 1276 1701 1333 ferreos
1727 1291 1858 1332 con—

280 1366 459 1438 trivit,
487 1367 682 1422 diaboli
712 1382 887 1422 arcem
914 1366 1175 1421 destruxit
1199 1408 1215 1431 ,
1250 1366 1452 1437 peccati
1486 1382 1680 1421 nervos
1708 1367 1857 1420 exci-

278 1456 395 1524 dit,
446 1467 613 1513 totum
668 1458 853 1511 orbem
906 1455 1234 1510 damnationi
1285 1455 1581 1526 subjectum
1637 1456 1852 1526 eripuit,

278 1548 570 1603 immissam
614 1547 866 1602 divinitus
914 1556 1116 1601 natura;
1161 1556 1356 1601 nostra:
1385 1547 1589 1618 plagam
1632 1548 1856 1603 curavit.

280 1637 415 1704 Quid
453 1637 609 1691 dico?
638 1636 790 1703 Quod
830 1651 937 1690 non
980 1644 1202 1705 potuere
1227 1650 1375 1690 mare
1400 1635 1629 1691 divisum
1650 1676 1666 1701 ,
1694 1645 1859 1705 petrae

268 1712 495 1793 scissae,
536 1742 630 1781 acr
671 1735 942 1793 mutatus,
985 1740 1179 1779 manna
1218 1724 1563 1795 quadraginta
1600 1727 1752 1779 annis
1786 1734 1862 1780 tot

283 1820 555 1875 hominum
585 1819 815 1872 millibus
842 1825 1114 1887 erogatum
1133 1857 1149 1883 ,
1176 1814 1260 1871 lex
1285 1826 1340 1871 et
1363 1816 1466 1871 alia
1491 1818 1637 1887 signa
1659 1831 1779 1871 cum
1808 1817 1859 1871 in

282 1909 495 1963 deserto
518 1950 532 1972 ,
575 1916 685 1960 tum
722 1908 772 1960 iu
807 1906 1086 1960 Palzestina
1131 1906 1263 1959 facta
1285 1946 1301 1972 ,
1349 1904 1463 1959 btec
1505 1907 1675 1976 potuit
1708 1920 1860 1973 crux,

284 2014 388 2051 non
418 1999 470 2051 in
505 2011 609 2051 uua
637 2006 795 2066 gente
815 2037 830 2061 ,
876 1994 971 2050 sed
1010 1996 1062 2049 in
1089 2004 1200 2050 toto
1226 1995 1386 2062 orbe;
1418 2009 1546 2050 crux
1568 2036 1586 2061 ,
1626 1996 1862 2065 inquam,

286 2088 619 2144 maledictum
652 2088 947 2158 symbolum
968 2127 983 2151 ,
1027 2086 1272 2141 omnibus
1299 2086 1643 2152 horrendum,
1692 2086 1865 2141 omni-

285 2179 384 2235 bus
407 2178 808 2242 exsecrandum,
839 2186 955 2246 post
984 2176 1223 2231 crucifixi
1249 2184 1473 2230 mortem
1496 2177 1665 2245 potuit
1685 2176 1863 2230 omnia

287 2271 431 2324 nullo
460 2270 673 2338 negotio
704 2269 979 2337 perlicere.
1017 2266 1201 2337 Neque
1229 2267 1343 2322 lucc
1365 2266 1698 2320 solummodo
1722 2307 1738 2331 ,
1770 2266 1863 2322 sed

286 2374 372 2426 ea,
394 2374 512 2429 qum
541 2368 719 2427 postea
746 2367 965 2426 sequuta
985 2367 1128 2423 sunt,
1150 2357 1267 2426 ejus
1292 2357 1540 2410 virtutem
1561 2356 1861 2411 declarant.

287 2450 481 2504 Orbem
511 2451 651 2503 cnim
699 2458 958 2503 terrarum
981 2488 999 2515 ,
1044 2446 1135 2517 qui
1173 2446 1347 2517 quoad
1389 2446 1636 2501 virtutem
1669 2448 1864 2501 sterilis

287 2547 437 2603 erat,
482 2553 581 2592 nec
624 2537 810 2592 melius
839 2552 898 2591 se
922 2535 1187 2602 habebat,
1224 2551 1380 2605 quam
1409 2535 1675 2591 desertum
1700 2577 1716 2603 ,
1744 2550 1863 2591 cum

288 2641 397 2682 non
423 2638 601 2695 posset
640 2625 908 2695 quidpiam
941 2625 1065 2680 boni
1096 2640 1285 2696 parere
1307 2666 1323 2692 ,
1354 2626 1533 2679 statim
1563 2626 1864 2695 paradisum

288 2727 343 2772 et
386 2725 610 2771 matrem
652 2715 1081 2771 fecundissimam
1116 2715 1309 2771 effecit.
1358 2716 1425 2771 Et
1469 2715 1571 2771 hoc
1611 2716 1702 2770 diu
1742 2726 1865 2771 ante

291 2806 660 2877 prtenuutiavit
712 2804 968 2874 pr0pheta
1014 2804 1098 2860 bis
1142 2805 1322 2860 verbis
1362 2822 1377 2859 :
1411 2803 1639 2872 Laetare,
1660 2806 1864 2870 sterilis,

288 2912 402 2966 qua
441 2913 541 2950 non
571 2898 708 2966 paris
731 2911 750 2950 :
778 2913 985 2965 erumpe
1009 2904 1057 2949 et
1084 2896 1267 2964 clama,
1324 2912 1439 2966 qua:
1479 2912 1581 2950 non
1619 2897 1863 2966 parturis,

290 2987 409 3052 quia
435 2986 578 3038 multi
618 2985 711 3052 ﬁlii
745 2984 953 3037 deserta:
992 2984 1150 3054 magis
1174 3025 1189 3049 ,
1229 3000 1380 3055 quam
1421 2983 1531 3053 ejus
1567 2999 1681 3053 qua:
1720 2984 1866 3038 habet

288 3076 449 3129 virum
467 3073 665 3147 (Hesai.
682 3074 770 3128 54.
788 3076 862 3143 1).
877 3073 1026 3141 Quod
1047 3088 1171 3128 vero
1186 3088 1306 3127 cum
1325 3074 1480 3128 talem
1501 3087 1617 3128 eam
1633 3073 1863 3137 fecisset,

291 3164 459 3233 legem
499 3163 597 3233 ipsi
642 3160 849 3216 dederit
892 3162 1057 3216 multo
1097 3162 1517 3231 praestantiorem
1568 3161 1765 3230 priori,
1812 3160 1863 3214 id

292 3253 511 3307 minime
548 3260 823 3307 tacuerunt
850 3252 1119 3320 propheta:
1150 3268 1164 3304 :
1192 3265 1256 3305 ac
1283 3251 1404 3305 vide
1429 3250 1554 3319 quid
1586 3250 1861 3320 praesigni-

293 3344 564 3397 licaverint
596 3359 612 3396 :
643 3341 923 3410 Disponam
948 3343 1020 3394 eis
1049 3349 1394 3394 testamentum
1423 3355 1606 3393 novum
1624 3378 1640 3405 ,
1666 3356 1767 3393 non
1790 3356 1871 3393 se-

292 3432 511 3485 cundum
536 3439 882 3485 testamentum
906 3469 922 3494 ,
951 3428 1087 3499 quod
1116 3429 1344 3499 disposui
1369 3428 1599 3499 patribus
1618 3444 1788 3482 eorum
1814 3428 1867 3481 in

293 3522 375 3576 die
397 3537 494 3590 qua
522 3535 730 3572 manum
758 3534 927 3572 eorum
962 3517 1304 3588 apprehendi,
1335 3526 1389 3570 ut
1418 3517 1675 3571 educerem
1696 3534 1778 3571 eos
1808 3517 1871 3572 de

293 3621 425 3664 terra
451 3607 668 3678 Egypti
690 3623 709 3661 :
730 3608 848 3675 quia
886 3607 987 3674 ipsi
1026 3622 1127 3659 non
1160 3616 1453 3659 manserunt
1486 3607 1540 3659 in
1579 3616 1869 3661 testamento

294 3718 404 3756 meo
426 3740 442 3766 ,
485 3709 532 3753 et
560 3716 651 3770 ego
688 3699 881 3769 neglext
917 3714 1035 3764 eos,
1076 3698 1198 3750 dicit
1226 3697 1495 3753 Dominus.
1531 3697 1662 3762 Quia
1686 3697 1781 3750 hoc
1800 3705 1872 3751 est

294 3802 640 3849 testamentum
654 3791 786 3863 quod
810 3791 1075 3858 disponam
1094 3791 1185 3854 eis,
1204 3789 1331 3842 dans
1352 3789 1481 3859 leges
1501 3804 1635 3843 meas
1650 3789 1701 3841 in
1714 3797 1874 3842 mente

292 3899 496 3950 eorum,
534 3892 580 3937 et
608 3882 661 3935 in
687 3881 838 3935 corde
871 3896 1041 3934 eorum
1075 3879 1342 3933 inscribam
1372 3893 1455 3931 eas
1480 3876 1609 3949 (Jer.
1638 3878 1727 3932 3i.
1756 3876 1869 3947 ‘52).

298 3972 496 4029 Deinde
521 3971 747 4026 subitam
773 3970 1119 4025 mutationem
1147 3977 1202 4024 et
1224 3967 1519 4023 doctrinam
1546 3966 1753 4022 facilem
1773 3967 1866 4021 de-

293 4064 503 4117 clarans
526 4063 642 4116 ait:
674 4060 742 4114 Et
780 4076 882 4115 non
922 4060 1166 4115 docebunt
1202 4060 1539 4129 unusquisque
1584 4059 1871 4128 proximum

293 4168 461 4216 suum,
500 4161 546 4204 et
578 4151 917 4219 unusquisque
957 4148 1167 4218 fratrem
1189 4164 1368 4212 suum,
1398 4149 1565 4201 dicens
1587 4189 1601 4213 ,
1630 4162 1871 4218 cognosce

297 4242 573 4296 Dominum
591 4280 609 4304 ,
634 4241 753 4308 quia
776 4255 946 4293 omnes
965 4240 1119 4292 scient
1147 4253 1226 4290 me
1244 4252 1275 4288 a
1295 4251 1449 4307 paruo
1467 4236 1692 4306 ipsorum
1716 4252 1871 4306 usque

295 4332 364 4384 ad
390 4346 628 4401 magnum
646 4329 886 4399 ipsorum.
909 4326 1062 4394 Quod
1087 4326 1141 4380 in
1161 4325 1389 4380 adventu
1406 4339 1505 4380 suo
1528 4333 1870 4396 peccatorum

294 4421 504 4476 veniam
528 4418 745 4474 daturus
773 4426 933 4481 esset,
956 4415 1057 4471 hoc
1084 4414 1211 4470 item
1236 4414 1314 4469 sic
1338 4415 1715 4484 praenunciavit
1740 4430 1868 4483 pro-

299 4510 459 4580 pheta
482 4527 497 4564 :
532 4508 644 4563 Hoc
667 4509 761 4563 erit
793 4508 916 4579 ipsis
934 4523 968 4561 a
990 4522 1068 4561 me
1092 4514 1437 4560 testamentum
1454 4546 1471 4572 ,
1501 4520 1617 4559 cum
1640 4510 1871 4578 auferam

295 4600 582 4669 iniquitates
613 4600 837 4669 ipsorum
858 4637 873 4662 ,
911 4606 959 4652 et
994 4604 1309 4666 peccatorum
1346 4611 1519 4649 eorum
1560 4612 1662 4650 non
1699 4612 1869 4650 recor-

299 4688 458 4741 dabor
480 4688 697 4757 amplius
728 4685 862 4758 (Jer.
891 4686 981 4740 3i.
1006 4684 1119 4755 34).
1165 4683 1303 4749 Quid
1331 4683 1429 4739 hac
1457 4698 1517 4741 re
1540 4683 1869 4740 manifestius

297 4793 419 4834 esse
443 4776 650 4846 possit?
676 4775 1019 4831 Vocationem
1044 4774 1239 4846 quippe
1267 4775 1498 4844 gentium
1517 4815 1533 4841 ,
1565 4791 1716 4831 novae
1742 4776 1871 4846 legis

298 4882 458 4936 supra
473 4874 705 4921 veterem
726 4864 1110 4930 excellentiam,
1140 4862 1440 4920 facilitatem
1458 4877 1725 4933 accessus,
1753 4880 1871 4921 cre-

297 4956 536 5010 dentium
580 4955 799 5025 gratiam
819 4994 836 5022 ,
877 4962 932 5010 et
963 4954 1162 5011 donum
1195 4954 1251 5009 in
1275 4952 1540 5025 baptismo
1567 4953 1760 5010 factum
1790 4956 1873 5011 his

300 5046 563 5101 vaticiniis
590 5044 927 5115 significavit.

372 5139 459 5192 tl.
498 5135 649 5204 Quod
678 5150 806 5191 vero
830 5135 921 5206 qui
947 5133 1063 5190 haec
1100 5133 1225 5189 fecit
1245 5172 1262 5202 ,
1292 5133 1339 5188 is
1363 5133 1476 5204 ipse
1504 5140 1685 5202 postea
1708 5132 1871 5202 judex

296 5227 577 5283 adfuturus
600 5227 705 5292 sit,
734 5224 1002 5296 perpende
1024 5224 1288 5296 quomodo
1312 5236 1365 5280 et
1385 5225 1485 5278 hoc
1509 5225 1873 5293 prmnuncient

299 5317 580 5389 Prophetas
604 5357 620 5383 ,
659 5330 831 5385 neque
872 5316 1014 5370 enim
1057 5314 1108 5369 id
1144 5313 1355 5368 silentio
1398 5314 1868 5383 praetermiserunt,

300 5409 390 5463 alii
414 5407 627 5477 quidem
656 5406 896 5460 videntes
917 5419 1037 5459 eum
1063 5404 1115 5457 in
1137 5417 1203 5458 eo
1226 5402 1343 5473 ipso
1369 5404 1582 5471 habitu,
1607 5418 1713 5473 quo
1739 5420 1870 5458 ven-

302 5510 450 5555 turus
489 5506 643 5563 erat;
688 5497 779 5551 alii
824 5495 1002 5549 verbis
1037 5508 1157 5548 eum
1199 5480 1688 5563 prmsignificantes.
1740 5496 1871 5551 Nam

301 5586 483 5643 Daniel
511 5587 670 5642 etiam
698 5585 751 5640 in
788 5583 965 5639 medio
990 5581 1333 5639 barbarorum
1360 5583 1766 5655 Babyloniorum
1794 5588 1871 5641 vi-

981 261 1041 317 S.
1077 257 1350 317 JOANNIS
1386 257 1857 319 οιιειγδοετοιίι

1971 257 2213 316 ιαηιΕΡ.
2251 260 2786 320 CONSTANTINOP.

3427 271 3534 329 ωε

1956 369 2045 425 det
2071 370 2241 440 ipsum
2261 374 2315 428 in
2338 375 2567 432 nubibus
2587 378 2882 432 venientem
2908 396 2924 433 :
2945 377 3066 433 audi
3093 378 3235 435 illius
3256 381 3533 452 Prophetas

1959 461 2119 515 verba
2144 478 2160 522 ;
2188 463 2502 531 Aspiciebam
2521 508 2536 534 ,
2561 468 2762 537 inquit,
2790 476 2841 524 et
2859 486 2969 524 ecce
2990 472 3133 539 quasi
3162 472 3297 540 ﬁlius
3318 475 3536 528 hominis

1960 550 2157 604 veniens
2186 553 2237 605 in
2272 553 2486 609 nubibus
2504 596 2520 621 ,
2547 566 2594 610 et
2617 559 2838 627 pervenit
2863 575 3019 631 usque
3041 559 3109 613 ad
3127 563 3389 630 antiquum
3415 564 3529 615 die-

1956 656 2104 705 rum,
2130 651 2177 695 et
2202 650 2322 697 ante
2350 660 2462 697 eum
2491 646 2687 702 oblatus
2714 658 2804 702 est.
2836 648 2904 703 Et
2929 650 3075 703 datus
3102 661 3175 705 est
3199 652 3243 705 ei
3272 652 3536 722 principa-

1958 737 2037 782 tus
2066 738 2111 782 et
2135 747 2343 800 regnum
2366 742 2412 787 et
2448 750 2619 789 omnes
2662 738 2861 804 populi,
2891 740 3067 806 tribus,
3099 740 3285 811 lingute
3304 743 3404 811 ipsi
3426 760 3535 796 ser-

1959 817 2089 871 vient
2113 817 2272 887 (Dan.
2297 820 2348 874 7.
2384 819 2494 888 l3).
2530 819 2595 874 Et;
2617 820 2882 891 judicium
2916 827 3030 896 ejus
3072 828 3142 881 ita
3190 830 3485 885 subindicat
3522 848 3535 884 :

1958 907 2272 979 Aspiciebam
2298 911 2454 966 donec
2478 914 2643 968 throni
2664 917 2813 984 positi
2831 927 2969 984 sunt,
3001 928 3046 972 et
3071 919 3184 973 libri
3203 921 3369 988 aperti
3390 932 3539 975 sunt:

1959 1007 2009 1052 et
2054 1000 2237 1069 ﬂuvius
2281 1001 2458 1073 igneus
2506 1006 2744 1059 manabat
2790 1008 2843 1061 in
2889 1020 3154 1078 conspectu
3201 1012 3308 1080 ejus
3336 1026 3357 1065 :
3397 1012 3542 1065 mille

1961 1088 2121 1143 millia
2165 1092 2514 1146 ministrabant
2554 1095 2637 1160 ei,
2687 1106 2735 1148 et
2780 1096 2941 1151 decies
2985 1099 3167 1153 millies
3204 1100 3334 1154 dena
3376 1100 3541 1154 millia

1960 1177 2251 1232 assistebant
2288 1180 2354 1234 ei.
2400 1180 2581 1252 Neque
2619 1184 2720 1239 hoc
2748 1194 2949 1240 tantum
2986 1198 3202 1255 narrat,
3246 1189 3340 1244 sed
3381 1205 3543 1260 quem.

1959 1266 2087 1332 justi
2115 1267 2341 1324 habituri
2364 1280 2488 1325 sunt
2511 1271 2768 1328 honorem
2791 1275 2868 1329 sic
2897 1274 3147 1330 describit
3168 1295 3182 1330 :
3202 1277 3267 1331 Et
3286 1279 3542 1349 judicium

1964 1355 2101 1409 dedit
2127 1358 2309 1412 sanctis
2333 1359 2577 1415 Altissimi
2600 1402 2617 1428 ,
2659 1372 2708 1416 et
2749 1380 2959 1435 regnum
3000 1366 3317 1421 obtinuerunt
3354 1372 3541 1424 sancti.

1965 1442 2247 1500 Malacltlas
2276 1461 2405 1503 vero
2434 1447 2537 1503 hoc
2558 1449 2813 1519 judicium
2842 1466 2933 1520 per
2958 1454 3131 1523 ignem
3158 1454 3393 1510 futurum
3422 1473 3548 1512 esse

1965 1531 2198 1588 declarat
2237 1535 2321 1590 his
2361 1538 2538 1592 verbis
2570 1556 2583 1591 :
2612 1539 2743 1594 Ecce
2779 1543 2885 1611 ipse
2924 1542 3201 1612 ingreditur
3242 1545 3372 1599 sicut
3411 1547 3548 1615 ignis

1966 1622 2272 1691 conﬂatorii,
2304 1633 2353 1678 et
2371 1627 2500 1679 sicut
2526 1626 2676 1681 herba
2696 1629 2947 1697 fullonum
2982 1631 3230 1703 (Malaclt.
3259 1633 3313 1687 3.
3344 1634 3423 1706 2).
3454 1635 3549 1687 Vi-

1968 1710 2145 1765 distin‘
2184 1714 2559 1782 propltetarum
2594 1719 3014 1784 accuratiouem,
3046 1721 3314 1790 quomodo
3339 1725 3545 1788 omnia,

1967 1817 2085 1871 quae
2121 1801 2298 1858 futura
2342 1814 2498 1873 sunt,
2547 1808 2859 1863 annuntiare
2898 1811 3355 1879 prmoccuparint?
3399 1813 3547 1879 Quo-

1970 1890 2128 1946 modo
2148 1907 2276 1964 ergo
2306 1894 2480 1950 adhuc
2506 1896 2807 1952 incredulus
2845 1914 3059 1955 manere
3104 1901 3268 1955 audes
3291 1942 3307 1968 ,
3352 1902 3549 1956 talibus

1969 1982 2201 2052 acceptis
2241 1984 2355 2053 ejus
2393 1985 2605 2040 virtutis
2632 1988 3171 2043 demonstrationibus
3190 2031 3205 2054 ,
3232 2006 3352 2045 cum
3382 1993 3551 2045 verbo

1968 2070 2152 2126 videas
2178 2072 2377 2127 tamdiu
2403 2081 2527 2128 ante
2549 2077 2898 2145 praenuntiata
2921 2117 2938 2142 ,
2978 2093 3166 2146 resque
3193 2080 3370 2133 videas
3402 2082 3548 2133 acci-

1969 2161 2098 2217 dere
2141 2163 2318 2217 verbis
2360 2178 2662 2231 consonas,
2707 2166 2776 2220 ita
2804 2176 2861 2220 ut
2889 2167 3021 2221 nihil
3059 2170 3275 2222 omnino
3301 2170 3551 2223 excidat?

1970 2252 2225 2322 Quodque
2242 2254 2355 2308 haec
2379 2269 2483 2308 non
2503 2255 2749 2324 ﬁgmenta
2771 2266 2950 2311 nostra
2971 2258 3096 2322 sint,
3123 2259 3466 2313 testificantur
3488 2262 3549 2325 ii,

1970 2345 2057 2412 qui
2088 2345 2241 2413 primi
2264 2344 2428 2400 libros
2451 2352 2790 2415 acceperunt,
2816 2354 2871 2401 et
2898 2351 3184 2401 etiamnum
3206 2359 3548 2409 conservant.

1972 2433 2170 2488 inimici
2217 2434 2424 2500 nostri,
2471 2435 2869 2506 abnepotesque
2911 2452 3095 2491 eorum
3127 2437 3215 2507 qui
3264 2438 3553 2492 Dominum

1971 2526 2343 2579 crucifixerunt
2379 2541 2393 2578 :
2424 2526 2513 2596 qui
2554 2526 2717 2581 libros
2740 2568 2756 2594 ,
2793 2527 3006 2596 inquam
3024 2569 3038 2594 ,
3066 2527 3204 2597 apud
3233 2543 3290 2582 se
3318 2529 3554 2582 retinent

1971 2622 2027 2666 et
2068 2622 2406 2668 conservant.
2461 2615 2529 2669 Et
2565 2615 2653 2685 qui
2692 2615 2805 2670 fieri
2851 2617 3045 2685 possit,
3095 2616 3235 2671 dicet
3262 2617 3551 2686 quispiam,

1975 2712 2033 2758 ut
2060 2704 2225 2759 libros
2246 2705 2503 2760 habentes
2520 2722 2624 2760 non
2649 2706 2903 2761 credant?
2931 2707 3061 2773 Quia
3081 2717 3203 2760 tunc
3224 2710 3404 2772 etiam,
3426 2723 3553 2761 cum

1972 2809 2094 2849 eum
2111 2796 2369 2850 mirabilia
2392 2806 2700 2865 operantem
2732 2797 2993 2864 viderent,
3024 2813 3129 2852 non
3159 2798 3498 2853 crediderunt
3526 2817 3543 2852 :

1972 2885 2069 2939 sed
2098 2883 2200 2939 hoc
2237 2899 2343 2939 non
2381 2894 2464 2940 est
2490 2887 2690 2940 crimen
2738 2888 2851 2956 ejus
2876 2886 3096 2941 cuinon
3136 2888 3403 2955 creditur,
3449 2891 3549 2943 sed

1974 2989 2156 3028 eorum
2179 2975 2366 3043 magis,
2389 2976 2478 3044 qui
2504 2977 2558 3029 in
2580 2976 2804 3030 meridie
2828 2978 3132 3031 czecutiunt.
3163 2977 3295 3032 Nam
3321 2988 3375 3033 et
3405 2979 3555 3035 hunc

1975 3064 2227 3117 mundum
2279 3065 2331 3117 in
2376 3063 2554 3119 medio
2596 3065 2906 3135 preposuit,
2954 3066 3359 3121 instrumentum
3403 3070 3555 3122 omni

1975 3154 2332 3209 concinnitate
2355 3153 2709 3219 elaboratum,
2736 3170 2919 3209 vocem
2948 3155 3180 3225 undique
3204 3156 3474 3223 emittens,
3494 3167 3552 3210 et

1976 3253 2273 3300 creatorem
2318 3244 2612 3311 praedicans
2652 3261 2667 3298 :
2708 3254 2762 3299 et
2815 3254 2988 3300 tamen
3035 3246 3248 3314 quidam
3304 3246 3556 3301 homines

1976 3343 2118 3400 sunt,
2148 3333 2239 3403 qui
2267 3334 2350 3388 vel
2379 3342 2647 3389 automata
2685 3348 2805 3389 esse
2828 3335 3037 3399 dicunt,
3071 3335 3154 3390 vel
3182 3335 3369 3390 horum
3398 3351 3553 3391 crea-

1977 3425 2174 3479 tionem
2215 3433 2373 3493 atque
2423 3424 2807 3494 providentiam
2857 3426 3159 3479 hominibus
3205 3428 3551 3493 adscribunt;

1976 3515 2064 3570 alii
2093 3529 2219 3570 vero
2245 3514 2468 3571 fortuna:
2487 3556 2505 3584 ,
2534 3517 2661 3581 fato,
2689 3517 2890 3585 genesi,
2918 3516 2999 3570 vel
3024 3517 3292 3571 stellarum
3322 3533 3551 3574 conver-

1976 3606 2234 3661 sionibus.
2277 3606 2473 3661 Verum
2519 3605 2621 3662 hoc
2648 3607 2849 3662 crimen
2893 3622 2997 3662 non
3028 3609 3080 3661 in
3108 3610 3353 3679 opificem
3382 3609 3551 3674 cadit,

1977 3696 2071 3751 sed
2101 3697 2152 3750 in
2183 3711 2308 3763 eos,
2336 3697 2425 3766 qui
2452 3697 2589 3752 inter
2625 3706 2705 3751 tot
2743 3698 2975 3753 remedia
3001 3698 3173 3754 adhuc
3195 3700 3450 3755 extremis
3477 3701 3555 3755 la-

1978 3785 2169 3839 borant
2207 3786 2423 3841 morbis.
2472 3786 2925 3854 Quemadmodum
2968 3788 3108 3842 enim
3157 3789 3291 3843 bene
3331 3789 3555 3844 affectus

1976 3877 2187 3932 animus
2228 3877 2353 3946 quid
2383 3877 2521 3933 facto
2540 3894 2675 3947 opus
2701 3880 2768 3933 sit
2808 3879 2988 3945 videt,
3016 3894 3117 3935 nec
3145 3881 3325 3935 multis
3351 3882 3418 3935 ad
3448 3885 3554 3936 hoc

1972 3975 2097 4037 eget
2122 3966 2480 4035 adiumentis;
2511 3968 2589 4022 sic
2631 3968 2938 4038 imprudens
2961 3983 3023 4023 ac
3048 3969 3313 4038 stupidus,
3340 3970 3552 4025 etiamsi

1976 4057 2284 4112 innumeros
2330 4057 2521 4113 habeat
2556 4060 2867 4129 magistros,
2910 4058 3182 4114 aﬂ'ectibus
3212 4076 3551 4131 praeoccupa-

1978 4157 2084 4215 tus,
2115 4150 2169 4204 in
2197 4150 2435 4204 caecitate
2452 4156 2774 4218 perseverat.
2806 4149 2917 4204 Hoc
2942 4150 3101 4218 igitur
3114 4165 3327 4220 semper
3343 4152 3551 4217 videas,

1976 4254 2085 4293 non
2113 4239 2166 4293 in
2196 4239 2295 4293 hac
2320 4254 2378 4294 re
2406 4240 2597 4302 solum,
2620 4239 2713 4292 sed
2742 4239 2796 4292 in
2822 4238 2943 4292 aliis
2970 4254 3202 4309 quoque.
3242 4240 3380 4306 Quot
3402 4240 3551 4294 enim

1977 4337 2134 4395 sunt,
2164 4329 2398 4399 quicum
2440 4328 2635 4383 nullam
2673 4328 2943 4384 audissent
2976 4329 3145 4400 legem
3168 4369 3185 4395 ,
3230 4332 3450 4387 honeste
3485 4346 3553 4386 ac

1976 4418 2210 4489 legitime
2248 4418 2534 4473 vixerunt?
2576 4418 2677 4472 Alii
2706 4433 2833 4472 vero
2857 4433 2888 4472 a
2916 4419 3138 4488 pueritia
3166 4418 3232 4475 ad
3256 4429 3549 4475 extremam

1976 4522 2148 4577 usque
2185 4515 2512 4563 senectutem
2560 4508 2613 4562 in
2659 4507 2863 4578 legibus
2889 4508 3135 4577 educati,
3174 4523 3266 4565 eas
3312 4508 3556 4565 violandi

1976 4612 2262 4668 numquam
2290 4599 2448 4654 linem
2475 4598 2730 4653 fecerunt.
2782 4597 2909 4654 εἶωο
2937 4607 2991 4655 et
3025 4598 3162 4669 apud
3189 4606 3396 4655 veteres
3418 4614 3554 4655 con-

1980 4689 2252 4758 tigerunt:
2280 4703 2402 4742 nam
2435 4687 2604 4742 Judaei
2649 4687 2944 4743 innumeris
2983 4687 3144 4758 signis
3182 4696 3238 4744 et
3280 4689 3556 4744 miraculis

1979 4794 2086 4833 non
2129 4779 2378 4833 meliores
2402 4778 2576 4835 effecti
2616 4786 2779 4844 sunt;
2827 4778 3068 4834 Ninivitaa
3091 4794 3220 4834 vero
3247 4793 3350 4834 una
3378 4779 3555 4835 solum

1979 4872 2153 4925 audita
2183 4886 2313 4925 voce
2339 4870 2709 4940 resipuerunt,
2751 4880 2806 4926 et
2833 4885 2863 4925 a
2888 4872 3118 4940 peccatis
3160 4872 3365 4927 liberati
3403 4883 3551 4927 sunt.

1984 4960 2095 5014 Hoc
2121 4960 2279 5013 etiam
2305 4959 2487 5015 videre
2528 4968 2607 5014 est
2648 4976 2755 5015 non
2794 4960 2848 5015 itt
2875 4960 3141 5016 nobilibus
3166 4970 3368 5016 tantum
3394 4962 3549 5027 viris,

1981 5049 2075 5103 sed
2113 5050 2274 5103 etiam
2320 5048 2373 5103 in
2421 5049 2649 5105 obscuro
2684 5050 2805 5107 loco
2852 5051 3011 5106 natis.
3056 5051 3263 5117 Quanta
3309 5051 3553 5108 doctrina

1981 5152 2087 5191 non
2116 5138 2346 5192 imbutus
2368 5146 2451 5192 est
2471 5138 2679 5193 ludas?
2704 5147 2759 5193 et
2787 5147 2962 5194 tamen
2989 5139 3230 5208 proditor
3257 5140 3426 5196 factus
3444 5152 3553 5197 est.

1978 5228 2145 5295 Quam
2185 5228 2598 5286 admonitionem
2629 5231 2811 5286 habuit
2850 5231 3026 5286 latro?
3060 5240 3292 5288 attamen
3320 5234 3371 5288 in
3395 5248 3558 5290 cruce

1979 5316 2245 5373 Christum
2268 5321 2542 5376 confessus
2563 5330 2681 5388 est,
2724 5329 2782 5377 et
2818 5336 3041 5392 regnum
3079 5323 3196 5392 ejus
3225 5323 3550 5393 praedicavit.

1978 5407 2056 5463 Ne
2083 5408 2240 5478 igitur
2266 5424 2295 5462 a
2320 5418 2688 5480 corruptorum
2720 5410 2992 5466 hominum
3032 5423 3211 5468 mente
3252 5428 3429 5467 rerum
3470 5415 3557 5481 ju-

1980 5497 2176 5553 dicium
2214 5499 2373 5555 facias
2398 5515 2415 5565 ;
2457 5499 2552 5556 sed
2580 5501 2646 5555 ab
2672 5501 2784 5570 ipsa
2811 5517 2989 5557 rerum
3016 5504 3236 5557 veritate
3258 5515 3560 5571 congruen-

1984 5600 2089 5643 tem
2132 5590 2391 5644 calculum
2439 5591 2692 5661 ponasde
2733 5592 2837 5659 iis,
2884 5594 2974 5664 qui
3001 5602 3146 5648 recta
3171 5592 3389 5648 consilia
3430 5599 3566 5650 sunt
