3866 6226
150 326 257 385 827

150 446 465 512 τιμωρίας-ς
515 429 656 488 Ἀλλ’
689 435 717 486 ὁ
754 432 931 486 πάντα
976 431 1144 485 ποιῶν
1183 431 1275 484 καὶ
1311 429 1735 512 μετασκευάζων

150 506 313 587 αὐτὰ,
331 523 359 574 6
382 506 480 590 τήν
505 515 831 587 οἰκουμένην
848 516 915 568 ἐκ
933 511 1203 584 τοσαύτης
1231 512 1430 576 κακίας
1456 510 1734 583 μεταθεὶς,

149 608 247 661 καί
271 606 371 677 τὴν
399 602 507 672 γῆν
538 599 766 672 οὐρανὸν
789 598 1184 670 ἐργασάμενος,
1203 592 1355 659 οὗτος
1385 597 1478 648 καί
1501 595 1562 648 τὸ
1597 594 1738 677 πρᾷ-

151 706 269 761 γμα
300 673 462 740 τοῦτο
493 682 856 737 ἐπονείδιστον
883 680 942 733 δν
982 680 1078 734 καί
1117 681 1351 761 πάντων
1373 678 1618 761 θανάτων
1649 673 1734 727 al-

155 755 373 841 σχιστον
392 768 532 839 ὑπὲρ
554 765 663 818 τῶν
686 763 932 834 οὐρανῶν
957 762 1225 834 ἀνήγαγε.
1242 760 1405 814 Ταῦτ’
1417 755 1509 813 οὖν
1524 758 1741 811 ᾶπαντα

158 853 408 925 προορῶν
433 852 463 904 ό
502 849 790 922 προφήτης
829 846 983 914 Ελεγε
1007 863 1020 878 ·
1048 845 1157 900 Καὶ
1186 845 1359 899 ἔσται
1387 844 1424 911 ἠ
1468 841 1741 925 ἀνάπαυ-

156 923 257 1002 σις
295 923 483 989 αὑτοῦ
511 929 669 1001 τιμή.
710 928 882 983 Τοῦτο
910 928 1019 1000 γάρ
1052 928 1114 980 τὸ
1150 925 1244 979 τοῦ
1271 925 1503 979 Θανάτου
1534 923 1739 994 σύμϐο-

154 1019 250 1073 λον
271 1018 353 1085 (οὐ
382 1017 492 1087 γάρ
518 1014 800 1084 παύσομαι
835 1010 1074 1081 συνεχῶς
1114 1009 1273 1062 τοῦτο
1296 1007 1491 1077 λέγων)
1526 1006 1743 1075 ἐγένετο

160 1100 414 1171 εὐλογίας
438 1098 693 1161 ὑπόθεσις
713 1094 936 1165 πολλῆς,
954 1095 1048 1148 καὶ
1074 1091 1421 1162 παντοδαπῆς
1442 1090 1743 1159 ἀσφαλείας

158 1188 362 1255 τεῖχος,
379 1181 627 1238 διαϐόλου
658 1178 851 1250 καιρία
880 1175 1085 1248 πληγὴ,
1104 1174 1376 1245 δαιμόνων
1400 1173 1636 1243 χαλινὸς.
1655 1190 1747 1243 κη-

163 1268 266 1339 μδς
295 1267 397 1337 τῆς
432 1264 542 1318 τῶν
562 1261 955 1333 ἀντικειμένων
982 1257 1299 1339 δυνάμεωςξ
1330 1255 1488 1309 τοῦτο
1517 1255 1746 1339 θάνατον

159 1338 362 1415 ἀνεῖλε,
396 1346 556 1402 τοῦτο
579 1346 674 1399 τοῦ
709 1345 837 1416 ᾅδου
860 1342 961 1405 τὰς
986 1341 1194 1412 χαλκᾶς
1227 1338 1403 1403 πύλας
1426 1338 1743 1403 συνέκλασε,

157 1435 288 1497 τοὺς
330 1430 581 1502 σιδηροῦς
625 1428 855 1498 μοχλοὺς
886 1424 1209 1485 συνέθλασε,
1232 1422 1327 1476 τοῦ
1366 1422 1614 1475 διαϐόλου
1647 1421 1747 1493 τὴν

158 1514 459 1589 ἀκρόπολιν
487 1512 775 1569 κατέλυσε,
805 1510 905 1580 τῆς
937 1509 1213 1578 ἁμαρτιας
1250 1505 1319 1558 τά
1353 1504 1749 1589 νεῦραώέξέκο·

159 1587 286 1670 ψεν,
313 1598 419 1652 ὑπὸ
438 1595 737 1665 καταδίκην
768 1593 1027 1662 κειμένην
1054 1590 1153 1663 τὴν
1168 1589 1495 1660 οἰκουμένην
1531 1587 1749 1670 ἃπασαν

159 1669 468 1753 ἐξήρπασε,
495 1678 755 1749 θεήλατον
775 1674 1081 1747 φερομένην
1106 1671 1248 1726 κατά
1278 1671 1380 1740 τῆς
1419 1670 1633 1738 φύσεως
1652 1669 1749 1739 τῆς

162 1767 439 1839 ήμετέρας
456 1762 671 1834 πληγὴν
692 1758 987 1814 ἀνέστειλε.
1004 1758 1068 1810 Τί
1084 1756 1227 1839 λέγω
1246 1772 1259 1819 ;
1280 1754 1420 1825 άπερ
1436 1754 1541 1839 οὐκ
1565 1753 1751 1822 ἴσχυσε

161 1837 410 1905 θάλασσα
438 1845 757 1916 σχιζομένη,
790 1843 989 1913 πέτραι
1032 1838 1391 1911 ῥηγνύμεναι,
1424 1837 1532 1906 ἀὴρ
1582 1851 1750 1906 μετα-

161 1932 514 2003 ϐαλλόμενος,
545 1928 639 1982 καὶ
678 1927 849 1997 μάννα
894 1924 985 1977 ἐπὶ
1027 1921 1438 1992 τεσσαράκοντα
1471 1918 1615 2003 ἔτεσι
1648 1934 1752 1970 το-

164 2001 396 2078 σαύταις
433 2012 639 2085 χιλιάσι
675 2008 1060 2079 διαδιδόμενον,
1110 2007 1205 2059 καὶ
1236 2005 1427 2075 νόμος,
1461 2002 1555 2056 καὶ
1587 2001 1752 2072 ἐτερα

165 2102 372 2169 σημεῖα
406 2097 494 2150 καὶ
537 2097 596 2148 ἐν
637 2094 831 2167 ἐρήμῳ
864 2092 958 2145 καί
990 2091 1047 2143 ἐν
1076 2085 1412 2169 Παλαιστίνη
1440 2085 1711 2169 γενόμενα
1733 2122 1750 2147 ,

163 2165 342 2237 ταῦτα
396 2181 617 2249 ῐσχυσεν
658 2165 687 2228 ό
729 2174 980 2245 σταυρὸς,
1021 2172 1122 2225 οὐκ
1150 2172 1208 2223 ἐν
1237 2171 1317 2223 ἐνί
1346 2167 1511 2231 ἔθνει,
1546 2165 1663 2249 ἀλλ’
1694 2165 1753 2218 ἐν

164 2267 318 2335 πάσῃ
340 2265 409 2334 τῇ
446 2248 762 2330 οἰκουμένῃ,
800 2255 1033 2326 σταυρὸς
1069 2254 1129 2307 τὸ
1156 2254 1430 2335 ἐπάρατον
1461 2248 1752 2335 σύμϐολον,

162 2349 229 2403 τὸ
260 2332 407 2402 τέᾶσζ
422 2343 673 2415 φευκτὸν,
690 2344 752 2394 τὸ
777 2342 941 2393 πᾶσιν
967 2337 1258 2395 ἀπευκτὸν,
1285 2334 1347 2387 τὸ
1368 2332 1752 2397 ἐπονείδιστον,

167 2432 381 2502 ἴσχυσε,
401 2428 539 2500 μετά
566 2426 629 2479 τὸ
657 2421 983 2492 τελευτῆσαι
1011 2421 1104 2473 τὸν
1144 2418 1546 2502 σταυρωθέντα,
1576 2415 1756 2502 πάντα

164 2496 413 2575 εὐκόλως
427 2506 782 2581 ἐργάσασθαι.
806 2506 881 2558 Οὐ
898 2502 1074 2556 ταῦτα
1094 2501 1153 2554 δέ
1188 2500 1372 2570 μόνον,
1402 2498 1537 2581 ἀλλά
1560 2499 1653 2581 καὶ
1685 2496 1755 2581 τά

168 2595 314 2667 μετά
343 2579 516 2647 ταῦτα
537 2592 811 2645 δείκνυσιν
841 2586 1006 2641 αὐτοῦ
1040 2585 1140 2655 τὴν
1173 2581 1356 2667 ἰσχύν.
1378 2580 1499 2667 Τὴν
1528 2579 1637 2667 γάρ
1678 2580 1757 2632 οἰ-

168 2662 445 2747 κουμένην
484 2675 675 2743 ἄγονον
703 2667 868 2725 οὖσαν
901 2668 1043 2723 κατά
1070 2667 1163 2719 τὸν
1201 2666 1301 2735 τῆς
1334 2664 1539 2734 ἀρετῆς
1560 2662 1753 2747 λόγον,

168 2745 501 2831 καὶ-ἐρήμου
532 2757 637 2827 γῆς
663 2754 816 2807 οὐδὲν
854 2753 1076 2820 ἄμεινον
1114 2747 1485 2831 διακειμένην,
1519 2745 1757 2831 ούδέλείς

169 2846 236 2899 τὸ
259 2827 438 2898 τεκεῖν
474 2858 525 2894 τι
550 2837 787 2910 χρηστὸν
820 2832 1238 2905 προσδοκῶσαν,
1260 2829 1456 2899 ἀθρόον
1499 2827 1757 2899 παράδει-

174 2927 377 2982 σονκαί
409 2923 620 2996 μητέρα
646 2918 948 2973 πολύπαιδα
973 2913 1262 2984 πεποίηκε.
1285 2912 1396 2964 Καὶ
1419 2910 1577 2996 τοῦτο
1615 2910 1757 2996 ἀνω-

173 3012 266 3067 θεν
288 2993 662 3081 προεδήλωσεν
687 3006 716 3057 ὁ
752 3002 1039 3073 προφήτης
1076 2999 1221 3081 οὔτω
1248 2996 1457 3081 λέγωνῖ
1493 2993 1758 3081 Εξύφράν-

171 3076 583 3162 θητιξστεῗρα,
609 3088 649 3155 ἠ
685 3087 758 3141 οὐ
783 3086 1090 3139 τίκτουσαο
1112 3079 1311 3149 ῥῆξον
1354 3076 1455 3162 καί
1492 3077 1756 3162 βόησον,

168 3176 207 3243 ἠ
232 3157 344 3231 οὐκ
368 3157 691 3231 ὠδίνουσα,
720 3169 810 3222 ὅτι
846 3164 1047 3221 πολλά
1068 3163 1143 3218 τὰ
1173 3159 1495 3243 τέκνατῆς
1532 3157 1757 3243 ἐρήμου

172 3240 428 3323 μᾶλλον,
461 3254 502 3324 ἢ
531 3253 643 3321 τῆς
676 3251 945 3321 ἐχούσης
978 3246 1088 3300 τὸν
1114 3244 1325 3312 ἄνδρα.
1352 3242 1476 3295 Ὅτι
1501 3240 1758 3310 τοιαύτην

172 3340 567 3413 ἐργασάμενος,
596 3335 760 3405 νόμον
777 3333 976 3386 ἔδωκεν
1002 3330 1140 3399 αὐτῇ
1168 3324 1466 3413 πολλῷ-τοῦ
1489 3324 1757 3413 προτέρου

172 3407 439 3495 βελτίονα,
474 3419 598 3473 οὐδὲ
633 3416 791 3470 τοῦτο
814 3414 1079 3485 ἐσίγησαν
1111 3414 1163 3464 οἱ
1203 3411 1516 3495 προφῆται·
1542 3407 1637 3495 καί
1656 3408 1759 3495 δρα

171 3488 223 3561 τί
271 3499 790 3576 προαναφωνοῦντες
827 3499 1123 3568 εἰρήκασι·
1159 3493 1525 3561 Διαθήσομαι
1552 3488 1760 3576 αὐτοῖς

168 3573 470 3655 διαθηκην
506 3585 743 3651 καινὴν,
774 3583 846 3637 οὺ
884 3582 1034 3635 κατὰ
1059 3578 1176 3647 τὴν
1204 3576 1502 3644 διαθήκην
1530 3573 1610 3641 ἢν
1641 3573 1760 3626 διε-

168 3673 361 3743 θέμην
387 3669 514 3736 τοῖς
543 3666 844 3737 πατράσιν
877 3661 1098 3727 αὐτῶν,
1138 3661 1209 3715 ἐν
1228 3742 1231 3743 ν
1248 3658 1453 3743 ἡμέρᾳ.
1478 3658 1757 3743 ἐπιλαϐο-

170 3739 361 3826 μένου
387 3770 507 3824 μου
540 3752 652 3818 τὴς
698 3747 898 3818 χειρὸς
937 3744 1137 3799 αὐτῶν
1178 3740 1495 3826 ἐξαγαγεῖν
1536 3739 1759 3826 αὐτούς

171 3822 245 3893 ἐκ
279 3822 401 3907 γῆς*
437 3836 738 3904 Αἰγύπτου
771 3846 787 3863 ·
822 3830 913 3884 ὅτι
960 3828 1129 3883 αὐτοὶ
1175 3828 1289 3881 οὐκ
1328 3822 1653 3907 ἐνέμειναν

174 3920 251 3990 τῇ
272 3905 526 3985 διαθήκῃ
543 3934 683 3984 μου.
698 3912 862 3983 κάγὼ
888 3912 1167 3981 ἠμέλησα
1193 3906 1427 3990 αὐτῶν,
1457 3905 1619 3990 λέγει
1641 3905 1760 3990 ιφ-

172 3985 325 4069 ρὶὸς.
362 4002 493 4055 Ὅτι
511 3999 662 4065 αὕτη
680 3998 718 4065 ἡ
736 3993 1016 4063 διαθήκη,
1045 3992 1128 4060 ἢν
1152 3989 1511 4058 διαθήσομαι
1531 3985 1756 4069 αὐτοῖς,

173 4066 384 4150 διδοὺς
415 4083 639 4152 νόμους
673 4096 795 4149 μου
831 4080 919 4144 εἰς
961 4075 1077 4144 τὴν
1101 4073 1377 4128 διάνοιαν
1409 4069 1629 4152 αὐτῶν,
1661 4066 1762 4152 καί

173 4168 275 4221 ἐπὶ
315 4148 568 4234 καρδίαν
603 4148 805 4217 αὐτῶν
843 4157 1153 4230 ἐπιγράψαι
1191 4155 1436 4220 αὐτούς.
1478 4148 1615 4208 Εἰτα
1664 4151 1761 4205 καὶ

173 4251 276 4323 τὴν
303 4248 504 4321 ἀθρόαν
541 4245 840 4319 μεταϐολὴν
858 4284 873 4308 ,
900 4245 996 4297 καὶ
1032 4243 1135 4314 τὴν
1175 4240 1291 4312 μετ’
1333 4234 1762 4323 ε-ὐκολίαςμδιδα-

173 4317 408 4387 σκαλίαν
442 4317 766 4401 παραδηλῶν
811 4327 965 4396 ἔλεγε
996 4342 1011 4358 ο
1039 4323 1148 4379 Καὶ
1187 4323 1261 4377 οὐ
1298 4320 1386 4391 μὴ
1433 4317 1764 4401 διδάξωσιν

174 4419 436 4484 ἕκαστος
481 4400 589 4469 τόν
643 4400 910 4481 πλησίον
940 4408 1164 4474 αὐτοῦ,
1207 4406 1305 4460 καί
1352 4404 1611 4468 ἕκαστος
1653 4400 1764 4484 τόν

174 4499 451 4569 ἀδελφὸν
468 4495 677 4560 αὐτοῦ,
692 4495 908 4564 λέγων,
925 4490 1119 4547 Γνῶθι
1133 4489 1240 4543 τὸν
1254 4489 1498 4555 Κύριον,
1511 4484 1601 4539 ὅτι
1620 4483 1763 4569 πᾶν·

176 4601 284 4650 τες
319 4566 639 4648 εἰδήσουσί
655 4595 733 4647 με
754 4576 874 4632 ἀπὸ
899 4574 1115 4645 μικροῦ
1135 4570 1331 4627 αὐτῶν
1361 4570 1471 4635 ἕως
1493 4566 1762 4650 μεγάλου

178 4648 405 4724 αὐτῶν.
436 4664 557 4716 Ὀτι
587 4660 996 4734 ἁμαρτημάτων
1027 4655 1219 4728 ἔμελλε
1250 4652 1450 4707 διδόναι
1484 4648 1764 4734 συγχώρη-

182 4768 274 4804 σιν
304 4748 471 4802 Ξιπασι
496 4731 955 4816 παραγενόμενος,
969 4738 1244 4796 καὶτοῦτο
1266 4737 1427 4791 πάλιν
1446 4731 1766 4816 προανεφῴ

177 4847 348 4900 νησεν
371 4829 401 4883 ὁ
419 4813 706 4899 προφήτης
729 4813 902 4887 οὕτως
920 4823 1118 4877 εἰπών·
1146 4821 1304 4887 Αὕτη
1331 4816 1534 4882 αὐτοῖς
1558 4817 1597 4880 ἠ
1628 4813 1765 4900 παρ’

177 4899 329 4981 ἐμοῦ
358 4909 633 4977 διαθήκη,
666 4908 812 4962 ὅταν
854 4906 1160 4976 ἀφέλωμαι
1206 4904 1313 4969 τὰς
1361 4900 1617 4981 ἀνομίας
1655 4899 1765 4981 αὐ-

179 4978 323 5055 τῶν,
352 4990 592 5046 καὶτῶν
622 4989 919 5060 ἁμαρτιῶν
935 4986 1132 5043 αὐτῶν
1152 4986 1225 5040 οὐ
1261 4982 1348 5053 μὴ
1373 4980 1625 5053 μνησθῶ
1655 4978 1763 5031 ἐτι.

178 5077 252 5131 Τί
275 5076 467 5130 τούτου
509 5074 843 5145 σαφέστερον
879 5070 1075 5141 γίνοιτ’
1102 5068 1168 5123 ἀν
1201 5085 1217 5133 ;
1251 5066 1363 5137 Τήν
1414 5065 1608 5134 κλῆσιν
1658 5060 1766 5133 γάρ

179 5158 295 5213 τῶν
338 5157 528 5221 ἐθνῶν,
561 5158 663 5227 τήν
695 5155 967 5226 ὑπεροχήν
1017 5152 1111 5206 τοῦ
1145 5149 1334 5204 καινοῦ
1364 5148 1499 5219 πρὸς
1538 5146 1631 5199 τὸν
1674 5159 1771 5197 πα·

179 5242 336 5296 λαιὸν
368 5240 553 5311 νόμον,
580 5240 679 5309 τὴν
710 5238 960 5292 εὐκολίαν
987 5240 1086 5306 τῆς
1116 5234 1504 5305 προσαγωγῆς,
1534 5229 1642 5281 τῶν
1676 5245 1767 5311 πιε

182 5306 528 5377 στευσάντων
554 5306 652 5391 τήν
679 5321 860 5391 χάριν,
895 5321 988 5373 καί.
1034 5317 1134 5387 τὴν
1172 5314 1377 5386 δωρεὰν
1408 5315 1509 5383 τὴν
1549 5311 1636 5364 διά
1672 5306 1768 5362 τοῦ

182 5406 561 5478 βαπτίσματος
574 5403 892 5475 γενομένην,
904 5401 991 5457 διὰ
1005 5400 1209 5454 τούτων
1228 5399 1455 5468 ἐνέφηνε
1474 5395 1582 5448 τῶν
1602 5396 1771 5466 προρε

222 5490 422 5559 ήσιων.

184 5491 653 5641 τήέζέἷιωθοτι
676 5568 837 5634 αὐτὸς
858 5563 1011 5632 οὗτος
1025 5570 1053 5621 ό
1068 5564 1237 5619 ταῦτα
1260 5561 1652 5635 ἐργασάμενος,
1676 5556 1772 5641 αὐτ-

181 5638 280 5715 τδξ
303 5638 570 5723 παρέσται
594 5653 689 5705 καὶ
708 5650 899 5723 κριτής
926 5650 1063 5719 μετά
1076 5648 1266 5711 ταῦτα,
1281 5649 1383 5718 ὅρα
1397 5646 1512 5707 πῶς
1530 5642 1621 5695 καὶ
1641 5638 1773 5723 αὐτὸ

187 5722 641 5802 προαναφωνοῦσι
666 5751 679 5764 ·
708 5722 803 5787 καὶ
840 5734 950 5805 γάρ
980 5732 1100 5785 οὐδέ
1131 5730 1290 5785 τοῦτο
1330 5728 1697 5805 παρέδραμον.
1720 5722 1768 5774 οἱ

186 5816 294 5893 μὲν
328 5817 564 5892 ὁρῶντες
606 5818 769 5876 αὐτὸν
799 5815 1057 5901 ἐνωαύτῷ
1098 5814 1179 5888 τῷ
1212 5815 1481 5898 σχήματι,
1505 5804 1551 5879 ᾧ
1581 5805 1763 5880 μέλλει

717 318 996 375 CONTRA
1031 313 1320 374 ,ιυίὶλΕΟΞ
1358 316 1447 371 ΕΤ
1486 314 1755 372 GENTILI

1886 316 2076 386 quon
2113 316 2463 377 cnnmus
2498 313 2606 377 srr
2643 317 2847 397 οπως.

3310 318 3416 376 ιιιε

1840 430 2259 501 παραγίνεσθαι,
2289 433 2338 484 οἰ
2368 432 2426 486 δὲ
2454 431 2545 486 διά
2581 432 2843 504 ῥημάτων
2876 430 3056 485 αὐτῶν
3096 448 3420 502 προαναφω-

1838 513 2073 578 νοῦντες.
2116 513 2176 569 Ὀ
2200 516 2299 586 μὲν
2321 514 2429 587 γάρ
2458 516 2677 587 Δανιὴλ,
2699 514 2794 570 καί
2822 514 2995 568 ταῦτα
3028 516 3086 566 ἐν
3113 515 3262 585 μέσῳ
3289 518 3407 586 βαρ-

1840 597 2023 668 ϐάρων
2043 597 2151 652 τῶν
2184 598 2548 665 Βαϐυλονίων,
2587 600 2688 670 ὁρᾷ
2722 598 2882 652 αὐτὸν
2919 598 3011 651 ἐπὶ
3047 597 3155 650 τῶν
3183 598 3422 667 νεφελῶν

1839 679 2131 751 ἐρχόμενον
2153 698 2166 710 ·
2202 682 2295 735 καὶ
2324 682 2489 736 ἄκουε
2524 682 2631 736 τῶν
2656 681 2917 754 ῥημάτων
2953 681 3132 734 αὐτῶν
3161 680 3254 735 τοῦ
3286 697 3422 750 προ-

1840 764 2033 834 φήτου’
2081 765 2428 834 Ἐθεώρουν,
2459 766 2611 837 φησί,
2644 766 2742 818 καί
2773 763 2904 817 ίδοὺ
2925 764 3005 830 ὡς
3043 764 3176 831 Υἱὸς
3204 764 3426 831 ἀνθρώ-

1841 862 1961 901 που
2000 848 2321 917 ἐρχόμενος
2364 849 2462 902 ἐπὶ
2514 848 2634 901 τῶν
2679 846 2985 917 νεφελῶν,
3012 849 3109 902 καὶ
3157 848 3425 917 ἔφθασεν

1840 928 1952 996 ἕως
1989 930 2095 984 τοῦ
2136 931 2405 985 Παλιιιοῦ
2437 930 2557 985 τῶν
2587 929 2844 999 ἡμερῶν,
2889 931 2986 983 καί
3020 929 3277 983 ἐνώπιον
3321 932 3426 983 αὑ-

1841 1013 1950 1067 τοῦ
1988 1013 2376 1083 προσηνέχθη
2400 1055 2416 1079 ,
2447 1013 2546 1068 καὶ
2585 1013 2745 1078 αὑτῷ
2774 1012 2950 1080 ἐδόθη
2992 1014 3026 1081 ἡ
3059 1012 3216 1082 ἀρχὴ
3247 1012 3344 1065 καί
3386 1014 3424 1081 ἡ

1837 1096 2149 1159 βασιλεία,
2194 1097 2291 1150 καὶ
2337 1094 2560 1162 πάντες
2605 1100 2658 1150 οἰ
2702 1096 2864 1159 λαοὶ,
2898 1095 3120 1164 φυλαὶ,
3154 1093 3427 1165 γλῶσσαι

1845 1174 2006 1242 αὐτῷ
2034 1177 2466 1233 δουλεύσουσι.
2495 1177 2602 1231 Καὶ
2630 1178 2692 1230 τὸ
2726 1179 3004 1249 κριτήριον
3024 1176 3083 1229 δὲ
3107 1176 3271 1230 αὐτοῦ
3304 1177 3428 1229 ὐπο-

1844 1260 2073 1331 γράφων
2103 1261 2264 1332 φησίν
2285 1276 2300 1291 '
2348 1261 2675 1329 Ἐθεώρουν
2695 1259 2807 1326 ἕως
2844 1260 2987 1313 ὅτου
3014 1260 3212 1328 θρόνοι
3237 1258 3407 1325 ἐτέθη

1847 1357 1989 1408 σαν,
2025 1343 2124 1395 καὶ
2164 1344 2367 1407 βίϐλοι
2397 1342 2794 1411 ἀνεῴχθησαν
2818 1357 2833 1371 ⁶
2874 1342 2974 1396 καὶ
3024 1341 3288 1410 ποταμὸς
3327 1357 3431 1395 πυ-

1839 1424 1952 1493 ρὸς
1998 1420 2202 1479 εἷλκεν
2249 1426 2593 1493 ἔμπροσθεν
2637 1423 2827 1479 αὐτοῦ
2857 1439 2872 1454 °
2917 1424 3105 1493 χίλιαι
3160 1420 3430 1493 χιλιάδες

1846 1507 2269 1578 ὲλειτούργυυν
2309 1508 2499 1573 αὐτῷ,
2534 1508 2631 1561 καὶ
2667 1508 2874 1575 μύριαι
2910 1505 3197 1576 μυριάδες
3234 1519 3430 1575 «apsc—

1849 1589 2186 1656 στήκεισαν
2212 1588 2391 1655 αὐτῷ.
2427 1590 2501 1643 Οὐ
2533 1590 2692 1660 μόνον
2722 1589 2800 1649 δὲ,
2827 1588 2963 1643 ἀλλά
2997 1588 3091 1641 καί
3124 1589 3223 1660 τήν
3265 1588 3431 1658 τιμήν

1848 1672 2141 1737 δείκνυσιν,
2165 1675 2232 1745 ἢν
2268 1673 2553 1745 μέλλουσιν
2588 1673 2730 1743 ἔχειν
2752 1673 2802 1725 οἰ
2823 1670 3019 1725 δίκαιοι
3042 1709 3058 1733 ,
3085 1669 3257 1739 λέγων
3282 1687 3295 1700 ·
3319 1670 3429 1723 Καὶ

1848 1756 1915 1809 τὸ
1949 1755 2127 1825 κρῖμα
2155 1755 2379 1810 ἔδωκεν
2407 1756 2599 1826 ἁγίοις
2629 1755 2945 1823 Ὑψίστου,
2971 1753 3071 1806 καί
3115 1752 3231 1821 τὴν
3254 1753 3433 1817 ,ϐασι-

1848 1839 2024 1893 λείαν
2048 1840 2349 1909 κατέσχον
2383 1841 2438 1893 οἰ
2466 1838 2639 1908 ἅγιοι.
2682 1838 2739 1890 '0
2770 1838 2827 1891 δέ
2860 1835 3150 1907 Μαλαχίας
3170 1877 3184 1899 ,
3220 1836 3316 1889 καὶ
3350 1835 3433 1888 ὅτι

1849 1921 1937 1975 διά
1964 1922 2134 1993 πυρὸς
2184 1921 2335 1975 ἐσται
2386 1921 2451 1975 τὸ
2494 1920 2842 1991 δικαστήριον
2888 1919 3087 1981 ἐκεῖνο,
3131 1918 3431 1991 παρίστησι

1849 2004 2052 2073 λέγων’
2096 2004 2251 2060 Ἰδοὺ
2283 2004 2469 2071 αὐτὸς
2499 2004 2912 2071 εἰσπορεύεται
2948 2003 3029 2069 ὡς
3058 2003 3177 2071 πῦρ
3220 2020 3437 2071 χωνευ-

1850 2090 2079 2157 τηρίου,
2116 2088 2217 2143 καί
2254 2088 2335 2156 ὡς
2376 2089 2494 2141 πόα
2534 2089 2912 2142 πλυνόντων.
2958 2082 3112 2149 Εἶδες
3149 2085 3436 2156 ἀκρίϐειαν

1854 2171 2170 2243 προφητῶν,
2214 2170 2332 2235 πῶς
2362 2172 2577 2225 ἅπαντα
2603 2168 2967 2240 προλαϐόντες
2996 2169 3335 2240 ἀνεκήρυξαν
3368 2168 3437 2222 τὰ

1856 2255 2231 2327 συμϐήσεσθαι
2256 2254 2521 2327 μέλλοντα
2545 2270 2558 2317 ;
2580 2249 2705 2315 Πῶς
2726 2248 2818 2306 οὖν
2838 2252 2918 2305 ἔτι
2939 2252 3143 2323 τολμᾷς
3162 2253 3436 2312 ἀπιστεῖν,

1852 2339 2107 2403 τοιαύτας
2146 2338 2327 2393 λαϐὼν
2365 2335 2530 2391 αὐτοῦ
2561 2335 2864 2402 ἀποδείξεις
2889 2335 2988 2405 τῆς
3015 2335 3316 2405 δυνάμεως,
3342 2336 3439 2405 ρή-

1857 2438 2005 2493 ματα
2030 2422 2137 2493 πρὸ
2162 2420 2417 2474 τοσούτου
2455 2420 2647 2490 χρόνου
2682 2417 3129 2488 ἀναφωνηθέντα,
3162 2417 3256 2470 καὶ
3296 2418 3439 2486 πράο

1853 2522 2043 2575 γματα
2094 2506 2206 2567 τοῖς
2240 2504 2448 2574 ῥήμασι
2488 2501 2853 2573 συμϐαίνοντα
2905 2500 3138 2571 βλέπων,
3164 2501 3256 2554 καὶ
3286 2499 3438 2553 οὐδὲν

1853 2588 1991 2652 ὅλως
2016 2587 2299 2650 διαπεσόν;
2322 2585 2431 2639 Καὶ
2457 2584 2540 2638 ὅτι
2560 2584 2621 2637 οὐ
2647 2583 2945 2654 πλάσματα
2970 2584 3213 2655 ήμέτερα
3235 2600 3441 2654 μαρτυ-

1858 2669 2044 2743 ροῦσιν
2077 2670 2128 2722 οἰ
2172 2668 2240 2722 τά
2284 2668 2463 2738 βιϐλία
2507 2668 2603 2721 καὶ
2643 2666 2850 2737 πρῶτοι
2890 2665 3174 2736 δεξάμενοι
3213 2666 3306 2718 καὶ
3343 2662 3440 2718 νῦν

1856 2753 2202 2822 κατέχοντες,
2229 2751 2413 2821 ἐχθροί
2447 2766 2508 2803 τε
2552 2749 2725 2813 ὄντες,
2754 2750 2849 2803 καί
2879 2747 2989 2801 τῶν
3015 2748 3441 2819 ἐσταυρωκότων

1857 2834 2091 2902 ἔκγονοι,
2130 2834 2224 2888 καί
2253 2832 2348 2887 νῦν
2382 2832 2521 2887 αὐτά
2558 2832 2882 2903 κατέχοντες
2911 2833 3004 2885 καὶ
3031 2831 3437 2903 διατηροῦντες.

1857 2919 1968 2971 Καὶ
1992 2918 2108 2981 πῶς
2139 2917 2200 2969 οὐ
2248 2916 2587 2982 πιστεύουσι,
2624 2918 2789 2986 φησὶν
2812 2956 2827 2980 ,
2858 2914 3073 2985 ἔχοντες
3104 2915 3173 2968 τά
3215 2914 3396 2984 βιϐλία
3422 2932 3438 2980 ;

1858 3002 1981 3055 Ὀτι
2012 3002 2107 3055 καὶ
2133 3001 2255 3054 τότε
2296 3000 2814 3071 θαυματουργοῦντα
2857 2997 3145 3068 βλέποντες
3173 3001 3274 3052 οὐκ
3320 2999 3442 3052 ἐπί-

1860 3100 2065 3136 στευον.
2101 3082 2263 3135 Ἀλλά
2288 3080 2449 3136 τοῦτο
2488 3084 2551 3136 οὐ
2581 3081 2675 3136 τοῦ
2714 3081 3118 3151 ἀπιστουμένου
3162 3080 3439 3156 ἔγκλημα,

1856 3166 1994 3220 ἀλλά
2035 3166 2144 3219 τῶν
2189 3166 2249 3218 ἐν
2283 3165 2601 3237 μεσημϐρία
2630 3165 2775 3238 μέσῃ
2820 3164 3277 3235 τυφλωττόντωνο
3318 3167 3443 3221 ἐπεὶ

1857 3250 1950 3303 καὶ
1986 3248 2079 3302 τὸν
2104 3248 2307 3319 κόσμον
2344 3246 2533 3301 τοῦτον
2570 3249 2650 3311 εἰς
2698 3248 2860 3318 μέσον
2896 3247 3190 3319 προέθηκε,
3232 3266 3444 3321 παναρ-

1861 3333 2045 3402 μόνιον
2080 3332 2333 3403 ὄργανον,
2365 3330 2549 3401 φωνάς
2582 3331 2918 3401 πανταχόθεν
2953 3330 3201 3399 ἀφιέντα,
3228 3331 3321 3386 καὶ
3347 3332 3445 3387 τὸν

1856 3416 2187 3487 δημιουργὸν
2215 3414 2691 3485 ἀνακηρύττοντα·
2726 3415 2821 3468 καὶ
2855 3414 3005 3485 ὅμως
3036 3416 3179 3479 τινὲς
3215 3415 3325 3471 τῶν
3349 3416 3445 3471 ἀν⁴

1859 3498 2093 3569 θρώπων
2122 3497 2258 3551 εἰσὶν
2286 3500 2334 3551 οἰ
2366 3497 2465 3569 μὲν
2501 3497 2783 3568 αὐτόματα
2821 3498 2997 3551 πάντα
3017 3497 3289 3567 λέγοντες,
3318 3500 3367 3553 οἰ
3385 3499 3443 3555 δέ

1858 3580 2129 3651 ἀγέννητα
2168 3579 2239 3633 τά
2265 3580 2546 3651 ὁρώμενα,
2571 3581 2619 3632 οἰ
2658 3580 2716 3633 δέ
2755 3580 3002 3652 δαίμοσιν
3044 3581 3445 3653 ἐπιγράφοντες

1857 3665 1959 3734 τὴν
1985 3663 2190 3717 τούτων
2204 3663 2561 3734 δημιουργίαν
2590 3664 2685 3717 καί⁵
2711 3662 2989 3734 πρόνοιαν,
3012 3663 3161 3717 ἄλλοι
3186 3663 3327 3738 τύχῃ
3348 3666 3446 3720 καὶ

1859 3745 2201 3816 είμαρμένῃ,
2249 3746 2345 3798 καὶ
2396 3746 2645 3814 γενέσει,
2679 3746 2771 3799 καὶ
2821 3746 3038 3816 ἄστρων
3093 3749 3443 3817 περιφοραῖς.

1871 3829 2010 3882 Ἀλλ’
2034 3829 2247 3882 οὐδέπω
2270 3827 2429 3882 τοῦτο
2463 3830 2556 3884 τοῦ
2595 3829 2926 3902 δημιουργοῦ
2950 3830 3202 3901 ἔγκλημα
3221 3870 3235 3894 ,
3265 3830 3382 3884 ἀλλ’
3407 3833 3441 3903 ή

1859 3912 2162 3984 κατηγορία
2206 3912 2316 3965 τῶν
2358 3911 2497 3983 μετά
2524 3911 2760 3966 τοσαῦτα
2799 3912 3067 3984 φάρμακα
3101 3914 3161 3966 ἐν
3184 3913 3446 3983 ἐσχάταις

1859 3994 2127 4066 κειμένων
2158 3994 2354 4057 νόσοις.
2388 3994 2599 4065 Ὥσπερ
2624 3994 2733 4063 γάρ
2776 3994 2903 4047 ὅταν
2939 3994 3235 4065 εὐγνώμων
3340 3995 3444 4065 ψυ-

1858 4078 1952 4149 χὴ,
1984 4077 2046 4131 τὸ
2071 4076 2190 4130 δέον
2228 4078 2449 4149 συνορᾷ,
2475 4077 2536 4130 οὐ
2576 4076 2789 4129 πολλῶν
2824 4076 3048 4148 δεομένη
3079 4076 3443 4147 βοηθημάτων

1860 4162 1939 4224 εἰς
1963 4159 2123 4214 τοῦτο
2136 4176 2153 4193 ο
2177 4158 2322 4213 οὕτω
2335 4159 2399 4233 δή
2427 4160 2520 4214 καὶ
2538 4160 2666 4213 ὅταν
2685 4159 2955 4231 ἀγνώμων
2976 4161 3072 4215 καί
3092 4160 3454 4231 ἀναίσθητος,

1859 4242 1964 4298 κᾶν
1982 4242 2210 4315 μυρίους
2238 4242 2338 4317 ἔχῃ
2365 4244 2492 4307 τοὺς
2520 4243 3014 4314 χειραγωγοῦντας,
3033 4243 3443 4316 προκατειλημε-

1865 4326 2004 4398 μένη
2044 4325 2274 4389 πάθεσι,
2312 4326 2466 4397 μένει
2505 4326 2906 4397 τυφλώττουσα.
2938 4328 3081 4398 Ὅρα
3122 4325 3254 4396 γοῦν
3285 4326 3456 4382 τοῦτα

1861 4410 2137 4481 πανταχοῦ
2168 4410 2484 4480 συμϐαῖνον,
2506 4411 2608 4463 οὐκ
2629 4410 2721 4464 ἐπὶ
2754 4411 2852 4481 τῆς
2878 4410 3185 4474 ὑποθέσεως
3214 4410 3453 4480 ταύτης,

1861 4492 1999 4547 ἀλλά
2014 4492 2109 4547 καὶ
2136 4492 2388 4564 ἀλλαχοῦ.
2418 4493 2580 4547 Πόσοι
2600 4492 2731 4561 γοῦν
2761 4494 2941 4563 νόμων
2966 4494 3065 4547 οὐκ
3087 4492 3439 4554 ἀκούσαντες

1864 4574 2234 4647 ἐννομιῖιτατον
2252 4575 2560 4631 διετέλεσαν
2590 4574 3023 4647 ἐπιδεικνύμενοι
3053 4574 3362 4646 βίον;ἀλλοι
3385 4575 3445 4631 δὲ

1866 4658 2167 4730 ἐκπρὼτης
2196 4659 2411 4730 ήλικίας
2448 4660 2634 4723 αὐτοῖς
2670 4658 3069 4733 συντραφέντες
3105 4660 3185 4722 εἰς
3219 4658 3453 4728 ἔσχατον,

1863 4743 2040 4814 γῆρας
2054 4745 2168 4805 τοῖς
2198 4742 2405 4814 νόμοις,
2419 4742 2519 4796 οὐκ
2534 4741 2842 4796 ἐπαύσαντο
2862 4743 3060 4806 αὐτοὺς
3084 4742 3445 4811 παραϐαίνον-

1863 4842 1973 4889 τες.
1990 4824 2175 4878 Ταῦτα
2197 4826 2292 4880 καί
2318 4826 2535 4880 ἐπὶτῶν
2556 4825 2799 4879 παλαιῶν
2824 4824 3122 4879 συνέϐαινε.
3136 4826 3248 4879 Καὶ
3271 4825 3380 4898 γάρ
3395 4828 3450 4882 οίι

1871 4908 1969 4979 μὲν
1996 4906 2256 4972 Ἰουδαῖοι,
2276 4908 2370 4962 καί
2395 4908 2739 4979 σημείωνκαί
2766 4907 3059 4979 θαυμάτων
3085 4908 3295 4980 μυρίων
3310 4910 3449 4964 ἀπο·

1867 4989 2164 5053 λαύσαντες
2183 5030 2197 5051 .
2225 4991 2325 5044 οὐκ
2351 4991 2597 5059 ἐγένοντο
2631 4991 2871 5062 βελτίους
2887 5008 2902 5022 ο
2937 4992 3216 5046 Νινευῖται
3235 4992 3293 5046 δέ
3318 4994 3453 5062 μιᾶς

1871 5074 2040 5145 μόνης
2072 5074 2255 5143 φωνῆς
2283 5074 2617 5140 ἀκούσαντες
2646 5075 3057 5145 μετεϐάλλοντο,
3090 5076 3182 5129 καί
3212 5076 3311 5144 τῆς
3344 5094 3448 5130 κα-

1868 5155 1992 5220 κίας
2024 5155 2172 5229 [574]
2198 5156 2614 5228 ἀπηλλάγησαν.
2643 5158 2813 5211 Τοῦτο
2841 5158 2934 5212 καί
2972 5158 3057 5211 ἐπ’
3091 5157 3300 5229 ἀνδρῶν
3349 5158 3452 5212 ἴδοι

1866 5256 1949 5302 τις
1988 5240 2054 5292 ἂν
2083 5238 2378 5309 συμϐαῖνον
2408 5240 2661 5306 εὐτελῶν,
2695 5242 2795 5294 οὐκ
2825 5242 3108 5311 ἐπισήμων
3136 5242 3314 5312 μόνον.
3347 5240 3450 5292 Πό-

1871 5337 1970 5390 σης
2019 5320 2366 5387 διδασκαλίας
2411 5323 2512 5377 οὐκ
2553 5323 2857 5378 ἀπέλαυσεν
2898 5324 3116 5386 Ἰούδας,
3162 5323 3255 5377 καὶ
3300 5323 3454 5392 ὅμως

1870 5402 2135 5473 προδότης
2166 5403 2411 5472 ἐγένετοί
2445 5406 2603 5470 ποίας
2635 5406 2692 5459 δὲ
2732 5406 3104 5478 παραινέσεως
3146 5405 3455 5459 ἀπέλαυσεν

1869 5485 1899 5537 ὁ
1931 5484 2154 5555 λῃστὴς,
2193 5486 2309 5539 ἀλλ’
2343 5488 2402 5540 ἐν
2432 5488 2649 5559 σταυρῷ
2678 5489 2837 5543 αὐτὸν
2862 5488 3201 5558 ὡμολόγησε,
3242 5488 3333 5541 καὶ
3350 5488 3452 5555 τὴν

1874 5566 2149 5636 βασιλείαν
2182 5570 2483 5641 ἀνεκήρυξε
2505 5572 2604 5641 τὴν
2629 5572 2858 5626 ἐκείνουῑ
2882 5570 2976 5639 Μὴ
3001 5570 3178 5623 τοίνυν
3210 5570 3319 5624 ἀπὸ
3339 5569 3456 5624 τῶν

1871 5649 2283 5720 διεφθαρμένων
2318 5652 2417 5716 τὰς
2452 5652 2676 5723 γνώμας
2720 5654 2821 5717 τὰς
2872 5653 3083 5725 κρίσεις
3141 5658 3296 5706 ποιοῦ
3342 5652 3458 5709 τῶν

1877 5732 2237 5803 πραγμάτων,
2267 5733 2383 5787 ἀλλ’
2420 5734 2529 5789 άπὸ
2562 5735 2661 5806 τῆς
2696 5737 2807 5792 τῶν
2837 5737 3176 5807 πραγμάτων
3201 5735 3455 5808 ἀληθείας

1871 5815 1972 5887 τὴν
2005 5816 2388 5906 προσήκουσαν
2408 5817 2593 5893 ψῆφον
2608 5817 2807 5890 ἔκφερε
2842 5818 2969 5891 περὶ
2988 5819 3097 5874 τῶν
3118 5817 3293 5890 ὀρθῶς
3326 5814 3451 5887 βου-
