3826 6222
425 350 530 407 8‘29

425 463 788 537 λευσαμένων.
812 463 926 518 Ούκ
947 461 1271 516 ἐπίστευσαν
1295 463 1344 516 ot
1388 461 1647 527 Ἰουδαῖοι,
1673 462 1721 516 οἰ
1750 460 1809 528 ἐξ
1834 459 2003 513 ἐθνῶν

424 548 752 603 ἐπίστευσαν
822 547 930 599 Kal
976 545 1097 598 οὐδὲ
1137 544 1297 598 τοῦτο
1343 545 1647 616 σεσίγηται,
1693 543 1808 598 ἀλλ’
1852 541 2006 596 ἐνθεν

426 631 528 702 μὲν
549 634 578 685 ὁ
601 629 763 683 Δαυῒδ
788 628 1146 699 προφητεύων
1175 629 1300 699 βοᾷ·
1346 629 1466 682 Υἱοί
1493 629 1796 696 ἀλλότριοι
1822 626 2008 694 ἐψεύ-

422 715 618 768 σαντό
631 729 728 781 με.
755 711 869 765 υίοί
897 711 1202 779 ἀλλότριοι
1230 709 1717 778 ἐπαλαιώθησαν,
1747 708 1843 762 καί
1864 705 2010 777 ἐχώ-

424 800 621 851 Juv-ar
651 796 768 849 ἀπὸ
793 792 912 846 τῶν
943 795 1158 862 τρίϐων
1182 793 1415 849 αὐτῶνθ
1441 794 1593 848 ἐνθεν
1624 794 1682 847 δὲ
1713 795 1742 847 ό
1782 792 2008 854 Ἡσαΐας

423 879 620 944 λέγων,
650 879 847 946 Κύριε,
869 878 959 943 τίς
989 877 1318 932 ἐπίστευσε
1350 876 1426 946 τῇ
1451 876 1604 945 ἀκοῇ
1630 875 1818 946 ἡμῶν,
1849 874 1950 929 καὶ
1975 876 2009 928 ό

426 963 694 1030 βραχίων
740 961 962 1028 Κυρίου
1015 961 1134 1014 τίνι
1184 961 1621 1029 ἀπεκαλύφθης
1667 961 1777 1014 Kal
1823 957 2007 1022 πάλιν,

423 1045 691 1114 Εὑρέθην
713 1044 838 1110 τοῖς
859 1043 964 1113 ἐμὲ
981 1043 1067 1112 μὴ
1095 1042 1396 1111 ζητοῦσιν,
1422 1043 1698 1113 ἐμφανὴς
1717 1042 2011 1112 ἐγενόμην

425 1128 551 1196 τοῖς
582 1127 686 1197 ἐμὲ
712 1128 799 1197 μὴ
832 1127 1187 1196 ἐπερωτῶσι.
1225 1127 1336 1180 Kal
1365 1129 1421 1180 ἐν
1455 1128 1588 1198 αὐτῇ
1619 1127 1675 1178 δὲ
1704 1129 1770 1197 τῇ
1799 1143 2010 1197 παρου-

429 1212 520 1284 σίᾳ
564 1212 729 1265 αὐτοῦ
781 1211 1062 1265 Χαναναία
1099 1211 1192 1264 καὶ
1222 1212 1553 1282 Σαμαρεῖτις
1585 1210 1722 1280 γυνὴ
1761 1211 2012 1263 ἐπίστευ-

429 1310 561 1350 σαν·
597 1297 763 1366 ἱερεῖς
805 1295 858 1348 δὲ
907 1296 1004 1346 καὶ
1032 1293 1293 1365 ἄρχοντες
1335 1294 1637 1364 ἐπολέμουν
1665 1296 1758 1348 καί⁹
1781 1294 2010 1348 ἐπεϐού-

428 1379 607 1442 λευον,
633 1378 728 1430 καὶ
757 1379 883 1440 τοὺς
913 1376 1105 1440 ἀλλους
1130 1377 1393 1447 ἀπεῖργον
1427 1378 1521 1430 καὶ
1549 1377 2012 1446 ἀποσυναγώγους

429 1461 648 1514 ἐποίουν
670 1459 1022 1522 πιστεύοντας
1050 1462 1128 1520 εἰς
1151 1459 1332 1514 αὐτόν.
1359 1459 1539 1529 Μηδὲν
1559 1460 1738 1514 τοίνυν
1760 1459 2012 1526 ξενιζέτω

431 1559 490 1596 σε
520 1543 712 1601 ταῦτα.
741 1541 956 1596 Πολλῶν
988 1541 1368 1611 ἐμπέπλησται
1391 1543 1646 1595 τοιούτων
1679 1542 2012 1613 ὑποδειγμάκ

428 1644 537 1679 των
567 1627 596 1679 ὁ
622 1625 737 1696 βίος
770 1626 929 1695 ήμῶν
963 1625 1055 1677 καὶ
1087 1626 1144 1676 ἐν
1171 1623 1248 1694 τῷ
1282 1624 1405 1677 καθ’
1439 1627 1586 1696 ἡμᾶς
1611 1625 1809 1697 χρόνῳ,
1840 1627 1934 1680 καὶ
1954 1627 2014 1680 ἐν

427 1711 540 1773 τοῖς
569 1708 880 1780 ἔμπροσθεν
907 1704 1057 1762 οὖσιν
1079 1725 1090 1738 ·
1127 1707 1304 1772 ἄλλως
1329 1707 1406 1768 δὲ,
1455 1711 1505 1762 εί
1549 1710 1641 1762 καὶ
1674 1709 1748 1781 μὴ
1789 1710 2010 1775 πάντες,

427 1793 564 1846 ἀλλὰ
601 1793 787 1846 πολλοὶ
812 1793 906 1846 καὶ
941 1793 999 1858 ἐξ
1033 1791 1303 1846 Ἰουδαίων
1351 1793 1446 1846 καὶ
1486 1793 1607 1846 τότε
1649 1795 1741 1847 καὶ
1771 1793 1866 1846 νῦν
1895 1794 2015 1847 ἐπί-

429 1895 689 1933 στευσανο
731 1879 778 1930 εί
803 1877 860 1930 δέ
898 1876 974 1948 μή
1013 1876 1236 1941 πάντες,
1274 1877 1426 1930 οὐδὲν
1466 1878 1651 1931 καινὸν
1678 1878 1801 1932 οὐδὲ
1835 1878 2015 1950 παρά-

426 1961 596 2029 δοξον.
626 1963 875 2016 Τοιοῦτον
894 1961 1003 2034 γὰρ
1030 1962 1064 2032 ή
1085 1961 1470 2033 ἀγνωμοσύνη,
1493 1961 1734 2016 τοιοῦτον
1756 1963 1789 2032 ἡ
1829 1961 2015 2030 ἀλόγι-

429 2061 554 2107 στος
576 2045 802 2102 διάνοια.
826 2045 1064 2099 τοιοῦτον
1083 2047 1117 2116 ή
1138 2045 1243 2098 ὑπὸ
1271 2044 1460 2098 παθῶν
1486 2045 1831 2118 κρατουμένη
1848 2045 2013 2115 ψυχή.

517 2129 657 2180 Ἀλλ’
691 2127 876 2197 ἐπειδὴ
899 2127 998 2191 τὰς
1024 2129 1154 2199 περὶ
1181 2127 1347 2181 αὐτοῦ
1374 2128 1711 2200 προφητείας
1739 2130 1889 2199 παρά
1907 2128 2018 2181 τῶν

432 2212 727 2283 προφητῶν
753 2211 1072 2283 εἰρημένας,
1097 2213 1191 2266 καὶ
1223 2212 1329 2282 πρὸ
1351 2211 1621 2266 τοσούτων
1651 2211 1858 2283 χρόνων
1885 2213 2016 2266 ἀνα-

431 2295 799 2366 κηρυχθείσας
854 2296 1179 2368 εἰρήκαμεν,
1216 2295 1350 2366 φέρε
1412 2295 1506 2350 καὶ
1547 2295 1648 2359 τὰς
1687 2296 1778 2350 ὑπ’
1829 2295 2016 2361 αὑτοῦ,

429 2379 596 2449 ἡνίκα
624 2378 934 2450 περιεπόλει
971 2378 1073 2449 τήν
1111 2377 1216 2448 γῆν
1242 2379 1336 2431 καὶ
1372 2379 1484 2442 τοῖς
1530 2377 1839 2450 ἀνθρώποις
1891 2397 2018 2432 συν-

430 2462 816 2534 ανεστρέφετο,
865 2460 996 2533 περὶ
1038 2461 1342 2532 μελλόντων
1377 2461 1680 2531 εἰρημένας
1714 2464 1795 2524 είς
1853 2461 2019 2532 μέσον

432 2545 751 2616 ἀγάγωμεν,
809 2545 898 2598 ῖνα
945 2543 1239 2598 κάντεῦθεν
1292 2543 1460 2598 αὑτοῦ
1495 2543 1675 2616 μάθῃς
1703 2544 1804 2615 τὴν
1840 2545 2013 2615 ἰσχύν.

435 2629 886 2700 Παραγενόμενος
947 2627 1054 2700 7&9
1112 2627 1256 2692 τότε,
1292 2626 1388 2680 καὶ
1421 2625 1520 2698 τὴν
1555 2626 1666 2680 τῶν
1715 2627 2019 2698 ἀνθρώπων

431 2712 958 2784 πραγματευόμενος
1015 2710 1312 2782 σωτηρίαν,
1347 2708 1454 2762 τῶν
1495 2726 1555 2763 τε
1607 2708 1729 2764 κατ’
1777 2711 2020 2776 ἐκείνους

431 2794 601 2848 ὄντων
629 2797 757 2854 τοὺς
799 2795 1044 2866 χρόνους,
1083 2793 1194 2848 τῶν
1223 2810 1282 2847 τε
1317 2792 1544 2863 ὕστερον
1580 2793 1876 2864 ἐσομένων,
1907 2813 2022 2849 ποι-

435 2878 601 2942 κίλως
631 2878 801 2948 αὐτὴν
841 2877 1234 2948 μεταχειρίζει.
1269 2877 1380 2930 Kal
1430 2877 1535 2948 ὃρα
1578 2876 1632 2930 τί
1681 2879 1845 2932 ποιεῖ.
1873 2877 2019 2931 Θαύ-

438 2977 586 3031 ματα
630 2961 948 3032 ἐργάζεται,
999 2961 1095 3014 καὶ
1151 2958 1408 3028 προλέγει
1461 2959 1584 3012 τινά
1635 2961 1744 3014 τῶν
1785 2963 2022 3033 μακροῖς

435 3044 664 3116 ὕστερον
698 3045 909 3116 χρόνοις
945 3043 1354 3112 ἐκϐησομένων,
1385 3042 1471 3097 διά
1512 3043 1612 3112 μὲν
1649 3043 1759 3098 τῶν
1788 3045 1907 3098 τότε
1937 3062 2022 3114 γι-

433 3127 677 3198 νομένων
714 3125 814 3200 τήν
851 3126 1110 3198 ἀλήθειαν
1140 3126 1250 3181 τῶν
1282 3125 1420 3196 μετά
1443 3125 1612 3180 πολὺν
1636 3128 1830 3198 χρόνον
1856 3127 2024 3198 ἐκϐη-

437 3209 681 3281 σομένων
703 3207 1051 3280 ἐγγυώμενος
1079 3208 1232 3281 παρά
1259 3211 1371 3273 τοῖς
1402 3208 1526 3262 τότε
1560 3211 1880 3281 ἀκροαταῖς,
1908 3213 2022 3275 τοῖς

433 3309 496 3345 τε
521 3291 658 3363 μετά
685 3291 858 3346 ταῦτα
883 3291 1160 3362 ἐσομένοις
1188 3293 1254 3344 ἐκ
1277 3291 1388 3344 τῶν
1411 3292 1717 3362 εἰρημένων
1745 3293 2024 3348 ἐκϐάσεων

435 3374 726 3442 ἀξιόπιστα
751 3374 968 3436 δεικνὺς
1001 3373 1096 3426 καὶ
1125 3371 1194 3425 τά
1225 3375 1284 3425 ἐν
1321 3374 1516 3441 ἐκείνῳ
1548 3373 1624 3443 τῷ
1655 3374 1833 3446 χρόνῳ
1859 3393 2020 3444 γεγε-

435 3456 646 3528 νημένα
667 3454 943 3526 θαύματα,
975 3455 1069 3509 καὶ
1097 3454 1206 3508 άπὸ
1227 3455 1325 3525 τῆς
1353 3455 1548 3525 διπλῆς
1575 3455 1781 3527 ταύτης
1809 3457 2026 3512 ἀποδείο

439 3539 575 3604 ξεως
608 3542 704 3593 καὶ
720 3539 789 3591 τά
812 3539 938 3609 περί
965 3538 1064 3607 τῆς
1098 3537 1376 3606 βασιλείας
1410 3539 1788 3611 πιστούμενος.

513 3623 599 3678 ιϐ’.
621 3623 732 3676 Kal
751 3622 861 3692 7&9
885 3621 1072 3674 διπλαῖ
1092 3621 1257 3675 αὑτοῦ
1277 3623 1333 3674 αί
1356 3624 1651 3695 ποῤῥήσεις
1666 3620 1826 3694 ἦσαν,
1844 3627 1900 3679 αἱ
1925 3627 2024 3698 μὲν

441 3707 582 3760 κατά
607 3706 700 3760 τὸν
741 3705 987 3775 παρόντα
1019 3703 1353 3776 ἐκϐήσεσθαι
1387 3706 1678 3776 μέλλουσαι
1705 3707 1841 3776 βίον,
1872 3713 1926 3764 αἱ
1965 3711 2024 3766 δέ

441 3788 580 3859 μετά
609 3788 712 3859 τὴν
746 3787 1057 3841 συντέλειαν
1078 3787 1276 3858 αὐτήν·
1312 3789 1407 3841 καὶ
1429 3787 1634 3857 θατέρα
1661 3790 1760 3862 τὴν
1787 3791 2025 3864 θατέραν

441 3872 663 3944 συνίστη
723 3872 820 3926 καὶ
868 3871 1078 3927 ἐδείκνυ
1120 3872 1260 3942 μετά
1297 3872 1500 3942 πολλῆς
1557 3873 1659 3943 τῆς
1708 3877 2024 3947 περιουσίας

439 3953 831 4027 ἀληθεύουσαν.
858 3949 982 4008 Οίόν
1001 3973 1055 4007 τι
1079 3954 1224 4024 λέγω
1240 3972 1254 3987 ·
1280 3955 1375 4008 καὶ
1404 3953 1514 4025 7&9
1537 3954 1754 4028 ἀσαφής
1781 3959 1809 4010 ὁ
1844 3957 2021 4028 λόγος,

437 4038 520 4092 διὸ
543 4038 637 4092 καί⁷
679 4037 1018 4110 σαφέστερον
1060 4037 1224 4092 αὑτὸν
1265 4040 1489 4109 ποιῆσαι
1520 4040 1856 4110 πειράσομαι
1878 4059 1892 4073 ο
1921 4040 2026 4094 δώ-

437 4121 571 4174 δεκα
613 4115 755 4192 ἦσαν
793 4119 1049 4190 ἑπόμενοι
1078 4118 1228 4189 αὐτῷ
1278 4120 1552 4191 μαθηταί’
1602 4122 1935 4194 Ἐκκλησίας
1966 4123 2026 4178 δέ

441 4204 675 4274 πρᾶγμα
717 4203 838 4256 οὑδέ
875 4203 955 4265 εἰς
992 4201 1116 4255 νοῦν
1154 4219 1239 4266 τις
1273 4201 1547 4272 ἐλάμϐανε
1583 4203 1725 4268 τότε,
1753 4204 1870 4259 ἀλλ’
1901 4205 2024 4258 ούδέ

440 4285 645 4356 δνομαο
675 4285 709 4354 ή
735 4283 844 4354 γὰρ
879 4283 1172 4352 συναγωγὴ
1196 4279 1265 4354 ἦν
1297 4285 1533 4338 ἀνθοῦσα
1555 4286 1654 4342 ἔτι.
1689 4287 1756 4340 Τί
1781 4285 1875 4342 οῦν
1904 4283 2024 4340 εἷπε

443 4367 538 4420 καί
575 4364 930 4438 προεφώνησε
971 4366 1070 4435 τῆς
1095 4365 1425 4436 οἰκουμένης
1457 4369 1641 4437 σχεδὸν
1680 4369 1898 4441 ἀπάσης
1918 4369 2026 4425 ὑπὸ

441 4448 697 4512 ἀσεϐείας
719 4447 1125 4518 κατεχομένης;
1163 4446 1286 4500 Ἐ’πί
1316 4451 1503 4517 ταύτῃ
1541 4449 1618 4518 τῇ
1651 4450 1838 4519 πέτρᾳ
1868 4454 2027 4506 οἱκο-

438 4531 687 4600 δτμήσω
705 4548 826 4600 μου
855 4529 973 4600 τὴν
1014 4531 1396 4598 Ἐκκλησίαν,
1432 4532 1534 4585 καί
1569 4534 1756 4586 πύλαι
1782 4533 1931 4600 ᾅδου
1953 4536 2026 4589 οὐ

441 4616 931 4684 κατισχύσουσιν
961 4611 1174 4681 αὐτῆς.
1228 4613 1315 4678 Ὠς
1349 4613 1529 4684 βούλει
1572 4613 1731 4668 τοῦτο
1767 4615 2024 4685 βασάνιζε

442 4698 504 4749 τὸ
531 4697 704 4768 ῥῆμα,
753 4697 852 4751 καὶ
897 4695 1020 4766 δψει
1070 4695 1484 4768 διαλάμπουσαν
1521 4696 1674 4771 [575]
1713 4698 1878 4753 αὑτοῦ
1926 4699 2027 4771 τὴν

443 4780 722 4849 ἀλήθειαν.
752 4780 826 4834 Ού
858 4778 966 4851 7&9
995 4779 1061 4848 δή
1098 4777 1258 4834 τοῦτο
1314 4779 1626 4851 θαυμαστόν
1677 4783 1794 4835 ἐστι
1841 4782 2024 4852 μόνον,

443 4863 525 4915 ὅτι
554 4861 905 4932 ᾠκοδόμησεν
933 4862 1105 4931 αὐτὴν
1131 4861 1273 4916 κατά
1303 4865 1403 4935 τὴν
1431 4863 1755 4934 οἰκουμένην
1784 4864 2024 4930 ἀπασαν,

444 4945 559 4998 ἀλλ’
595 4945 677 4997 ὅτι
728 4946 823 4998 καὶ
863 4945 1162 5016 ἀχείρωτον
1225 4946 1541 5017 εἰργάσατο,
1583 4949 1678 5001 καὶ
1731 4947 2027 5019 ἀχείρωτον

444 5029 550 5082 ὑπὸ
589 5026 862 5082 τοσούτων
891 5027 1286 5100 ἐνοχλουμένην
1326 5030 1580 5102 πολέμων
1600 5047 1615 5063 ο
1655 5031 1717 5084 τὺ
1750 5033 1876 5102 γὰρ,
1909 5032 2027 5085 Πύ-

440 5116 542 5166 λαι
570 5111 721 5179 ᾅδου
753 5113 825 5165 οὐ
853 5113 1338 5180 κατισχύσουσιν
1365 5113 1580 5182 αὐτῆς.
1619 5113 1853 5167 κίνδυνοί
1881 5115 2028 5167 ἐστιν

444 5197 526 5258 εἰς
559 5194 694 5266 ᾅδην
733 5194 1086 5262 κατάγοντες.
1141 5189 1295 5257 Εἶδες
1340 5197 1698 5266 προρρήσεως
1728 5196 2024 5267 ἀλήθειαν;

445 5276 586 5341 εἶδες
611 5277 893 5339 ἐκϐάσεως
929 5275 1118 5346 ἰσχύν;
1150 5270 1288 5338 εῐδες
1329 5277 1552 5345 ῥήματα
1584 5278 1676 5330 ἐπὶ
1725 5278 1834 5331 τῶν
1880 5295 2028 5349 πρα-

444 5360 672 5432 γμάτων
721 5359 1120 5428 διαλάμποντα,
1170 5357 1267 5410 καὶ
1320 5356 1551 5426 δύναμιν
1611 5360 1822 5429 ἀμαχον
1853 5361 2030 5414 πάντα

447 5443 707 5498 ποιοῦσαν
732 5443 997 5507 εὐκόλως;
1026 5441 1118 5508 Μὴ
1150 5438 1259 5510 γάρ
1286 5440 1474 5510 ἐπειδὴ
1501 5440 1656 5510 ῥῆμά
1685 5442 1801 5495 ἐστι
1831 5442 2027 5513 βραχὺ,

445 5526 527 5588 τὸ,
562 5525 954 5594 Οἰκοδομήσω
993 5540 1112 5592 μου
1144 5521 1262 5586 τὴν
1310 5524 1700 5590 Ἐκκλησίαν,
1749 5526 2032 5596 παραδρά-

449 5621 558 5678 μῃς
583 5606 792 5670 ἁπλῶς,
825 5605 941 5659 ἀλλ’
974 5602 1284 5668 ἀνάπτυξον
1330 5607 1397 5674 τῇ
1447 5604 1675 5676 διανοίᾳ,
1724 5606 1820 5658 καὶ
1851 5607 2032 5674 ἐννόη-

450 5703 544 5739 σον
572 5688 760 5758 ήλίκον
791 5688 909 5740 ἐστὶ
931 5686 1031 5757 τὴν
1060 5688 1150 5755 ὑφ’
1181 5686 1317 5756 ήλίῳ
1346 5687 1606 5758 κειμένην
1649 5688 1868 5742 ἃπασαν
1903 5690 2028 5741 Ἐκ-

450 5769 690 5834 κλησιῶν
715 5771 776 5825 ἐν
808 5769 984 5840 χρόνῳ
1019 5767 1215 5840 βραχεῖ
1243 5769 1511 5826 τοσούτων
1559 5769 1863 5844 ἐμπλῆσαι,
1891 5771 2022 5842 ἔθνη

1116 345 1175 402 S.
1212 343 1500 403 JOANNIS
1535 341 2028 402 CHRYSOSTOMI
2072 341 2393 398 ARCHIEP.
2435 342 2990 400 CONSTANTINOP.

3576 350 3674 407 830

2113 458 2429 529 μεταθεῖναι
2463 459 2720 523 τοσαῦτα,
2757 465 3085 531 μεταπεῖσαι
3129 461 3358 531 δήμους,
3386 463 3482 534 ἔθη
3522 482 3679 519 κατα-

2105 540 2553 616 λῦσαι-πατρῷα,
2597 543 2886 614 συνήθειαν
2917 545 3312 616 ’ἐρριζωμένην
3354 547 3679 614 ἀνασπάσαι,

2105 607 2314 696 ήδονῆξ
2331 607 2644 697 τυραννίδα,
2679 607 2877 691 κακίας
2913 607 3282 700 ίσχῦνῗώσπερ
3308 629 3458 683 κόνιν
3484 607 3672 685 άπεὶάί

2110 725 2222 770 σαι,
2246 710 2336 762 καί
2361 709 2580 780 βωμοὺς
2607 709 2704 763 καὶ
2719 711 2882 773 ναοὺς
2900 711 2992 764 καὶ
3026 710 3187 775 ξόανα
3209 711 3304 764 καὶ
3328 713 3574 777 τελετάς,
3595 715 3684 767 καὶ

2107 789 2208 853 τὰς
2236 790 2450 858 ἐναγεῖς
2481 791 2697 864 ἐορτάς,
2738 791 2834 845 καὶ
2860 792 2958 846 τὴν
2973 792 3281 864 ἀκάθαρτον
3325 794 3554 848 κνίσσαν
3583 795 3685 848 ώσ-

2110 889 2218 943 περ
2241 873 2448 926 καπνόν
2463 891 2582 928 τινα
2605 874 2883 943 ἀφανίσαι,
2910 879 3002 929 καὶ
3030 876 3303 946 πανταχοῦ
3328 877 3686 950 θυσιαστήρια

2111 955 2441 1026 ἀναστῆσαι,
2472 957 2530 1010 ἐν
2546 959 2612 1028 τῇ
2647 956 2934 1027 Ῥωμαίων
2968 957 3142 1029 χώρᾳ,
3174 961 3232 1012 ἐν
3258 963 3325 1030 τῇ
3355 961 3600 1031 Περσῶν,
3633 963 3687 1014 ἐν

2110 1041 2178 1109 τῇ
2212 1039 2460 1104 Σκυθῶν,
2489 1041 2549 1094 ἐν
2585 1043 2652 1112 τῇ
2685 1041 2946 1110 Μαύρων,
2979 1041 3038 1092 ἐν
3063 1045 3130 1112 τῇ
3177 1042 3381 1096 Ἰνδῶν·
3410 1045 3464 1097 τί
3513 1045 3686 1112 λέγως

2114 1121 2257 1192 ύπέρ
2309 1122 2412 1194 τὴν
2453 1122 2786 1192 οἰκουμένην
2832 1122 2933 1193 τὴν
2977 1116 3098 1176 καθ’
3127 1126 3294 1194 ἡμᾶς.
3330 1127 3442 1178 Καὶ
3472 1125 3583 1196 γάρ
3635 1128 3688 1178 αἱ

2113 1204 2440 1275 Βρετανικαί
2485 1206 2659 1277 νῆσοι,
2695 1207 2750 1259 αἰ
2803 1205 2903 1275 τῆς
2934 1205 3203 1277 θαλάττης
3248 1208 3403 1271 ἐκτὸς
3441 1210 3690 1280 κείμεναι

2113 1286 2336 1359 ταύτης,
2374 1291 2468 1342 καὶ
2517 1291 2576 1342 ἐν
2621 1289 2770 1359 αὑτῷ
2814 1286 2970 1344 οὖσαι
3017 1291 3096 1362 τῷ
3122 1291 3369 1364 ὠκεανῷ,
3398 1293 3501 1363 τῆς
3532 1293 3692 1346 δυνά-

2117 1387 2263 1440 μεως
2295 1370 2387 1423 τοῦ
2421 1372 2668 1443 ῥήματος
2695 1372 2956 1443 ᾔσθοντοο
2991 1375 3084 1426 καὶ
3111 1373 3220 1446 7&9
3262 1377 3422 1428 κάκεῖ
3470 1375 3692 1443 Ἐκκλη-

2118 1453 2230 1506 σίαι
2263 1455 2356 1507 καί
2391 1454 2755 1527 θυσιαστήρια
2799 1459 3132 1528 πεπήγασιν.
3176 1461 3381 1512 Ἐκεῖνο
3411 1459 3472 1512 τὸ
3520 1460 3690 1528 ῥῆμα,

2116 1535 2253 1608 ὅπερ
2299 1537 2605 1608 ἐφθέγξατο
2632 1540 2774 1602 τότε,
2807 1540 2967 1594 τοῦτο
3004 1543 3062 1593 ἐν
3089 1545 3209 1606 ταῖς
3237 1543 3494 1596 ἀπάντων
3527 1544 3693 1612 πεφύ-

2115 1635 2304 1673 τευται
2331 1621 2552 1690 ψυχαῖς.
2586 1623 2644 1674 ἐν
2666 1625 2776 1685 τοῖς
2799 1624 3056 1677 ἁπάντων
3096 1625 3326 1694 στόμασι
3354 1628 3556 1679 κεῖται.
3590 1627 3692 1676 Καὶ

2119 1705 2289 1767 πᾶσα,
2319 1705 2394 1768 ὡς
2425 1707 2620 1770 εἰπεῖν,
2653 1707 2686 1776 ή
2713 1707 2785 1776 γῆ
2823 1707 3162 1779 ἐξεκαθάρθη
3203 1709 3454 1762 ἀκανθῶν
3488 1709 3694 1777 πεπλη-

2121 1787 2359 1858 ρωμένη,
2373 1789 2468 1841 καί.
2488 1788 2707 1860 καθαρά
2730 1791 2951 1859 γέγονεν
2963 1792 3189 1862 ἀρουρα,
3209 1792 3386 1846 καίτά
3405 1792 3694 1863 σπέρματα

2119 1871 2216 1941 τῆς
2248 1872 2531 1936 εὐσεϐείας
2572 1873 2810 1938 ἐδέξατο.
2846 1875 3006 1944 Μέγα
3047 1875 3147 1946 μέν
3182 1871 3295 1938 οὖν,
3325 1876 3498 1940 ὅντως
3534 1876 3694 1946 μέγα,

2123 1955 2326 2025 μᾶλλον
2355 1956 2412 2009 δὲ
2442 1957 2709 2028 μεγέθους
2749 1958 3058 2030 ὑπερϐολὴν
3099 1957 3194 2013 καὶ
3241 1960 3391 2024 θείας
3418 1960 3696 2029 δυνάμεως

2121 2038 2395 2105 ἀπόδειξιν
2428 2040 2572 2111 ἐχον,
2595 2040 2658 2094 τὸ
2700 2042 2793 2095 καὶ
2829 2043 3057 2113 μηδενὸς
3083 2044 3447 2115 ἐνοχλοῦντος,
3480 2044 3598 2098 ἀλλ’
3626 2047 3689 2096 εί-

2125 2126 2294 2196 ρήνης
2329 2123 2518 2193 οὔσης,
2559 2125 2655 2180 καὶ
2687 2125 2900 2180 πολλῶν
2943 2127 3053 2181 τῶν
3098 2131 3562 2200 συμπραττόντων
3590 2146 3692 2182 κει·

2125 2207 2324 2278 μένων,
2355 2207 2769 2278 ἐναντιουμένου
2795 2208 2850 2262 δέ
2878 2209 3127 2280 μηδενὸς,
3154 2209 3450 2280 δυνηθῆναι
3498 2213 3697 2264 τοσαύ-

2125 2307 2222 2362 την
2255 2291 2582 2362 οἰκουμένην
2607 2291 2802 2363 άθρόον
2832 2292 3140 2357 ἀπαλλάξαι
3171 2295 3268 2364 μὲν
3298 2294 3398 2364 τῆς
3432 2297 3491 2347 ἐν
3513 2295 3700 2347 τοσού-

2121 2389 2198 2442 τῳ
2253 2373 2432 2445 χρόνῳ
2485 2373 2990 2444 προκατειληφυίας
3034 2376 3208 2447 αὐτὴν
3281 2378 3531 2448 πονηρᾶς
3578 2394 3699 2430 συν-

2119 2454 2329 2526 ηθείας,
2357 2454 2668 2525 μεταθεῖναι
2692 2456 2750 2509 δὲ
2779 2459 2860 2520 εἰς
2896 2458 3088 2529 ἐτέραν
3110 2459 3242 2512 πολὺ
3269 2459 3698 2529 δυσκολωτέραν.

2122 2539 2198 2592 Οὐ
2235 2538 2344 2612 γᾲρ
2368 2539 2628 2611 συνηθείᾳ
2665 2539 2826 2610 μόνον
2850 2541 3190 2610 ἠναντιοῦτο,
3221 2540 3357 2595 ἀλλὰ
3387 2542 3483 2595 καὶ
3515 2543 3702 2612 ήδονὴν

2123 2623 2363 2691 κατεῖχε,
2391 2621 2486 2675 δύο
2518 2622 2818 2696 τυραννικά
2855 2625 3177 2696 πράγματα.
3209 2627 3276 2678 Ἀ
3299 2625 3408 2697 γὰρ
3438 2626 3549 2678 ἀπὸ
3586 2626 3704 2678 πολ-

2121 2705 2230 2758 λῶν
2251 2705 2384 2758 ἐτῶν
2406 2706 2559 2776 παρὰ
2589 2707 2840 2777 πατέρων
2869 2710 2962 2761 καὶ
2986 2710 3225 2762 πάππων
3245 2711 3340 2761 καὶ
3367 2709 3703 2763 ἐπιπάππων

2121 2791 2218 2842 καὶ
2250 2789 2360 2841 τῶν
2386 2789 2646 2861 ἀνωτέρω
2679 2793 2982 2861 προγόνων,
3015 2794 3107 2846 καὶ
3135 2792 3443 2862 φιλοσόφων
3484 2794 3582 2845 καὶ
3612 2797 3705 2865 ρη-

2120 2873 2297 2943 τόρων
2361 2867 2502 2943 ἦσαν
2551 2873 2972 2945 παρειληφότες,
3012 2875 3186 2930 ταῦτα
3242 2875 3530 2929 ἐπείθοντο
3577 2878 3706 2930 ἀπο-

2125 2956 2316 3010 πτύειν
2331 2972 2348 2989 ο
2375 2956 2578 3026 καίπερ
2593 2953 2660 3028 ἦν
2675 2958 3103 3023 δυσκολώτατον,
3128 2961 3221 3013 καὶ
3246 2961 3441 3031 ἑτέραν
3456 2961 3707 3030 δέχεσθαι

2126 3039 2414 3118 συνήθειαν
2451 3040 2646 3110 καινὴν
2688 3041 3130 3108 ἐπεισελθοῦσαν,
3158 3043 3339 3097 καὶτὸ
3360 3044 3428 3113 δὴ
3468 3045 3708 3114 χαλεπώ-

2121 3141 2303 3195 τερον,
2323 3125 2458 3179 πολὺ
2482 3125 2542 3178 τὸ
2565 3124 2823 3180 ἐπίπονον
2839 3125 3087 3196 ἐχουσαν.
3117 3127 3323 3196 Ἀπῆγε
3345 3128 3458 3199 γὰρ
3476 3130 3706 3199 τρυφῆς,

2123 3209 2218 3262 καὶ
2245 3208 2441 3278 ἐνῆγεν
2467 3209 2547 3272 εἰς
2574 3207 2856 3277 νηστείαν⁹
2886 3209 3067 3278 ἀπῆγε
3113 3209 3579 3281 φιλοχρηματίας,
3623 3212 3709 3264 καὶ

2125 3291 2322 3361 ἐνῆγεν
2374 3293 2456 3354 εἰς
2500 3289 2929 3363 ἀκτημοσύνην·
2978 3293 3192 3362 ἀπῆγεν
3241 3292 3561 3362 ἀσελγείας,
3622 3298 3710 3348 καὶ

2124 3374 2318 3445 ἐνῆγεν
2340 3375 2422 3438 εἰς
2445 3373 2828 3444 σωφροσύνην*
2853 3375 3034 3444 ἀπῆγε
3065 3373 3258 3445 θυμοῦ,
3280 3375 3376 3428 καὶ
3407 3376 3608 3445 ἐνῆγεν
3637 3379 3709 3440 εις

2126 3458 2410 3530 πραότητα
2430 3473 2444 3487 °
2476 3458 2656 3529 ἀπῆγε
2683 3457 2904 3528 φθόνου,
2933 3458 3243 3530 καίθένῆγεν
3267 3459 3349 3522 εἰς
3390 3458 3712 3530 φιλοφροσύ-

2125 3559 2224 3612 νην
2246 3557 2260 3572 ·
2293 3541 2476 3611 ἀπῆγε
2515 3541 2614 3611 τῆς
2640 3540 2906 3603 πλατείας
2953 3541 3074 3594 ὁδοῦ
3110 3541 3206 3594 καὶ
3243 3541 3590 3614 εὑρυχώρου,
3624 3545 3712 3596 καὶ

2125 3623 2322 3693 ἐνῆγεν
2343 3624 2424 3686 εἰς
2448 3621 2551 3694 τήν
2579 3623 2774 3692 στενὴν
2793 3625 2886 3676 καὶ
2904 3623 3273 3696 τεθλιμμένην
3323 3627 3419 3680 καὶ
3473 3627 3712 3698 ἀπόκρη-

2129 3722 2282 3776 μνον,
2321 3706 2416 3758 καὶ
2439 3705 2636 3778 ἐνῆγεν
2665 3705 2743 3768 ώς
2770 3706 3080 3776 τραφέντας
3107 3710 3175 3778 τῇ
3203 3708 3456 3780 πλατείᾳ.
3492 3711 3576 3764 Οὐ
3607 3712 3708 3779 γὰρ

2124 3788 2188 3859 δὴ
2218 3787 2410 3849 ἀλλους
2441 3787 2760 3858 ἀνθρώπους
2785 3786 2963 3841 λαϐὼν
3006 3788 3112 3853 ἐξω
3140 3790 3241 3860 τῆς
3266 3792 3600 3864 οἰκουμένης
3622 3796 3710 3846 καὶ

2124 3871 2226 3941 τῆς
2257 3870 2548 3942 συνηθείας
2575 3869 2801 3940 ταύτης,
2839 3871 2953 3924 ἀλλ’
2992 3872 3191 3936 αὐτοὺς
3224 3874 3472 3938 ἐκείνους
3503 3880 3634 3941 τοὺς
3658 3880 3710 3929 ἐν

2125 3953 2336 4010 τούτοις
2369 3953 2792 4016 κατασαπέντας
2822 3955 2916 4007 καὶ
2950 3954 3124 4024 πηλοῦ
3168 3957 3506 4026 γενομένους
3546 3961 3713 4028 μαλα-

2126 4035 2423 4106 κωτέρους,
2455 4034 2678 4098 τούτους
2710 4036 2965 4090 ἐκέλευσε
3007 4037 3105 4109 τήν
3138 4040 3332 4110 στενήν
3369 4043 3469 4095 καὶ
3493 4042 3716 4113 τεθλιμ-

2130 4117 2298 4186 μένην
2337 4117 2544 4170 ὁδεύειν
2579 4118 2720 4178 ὁδὸν,
2765 4119 2867 4188 τὴν
2908 4122 3167 4190 τραχεῖαν
3198 4122 3294 4175 καὶ
3325 4122 3602 4193 σκληρὰν,
3628 4126 3717 4177 καὶ

2126 4199 2332 4256 ἐπειθε.
2363 4201 2474 4254 Καὶ
2488 4201 2691 4266 πόσους
2713 4201 2930 4256 ἔπειθεν
2950 4220 2964 4267 ;
2995 4204 3055 4256 οὑ
3081 4201 3176 4257 δύο
3194 4205 3288 4257 καὶ
3310 4205 3446 4259 δέκα
3467 4208 3720 4260 καὶείκοο

2129 4299 2184 4335 σι
2211 4282 2303 4336 καὶ
2324 4283 2542 4348 ἑκατὸν,
2572 4285 2711 4338 ἀλλά
2735 4286 2946 4350 πάντας
2971 4287 3156 4357 σχεδὸν
3177 4289 3304 4351 τοὺς
3331 4287 3432 4359 τήν
3461 4289 3720 4362 ὑφ’ῆλιον

2126 4365 2429 4429 οἰκοῦντας.
2462 4367 2572 4420 Καὶ
2609 4367 2698 4420 διά
2746 4367 2908 4422 τίνων
2933 4368 3153 4436 ἐπειθε;
3183 4370 3272 4424 διὰ
3303 4371 3620 4444 ἀνθρώπων
3651 4375 3724 4427 ἐν-

2126 4448 2284 4512 δεκα,
2339 4448 2750 4520 ἀγραμμάτων,
2801 4450 3046 4514 ἰδιωτῶν,
3095 4452 3412 4521 άγλώττων,
3463 4455 3720 4526 ἀσήμων,

2129 4531 2400 4602 πενήτων,
2429 4532 2491 4585 οὐ
2525 4533 2792 4604 πατρίδας
2815 4534 3070 4604 ἐχόντων,
3103 4535 3256 4608 [576]
3291 4538 3355 4590 ού
3397 4543 3723 4610 περιουσίας

2129 4615 2450 4685 χρημάτων,
2495 4616 2558 4669 ού
2607 4617 2860 4689 σώματος
2897 4619 3148 4691 δύναμιν,
3196 4622 3257 4676 ού
3300 4623 3465 4691 δόξης
3494 4627 3724 4697 περιφά·

2129 4713 2308 4778 νειαν,
2336 4698 2398 4751 οὐ
2433 4699 2718 4768 προγόνων
2755 4699 3138 4774 λαμπρότητα,
3191 4705 3253 4758 ού
3302 4705 3482 4775 λόγων
3551 4711 3722 4778 ἰσχὺν,

2130 4777 2192 4862 ού
2215 4779 2498 4862 ῥητορείας
2526 4781 2826 4853 δεινότητα,
2857 4785 2917 4836 ού
2939 4785 3038 4855 τὴν
3063 4785 3171 4840 ἀπὸ
3195 4785 3456 4856 γνώσεως
3480 4777 3726 4862 προστα-

2133 4860 2272 4925 σίαν,
2295 4861 2439 4916 ἀλλά
2463 4863 2678 4930 ἀλιέων,
2709 4867 3070 4934 σκηνοποιῶν,
3105 4860 3558 4939 ἐτερογλώσσων.
3597 4873 3728 4927 υὺδέ

2129 4945 2239 5015 γὰρ
2268 4945 2538 5015 ὁμόφωνοι
2560 4949 2672 5008 τοῖς
2699 4949 3042 5019 πειθομένοις
3063 4945 3226 5022 ἦσαν,
3249 4952 3389 5007 ἀλλὰ
3415 4955 3586 5026 ξένην
3607 4957 3726 5009 τινὰ

2131 5028 2226 5080 καὶ
2252 5027 2718 5100 παρηλλαγμένην
2745 5030 2896 5101 παρὰ
2929 5033 3110 5096 πάσας
3133 5033 3234 5098 τὰς
3253 5033 3504 5103 γλώττας
3525 5055 3723 5107 κεκτηο

2134 5109 2286 5180 μένοι
2311 5109 2514 5181 φωνὴν,
2550 5111 2650 5180 τὴν
2679 5112 2935 5182 Ἐϐραῖδα
2960 5115 3122 5184 λέγω,
3154 5117 3252 5170 καὶ
3276 5116 3345 5170 δι’
3373 5119 3568 5172 αὐτῶν
3587 5121 3725 5191 ᾠκο-

2129 5191 2335 5262 δόμησε
2357 5192 2458 5264 τήν
2488 5193 2816 5264 Ἐκκλησίαν
2845 5195 3070 5268 ταύτην,
3093 5197 3196 5270 τὴν
3227 5198 3340 5252 ἀπὸ
3361 5201 3631 5272 περάτων
3651 5203 3725 5264 είς,

2133 5273 2347 5345 πέρατα
2384 5275 2708 5346 τεταμένην.
2928 5271 2932 5274 ’

2205 5361 2292 5422 ιγ’.
2309 5355 2420 5408 Kal
2453 5357 2515 5409 οὐ
2545 5357 2704 5410 τοῦτο
2735 5357 2898 5428 μόνον
2925 5360 3043 5414 ἐστὶ
3065 5361 3126 5414 τὸ
3142 5361 3480 5432 θαυμαστὸν,
3509 5365 3633 5417 ἀλλ’
3653 5367 3724 5417 ὅτ

2131 5439 2180 5490 οἰ
2215 5438 2423 5491 ἰδιῶται
2448 5438 2511 5510 δὴ
2541 5435 2684 5493 οῦτοι
2714 5443 2807 5495 καὶ
2828 5443 3058 5514 πένητες
3074 5445 3169 5497 καὶ
3189 5445 3360 5512 ὀλίγοι
3391 5447 3492 5498 καὶ
3525 5450 3728 5517 ἄσημοι

2131 5523 2228 5575 καὶ
2271 5522 2629 5593 ἀγράμματοι
2680 5524 2775 5578 καὶ
2826 5527 3066 5590 εὐτελεῖς
3101 5527 3197 5580 καὶ
3241 5529 3586 5598 ἐτερόφωνοι
3640 5532 3726 5582 καὶ

2132 5607 2625 5676 εὐκαταφρόνητοι,
2661 5607 2760 5678 τῆς
2807 5611 3133 5680 οἰκουμένης
3170 5611 3395 5680 ἀπάσης
3428 5613 3536 5683 τὴν
3587 5616 3726 5682 διόρ-

2133 5687 2301 5742 θωσιν
2325 5689 2778 5761 ἐγχειρισθέντες,
2803 5692 2897 5746 καὶ
2917 5693 3014 5745 ἐπὶ
3035 5692 3105 5745 τὰ
3129 5693 3309 5764 πολλῷ
3336 5694 3726 5765 δυσκολώτερα

2136 5771 2440 5846 πράγματα
2471 5773 2626 5844 ἄγειν
2643 5772 2827 5850 ,αὐτὴν
2852 5775 3258 5846 κελευσθέντες,
3296 5775 3423 5833 οὐδὲ
3437 5779 3501 5836 ἐν
3528 5780 3722 5850 εἰρήνῃ
