3866 6226
143 367 249 423 829

139 492 393 561 amplexi.
424 491 538 547 Non
573 491 915 547 crediderunt
942 491 1108 547 Judmi
1128 533 1144 559 ,
1175 492 1515 549 crediderunt
1543 492 1726 547 Genti-

141 585 238 638 les.
267 582 417 651 Quod
448 582 618 652 ipsum
647 598 753 636 non
783 582 997 637 silentio
1027 585 1444 652 praetermissum
1471 594 1553 640 est
1585 601 1599 637 :
1631 583 1726 638 sed

143 673 305 727 David
333 672 544 741 quidem
573 672 701 727 dicit
731 690 744 726 :
771 670 895 726 Filii
921 674 1072 726 alieni
1101 675 1293 727 mentiti
1316 685 1430 728 sunt
1454 675 1598 740 mihi,
1631 674 1727 743 ﬁlii

138 764 297 815 alieni
326 763 584 815 inveterati
626 772 742 817 sunt
762 804 777 830 ,
822 771 870 816 et
894 764 1301 818 claudicaverunt
1331 782 1362 817 a
1396 766 1584 819 semitis
1621 765 1726 818 suis

140 852 315 919 (Psal.
353 853 439 906 17.
470 853 563 922 46)
594 867 609 905 :
639 852 859 907 Hesaias
886 868 1014 914 vero
1049 872 1063 909 :
1092 852 1332 919 Domine,
1363 855 1474 923 quis
1514 855 1725 908 credidit

140 942 338 993 nuditui
369 952 572 1004 nostro,
619 951 665 995 et
703 943 962 996 brachium
991 942 1195 998 Domini
1238 945 1323 998 cui
1352 945 1624 999 revelatum
1651 956 1723 1000 est

126 1023 341 1093 (llesai.
365 1023 455 1079 5'5.
471 1026 524 1096 l)
541 1025 566 1079 ἲ
582 1024 647 1080 Ει
665 1040 885 1082 rursum
912 1044 927 1082 :
954 1025 1200 1084 Inventus
1217 1045 1334 1084 sum
1356 1032 1421 1085 ab
1443 1033 1511 1088 iis
1527 1036 1618 1104 qui
1631 1053 1711 1091 me

126 1133 233 1169 non
262 1113 565 1186 quterebant
594 1132 613 1170 :
633 1117 943 1185 conspicuus
969 1118 1144 1187 factus
1157 1137 1274 1174 sum
1303 1122 1367 1176 iis
1384 1126 1475 1194 qui
1498 1141 1579 1181 me
1605 1144 1708 1184 non

117 1209 523 1279 interrogabant
554 1210 762 1280 (Hesai.
794 1211 882 1267 65.
913 1214 985 1277 ί).
1020 1216 1198 1283 Atque
1228 1219 1279 1269 in
1307 1218 1427 1286 ipso
1451 1221 1571 1287 ejus
1607 1224 1707 1278 ad-

140 1308 302 1352 ventu
326 1298 625 1355 Chananaza
654 1309 711 1357 et
734 1300 1063 1358 Samaritana
1105 1305 1296 1359 mulier
1337 1306 1717 1361 crediderunt:

136 1386 446 1443 sacerdotes
492 1396 671 1443 autem
716 1399 771 1445 et
818 1392 1084 1462 principes
1142 1393 1340 1448 bellum
1395 1395 1719 1465 insidiasque

141 1477 395 1543 parabant
416 1519 432 1543 ,
477 1478 714 1548 aliosque
737 1481 1016 1550 abigebant
1038 1523 1053 1547 ,
1079 1491 1134 1537 et
1169 1497 1235 1537 ex
1263 1500 1528 1554 synagoga
1558 1486 1719 1555 pelle-

138 1568 268 1621 bam
290 1584 383 1622 eos
406 1609 422 1635 ,
460 1570 550 1639 qui
591 1571 644 1625 in
694 1573 864 1642 ipsum
907 1573 1203 1629 crederent.
1251 1576 1328 1630 Ne
1356 1577 1515 1647 igitur
1542 1587 1592 1633 te
1619 1580 1717 1633 ista

136 1660 499 1715 conturbent:
533 1663 714 1717 multis
759 1663 1061 1732 lmjusmodi
1107 1668 1367 1736 exemplis
1413 1672 1564 1738 plena
1611 1671 1718 1724 vita

136 1760 319 1803 nostra
342 1762 423 1805 est
445 1791 461 1817 ,
491 1761 599 1806 tum
627 1763 810 1808 nostro
838 1765 946 1809 tum
976 1759 1245 1826 praeterito
1272 1768 1527 1829 tempore.
1568 1762 1715 1817 Alio-

131 1841 264 1907 quin
306 1857 432 1894 vero
453 1884 469 1907 ,
503 1842 550 1895 si
588 1858 694 1897 non
734 1860 953 1909 omnes,
1000 1848 1146 1901 multi
1178 1858 1324 1904 certe
1351 1867 1414 1905 ex
1442 1850 1639 1906 ludatis
1663 1862 1716 1908 et

133 1942 263 1985 tmte
306 1943 360 1987 et
402 1945 585 1989 nostro
630 1946 867 2007 tempore
904 1939 1265 1996 crediderunt.
1318 1942 1466 2010 Quod
1510 1944 1555 1998 si
1610 1960 1713 1998 non

128 2038 323 2076 onmes
367 2026 495 2078 nihil
531 2042 658 2081 sane
698 2043 894 2083 novum
924 2040 1015 2084 aut
1042 2031 1284 2087 mirabile
1316 2051 1329 2087 :
1360 2034 1480 2088 talis
1520 2035 1715 2104 quippe

126 2124 214 2168 est
245 2115 479 2185 ingratus
503 2118 746 2187 animus,
787 2121 903 2175 talis
930 2137 1081 2176 mens
1121 2124 1325 2180 ratione
1353 2141 1515 2180 vacua
1536 2167 1553 2195 ,
1596 2129 1714 2183 talis

124 2204 307 2258 anima
337 2205 490 2260 malis
516 2208 791 2263 all‘ectibus
820 2220 1095 2279 occupata.

204 2293 565 2352 Praedictiones
588 2316 621 2352 a
643 2300 843 2355 Christo
866 2303 1080 2370 prolata:
1102 2305 1211 2375 ejus
1244 2308 1518 2374 potentiam
1547 2320 1715 2364 osten-

125 2385 276 2439 dunt.
301 2414 373 2427 —-
409 2388 674 2444 Caeterum
699 2393 821 2461 quia
851 2394 1157 2463 pr0phetias
1185 2397 1255 2452 de
1295 2398 1507 2453 Christo
1553 2402 1713 2455 tantis

124 2484 285 2529 antea
315 2479 640 2546 temporibus
658 2496 688 2535 a
716 2482 987 2551 prophetis
1012 2484 1315 2542 enuntiatas
1344 2489 1662 2557 protulimus
1692 2509 1707 2544 :

124 2583 228 2635 age
251 2568 302 2622 in
325 2571 555 2626 medium
580 2574 865 2631 all'eramus
884 2592 996 2644 eas,
1018 2594 1138 2648 quae
1166 2579 1233 2635 de
1253 2580 1342 2635 illo
1367 2596 1487 2636 cum
1516 2593 1709 2641 terram

123 2657 397 2726 circuiret,
419 2671 606 2717 etcum
626 2664 929 2720 hominibus
951 2682 1357 2727 conversaretur
1375 2674 1530 2728 editae
1547 2686 1670 2731 sunt
1693 2696 1709 2733 :

124 2758 187 2801 ut
221 2748 345 2804 hinc
371 2752 528 2806 etiam
554 2753 670 2823 ejus
716 2758 1003 2826 potentiam
1027 2760 1251 2816 ediscas.
1302 2763 1431 2818 Cum
1459 2767 1709 2822 advenis-

120 2848 210 2894 set
234 2840 426 2909 igitur,
457 2853 511 2897 et
539 2846 724 2901 salutis
754 2846 1028 2904 hominum
1050 2852 1317 2921 negOtium
1344 2868 1523 2923 ageret
1548 2899 1563 2924 ,
1597 2866 1707 2912 tum

120 2944 348 2995 eorum,
381 2932 469 3001 qui
502 2943 625 2990 tunc
654 2936 705 2989 in
728 2938 889 3003 vivis,
918 2948 1027 2993 tum
1053 2942 1211 2995 etiam
1237 2958 1444 3007 eorum.
1476 2950 1565 3016 qui
1588 2957 1708 3017 post

122 3021 291 3074 futuri
336 3033 513 3090 erant,
566 3026 727 3082 variis
769 3029 910 3083 illam
952 3032 1124 3087 modis
1165 3038 1499 3102 procumbat.
1552 3039 1702 3106 Vide,

122 3125 349 3179 quasso,
412 3114 537 3184 quid
595 3116 769 3171 faciat.
846 3120 1093 3177 Miracula
1141 3124 1292 3193 edit,
1351 3136 1405 3181 et
1455 3129 1699 3194 quzedam

120 3202 365 3270 praedicit
403 3204 573 3275 longis
614 3220 797 3277 postea
839 3214 1167 3281 temporibus
1192 3227 1445 3273 eventura
1467 3261 1481 3285 ,
1512 3236 1575 3275 ac
1609 3238 1704 3291 per

124 3310 191 3345 ea
220 3310 341 3363 qua:
368 3305 492 3352 tunc
519 3299 715 3355 fiebant
735 3342 751 3363 .
782 3304 845 3358 iis
868 3321 987 3373 quae
1017 3307 1107 3361 diu
1135 3318 1314 3377 postea
1355 3311 1525 3367 futura
1553 3297 1729 3370 erant.

117 3383 457 3441 auditoribus
505 3394 851 3457 praesentibus
891 3397 1047 3451 [idem
1088 3398 1290 3456 faciens
1320 3420 1334 3457 :
1363 3402 1551 3459 futuris
1574 3421 1707 3475 quo-

116 3489 225 3541 que
260 3491 328 3529 ex
362 3489 553 3534 eventu
582 3483 982 3551 praedictionum
1013 3489 1286 3547 credibilia
1333 3494 1561 3549 reddens
1600 3498 1704 3550 mi—

116 3568 298 3620 racula
352 3570 443 3625 illo
494 3580 735 3644 tempore
780 3578 920 3633 edita
970 3598 984 3635 :
1030 3591 1192 3652 atque
1238 3599 1303 3639 ex
1353 3584 1453 3641 hac
1503 3588 1704 3657 duplici

114 3658 574 3753 demonstratione
614 3667 772 3725 ﬁdem
812 3670 1013 3729 iaciens
1057 3675 1159 3742 iis,
1204 3693 1322 3748 quae
1370 3679 1436 3734 ad
1481 3695 1700 3753 regnum

116 3751 479 3817 pertinebant.

190 3841 280 3895 12.
310 3842 442 3899 Nam
469 3846 710 3917 duplices
745 3863 897 3907 erant
927 3854 1043 3923 ejus
1069 3856 1469 3926 praedictiones,
1520 3871 1575 3916 et
1618 3862 1702 3918 hze

113 3930 334 3999 quidem
374 3934 426 3988 in
463 3940 711 4005 pnesenti
750 3942 859 3997 vita
901 3954 1172 4000 eventura:
1211 3958 1396 4013 erant,
1444 3951 1548 4005 illa;
1574 3967 1701 4008 vero

114 4029 240 4088 post
284 4022 451 4093 ipsam
498 4033 1010 4088 consummationem
1044 4037 1269 4107 aliaeque
1307 4039 1533 4095 aliarum
1561 4042 1700 4097 veri-

113 4120 280 4166 tatem
328 4112 626 4174 luculenter
667 4125 1177 4181 commonstrabaut.
1231 4128 1472 4199 Exempli
1515 4146 1694 4199 causa,

112 4215 240 4255 nam
265 4202 549 4261 obscurum
578 4208 775 4265 dictum
817 4212 1028 4281 planum
1058 4214 1232 4273 facere
1254 4224 1532 4288 satagam;
1562 4220 1699 4277 duo-

108 4291 288 4347 decim
318 4293 488 4362 ipsmn
516 4297 758 4370 discipuli
804 4304 1164 4372 sequebantur
1190 4324 1204 4359 :
1234 4308 1526 4364 Eeclesiam
1570 4326 1697 4367 vero

110 4398 275 4439 nemo
302 4386 387 4440 vel
414 4402 472 4441 re
500 4389 581 4443 vel
610 4392 823 4447 nomine
861 4402 1063 4449 tantum
1092 4408 1350 4455 noverat:
1381 4416 1502 4455 nam
1528 4400 1699 4473 Syna-

106 4489 244 4544 gnga
275 4475 496 4532 florebat
526 4481 717 4538 adlme.
775 4485 909 4552 Quid
942 4488 1099 4557 igitur
1140 4491 1302 4557 dixit,
1335 4502 1389 4549 et
1417 4495 1546 4549 orbe
1587 4496 1699 4552 fere

108 4574 225 4619 toto
248 4568 299 4620 iu
327 4568 593 4636 impietate
613 4573 829 4630 detento
856 4580 1136 4646 prtedixit?
1162 4582 1331 4652 Super
1352 4585 1483 4639 hanc
1502 4598 1698 4656 petram

104 4656 374 4725 auhﬁcubo
402 4659 677 4717 Ecclesium
707 4683 866 4719 meant
887 4710 900 4732 ,
932 4680 978 4722 et
1007 4682 1167 4737 parta:
1199 4674 1349 4744 inferi
1375 4692 1477 4729 non
1501 4693 1696 4747 praeva-

104 4748 282 4802 lebunt
318 4751 557 4806 adversus
598 4770 709 4807 eam
757 4756 968 4825 (Matth.
1004 4760 1088 4813 l6.
1119 4762 1235 4831 18).
1290 4764 1542 4819 Examina
1593 4766 1697 4822 hoe

104 4839 310 4893 dictum
337 4841 555 4907 utlibet,
580 4851 633 4897 et
648 4847 925 4902 veritatem
954 4849 1069 4918 ejus
1089 4852 1436 4922 rel'ulgentem
1467 4856 1692 4910 videbis.

108 4928 227 4983 Non
252 4930 396 4985 enim
422 4933 549 4989 illud
598 4936 770 4991 solum
818 4940 1094 5007 mirabile,
1137 4943 1277 5011 quod
1317 4959 1434 4999 cam
1479 4946 1531 4999 in
1579 4947 1696 5000 uui-

104 5034 269 5075 verso
299 5022 429 5078 orbe
466 5025 840 5093 aedificaverit,
888 5031 985 5085 sed
1027 5032 1169 5100 quod
1208 5034 1455 5090 invictam
1474 5035 1692 5101 fecerit,

105 5121 161 5162 et
190 5119 267 5164 tot
287 5113 536 5181 agitatam
566 5115 719 5172 bellis
744 5120 1013 5175 Invictum.
1045 5122 1176 5177 Illud
1200 5123 1340 5177 enim
1373 5143 1386 5179 :
1420 5124 1592 5180 Porta:
1614 5129 1696 5180 iu-

106 5201 207 5267 [eri
232 5218 332 5254 non
358 5205 701 5273 prevalebunt
723 5209 962 5279 adversus
990 5229 1129 5279 eam,
1161 5215 1396 5283 pericula
1425 5225 1549 5269 sunt
1575 5233 1695 5286 qure

107 5291 159 5342 in
203 5290 471 5347 infernum
501 5295 790 5353 deducunt.
844 5298 1088 5355 Vidistiu‘
1114 5304 1473 5372 praedictionis
1499 5308 1695 5360 verita-

108 5379 262 5433 tem?
325 5381 565 5438 Vidistin‘
591 5397 813 5442 eventus
854 5390 1055 5445 robur?
1086 5392 1323 5448 Vidistin'
1350 5395 1510 5449 verba
1537 5397 1697 5451 rebus

108 5470 239 5536 ipsis
274 5470 505 5528 lucentia
530 5514 546 5539 ,
571 5483 627 5530 et
650 5477 755 5531 vim
781 5477 1191 5548 insuperabilem
1220 5483 1398 5538 omnia
1428 5484 1570 5539 nullo
1597 5500 1695 5540 ne-

109 5562 256 5624 gotio
301 5561 622 5620 facientem?
671 5566 783 5623 Etsi
811 5570 953 5623 enim
1000 5571 1161 5626 breve
1187 5571 1386 5627 dictum
1428 5575 1499 5629 sit
1544 5576 1693 5643 illud,

103 5650 405 5718 As'di/icalro
432 5656 713 5713 Ecclesium
735 5677 928 5730 meam,
957 5678 1024 5717 ne
1052 5662 1361 5735 simpliciter
1389 5679 1694 5736 praetereas,

109 5744 206 5800 sed
234 5743 291 5802 in
327 5760 507 5805 mente
538 5749 753 5808 revolvo
777 5790 797 5821 ,
843 5762 900 5809 et
932 5754 1106 5827 cogita
1148 5768 1405 5828 quantum
1429 5758 1499 5817 sit
1530 5771 1696 5829 totum

677 368 950 425 CONTRA
990 368 1267 427 JUDxEOS
1307 371 1395 427 ET
1433 372 1706 430 GENTILI

1836 372 2021 442 QUOD
2058 375 2393 435 CHRISTUS
2431 378 2536 433 Sl'l'
2576 378 2776 435 DtleS.

3310 379 3413 433 830

1836 489 2022 547 orbem
2069 502 2176 548 tam
2202 495 2347 550 brevi
2380 504 2618 567 tempore
2649 495 2900 552 Ecclesiis
2929 493 3245 566 replevisse,
3292 504 3409 549 tan-

1836 591 1914 635 tas
1929 584 2254 640 convertisse
2279 595 2483 655 gentes,
2504 586 2710 655 populis
2724 587 3074 654 persuasisse,
3100 595 3155 639 ut
3177 587 3413 654 paternis

1832 671 2017 725 solutis
2048 673 2248 741 legibus
2295 675 2581 730 radicatam
2620 676 3057 730 consuetudinem
3092 675 3406 743 evellereut,

1833 762 2117 832 voluptatis
2163 765 2532 834 tyrannidem,
2579 765 2826 835 nequitiae
2869 767 2973 820 vim
2999 779 3098 820 cett
3140 767 3409 835 pulverem

1830 852 2117 921 ejicerent,
2150 868 2271 908 aras
2291 896 2308 921 ,
2349 856 2544 925 templa
2570 897 2586 922 ,
2620 855 2757 910 idola
2783 897 2798 920 ,
2828 856 3077 926 mysteria
3105 897 3118 920 ,
3157 855 3405 926 profanas

1828 942 2234 1011 solemnitates,
2286 945 2659 1014 itnpurumque
2703 945 2967 1010 nidorem,
3008 945 3157 1014 quasi
3202 944 3407 999 fumum

1830 1034 2107 1102 quemdam
2138 1035 2414 1100 delerent;
2447 1036 2640 1105 ubique
2677 1036 2862 1089 altaria
2891 1036 3211 1099 excitarent,
3240 1036 3293 1089 in
3320 1051 3405 1091 re-

1826 1125 1983 1195 gione
2004 1124 2385 1192 Romanorum,
2408 1126 2704 1187 Persarum.
2719 1125 3054 1195 Scytharum,
3080 1126 3404 1192 Maurorum,

1830 1215 2073 1269 ludorum
2101 1233 2116 1270 :
2144 1215 2270 1285 quid
2296 1216 2455 1270 dico?
2478 1216 2557 1271 vel
2585 1226 2733 1270 extra
2761 1216 2946 1269 orbem
2984 1226 3240 1270 nostrum.
3272 1215 3403 1270 Nam

1826 1315 1881 1360 ct
1906 1306 2218 1360 Britannica:
2250 1306 2466 1373 insulae,
2510 1322 2629 1376 quae
2664 1316 2811 1361 extra
2845 1306 2944 1359 hoc
2972 1320 3118 1360 mare
3143 1307 3257 1359 sita:
3282 1317 3407 1360 sunt

1825 1403 1881 1449 et
1922 1395 1973 1449 in
2021 1396 2137 1465 ipso
2165 1395 2379 1451 Oceano
2399 1437 2412 1459 ,
2452 1396 2556 1449 vim
2602 1396 2748 1449 verbi
2778 1407 3057 1450 senserunt
3087 1414 3100 1449 :
3130 1395 3236 1449 illic
3262 1398 3404 1450 enim

1829 1485 2079 1540 Ecclesia:
2104 1496 2157 1540 et
2184 1488 2366 1541 altaria
2389 1495 2568 1540 erecta
2597 1486 2771 1541 fuere.
2805 1486 3035 1541 Verbum
3075 1487 3200 1541 illud
3222 1527 3236 1551 ,
3264 1487 3405 1556 quod

1827 1584 1950 1629 tunc
1976 1576 2065 1630 ille
2092 1577 2341 1644 protulit,
2372 1576 2424 1630 in
2467 1576 2703 1631 omnium
2747 1576 2939 1631 animis
2982 1577 3271 1645 plantatum
3298 1585 3401 1638 est,

1826 1682 1919 1736 per
1943 1668 2179 1720 omnium
2210 1683 2302 1721 ora
2332 1667 2499 1721 fertur
2530 1684 2543 1720 :
2582 1676 2636 1720 et
2663 1678 2837 1733 terra,
2867 1679 2922 1721 ut
2951 1668 3019 1720 ita
3049 1668 3219 1722 dicam
3246 1707 3259 1727 ,
3287 1666 3403 1719 uni-

1823 1772 1995 1821 versa,
2024 1758 2187 1825 spinis
2209 1758 2409 1826 repleta
2425 1757 2708 1811 emundata
2734 1766 2835 1821 est,
2859 1772 2984 1825 ager
3006 1771 3165 1825 purus
3186 1754 3316 1809 ell‘ec
3343 1769 3402 1808 us

1822 1857 1924 1912 est,
1949 1847 2264 1917 pietatisque
2288 1848 2491 1902 semina
2521 1847 2771 1916 suscepit.
2819 1847 3004 1915 Magna
3034 1854 3161 1899 sane
3183 1860 3268 1898 res
3296 1856 3400 1909 est,

1823 1953 2035 2005 magna,
2066 1937 2277 2007 inquam
2299 1978 2313 2003 ,
2346 1938 2453 1991 imo
2479 1953 2701 1991 summa:
2730 1935 3107 2005 magnitudinis
3127 1943 3182 1989 et
3207 1936 3401 1989 divina:

1821 2027 2031 2080 virtutis
2057 2038 2423 2097 argumentum
2458 2028 2708 2082 :nemiue
2738 2028 2918 2081 turbas
2942 2038 3222 2090 movente,
3271 2041 3402 2093 mre

1822 2130 2029 2170 summa
2048 2157 2064 2181 ,
2098 2118 2222 2173 licet
2262 2119 2414 2171 tnulti
2442 2117 2821 2172 eonturbarent
2847 2126 2900 2171 et
2928 2132 3083 2169 nemo
3112 2116 3400 2169 rcluctare-

1822 2216 1943 2274 tur,
1991 2207 2222 2277 potuisse
2267 2216 2469 2262 tantum
2499 2208 2681 2262 orbem
2720 2206 2998 2261 confestim
3024 2221 3053 2258 a
3084 2221 3242 2274 prava
3272 2205 3399 2258 tanti

1822 2297 2077 2365 temporis
2119 2298 2505 2351 consuetudine
2553 2297 2802 2361 liberari,
2849 2297 2899 2349 in
2929 2296 3088 2349 aliam
3116 2310 3242 2348 vero
3267 2309 3399 2348 con-

1817 2388 2150 2443 suetudinem
2188 2389 2343 2456 Ionge
2363 2388 2709 2443 dilIlciliorem
2734 2387 2953 2441 traduci.
2994 2386 3172 2456 Neque
3197 2395 3399 2440 tantum

1816 2481 2147 2539 consuetudo
2172 2480 2580 2546 adversabatur,
2611 2480 2705 2535 sed
2732 2480 2892 2533 etiam
2922 2480 3165 2549 voluptas
3189 2479 3401 2534 detine-

1816 2574 1940 2641 bat,
1986 2573 2094 2628 duo
2144 2572 2405 2643 tyrannici
2449 2571 2673 2627 obices:
2708 2587 2829 2625 nam
2872 2586 2991 2641 qua:
3036 2586 3067 2625 a
3112 2572 3397 2626 multorum

1815 2681 2075 2720 annorum
2114 2664 2378 2720 curriculo
2400 2679 2433 2720 a
2458 2663 2694 2734 patribus
2716 2705 2729 2727 ,
2757 2663 2869 2718 avis
2893 2703 2907 2728 ,
2936 2662 3117 2717 abavis
3136 2704 3150 2729 ,
3181 2664 3397 2731 majori-

1814 2757 1915 2812 bus
1937 2796 1953 2823 ,
1986 2757 2316 2828 philos0phis
2335 2765 2391 2812 et
2411 2756 2712 2811 rhetoribus
2740 2764 3057 2825 acceperant
3074 2797 3089 2822 ,
3120 2770 3183 2811 ea
3212 2770 3397 2825 respu-

1814 2861 1927 2911 ere,
1958 2861 2076 2916 quae
2103 2861 2191 2901 res
2218 2845 2501 2901 admodum
2534 2844 2763 2899 difﬁcilis
2786 2854 2902 2899 erat
2925 2884 2939 2909 ,
2968 2844 3316 2911 docebantur,
3343 2852 3398 2899 et

1814 2951 2004 2990 novam
2027 2937 2269 3004 accipere
2299 2933 2737 2991 consuetudinem
2761 2974 2776 2999 ,
2818 2948 3043 3004 eamque
3066 2975 3081 2998 ,
3110 2933 3250 3003 quod
3275 2948 3397 3003 gra-

1812 3028 1930 3082 vius
1964 3038 2082 3083 erat
2103 3069 2119 3094 ,
2151 3027 2305 3082 valde
2332 3027 2522 3083 duram
2548 3035 2604 3081 et
2627 3026 2930 3081 molestam.
2977 3026 3213 3081 Abduxit
3241 3041 3271 3079 a
3299 3042 3394 3080 vo-

1814 3121 2049 3189 luptate,
2095 3129 2151 3175 et
2179 3119 2384 3175 induxit
2426 3119 2481 3173 in
2526 3118 2787 3188 jejunium
2816 3135 2830 3170 :
2861 3118 3083 3173 abduxit
3119 3117 3187 3172 ab
3210 3132 3393 3171 amore

1812 3212 2189 3282 pecuniarum,
2238 3223 2292 3266 et
2328 3212 2533 3266 induxit
2570 3213 2621 3265 in
2671 3218 3066 3281 paupertatem;
3116 3210 3334 3265 abduxit
3362 3228 3390 3263 a

1812 3302 2025 3355 lascivia
2045 3342 2062 3369 ,
2101 3311 2156 3356 et
2179 3302 2383 3356 induxit
2409 3300 2462 3354 in
2491 3300 2893 3369 temperantiam
2918 3315 2931 3351 :
2954 3299 3171 3354 abduxit
3191 3299 3259 3353 ab
3287 3301 3386 3361 ira,

1808 3401 1865 3445 et
1890 3390 2096 3444 induxit
2122 3392 2177 3445 in
2202 3390 2663 3446 mansuetudinem
2695 3407 2708 3442 :
2739 3389 2959 3444 abduxit
2991 3388 3060 3443 ab
3082 3389 3296 3453 invidia,
3331 3399 3389 3443 et

1811 3482 2016 3536 induxit
2056 3483 2109 3537 in
2155 3483 2533 3553 benignitatem
2565 3500 2579 3535 :
2608 3480 2827 3537 abduxit
2853 3496 2883 3533 a
2916 3481 2999 3536 via
3029 3480 3134 3535 lata
3168 3489 3225 3536 et
3267 3496 3390 3550 spa-

1809 3574 1964 3638 tiosa,
1997 3584 2048 3629 et
2075 3574 2280 3629 induxit
2306 3577 2356 3629 in
2386 3584 2661 3645 angustam
2683 3615 2699 3640 ,
2739 3581 2939 3628 arctam
2966 3581 3019 3628 et
3048 3582 3389 3644 praaruptam,

1808 3664 2035 3731 induxit,
2086 3665 2297 3733 inquam
2324 3706 2338 3729 ,
2366 3672 2608 3720 assuetos
2636 3665 2733 3719 viae
2758 3664 2901 3718 latae.
2950 3663 3065 3718 Non
3094 3664 3236 3720 enitn
3258 3664 3392 3720 alios

1805 3753 2092 3822 assumpsit
2126 3753 2369 3809 homines
2396 3766 2544 3810 extra
2573 3753 2829 3809 mundum
2858 3763 2912 3809 et
2947 3754 3083 3809 hanc
3105 3764 3389 3810 consuetu-

1805 3844 1983 3899 dinem
2008 3846 2275 3910 viventes;
2307 3845 2401 3900 sed
2430 3858 2523 3899 eos
2552 3836 2692 3914 ipsos
2717 3844 2807 3913 qui
2845 3843 2955 3913 jam
2984 3845 3038 3898 in
3078 3858 3141 3898 ea
3165 3859 3389 3913 compu-

1807 3945 2063 4000 truerant,
2082 3945 2135 3990 et
2160 3937 2270 3990 luto
2291 3936 2559 3991 molliores
2573 3944 2745 4001 erant,
2770 3935 2867 3989 hos
2882 3935 3042 4004 jussit
3069 3936 3122 3989 in
3140 3947 3386 4005 angusta,

1804 4042 1993 4095 aspera
2040 4037 2095 4081 et
2132 4035 2286 4089 arcta
2336 4025 2583 4080 incedere
2627 4025 2746 4091 via,
2801 4035 2856 4079 et
2906 4024 2958 4079 id
2996 4026 3257 4095 persuasit
3284 4027 3383 4080 eis.

1804 4117 1946 4185 Quot
1971 4116 2275 4172 hominibus
2319 4116 2370 4171 id
2414 4114 2719 4186 persuasit?
2769 4114 2885 4170 Non
2923 4116 3047 4179 uni,
3076 4116 3157 4169 vel
3177 4114 3382 4180 decem,

1802 4210 1886 4267 vel
1912 4210 2121 4280 viginti,
2148 4209 2228 4264 vel
2255 4217 2466 4263 centum
2489 4207 2814 4274 hominibus,
2836 4207 2930 4263 sed
2954 4208 3204 4263 omnibus
3219 4207 3385 4263 lenne

1802 4301 1904 4356 sub
1931 4300 2046 4356 sole
2086 4298 2466 4354 habitantibus.
2519 4298 2757 4366 Quorum
2785 4313 2947 4368 opera
2986 4298 3039 4353 id
3080 4299 3385 4368 persuasit?

1805 4393 2060 4450 Uudecim
2107 4407 2268 4461 Opera
2296 4393 2606 4460 hominum,
2638 4392 3006 4446 illiteratorum
3026 4433 3042 4459 ,
3076 4392 3384 4456 idimarmu,

1803 4484 2220 4555 ineloquentium
2240 4524 2256 4551 ,
2288 4483 2595 4554 ignobilium
2614 4523 2630 4548 ,
2660 4497 2969 4553 pauperum,
3001 4482 3189 4552 patria,
3221 4498 3384 4552 opum

1803 4574 2137 4629 facultatibus
2159 4614 2176 4641 ,
2227 4576 2421 4628 robore
2457 4572 2697 4641 corporis
2724 4611 2740 4638 ,
2782 4572 2965 4642 glori:e
3002 4572 3381 4641 praecellentia,

1801 4670 2012 4737 generis
2035 4666 2339 4736 splendore,
2366 4666 2419 4720 vi
2446 4665 2753 4732 verborum,
2784 4664 3075 4719 rhetorices
3098 4664 3380 4735 gravitate,

1801 4758 2036 4813 scientiae
2061 4757 2522 4813 commendatione
2556 4756 2879 4821 carentium;
2919 4755 3013 4811 sed
3041 4756 3381 4825 piscatorum,

1807 4849 2269 4905 tabernaculorum
2296 4848 2541 4919 Opiﬁcum
2561 4889 2575 4913 ,
2618 4847 2708 4918 qui
2737 4847 2960 4903 diversae
2987 4848 3178 4920 linguae
3207 4860 3384 4910 erant.

1804 4939 1990 5006 Neque
2014 4939 2201 4994 eadem
2227 4939 2297 4992 illi
2317 4952 2420 5009 qua
2444 4938 2715 4993 auditores
2734 4937 2909 5008 lingua
2940 4939 3181 4994 instructi
3208 4951 3381 5007 erant,

1805 5030 1897 5084 sed
1918 5029 2192 5100 peregrina
2213 5038 2371 5099 atque
2386 5030 2581 5085 abaliis
2595 5029 2838 5083 omnibus
2854 5029 3068 5086 diversa
3082 5032 3255 5103 lingua
3270 5043 3381 5087 ute-

1802 5120 2016 5185 bantur,
2032 5120 2279 5175 nimirum
2297 5120 2571 5175 llebraica.
2586 5120 2685 5175 Per
2699 5120 2796 5173 hos
2809 5119 2946 5174 hanc
2961 5121 3252 5176 Ecclesiam
3263 5124 3383 5177 tedi-

1805 5210 2001 5274 llcavit,
2029 5226 2147 5279 qua:
2176 5226 2206 5265 a
2234 5211 2425 5265 llnibus
2446 5225 2611 5281 usque
2637 5210 2702 5264 ad
2726 5208 2859 5265 lines
2886 5218 3040 5265 terra:
3059 5213 3381 5266 extenditur.

1874 5302 1963 5356 15.
2027 5300 2165 5355 Mira
2227 5300 2494 5372 Evangelii
2547 5301 2866 5373 prapagatio.
2914 5329 2987 5342 -
3042 5301 3224 5371 Neque
3285 5302 3385 5357 huc

1804 5390 1977 5445 solum
2023 5390 2266 5447 mirabile
2315 5400 2433 5453 est;
2483 5391 2578 5446 sed
2625 5391 2766 5460 quod
2810 5390 3028 5457 idiotae,
3079 5406 3382 5460 pauperes,

1804 5481 1991 5550 pauci,
2053 5481 2352 5551 ignobiles,
2407 5482 2641 5538 illiterati
2686 5497 2751 5537 ac
2802 5482 2963 5547 viles,
3019 5483 3237 5536 alterius
3278 5484 3382 5539 lin-

1808 5593 1958 5647 gum,
1998 5576 2457 5648 despicabilesque
2497 5577 2770 5643 homines,
2813 5576 3006 5646 quibus
3040 5577 3208 5631 totius
3239 5577 3385 5632 orbis

1806 5670 2111 5726 emendatio
2132 5671 2415 5726 commissa
2443 5669 2631 5735 fuerat,
2667 5668 2981 5736 jussumque
2996 5667 3168 5723 fuerat
3194 5668 3261 5721 ad
3284 5668 3385 5722 dilc

1815 5763 2037 5821 llciliora
2056 5763 2229 5835 ipsum
2257 5762 2531 5820 traducere
2548 5801 2566 5832 ,
2600 5776 2709 5819 non
2730 5760 2858 5820 illud
2878 5762 2932 5818 in
2956 5775 3092 5833 pace
3128 5759 3348 5819 [ccci-int
3365 5800 3387 5830 ,
