3866 6226
498 321 594 383 831

507 450 606 506 sed
647 449 944 506 innumeris
971 448 1202 520 undique
1230 449 1383 505 bellis
1405 450 1675 521 exagitati.
1708 450 1811 507 Per
1852 450 2091 521 singulas

507 541 704 613 quippe
738 552 922 612 gentes
961 551 1016 596 et
1053 543 1246 608 urbes,
1284 550 1340 598 et
1376 543 1501 614 quid
1542 543 1663 598 dico
1715 559 1808 616 per
1854 543 2092 614 singulas

509 640 697 700 gentes
726 640 782 687 et
809 631 1002 686 urbes?
1031 647 1126 702 per
1151 631 1388 703 singulas
1411 631 1572 688 etiam
1590 633 1778 689 domos
1800 633 1935 690 bella
1962 650 2092 690 con-

509 732 588 776 tra
615 723 757 792 ipsos
784 724 1154 780 movebantur.
1202 724 1445 794 Ingressa
1477 741 1705 796 namque
1735 726 1997 793 doctrina,
2030 726 2091 781 ﬁ-

509 811 743 882 liumque
767 827 796 865 a
825 821 974 880 patre
1000 827 1143 882 saepe
1171 813 1435 880 dividens,
1465 831 1654 872 nurmn
1678 832 1708 872 a
1736 832 1925 883 socru,
1978 817 2088 872 fra-

508 911 645 958 trem
674 918 705 957 a
731 901 916 970 fratre,
947 920 1161 960 servum
1179 921 1209 960 a
1224 905 1460 975 domino,
1484 907 1750 963 subditmn
1772 924 1803 964 a
1827 910 2085 980 principe,

506 993 677 1047 virum
704 993 770 1048 ab
798 1008 985 1060 uxore,
1015 1011 1232 1050 uxorem
1263 1011 1292 1050 a
1321 997 1453 1062 viro,
1484 1008 1687 1068 patrem
1727 1016 1757 1054 a
1786 1001 1946 1065 liliis;
1979 1018 2085 1056 non

502 1082 646 1140 enim
672 1085 830 1140 simul
856 1101 1042 1143 omnes
1058 1087 1379 1157 credebant;
1410 1091 1746 1161 quotidianas
1763 1094 2084 1162 inimicitias,

505 1177 641 1232 bella
671 1177 990 1249 frequentia,
1032 1180 1176 1236 mille
1202 1192 1402 1238 mortes
1429 1184 1558 1254 ipsis
1605 1185 1924 1252 inducebat,
1971 1187 2087 1242 efﬁ-

503 1269 784 1339 ciebatque
840 1279 898 1324 ut
952 1285 1075 1326 sese
1115 1284 1300 1328 mutuo
1341 1275 1492 1343 quasi
1537 1290 1851 1333 communes
1906 1278 2086 1334 hostes

502 1369 894 1416 aversarentur.
920 1360 1135 1418 Etenim
1160 1377 1255 1419 eos
1291 1363 1559 1434 pellebant
1589 1365 1867 1435 universi,
1897 1383 2082 1441 reges,

503 1452 790 1524 principes,
818 1454 1018 1524 idiotas,
1049 1455 1224 1524 liberi,
1251 1457 1414 1525 servi,
1454 1458 1653 1528 populi,
1680 1460 1922 1516 civitates
1947 1478 1960 1516 :
1993 1477 2087 1517 ne-

501 1559 606 1613 quc
635 1545 753 1600 illos
784 1555 1011 1614 tantum,
1040 1547 1136 1602 sed
1172 1549 1314 1618 quod
1335 1551 1554 1620 gravius
1592 1560 1743 1620 erat,
1787 1553 2086 1625 ne0phytos

503 1636 556 1691 in
607 1637 745 1704 ﬁde,
794 1653 929 1708 quos
976 1639 1051 1694 illi
1094 1639 1458 1698 instituebant.
1503 1643 1802 1700 Commune
1855 1661 2086 1717 namque

503 1728 698 1782 bellum
724 1739 779 1784 et
801 1729 1112 1787 doctoribus
1140 1740 1196 1787 et
1219 1732 1494 1803 discipulis
1512 1735 1863 1801 excitabatur,
1891 1738 2086 1807 quippe

499 1834 621 1873 cum
645 1821 886 1875 doctrina
919 1822 1007 1877 illa
1036 1833 1091 1877 et
1119 1823 1278 1893 regiis
1302 1827 1664 1883 sanctionibus
1703 1836 1758 1882 et
1796 1839 2085 1883 consuetu-

499 1908 634 1974 dini,
677 1920 733 1966 et
753 1913 986 1979 paternis
1019 1914 1260 1969 moribus
1285 1915 1559 1972 adversari
1581 1916 1870 1975 videretur.
1903 1918 2085 1989 Siqui-

497 2001 622 2057 dem
651 2002 1000 2060 hortabantur
1029 2015 1086 2061 ut
1105 2007 1172 2062 ab
1200 2007 1354 2063 idolis
1381 2009 1722 2078 absisterent,
1749 2026 1872 2066 aras
1903 2011 2085 2082 despi-

497 2107 704 2159 cerent,
726 2113 858 2166 quas
893 2106 950 2152 et
989 2108 1165 2168 patres
1193 2108 1248 2155 ct
1275 2101 1506 2172 majores
1549 2118 1737 2159 eorum
1785 2106 2082 2175 coluerant,

498 2186 569 2240 ab
600 2187 820 2256 impuris
847 2188 1185 2258 dogmatibus
1219 2193 1511 2260 resilirent,
1552 2195 1788 2252 riderent
1832 2199 2086 2254 solemni-

502 2285 660 2339 tates.
693 2278 1016 2336 initiationes
1037 2293 1373 2352 respuerent,
1403 2300 1524 2356 quas
1564 2287 1696 2358 ipsis
1717 2289 1948 2345 maxime
1977 2299 2086 2346 tre-

499 2367 690 2423 menda
719 2379 773 2424 et
797 2368 1153 2428 formidabilia
1181 2374 1537 2432 videbantur:
1593 2393 1693 2448 pro
1727 2381 1920 2449 quibus
1967 2383 2085 2437 ani-

501 2473 644 2512 mam
671 2458 802 2515 dare
829 2461 1160 2530 maluissent,
1187 2479 1346 2535 quam
1372 2481 1559 2524 eorum
1591 2468 1732 2525 dicta
1773 2471 2080 2542 admittere,

499 2557 556 2604 et
586 2549 640 2604 in
664 2559 846 2607 natum
874 2569 938 2609 ex
962 2553 1124 2610 Maria
1151 2557 1396 2625 credere,
1423 2561 1514 2630 qui
1545 2561 1611 2616 ad
1637 2563 1881 2633 praesidis
1909 2566 2080 2622 tribu-

499 2641 583 2696 nal
606 2641 819 2708 ductus,
847 2645 1016 2715 sputis
1033 2645 1436 2716 dehonestatus,
1462 2650 1849 2725 innumeraque
1871 2672 2080 2726 passus,

500 2735 826 2790 exsecranda
849 2746 1020 2792 morte
1041 2739 1284 2806 allectus,
1309 2741 1656 2814 sepultusque
1680 2749 2079 2805 resurrexisset.

497 2825 759 2896 Quodque
800 2827 1121 2897 stupendum
1165 2839 1279 2886 erat
1307 2871 1321 2896 ,
1365 2833 1634 2890 cruciatus
1676 2837 1928 2895 omnibus
1969 2841 2081 2895 noti

497 2927 672 2981 erant,
701 2917 906 2989 ﬂagella
933 2936 1124 2994 nempe
1143 2965 1159 2989 ,
1186 2923 1419 2994 colaphi,
1442 2929 1784 2986 contumeliae
1799 2931 1910 2986 oris
1925 2943 2083 3004 sputo

500 3009 859 3079 dehonestati,
891 3014 1079 3086 plagae,
1107 3030 1236 3071 crux
1257 3058 1274 3084 ,
1321 3017 1566 3076 cachinni
1593 3023 1742 3080 nmlti
1763 3065 1780 3092 ,
1817 3026 2080 3083 comoedia

497 3103 747 3160 omnibus
769 3105 968 3173 oblata,
997 3108 1268 3178 sepultura
1289 3111 1443 3180 quasi
1472 3114 1656 3184 gratiae
1678 3115 1894 3174 nomine
1921 3119 2085 3189 impe-

498 3205 672 3260 trata;
719 3197 814 3253 sed
839 3215 960 3269 quas
1007 3201 1074 3256 ad
1117 3205 1566 3261 resurrectionem
1616 3209 1929 3278 spectabant
1971 3226 2078 3268 non

498 3285 661 3340 item:
695 3287 797 3341 illis
821 3289 966 3344 enim
1008 3291 1140 3346 solis
1172 3301 1291 3360 post
1329 3297 1776 3354 resurrectionem
1812 3303 2077 3372 apparuit.

499 3381 750 3432 Attamen
780 3376 894 3433 haec
915 3378 1144 3435 dicendo
1165 3383 1576 3454 persuadebant,
1603 3394 1658 3443 et
1683 3388 1760 3444 sic
1787 3389 2078 3446 Eeelesiam

497 3470 853 3527 aediﬁcabant.
889 3472 1008 3541 Quo
1033 3483 1190 3544 pacto
1217 3484 1272 3532 et
1297 3491 1404 3547 qua
1443 3477 1696 3535 ratione?
1746 3479 1951 3537 Virtute
1989 3481 2078 3551 ju-

499 3564 712 3620 bentis:
745 3565 858 3636 ipse
881 3581 1109 3637 namque
1135 3568 1274 3623 viam
1304 3572 1558 3640 parabat,
1589 3571 1704 3642 ipse
1737 3575 1914 3628 omnia
1939 3574 2080 3629 difﬁ-

494 3652 619 3709 cilia
634 3651 808 3709 facilia
821 3655 1100 3710 reddebat.
1125 3656 1238 3712 Nisi
1269 3658 1411 3714 enim
1435 3659 1613 3714 divina
1646 3662 1889 3730 quaedam
1909 3665 2078 3720 virtus

496 3742 614 3796 hrec
631 3753 1008 3812 perpetrasset,
1034 3761 1104 3802 ne
1127 3747 1209 3803 vel
1233 3749 1548 3819 principium
1575 3750 1790 3820 quidem
1816 3763 1905 3808 aut
1921 3770 2082 3810 exor-

492 3831 644 3886 dium
677 3833 790 3888 hmc
820 3833 1150 3892 habuissent.
1169 3835 1288 3904 Quo
1315 3837 1528 3895 enimid
1559 3840 1720 3897 modo
1738 3842 1852 3898 ﬁeri
1877 3846 2080 3914 potuis-

492 3922 616 3978 set?
643 3921 838 3978 Verum
862 3925 907 3979 is
934 3925 1024 3995 qui
1040 3925 1272 3996 dixerat,
1311 3927 1432 3984 Fiat
1452 3931 1655 3997 uelum,
1691 3940 1748 3988 et
1761 3949 1895 4004 Opus
1921 3935 2080 3991 exhi-

494 4013 638 4069 buit:
669 4026 744 4080 et,
762 4015 1012 4072 fundetur
1032 4025 1198 4087 terra,
1221 4019 1337 4090 ejus
1348 4020 1698 4077 substantiam
1713 4024 1981 4094 produxit;
2000 4035 2075 4091 et,

497 4105 673 4162 luceat
704 4107 806 4173 sol,
843 4117 898 4162 et
920 4117 1124 4164 astrum
1161 4110 1436 4177 ostendit;
1476 4114 1677 4184 quique
1701 4115 1880 4170 omnia
1913 4117 2078 4171 verbo

494 4207 748 4268 speratus
776 4209 880 4264 est,
912 4200 1003 4257 ille
1047 4201 1212 4257 etiam
1249 4201 1646 4272 hasEcclesias
1685 4206 1963 4278 plantavit.
2011 4208 2078 4263 Et

497 4289 719 4344 verbum
741 4290 892 4358 illud,
917 4289 1216 4360 £diﬁcabo
1236 4291 1521 4348 Ecclesium
1549 4311 1734 4362 meum,
1761 4297 1880 4355 hzrc
1898 4301 2077 4355 omnia

495 4389 773 4450 operatum
801 4390 903 4436 est.
951 4380 1101 4436 Talia
1143 4382 1344 4454 quippe
1383 4393 1509 4441 sunt
1544 4386 1707 4441 verba
1750 4388 1882 4456 Dei,
1912 4405 2076 4462 opera

493 4470 771 4538 exhibent,
789 4486 951 4542 opera
967 4471 1231 4530 mirabilia
1245 4484 1406 4545 atque
1427 4477 1711 4547 stupenda.
1733 4477 1866 4535 Nam
1891 4496 2079 4552 quem.

493 4561 783 4619 admodum
813 4563 984 4618 dixit:
1013 4562 1269 4619 Germiuet
1287 4574 1423 4620 terra
1457 4566 1662 4622 herbam
1687 4570 1811 4641 [mni
1833 4570 1994 4643 (Gen.
2019 4575 2071 4630 1.

495 4655 607 4724 ll),
655 4663 712 4710 et
755 4655 934 4710 omnia
981 4670 1110 4711 mox
1155 4655 1344 4712 hortus
1387 4658 1572 4728 fuere,
1612 4662 1792 4718 omnia
1828 4673 2072 4734 pratum,

492 4754 746 4815 terraque
799 4745 1105 4803 mandatum
1173 4748 1447 4819 excipiens
1503 4750 1726 4809 infinitis
1786 4756 2077 4812 ornabatur

494 4835 721 4904 plantis;
757 4837 836 4892 sic
875 4845 930 4891 et
963 4852 1106 4894 nunc
1142 4838 1232 4894 ubi
1271 4840 1424 4908 dixit,
1463 4841 1758 4913 AEdiﬁcabo
1792 4844 2075 4902 Ecclesiam

494 4943 660 4980 nteant
683 4968 697 4992 ,
733 4927 784 4982 id
829 4928 978 4982 nullo
1021 4931 1234 5001 negotio
1263 4931 1458 4988 factum
1488 4942 1608 4990 est:
1639 4944 1802 5006 atque
1833 4938 2074 5008 tyrannis

491 5017 750 5073 ad\ersus
789 5034 911 5074 eam
955 5020 1151 5077 bellum
1194 5025 1573 5089 excitantibus,
1619 5028 1879 5084 militibus
1923 5043 2071 5084 arma

491 5109 848 5176 moventibus,
867 5114 1076 5183 populis
1088 5114 1256 5168 instar
1272 5113 1408 5186 ignis
1420 5116 1736 5183 furentibus,
1751 5117 1817 5173 ad
1825 5127 2072 5174 versante

497 5201 901 5270 coitattetudine,
930 5205 1203 5274 etiamque
1233 5205 1556 5273 rhetoribus,
1581 5209 1858 5277 scphistis,
1902 5209 2072 5264 diviti-

493 5297 617 5358 bus,
662 5295 865 5357 idiotis,
914 5295 1280 5366 principibus,
1318 5296 1440 5366 igne
1484 5305 1664 5354 tamen
1699 5302 2069 5356 vehementius

489 5396 570 5438 τοι
587 5385 709 5436 bum
732 5386 916 5453 spinas
945 5386 1301 5454 consumpsit,
1324 5401 1484 5458 agros
1511 5391 1788 5460 purgavit,
1819 5392 2070 5461 praedica-

491 5477 650 5530 tionis
669 5476 967 5531 doctrinam
997 5476 1320 5532 seminavit:
1343 5493 1407 5533 ac
1435 5479 1561 5534 dum
1587 5497 1652 5536 ex
1681 5481 1746 5536 iis
1777 5483 1866 5553 qui
1901 5483 2070 5540 credi-

487 5567 680 5622 derant
707 5566 800 5622 alii
823 5567 876 5621 in
903 5580 1123 5623 carcere
1147 5566 1470 5636 habitarent,
1506 5571 1598 5625 alii
1628 5571 1682 5626 in
1704 5573 1952 5630 exsilium
1978 5576 2069 5632 ab-

488 5660 631 5712 ducti
659 5668 860 5722 essent,
883 5659 972 5716 alii
995 5659 1238 5729 pecuniis
1259 5661 1519 5727 mulctati,
1545 5662 1640 5718 alii
1682 5665 1876 5734 occisi,
1915 5675 1972 5722 et
2010 5668 2066 5724 in

487 5751 660 5806 lt'usta
675 5751 893 5819 concisi,
917 5752 1006 5807 alii
1021 5752 1143 5824 igne
1157 5754 1481 5825 consumpti,
1496 5755 1588 5813 alii
1603 5755 1836 5816 demersi
1856 5769 2060 5831 essent,

1239 332 1299 390 S.
1337 332 1621 390 JOANNIS
1647 332 2120 392 CHRYSOS'I'OMI
2149 333 2468 393 ABCHIEP.
2507 341 3048 404 CONSTANTINOP.

3685 356 3774 412 852

2202 448 2292 502 alii
2319 467 2479 506 ottme
2499 469 2666 521 genus
2694 460 2936 529 supplicii
2964 463 3227 530 subirent,
3274 467 3566 539 ignominia
3590 476 3775 536 allecti.

2200 541 2368 611 pulsi,
2409 546 2563 614 quasi
2607 561 2920 607 communes
2961 553 3143 612 hostes
3185 559 3417 632 undique
3445 564 3645 634 eject.;
3693 570 3771 622 alii

2199 647 2425 690 numero
2473 636 2653 708 plures
2697 656 3077 716 accesserunt,
3119 666 3219 707 nec
3257 656 3418 711 modo
3457 673 3525 714 ex
3559 661 3775 716 aliorum

2197 725 2522 783 cruciatibus
2551 729 2718 785 nihilo
2740 735 3014 804 segniores
3043 754 3333 800 evaserunt
3355 746 3424 801 ad
3471 749 3637 804 Iidem
3677 770 3776 806 am-

2203 817 2561 888 plectendam,
2591 823 2684 879 sed
2709 827 2878 882 multo
2907 828 3192 889 alacriores
3223 837 3453 902 fuerunt,
3483 851 3541 896 et
3569 842 3624 896 in
3669 848 3773 914 pal-

2196 907 2380 964 chram
2409 908 2548 967 hanc
2569 923 2844 984 capturam
2887 918 3223 989 insilierunt;
3268 927 3452 999 sicque
3487 945 3520 985 a
3557 907 3762 1003 piscan

2195 997 2342 1054 ribus
2391 1003 2757 1072 capiebantur,
2787 1025 2894 1065 non
2921 1014 3092 1068 coacti
3117 1015 3212 1072 sed
3237 997 3580 1079 aecu'rrentes
3600 1065 3619 1090 ,
3667 1042 3770 1094 gra-

2197 1091 2430 1162 tiamque
2452 1094 2704 1154 habentes
2729 1099 2814 1168 iis,
2837 1104 2924 1173 qui
2951 1118 3010 1160 se
3039 1105 3092 1161 in
3121 1107 3258 1165 hanc
3285 1126 3396 1167 rem
3413 1091 3742 1171 deducerent
3759 1169 3772 1182 ,

2194 1197 2257 1238 ac
2269 1199 2388 1238 cum
2411 1189 2726 1259 sanguinum
2747 1203 3010 1252 torrentes
3031 1214 3097 1254 ex
3112 1200 3222 1270 jam
3241 1204 3584 1264 credentibus
3601 1227 3716 1264 erui
3755 1244 3782 1260 .

2196 1285 2384 1343 pentcs
2425 1293 2744 1350 cernerent,
2793 1287 3144 1348 ferventiores
3186 1294 3602 1370 ﬁdentioresque
3643 1303 3780 1361 circa
3840 1267 3846 1350 ί

2195 1365 2352 1423 ﬁdem
2384 1381 2554 1426 erant.
2580 1373 2823 1448 Cumque
2840 1395 2945 1434 non
2969 1389 3172 1438 tantmn
3198 1385 3469 1458 discipuli,
3625 1396 3781 1450 etiam
3844 1431 3845 1440 η

2194 1462 2452 1531 magistri,
2481 1463 2570 1518 alii
2601 1467 2783 1535 vincti,
2808 1470 2896 1526 alii
2929 1473 3102 1542 pulsi,
3139 1477 3229 1533 alii
3267 1481 3534 1536 verberati
3563 1497 3778 1548 εδει-ιιι,
3839 1471 3846 1486 ’

2191 1551 2281 1606 alii
2308 1553 2523 1608 detnum
2548 1556 2824 1615 innumera
2856 1571 3166 1631 paterentur
3194 1571 3330 1624 mala
3355 1613 3371 1639 ,
3399 1572 3656 1645 discipuli
3705 1591 3781 1630 ta-

2194 1659 2314 1699 men
2342 1657 2395 1700 et
2425 1648 2604 1717 plures
2640 1661 2695 1706 et
2738 1651 3090 1712 ferventiores
3130 1659 3347 1716 ﬁebant.
3390 1664 3551 1720 Certe
3591 1668 3780 1723 l‘attlns

2192 1735 2416 1792 clamat:
2451 1739 2536 1794 Ita
2563 1753 2616 1795 ut
2639 1742 2811 1813 plures
2840 1751 3059 1817 fratrum
3080 1750 3134 1804 in
3161 1750 3380 1808 Domino
3403 1796 3419 1818 ,
3469 1759 3779 1826 conﬁdentes

2194 1827 2404 1884 vinculis
2427 1832 2572 1898 meis,
2604 1834 2943 1894 abundantius
2962 1841 3205 1897 auderent
3233 1845 3343 1900 sine
3369 1849 3550 1904 timore
3581 1852 3780 1904 verbum

2191 1919 2328 1990 loqui
2358 1920 2614 1995 (Philipp.
2641 1927 2692 1981 1.
2726 1929 2861 1997 14);
2910 1939 2966 1986 et
3015 1933 3140 1987 alibi
3191 1951 3445 1990 rursum:
3487 1938 3591 1995 Vos
3649 1944 3778 1994 enim

2191 2010 2469 2067 imitatores
2486 2017 2608 2086 facti
2629 2018 2749 2072 estis
2779 2017 3125 2076 Ecclesiarum
3152 2022 3268 2092 Dei,
3296 2043 3411 2094 qua:
3447 2040 3568 2082 sunt
3598 2033 3652 2083 iu
3680 2032 3778 2084 Ju-

2192 2103 2327 2170 dwa,
2353 2105 2474 2176 quia
2521 2108 2697 2162 eadem
2735 2112 2873 2180 passi
2902 2115 3021 2167 estis
3050 2124 3098 2170 et
3123 2133 3209 2171 vos
3240 2135 3273 2172 a
3299 2121 3675 2176 contribulibus
3703 2141 3780 2177 se-

2190 2196 2326 2259 stris,
2350 2199 2774 2268 quemadmodum
2797 2214 2842 2260 et
2860 2204 2959 2274 ipsi
2975 2222 3006 2259 a
3019 2205 3237 2276 Iudicis,
3261 2212 3346 2280 qui
3365 2210 3650 2268 Dominum
3668 2233 3781 2271 cru-

2191 2286 2480 2356 ciﬁxerunt,
2509 2299 2556 2344 et
2581 2308 2672 2346 nos
2695 2294 2977 2364 impediunt
3004 2298 3142 2363 loqui
3164 2301 3393 2368 gentibus
3419 2343 3435 2368 ,
3483 2313 3540 2356 ut
3568 2309 3776 2360 salven-

2191 2384 2276 2428 tur
2306 2377 2380 2447 (1.
2406 2377 2584 2433 Thess.
2606 2381 2662 2434 2.
2693 2383 2782 2438 14.
2830 2384 2944 2454 15).
2979 2385 3114 2441 Aliis
3141 2402 3357 2446 rursum
3399 2393 3652 2450 scribens
3706 2400 3776 2451 sic

2189 2465 2465 2538 loquitur:
2496 2469 2922 2529 Rememoramini
2945 2477 3183 2545 pristinos
3213 2479 3350 2546 dies,
3383 2483 3438 2535 in
3452 2485 3638 2552 quibus
3662 2488 3776 2539 illa-

2191 2558 2369 2612 minati
2389 2560 2602 2615 multum
2627 2573 2878 2617 certamen
2898 2568 3208 2624 sustinuistis
3235 2573 3552 2639 passionum,
3569 2577 3774 2630 scientes

2189 2649 2325 2702 vobis
2342 2650 2597 2705 meliorem
2615 2654 2947 2708 substantiam
2964 2657 3015 2710 in
3037 2660 3192 2723 cwlis,
3206 2670 3254 2714 et
3277 2674 3564 2716 manentem
3593 2664 3772 2737 (Hebr.

2190 2737 2278 2794 10.
2305 2739 2395 2798 52.
2416 2742 2530 2813 54).
2565 2742 2751 2799 Viden‘
2781 2749 3143 2816 praestantiam
3172 2753 3379 2806 virtutis
3422 2753 3540 2822 ejus
3587 2757 3677 2825 qui
3706 2767 3775 2810 ta-

2189 2830 2258 2885 lia
2287 2842 2540 2904 operatus
2564 2837 2682 2892 est?
2711 2838 2843 2895 Nam
2868 2841 2960 2910 qui
2985 2850 3129 2897 tanta
3165 2845 3524 2912 patiebantur,
3558 2863 3668 2903 non
3695 2865 3776 2905 so-

2189 2922 2299 2979 lum
2330 2941 2437 2981 non
2461 2942 2604 2999 aegre
2627 2928 2870 2986 ferebant
2893 2934 2976 2988 vel
3003 2933 3342 3002 deﬁciebant,
3369 2938 3465 2994 sed
3491 2948 3550 2994 et
3576 2943 3774 3012 gaudeo

2188 3013 2336 3084 bant,
2367 3019 2683 3088 gestiebant,
2709 3023 3066 3080 exsultabant.
3086 3025 3155 3082 Et
3172 3026 3240 3082 de
3261 3028 3548 3100 discipulis
3565 3034 3772 3102 quidem

2187 3105 2316 3163 dicit
2350 3108 2462 3177 ille,
2491 3111 2633 3181 quod
2659 3114 2966 3171 facultatum
2999 3117 3416 3188 publicationem
3460 3138 3595 3179 cum
3626 3128 3772 3180 volu-

2188 3205 2334 3268 ptate
2366 3202 2800 3270 acceperintzde
2830 3207 3096 3278 magistris
3139 3226 3266 3266 vero
3314 3213 3489 3268 Lucas
3543 3217 3600 3270 in
3650 3218 3774 3272 libro

2186 3292 2415 3344 Actnum
2443 3293 2804 3360 apostolorum
2821 3297 2896 3352 ait
2921 3299 3038 3367 (Act
3073 3300 3126 3356 5.
3147 3301 3258 3372 41),
3278 3318 3372 3358 eos
3389 3319 3648 3361 reversos
3664 3323 3772 3362 esse

2183 3381 2478 3450 gaudentes
2500 3398 2530 3438 a
2559 3398 2850 3457 conspectu
2877 3392 3125 3458 concilii,
3155 3394 3408 3461 quoniam
3429 3395 3582 3466 digni
3615 3398 3770 3452 habiti

2187 3474 2392 3528 fuerant
2423 3492 2518 3546 pro
2543 3480 2758 3534 nomine
2782 3479 2979 3534 Christi
3009 3485 3384 3540 contumeliam
3421 3489 3556 3556 pati.
3589 3489 3666 3544 De
3691 3506 3769 3544 se-

2187 3563 2302 3634 ipso
2327 3581 2538 3622 rursum
2564 3568 2756 3624 Paulus
2782 3588 2795 3624 :
2827 3570 3056 3638 Ctmdeo,
3085 3575 3176 3636 ait,
3208 3575 3259 3628 in
3286 3578 3618 3645 passionibus
3634 3583 3769 3643 meis,

2184 3665 2230 3709 et
2251 3656 2507 3726 udimpleo
2535 3674 2649 3727 qua:
2672 3660 2853 3714 desunt
2877 3663 3283 3718 tribulationibus
3310 3665 3504 3722 Christi
3547 3671 3602 3722 in
3628 3687 3768 3724 carae

2182 3761 2295 3799 mea
2324 3745 2514 3817 (Colos.
2545 3749 2596 3803 1.
2630 3747 2696 3805 21
2731 3751 2770 3808 l.
2802 3751 3002 3821 Ecquid
3034 3754 3265 3820 miraris,
3296 3757 3438 3824 quod
3475 3758 3533 3812 in
3574 3762 3769 3829 passio-

2183 3836 2343 3893 nibus
2367 3838 2646 3909 gauderet,
2677 3843 2892 3912 quando
2917 3855 3145 3901 mortem
3173 3847 3452 3905 subiturus
3481 3867 3596 3905 non
3618 3856 3770 3906 modo

2181 3929 2480 3999 gaudebat,
2527 3931 2622 3988 sed
2647 3933 2808 3988 etiam
2833 3933 3125 4006 discipulos
3150 3938 3200 3992 in
3229 3941 3407 4009 gaudii
3440 3946 3769 3998 consortium

2182 4022 2426 4090 vocabat,
2473 4025 2616 4094 quod
2660 4036 2778 4082 erat
2824 4029 2986 4084 animi
3037 4044 3197 4101 supra
3246 4033 3464 4088 modum
3500 4036 3767 4090 Iazlanlis:

2184 4111 2414 4182 Gaudeo,
2445 4116 2638 4186 inquit,
2669 4128 2717 4172 et
2757 4121 3085 4190 congratulor
3114 4125 3344 4178 omnibus
3382 4125 3526 4180 vobis
3550 4143 3573 4181 :
3603 4129 3773 4180 itide-it

3840 1615 3846 1646 ἵ

2181 4215 2229 4260 et
2246 4223 2331 4262 vos
2346 4209 2580 4279 gaudete,
2595 4219 2646 4266 et
2659 4213 3084 4282 congratulamini
3121 4216 3245 4269 mihi
3261 4216 3430 4287 (Phil.
3452 4219 3513 4272 2.
3542 4221 3633 4275 17.
3667 4225 3771 4283 18).
3844 4215 3845 4220 “

2184 4296 2252 4351 Et
2280 4297 2407 4367 quid
2437 4298 2632 4355 factum
2657 4309 2761 4368 est,
2793 4302 2879 4358 dic
2908 4304 3060 4371 mihi,
3087 4306 3230 4374 quod
3260 4317 3411 4362 tanto
3436 4311 3648 4379 gaudio
3688 4329 3770 4366 re-

2185 4388 2360 4458 pletus
2389 4405 2450 4446 es
2474 4389 2499 4445 2
2523 4389 2653 4462 Ego,
2684 4391 2874 4462 inquit,
2893 4397 3008 4466 jam
3033 4396 3246 4463 delibor,
3269 4408 3320 4452 et
3347 4409 3553 4469 tempus
3573 4403 3769 4458 resolu-

2181 4481 2332 4535 tionis
2361 4497 2486 4536 mete
2509 4482 2664 4538 instat
2699 4481 2777 4553 (2.
2812 4484 2944 4540 Tim.
2971 4487 3026 4542 4.
3055 4487 3135 4558 6).

2252 4571 2339 4625 14.
2372 4571 2463 4628 Sic
2483 4571 2644 4642 igitur
2669 4590 2763 4643 per
2786 4577 3085 4631 universum
3108 4577 3294 4633 orbem
3319 4579 3623 4638 Ecclesiam
3649 4587 3769 4640 tedi-

2181 4660 2428 4717 ﬁcabant.
2455 4663 2615 4734 Atqui
2645 4679 2714 4720 ue
2748 4667 3000 4735 parietem
3029 4667 3244 4738 quidem
3284 4684 3449 4725 unum
3484 4675 3768 4744 quisquam

2181 4754 2350 4823 possit
2375 4763 2655 4810 exstruere
2682 4756 2944 4825 lapidibus
2962 4766 3016 4812 et
3037 4759 3181 4814 calce
3202 4769 3378 4827 utens,
3403 4763 3451 4817 si
3470 4777 3542 4818 ex
3551 4767 3769 4834 pellatur

2179 4854 2232 4900 et
2257 4846 2577 4914 impediatur
2604 4863 2619 4901 :
2650 4845 2701 4900 hi
2729 4862 2858 4904 vero
2883 4857 2960 4903 tot
2984 4848 3254 4905 Ecclesias
3281 4851 3475 4922 ubique
3505 4862 3766 4910 terrarum

2179 4937 2529 5003 aediﬁcarunt,
2562 4940 2816 5009 percussi,
2850 4940 3033 5005 vincti,
3063 4942 3236 5010 pulsi,
3264 4941 3463 5014 fugati,
3496 4944 3766 5002 facultati-

2179 5027 2279 5082 bus
2305 5029 2562 5096 mulctati,
2589 5029 2835 5099 ﬁagellati
2857 5071 2872 5096 ,
2899 5031 3162 5103 jugulati,
3193 5034 3460 5090 combusti
3485 5079 3504 5102 ,
3537 5039 3763 5094 demersi

2178 5129 2280 5168 una
2303 5129 2423 5170 cum
2445 5114 2739 5186 discipulis.
2763 5115 2829 5171 Et
2853 5117 3207 5184 aediﬁcabant,
3231 5133 3335 5174 non
3362 5121 3660 5190 lapidibus,
3681 5126 3762 5178 seu

2176 5205 2452 5262 antmabus
2472 5214 2527 5262 et
2553 5207 2825 5271 institutis,
2848 5209 2988 5278 quod
3011 5210 3168 5280 plane
3189 5210 3460 5267 difﬁcilius
3479 5224 3596 5280 est,
3614 5232 3760 5287 quam

2176 5297 2438 5366 lapidibus
2464 5310 2795 5355 construere.
2824 5299 2938 5355 Non
2965 5301 3106 5356 enim
3138 5317 3232 5371 par
3267 5311 3347 5356 est
3376 5319 3600 5360 murum
3638 5323 3759 5359 con-

2175 5399 2416 5452 struere,
2445 5399 2498 5444 et
2527 5389 2756 5444 animam
2791 5398 2938 5444 tanto
2966 5399 3204 5459 tempore
3229 5406 3258 5444 a
3283 5391 3630 5451 daemonibus
3657 5398 3760 5464 agi-

2175 5488 2340 5534 tatam
2364 5478 2429 5533 ad
2457 5480 2872 5548 resipiscendum
2905 5479 3245 5549 persuadere,
3269 5489 3326 5534 ut
3347 5481 3419 5536 ab
3444 5484 3658 5539 insania
3686 5486 3759 5538 illa

2173 5571 2424 5635 desistat,
2455 5579 2509 5628 et
2533 5571 2599 5626 ad
2626 5579 2823 5626 tantam
2851 5572 3122 5640 perveniat
3147 5575 3583 5642 temperantiam.
3616 5579 3729 5631 Atta
3747 5565 3780 5613 εί

2171 5681 2296 5723 men
2325 5665 2425 5721 hoc
2446 5673 2730 5735 potuerunt
2751 5663 2873 5718 nudi
2895 5671 2952 5718 et
2969 5663 3160 5718 calceis
3178 5674 3444 5729 carentes,
3466 5683 3574 5721 una
3599 5669 3754 5721 induti

2173 5760 2350 5815 tunica
2376 5774 2470 5829 per
2495 5757 2801 5814 universum
2825 5756 3008 5812 orbem
3030 5756 3467 5814 circumeuntes:
3494 5759 3755 5815 habebam
