3866 6226
50 200 142 253 851

53 324 228 379 ταῦτα
247 323 538 396 ἔπραττον,
591 323 730 378 ἀλλὰ
763 325 978 397 μυρίων
1006 327 1350 398 πανταχόθεν
1380 327 1636 399 πολέμων

54 410 234 471 αὐτοῖς
279 407 669 479 ἐγειρομένων.
724 407 883 462 Κατὰ
928 409 1038 480 γὰρ
1069 409 1221 474 ἔθνος
1266 409 1518 472 ἕκαστον,
1540 409 1639 463 zeal

55 491 192 543 κατὰ
239 489 430 542 πόλινο
465 490 519 543 τί
562 490 706 558 λέγω
749 490 895 544 κατὰ
940 490 1093 554 ἔθνος
1124 493 1220 545 zeal
1271 491 1415 545 κατὰ
1444 493 1636 557 πόλιν;

55 575 194 627 κατὰ
244 575 424 627 οἰκίαν
455 574 696 644 ἐκάστην
743 573 980 644 πόλεμος
1016 574 1200 636 αὐτοῖς
1227 575 1638 648 ἀνερριπίζετο.

60 657 312 711 Εξσιοῦσα
341 659 451 728 γάρ
489 656 886 728 ήδιδασκαλία,
925 658 1022 712 zeal
1067 657 1442 729 άποσχίζουσα
1475 659 1643 714 παῖδα

57 741 319 803 πολλάκις
347 740 574 809 πατρὸς,
619 740 713 792 zeal
761 739 982 810 νύμφην
1034 740 1324 812 πενθερᾶς,
1361 743 1455 796 zeal
1489 741 1645 794 ἁδελ-

59 825 156 894 φδν
189 823 445 893 ἀδελφοῦ,
477 824 568 876 zeal
619 821 807 876 δοῦλον
858 823 1146 887 δεσπότου,
1201 825 1296 877 zeal
1338 823 1644 894 ἀρχόμενον

58 909 339 977 ἄρχοντος,
373 906 466 959 zeal
514 905 688 976 ἄνδρα
725 905 1007 974 γυναικὸς.
1042 905 1140 960 zeal
1165 908 1401 974 γυναῖκα
1427 905 1648 977 ἀνδρὸς,

59 990 154 1042 zeal
184 990 398 1060 πατέρα
423 987 652 1050 παίδων,
671 987 732 1040 οὐ
759 987 870 1058 γάρ
891 985 1089 1060 άθρόον
1111 987 1314 1052 πάντες
1342 989 1644 1054 ἐπείθοντο,

58 1071 436 1146 καθημερινάς
474 1071 792 1142 ἀπεχθείας,
820 1075 1066 1143 συνεχεῖς
1097 1072 1389 1144 πολέμους,
1420 1073 1649 1145 μυρίους

59 1156 242 1219 αὐτοῖς
269 1155 445 1226 ἐπῆγε
496 1155 785 1220 θανάτους,
815 1156 911 1210 zeal
942 1156 1020 1220 ὡς
1052 1157 1267 1220 κοινοὺς
1295 1157 1526 1228 ἐχθροὺς
1553 1157 1649 1210 zeal

61 1239 358 1310 πολεμίους
412 1240 858 1310 ἀποστρέφεσθαι
907 1240 1312 1311 παρεσκεύασε.
1365 1242 1478 1295 Kal
1535 1241 1650 1315 γάρ

62 1322 262 1385 πάντες
289 1322 490 1384 αὐτοὺς
519 1323 772 1393 ἧλαυνον,
801 1322 1064 1394 βασιλεῖς,
1099 1323 1382 1394 ἄρχοντες,
1415 1323 1646 1391 ἰδιῶται,

63 1407 364 1478 ἐλεύθεροι,
421 1406 619 1471 δοῦλοι,
669 1407 853 1477 δῆμοι,
900 1406 1117 1471 πόλεις’
1152 1409 1246 1461 zeal
1297 1408 1400 1461 οῦκ
1453 1407 1653 1470 αὐτοὺς

66 1491 246 1560 μόνον,
283 1489 420 1543 ἀλλὰ
453 1491 514 1543 τὸ
541 1489 606 1561 δὴ
638 1487 1043 1561 χαλεπώτερον,
1086 1493 1216 1553 τοὺς
1249 1490 1331 1544 ἔτι
1360 1493 1654 1560 νεοπαγεῖς

65 1576 120 1625 ὲν
144 1575 211 1644 τῇ
248 1573 452 1636 πίστει,
490 1577 618 1636 τοὺς
648 1573 741 1626 ὑπ’
763 1573 944 1628 αὐτῶν
973 1575 1436 1645 κατηχουμένους.
1458 1574 1654 1638 Κοινὺς

65 1655 171 1726 γάρ
212 1655 448 1727 πόλεμος
477 1657 572 1710 zeal
595 1658 710 1719 τοῖς
743 1654 1016 1726 μαθηταῖς
1041 1659 1137 1710 zeal
1169 1660 1285 1722 τοῖς
1309 1657 1650 1721 διδασκάλοις

67 1739 304 1806 ἐγένετο,
333 1739 431 1792 άτε
471 1739 572 1810 τῆς
607 1739 956 1803 διδασκαλίας
987 1740 1322 1805 ἀπεναντίας
1350 1741 1446 1796 zeal
1468 1741 1655 1795 διατά-

67 1838 243 1890 γμασι
295 1820 598 1891 βασιλικοῖς
641 1822 738 1874 zeal
777 1823 1040 1895 συνηθείᾳ
1071 1824 1166 1878 zeal
1201 1823 1349 1877 ἔθεσι
1378 1821 1656 1896 πατρῴοις

70 1905 425 1976 φαινομένης.
463 1905 752 1977 ῐίαρῂνουν
777 1906 888 1978 γάρ
921 1907 1158 1962 εἰδώλων
1206 1907 1530 1979 ἀπέχεσθαι,
1563 1925 1660 1962 κα·

67 1991 360 2058 ταφρονεῖν
394 1987 614 2059 βωμῶν,
645 1989 741 2053 οὒς
768 1991 817 2043 οἰ
852 1990 1090 2062 πατέρες
1111 1991 1292 2045 αὐτῶν
1315 1991 1410 2045 zeal
1437 1991 1488 2045 οἰ
1517 1989 1657 2062 πρό-

71 2087 220 2138 γονοι
258 2071 460 2136 πάντες
505 2071 906 2144 ἐθεράπευσαν,
948 2075 1285 2144 ἀφίστασθαι
1322 2075 1434 2129 τῶν
1485 2091 1662 2146 μυσα-

76 2156 184 2224 ρῶν
211 2155 516 2226 δογμάτων,
549 2156 860 2228 καταγελᾷν
889 2155 1110 2230 ἑορτῶν,
1132 2157 1416 2212 διαπτύειν
1443 2158 1543 2222 τὰς
1570 2175 1662 2211 τεο

73 2237 263 2300 λετιῑις⁸
296 2239 333 2292 ἃ
361 2239 780 2310 φρικωδέστατα
811 2241 986 2294 ἐδόκει
1017 2237 1156 2294 εἶναι
1185 2241 1416 2306 ἐκείνοις
1442 2241 1539 2294 zeal
1568 2257 1664 2309 φο-

76 2319 386 2391 6ερὼτατα,
414 2322 509 2374 zeal
544 2322 685 2393 ὑπὲρ
705 2315 780 2376 ὧν
800 2323 868 2376 ἂν
892 2325 988 2377 zeal
1013 2324 1112 2395 τὴν
1126 2323 1306 2395 ψυχὴν
1326 2323 1662 2396 προήκαντο,

77 2402 401 2474 ἧαὶρεῖσθαι
430 2404 498 2458 τά
527 2407 655 2475 παρ’
680 2405 862 2458 αὐτῶν
894 2405 1186 2476 λεγόμενα,
1240 2405 1338 2460 zeal
1387 2404 1664 2462 πιστεύειν

77 2490 156 2550 εἰς
180 2488 274 2540 τὸν
302 2488 410 2541 άπὸ
434 2488 654 2559 Μαρίας
678 2488 964 2559 τεχθέντα,
996 2490 1088 2543 τὸν
1139 2491 1198 2542 ἐν
1230 2489 1551 2562 ἡγεμονικῷ
1583 2487 1667 2541 δι-

79 2573 365 2645 καστηρίῳ
391 2572 770 2641 παραστάντα,
801 2573 895 2628 τὸν
923 2573 1324 2645 ἐμπτυσθέντα,
1349 2573 1442 2627 τὸν
1495 2572 1668 2645 μυρία

80 2657 325 2710 παθόντα
356 2656 524 2722 δεινὰ,
551 2657 643 2710 τὸν
675 2657 906 2712 θάνατον
954 2657 1229 2730 ἐπάρατον
1275 2656 1667 2729 ὑπομείναντα,

79 2741 171 2792 τὸν
206 2738 468 2808 ταφέντα,
502 2737 594 2792 τὸν
626 2739 958 2798 ἀναστάντα.
1003 2742 1115 2795 Kal
1143 2741 1206 2795 τὸ
1237 2741 1562 2812 παράδοξον,
1587 2741 1670 2794 ὅτι

81 2823 149 2876 τά
185 2821 286 2892 μὲν
324 2821 434 2877 τῶν
471 2821 663 2875 παθῶν
709 2822 845 2893 δῆλα
874 2825 1040 2878 πᾶσιν
1068 2820 1158 2895 ἦν,
1198 2825 1256 2878 αἰ
1297 2825 1584 2895 μάστιγες,
1615 2826 1672 2877 αἰ

83 2906 178 2960 ἐπὶ
211 2907 416 2978 κόρρης
457 2905 685 2977 πληγαὶ,
723 2908 780 2960 αἰ
811 2909 892 2972 εἰς
911 2907 1204 2980 πρόσωπον
1236 2907 1424 2980 ὕϐρεις
1450 2907 1538 2962 διά
1564 2907 1676 2961 τῶν

85 2987 501 3060 ἐμπτυσμάτων
545 2990 852 3060 γινόμεναι,
887 2989 958 3044 τά
986 2991 1328 3063 ῥαπίσματα,
1362 2993 1392 3045 ὁ
1419 2991 1672 3062 σταυρὸς,

85 3077 118 3144 ὴ
148 3073 322 3144 πολλὴ
361 3073 647 3144 χλευασία,
683 3076 718 3145 ή
746 3073 900 3145 παρὰ
946 3074 1168 3128 πάντων
1211 3073 1493 3145 κωμῳδία,
1527 3076 1556 3130 ὁ
1587 3074 1676 3130 τάο

89 3174 190 3226 φος
210 3156 241 3208 ό
268 3157 325 3209 ἐν
355 3155 512 3227 μέρει
541 3155 764 3228 χάριτος
786 3157 1108 3228 γενόμενος·
1131 3155 1198 3210 τὰ
1225 3156 1283 3210 δὲ
1308 3157 1411 3226 τῆς
1436 3158 1677 3212 ἀνοισυιτά⁴

91 3255 235 3301 σεως
273 3237 497 3291 οὐκέτιο
555 3241 742 3302 αὐτοῖς
784 3239 894 3311 γάρ
953 3239 1138 3310 μόνοις
1189 3238 1431 3302 ἀναστάς
1464 3239 1676 3309 ἐφάνη·

92 3319 211 3375 ἀλλ’
244 3321 392 3391 ὅμως
415 3321 508 3374 zeal
536 3320 712 3376 ταῦτα
739 3322 990 3390 λέγοντες
1018 3321 1258 3388 ἔπειθον,
1288 3322 1381 3375 zeal
1413 3320 1558 3376 οὓτω
1582 3321 1681 3391 τὴν

105 3403 436 3479 Ἐκκλησίαν
465 3405 795 3477 ᾠκοδόμουν.
830 3405 954 3469 Πῶς
976 3406 1071 3460 zeal
1099 3406 1208 3459 τίνι
1232 3406 1453 3477 τρόπῳ;
1489 3405 1569 3477 Τῇ
1599 3405 1686 3458 δυο

94 3489 260 3560 νάμει
281 3488 376 3540 τοῦ
398 3489 570 3542 ταῦτα
598 3487 950 3552 κελεύσαντος
965 3505 978 3517 '
1003 3489 1164 3552 αὐτὸς
1189 3489 1298 3560 γάρ
1319 3489 1686 3561 προοδοποιῶν

94 3568 187 3643 ἦν,
227 3573 388 3635 αὐτὸς
436 3573 614 3626 πάντα
667 3573 764 3625 καί.
807 3571 874 3624 τά
910 3572 1148 3625 δύσκολα
1197 3571 1356 3643 ῥᾴδια
1402 3572 1593 3625 ποιῶν.
1623 3573 1686 3626 Εἰ

98 3657 209 3727 γὰρ
249 3656 324 3727 μὴ
356 3655 477 3708 θεία
519 3671 606 3721 τις
655 3653 886 3726 δύναμις
929 3651 998 3728 ἧν
1027 3658 1060 3727 ή
1088 3656 1262 3710 ταῦτα
1314 3656 1685 3730 κατορθοῦσα,

97 3737 214 3791 οὐδ’
250 3737 316 3792 ἂν
348 3737 655 3809 προοίμιον,
691 3739 799 3792 οὐδ’
835 3739 903 3792 ἂν
937 3740 1113 3811 ἀρχὴν
1142 3738 1316 3792 ταῦτα
1343 3739 1503 3794 ἔλαϐε
1523 3756 1536 3768 ·
1571 3738 1690 3799 πῶς

99 3822 247 3893 γάρ;
296 3821 436 3874 Ἀλλ’
471 3823 674 3885 ἐκεῖνος
707 3823 736 3875 ό
764 3820 956 3884 εἰπὼν,
989 3821 1278 3894 Γενηθήτω
1314 3823 1560 3894 οὐρανὸς,
1597 3824 1692 3876 καὶ

99 3906 286 3971 δείξας
317 3906 378 3958 τὸ
408 3906 566 3978 ἔργον
585 3921 600 3936 ·
633 3905 749 3968 καὶ,
782 3905 1182 3977 θεμελιωθήτω
1208 3907 1241 3976 ή
1266 3906 1359 3976 γῆ,
1392 3906 1486 3959 zeal
1513 3922 1693 3978 παρα-

102 3989 295 4060 γαγὼν
315 3990 414 4062 τὴν
432 3990 637 4044 οὐσίαν·
663 3990 777 4054 zeal,
806 3989 1083 4058 Λαμπέτω
1111 3988 1280 4059 ήλιος,
1304 3988 1398 4042 καὶ
1427 3987 1606 4053 δείξας
1633 3989 1695 4042 τὸ

103 4074 330 4145 ἄστρον,
367 4076 463 4126 καὶ
513 4073 694 4126 πάντα
754 4073 1128 4144 ἐργασάμενος
1156 4072 1310 4145 [577]
1347 4073 1513 4143 λόγῳ,
1540 4067 1694 4136 οὗτος

104 4157 206 4210 καὶ
232 4156 328 4220 τάς
374 4156 697 4229 Ἐκκλησίας
727 4155 932 4218 ταύτας
975 4154 1270 4223 ἐφύτευσε·
1313 4155 1408 4210 καί
1451 4156 1514 4208 τὸ
1543 4156 1696 4228 ῥῆμα

106 4242 313 4305 ἐκεῖνο,
339 4240 421 4305 τὸ,
448 4240 835 4309 causam“;
861 4256 983 4308 μου
1009 4239 1126 4306 τὴν
1167 4239 1556 4307 Ἐκκλησίαν,
1581 4239 1698 4291 τοῦς

105 4343 171 4380 το
193 4325 373 4378 πάντα
396 4326 709 4395 εἰργάσατο.
737 4323 982 4378 Τοιοῦτοι
1014 4323 1124 4393 γάρ
1149 4322 1200 4374 οἰ
1236 4322 1331 4376 τοῦ
1359 4321 1495 4375 Θεοῦ
1524 4322 1696 4391 λόγοι,

110 4411 293 4482 ἔργων
326 4407 668 4477 δημιουργοὶ,
718 4405 898 4477 ἐργων
944 4403 1275 4476 θαυμαστῶν
1327 4405 1422 4458 καὶ
1458 4405 1700 4480 παραδό-

108 4494 242 4558 ξων.
269 4490 476 4560 ’Ὠσπερ
504 4490 612 4562 γάρ
644 4485 788 4552 εἰπε,
814 4489 1228 4556 Βλαστησάτω
1251 4489 1290 4554 ἡ
1326 4485 1400 4558 γῆ
1431 4488 1702 4554 βοτάνην

108 4575 359 4645 χόρτου,
377 4575 471 4626 καὶ
489 4573 666 4628 πάντα
696 4573 892 4644 ἁθρόον
923 4572 1248 4644 παράδεισος
1273 4568 1361 4644 ἦν,
1399 4574 1496 4626 zeal
1524 4572 1701 4626 πάντα

107 4656 404 4728 λειμῶνες,
453 4659 549 4710 zeal
587 4657 802 4728 μυρίοις
833 4656 1010 4726 ἐκόμα
1043 4659 1230 4724 φυτοῖς
1260 4657 1294 4726 ή
1320 4655 1592 4728 δεξαμένη
1641 4656 1704 4709 τὸ

110 4743 400 4811 ἐπίταγμα
427 4742 530 4810 γῆο
581 4741 727 4794 οὕτω
775 4741 871 4794 zeal
915 4739 1012 4795 νῦν
1058 4735 1251 4792 εἶπεν·
1314 4739 1703 4808 Οἰκοδομήσω

109 4842 236 4894 μου
277 4824 394 4890 τὴν
457 4823 844 4892 Ἐκκλησίαν,
880 4823 976 4876 zeal
1033 4823 1170 4893 μετὰ
1217 4822 1419 4894 πολλῆς
1448 4823 1702 4884 εὐκολίας

110 4905 281 4961 τοῦτο
309 4904 548 4973 ἐγίνετο·
581 4907 678 4960 καὶ
728 4906 1010 4976 τυράννων
1045 4905 1165 4959 κατ’
1210 4905 1383 4975 αὐτῆς
1418 4905 1705 4974 ὁπλιζομέ·

112 5007 250 5054 νων,
306 4991 401 5045 zeal
456 4988 806 5059 στρατιωτῶν
861 4989 1002 5042 ὅπλα
1029 4988 1346 5053 κινούντων,
1387 4990 1482 5043 καί
1514 4990 1705 5061 δήμων

113 5075 296 5147 πυρὸς
326 5073 682 5144 σφοδρότερον
711 5073 1073 5145 μαινομένων,
1109 5071 1205 5126 καὶ
1239 5071 1529 5144 συνηθείας
1558 5074 1680 5126 ἀντι

114 5157 634 5229 παραταττομένης,
689 5157 785 5210 zeal
819 5158 1086 5230 ρητόρων,
1129 5156 1225 5210 καὶ
1272 5155 1566 5225 σοφιστῶν,
1612 5158 1706 5210 καὶ

115 5239 522 5302 πλουτούντων,
547 5239 642 5293 zeal
680 5239 930 5304 ἰδιωτῶν,
979 5241 1075 5296 zeal
1103 5239 1382 5310 ἀρχόντων
1410 5240 1708 5311 άνισταμέο

115 5341 250 5386 νων,
284 5321 455 5391 πυρὸς
502 5321 858 5395 σφοδρότερον
905 5321 1076 5377 ἐπιὼν
1096 5324 1124 5376 ὁ
1149 5321 1306 5392 λόγος
1334 5323 1434 5386 τὰς
1468 5323 1710 5385 ἀκάνθας

121 5405 400 5476 ἀνήλωσε,
459 5404 560 5467 τάς
602 5404 844 5476 ἀρούρας
913 5404 1281 5476 ἐξεκάθηρεν,
1335 5405 1556 5477 ἔσπειρε
1613 5403 1708 5459 τοῦ

120 5489 490 5560 κηρύγματος
556 5488 651 5542 τὸν
722 5487 908 5558 λόγον’
967 5488 1064 5542 zeal
1130 5488 1241 5542 τῶν
1299 5489 1712 5544 πιστευσάντων

105 5564 240 5645 ξτῶν
291 5574 390 5642 μὲν
431 5571 806 5644 δεσμωτήριον
850 5570 1163 5635 οἰκούντων,
1222 5571 1332 5624 τῶν
1387 5571 1445 5624 δέ
1501 5575 1581 5637 εἰς
1615 5573 1713 5645 τὴν

102 5623 154 5712 ιό
163 5623 428 5729 περόρίαν
444 5623 451 5624 ί
476 5623 908 5728 μέθῖστὲμὶέρωᾷ,
934 5623 1054 5710 ..ιν
1071 5623 1129 5708 δέ
1149 5623 1246 5708 ’τάί
1269 5656 1526 5726 χρήματα
1538 5623 1714 5726 Sed;

619 203 899 260 CONTRA
936 204 1229 264 Π]υῶοὸ
1262 205 1348 262 ΕΤ
1387 205 1753 272 GENTILES,
1793 207 1985 274 QUOD
2025 205 2373 264 CHRISTUS
2408 207 2516 263 SIT
2558 206 2761 264 DEUS.

3219 208 3329 263 83‘2

1742 329 1942 396 μένων,
1971 327 2081 381 τῶν
2107 327 2165 382 δέ
2195 328 2331 399 πυρὶ
2377 327 2852 398 παραδιδομένων,
2898 324 3010 380 τῶν
3047 325 3106 380 δὲ
3155 343 3328 381 κατα-

1740 411 2145 482 ποντιζομένων
2177 411 2274 464 zeal
2308 411 2416 463 πᾶν
2451 406 2590 474 εἶδος
2623 409 2895 481 τιμωρίας
2923 408 3328 480 ὑπομενόντων,

1740 493 2144 566 άτιμουμένων,
2186 493 2582 565 ἐλαυνομένων,
2623 494 2698 558 ὡς
2732 492 2926 546 κοινῶν
2957 490 3170 564 ἐχθρῶν
3209 493 3332 547 διω-

1740 575 1987 645 κομένων
2039 576 2326 640 πάντοθεν,
2377 577 2556 648 ἕτεροι
2607 576 2823 641 πλείους
2871 575 3214 648 προσῄεσαν,
3269 577 3331 630 ού

1745 657 1904 729 μόνον
1925 658 2099 726 οὐδὲν,
2123 660 2216 729 ἀφ’
2234 652 2311 712 ὧν
2337 661 2574 730 ἔπασχον
2606 659 2804 733 ἐτεροι,
2835 662 2916 723 εἰς
2940 658 3004 713 τὸ
3041 657 3332 730 πεισθῆναι

1741 743 2095 815 ὀκνηρότεροι
2122 744 2422 815 γινόμενοι,
2459 744 2598 798 ἀλλὰ
2643 745 2742 798 zeal
2772 743 3204 815 προθυμότεροι,
3236 743 3336 797 καὶ

1748 827 1949 897 μᾶλλον
1981 827 2354 898 ἐπιπηδῶντες
2383 831 2450 900 τῇ
2481 828 2623 900 καλῇ
2651 827 2826 900 ταύτῃ
2841 826 3008 899 θήρᾳ·
3030 827 3128 880 zeal
3157 824 3336 890 οὕτως

1746 909 2046 982 ήλιεύοντο,
2087 911 2188 965 οὐκ
2221 909 2682 983 ἀναγκαζόμενοι,
2725 912 2790 966 οὐ
2825 909 3162 982 βιαζόμενοι,
3197 907 3339 963 ἀλλὰ

1749 994 2198 1067 προστρέχοντες,
2225 995 2387 1067 χάριν
2415 997 2616 1061 εἰδότες
2639 997 2752 1061 τοῖς
2788 995 2884 1049 ἐπὶ
2914 992 3074 1048 τοῦτο
3105 993 3332 1062 ἄγουσι·

1749 1077 1844 1130 zeal
1871 1077 2205 1151 χειμάρρους
2233 1079 2481 1150 αἱμάτων
2507 1077 2743 1150 δρῶντες
2772 1077 2883 1132 άπὸ
2907 1075 3018 1130 τῶν
3039 1075 3138 1147 ήδη
3171 1093 3341 1130 πεπι-

1751 1160 2055 1214 στευκότων
2077 1162 2470 1234 άποῤῥέοντας,
2505 1160 2827 1232 θερμότεροι
2860 1160 2990 1230 περὶ
3023 1157 3124 1230 τὴν
3154 1159 3340 1212 πίστιν

1751 1243 1992 1311 ἐγίνοντο
2020 1243 2117 1298 zeal
2155 1242 2596 1315 θαρσαλεώτεροι
2616 1257 2630 1273 ο
2662 1243 2759 1296 zeal
2786 1240 2906 1312 οῦχί
2941 1240 3052 1294 τῶν
3082 1239 3341 1313 μαθητῶν

1754 1327 1936 1398 μόνον,
1972 1327 2110 1382 ἀλλὰ
2150 1330 2244 1384 zeal
2277 1328 2385 1384 τῶν
2428 1327 2790 1391 διδασκάλων,
2837 1325 2947 1379 τῶν
2985 1325 3086 1396 μὲν
3120 1323 3344 1396 δεδεμέ-

1754 1429 1881 1474 νων,
1915 1411 2025 1464 τῶν
2055 1411 2112 1466 δὲ
2138 1411 2538 1483 ἐλαυνομένων,
2569 1410 2678 1464 τῶν
2699 1409 2756 1464 δὲ
2777 1406 3212 1480 μαστιζομένων,
3233 1407 3346 1460 τῶν

1752 1493 1810 1547 δὲ
1849 1494 2015 1565 ἕτερα
2049 1494 2220 1565 μυρία
2255 1493 2576 1564 πασχόντων
2612 1492 2780 1554 κακά,
2821 1491 3041 1554 πλείους
3073 1491 3125 1544 οἰ
3168 1488 3348 1561 μαθη-

1753 1577 2035 1648 τευόμενοι
2073 1579 2169 1633 zeal
2212 1578 2622 1648 σπουδαιότεροι
2673 1573 2878 1648 μᾶλλον
2919 1573 3183 1642 ἐγίνοντο.
3235 1573 3347 1625 Kal

1759 1661 1858 1730 βοᾷ
1922 1660 2136 1725 Παῦλος
2184 1660 2394 1730 λέγων’
2448 1660 2629 1713 Ὥστε
2681 1658 2826 1725 τοὺς
2881 1657 3173 1722 πλείονας
3223 1651 3346 1708 τῶν

1757 1744 2037 1813 ἀδελφῶν
2059 1745 2130 1799 ἐν
2154 1747 2370 1812 Κυρίῳ,
2399 1743 2758 1809 πεποιθότας
2785 1740 2912 1808 τοῖς
2936 1737 3183 1809 δεσμοῖς
3201 1754 3344 1806 μου,

1756 1827 2198 1895 περισσοτέρως
2229 1825 2462 1895 τολμᾷν
2493 1826 2732 1895 ἀφόϐως
2755 1823 2864 1879 τὸν
2890 1823 3079 1893 λόγον
3106 1818 3344 1875 λαλεῖν.

1759 1911 1868 1965 Καὶ
1897 1909 2133 1981 ἀλλαχοῦ
2173 1910 2355 1974 πάλιν,
2387 1909 2574 1980 Ὑμεῖς
2605 1908 2716 1984 τὴρ
2736 1907 2984 1979 μιμηταὶ
3023 1902 3348 1984 ἐγενήθητε

1757 1990 1878 2046 τῶν
1938 1991 2310 2061 Ἑκκλησιῶν
2362 1993 2470 2047 τοῦ
2529 1983 2680 2048 Θεοῦ
2733 1990 2854 2045 τῶν
2903 1986 3110 2044 οὐσῶν
3156 1987 3227 2042 ἐν
3267 1983 3346 2055 τῇ

1770 2073 2041 2142 Ἰουδαίᾳ,
2070 2074 2157 2128 ὅτι
2182 2077 2253 2129 τὰ
2276 2078 2428 2130 αὐτὰ
2455 2074 2705 2129 ἐπάθετε
2734 2073 2835 2128 καί
2868 2072 3036 2142 ὑμεῖς
3065 2069 3186 2126 ὑπὸ
3223 2066 3347 2123 τῶν

1762 2157 1926 2211 ἰδίων
1975 2159 2401 2229 συμφυλετῶν,
2455 2157 2652 2224 καθὼς
2694 2159 2794 2212 καί
2836 2156 3006 2210 αὺτοί
3053 2153 3176 2210 ὑπὸ
3224 2149 3344 2206 τῶν

1773 2240 2070 2295 Ἰουδαίων
2111 2241 2230 2295 τῶν
2278 2242 2378 2296 καί
2429 2242 2534 2295 τὸν
2573 2242 2796 2310 Κύριον
2837 2235 3344 2298 ἀποκτεινάντων,

1762 2324 1859 2377 καί
1891 2321 2048 2392 ἡμᾶς
2075 2325 2435 2378 κωλυόντων
2485 2323 2612 2390 τοῖς
2661 2323 2867 2377 ἔθνεσι
2906 2319 3203 2389 λαλῆσαι,
3245 2317 3350 2371 ἵνα

1764 2405 2062 2461 σωθῶσιν.
2105 2406 2343 2478 Ἐτέροις
2375 2407 2432 2460 δέ
2478 2408 2639 2460 πάλιν
2663 2406 2892 2478 γράφων
2927 2404 3100 2468 οὕτως
3125 2402 3311 2471 ἔλεγεν
3330 2419 3346 2434 ο

1780 2489 2325 2559 Ἀναμιμνήσκεσθε
2374 2491 2481 2556 τὰς
2529 2487 2822 2557 προτέρας
2858 2487 3107 2557 ἡμέρας,
3144 2485 3214 2539 ἐν
3253 2479 3352 2550 αἷς

1767 2571 2165 2640 φωτισθέντες
2193 2571 2436 2640 πολλὴν
2474 2571 2738 2639 ἄθλησιν
2761 2570 3120 2640 ὑπεμείνατε
3158 2570 3353 2634 παθη-

1764 2652 1991 2723 μάτων,
2039 2655 2440 2725 τινώσκοντες
2478 2653 2717 2721 ἑαυτοῖς
2749 2652 3062 2721 κρείττονα
3087 2648 3357 2718 ὕπαρξιν

1771 2737 1842 2792 ἐν
1901 2737 2201 2807 οὐρανοῖς,
2274 2737 2372 2792 καί
2437 2737 2780 2810 μένουσαν.
2856 2733 3012 2800 Εἶδες
3072 2734 3358 2804 δυνάμεως

1774 2820 2080 2894 ὑπερϐολὴν
2116 2819 2212 2876 τοῦ
2237 2821 2412 2875 ταῦτα
2443 2820 2854 2892 ἐργασαμένου;
2911 2819 2987 2872 Ού
3034 2817 3144 2890 γάρ
3197 2818 3362 2888 μόνον

1774 2903 1873 2958 οὐκ
1905 2904 2173 2976 ἠθύμουν,
2224 2904 2347 2958 οὑδέ
2381 2903 2540 2974 μόνον
2581 2903 2683 2956 οὐκ
2727 2901 3002 2955 ἐθλίϐοντο
3041 2900 3218 2955 ταῦτα
3247 2899 3358 2960 πάι-

1778 3003 2018 3059 σχοντες,
2060 2987 2199 3042 ἀλλὰ
2234 2988 2330 3042 zeal
2364 2986 2608 3058 ἐχαιρον,
2649 2985 2944 3059 ἐσκίρτων,
2975 2984 3212 3056 ἐπήδων.
3248 2983 3367 3044 Kal

1779 3073 1908 3145 περὶ
1931 3073 2028 3144 μὲν
2052 3071 2259 3127 τούτων
2289 3065 2442 3134 οὗτος
2469 3069 2645 3124 ταῦτα
2675 3068 2845 3137 λέγει,
2869 3067 2952 3121 ὅτι
2973 3065 3073 3138 τὴν
3096 3066 3367 3138 δήμευσιν

1777 3157 1878 3228 τῆς
1901 3155 2090 3220 οὐσίας
2123 3154 2246 3225 μεθ’
2273 3154 2470 3226 ήδονῆς
2498 3151 2783 3218 ἐδέξαντο·
2831 3149 2960 3224 περί
2991 3150 3050 3204 δὲ
3078 3147 3188 3206 τῶν
3216 3149 3366 3204 διδαοι

1782 3239 1996 3294 σκάλων
2031 3240 2061 3292 ὁ
2093 3238 2310 3302 Λουκᾶς
2358 3238 2417 3290 ἐν
2463 3238 2528 3308 τῇ
2569 3235 2678 3290 τῶν
2727 3233 2987 3306 Πράξεων
3045 3231 3233 3304 βίδλῳ,
3281 3235 3371 3294 ὅτι

1783 3322 2125 3394 ὑπέστρεφον
2163 3322 2228 3376 ἐκ
2269 3317 2696 3393 προσώπουντοῦ
2749 3316 3029 3389 συνεδρίου
3059 3315 3370 3396 χαίροντες,

1783 3406 1867 3460 δτι
1893 3403 2313 3476 κατηξιώθησαν
2372 3403 2514 3474 ὑπὲρ
2545 3401 2640 3455 τοῦ
2683 3401 2949 3472 ὀνόματος
2988 3398 3083 3452 τοῦ
3127 3398 3374 3470 Χριστοῦ

1785 3488 2171 3561 ἀτιμασθῆναι.
2197 3487 2333 3559 Περί
2361 3487 2420 3542 δέ
2447 3483 2643 3540 ἐαυτοῦ
2666 3485 2827 3539 πάλιν
2852 3484 2881 3537 ὁ
2903 3482 3146 3546 Παῦλος⁸
3177 3482 3376 3551 Χαίρω

1786 3572 1857 3627 ἐν
1903 3571 2031 3637 τοῖς
2087 3570 2401 3640 παθήμασι
2455 3586 2598 3640 μου,
2660 3567 2761 3621 καί
2801 3563 3245 3633 ἀνταναπληρῶ
3301 3566 3380 3626 τὰ

1787 3655 2169 3726 ὑστερήματα
2196 3654 2314 3708 τῶν
2335 3654 2601 3722 θλίψεων
2618 3651 2725 3705 τοῦ
2745 3648 3086 3718 Χριστοῦὲν
3107 3646 3182 3717 τῇ
3195 3646 3376 3715 σαρκί

1783 3757 1924 3810 μου.
1958 3739 2068 3792 Kal
2092 3738 2146 3791 τί
2175 3736 2499 3808 θαυμάζεις,
2527 3737 2577 3788 εἰ
2606 3737 2701 3788 zeal
2732 3735 2825 3788 ἐπὶ
2869 3732 3196 3803 παθήμασιν
3223 3730 3378 3801 ἐχαις

1793 3838 1908 3896 ρεν,
1943 3822 2078 3874 ὃπου
2105 3837 2170 3888 γε
2203 3821 2300 3873 zeal
2333 3819 2564 3872 θάνατον
2605 3816 2819 3888 μέλλων
2855 3815 3152 3885 ὑπομένειν
3183 3812 3245 3866 ού
3281 3811 3376 3896 μό-

1795 3893 1882 3958 νον
1935 3902 2178 3974 ἔχαιρεν,
2225 3901 2362 3955 ἀλλὰ
2396 3901 2491 3954 καὶ
2523 3901 2649 3963 τοῦς
2701 3896 2953 3970 μαθητάς
2980 3897 3061 3959 εἰς
3090 3893 3384 3952 κοινωνίαν

1792 3987 1891 4057 τῆς
1911 3984 2252 4058 εὐφροσύνης
2290 3983 2494 4046 ἐκάλει,
2543 3977 2777 4064 ὅπερῗῆν
3021 3976 3372 4064 ὑπερβαλλόνῖ

1794 4087 1902 4134 τως
1932 4067 2367 4141 εύφραινομένης
2405 4065 2606 4136 ψυχῆς,
2648 4063 2792 4116 οὕτω
2817 4058 3020 4130 λέγων’
3061 4059 3254 4128 Χαίρω
3282 4058 3384 4115 καί

1797 4153 2103 4224 συγχαίρω
2118 4150 2312 4205 πᾶσιν
2330 4147 2490 4218 ὑμῖν,
2509 4148 2576 4202 τὸ
2594 4146 2662 4200 δὲ
2681 4145 2829 4200 αὐτὸ
2846 4144 2946 4198 καί
2967 4142 3136 4212 ὑμεῖς
3149 4143 3384 4213 χαίρετε

1799 4235 1899 4290 καί
1930 4232 2290 4305 συγχαίρετέ
2318 4250 2441 4302 μοι.
2468 4231 2534 4284 Τί
2562 4229 2808 4300 γέγονεν,
2840 4227 2981 4290 εἰπέ,
3009 4227 3091 4280 ὃτι
3109 4226 3387 4297 τοσαύτης

1799 4318 2134 4390 ἐνεπλήσθης
2167 4319 2376 4390 χαράς;
2427 4315 2590 4385 Ἐγὼ,
2629 4315 2794 4386 φησὶν
2815 4353 2831 4376 ,
2879 4309 2998 4380 ἤδη
3027 4309 3388 4380 σπένδομαι,

1799 4402 1897 4456 καί
1945 4405 1979 4458 ό
2015 4401 2221 4470 καιρὸς
2267 4397 2376 4467 τῆς
2421 4395 2571 4468 ἐμῆς
2622 4396 2977 4460 ἀναλύσεως
3025 4391 3383 4462 ἐφέστηκεν.

1849 4570 1928 4624 ιδ’.
1943 4568 2100 4624 Οὕτω
2110 4566 2290 4620 τοίνυν
2302 4563 2612 4634 ᾠκοδόμουν
2625 4560 2722 4633 τὴν
2736 4557 3009 4629 πανταχοῦ
3025 4557 3384 4633 Ἐκκλησίαν.

1802 4654 1994 4708 Καίτοι
2023 4668 2087 4720 γε
2115 4653 2294 4720 τοῖχον
2311 4647 2408 4700 ἕνα
2424 4645 2598 4708 οὐδεὶς
2623 4642 2690 4697 ἂν
2707 4641 2963 4712 δυνηθείη
2993 4640 3371 4720 οἰκοδομῆσαι,

1800 4737 1890 4793 διὰ
1915 4735 2063 4789 λίθου
2079 4730 2450 4790 καὶάσσέστου
2472 4725 2738 4788 συντιθεὶς
2763 4725 2862 4795 τὴν
2884 4723 3198 4794 οἰκοδομὴν,
3226 4723 3389 4777 ἐλαυη

1803 4821 2046 4890 νόμενος,
2073 4815 2444 4884 κωλυόμενοςο
2483 4801 2631 4864 οὗτοι
2665 4806 2724 4861 δέ
2755 4805 3086 4878 Ἐκκλησίας
3116 4805 3386 4870 τοσαύτας

1805 4899 2081 4974 πανταχοῦ
2101 4899 2202 4969 τῆς
2222 4893 2546 4966 οἰκουμένης
2567 4892 2945 4974 ᾠκοδόμησαν,
2973 4890 3388 4974 κατακοπτόμε-

1803 5004 1906 5051 νοι,
1923 4972 2303 5054 δεσμούμενοι,
2319 4977 2665 5047 διωκόμενοι,
2685 4973 3134 5045 φυγαδευόμενοι,
3152 4972 3389 5047 δημευάς

1809 5085 1981 5141 μενοι,
2001 5062 2448 5138 μαστιγούμενοι,
2478 5058 2862 5130 σφαττόμενοι,
2887 5057 3191 5141 καιόμενοι,
3214 5072 3387 5109 καταο

1807 5139 2178 5221 ποντιζόμενοι
2209 5145 2347 5220 μετὰ
2373 5143 2482 5198 τῶν
2518 5141 2797 5216 μαθητῶνο
2832 5141 2926 5196 zeal
2945 5139 3300 5212 ᾠκοδόμησαν
3321 5141 3388 5196 οὺ

1806 5236 1893 5295 διὰ
1916 5235 2098 5298 λίθων,
2131 5231 2268 5290 ἀλλὰ
2291 5229 2379 5284 διὰ
2417 5227 2607 5299 ψυχῶν
2657 5225 2753 5284 zeal
2800 5224 3195 5297 προαιρέσεων,
3246 5224 3388 5300 ὅπερ

1807 5317 2208 5388 δυσκολώτερον
2239 5310 2424 5385 πολλῷ
2460 5310 2552 5365 τοῦ
2587 5309 2675 5363 διά
2713 5306 2878 5363 λίθων
2904 5305 3275 5377 οἰκοδομῆσαι.
3305 5305 3386 5363 Οὐ

1809 5407 1918 5476 γάρ
1977 5404 2126 5456 ἐστιν
2179 5400 2292 5453 ῐσον
2353 5394 2624 5449 συνθεῖναι
2672 5394 2886 5476 τοῖχον,Δ
2924 5391 3018 5444 καὶ
3064 5388 3243 5476 ψυχὴν
3293 5389 3389 5476 ἐπι

1809 5472 2085 5549 τοσούτοις
2115 5482 2328 5556 χρόνοις
2362 5478 2466 5533 ὑπὸ
2491 5476 2761 5548 δαιμόνων
2791 5472 3390 5556 ἐκϐακχευθεῖσανᾉπεῖ-

1815 5589 1905 5625 σαι
1943 5554 2295 5640 μεταστῆναι,
2319 5563 2416 5618 zeal
2447 5563 2545 5633 τῆς
2587 5559 2782 5630 μανίας
2811 5554 3388 5640 ἀποστῆναιέκείνης,

1817 5655 1910 5710 καὶ
1935 5638 2071 5724 πρὸς
2103 5649 2369 5719 τοσαύτην
2413 5645 2585 5699 ἐλθεῖν
2623 5640 3013 5724 σωφροσύνην.
3060 5638 3391 5724 Ἀλλ’-ὅμως

127 5722 446 5812 ρουμένων,
477 5722 610 5799 ’τῶν
661 5722 724 5795 δέ
774 5722 1183 5812 ἀναιρουμένων
1227 5722 1322 5794 καί
1361 5722 1718 5798 ⁷κατακοπτο-
1823 5722 2049 5805 ῐσγυσαν
2075 5735 2272 5809 γυμνοὶ
2303 5731 2397 5786 zeal
2429 5726 2760 5790 άνυπόδετοι,
2795 5723 3150 5800 μονοχίτωνες
3176 5722 3278 5791 τὴν
3302 5725 3387 5785 οἱς
