3866 6226
466 149 573 207 855

473 272 743 338 κουμένην
791 269 1096 339 περιιόντες
1137 270 1386 324 ἃπασαν·
1423 267 1569 342 εἰχον
1607 273 1718 346 γὰρ
1761 275 2050 348 σύμμαχον

469 353 566 406 καὶ
599 350 794 422 βοηθὸν
815 351 914 422 τὴν
940 352 1151 423 ἄμαχον
1170 351 1400 422 δύναμιν
1427 355 1522 409 τοῦ
1565 347 1874 429 εἰρηκότος,
1927 347 2054 412 Ἐνπί

471 435 549 505 τῇ
571 435 755 506 πέτρᾳ
774 437 961 505 ταύτῃ
982 435 1356 507 οἰκοδομήσω
1374 457 1496 506 μου
1521 441 1638 507 τὴν
1669 442 2053 511 Ἐκκλησίαν,

473 521 573 573 καί
604 521 790 574 πύλαι
816 519 965 585 ᾷδου
993 521 1066 574 οὐ
1098 523 1588 590 κατισχύσουσιν
1634 525 1853 592 αὐτῆς.
1903 525 2053 596 Ἀρί-

474 602 686 672 θμησον
722 601 849 670 γοῦν
873 601 1027 655 πόσοι
1055 603 1308 675 τύραννοι
1341 605 1398 670 ἐξ
1431 605 1640 660 ἐκείνου
1680 607 2056 679 παρετάξαντο

474 685 613 755 πρὸς
667 684 857 750 αὐτὴν,
915 685 1072 739 πόσοι
1119 686 1392 758 διωγμοὺς
1431 689 1691 760 ἐκίνησαν
1735 691 2057 761 χαλεπωτά-

473 785 619 832 τους,
641 767 758 832 πῶς
783 769 874 822 τὸν
899 767 1208 841 ἔμπροσθεν
1235 770 1448 824 ἅπαντα
1479 771 1710 826 διέκειτο
1737 773 1925 846 χρόνον
1968 775 2057 828 ὅτε

473 849 732 921 νεόφυτος
775 847 843 922 ἦν
869 854 904 924 ή
931 853 1131 920 πίστις,
1177 854 1266 906 ὅτε
1317 855 1669 927 ἀπαλώτεραι
1721 857 1778 908 αἰ
1826 857 2057 912 διάνοιαι

473 935 582 988 τῶν
605 934 704 987 ἀνθ
714 932 932 1004 ρώπων.

547 1023 627 1072 ιε’.
657 1017 918 1090 ’Έλληνες
938 1010 948 1017 ’
967 1012 1108 1088 ἦσαν
1145 1018 1403 1090 βασιλεῖς,
1429 1019 1756 1090 Αὔγουστος,
1786 1021 2056 1094 Τιϐέριος,

474 1101 654 1166 Γάϊος,
694 1102 908 1174 Νέρων,
945 1100 1374 1168 Οὐεσπασιανὸς,
1407 1104 1588 1168 Τίτος,
1625 1105 1720 1158 καὶ
1756 1108 1874 1176 μετ’
1913 1107 2058 1160 ἐκεῖ·

474 1201 566 1238 νον
594 1184 833 1248 ἅπαντες
848 1185 952 1248 ἓως
965 1185 1070 1239 τῶν
1083 1185 1178 1238 τοῦ
1209 1185 1481 1259 μακαρίου
1503 1188 1914 1242 Κωνσταντίνου
1933 1189 2060 1261 χρό-

475 1286 582 1322 νων
614 1268 708 1321 τοῦ
741 1267 1005 1338 βασιλέως
1027 1283 1041 1296 ·
1075 1269 1170 1322 καὶ
1194 1269 1398 1332 πάντες
1425 1264 1571 1324 οὗτοι
1603 1272 1652 1323 οἱ
1687 1272 1785 1341 μὲν
1815 1272 2056 1337 ἔλαττον,

475 1354 526 1404 οἰ
554 1352 612 1406 δέ
638 1350 995 1422 σφοδρότερον
1019 1351 1321 1420 ἐπολέμουν
1340 1352 1440 1424 τὴν
1485 1351 1835 1424 Ἐκκλησίαν,
1867 1353 2058 1408 ἐπολέ-

478 1451 617 1508 μουν
641 1436 686 1489 δ’
702 1430 796 1489 οὖν
827 1436 977 1505 ὅμως
1006 1436 1265 1498 ἀπαντες.
1289 1436 1352 1488 Εἰ
1377 1435 1434 1488 δέ
1453 1452 1597 1500 τινες
1613 1437 1793 1491 αὐτῶν
1814 1438 1908 1493 καὶ¹
1936 1440 2063 1509 ήσυ-

479 1519 668 1588 χάζειν
690 1517 896 1582 ἔδοξαν,
927 1517 1056 1571 αὐτὸ
1075 1516 1232 1570 τοῦτο
1249 1517 1310 1570 τὸ
1326 1519 1452 1582 τοὺς
1472 1517 1853 1588 βασιλεύοντας
1892 1538 2062 1575 κατα-

478 1605 668 1675 δήλους
684 1598 933 1657 εἰναιέπὶ
963 1601 1206 1672 ἀσεϐείᾳ,
1247 1601 1502 1666 ὑπόθεσις
1534 1603 1786 1674 πολέμων
1816 1605 2058 1672 ἐγίνετο,

479 1689 588 1741 τῶν
603 1687 778 1744 ἄλλων
802 1685 1208 1740 κολακευόντων
1233 1685 1454 1748 αὐτοὺς,
1474 1684 1886 1758 θεραπευόντων
1907 1688 1965 1740 ἐν
1984 1686 2062 1757 τῷ

476 1775 578 1842 τῆς
616 1770 946 1841 Ἐκκλησίας
977 1768 1220 1839 πολέμῳ.
1257 1767 1398 1820 Ἀλλ’
1430 1769 1579 1838 ὅμως
1617 1773 1789 1824 πᾶσαι
1819 1765 1979 1824 αὗται
2007 1771 2064 1823 αἰ

479 1853 760 1920 ἐπιϐουλαὶ
787 1855 881 1906 καὶ
898 1853 1074 1921 ἔφοδοι
1091 1851 1334 1925 ἀράχνης
1353 1851 1716 1924 εὐκολώτερον
1731 1853 2064 1924 διεσπάσθη-

480 1955 601 2005 σαν,
636 1935 848 1991 καπνοῦ
895 1935 1090 1989 θᾶττον
1126 1933 1472 2006 διελύθησαν,
1516 1937 1797 2006 κονιορτοῦ
1832 1936 2062 2008 ταχύτε-

481 2038 574 2092 ρον
595 2018 890 2092 παρῆλθον.
924 2018 1002 2071 Δι’
1034 2014 1110 2072 ὧν
1139 2017 1249 2087 7&9
1269 2017 1691 2082 ἐπεϐούλευσαν,
1721 2020 1888 2074 πολὺν
1922 2036 2066 2092 μαρ-

479 2105 656 2177 τύρων
682 2105 840 2174 χορὸν
870 2101 1260 2174 ἐργασάμενοι,
1295 2103 1390 2156 καὶ
1425 2102 1550 2166 τοὺς
1582 2102 1887 2166 ἀθανάτους
1916 2103 2066 2156 ἐκεί-

478 2208 602 2254 νους
616 2191 715 2260 τῆς
737 2177 1064 2257 Ἔκκλησίας
1086 2183 1316 2254 ἀφέντες
1337 2184 1662 2256 θησαυροὺς,
1675 2187 1803 2250 τοὺς
1819 2186 2064 2250 στύλους,

479 2275 605 2336 τοὺς
634 2273 894 2344 πύργους,
921 2269 1040 2339 ούχὶ
1067 2267 1267 2334 ζῶντες
1294 2268 1476 2338 μόνον,
1511 2269 1646 2322 άλλά
1687 2269 1782 2323 καὶ
1811 2269 2065 2340 τελευτή-

483 2375 675 2421 σαντες
712 2355 952 2427 μεγάλης
973 2353 1244 2422 ώφελείας
1264 2355 1373 2416 τοῖς
1411 2351 1636 2424 ὕστερον
1669 2352 1924 2415 ὑπόθεσις
1945 2352 2065 2421 ἐγέ-

481 2459 651 2495 νοντο,
682 2438 834 2502 Εἰδες
868 2437 1226 2508 προρρήσεως
1263 2434 1437 2504 ἰσχὺν,
1466 2434 1575 2489 Καὶ
1597 2436 1783 2489 πύλαι
1815 2434 1964 2502 ᾅδου
1993 2437 2065 2488 οὐ

484 2524 969 2593 κατισχύσουσιν
999 2517 1222 2587 αῠτῆς;
1269 2517 1402 2571 Ἀπὸ
1447 2516 1651 2571 τούτων
1681 2518 1905 2570 πίστευε
1939 2518 2067 2587 περὶ

487 2607 590 2662 τῶν
619 2605 940 2677 μελλόντων,
971 2601 1065 2657 καὶ
1091 2602 1171 2654 δτι
1201 2601 1378 2664 οὐδεὶς
1421 2600 1597 2654 αὐτῶν
1644 2601 1953 2672 περιέσται.
2001 2599 2064 2652 Εἰ

484 2686 596 2757 7&9
615 2686 705 2739 ὅτε
729 2683 786 2750 ἐξ
812 2681 1008 2750 ὀλίγων
1035 2680 1374 2751 συνεστήκει,
1405 2680 1495 2732 ὅτε
1521 2679 1874 2750 καινοτομίας
1891 2679 2065 2733 ἐδόκει

484 2763 624 2822 εἶναι
660 2765 722 2819 τδ
768 2765 1019 2834 πρᾶγμα.
1065 2759 1154 2813 ὅτε
1202 2759 1476 2828 νεοπαγὴς
1515 2761 1548 2830 ἡ
1581 2759 1918 2821 διδασκαλία,
1977 2761 2066 2814 ὅτε

484 2838 726 2901 τοιοῦτοι
767 2844 815 2896 οἰ
855 2839 1116 2910 πόλεμοι,
1176 2837 1272 2892 καὶ
1319 2837 1576 2890 τοσαῦται
1627 2839 1683 2891 αἰ
1730 2838 2066 2910 πανταχόθεν

483 2920 977 2995 ἀναρριπιζόμεναι
1036 2915 1227 2995 μάχαι,
1277 2915 1376 2968 οὐκ
1406 2915 1653 2995 ἰσχυσαν,
1710 2918 1771 2970 οὐ
1817 2924 2068 2985 περιεγέ-

484 2994 655 3064 νοντο,
700 2998 880 3069 πολλῶ
923 2994 1124 3067 μᾶλλον
1155 2995 1254 3066 τὴν
1289 2994 1614 3065 οἰκουμένην
1649 2995 1868 3050 ἃπασαν
1905 3013 2069 3049 κατα-

485 3080 754 3151 λαϐούσης
785 3077 953 3147 αὐτῆς
982 3073 1076 3128 καὶ
1107 3073 1270 3126 τόπον
1310 3072 1545 3138 ἅπαντα,
1579 3073 1675 3127 καὶ
1695 3074 1819 3146 ὅρη.
1847 3075 1942 3128 καὶ
1972 3076 2069 3129 νά-

485 3179 618 3227 πας,
651 3161 746 3214 καὶ
789 3153 1029 3228 βουνούς.
1076 3154 1184 3206 Kal
1231 3152 1339 3220 7&9
1385 3153 1479 3205 καὶ
1518 3151 1810 3217 θάλατταν,
1851 3152 1945 3207 καὶ
2000 3151 2070 3206 τὰ

487 3242 578 3310 ὕφ’
623 3239 758 3310 ἡλίῳ
807 3235 1037 3307 κείμενα
1090 3231 1219 3301 ἐθνη
1255 3232 1432 3284 πάντα
1480 3231 1775 3310 κατέλαϐε,
1825 3234 1919 3286 καὶ
1968 3231 2070 3301 τῆς

487 3309 740 3380 ἀσεϐείας
781 3315 860 3376 εἰς
904 3311 1119 3379 ὀλίγους
1161 3310 1444 3378 προϐἀσης
1476 3309 1684 3372 λοιπὸν,
1716 3311 1810 3363 καὶ
1845 3310 2067 3380 βωμῶν,

491 3398 584 3452 καὶ
612 3395 776 3457 ναῶν,
796 3393 891 3446 καὶ
916 3389 1172 3450 εἰδώλων,
1201 3389 1297 3441 καὶ
1322 3389 1538 3442 πάντων
1557 3388 1944 3460 ἀνῃρημένων,
1976 3391 2071 3443 καὶ

490 3474 714 3547 ἐορτῶν,
756 3472 851 3525 καὶ
883 3467 1137 3530 τελετῶν,
1173 3469 1269 3547 καὶ
1297 3467 1507 3547 καπνοῦ
1547 3469 1648 3547 καὶ
1689 3468 1937 3547 κνίσσης,
1976 3469 2071 3522 καὶ

492 3542 849 3623 πανηγύρεων
888 3548 1116 3617 ἐναγῶν.
1140 3545 1266 3605 Πῶς
1295 3542 1389 3599 οὗν
1413 3545 1665 3599 τοσοῦτον
1699 3545 1793 3600 καὶ
1818 3547 2070 3618 τηλικοῦ·-

490 3650 582 3687 τον
605 3631 859 3702 πρᾶγμα,
900 3626 1040 3697 μετά
1069 3623 1345 3702 τοσούτων
1375 3624 1713 3702 κωλυμάτων
1760 3625 1853 3678 καὶ
1897 3627 2071 3695 πέρας

496 3700 813 3780 έσχενόῦτω
832 3703 1106 3780 λαμπρὸν,
1126 3701 1225 3780 καὶ
1252 3701 1476 3780 ἔκϐασιν
1488 3700 1659 3780 1579]
1687 3703 2072 3780 μαρτυροῦσαν

492 3776 836 3858 τῇάληθείᾳ,
865 3785 914 3835 εἰ
947 3782 1020 3852 μὴ
1051 3779 1172 3834 θεία
1209 3795 1294 3841 τις
1345 3777 1688 3858 καὶ-άμαχος
1738 3780 1966 3850 δύναμις
2004 3776 2072 3852 ἦν

492 3855 586 3922 τοῦ
630 3855 804 3919 ταῦτα
857 3859 1209 3932 προειπόντος
1259 3857 1353 3910 καὶ
1395 3855 1743 3922 τελέσαντος;
1793 3859 1979 3922 Οὐδεὶς
2006 3858 2073 3913 ἂν

494 3948 632 4020 πρὸς
657 3943 830 3998 ταῦτα
850 3940 1118 4020 ἀντείποι,
1142 3939 1191 3991 εἰ
1216 3937 1292 4020 μή
1325 3937 1532 4020 σφόδρα
1557 3953 1641 4020 τις
1677 3936 1792 3990 τῶν,
1815 3937 2077 4020 “zumpt.

492 4014 599 4081 νων
657 4023 754 4078 καὶ
811 4018 1180 4090 ἐξεστηκότων
1232 4016 1338 4087 εἴη,
1404 4016 1498 4090 καί
1550 4014 1660 4068 τῶν
1710 4017 1853 4070 κατά
1910 4015 2074 4086 φύσιν

493 4102 936 4175 ἀπεστερημένος
984 4088 1218 4168 φρενῶν.
1263 4095 1376 4164 Οὐχ
1422 4088 1583 4175 αῦται
1621 4093 1680 4147 δὲ
1723 4093 1923 4175 μόνονζ
1938 4094 2076 4175 ἀλλά

494 4185 590 4238 καὶ
635 4171 822 4251 ἕτεραι
863 4178 1197 4250 προρρήσεις
1245 4172 1714 4251 ἀνακηρύττουσιν
1759 4171 1926 4226 αὑτοῦ
1975 4173 2073 4244 τὴν

494 4262 711 4333 άμαχον
732 4250 984 4328 δύναμιν.
1009 4255 1119 4308 Kal
1149 4252 1259 4325 7&9
1286 4254 1512 4333 προεῖπε
1544 4251 1614 4304 τὰ
1644 4250 1906 4333 μέλλοντα
1933 4252 2074 4333 μετὰ

495 4330 755 4410 ἀληθείας
778 4337 998 4406 ἀπάσης
1024 4333 1119 4386 καὶ
1143 4333 1222 4395 εἰς
1254 4330 1404 4392 τέλος
1425 4330 1606 4410 ἤγαγε
1627 4347 1642 4361 ο
1673 4331 1768 4384 καὶ
1793 4330 2074 4410 ἀμήχανόν

494 4437 550 4474 τι
577 4407 854 4471 διαπεσεῖν
880 4415 992 4468 τῶν
1036 4412 1164 4481 παρ’
1197 4410 1407 4463 ἐκείνου
1453 4407 1772 4478 λεχθέντων,
1815 4408 1930 4462 ἀλλ’
1980 4409 2102 4462 εύ-·

495 4496 796 4568 κολώτερον
842 4494 942 4565 τὴν
980 4491 1083 4563 γῆν
1121 4487 1722 4568 ἀφανισθῆναι-καὶτὸν
1750 4487 1999 4568 οὐρανὸν,
2037 4487 2072 4559 ἢ

495 4575 602 4629 τῶν
651 4565 912 4646 ῥημάτων
939 4588 992 4624 τι
1021 4569 1129 4624 τῶν
1162 4567 1372 4646 ἐκείνου
1423 4565 1520 4646 καὶ
1561 4565 1668 4646 τῶν
1714 4567 2075 4646 προρρήσεων

495 4643 816 4724 ἐλεγχθῆναι
843 4649 1054 4721 ψευδῶς
1074 4645 1384 4719 εἰρημένον.
1421 4643 1512 4696 Διὸ
1544 4643 1639 4724 καὶ
1667 4643 1828 4724 αὐτὸς
1851 4643 2077 4724 καὶλπρδ

495 4732 596 4802 τῆς
624 4721 741 4784 ’τῶν
778 4728 1119 4801 πραγμάτων
1158 4724 1438 4786 ἐκϐάσεως
1487 4721 1647 4802 τοῦτο
1693 4721 1826 4776 αὐτὸ
1875 4721 2072 4794 δηλῶν,

495 4801 639 4864 οὕτω
689 4809 878 4876 σαφῶς
918 4806 1236 4876 ἀπεφήνατο
1294 4804 1421 4874 περὶ
1457 4801 1567 4855 τῶν
1607 4801 1912 4872 εἰρημένων
1943 4802 2074 4874 παρ’

496 4887 684 4948 αὐτοῦ,
712 4887 914 4955 λέγων’
961 4885 1014 4936 '0
1039 4882 1294 4950 οὐρανὸς
1321 4882 1418 4934 καί
1448 4881 1483 4947 ἡ
1517 4879 1591 4951 γῆ
1615 4880 2073 4948 παρελεύσεται,

497 4969 551 5021 οἰ
580 4965 647 5018 δὲ
668 4966 836 5034 λόγοι
855 4980 973 5034 μου
1001 4964 1073 5018 οὐ
1096 4961 1182 5031 μὴ
1213 4961 1574 5032 παρέλθωσι.
1601 4959 1713 5013 Καὶ
1745 4958 1893 5030 μάλα
1931 4959 2077 5013 εἰκό-

497 5060 625 5108 τως.
666 5043 741 5098 Οὐ
783 5044 893 5114 γὰρ
925 5041 1074 5110 λόγοι
1112 5041 1270 5105 εἰσιν,
1319 5039 1456 5093 ἀλλὰ
1494 5037 1631 5092 Θεοῦ
1685 5038 1854 5108 λόγοι,
1897 5038 2076 5109 έργων

496 5122 844 5194 δημιουργοί’
883 5121 1025 5174 οὕτω
1066 5120 1158 5174 τὸν
1204 5117 1431 5190 οὐρανὸν
1471 5119 1745 5188 ἐποίησεν,
1777 5117 1918 5172 οὕτω
1977 5119 2076 5190 τὴν

496 5204 622 5274 γῆν,
653 5201 796 5255 οὓτω
814 5200 914 5272 τὴν
939 5199 1230 5266 θάλασσαν,
1259 5197 1401 5252 οῦτω
1445 5197 1533 5249 τὸν
1567 5195 1748 5266 ἥλιον,
1779 5195 1920 5250 οῦτω
1949 5200 2076 5261 τοῦς

495 5281 606 5335 τῶν
664 5280 912 5349 ἀγγέλων
970 5278 1196 5350 δήμους,
1247 5276 1390 5330 οὕτω
1443 5276 1541 5339 τὰς
1593 5275 1758 5340 άλλας
1816 5276 2077 5348 ἀοράτους

496 5361 774 5432 δυνάμεις.
821 5359 932 5413 Kal
983 5358 1143 5411 τοῦτο
1172 5356 1344 5427 σαφὲς
1373 5353 1543 5408 ποιῶν
1571 5357 1600 5409 ό
1635 5356 1921 5428 Προφήτης
1961 5355 2078 5408 ἕλε-

394 5485 406 5498 .
497 5455 622 5509 γεν*
669 5438 864 5503 Αὐτὸς
891 5433 1041 5500 εἶπε,
1078 5435 1176 5489 καί
1205 5433 1604 5505 ἐγενήθησαν.
1640 5437 1821 5502 αὐτὸς
1859 5434 2077 5488 ἐνετει-

493 5523 664 5582 λατο,
697 5518 796 5572 καὶ
841 5517 1234 5584 ἐκτίσθησαν,
1265 5514 1394 5586 περὶ
1431 5515 1610 5585 πάσης
1648 5512 1781 5584 ὁμοῦ
1831 5514 1929 5583 τῆς
1963 5513 2078 5565 κτί-

499 5613 659 5659 σεως,
688 5597 786 5666 τῆς
819 5595 949 5659 ἀνω,
981 5596 1079 5664 τῆς
1099 5595 1269 5657 κάτω,
1298 5593 1398 5663 τῆς
1427 5594 1708 5664 αἰσθητῆς,
1736 5593 1835 5662 τῆς
1857 5594 2070 5663 νοερᾶς,

496 5677 594 5745 τῆς
622 5677 679 5728 ἐν
708 5674 940 5744 σώματι,
971 5675 1070 5745 τῆς
1099 5675 1390 5745 ἀσωμάτου
1430 5673 1603 5728 ταῦτα
1644 5673 1835 5742 λέγων.
1866 5672 2071 5737 Ἴηὶδειξε

501 5753 601 5814 μὲν
633 5748 745 5819 οῦν,
775 5755 911 5820 ὅπερ
941 5753 1111 5824 έφθην
1151 5754 1339 5823 εἰπὼν,
1367 5754 1462 5809 καὶ
1487 5755 1519 5823 ὴ
1546 5753 1674 5822 περὶ
1713 5754 1812 5821 τῆς
1847 5751 2074 5822 Ἐκκλη-

1154 153 1214 210 δ.
1252 150 1542 210 JOANMS
1577 154 2072 214 CHRYSOSTOMI
2108 159 2438 220 ARCHIEP.
2475 163 3034 226 CONSTANI'INOP.
3118 178 3120 180 ’

3637 173 3734 231 8‘51

2157 278 2276 364 σίας
2309 283 2766 364 προαναφώνησις
2806 287 2908 360 τῆς
2958 287 3216 361 ἀληθείας
3257 287 3450 353 αὐτοῦ,
3472 287 3581 359 τῆς
3614 307 3737 364 προ-

2154 359 2324 441 νοίας,
2350 363 2451 432 τῆς
2473 366 2831 438 ἁγαθότητος,
2868 359 2980 440 τῆς
3024 359 3351 441 κηδεμονίας
3387 368 3452 422 τὸ
3491 359 3736 440 μέγεθὸς.

2155 438 2246 492 τὸν
2273 439 2459 509 δγκον,
2485 444 2586 516 τὴν
2619 438 2948 518 ὑπερϐολήνζ

2229 518 2324 598 ις’.
2344 521 2480 592 Φέρε
2495 519 2588 576 οῦν
2600 524 2694 576 καὶ
2711 525 2906 596 ἑτέραν
2919 527 3221 598 πρόρρησιν
3236 526 3742 597 μεταχειρισώμεθα

2157 594 2251 648 τοῦ
2275 598 2428 668 ήλίου
2465 601 2666 676 μᾶλλον
2693 594 3134 675 διαλάμπουσαν,
3160 594 3255 658 καί
3282 594 3386 676 τῆς
3399 594 3636 669 ἀκτῖνος
3658 623 3745 673 φα·

2157 676 2465 754 νερωτέραν
2509 675 2694 745 οὖσαν,
2737 683 2832 734 καὶ
2887 684 2994 752 πρὸ
3038 683 3138 752 τῆς
3182 675 3438 736 ἁπάντων
3485 683 3742 754 κειμένην

2157 749 2478 834 δψεως,κα“ι
2511 757 2714 822 πάσαις
2758 762 2878 824 ταῖς
2914 749 3053 832 μετά
3087 749 3262 815 ταῦτα
3295 764 3511 830 γενεαῖς
3543 749 3742 834 παρεκ-

2157 833 2498 912 τεινομένην,
2540 835 2731 908 ῶσπερ
2758 839 2853 892 καὶ
2879 839 2980 910 τὴν
3007 841 3302 912 προτέραν.
3342 839 3608 893 Τοιαῦται
3630 833 3744 911 γάρ

2160 909 2326 991 αὑτοῦ
2351 913 2422 991 αἱ,
2441 916 2775 987 προρρήσεις
2796 918 2853 970 αἰ
2877 909 3114 984 πλείους.
3144 909 3219 974 σὺ
3244 919 3422 990 χρόνῳ
3442 919 3558 991 γάρ
3589 909 3747 990 περα-

2158 988 2374 1044 τοῦνται
2404 990 2614 1064 βραχεῖ,
2655 995 2776 1048 οὐδὲ
2807 998 2886 1060 εἰς
2933 997 3064 1066 μίαν
3102 988 3478 1052 συντελοῦνται
3526 988 3746 1065 γενεάν.

2159 1066 2296 1121 ἀλλά
2325 1071 2460 1124 πᾶσι
2485 1075 2600 1135 τοῖς
2626 1072 2935 1145 ἀνθρώποις
2970 1077 3084 1139 τοῖς
3112 1092 3173 1129 τε
3210 1071 3350 1143 οὖσι,
3389 1077 3506 1138 τοῖς
3543 1092 3608 1129 τε
3637 1076 3750 1128 ἐσο-

2163 1147 2348 1215 μένοις
2372 1145 2548 1213 αὗθις.
2583 1154 2699 1216 τοῖς
2729 1154 2848 1222 μετ’
2869 1154 3133 1218 ἐκείνους,
3165 1158 3258 1210 καὶ
3293 1158 3407 1218 τοῖς
3444 1153 3591 1224 μετά
3631 1155 3750 1207 τού-

2159 1241 2289 1290 τους
2323 1230 2483 1284 πάλιν
2517 1231 2610 1284 καὶ
2640 1231 2744 1295 ἕως
2767 1231 2868 1302 τῆς
2906 1233 3216 1298 συντελείας
3236 1232 3753 1304 παρεκτεινομένοις
3831 1269 3839 1285 ι

2162 1306 2298 1359 πᾶσι
2323 1309 2622 1380 παρέχουσι
2651 1312 3089 1382 καταμανθάνειν
3125 1312 3226 1382 τῆς
3253 1312 3461 1376 οἰκείας
3493 1311 3754 1381 ἀληθείας
3831 1319 3839 1338 ‘

2160 1382 2260 1453 τὴν
2283 1386 2458 1457 ἰσχὺν,
2482 1388 2670 1463 ὥσπερ
2697 1389 2790 1447 οὖν
2834 1392 2930 1446 καὶ
2965 1394 2998 1463 ή
3045 1392 3310 1462 προτέρα.
3350 1392 3463 1444 Kal
3491 1390 3609 1460 7&9
3649 1389 3754 1445 ἀπὸ

2161 1465 2264 1553 τῆξ
2311 1467 2528 1553 ἡμέρας
2559 1459 2898 1553 ἦςζέρρήθην
2933 1459 3112 1553 ,μ’έκρὶ
3160 1459 3260 1539 τῆς
3302 1459 3634 1553 σννῖεέείάς,
3661 1468 3754 1553 ῖσῖ
3829 1464 3839 1480 ’

2164 1543 2380 1608 αἰῶνος,
2401 1546 2602 1618 ἔστηκε
2635 1548 2830 1620 βεϐαία
2860 1551 2956 1604 καὶ
2994 1549 3275 1620 ἀκίνητος,
3326 1548 3588 1612 ἀνθοῦσα,
3618 1547 3756 1618 λάμ-

2164 1637 2362 1684 πουσα,
2389 1625 2512 1678 καθ’
2539 1627 2777 1698 ἐκάστην
2809 1628 3138 1699 ἀκμάζουσα
3176 1628 3275 1699 τὴν
3305 1629 3549 1698 ἡμέραν,
3582 1626 3753 1691 αὐξα-

2163 1702 2393 1773 νομένη,
2453 1706 2590 1775 πρὸς
2652 1707 2876 1777 μείζονα
2932 1706 3244 1761 ἐπιδιδοῦσα
3299 1706 3572 1776 δύναμιν,
3622 1709 3754 1760 πᾶσι

2165 1781 2481 1850 παρέχουσα
2515 1785 2630 1847 τοῖς
2675 1785 2732 1852 ἐξ
2781 1787 2990 1840 ἐκείνου
3039 1787 3202 1858 μέχρι
3233 1785 3334 1855 τῆς
3367 1784 3462 1837 τοῦ
3511 1785 3753 1856 Χριστοῦ

2165 1861 2466 1937 παρουσίας
2497 1864 2777 1934 ἐσομένοις
2805 1866 2874 1919 τὰ
2910 1867 3145 1937 μέγιστα
3181 1863 3530 1936 καρποῦσθαι
3562 1863 3625 1928 ἐξ
3664 1864 3757 1917 αι’)-

2164 1936 2263 2016 τῇς
2290 1939 2492 2007 ἀγαθά,
2518 1943 2611 1995 καὶ
2638 1944 2844 2010 ἄφατον
2871 1936 3172 2016 δρέπεσθαι
3200 1946 3300 2015 τὴν
3324 1943 3623 2014 ὠφέλειαν.
3650 1944 3758 1996 Kal

2165 2013 2274 2096 γὰρ
2296 2018 2391 2071 καὶ
2420 2019 2470 2072 οἰ
2497 2021 2604 2092 πρὸ
2629 2023 2808 2094 ήμῶν,
2841 2013 2935 2077 καὶ
2961 2026 3010 2078 οἱ
3043 2024 3150 2096 πρὸ
3179 2013 3425 2084 ἐκείνων,
3454 2023 3555 2074 καὶ
3576 2022 3630 2073 οἰ
3653 2022 3757 2092 πρὸ

2163 2092 2370 2148 τούτων
2415 2092 2693 2170 ἀνωτέρω,
2759 2092 3099 2169 ἐπέγνωσαν
3135 2101 3306 2172 αὐτῆς
3352 2102 3454 2170 τὴν
3498 2098 3756 2169 δύναμιν.

2163 2173 2291 2236 τοὺς
2325 2175 2425 2244 μὲν
2452 2177 2724 2248 πολέμους
2753 2179 2988 2250 ὁρῶντες
3034 2179 3289 2242 ἐπιόντας
3327 2179 3489 2251 αὐτῇ,
3518 2181 3617 2232 καὶ
3635 2180 3759 2242 τοὺς

2166 2252 2446 2319 κινδύνους
2490 2258 2586 2310 καὶ
2627 2257 2729 2322 τάς
2766 2260 3029 2330 ταραχάς,
3071 2261 3198 2323 τοὺς
3229 2257 3494 2330 θορύϐους
3553 2257 3651 2312 καὶ
3695 2259 3761 2310 τά

2167 2330 2388 2403 κύματα
2437 2336 2531 2389 καὶ
2571 2337 2700 2400 τοὺς
2745 2339 3054 2409 χειμῶνας·
3111 2338 3281 2408 αὐτὴν
3323 2338 3379 2390 δὲ
3425 2335 3674 2408 ὁρῶντες
3700 2338 3757 2389 ού

2166 2413 2724 2486 καταποντιζομένην,
2767 2417 2828 2468 ού
2864 2416 3199 2488 νικωμένην,
3239 2416 3300 2469 ού
3349 2414 3756 2486 κρατουμένην.

2166 2490 2228 2541 οὐ
2251 2490 2643 2564 σϐεννυμένην,
2685 2495 2821 2548 ἀλλὰ
2863 2495 3156 2562 ἀνθοῦσαν,
3191 2494 3600 2564 αὐξανομένην,
3628 2493 3757 2567 πρὸς

2169 2568 2354 2637 μεῖζον
2407 2570 2542 2640 ὕψος
2581 2573 2959 2644 ἐγειρομένην.
3013 2574 3126 2628 Kal
3172 2573 3311 2644 αῦτη
3355 2573 3436 2639 δέ,
3478 2575 3550 2643 ἦν
3586 2572 3756 2642 μέλλω

2166 2645 2263 2700 νῦν
2297 2651 2464 2720 ἐρεῖν,
2492 2650 2719 2722 τοιαύτη
2746 2654 2828 2717 τίς
2857 2653 3006 2707 ἐστιν
3035 2655 3117 2717 εἰς
3154 2654 3213 2706 τὸ
3242 2653 3412 2717 δεῖξαι
3463 2651 3640 2706 αὐτοῦ

2171 2727 2325 2796 ἰσχὺν
2348 2731 2444 2782 καὶ
2477 2732 2578 2802 τὴν
2617 2732 2875 2803 ἀλήθειαν
2903 2731 3013 2786 τῶν
3046 2732 3374 2804 εἰρημένων.
3407 2731 3508 2794 Τίς
3533 2730 3596 2784 δέ
3620 2732 3755 2784 ἐστιν

2167 2805 2342 2878 αῦτη;
2377 2809 2650 2865 Εἰσελθὼν
2701 2828 2833 2864 ποτε
2877 2812 2960 2876 εἰς
3005 2811 3096 2864 τὸν
3142 2810 3269 2866 ναὸν
3299 2811 3393 2863 τὸν
3441 2810 3751 2870 Ἰουδαϊκὸν,

2168 2886 2435 2942 ἀνθοῦντα
2459 2890 2581 2944 τότε
2611 2891 2706 2944 καὶ
2733 2891 2916 2963 πολλῷ
2943 2889 3209 2946 πάντοθεν
3257 2889 3755 2959 καταλαμπόμενον

2167 2965 2247 3036 τῷ
2274 2969 2482 3039 χρυσίῳ
2508 2969 2602 3023 καὶ
2630 2969 2814 3024 κάλλει
2837 2972 2932 3025 καὶ
2964 2969 3184 3041 μεγέθει
3201 2967 3526 3038 οἰκοδομῶν,
3571 2967 3753 3037 ἔχοντα

2169 3046 2264 3124 καὶ
2292 3047 2391 3116 τὴν
2419 3047 2586 3120 ἄλλην
2625 3049 2843 3103 ἃπασαν
2881 3050 3033 3124 [580]
3077 3047 3453 3109 πολυτέλειαν,
3505 3048 3616 3119 τὴν
3656 3048 3750 3100 ἀπὸ

2167 3123 2270 3193 τῆς
2299 3126 2516 3198 τέχνης,
2543 3127 2642 3198 τὴν
2668 3129 2777 3182 ἀπὸ
2803 3128 2903 3198 τῆς
2927 3123 3079 3201 ὕλης,
3116 3131 3211 3183 καὶ
3235 3127 3343 3180 τῶν
3375 3126 3652 3198 μαθητῶν
3673 3129 3752 3179 ἐκ·

2170 3205 2576 3277 πληττομένων,
2597 3208 2649 3261 τί
2682 3225 2879 3279 φησιν;
2911 3211 3033 3278 Οὐχ
3074 3207 3247 3277 ὁρᾶτε
3288 3205 3481 3260 ταῦτα
3519 3205 3751 3267 mina;

2183 3285 2362 3355 Ἀμὴν
2394 3288 2552 3358 λέγω
2582 3289 2746 3358 ὑμῖν,
2784 3291 2857 3343 οὐ
2877 3287 2964 3357 μὴ
2985 3289 3165 3356 μείνῃ
3189 3281 3305 3340 ὦδε
3328 3287 3507 3350 λίθος
3539 3284 3645 3338 ἐπὶ
3674 3285 3752 3336 .ιί-

2171 3366 2310 3419 θον·
2343 3366 2442 3437 τὴν
2470 3368 2610 3437 μετὰ
2623 3367 2798 3422 ταῦτα
2835 3367 3001 3437 αὑτοῦ
3037 3365 3397 3435 κατασκαφὴν
3431 3363 3644 3434 δηλῶν,
3668 3363 3752 3432 τὴν

2173 3443 2580 3517 πανωλεθρίαν,
2615 3447 2716 3518 τὴν
2761 3446 3022 3517 ἐρημίαν,
3053 3445 3115 3499 τδ
3157 3444 3401 3517 ἐρείπιον
3443 3444 3509 3495 τὸ
3552 3442 3655 3495 νῦν
3705 3445 3753 3492 ἐν

2183 3521 2615 3594 Ἰεροσολύμοις·
2648 3523 2748 3577 καὶ
2777 3524 2886 3596 γὰρ
2922 3525 3164 3593 ἐρείπιον
3202 3526 3387 3577 ἐκεῖνα
3419 3521 3493 3575 τά
3528 3523 3752 3592 λαμπρὰ

2172 3603 2268 3654 καὶ
2294 3605 2567 3676 περιφανῆ
2609 3605 2832 3672 γέγονεν
2867 3605 3277 3675 οἰκοδομήματα
3315 3604 3564 3656 ἅπαντα.
3618 3601 3753 3662 Εἶδες

2172 3679 2231 3732 ἐν
2260 3680 2506 3752 ἐκατέρῳ
2539 3681 2780 3752 μεγάλην
2804 3682 2968 3735 αὑτοῦ
2999 3683 3092 3736 καὶ
3125 3682 3332 3750 ἄφατον
3356 3681 3459 3751 τὴν
3493 3681 3680 3748 ἰσχὺν,
3706 3681 3755 3730 ἐν

2173 3757 2252 3828 τῷ
2272 3759 2398 3823 τοὺς
2427 3759 2832 3831 θεραπεύοντας
2876 3760 3037 3814 αὑτὸν
3083 3760 3382 3831 οἰκοδομεῖν
3427 3759 3527 3810 καὶ
3557 3759 3755 3825 αὔξειν,

2173 3835 2232 3888 ἐν
2253 3836 2331 3909 τῷ
2355 3837 2482 3902 τοὺς
2517 3838 3029 3910 προσκεκρουκότας
3051 3840 3131 3902 εἰς
3153 3837 3314 3892 αὐτὸν
3341 3835 3647 3890 ταπεινοῦν
3673 3837 3759 3888 καὶ

2172 3914 2382 3969 ὀλλύειν
2413 3918 2504 3971 καὶ
2539 3918 2873 3991 προρρίζους
2904 3919 3184 3988 ἀνασπᾷνς
3237 3916 3372 3969 Ούδὲ
3425 3914 3543 3987 γὰρ
3578 3910 3650 3985 ἦν
3677 3914 3760 3967 οὐ·
3837 3961 3839 3972 .

2172 3991 2360 4065 δαμῶς
2397 3995 2426 4047 ὀ
2470 3995 2597 4060 ναὸς
2648 3997 2908 4061 τοιοῦτος,
2962 3996 3086 4050 οὐδὲ
3142 3993 3316 4058 οὕτως
3357 3993 3632 4064 ἀοίδιμος,
3671 3994 3762 4047 καὶ

2173 4075 2443 4147 τοσαύτης
2473 4075 2763 4130 ἀπολαύων
2791 4075 3108 4147 θεραπείας.
3133 4076 3195 4129 Οἰ
3217 4073 3325 4146 7&9
3351 4072 3638 4144 πανταχοῦ
3665 4074 3763 4142 γῆς

2173 4152 2449 4217 οἰκοῦντες
2497 4154 2758 4221 Ἰουδαῖοι,
2811 4156 2906 4210 καὶ
2953 4155 3091 4226 πρὸς
3131 4155 3272 4208 αὐτὰ
3295 4155 3394 4225 τῆς
3428 4154 3537 4222 γῆς
3563 4151 3636 4206 τά
3665 4153 3764 4204 πέ·

2177 4249 2333 4303 ρατα,
2369 4234 2549 4286 ἐκεῖσε
2589 4235 2918 4304 ἀφικνοῦντο
2944 4234 3006 4288 τὺ
3032 4234 3280 4294 παλαιὸν,
3326 4233 3477 4302 δῶρα
3527 4233 3630 4286 καὶ
3672 4232 3765 4285 θυ-

2175 4310 2299 4374 σίας
2333 4313 2430 4364 zeal
2476 4314 2793 4384 προσφορὰς
2841 4314 2937 4368 καὶ
2976 4313 3234 4384 ἀπαρχὰς
3265 4311 3362 4366 καὶ
3393 4310 3575 4364 πολλὰ
3602 4312 3766 4383 ἕτερα

2176 4389 2455 4460 φέροντες,
2497 4393 2594 4446 καὶ
2620 4392 2700 4463 τῷ
2731 4394 2831 4465 τῆς
2870 4391 3196 4462 οἰκουμένης
3231 4389 3448 4459 πλούτῳ

2175 4471 2360 4535 ζοντες
2388 4471 2479 4524 τὸν
2517 4470 2645 4526 ναόν
2663 4488 2677 4504 ο
2730 4472 2826 4526 καὶ
2853 4471 3056 4536 πάντες
3088 4473 3206 4526 ἐκεῖ
3232 4467 3525 4541 συνέρρεον
3555 4471 3610 4523 οἰ
3637 4489 3763 4524 παν-

2173 4549 2401 4620 ταχόθεν
2446 4549 2688 4604 Ἰουδαῖοι
2717 4549 3069 4622 προσήλυτοι,
3101 4551 3196 4605 καὶ
3227 4547 3363 4602 πολὺ
3392 4544 3462 4619 ἦν
3491 4548 3566 4602 τὸ
3594 4549 3763 4621 δνομα

2173 4629 2268 4682 τοῦ
2299 4629 2488 4695 τόπου,
2524 4628 2659 4699 πρὸς
2683 4629 2851 4694 αὒτάς
2879 4630 2977 4699 τῆς
3014 4627 3336 4700 οἰκουμένης
3362 4627 3461 4689 τὰς
3496 4629 3762 4698 ἐσχατιάς

2176 4707 2396 4777 φθάνον.
2452 4708 2592 4763 Ἀλλ’
2625 4708 2684 4763 ἐν
2731 4709 2884 4782 ρῆμα
2913 4707 3010 4761 τοῦ
3043 4707 3279 4779 Χριστοῦ
3337 4705 3518 4759 πάντα
3576 4707 3762 4760 ἐκεῖνα

2175 4787 2410 4858 ἠφάνισε
2448 4789 2545 4842 καὶ
2582 4787 2855 4854 ἀπώλεσε,
2895 4788 2991 4843 καὶ
3043 4785 3234 4858 ὥσπερ
3267 4784 3549 4856 κονιορτὸν
3578 4785 3646 4837 ἐκ

2177 4883 2272 4920 σου
2323 4866 2580 4938 γενέσθαι
2635 4865 2862 4937 ἐποίησε
2881 4881 2899 4898 ο
2956 4864 3054 4920 καὶ
3115 4863 3245 4919 ἔνθα
3295 4863 3421 4917 οὐδὲ
3483 4863 3766 4926 Ἰουδαίοις

3835 4187 3839 4242 1

2176 4948 2372 5014 ἅπασι,
2404 4945 2605 5018 μᾶλλον
2632 4943 2690 4999 δέ
2724 4944 2846 4999 οὐδὲ
2881 4945 2996 5010 τοῖς
3037 4940 3246 5015 ἱερεῦσι
3291 4942 3481 5006 πᾶσιν,
3519 4940 3644 4994 ἀλλ’
3690 4943 3766 4994 ἐνὶ
3837 5005 3839 5008 7

2180 5025 2328 5098 μόνῳ
2359 5025 2439 5096 τῷ
2473 5023 2574 5097 τὴν
2603 5023 3015 5097 ἀρχιερωσύνην
3064 5022 3282 5093 λαχόντι
3327 5021 3562 5075 εἰσιέναι
3613 5021 3763 5093 ἐξῆν.

2177 5105 2274 5159 καὶ
2301 5103 2464 5160 τοῦτο
2489 5103 2639 5170 ἀπαξ
2664 5103 2758 5158 τοῦ
2781 5100 3031 5158 ἐνιαυτοῦ
3063 5103 3225 5172 μόνον
3254 5099 3392 5172 μετά
3431 5100 3636 5171 στολῆς
3674 5101 3766 5156 καὶ

2178 5184 2457 5255 στεφάνων
2485 5184 2580 5239 καὶ
2612 5181 2830 5256 μίτρας,
2872 5183 2966 5237 καὶ
3002 5181 3198 5253 ἐτέρας
3238 5179 3382 5244 τινὸς
3433 5179 3671 5251 ἐσθῆτος
3700 5183 3766 5233 ἰε-

2181 5265 2301 5337 ρᾶς,
2335 5265 2431 5320 νῦν
2461 5264 2559 5319 καὶ
2592 5263 2813 5335 πόρνοις
2846 5263 2942 5317 καὶ
2977 5260 3243 5332 μαλακοῖς
3295 5260 3392 5314 καὶ
3429 5260 3765 5330 ήταιρηκόιτι

2177 5343 2271 5414 καὶ
2295 5345 2504 5414 μοιχοῖς
2532 5341 2740 5410 ἔξεστιν
2764 5341 3084 5401 ἐπιϐαίνειν,
3121 5339 3218 5393 καὶ
3238 5339 3268 5392 δ
3296 5337 3526 5392 κωλύων
3556 5338 3763 5402 οὐδείς·

2175 5411 2237 5476 τὸ
2261 5411 2370 5496 7&9
2391 5411 2546 5494 ρῆμα
2578 5425 2756 5477 ἐκεῖνο
2788 5421 3012 5475 ἐπελθὸν
3033 5419 3210 5474 πάντα
3227 5419 3454 5490 ἠφάνισε
3484 5419 3588 5471 καὶ
3607 5421 3766 5473 κατέ·

2176 5500 2333 5580 λυσε·
2362 5503 2460 5558 καὶ
2495 5502 2750 5558 τοσοῦτον
2784 5503 2938 5573 μένει
2971 5498 3065 5555 τοῦ
3096 5498 3248 5565 ναοῦ,
3277 5500 3400 5554 ὅσον
3430 5497 3607 5565 δεῖξαι
3638 5501 3766 5554 ἔνθα
3833 5523 3839 5580 ε

2178 5577 2247 5654 ἦν
2276 5583 2305 5634 ὁ
2334 5581 2461 5646 ναὸς
2485 5581 2549 5635 τὸ
2578 5582 2826 5637 παλαιόν.

2270 5675 2552 5743 Ἐννόησον
2575 5673 2756 5728 τοίνυν
2797 5673 2974 5745 πόσης
2997 5673 3094 5728 καὶ
3129 5671 3288 5725 τοῦτο
3338 5672 3653 5745 δυνάμεως.
3708 5674 3758 5724 0-3

2181 5751 2290 5824 7&9
2316 5753 2555 5808 τοσαῦτα
2603 5753 2945 5822 δυνηθέντες,
3000 5754 3094 5809 καὶ
3143 5751 3313 5806 ἐθνῶν
3364 5753 3462 5808 καὶ
3494 5760 3760 5838 βχσιλέων
