3866 6226
162 166 267 220 833

165 306 312 356 enim
339 297 773 354 commilitantem
802 295 918 363 ejus
942 295 1190 349 virtutem
1210 334 1224 359 ,
1249 294 1338 363 qui
1366 294 1498 348 dixit
1526 310 1540 346 :
1570 293 1738 362 Super

163 392 293 442 hanc
319 399 510 458 petram
531 385 791 455 azdiﬁcabo
817 383 1093 438 Ecclesium
1116 400 1275 436 meam
1297 423 1313 449 ,
1339 393 1385 437 et
1411 393 1570 453 porta:
1590 383 1739 453 inferi

164 496 265 531 non
292 475 626 544 prconlebunt
642 474 878 528 adversus
904 490 1013 527 eam
1036 472 1244 544 (Matth.
1269 472 1356 527 16.
1377 472 1489 542 18).
1510 471 1739 526 Numera

163 573 296 635 quot
321 565 529 636 tyranni
553 565 620 619 ab
645 564 736 617 illo
760 571 1001 632 tempore
1025 562 1279 617 adversus
1304 562 1447 617 illam
1468 562 1737 617 instruxe-

169 668 292 713 runt
324 660 490 712 aciem
514 698 530 722 ,
560 664 688 726 quot
713 655 1047 724 gravissimas
1076 656 1509 724 persequutiones
1536 656 1737 710 excita-

170 754 326 803 runt:
346 764 451 818 quo
472 748 522 802 in
544 758 682 802 statu
704 748 832 803 fides
856 746 1012 802 fuerit
1032 755 1142 801 toto
1168 748 1276 810 illo,
1298 746 1439 818 quod
1462 746 1733 816 praeteriit,

171 847 412 906 tempore
435 854 448 890 :
472 837 681 907 quando
705 852 891 892 recens
920 837 1150 905 plantata
1176 845 1292 892 erat
1312 878 1327 903 ,
1354 836 1565 908 quando
1586 845 1735 893 teneo

170 928 344 984 tiores
367 935 518 982 erant
544 927 813 982 hominum
846 935 1068 983 mentes.

247 1020 333 1072 15.
358 1018 693 1088 Imperatores
714 1036 881 1073 omnes
901 1031 1074 1072 contra
1096 1018 1403 1073 Christianos
1425 1019 1604 1074 bellum
1626 1024 1738 1091 fru-

176 1117 280 1159 stra
296 1118 636 1177 susceperunt.
656 1137 728 1147 —
743 1092 861 1162 (ἕθιῖ
862 1108 981 1163 tiles
1005 1121 1153 1163 erant
1179 1109 1547 1178 Imperatores,
1566 1110 1742 1179 Augu-

175 1208 307 1265 stus,
325 1198 587 1264 Tiberius,
605 1188 779 1263 Caius,
797 1198 958 1263 Nero,
976 1198 1351 1267 Vespasianus,
1370 1199 1536 1264 Titus,
1556 1208 1610 1254 et
1629 1209 1747 1269 post

175 1289 319 1342 illum
349 1304 533 1343 omnes
564 1304 727 1358 usque
752 1289 818 1342 ad
857 1298 1064 1358 tempus
1101 1290 1241 1345 beati
1279 1288 1605 1345 Consantini
1635 1291 1739 1344 lm-

178 1378 473 1446 peratoris;
500 1393 785 1447 omnesque
813 1378 908 1442 illi,
935 1378 1021 1431 alii
1048 1380 1241 1441 minus,
1269 1379 1355 1433 alii
1379 1380 1743 1434 vehementius

179 1467 469 1523 Ecclesiam
505 1469 909 1538 oppugnabant;
936 1470 1307 1538 oppugnabant
1336 1480 1509 1524 tamen
1535 1485 1743 1525 omnes.

176 1557 326 1623 Quod
354 1557 399 1612 si
426 1559 512 1628 qui
540 1573 722 1613 eorum
750 1558 846 1613 visi
878 1567 1002 1613 sunt
1030 1559 1208 1613 mitius
1235 1573 1411 1629 agere,
1445 1558 1548 1614 hoc
1575 1560 1745 1629 ipsum

179 1661 352 1705 tamen
379 1651 518 1721 quod
546 1651 895 1721 Imperatores
928 1651 1101 1720 palam
1122 1652 1173 1704 in
1201 1651 1465 1721 impietate
1488 1652 1744 1718 viverent,

178 1741 395 1795 materia
418 1740 671 1795 bellorum
694 1749 827 1805 erat,
844 1755 964 1796 cum
987 1741 1097 1805 alii,
1115 1742 1203 1810 qui
1224 1742 1351 1809 ipsis
1370 1740 1744 1807 adulabantur,

175 1831 395 1897 gratiam
427 1830 637 1884 illorum
665 1839 938 1899 captantes
964 1830 1211 1885 Ecclesiae
1242 1829 1436 1885 bellum
1468 1829 1745 1884 inferrent.

176 1926 427 1976 Attamen
460 1937 645 1976 omnes
673 1921 974 1991 hujusmodi
999 1922 1203 1976 insidiae
1232 1931 1389 1991 atque
1413 1923 1656 1976 incursus
1676 1921 1751 1974 fa-

177 2014 331 2066 cilius
366 2027 522 2082 quam
563 2027 771 2067 aranea:
810 2012 914 2067 tela
948 2013 1187 2081 dissipati
1220 2022 1376 2079 sunt,
1402 2015 1556 2068 citius
1594 2028 1750 2082 quam

180 2103 353 2156 t'umus
381 2104 538 2157 soluti
568 2112 713 2170 sunt,
748 2104 985 2158 velocius
1015 2119 1173 2175 quam
1202 2105 1370 2174 pulvis
1407 2106 1750 2160 transierunt.

178 2192 309 2245 Nam
349 2208 468 2247 cum
508 2193 712 2247 insidiis
752 2194 861 2249 suis
898 2194 1154 2263 majorem
1194 2205 1485 2266 martyrum
1529 2197 1751 2252 chorum

174 2283 471 2350 ell'ecerint,
494 2285 929 2356 immortalesque
954 2285 1072 2340 illos
1094 2285 1345 2341 Ecclesiae
1371 2287 1644 2341 thesauros
1670 2303 1752 2341 re-

180 2375 464 2442 liquerint,
494 2376 769 2430 columnas
811 2385 969 2446 atque
1008 2385 1182 2431 turres
1206 2416 1223 2443 ,
1256 2377 1331 2431 illi
1373 2394 1478 2431 non
1518 2378 1754 2431 viventes

180 2465 375 2530 modo,
405 2465 497 2520 sed
534 2465 696 2521 etiam
736 2467 968 2532 mortui,
999 2466 1225 2536 posteris
1266 2482 1471 2537 magna:
1508 2467 1747 2523 utilitatis

181 2558 399 2609 materia
431 2555 549 2610 facti
574 2566 716 2610 sunt.
753 2557 976 2611 Videsne
1003 2558 1105 2609 vim
1140 2556 1530 2625 praedictionis?
1552 2554 1616 2608 Et
1637 2571 1754 2626 por-

180 2654 247 2697 tu?
272 2646 421 2715 inferi
448 2663 546 2700 non
573 2647 903 2715 prmalebunt
931 2647 1166 2700 adversus
1194 2664 1324 2700 eam.
1351 2647 1432 2701 Ab
1460 2646 1545 2702 his
1573 2646 1641 2701 de
1670 2648 1752 2699 fu-

182 2738 314 2791 turis
340 2738 518 2801 crede,
551 2738 747 2792 nullum
778 2739 889 2793 fore
914 2738 1001 2808 qui
1026 2737 1268 2792 obsistat.
1291 2737 1346 2793 Si
1373 2739 1513 2793 enim
1540 2752 1657 2792 cum
1689 2752 1753 2791 ex

180 2830 366 2899 paucis
393 2838 662 2883 constaret
686 2870 703 2896 ,
733 2845 853 2883 cum
885 2842 1018 2883 nova
1045 2844 1131 2883 res
1158 2844 1276 2883 esse
1302 2828 1569 2883 videretur
1591 2869 1606 2893 ,
1633 2844 1754 2881 cum

180 2935 351 2987 nuper
375 2920 602 2988 plautata
623 2919 857 2973 doctrina
881 2928 1043 2983 esset,
1066 2934 1187 2973 cum
1215 2927 1291 2973 tot
1315 2918 1452 2973 bella
1476 2917 1749 2982 instarent,

184 3020 261 3063 tot
288 3009 519 3080 undique
554 3011 835 3064 commissa
862 3010 1041 3079 praelia
1076 3008 1205 3063 nihil
1234 3015 1555 3079 potuerunt,
1584 3022 1755 3076 neque

183 3101 605 3170 prrevaluerunt;
647 3110 846 3170 quanto
896 3100 1062 3169 magis
1106 3113 1246 3153 nunc
1290 3114 1411 3153 cum
1455 3098 1753 3152 universam

182 3202 376 3244 terram
406 3200 626 3260 occupat
646 3231 662 3257 ,
694 3206 1010 3259 omnemque
1050 3190 1244 3254 locum,
1271 3197 1481 3245 montes
1501 3229 1518 3255 ,
1548 3189 1711 3244 saltus
1737 3229 1751 3252 ,

179 3284 382 3347 colles;
419 3284 613 3337 etenim
651 3292 708 3337 et
745 3284 911 3336 maria
949 3291 1002 3336 et
1042 3290 1227 3351 gentes
1263 3282 1362 3337 sub
1401 3282 1516 3337 sole
1554 3267 1753 3351 po$itas

179 3386 369 3425 omnes
401 3371 778 3440 apprehendit;
808 3387 931 3426 cum
969 3372 1211 3441 impietas
1249 3372 1390 3441 apud
1424 3387 1618 3441 paucos
1645 3371 1753 3440 jam

180 3462 456 3526 obtineat,
499 3470 657 3532 atque
698 3477 840 3527 arae,
882 3463 1113 3532 templa,
1153 3462 1290 3516 idola
1330 3463 1506 3516 omnia
1549 3462 1753 3516 sublata

181 3550 398 3615 fuerint,
430 3551 560 3607 festa
586 3553 732 3618 item,
763 3553 1115 3618 initiationes,
1146 3552 1341 3619 fumus,
1372 3553 1525 3607 nidor
1549 3561 1601 3607 et
1630 3569 1754 3622 pro-

182 3643 320 3698 fana:
346 3644 647 3699 conciones.
690 3645 965 3712 Quomodo
997 3645 1155 3715 igitur
1184 3646 1302 3699 talis
1341 3654 1588 3714 tantaque
1630 3660 1714 3699 res
1738 3683 1753 3708 ,

183 3741 263 3785 tot
287 3732 479 3787 oblatis
508 3734 899 3802 impedimentis
922 3774 938 3799 ,
971 3742 1076 3788 tam
1101 3735 1443 3803 conspicuum
1470 3735 1627 3786 finem
1659 3733 1754 3786 ha-

184 3822 379 3887 buerit,
401 3831 455 3876 et
479 3822 675 3876 exitum
703 3822 907 3877 veritati
938 3822 1095 3877 fidem
1121 3821 1421 3885 facientem,
1446 3822 1545 3875 nisi
1569 3822 1749 3875 divina

182 3914 424 3983 qnzedam
452 3923 506 3969 et
531 3914 725 3968 invicta
753 3914 919 3967 virtus
942 3922 1083 3968 esset
1105 3913 1241 3982 ejus,
1265 3913 1354 3983 qui
1382 3915 1494 3966 haec
1516 3913 1757 3982 praedixit

182 4012 238 4055 ct
269 4004 521 4073 perfecit?
550 4004 715 4058 Nemo
744 4018 871 4058 sane
900 4003 980 4057 his
1007 4003 1405 4068 contradixerit,
1437 4004 1536 4057 nisi
1568 4003 1745 4056 admo-

183 4093 311 4146 dum
342 4093 597 4158 insaniat,
630 4108 693 4148 ac
719 4104 894 4150 mente
941 4103 1125 4164 captus
1160 4094 1249 4149 sit.
1284 4093 1464 4163 Neque
1499 4094 1611 4148 haec
1641 4103 1753 4147 tan-

186 4194 299 4238 tum
324 4224 339 4249 ,
367 4184 460 4239 sed
489 4185 648 4239 etiam
678 4185 779 4239 alia
807 4185 1051 4241 vaticinia
1080 4184 1194 4252 ejus
1230 4185 1474 4238 invictam
1506 4184 1755 4237 virtutem

187 4276 561 4345 prmonntiant.
592 4274 719 4328 Nam
745 4290 864 4329 cum
891 4275 1036 4330 omni
1058 4276 1277 4330 veritate
1305 4275 1473 4329 futura
1497 4276 1756 4344 prmdixit.

186 4379 241 4420 et
280 4367 345 4420 ad
389 4368 545 4421 linem
576 4366 835 4431 deduxit,
867 4382 1040 4436 neque
1071 4367 1180 4421 fieri
1210 4375 1383 4437 potest
1410 4376 1465 4420 ut
1492 4367 1757 4435 quidpiam

184 4474 251 4511 ex
295 4457 450 4513 dictis
496 4458 611 4527 ejus
650 4457 876 4513 excidat.
924 4458 1036 4512 lmo
1074 4457 1229 4512 citius
1268 4458 1455 4526 peribit
1491 4458 1677 4512 caelum
1707 4467 1761 4511 et

188 4559 351 4613 terra,
370 4562 526 4617 quam
550 4547 761 4619 aliquod
789 4549 1068 4602 verborum
1098 4555 1188 4601 aut
1216 4547 1609 4617 praedictionum
1638 4549 1752 4617 ejus

185 4637 307 4699 falsi
337 4645 604 4708 arguatur.
633 4638 785 4705 Quod
815 4638 984 4708 ipsum
1026 4638 1116 4693 ille
1142 4648 1264 4692 ante
1302 4653 1476 4691 rerum
1514 4645 1759 4692 eventum

183 4739 473 4794 enuntians
492 4780 509 4805 ,
540 4738 617 4793 sic
659 4738 803 4794 clare
830 4736 898 4792 de
926 4737 1101 4791 verbis
1128 4736 1238 4792 suis
1273 4736 1505 4805 loquitur
1531 4754 1543 4788 :
1570 4736 1762 4792 (Icelum

184 4840 238 4886 et
273 4841 407 4885 terra
448 4830 760 4895 transibunt,
796 4828 942 4882 verba
985 4836 1150 4881 autem
1189 4843 1300 4880 mea
1342 4843 1443 4882 non
1484 4828 1763 4881 transibunt

186 4925 209 4992 (
236 4921 418 4975 Matth.
444 4920 535 4975 ‘24.
564 4918 687 4993 55).
715 4917 876 4988 quue
895 4918 1017 4987 jure
1041 4916 1229 4972 merito
1257 4934 1271 4972 :
1299 4931 1402 4971 non
1430 4916 1572 4972 enim
1602 4918 1762 4972 verba

185 5023 396 5069 talltum
425 5020 568 5078 sunt,
600 5011 692 5066 sed
724 5011 813 5065 Dei
844 5011 1002 5065 verba
1020 5050 1036 5075 ,
1068 5024 1163 5079 per
1189 5024 1307 5079 qua:
1333 5023 1418 5063 res
1446 5007 1759 5062 conduntur.

183 5105 277 5162 Sic
304 5104 495 5160 caelum
520 5101 665 5168 fecit,
697 5102 775 5157 sic
794 5110 1011 5166 terram,
1041 5114 1208 5165 mare,
1233 5098 1420 5164 solem,
1451 5100 1527 5153 sic
1552 5099 1765 5169 angelo-

187 5213 308 5254 rum
336 5197 549 5262 choros,
582 5195 659 5250 sic
684 5193 816 5249 alias
844 5191 1132 5248 invisibiles
1157 5190 1398 5252 virtutes,
1424 5190 1563 5260 quod
1589 5189 1766 5244 decla-

188 5304 316 5346 rans
344 5289 602 5359 propheta
631 5284 841 5341 dicebat
866 5299 880 5337 :
910 5282 1031 5354 Ipse
1057 5282 1206 5350 dixit,
1235 5290 1283 5337 et
1311 5285 1449 5352 facta
1475 5289 1630 5346 sunt;
1659 5281 1766 5349 ipse

190 5379 470 5445 mandarit,
491 5386 538 5432 et
562 5384 729 5431 creata
751 5383 865 5429 sunt
888 5371 1055 5445 (Ptol.
1082 5372 1206 5428 “8.
1231 5371 1285 5441 5)
1314 5389 1328 5427 :
1353 5371 1419 5426 de
1442 5370 1587 5425 omni
1608 5368 1761 5423 simul

162 5472 455 5539 llcreatura,
472 5479 582 5524 tum
605 5482 854 5539 superna,
876 5475 986 5521 tum
1006 5463 1143 5521 infra
1156 5463 1345 5535 posita,
1370 5471 1480 5518 tum
1502 5459 1761 5523 sensibili,

162 5531 181 5600 θ
202 5572 313 5618 tum
328 5531 707 5625 intellectuali',
730 5531 847 5613 tum»
869 5568 1122 5626 corporea
1141 5531 1172 5625 ξ
1187 5563 1295 5610 tum
1326 5554 1633 5625 incorporea
1653 5592 1670 5621 ,
1700 5566 1760 5606 ea

731 176 1005 236 CONTRA
1042 175 1319 233 JUDIEOS
1356 180 1443 235 ET
1480 180 1833 245 GENTILES,
1871 182 2056 249 QUOD
2093 181 2429 239 CHRISTUS
2464 184 2568 239 Sl'l‘
2609 186 2801 241 DEUS.

3306 180 3413 237 854

1848 296 2212 363 pronuntians.
2238 295 2364 351 Illud
2387 297 2543 366 igitur
2562 298 2629 353 de
2650 300 2882 355 Ecclesia
2905 301 3207 356 vaticinium
3231 312 3408 357 osten-

1842 386 1937 448 dit,
1959 392 2013 437 ut
2036 400 2191 453 supra
2222 386 2351 452 dixi,
2376 388 2632 453 veritatis,
2662 389 3027 459 providentiaz,
3054 392 3303 446 bonitatis
3321 408 3419 446 cu-

1844 490 2021 543 neque
2045 474 2159 543 ejus
2182 476 2592 545 magnitudinem
2621 488 2676 532 et
2703 480 3098 535 excellentiam.

1915 562 2003 618 16.
2042 565 2155 632 Age
2191 580 2318 635 ergo
2355 573 2410 621 et
2448 566 2603 621 aliam
2645 569 3040 639 praedictionem
3084 578 3372 626 tractemus
3394 610 3413 635 ,

1846 667 1964 723 quae
1988 655 2100 709 sole
2130 654 2199 708 sit
2222 656 2436 721 clarior,
2464 658 2729 727 radiisque
2752 659 2869 729 ejus
2892 660 3240 731 splendidior,
3269 676 3413 731 qua:-

1845 759 1948 813 que
1976 753 2098 799 ante
2124 746 2361 801 omnium
2391 749 2575 803 oculos
2603 751 2704 804 sita
2724 791 2739 814 ,
2767 750 2834 805 ad
2871 766 3059 806 omnes
3086 750 3291 806 futuras
3317 767 3412 821 ge-

1846 836 2146 889 nerationes
2170 838 2500 903 extendatur,
2528 838 2664 894 sicut
2689 849 2742 894 et
2769 840 2929 907 prior.
2957 840 3102 895 Talia
3123 841 3263 895 enim
3288 853 3414 896 sunt

1847 924 2097 995 )leraque
2120 925 2235 994 ejus
2255 928 2499 981 vaticinia
2528 945 2541 981 :
2566 944 2670 983 non
2693 928 2844 984 brevi
2870 940 3107 1000 tempore
3128 933 3418 985 terminau-

1848 1019 1965 1079 tur,
1996 1029 2166 1084 neque
2202 1015 2253 1068 in
2285 1031 2384 1069 una
2414 1017 2755 1085 generatione
2778 1018 3148 1088 complentur;
3175 1019 3269 1074 sed
3297 1033 3417 1074 om-

1847 1102 2004 1157 nibus
2034 1103 2333 1159 hominibus
2353 1147 2368 1171 ,
2398 1115 2507 1159 tum
2536 1108 2834 1164 viventibus
2852 1149 2868 1174 ,
2898 1119 3009 1163 tum
3040 1124 3164 1164 mox
3193 1110 3379 1164 futuris
3397 1149 3418 1176 ,

1851 1200 1962 1247 tum
2000 1195 2339 1263 sequentibus
2365 1237 2381 1262 ,
2413 1206 2467 1250 et
2494 1196 2583 1266 qui
2620 1212 2787 1266 usque
2814 1198 2879 1252 ad
2909 1199 3419 1253 consummationem

1849 1293 2025 1348 erunt,
2051 1286 2286 1339 veritatis
2306 1302 2415 1340 suae
2437 1288 2673 1342 notitiam
2696 1289 2952 1356 praebent,
2974 1289 3419 1359 quemadmodum

1850 1383 1905 1429 et
1932 1378 2077 1444 prius
2105 1377 2427 1431 vaticinium.
2454 1378 2587 1433 Nam
2614 1394 2644 1433 a
2672 1396 2776 1448 qtta
2807 1380 2893 1435 die
2916 1379 3115 1435 dictum
3141 1388 3225 1435 est
3253 1396 3423 1447 usque

1851 1463 1916 1517 ad
1944 1466 2455 1521 consummationem
2482 1469 2660 1523 saeculi
2686 1468 2837 1524 ﬁrma
2860 1470 3182 1539 immotaque
3204 1472 3422 1536 mansit,

1851 1554 2066 1618 florens,
2086 1557 2310 1626 fulgens,
2329 1559 2380 1611 in
2401 1558 2516 1613 dies
2534 1573 2799 1624 crescens,
2814 1560 2932 1630 plus
2952 1561 3157 1615 roboris
3177 1576 3422 1626 sumens,

1852 1652 1905 1698 et
1930 1646 2173 1700 omnibus
2196 1647 2283 1716 qui
2312 1648 2380 1701 ab
2406 1648 2497 1701 illo
2516 1647 2604 1704 die
2623 1662 2788 1719 usque
2812 1649 2877 1703 ad
2908 1649 3112 1702 Domini
3135 1650 3419 1704 adventum

1854 1733 2008 1787 futuri
2058 1746 2182 1790 sunt
2226 1746 2485 1805 praestans
2507 1779 2524 1805 ,
2554 1748 2610 1792 ut
2646 1739 2905 1794 maximos
2936 1740 3056 1793 inde
3094 1741 3330 1803 fructus,
3368 1749 3425 1794 et

1853 1822 2172 1879 ineffabilem
2213 1826 2486 1881 utilitatem
2516 1829 2746 1896 capiant.
2772 1828 2902 1882 Nam
2928 1830 3017 1898 qui
3046 1838 3168 1883 ante
3208 1844 3340 1895 nos,
3370 1839 3426 1884 et

1853 1916 1941 1981 qui
1972 1924 2095 1970 ante
2122 1917 2239 1971 illos
2260 1957 2277 1984 ,
2308 1928 2363 1972 et
2390 1918 2478 1988 qui
2509 1918 2663 1989 longe
2691 1921 2933 1990 superius
2958 1921 3103 1975 fuere
3122 1961 3138 1985 ,
3166 1922 3284 1991 ejus
3312 1922 3423 1975 vir-

1857 2012 2020 2057 tutem
2047 2017 2428 2075 cognoverunt,
2451 2008 2588 2062 bella
2616 2008 2857 2063 videntes
2885 2011 2935 2064 in
2960 2025 3076 2064 eam
3105 2010 3422 2079 ingruentia,

1857 2094 2087 2161 pericula
2106 2134 2122 2159 ,
2150 2095 2400 2149 tumultus
2421 2136 2437 2162 ,
2468 2098 2719 2167 strepitus
2739 2137 2755 2163 ,
2780 2098 2971 2151 ﬂuctus
2994 2137 3010 2163 ,
3039 2107 3380 2168 tempestates
3408 2115 3423 2151 :

1858 2184 2023 2252 ipsam
2060 2200 2188 2239 vero
2215 2201 2386 2255 neque
2414 2187 2491 2241 sic
2519 2188 2808 2258 submergi,
2838 2188 2996 2251 vinci,
3029 2188 3302 2258 superari,
3331 2199 3426 2243 aut

1856 2276 2152 2344 exstingui;
2181 2275 2276 2329 sed
2312 2275 2503 2331 ﬂorere
2524 2318 2540 2343 ,
2568 2292 2810 2332 crescere
2832 2318 2847 2346 ,
2877 2278 2942 2332 ad
2974 2279 3228 2347 majorem
3257 2277 3426 2333 subli-

1859 2367 2091 2420 mitatem
2117 2368 2266 2437 erigi.
2293 2369 2360 2421 Et
2384 2368 2487 2423 hoc
2505 2369 2829 2431 vaticinium,
2855 2368 2996 2439 quod
3022 2384 3163 2424 nunc
3186 2370 3427 2425 dicturus

1857 2472 1993 2516 sum,
2020 2456 2263 2509 idoneum
2291 2465 2373 2509 est
2397 2458 2461 2510 ad
2488 2456 2746 2511 dictorum
2767 2459 2873 2511 vim
2899 2466 2953 2513 et
2978 2458 3252 2519 veritatem
3279 2474 3428 2513 com-

1858 2545 2275 2601 monstrandam.
2312 2546 2586 2614 Quodnam
2628 2558 2709 2603 est
2748 2548 2876 2602 illud
2917 2550 3262 2604 vaticinium?
3295 2552 3429 2607 Cum

1858 2639 2125 2710 ingressus
2152 2642 2435 2704 aliquando
2460 2650 2599 2697 esset
2628 2644 2678 2697 in
2706 2644 2955 2713 templum
2982 2643 3278 2711 Judaicuai,
3302 2654 3429 2700 tunc

1856 2732 2070 2798 florens,
2098 2746 2233 2788 auro
2252 2734 2486 2805 fulgens,
2506 2746 2721 2790 necnon
2744 2732 3137 2803 pulchritudine
3166 2736 3429 2806 magnitu-

1857 2822 2083 2892 dineque
2122 2822 2463 2901 mdiﬂciorum
2486 2864 2504 2891 ,
2539 2824 2639 2878 alia
2678 2839 2888 2894 quoque
2927 2826 3237 2880 instructum
3281 2828 3426 2881 onmi

1856 2911 2063 2965 artiﬁcii
2094 2912 2437 2982 materiaeque
2462 2914 2714 2967 varietate
2733 2952 2747 2979 ,
2776 2913 3088 2969 mirantibus
3115 2914 3389 2983 discipulis
3409 2956 3425 2980 ,

1857 3000 1981 3069 quid
2008 3000 2173 3054 dixit?
2195 3000 2378 3055 Nonne
2400 3001 2574 3055 videtis
2590 3004 2695 3054 haec
2718 3001 2888 3054 omnia
2904 3002 2930 3054 .9
2953 3005 3109 3055 Amen
3133 3002 3246 3055 dico
3267 3004 3432 3070 vobis,

1859 3106 1957 3142 non
1982 3091 2199 3145 manebit
2224 3091 2354 3160 lapis
2379 3106 2532 3159 super
2554 3090 2775 3158 lapidem
2801 3092 2819 3157 (
2842 3090 3028 3144 Matth.
3056 3079 3145 3144 94.
3173 3089 3209 3143 2
3228 3090 3247 3159 )
3264 3129 3279 3154 ,
3309 3093 3433 3161 ejus

1858 3180 2271 3235 destructionem
2296 3179 2525 3235 futuram
2551 3180 2823 3235 declarans
2843 3222 2858 3246 ,
2886 3181 3266 3235 desolationem
3287 3220 3304 3245 ,
3331 3195 3428 3231 va-

1858 3272 2088 3325 stitatem
2107 3310 2123 3335 ,
2151 3272 2356 3325 ruinam
2374 3312 2391 3338 ,
2421 3286 2540 3341 quae
2565 3285 2704 3324 nunc
2727 3269 3070 3341 Jerosolymis
3099 3278 3181 3324 est
3207 3285 3221 3322 :
3249 3269 3426 3323 omnia

1858 3361 1997 3415 enim
2026 3360 2245 3416 aedilicia
2275 3362 2359 3416 illa
2392 3364 2646 3432 praeclara
2674 3363 3062 3431 conspicuaque
3088 3361 3256 3415 diruta
3281 3372 3425 3415 sunt.

1865 3451 2020 3505 Vides
2048 3451 2100 3505 in
2135 3462 2362 3522 utroque
2388 3467 2630 3522 magnam
2666 3462 2720 3506 et
2749 3451 3063 3507 ineffabilem
3093 3452 3209 3522 ejus
3234 3462 3419 3521 poten-

1860 3541 2006 3608 tiam,
2039 3541 2089 3595 in
2115 3556 2180 3596 eo
2205 3542 2346 3612 quod
2378 3556 2437 3598 se
2473 3542 2711 3598 colentes
2742 3543 3083 3597 aediﬁcaverit
3117 3551 3172 3597 et
3203 3543 3431 3607 auxerit,

1857 3640 1911 3683 et
1937 3631 1988 3684 in
2015 3646 2080 3685 eo
2102 3632 2242 3700 quod
2264 3632 2505 3687 inimicos
2528 3648 2653 3686 suos
2678 3633 3061 3697 humiliavcrit,
3087 3632 3431 3697 destruxerit,

1860 3720 2215 3789 radicitusque
2252 3722 2562 3776 sustulerit?
2598 3722 2868 3792 Nusquam
2907 3725 3049 3777 enim
3095 3722 3217 3777 huic
3256 3723 3431 3777 simile

1862 3808 2111 3875 templum
2141 3816 2257 3861 erat
2286 3817 2391 3861 tam
2417 3808 2629 3863 celebre
2649 3849 2667 3874 ,
2700 3819 2845 3865 tanto
2872 3812 3014 3864 cultu
3045 3811 3268 3880 insigne.
3298 3811 3431 3865 Nam

1859 3906 2115 3967 quotquot
2142 3897 2336 3967 ubique
2360 3913 2456 3967 per
2483 3899 2666 3953 orbem
2692 3907 2842 3953 erant
2867 3899 3066 3963 Judaei,
3092 3900 3252 3954 etiam
3279 3915 3331 3954 m
3366 3906 3425 3951 ti-

1861 3990 2014 4043 nihus
2054 3998 2208 4043 terrae.
2238 3990 2415 4057 positi,
2442 3990 2576 4044 istuc
2599 3990 2724 4044 olim
2754 3990 3242 4059 proficiscebantur,
3263 3989 3428 4055 dona,

1864 4080 2081 4147 hostias,
2112 4079 2404 4134 oblationes
2422 4120 2440 4147 ,
2468 4081 2725 4150 primitias
2753 4089 2808 4135 et
2835 4080 2999 4135 multa
3026 4080 3125 4135 alia
3155 4080 3387 4135 ferentes
3409 4123 3430 4145 ,

1862 4170 2113 4240 orbisque
2150 4170 2346 4224 divitiis
2384 4171 2633 4238 templum
2671 4170 3017 4235 decorantes,
3047 4182 3338 4240 omnesque
3364 4186 3430 4224 eo

1865 4259 2094 4329 undique
2117 4259 2455 4315 confluebant
2482 4259 2649 4314 Judaei
2678 4259 2914 4314 advenae.
2941 4259 3159 4314 Multum
3186 4266 3303 4314 erat
3330 4259 3433 4312 loci

1865 4366 2078 4416 nomen,
2108 4357 2164 4405 et
2197 4365 2363 4419 usque
2399 4349 2465 4404 ad
2501 4360 2741 4403 extrema
2777 4349 2921 4403 orbis
2958 4356 3289 4418 pervenerat.
3326 4346 3434 4403 Sed

1867 4459 2026 4496 unum
2055 4441 2251 4497 Christi
2288 4442 2502 4496 verbum
2541 4441 2627 4494 illa
2662 4440 2836 4495 omnia
2867 4440 3061 4495 delevit
3084 4449 3138 4494 et
3164 4439 3434 4509 perdidit,

1864 4550 1927 4588 ac
1960 4543 2224 4605 tamquam
2256 4535 2527 4605 pulverem
2565 4533 2631 4586 de
2668 4532 2840 4586 medio
2874 4532 3104 4586 sustulit.
3133 4532 3209 4585 Ac
3235 4546 3341 4601 quo
3368 4547 3436 4585 ne

1864 4624 2059 4680 .ludzeis
2078 4624 2287 4694 quidem
2306 4624 2568 4687 omnibus,
2589 4623 2693 4676 imo
2708 4637 2806 4677 nec
2824 4620 3207 4685 sacerdotibus,
3224 4619 3321 4676 sed
3336 4621 3432 4673 soli

1864 4730 2073 4770 summo
2095 4714 2353 4770 sacerdoti
2381 4713 2579 4783 ingredi
2609 4712 2819 4780 licebat,
2844 4711 3000 4783 idque
3028 4710 3191 4767 semel
3217 4710 3271 4765 in
3294 4725 3438 4764 anno

1868 4814 2067 4861 tantum
2091 4848 2107 4873 ,
2135 4821 2256 4861 cum
2289 4806 2422 4860 stola
2447 4845 2463 4871 ,
2493 4804 2705 4859 coronis
2741 4812 2796 4858 et
2829 4803 2983 4857 mitra
3004 4842 3019 4868 ,
3048 4801 3260 4872 alioque
3285 4818 3438 4856 sacro

1870 4897 2214 4961 vestimento;
2249 4908 2389 4949 nunc
2413 4902 2466 4948 et
2490 4892 2700 4957 scortis,
2726 4899 2781 4947 et
2808 4891 3057 4947 mollibus
3082 4901 3136 4947 et
3158 4891 3437 4946 eth-mina-

1870 4988 1935 5042 tis
1962 4997 2017 5042 et
2038 4987 2259 5042 mtecbis
2279 4992 2425 5057 patet
2444 4985 2616 5039 aditus
2640 4983 2848 5039 nemine
2872 4983 3204 5053 prohibente.
3227 4982 3361 5037 Nam
3383 4992 3441 5037 ut

1872 5079 2088 5134 verbum
2120 5077 2245 5133 illud
2273 5076 2505 5140 advenit,
2536 5075 2712 5130 omnia
2740 5074 2935 5130 delevit
2962 5082 3015 5130 et
3040 5074 3249 5129 sustulit
3281 5091 3294 5129 :
3321 5084 3437 5126 tau-

1870 5178 2086 5237 tumque
2127 5166 2196 5222 de
2239 5167 2437 5237 templo
2477 5173 2755 5235 superest,
2800 5172 3053 5234 quantum
3088 5164 3218 5219 satis
3256 5172 3340 5217 est
3382 5171 3440 5217 ut

1870 5259 2198 5322 ostendatur,
2226 5258 2439 5313 ubinam
2468 5256 2717 5327 templum
2747 5256 2873 5311 olim
2902 5264 3064 5311 esset.

1937 5351 1971 5405 J
1978 5353 2105 5409 udtei
2117 5352 2354 5423 templum
2363 5360 2642 5406 restaurare
2654 5362 2753 5401 non
2765 5343 3299 5418 potuerunt.—-Cogita
3312 5357 3442 5411 ergo

1870 5456 2082 5517 quantae
2117 5455 2170 5502 et
2197 5446 2298 5501 hoc
2333 5445 2403 5499 sit
2440 5444 2667 5497 virtutis.
2698 5440 2905 5497 Etenim
2930 5438 3019 5508 qui
3047 5436 3173 5491 olim
3203 5443 3309 5488 tam
3342 5450 3437 5501 po-

1875 5549 2046 5595 tentes
2071 5545 2243 5604 erant,
2268 5535 2357 5608 qui
2383 5543 2566 5607 geuth
2590 5541 2643 5590 et
2671 5545 2824 5602 reges
2837 5523 3187 5601 superabant,
3200 5522 3293 5595 qui
3307 5521 3430 5579 abs—
