3866 6226
258 259 368 316 835

260 367 690 439 περιγενόμενοι,
713 368 806 422 καὶ
839 370 1110 439 ἀναιμωτὶ
1135 369 1399 440 πολλαχοῦ
1429 371 1680 441 πολέμων
1702 387 1835 442 κρα-

257 459 544 528 τῆσαντες,
578 459 668 510 καὶ
703 459 937 529 τρόπαια
985 461 1155 530 μυρία
1196 463 1493 532 στήσαντες
1534 463 1695 515 καινά
1743 462 1837 514 καὶ

257 549 558 619 παράδοξα.
593 542 741 602 οὗτοι
769 550 895 602 ναὸν
930 550 1026 603 ’ἐνα
1064 550 1125 614 ἐξ
1155 553 1365 604 ἐκείνου
1399 553 1560 622 μέχρι
1604 553 1703 621 τῆς
1740 553 1836 622 σή-

259 655 427 709 μερον
462 640 816 709 οἰκοδομῆσαι
843 641 942 691 οὐκ
973 640 1200 709 ῐσχυσαν
1221 660 1235 674 ο
1279 644 1373 695 καὶ
1421 643 1596 696 ταῦτα
1645 643 1835 694 τοσού-

258 747 368 782 των
393 731 662 800 βασιλέων
689 731 995 799 γενομένων
1020 734 1112 785 καὶ
1146 734 1607 804 συμπραττόντων
1631 734 1832 797 αὐτοῖς,

259 821 356 872 καὶ
387 820 622 891 πλήθους
650 821 904 874 τοσούτου
956 823 1098 876 κατά
1143 823 1240 894 τὴν
1285 825 1610 894 οἰκουμένην
1677 841 1837 894 κεχυ-

263 913 450 982 μένου,
498 913 592 964 καὶ
637 913 932 983 χρημάτων
987 915 1257 969 τοσούτων
1303 917 1482 979 αὐτοῖς
1531 916 1829 986 παρόντων.

259 998 414 1066 Εἶδες
452 1003 566 1066 πῶς
601 1003 744 1073 ἅπερ
786 995 1156 1076 ᾠκοδόμησεν,
1215 1008 1389 1070 οὐδεὶς
1436 1007 1686 1070 καθεῖλε,
1742 1007 1835 1059 καί

259 1095 404 1164 ειπερ
437 1095 704 1158 καθεῖλεν,
736 1095 909 1159 οὐδεὶς
949 1097 1325 1169 ᾠκοδόμησενς
1373 1099 1699 1169 ᾯκοδόμησε
1735 1099 1834 1169 τὴν

271 1185 618 1256 Ἐκκλησίαν,
647 1189 740 1240 καὶ
777 1188 950 1251 οὐδεὶς
990 1191 1158 1258 αὐτὴν
1201 1189 1447 1243 καθελεῖν
1499 1189 1702 1243 δύναιτ’
1729 1190 1829 1243 ἀν·

261 1277 521 1330 κατέλυσε
542 1278 631 1330 τὸν
657 1279 803 1345 ναὸν,
839 1282 934 1332 καὶ
947 1281 1124 1343 οὐδεὶς
1154 1282 1316 1334 αὑτὸν
1342 1283 1645 1350 ἀναστῆσαι
1674 1281 1834 1334 δύνα-

257 1383 371 1428 ται,
411 1369 503 1420 καὶ
530 1368 702 1422 ταῦτα
747 1373 804 1424 ἐν
843 1372 1019 1444 χρόνῳ
1049 1371 1194 1424 οὕτω
1251 1372 1466 1442 μακρῷ.
1519 1374 1709 1430 Καίτοι
1740 1374 1832 1426 καὶ

257 1457 464 1529 ταύτην
511 1459 758 1513 καθελεῖν
811 1463 1192 1532 ἐπεχείρησαν,
1247 1463 1362 1516 ἀλλ’
1421 1465 1522 1516 οὐκ
1578 1463 1828 1533 ἴσχυσαν·

259 1551 510 1603 κάκεῖνον
554 1552 853 1622 ἀναστῆσαι
912 1554 1268 1617 ἐσπούδασαν,
1317 1555 1433 1608 ἀλλ’
1486 1556 1586 1608 οὐκ
1645 1557 1833 1626 ἐδυνή-

259 1641 327 1711 θη
335 1659 451 1694 σαν.

329 1776 685 1847 Συνεχωρήθη
710 1777 766 1832 δὲ
795 1778 890 1831 καὶ
919 1778 1107 1841 τοῦτο,
1148 1779 1233 1832 ἵνα
1274 1780 1461 1849 μηδεὶς
1488 1779 1582 1850 ἔχῃ
1611 1780 1787 1847 λέγειν
1814 1821 1828 1842 ,

255 1866 340 1918 ὅτι
374 1869 421 1919 εἰ
451 1868 810 1938 ἐπεχείρησαν
833 1907 847 1931 ,
879 1868 1104 1937 ἴσχυσαν
1143 1868 1226 1921 ἄν.
1271 1869 1401 1922 Ἰδοὺ
1437 1870 1567 1937 γοῦν
1591 1871 1684 1922 καὶ
1709 1872 1833 1922 ἐπε-

255 1960 538 2030 χείρησαν,
584 1963 677 2014 καὶ
719 1962 870 2013 οὐδὲν
907 1961 1268 2032 ἠδυνήθησαν.
1301 1962 1409 2013 Καὶ
1441 1961 1549 2030 γὰρ
1588 1961 1683 2012 ἐπὶ
1734 1961 1833 2027 τῆς

254 2053 450 2118 γενεᾶς
475 2053 574 2122 τῆς
607 2054 878 2122 ἡμετέρας
899 2053 926 2104 ό
965 2054 1173 2116 πάντας
1201 2054 1280 2116 εἰς
1307 2053 1557 2106 ἀσέϐειαν
1603 2054 1832 2121 νικήσας

259 2143 512 2213 βασιλεὺς
552 2145 644 2196 καὶ
693 2144 890 2197 ἐδωκεν
941 2145 1188 2208 ἐξουσίαν
1227 2145 1347 2196 τότε
1377 2145 1470 2196 καὶ
1501 2144 1827 2212 συνέπραξε,

257 2239 352 2289 καὶ
393 2237 488 2289 τοῦ
534 2237 694 2308 ἐργου
723 2237 949 2305 ἥψαντο,
984 2238 1077 2289 καὶ
1107 2237 1228 2289 ούδέ
1279 2238 1474 2307 μικρὸν
1513 2237 1831 2308 προσελθεῖν

259 2328 622 2398 ἠδυνήθησαν,
653 2329 786 2382 ἀλλὰ
821 2329 933 2400 πῦρ
954 2330 1060 2382 ἀπὸ
1090 2328 1196 2380 τῶν
1228 2327 1493 2396 θεμελίων
1516 2327 1832 2398 ἐκπηδῆσαν

261 2420 468 2482 πάντας
496 2421 692 2483 αὐτοὺς
724 2421 1022 2491 ἀπήλασεν.
1064 2422 1187 2473 Ὀτι
1219 2421 1275 2473 δὲ
1307 2419 1705 2489 ἠϐουλήθησαν,
1737 2419 1830 2472 καὶ

260 2513 445 2564 τούτου
475 2512 673 2580 δεῖγμά
696 2514 840 2564 ἐστιν
872 2512 975 2574 ἕως
1000 2511 1091 2564 τοῦ
1127 2511 1219 2564 νῦν
1259 2511 1326 2564 τά
1367 2511 1592 2581 θεμέλια
1613 2528 1832 2580 γυμνω-

254 2601 440 2666 θέντα,
479 2602 564 2654 ῖνα
614 2603 779 2672 εἰδῇς,
811 2603 892 2655 ὄτι
921 2603 1284 2672 ἐπεχείρησαν
1313 2603 1411 2672 μὲν
1453 2603 1828 2664 διασκάπτειν,

253 2693 606 2762 οἰκοδομῆσαι
632 2693 687 2745 δέ
713 2694 811 2745 οὐκ
850 2694 1097 2762 ἴσχυσαν,
1136 2692 1237 2760 τῆς
1267 2692 1591 2760 ἀποφάσεως
1627 2691 1831 2759 ταύτης

252 2783 719 2854 ἀντιπραττούσης
751 2785 951 2845 αὐτοῖς.
990 2783 1182 2837 Καίτοι
1211 2800 1275 2851 γε
1306 2784 1398 2836 καὶ
1430 2783 1528 2852 ήδη
1560 2783 1827 2852 κατελύθη

251 2875 284 2926 6
305 2875 429 2936 ναὸς
449 2868 622 2936 οὗτος,
642 2875 733 2926 καὶ
754 2874 891 2943 μετὰ
912 2873 1280 2943 ἐϐδομήκοντα
1295 2872 1387 2943 έτη
1406 2872 1828 2937 ἐπανελθόντων,

254 2964 461 3027 εὐθέως
490 2965 708 3034 ἀνέστη,
745 2966 836 3018 καὶ
880 2965 1253 3034 λαμπρότερος
1309 2963 1401 3016 τοῦ
1451 2964 1714 3034 προτέρου
1741 2964 1828 3030 γὲο

255 3073 380 3124 γονε
401 3070 415 3083 ·
445 3058 536 3109 καὶ
579 3056 796 3124 λέγουσι
833 3057 991 3109 τοῦτο
1011 3097 1024 3120 ,
1057 3055 1206 3127 [581]
1255 3058 1348 3110 καὶ
1381 3056 1829 3126 προαναφωνοῦσι

258 3147 387 3216 πρὶν
421 3146 671 3214 γενέσθαι
713 3149 762 3200 οἱ
794 3148 1090 3216 προφῆται.
1133 3148 1246 3198 Νῦν
1275 3148 1331 3198 δέ
1383 3146 1828 3216 τετρακοσιοστὸν

252 3236 376 3300 ἔτος
408 3237 679 3305 ὑπερέϐη.
723 3238 816 3288 καὶ
844 3237 961 3287 ούδέ
989 3236 1164 3288 ἔννοιά
1203 3253 1308 3296 τις,
1352 3236 1472 3288 ούδέ
1512 3235 1825 3304 προσδοκία,

249 3329 374 3380 ούδέ
402 3327 555 3389 ἐλπὶς
591 3327 684 3379 τοῦ
720 3326 1000 3393 φανεῖσθαι
1049 3326 1210 3379 πάλιν
1247 3328 1428 3380 αὐτόν.
1460 3327 1650 3378 Καίτοι
1683 3328 1736 3379 τί
1768 3328 1828 3381 τὸ

254 3419 464 3472 κωλῦον
490 3413 576 3489 ῆν.
605 3420 652 3470 εί
680 3419 753 3489 μὴ
781 3419 899 3472 θεία
920 3418 1147 3488 δύναμις
1171 3415 1286 3488 ῆνή
1311 3419 1702 3472 άντιπίπτουσα
1724 3437 1738 3484 ;
1765 3419 1824 3472 ού

249 3510 552 3580 χρημάτων
606 3510 890 3579 περιουσία
942 3510 1109 3581 πολλὴ
1149 3513 1276 3581 παρ’
1329 3511 1550 3576 αὑτοῖς;
1601 3513 1662 3564 οὐ
1704 3513 1828 3574 τοὺς

249 3602 510 3654 ἁπάντων
557 3600 894 3670 πανταχόθεν
944 3602 1141 3671 φόρους
1191 3602 1436 3669 συνάγων
1489 3605 1517 3655 ό
1559 3603 1828 3672 πατριάρ-

253 3707 361 3760 χης
384 3729 399 3751 ,
428 3689 689 3760 ἀπείρους
727 3688 988 3758 κέκτηται
1021 3689 1363 3759 θησαυρούςς
1407 3691 1506 3742 ούκ
1548 3693 1736 3761 ἰταμὸν
1765 3693 1825 3743 τὸ

253 3779 428 3840 ἔθνος,
458 3779 559 3830 οὐκ
580 3779 950 3847 ἀναίσχυντον,
981 3780 1039 3832 ού
1083 3779 1399 3846 φιλόνεικον,
1432 3783 1492 3832 οὐ
1522 3783 1789 3852 προπετὲς
1808 3821 1822 3844 ,

249 3869 317 3920 ού
354 3867 752 3936 πολεμοποιόν;
796 3870 856 3921 ού
899 3867 1082 3920 πολλοὶ
1121 3867 1261 3921 κατά
1292 3870 1390 3938 τὴν
1428 3870 1822 3940 Παλαιστίνηνς

249 3959 317 4010 ού
353 3958 534 4009 πολλοὶ
566 3959 708 4011 κατά
749 3958 846 4028 τὴν
881 3959 1162 4029 Φοινίκηνς
1192 3961 1251 4011 οὐ
1295 3960 1478 4013 πολλοὶ
1514 3962 1822 4030 πανταχοῦ;

253 4048 380 4111 Πῶς
412 4046 504 4102 οὖν
529 4050 628 4102 οὐκ
659 4049 882 4118 ἴσχυσαν
915 4051 1009 4103 ἕνα
1032 4052 1334 4120 ἀναστῆσαι
1363 4053 1506 4116 ναὸν,
1531 4055 1624 4106 καὶ⁵
1651 4053 1825 4108 ταῦτα

249 4138 488 4207 δρῶντες
540 4139 639 4208 τὴν
703 4139 953 4211 λατρείαν
1005 4141 1185 4201 αὐτοῖς
1237 4139 1483 4193 ἐντεῦθεν
1547 4142 1822 4211 πανταχοῦ

153 4233 168 4244 ⁸
250 4227 654 4299 πεπεδημένην,
685 4231 778 4282 καὶ
804 4231 872 4284 τὰ
909 4231 1170 4284 Ἰουδαῖκά
1205 4230 1299 4301 έθη
1327 4233 1690 4303 ὴφανισμένα,
1731 4236 1825 4288 καὶ

246 4318 322 4371 τὰ
351 4318 456 4369 τῶν
483 4318 700 4380 θυσιῶν,
725 4321 817 4373 καὶ
842 4319 910 4372 τὰ
954 4320 1061 4374 τῶν
1092 4323 1435 4392 προσφορῶν,
1485 4323 1578 4376 καί
1625 4325 1692 4377 τά
1717 4324 1824 4377 τῶν

247 4406 426 4459 ἄλλων
468 4408 574 4459 τῶν
621 4408 874 4462 τοιούτων
921 4409 1164 4480 νομίμων
1219 4413 1558 4483 ἀνῃρημένα,
1614 4431 1827 4468 πεπαυ-

255 4499 572 4570 μένα;ούτε
606 4501 714 4573 γὰρ
741 4502 934 4569 στῆσαι
964 4501 1166 4571 βωμὸν,
1199 4503 1322 4555 οὔτε
1367 4503 1554 4558 θυσίαν
1605 4507 1825 4576 ἀνενεγ-

252 4594 392 4655 κεῖν,
429 4592 490 4644 ού
523 4595 758 4656 σπεῖσαι,
783 4593 839 4644 ού
865 4593 1130 4662 πρόϐατον
1155 4593 1438 4658 ἐπιθεῖναι,
1461 4597 1520 4647 ού
1554 4596 1820 4667 θυμίαμα,

248 4683 354 4734 οὐκ
407 4682 712 4750 ἀναγνῶναι
762 4684 942 4753 νόμον,
977 4686 1074 4754 οὐχ
1107 4686 1298 4756 ἐορτὴν
1353 4686 1680 4754 ἐπιτελέσαι,
1723 4689 1822 4741 οὐκ

249 4772 380 4826 ἄλλο
410 4790 462 4825 τι
500 4773 606 4825 τῶν
642 4774 897 4827 τοιούτων
949 4776 1131 4838 αὐτοῖς
1161 4777 1316 4839 ἐκτὸς
1363 4777 1472 4830 τῶν
1529 4779 1816 4850 προθύρων

247 4865 476 4918 ἐκείνων
498 4865 644 4936 ἐξῆν.

323 5000 405 5065 ιζ’.
425 5001 583 5053 Ἀλλὰ
603 5002 692 5054 καὶ
711 5003 768 5054 ἐν
783 5000 1060 5056 Βαϐυλῶνί
1077 5019 1206 5055 ποτε
1224 5005 1522 5073 γενόμενοι,
1539 5009 1636 5060 καὶ
1652 5007 1819 5075 ἀναγ-

244 5093 536 5162 καζόμενοι
561 5092 713 5164 παρὰ
747 5093 854 5144 τῶν
900 5092 1174 5162 πολεμίων
1213 5093 1433 5162 ψάλλειν
1453 5134 1468 5155 ,
1503 5095 1603 5148 οὐκ
1629 5093 1814 5162 εἶξαν,

241 5185 367 5238 ούδὲ
415 5186 750 5254 ὑπήκουσαν,
787 5183 1121 5254 αἰχμάλωτοι
1169 5185 1263 5237 καὶ
1302 5184 1478 5239 δοῦλοι
1506 5185 1657 5249 ὄντες
1701 5190 1812 5250 τοῖς

239 5275 528 5336 δεσπόταις
575 5275 960 5326 κακοποιοῦσιν
995 5273 1219 5336 αὐτούς’
1257 5273 1392 5327 ἀλλά
1433 5275 1525 5328 καὶ
1559 5276 1814 5344 πατρίδος

242 5364 567 5426 ἐκπεσόντες
609 5365 702 5416 καὶ
751 5363 1080 5434 ἐλευθερίας,
1124 5365 1217 5416 καὶ
1273 5365 1401 5434 περὶ
1437 5363 1498 5416 τὸ
1542 5363 1640 5434 ζῇν
1679 5364 1811 5416 αὐτὸ

243 5453 660 5518 κινδυνεύοντες,
687 5454 780 5506 καὶ
805 5455 879 5516 ὡς
907 5457 964 5506 ἐν
996 5454 1137 5524 μέσῃ
1164 5453 1350 5521 παγίδι
1376 5457 1495 5517 ταῖς
1520 5455 1676 5524 χερσὶ
1701 5454 1810 5508 τῶν

239 5543 513 5596 λαϐόντων
541 5544 959 5614 ἀπειλημμένοι,
996 5543 1339 5612 κελευόμενοι
1373 5547 1470 5614 τὴν
1497 5545 1640 5616 ᾠδὴν
1665 5545 1810 5616 ᾄδειν

240 5634 454 5701 ἐκείνην
495 5635 593 5701 τὴν
612 5636 701 5688 διὰ
739 5637 846 5688 τῶν
892 5636 1159 5700 ὀργάνων.
1199 5637 1371 5700 οὕτως
1418 5637 1628 5706 ἔλεγονο
1675 5640 1804 5692 Ἐπί

597 5730 872 5792 ΡΔΤιιοι..
919 5728 1036 5786 Gn.
1087 5725 1365 5785 XLVIII.

827 254 1104 311 CONTRA
1143 254 1434 312 JUDA‘IOS
1471 255 1562 310 ΕΤ
1598 253 1959 322 GENTILES,
1998 255 2190 323 QUOD
2229 254 2578 313 CHRISTUS
2617 255 2728 312 SIT
2768 255 2972 314 DEUS.

3406 255 3511 311 836

1943 372 2064 426 τῶν
2093 371 2373 441 ποταμῶν
2417 369 2778 437 Βαϐυλῶνος
2814 371 2944 424 ἐκεῖ
2983 369 3370 438 ἐκαθίσαμεν,
3417 370 3516 422 καί

1941 464 2344 533 ἐκλαύσαμεν,
2385 463 2472 516 ὅτι
2504 461 2899 530 ἐπηρώτησαν
2935 460 3095 529 ἡμᾶς
3129 463 3184 513 οι
3221 461 3520 528 αἰχμαλω-

1941 556 2263 620 τεὺσαντες
2289 553 2448 623 ἡμᾶς
2479 554 2703 624 λόγους
2738 552 2926 618 ᾠδῶν.
2973 549 3106 616 Πῶς
3139 550 3369 619 ᾇσομεν
3402 549 3520 617 τὴν

1940 644 2106 711 ᾠδὴν
2156 644 2378 711 Κυρίου
2407 643 2505 696 ἐπὶ
2554 643 2666 712 τῆς
2699 644 3062 710 ἀλλοτρίας;
3103 641 3217 693 Kal
3253 640 3371 692 οὐδὲ
3407 639 3517 708 ἔχει

1940 751 2023 797 τις
2050 737 2244 800 εἰπεῖν,
2283 735 2363 787 ὅτι
2401 733 2490 787 διά
2529 733 2626 803 τὴν
2665 733 2898 804 ἀπορίαν
2930 732 3036 785 τῶν
3074 733 3319 802 ὀργάνων
3358 730 3520 783 τοῦτο

1942 827 2190 879 ἐποίουν·
2235 828 2329 880 καὶ
2359 826 2469 898 γὰρ
2501 826 2656 878 αὐτοὶ
2686 826 2960 878 τεθείκασι
2985 824 3080 894 τὴν
3114 822 3292 877 αἰτίαν
3337 821 3520 875 εἱπόνιι

1937 935 2030 982 τες
2050 935 2062 946 ·
2089 916 2224 984 Πῶς
2247 916 2476 986 ᾅσομεν
2507 917 2620 984 τὴν
2642 916 2806 984 ᾠδὴν
2828 916 3048 983 Kvplov
3071 914 3167 967 ἐπὶ
3200 912 3314 982 τῆς
3332 914 3518 966 ἄλλο⁴

1941 1009 2141 1074 τρίας;
2171 1006 2282 1058 Kal
2311 1005 2380 1058 τά
2413 1005 2619 1076 ὄργανα
2665 1005 2722 1058 δέ
2761 1006 2877 1075 μετ’
2921 1003 3098 1064 αὐτῶν
3133 998 3221 1073 ἦν.
3263 1003 3358 1054 Ἑν
3405 1001 3516 1069 γὰρ

1939 1098 2068 1163 ταῖς
2092 1097 2272 1165 ἰτέαις
2291 1099 2360 1150 ἐν
2373 1098 2542 1167 μέσῳ
2558 1096 2756 1151 αὐτῶν
2770 1095 3186 1165 ἐκρεμὰσαμεν
3202 1093 3272 1148 τὰ
3293 1094 3517 1163 ὄργανα

1938 1189 2127 1257 ἡμῶν,
2157 1190 2339 1259 φησίν.
2395 1189 2533 1241 Ἀλλ’
2567 1189 2688 1242 οὐδὲ
2729 1187 2986 1258 νηστείαν
3033 1185 3314 1256 νηστεύειν
3357 1184 3506 1253 ἐξῆν.

1940 1281 2051 1334 Kal
2077 1281 2234 1334 τοῦτο
2261 1281 2436 1352 δηλῶν
2465 1281 2648 1343 αὐτοῖς
2677 1283 2704 1334 ὁ
2733 1285 3015 1350 προφήτης
3047 1278 3199 1346 ἔλεγε
3221 1295 3234 1308 ·
3271 1279 3370 1347 Μὴ
3414 1297 3514 1346 rn-

1939 1370 2150 1422 στείαν
2177 1368 2618 1436 νενηστεύκατέ
2639 1385 2740 1436 μοι
2775 1367 2879 1436 ἐτη
2902 1367 3331 1437 ἐϐδομήκοντα,
3354 1368 3518 1435 λέγει
3613 1435 3618 1448 ;

1938 1461 2188 1528 Κύριος;
2218 1460 2340 1512 Ὅτι
2389 1459 2447 1511 δὲ
2499 1459 2621 1513 ούδέ
2673 1459 2854 1522 θύειν,
2887 1457 3010 1512 οὐδὲ
3067 1458 3315 1512 σπένδειν
3365 1456 3513 1526 ἐξῆν,

1937 1552 2170 1605 ἄκουσον
2201 1551 2310 1604 τῶν
2332 1551 2498 1622 τριῶν
2537 1550 2742 1604 παίδων
2767 1550 3054 1618 λεγόντων,
3077 1553 3198 1604 Οὐκ
3219 1549 3392 1609 ἐστιν
3413 1549 3516 1616 ἄρα

1937 1660 2080 1712 χων,
2117 1642 2258 1696 οὐδὲ
2285 1642 2616 1711 προφήτης,
2671 1641 2814 1696 οὐδέ
2862 1643 3214 1711 ἡγούμενος,
3240 1639 3384 1693 οὐδέ
3426 1639 3517 1691 τό-

1938 1753 2051 1800 πος
2087 1736 2192 1789 τοῦ
2221 1736 2529 1802 καρπῶσαι
2555 1734 2811 1787 ἐνώπιόν
2838 1751 2954 1786 σου
2982 1734 3081 1788 καὶ
3105 1732 3300 1800 εὑρεῖν
3317 1733 3508 1795 ἕλεος.

1939 1827 2051 1878 Οὐκ
2098 1821 2269 1890 εἶπεν,
2305 1827 2418 1880 Οὐκ
2461 1826 2609 1878 ἐστιν
2650 1825 2847 1895 ἱερεὺς,
2886 1825 3140 1894 παρῆσαν
3172 1823 3277 1894 γὰρ
3317 1824 3510 1892 ἱερεῖς’

1939 1914 2054 1968 ἀλλ’
2083 1917 2170 1968 ἴνα
2203 1916 2381 1986 μάθῃς
2407 1917 2488 1968 ὅτι
2513 1917 2573 1967 τὸ
2594 1917 2701 1968 πᾶν
2727 1913 2820 1967 τοῦ
2852 1913 3016 1966 τόπου
3053 1909 3142 1983 ἦν,
3174 1912 3266 1965 καὶ
3294 1914 3326 1984 ἡ
3359 1927 3514 1981 νομο-

1938 2008 2090 2061 θεσία
2124 2010 2274 2062 πᾶσα
2295 2009 2410 2060 ἐκεῖ
2439 2007 2764 2068 συνεδέδετο,
2796 1999 2969 2068 εἶπεν,
3005 2005 3126 2056 Οὐκ
3147 2002 3278 2056 ἐστι
3306 2002 3511 2066 τόπος.

1937 2099 2048 2152 Kal
2083 2098 2135 2150 τί
2167 2098 2315 2168 λέγω
2342 2097 2490 2150 θύειν
2523 2097 2619 2150 καί
2672 2095 2952 2160 σπένδεινς
2989 2093 3109 2146 οὐδὲ
3148 2092 3334 2168 ἀτελῶς
3375 2093 3511 2145 ἀνα-

1937 2189 2138 2257 γνῶναι
2159 2190 2251 2243 τὸν
2271 2190 2431 2258 νόμον
2449 2189 2574 2259 ἐξῆν
2597 2188 2800 2250 αὐτοῖς’
2828 2188 2920 2240 καὶ
2943 2161 3248 2254 τοῦτόδπϐτε
3263 2183 3514 2252 ἐγκαλῶν

1936 2281 2122 2351 ἐτερος
2157 2282 2436 2351 προφήτης
2455 2281 2634 2348 ἐλεγεο
2666 2279 2771 2334 Καὶ
2788 2278 3140 2347 ἀνέγνωσαν
3160 2277 3276 2340 ἔξω
3302 2277 3510 2344 νόμον,

1938 2371 2036 2424 καὶ
2053 2370 2501 2424 ἐπεκαλέσαντο
2521 2371 2844 2439 ὁμολογίαν
2859 2389 2869 2400 ·
2887 2369 2946 2421 οὑ
2965 2369 3166 2438 πάσχα,
3179 2368 3240 2420 ού
3258 2384 3516 2437 πεντηκο-

1940 2462 2091 2530 στὴν,
2121 2461 2182 2513 οὐ
2210 2462 2607 2530 σκηνοπηγίαν,
2635 2461 2734 2513 οὐκ
2758 2460 2884 2513 ἄλλο
2909 2459 3014 2512 τῶν
3040 2459 3298 2513 τοιούτων
3330 2461 3512 2512 ἐπιτε-

1936 2552 2089 2605 λέσαι
2129 2551 2302 2604 οὐδέν.
2361 2553 2500 2604 Ἀλλ’
2539 2553 2684 2621 ὅμως
2739 2551 2960 2614 εἰδότες,
2996 2553 3077 2604 ὅτι
3110 2552 3282 2605 ταῦτα
3333 2551 3514 2604 πάντα

1937 2641 2258 2697 ἀπέκλεισεν
2288 2642 2472 2705 αὐτοῖς
2507 2645 2539 2712 ἡ
2582 2640 2728 2712 [582]
2759 2641 2850 2694 τοῦ
2885 2642 3049 2694 τόπου
3081 2645 3380 2713 ἐρήμωσις,
3408 2645 3511 2697 κᾶν

1936 2733 2253 2804 ἐπιχειρῶσί
2305 2750 2434 2793 τισι,
2502 2732 2941 2804 παρανομοῦντες
2997 2733 3365 2804 ἐπιχειροῦσι,
3419 2736 3514 2789 καὶ

1935 2825 2088 2894 δίκην
2137 2823 2326 2876 τούτου
2359 2823 2614 2884 διδόασιν,
2655 2824 2754 2875 οὐκ
2794 2823 3018 2892 ἴσχυσαν
3045 2823 3136 2875 τὸν
3164 2824 3346 2887 τόπον,
3391 2825 3446 2877 ἐν
3467 2817 3512 2891 ᾧ

1934 2917 2106 2970 ταῦτα
2129 2916 2306 2968 πάντα
2351 2913 2478 2985 ἐξῆν
2504 2913 2646 2966 κατὰ
2667 2916 2827 2984 νόμον
2862 2915 3217 2984 πράττεσθαι,
3269 2918 3510 2985 ἀναστῆ-

1937 3023 2027 3060 σαι
2055 3007 2148 3059 καὶ
2185 3005 2396 3075 στῆσαι.
2448 3005 2512 3056 Ἠ
2537 3005 2646 3075 γὰρ
2678 3005 2903 3072 δύναμις
2937 3005 3029 3058 τοῦ
3073 3007 3310 3077 Χριστοῦ
3335 3011 3369 3076 ή
3410 3008 3511 3078 τὴν

1948 3099 2272 3169 Ἐκκλησίαν
2305 3097 2730 3167 οἰκοδομήσασα,
2757 3096 2894 3168 αὕτη
2925 3099 3017 3151 καὶ
3053 3098 3240 3150 τοῦτον
3267 3098 3508 3153 καθεῖλε.

1935 3189 2044 3242 Καὶ
2101 3191 2328 3258 προεῖπε
2360 3189 2454 3240 καὶ
2512 3187 2672 3240 τοῦτο
2716 3192 2744 3241 ό
2784 3190 3088 3259 προφήτης,
3119 3189 3200 3241 ότι
3240 3189 3333 3242 καὶ
3370 3207 3511 3260 παρ-

1933 3281 2088 3330 έσται
2132 3281 2160 3330 ὁ
2198 3278 2431 3347 Χριστὸς
2482 3279 2576 3330 καὶ
2609 3277 2784 3330 ταῦτα
2812 3278 3126 3346 ἐργάσεται,
3157 3279 3336 3330 καίτοι
3366 3279 3510 3348 μετὰ

1932 3369 2030 3438 τὴν
2064 3366 2438 3437 αἰχμαλωσίαν
2462 3367 2770 3435 γενόμενος.
2805 3368 3003 3418 ’Ἄκουε
3027 3368 3084 3420 δέ
3129 3369 3222 3420 καὶ
3257 3369 3311 3420 τί
3337 3385 3472 3438 φησι
3491 3385 3506 3398 ·

1933 3458 2043 3511 Καὶ
2090 3459 2161 3510 ἐν
2210 3456 2353 3526 ὑμῖν
2405 3455 2995 3524 συγκλεισθήσονται
3028 3458 3233 3522 θύραι,
3267 3456 3367 3510 καὶ
3393 3460 3507 3511 οὐκ

1933 3547 2226 3614 ἀνάψεται
2255 3545 2321 3599 τὸ
2351 3546 2786 3614 θυσιαστήριόν
2805 3564 2921 3616 μου
2960 3547 3208 3614 δωρεάν.
3241 3551 3361 3602 Οὐκ
3376 3551 3509 3603 ἐστι

1927 3655 2024 3705 μοι
2049 3639 2275 3705 θέλημα
2290 3638 2360 3689 ἐν
2383 3637 2543 3706 ὑμῖν,
2565 3637 2655 3690 ὅτι
2669 3638 2785 3691 ἀπὸ
2807 3635 3118 3691 ἀνατολῶν
3132 3639 3313 3705 ἡλίου
3331 3641 3506 3710 μέχρι

1931 3729 2180 3798 δυσμῶν
2204 3731 2270 3784 τὸ
2293 3730 2481 3799 ὄνομά
2509 3748 2623 3798 μου
2645 3729 3003 3794 δεδόξασται
3033 3733 3102 3784 ἐν
3126 3732 3248 3798 τοῖς
3277 3733 3506 3797 ἔθνεσι,

1932 3820 2030 3872 καί
2054 3820 2122 3872 ἐν
2151 3819 2329 3873 παντί
2373 3821 2534 3882 τόπῳ
2574 3820 2835 3888 θυμίαμά
2870 3836 2973 3888 μοι
3002 3821 3364 3888 προσάγεται
3405 3823 3508 3876 καί

1931 3914 2114 3966 θυσία
2149 3911 2395 3978 καθαρά.
2431 3907 2580 3972 Εἶδες
2609 3910 2724 3970 πῶς
2751 3910 2938 3978 σαφῶς
2966 3911 3058 3962 καὶ
3084 3910 3174 3962 τὸν
3201 3911 3506 3982 ἰουδαῖσμὸν
3553 3969 3562 3980 ρ

1930 4003 2173 4066 ἐξέϐαλε,
2201 4003 2294 4054 καὶ
2331 4002 2421 4052 τὸν
2451 3997 2859 4070 χριστιανισμὸν
2909 3997 3072 4061 ἔδειξε
3109 3999 3503 4068 διαλάμποντα,

1932 4094 2022 4144 καὶ
2052 4089 2324 4160 πανταχοῦ
2351 4090 2449 4157 τῆς
2487 4089 2588 4158 γῆς
2628 4085 3022 4156 ἐκτεταμένον;
3054 4089 3163 4141 Kal
3187 4088 3277 4140 τὸν
3306 4090 3504 4158 τρόπον

1931 4181 1985 4233 δὲ
2008 4181 2104 4250 τῆς
2140 4180 2392 4249 λατρείας
2439 4167 2706 4248 ἐδήλωᾶεν
2737 4175 2921 4246 ἐτερος
2960 4177 3151 4230 πάλιν·
3187 4180 3298 4233 Καὶ
3327 4196 3508 4248 προσ-

1931 4270 2313 4338 κυνήσουσιν
2368 4267 2527 4333 αὐτῷ
2581 4268 2834 4331 ἕκαστος
2858 4269 2926 4321 ἐκ
2950 4268 3054 4322 τοῦ
3077 4269 3261 4323 τόπου
3293 4272 3502 4336 αὑτοῦ,

1931 4359 2031 4413 καὶ
2056 4359 2500 4413 δουλεύσουσιν
2529 4357 2689 4422 αὐτῷ
2722 4359 2840 4411 ὑπὸ
2885 4356 3061 4426 ζυγὸν
3089 4357 3198 4412 ἕνα
3220 4377 3232 4390 ο
3266 4361 3361 4414 καὶ
3387 4361 3506 4413 ἐτε-

1932 4467 2025 4521 ρος
2049 4449 2235 4502 πάλινο
2268 4448 2564 4516 Παρθένος
2605 4447 2709 4500 τοῦ
2752 4445 3001 4514 Ἰσραὴλ
3043 4448 3390 4515 ἐσφαλλενσ
3429 4452 3502 4502 οὐ

1924 4543 2010 4613 μὴ
2041 4539 2275 4607 ἀναστῇ
2326 4541 2434 4592 ἔτι.
2491 4539 2599 4591 Kal
2657 4538 2686 4589 6
2719 4537 2917 4608 Δανιὴλ
2969 4537 3025 4589 δέ
3055 4537 3240 4605 σαφῶς
3287 4538 3502 4593 ἅπαντα

1929 4634 2100 4686 ταῦτα
2130 4633 2415 4702 διηγεῖται.
2449 4631 2531 4681 ὅτι
2551 4628 2726 4680 πάντα
2757 4629 3074 4698 ἀρθήσεται,
3109 4628 3203 4679 καὶ
3229 4627 3388 4681 θυσία
3411 4632 3502 4682 καὶ

1931 4724 2158 4793 σπονδὴ,
2190 4723 2283 4774 καὶ
2317 4719 2522 4790 χρίσμα
2568 4719 2662 4770 καὶ
2697 4721 2892 4787 κρῖμα.
2938 4717 3099 4769 Ἀλλά
3155 4717 3330 4771 ταῦτα
3368 4721 3498 4789 μὲν,

1928 4816 2089 4886 ἡνίκα
2128 4814 2194 4867 ἂν
2231 4812 2366 4882 πρὸς
2407 4810 2690 4870 Ἰουδαίους
2722 4809 2991 4877 λέγωμεν,
3039 4810 3369 4881 σαφέστερον
3407 4813 3503 4864 καὶ

1927 4907 2216 4976 εὐρύτερον
2255 4902 2666 4972 ἀναπτύξομεν·
2717 4901 2854 4963 τέως
2886 4902 2943 4954 δὲ
2987 4903 3086 4972 τῆς
3129 4904 3502 4976 προκειμένης

1928 4996 2180 5068 ἐχώμεθα
2202 4993 2342 5056 ὁδοῦ,
2359 4993 2467 5046 τῶν
2486 4993 2724 5062 ἀνοήτων
2753 4991 3016 5061 Ἐλλήνων
3042 4993 3142 5064 τὴν
3171 4993 3500 5062 φιλονεικίαν

1925 5087 2276 5157 διορθοῦντες.
2299 5084 2435 5138 Οῦτε
2467 5085 2550 5138 col
2567 5085 2792 5154 νεκροὺς
2821 5079 2974 5136 εἷπον
3004 5085 3345 5155 ἐγερθέντας,
3375 5085 3499 5139 οὔτε

1923 5181 2155 5251 λεπροὺς
2188 5177 2635 5249 καθαρισθέντας.
2668 5178 2754 5229 ἵνα
2786 5179 2860 5247 μὴ
2885 5177 3069 5250 λέγῃς,
3087 5178 3270 5248 Ψευδῆ
3301 5177 3494 5242 ταῦτα,

1924 5273 2154 5342 κόμπος,
2187 5269 2381 5340 μῦθος,
2420 5267 2502 5329 τίς
2543 5263 2681 5332 εῖδε;
2721 5268 2805 5328 τίς
2843 5268 3108 5337 ήκουσενς
3145 5269 3206 5321 Ol
3251 5267 3498 5332 εἰπόντες

1922 5363 2002 5416 ὅτι
2028 5358 2366 5431 ἐσταυρώθη,
2395 5359 2487 5411 καὶ
2523 5359 2616 5412 ἐπὶ
2647 5359 2851 5428 κόρρης
2883 5358 3096 5428 πληγὰς
3115 5357 3324 5422 ἐλαϐεν,
3348 5352 3493 5412 οὗτοι
3545 5377 3554 5383 ·

1920 5450 2094 5505 ταῦτα
2141 5451 2428 5520 εἰρήκασιο
2462 5445 2587 5508 Πῶς
2632 5441 2732 5500 οὖν
2786 5448 2846 5499 ἐν
2890 5447 3118 5508 ἐκείνοις
3151 5446 3494 5511 ἀξιοπίστους

1921 5537 2062 5594 εἶναι
2088 5539 2340 5609 νομίζων,
2373 5539 2432 5590 ἐν
2448 5536 2654 5600 τούτοις
2679 5536 3026 5608 ἐπιλαμϐάνῃ
3044 5535 3151 5588 τῶν
3165 5536 3491 5607 εἰρημένων,

1920 5633 1996 5697 ὡς
2025 5633 2084 5684 οὐ
2107 5627 2519 5706 γεγενημένων;
2544 5627 2736 5706 Καίτοι
2767 5643 2830 5695 γε
2859 5629 2907 5680 εἰ
2935 5628 3069 5698 πρὸς
3105 5621 3264 5691 χάριν
3294 5621 3388 5678 τοῦ
3408 5624 3486 5678 δι-

3125 5727 3205 5786 20
