  <div class='ocr_page' id='page_1' title='image "/cluster/home/n/w/nwhite01/storage/ocr_20150623/48/nnc1.0046978267/317.png"; bbox 0 0 3866 6226; ppageno 0'>
   <div class='ocr_carea' id='block_1_1' title="bbox 388 236 492 294">
    <p class='ocr_par' dir='ltr' id='par_1_1' title="bbox 388 236 492 294">
     <span class='ocr_line' id='line_1_1' title="bbox 388 236 492 294; baseline -0.029 0"><span class='ocrx_word' id='word_1_1' title='bbox 388 236 492 294; x_wconf 75' lang='lat'>837</span> 
     </span>
    </p>
   </div>
   <div class='ocr_carea' id='block_1_2' title="bbox 385 349 1974 427">
    <p class='ocr_par' dir='ltr' id='par_1_2' title="bbox 385 349 1974 427">
     <span class='ocr_line' id='line_1_2' title="bbox 385 349 1974 427; baseline 0.004 -24"><span class='ocrx_word' id='word_1_2' title='bbox 385 349 658 408; x_wconf 65' lang='grc' dir='ltr'>δασκόλου</span> <span class='ocrx_word' id='word_1_3' title='bbox 690 349 866 408; x_wconf 85' lang='grc' dir='ltr'>ταῦτα</span> <span class='ocrx_word' id='word_1_4' title='bbox 895 350 1132 422; x_wconf 74' lang='grc' dir='ltr'>ἔγραφον</span> <span class='ocrx_word' id='word_1_5' title='bbox 1164 355 1284 426; x_wconf 86' lang='grc' dir='ltr'>εἰκῆ</span> <span class='ocrx_word' id='word_1_6' title='bbox 1321 354 1416 408; x_wconf 74' lang='grc' dir='ltr'>καὶ</span> <span class='ocrx_word' id='word_1_7' title='bbox 1456 355 1633 427; x_wconf 83' lang='grc' dir='ltr'><strong>μάτην</strong></span> <span class='ocrx_word' id='word_1_8' title='bbox 1659 354 1974 427; x_wconf 79' lang='grc' dir='ltr'>κομπάζον-</span> 
     </span>
    </p>
   </div>
   <div class='ocr_carea' id='block_1_3' title="bbox 385 433 1974 507">
    <p class='ocr_par' dir='ltr' id='par_1_3' title="bbox 385 433 1974 507">
     <span class='ocr_line' id='line_1_3' title="bbox 385 433 1974 507; baseline 0.001 -18"><span class='ocrx_word' id='word_1_9' title='bbox 385 453 499 498; x_wconf 83' lang='grc' dir='ltr'>τες,</span> <span class='ocrx_word' id='word_1_10' title='bbox 537 433 609 487; x_wconf 89' lang='grc' dir='ltr'>τά</span> <span class='ocrx_word' id='word_1_11' title='bbox 633 434 934 507; x_wconf 80' lang='grc' dir='ltr'>σκυθρωπά</span> <span class='ocrx_word' id='word_1_12' title='bbox 965 436 1032 490; x_wconf 78' lang='grc' dir='ltr'>ἂν</span> <span class='ocrx_word' id='word_1_13' title='bbox 1060 437 1374 507; x_wconf 76' lang='grc' dir='ltr'>ἐσιώπησαν</span> <span class='ocrx_word' id='word_1_14' title='bbox 1404 439 1501 492; x_wconf 77' lang='grc' dir='ltr'>καὶ</span> <span class='ocrx_word' id='word_1_15' title='bbox 1531 438 1600 492; x_wconf 83' lang='grc' dir='ltr'>τὰ</span> <span class='ocrx_word' id='word_1_16' title='bbox 1643 438 1858 502; x_wconf 82' lang='grc' dir='ltr'>πολλοῖς</span> <span class='ocrx_word' id='word_1_17' title='bbox 1885 439 1974 504; x_wconf 78' lang='grc' dir='ltr'>δο-</span> 
     </span>
    </p>
   </div>
   <div class='ocr_carea' id='block_1_4' title="bbox 389 515 1974 585">
    <p class='ocr_par' dir='ltr' id='par_1_4' title="bbox 389 515 1974 585">
     <span class='ocr_line' id='line_1_4' title="bbox 389 515 1974 585; baseline 0.001 -13"><span class='ocrx_word' id='word_1_18' title='bbox 389 519 592 573; x_wconf 87' lang='grc' dir='ltr'>κοῦντα</span> <span class='ocrx_word' id='word_1_19' title='bbox 643 519 982 572; x_wconf 70' lang='grc' dir='ltr'>ἐπονείδιστα</span> <span class='ocrx_word' id='word_1_20' title='bbox 1010 515 1180 573; x_wconf 78' lang='grc' dir='ltr'>εἶναι’</span> <span class='ocrx_word' id='word_1_21' title='bbox 1224 520 1321 574; x_wconf 91' lang='grc' dir='ltr'>νῦν</span> <span class='ocrx_word' id='word_1_22' title='bbox 1355 521 1412 574; x_wconf 81' lang='grc' dir='ltr'>δὲ</span> <span class='ocrx_word' id='word_1_23' title='bbox 1438 520 1746 585; x_wconf 80' lang='grc' dir='ltr'>δεικνύντες</span> <span class='ocrx_word' id='word_1_24' title='bbox 1795 521 1974 576; x_wconf 84' lang='grc' dir='ltr'>αὐτῶν</span> 
     </span>
    </p>
   </div>
   <div class='ocr_carea' id='block_1_5' title="bbox 387 601 1976 674">
    <p class='ocr_par' dir='ltr' id='par_1_5' title="bbox 387 601 1976 674">
     <span class='ocr_line' id='line_1_5' title="bbox 387 601 1976 674; baseline 0.002 -21"><span class='ocrx_word' id='word_1_25' title='bbox 387 601 488 672; x_wconf 81' lang='grc' dir='ltr'>τὴν</span> <span class='ocrx_word' id='word_1_26' title='bbox 524 601 802 673; x_wconf 78' lang='grc' dir='ltr'>ἀλήθειαν,</span> <span class='ocrx_word' id='word_1_27' title='bbox 835 602 894 655; x_wconf 88' lang='grc' dir='ltr'>ἐν</span> <span class='ocrx_word' id='word_1_28' title='bbox 940 602 1174 666; x_wconf 87' lang='grc' dir='ltr'>ἐκείνοις</span> <span class='ocrx_word' id='word_1_29' title='bbox 1208 603 1443 672; x_wconf 82' lang='grc' dir='ltr'>μάλιστα</span> <span class='ocrx_word' id='word_1_30' title='bbox 1480 603 1839 674; x_wconf 73' lang='grc' dir='ltr'>ἐνδιέτριψαν,</span> <span class='ocrx_word' id='word_1_31' title='bbox 1880 604 1976 658; x_wconf 74' lang='grc' dir='ltr'>καὶ</span> 
     </span>
    </p>
   </div>
   <div class='ocr_carea' id='block_1_6' title="bbox 386 681 1976 756">
    <p class='ocr_par' dir='ltr' id='par_1_6' title="bbox 386 681 1976 756">
     <span class='ocr_line' id='line_1_6' title="bbox 386 681 1976 756; baseline 0.001 -18"><span class='ocrx_word' id='word_1_32' title='bbox 386 683 569 738; x_wconf 81' lang='grc' dir='ltr'>πάντα</span> <span class='ocrx_word' id='word_1_33' title='bbox 608 683 748 753; x_wconf 87' lang='grc' dir='ltr'>μετά</span> <span class='ocrx_word' id='word_1_34' title='bbox 796 683 1083 756; x_wconf 85' lang='grc' dir='ltr'>ἀκριϐείας</span> <span class='ocrx_word' id='word_1_35' title='bbox 1127 686 1220 738; x_wconf 75' lang='grc' dir='ltr'>καὶ</span> <span class='ocrx_word' id='word_1_36' title='bbox 1270 685 1472 754; x_wconf 82' lang='grc' dir='ltr'>πολλῆς</span> <span class='ocrx_word' id='word_1_37' title='bbox 1500 681 1654 740; x_wconf 80' lang='grc' dir='ltr'>εἷπον</span> <span class='ocrx_word' id='word_1_38' title='bbox 1689 686 1792 756; x_wconf 83' lang='grc' dir='ltr'>τῆς</span> <span class='ocrx_word' id='word_1_39' title='bbox 1818 687 1976 756; x_wconf 76' lang='grc' dir='ltr'>δαψι-</span> 
     </span>
    </p>
   </div>
   <div class='ocr_carea' id='block_1_7' title="bbox 389 765 1974 840">
    <p class='ocr_par' dir='ltr' id='par_1_7' title="bbox 389 765 1974 840">
     <span class='ocr_line' id='line_1_7' title="bbox 389 765 1974 840; baseline 0.002 -21"><span class='ocrx_word' id='word_1_40' title='bbox 389 766 565 830; x_wconf 82' lang='grc' dir='ltr'>λείας,</span> <span class='ocrx_word' id='word_1_41' title='bbox 597 766 657 818; x_wconf 87' lang='grc' dir='ltr'>οὑ</span> <span class='ocrx_word' id='word_1_42' title='bbox 695 765 924 836; x_wconf 80' lang='grc' dir='ltr'>μικρὸν,</span> <span class='ocrx_word' id='word_1_43' title='bbox 960 767 1020 818; x_wconf 86' lang='grc' dir='ltr'>οὐ</span> <span class='ocrx_word' id='word_1_44' title='bbox 1058 767 1204 838; x_wconf 84' lang='grc' dir='ltr'>μέγα</span> <span class='ocrx_word' id='word_1_45' title='bbox 1243 768 1696 840; x_wconf 83' lang='grc' dir='ltr'>παραδραμόντες</span> <span class='ocrx_word' id='word_1_46' title='bbox 1720 810 1736 835; x_wconf 90' lang='grc'>,</span> <span class='ocrx_word' id='word_1_47' title='bbox 1769 769 1881 822; x_wconf 86' lang='grc' dir='ltr'>ἀλλ’</span> <span class='ocrx_word' id='word_1_48' title='bbox 1917 771 1974 822; x_wconf 85' lang='grc' dir='ltr'>ἐν</span> 
     </span>
    </p>
   </div>
   <div class='ocr_carea' id='block_1_8' title="bbox 393 849 1976 924">
    <p class='ocr_par' dir='ltr' id='par_1_8' title="bbox 393 849 1976 924">
     <span class='ocr_line' id='line_1_8' title="bbox 393 849 1976 924; baseline 0.004 -25"><span class='ocrx_word' id='word_1_49' title='bbox 393 850 492 917; x_wconf 90' lang='grc' dir='ltr'>μέν</span> <span class='ocrx_word' id='word_1_50' title='bbox 517 851 629 909; x_wconf 83' lang='grc' dir='ltr'>τοῖς</span> <span class='ocrx_word' id='word_1_51' title='bbox 661 849 909 918; x_wconf 83' lang='grc' dir='ltr'>σημείοις</span> <span class='ocrx_word' id='word_1_52' title='bbox 953 850 1047 903; x_wconf 77' lang='grc' dir='ltr'>καὶ</span> <span class='ocrx_word' id='word_1_53' title='bbox 1076 852 1190 913; x_wconf 75' lang='grc' dir='ltr'>τοῖς</span> <span class='ocrx_word' id='word_1_54' title='bbox 1221 850 1462 922; x_wconf 83' lang='grc' dir='ltr'>θαύμασι</span> <span class='ocrx_word' id='word_1_55' title='bbox 1491 851 1560 904; x_wconf 82' lang='grc' dir='ltr'>τὰ</span> <span class='ocrx_word' id='word_1_56' title='bbox 1585 853 1811 906; x_wconf 82' lang='grc' dir='ltr'>πλεῖστα</span> <span class='ocrx_word' id='word_1_57' title='bbox 1836 869 1976 924; x_wconf 83' lang='grc' dir='ltr'>παρ-</span> 
     </span>
    </p>
   </div>
   <div class='ocr_carea' id='block_1_9' title="bbox 388 931 1977 1002">
    <p class='ocr_par' dir='ltr' id='par_1_9' title="bbox 388 931 1977 1002">
     <span class='ocr_line' id='line_1_9' title="bbox 388 931 1977 1002; baseline 0.003 -19"><span class='ocrx_word' id='word_1_58' title='bbox 388 931 550 1000; x_wconf 83' lang='grc' dir='ltr'>ῆκαν,</span> <span class='ocrx_word' id='word_1_59' title='bbox 580 932 640 984; x_wconf 82' lang='grc' dir='ltr'>ἐν</span> <span class='ocrx_word' id='word_1_60' title='bbox 671 931 728 983; x_wconf 87' lang='grc' dir='ltr'>δὲ</span> <span class='ocrx_word' id='word_1_61' title='bbox 757 935 872 994; x_wconf 88' lang='grc' dir='ltr'>τοῖς</span> <span class='ocrx_word' id='word_1_62' title='bbox 901 931 1187 1002; x_wconf 85' lang='grc' dir='ltr'>παθήμασι</span> <span class='ocrx_word' id='word_1_63' title='bbox 1220 933 1313 988; x_wconf 77' lang='grc' dir='ltr'>καὶ</span> <span class='ocrx_word' id='word_1_64' title='bbox 1340 936 1453 998; x_wconf 83' lang='grc' dir='ltr'>τοίς</span> <span class='ocrx_word' id='word_1_65' title='bbox 1484 934 1734 989; x_wconf 90' lang='grc' dir='ltr'>δοκοῦσιν</span> <span class='ocrx_word' id='word_1_66' title='bbox 1764 938 1977 989; x_wconf 88' lang='grc' dir='ltr'>ἐπονει-</span> 
     </span>
    </p>
   </div>
   <div class='ocr_carea' id='block_1_10' title="bbox 387 1013 1975 1089">
    <p class='ocr_par' dir='ltr' id='par_1_10' title="bbox 387 1013 1975 1089">
     <span class='ocr_line' id='line_1_10' title="bbox 387 1013 1975 1089; baseline 0.004 -24"><span class='ocrx_word' id='word_1_67' title='bbox 387 1013 611 1076; x_wconf 89' lang='grc' dir='ltr'>δίστοις,</span> <span class='ocrx_word' id='word_1_68' title='bbox 647 1014 859 1077; x_wconf 84' lang='grc' dir='ltr'>τούτοις</span> <span class='ocrx_word' id='word_1_69' title='bbox 891 1015 1342 1086; x_wconf 85' lang='grc' dir='ltr'>ἐνδιατρίϐοντες,</span> <span class='ocrx_word' id='word_1_70' title='bbox 1381 1017 1558 1071; x_wconf 83' lang='grc' dir='ltr'>πάντα</span> <span class='ocrx_word' id='word_1_71' title='bbox 1597 1018 1798 1082; x_wconf 83' lang='grc' dir='ltr'>πάντες</span> <span class='ocrx_word' id='word_1_72' title='bbox 1837 1017 1975 1089; x_wconf 84' lang='grc' dir='ltr'>μετὰ</span> 
     </span>
    </p>
   </div>
   <div class='ocr_carea' id='block_1_11' title="bbox 390 1096 1974 1172">
    <p class='ocr_par' dir='ltr' id='par_1_11' title="bbox 390 1096 1974 1172">
     <span class='ocr_line' id='line_1_11' title="bbox 390 1096 1974 1172; baseline 0.003 -22"><span class='ocrx_word' id='word_1_73' title='bbox 390 1096 680 1168; x_wconf 91' lang='grc' dir='ltr'>ἀκριϐείας</span> <span class='ocrx_word' id='word_1_74' title='bbox 710 1099 1015 1168; x_wconf 81' lang='grc' dir='ltr'>εἰρήκασιν.</span> <span class='ocrx_word' id='word_1_75' title='bbox 1055 1098 1192 1151; x_wconf 80' lang='grc' dir='ltr'>Ἀλλ’</span> <span class='ocrx_word' id='word_1_76' title='bbox 1212 1098 1322 1167; x_wconf 87' lang='grc' dir='ltr'>ἐγὼ</span> <span class='ocrx_word' id='word_1_77' title='bbox 1341 1099 1545 1154; x_wconf 89' lang='grc' dir='ltr'>τούτων</span> <span class='ocrx_word' id='word_1_78' title='bbox 1574 1101 1712 1172; x_wconf 84' lang='grc' dir='ltr'>πρὸς</span> <span class='ocrx_word' id='word_1_79' title='bbox 1743 1103 1802 1154; x_wconf 81' lang='grc' dir='ltr'>σὲ</span> <span class='ocrx_word' id='word_1_80' title='bbox 1821 1101 1974 1154; x_wconf 83' lang='grc' dir='ltr'>οὐδὲν</span> 
     </span>
    </p>
   </div>
   <div class='ocr_carea' id='block_1_12' title="bbox 389 1180 1975 1256">
    <p class='ocr_par' dir='ltr' id='par_1_12' title="bbox 389 1180 1975 1256">
     <span class='ocr_line' id='line_1_12' title="bbox 389 1180 1975 1256; baseline 0.003 -22"><span class='ocrx_word' id='word_1_81' title='bbox 389 1180 647 1252; x_wconf 78' lang='grc' dir='ltr'>εἰρηκὼς,</span> <span class='ocrx_word' id='word_1_82' title='bbox 665 1180 776 1235; x_wconf 86' lang='grc' dir='ltr'>τῶν</span> <span class='ocrx_word' id='word_1_83' title='bbox 804 1180 1097 1251; x_wconf 82' lang='grc' dir='ltr'>θαυμάτων</span> <span class='ocrx_word' id='word_1_84' title='bbox 1135 1181 1280 1250; x_wconf 85' lang='grc' dir='ltr'>λέγω</span> <span class='ocrx_word' id='word_1_85' title='bbox 1323 1185 1417 1236; x_wconf 73' lang='grc' dir='ltr'>καὶ</span> <span class='ocrx_word' id='word_1_86' title='bbox 1446 1183 1556 1236; x_wconf 85' lang='grc' dir='ltr'>τῶν</span> <span class='ocrx_word' id='word_1_87' title='bbox 1597 1185 1859 1256; x_wconf 80' lang='grc' dir='ltr'>σημείων,</span> <span class='ocrx_word' id='word_1_88' title='bbox 1887 1184 1975 1238; x_wconf 79' lang='grc' dir='ltr'>ἵνα</span> 
     </span>
    </p>
   </div>
   <div class='ocr_carea' id='block_1_13' title="bbox 389 1263 1971 1337">
    <p class='ocr_par' dir='ltr' id='par_1_13' title="bbox 389 1263 1971 1337">
     <span class='ocr_line' id='line_1_13' title="bbox 389 1263 1971 1337; baseline 0.003 -21"><span class='ocrx_word' id='word_1_89' title='bbox 389 1265 455 1318; x_wconf 85' lang='grc' dir='ltr'>ἐκ</span> <span class='ocrx_word' id='word_1_90' title='bbox 479 1263 802 1334; x_wconf 82' lang='grc' dir='ltr'>περιουσίας</span> <span class='ocrx_word' id='word_1_91' title='bbox 823 1265 1002 1316; x_wconf 81' lang='grc' dir='ltr'>πᾶσαν</span> <span class='ocrx_word' id='word_1_92' title='bbox 1027 1263 1384 1334; x_wconf 82' lang='grc' dir='ltr'>ἀναίσχυντον</span> <span class='ocrx_word' id='word_1_93' title='bbox 1407 1267 1672 1337; x_wconf 78' lang='grc' dir='ltr'>ἐμφράξω</span> <span class='ocrx_word' id='word_1_94' title='bbox 1697 1267 1971 1336; x_wconf 84' lang='grc' dir='ltr'>γλῶσσαν,</span> 
     </span>
    </p>
   </div>
   <div class='ocr_carea' id='block_1_14' title="bbox 387 1345 1977 1420">
    <p class='ocr_par' dir='ltr' id='par_1_14' title="bbox 387 1345 1977 1420">
     <span class='ocr_line' id='line_1_14' title="bbox 387 1345 1977 1420; baseline 0.001 -20"><span class='ocrx_word' id='word_1_95' title='bbox 387 1345 460 1400; x_wconf 80' lang='grc' dir='ltr'>τὰ</span> <span class='ocrx_word' id='word_1_96' title='bbox 485 1346 580 1399; x_wconf 88' lang='grc' dir='ltr'>νῦν</span> <span class='ocrx_word' id='word_1_97' title='bbox 613 1345 934 1416; x_wconf 66' lang='grc' dir='ltr'>φαιειύμενα,</span> <span class='ocrx_word' id='word_1_98' title='bbox 962 1345 1032 1400; x_wconf 81' lang='grc' dir='ltr'>τὰ</span> <span class='ocrx_word' id='word_1_99' title='bbox 1060 1345 1156 1401; x_wconf 90' lang='grc' dir='ltr'>νῦν</span> <span class='ocrx_word' id='word_1_100' title='bbox 1185 1349 1292 1419; x_wconf 86' lang='grc' dir='ltr'>πρὸ</span> <span class='ocrx_word' id='word_1_101' title='bbox 1312 1347 1608 1420; x_wconf 82' lang='grc' dir='ltr'>ὀφθαλμῶν</span> <span class='ocrx_word' id='word_1_102' title='bbox 1630 1351 1880 1420; x_wconf 86' lang='grc' dir='ltr'>κείμενα,</span> <span class='ocrx_word' id='word_1_103' title='bbox 1904 1350 1977 1402; x_wconf 81' lang='grc' dir='ltr'>τὰ</span> 
     </span>
    </p>
   </div>
   <div class='ocr_carea' id='block_1_15' title="bbox 391 1425 1976 1502">
    <p class='ocr_par' dir='ltr' id='par_1_15' title="bbox 391 1425 1976 1502">
     <span class='ocr_line' id='line_1_15' title="bbox 391 1425 1976 1502; baseline 0.004 -23"><span class='ocrx_word' id='word_1_104' title='bbox 391 1425 488 1480; x_wconf 92' lang='grc' dir='ltr'>τοῦ</span> <span class='ocrx_word' id='word_1_105' title='bbox 525 1429 676 1500; x_wconf 77' lang='grc' dir='ltr'>ἡλίου</span> <span class='ocrx_word' id='word_1_106' title='bbox 705 1428 1080 1502; x_wconf 83' lang='grc' dir='ltr'>φανερώτερα,</span> <span class='ocrx_word' id='word_1_107' title='bbox 1109 1429 1177 1483; x_wconf 87' lang='grc' dir='ltr'>τὰ</span> <span class='ocrx_word' id='word_1_108' title='bbox 1212 1431 1488 1502; x_wconf 83' lang='grc' dir='ltr'>πανταχοῦ</span> <span class='ocrx_word' id='word_1_109' title='bbox 1518 1433 1617 1502; x_wconf 84' lang='grc' dir='ltr'>τῆς</span> <span class='ocrx_word' id='word_1_110' title='bbox 1652 1432 1976 1502; x_wconf 81' lang='grc' dir='ltr'>οἰκουμένης</span> 
     </span>
    </p>
   </div>
   <div class='ocr_carea' id='block_1_16' title="bbox 387 1513 1976 1587">
    <p class='ocr_par' dir='ltr' id='par_1_16' title="bbox 387 1513 1976 1587">
     <span class='ocr_line' id='line_1_16' title="bbox 387 1513 1976 1587; baseline 0.004 -23"><span class='ocrx_word' id='word_1_111' title='bbox 387 1513 782 1583; x_wconf 81' lang='grc' dir='ltr'>διεσπαρμένα,</span> <span class='ocrx_word' id='word_1_112' title='bbox 807 1513 876 1566; x_wconf 84' lang='grc' dir='ltr'>τὰ</span> <span class='ocrx_word' id='word_1_113' title='bbox 907 1515 1086 1566; x_wconf 79' lang='grc' dir='ltr'>πᾶσαν</span> <span class='ocrx_word' id='word_1_114' title='bbox 1119 1514 1495 1568; x_wconf 87' lang='grc' dir='ltr'>καταλαϐόντα</span> <span class='ocrx_word' id='word_1_115' title='bbox 1518 1516 1617 1587; x_wconf 79' lang='grc' dir='ltr'>τὴν</span> <span class='ocrx_word' id='word_1_116' title='bbox 1650 1516 1976 1587; x_wconf 78' lang='grc' dir='ltr'>οἰκουμένην</span> 
     </span>
    </p>
   </div>
   <div class='ocr_carea' id='block_1_17' title="bbox 390 1595 1972 1671">
    <p class='ocr_par' dir='ltr' id='par_1_17' title="bbox 390 1595 1972 1671">
     <span class='ocr_line' id='line_1_17' title="bbox 390 1595 1972 1671; baseline 0.003 -22"><span class='ocrx_word' id='word_1_117' title='bbox 390 1597 482 1649; x_wconf 69' lang='grc' dir='ltr'>καὶ</span> <span class='ocrx_word' id='word_1_118' title='bbox 510 1595 857 1667; x_wconf 80' lang='grc' dir='ltr'>ἀνθρωπίνην</span> <span class='ocrx_word' id='word_1_119' title='bbox 900 1597 1302 1667; x_wconf 81' lang='grc' dir='ltr'>ὑπερϐαίνοντα</span> <span class='ocrx_word' id='word_1_120' title='bbox 1337 1599 1498 1669; x_wconf 86' lang='grc' dir='ltr'>φύσιν</span> <span class='ocrx_word' id='word_1_121' title='bbox 1528 1599 1972 1671; x_wconf 80' lang='grc' dir='ltr'>κατορθούμενα,</span> 
     </span>
    </p>
   </div>
   <div class='ocr_carea' id='block_1_18' title="bbox 390 1676 1974 1752">
    <p class='ocr_par' dir='ltr' id='par_1_18' title="bbox 390 1676 1974 1752">
     <span class='ocr_line' id='line_1_18' title="bbox 390 1676 1974 1752; baseline 0.003 -21"><span class='ocrx_word' id='word_1_122' title='bbox 390 1680 485 1731; x_wconf 74' lang='grc' dir='ltr'>καὶ</span> <span class='ocrx_word' id='word_1_123' title='bbox 528 1677 567 1732; x_wconf 78' lang='grc' dir='ltr'>ἀ</span> <span class='ocrx_word' id='word_1_124' title='bbox 617 1677 754 1732; x_wconf 85' lang='grc' dir='ltr'>Θεοῦ</span> <span class='ocrx_word' id='word_1_125' title='bbox 799 1678 962 1748; x_wconf 83' lang='grc' dir='ltr'>μόνον</span> <span class='ocrx_word' id='word_1_126' title='bbox 990 1676 1079 1750; x_wconf 79' lang='grc' dir='ltr'>ἦν,</span> <span class='ocrx_word' id='word_1_127' title='bbox 1108 1681 1282 1734; x_wconf 90' lang='grc' dir='ltr'>ταῦτα</span> <span class='ocrx_word' id='word_1_128' title='bbox 1312 1684 1392 1746; x_wconf 88' lang='grc' dir='ltr'>εἰς</span> <span class='ocrx_word' id='word_1_129' title='bbox 1427 1683 1592 1752; x_wconf 80' lang='grc' dir='ltr'>μέσον</span> <span class='ocrx_word' id='word_1_130' title='bbox 1640 1683 1866 1752; x_wconf 77' lang='grc' dir='ltr'>ῆγαγον.</span> <span class='ocrx_word' id='word_1_131' title='bbox 1908 1683 1974 1736; x_wconf 95' lang='grc' dir='ltr'>Τί</span> 
     </span>
    </p>
   </div>
   <div class='ocr_carea' id='block_1_19' title="bbox 387 1761 1976 1836">
    <p class='ocr_par' dir='ltr' id='par_1_19' title="bbox 387 1761 1976 1836">
     <span class='ocr_line' id='line_1_19' title="bbox 387 1761 1976 1836; baseline 0.003 -22"><span class='ocrx_word' id='word_1_132' title='bbox 387 1761 594 1826; x_wconf 76' lang='grc' dir='ltr'>λέγεις,</span> <span class='ocrx_word' id='word_1_133' title='bbox 634 1761 736 1813; x_wconf 87' lang='grc' dir='ltr'>οὐκ</span> <span class='ocrx_word' id='word_1_134' title='bbox 777 1761 1043 1832; x_wconf 83' lang='grc' dir='ltr'>ἀνέστησε</span> <span class='ocrx_word' id='word_1_135' title='bbox 1074 1763 1336 1833; x_wconf 87' lang='grc' dir='ltr'>νεκρούς;</span> <span class='ocrx_word' id='word_1_136' title='bbox 1383 1764 1458 1836; x_wconf 83' lang='grc' dir='ltr'>μὴ</span> <span class='ocrx_word' id='word_1_137' title='bbox 1493 1763 1587 1818; x_wconf 79' lang='grc' dir='ltr'>καὶ</span> <span class='ocrx_word' id='word_1_138' title='bbox 1625 1763 1784 1818; x_wconf 91' lang='grc' dir='ltr'>τοῦτο</span> <span class='ocrx_word' id='word_1_139' title='bbox 1832 1765 1976 1835; x_wconf 78' lang='grc' dir='ltr'>ἔχεις</span> 
     </span>
    </p>
   </div>
   <div class='ocr_carea' id='block_1_20' title="bbox 387 1843 1976 1919">
    <p class='ocr_par' dir='ltr' id='par_1_20' title="bbox 387 1843 1976 1919">
     <span class='ocr_line' id='line_1_20' title="bbox 387 1843 1976 1919; baseline 0.003 -21"><span class='ocrx_word' id='word_1_140' title='bbox 387 1846 580 1903; x_wconf 74' lang='grc' dir='ltr'>εἰπεῖν,</span> <span class='ocrx_word' id='word_1_141' title='bbox 610 1845 691 1897; x_wconf 83' lang='grc' dir='ltr'>ὅτι</span> <span class='ocrx_word' id='word_1_142' title='bbox 719 1844 778 1896; x_wconf 87' lang='grc' dir='ltr'>αί</span> <span class='ocrx_word' id='word_1_143' title='bbox 818 1843 1134 1915; x_wconf 86' lang='grc' dir='ltr'>Ἐκκλησίαι</span> <span class='ocrx_word' id='word_1_144' title='bbox 1160 1846 1260 1898; x_wconf 84' lang='grc' dir='ltr'>οὐκ</span> <span class='ocrx_word' id='word_1_145' title='bbox 1284 1846 1392 1899; x_wconf 76' lang='grc' dir='ltr'>είσὶ</span> <span class='ocrx_word' id='word_1_146' title='bbox 1421 1848 1565 1901; x_wconf 87' lang='grc' dir='ltr'>κατά</span> <span class='ocrx_word' id='word_1_147' title='bbox 1589 1848 1690 1918; x_wconf 81' lang='grc' dir='ltr'>τὴν</span> <span class='ocrx_word' id='word_1_148' title='bbox 1721 1850 1976 1919; x_wconf 79' lang='grc' dir='ltr'>οίκουμέο</span> 
     </span>
    </p>
   </div>
   <div class='ocr_carea' id='block_1_21' title="bbox 387 1927 1977 2004">
    <p class='ocr_par' dir='ltr' id='par_1_21' title="bbox 387 1927 1977 2004">
     <span class='ocr_line' id='line_1_21' title="bbox 387 1927 1977 2004; baseline 0.002 -22"><span class='ocrx_word' id='word_1_149' title='bbox 387 1945 516 1999; x_wconf 87' lang='grc' dir='ltr'>νην;</span> <span class='ocrx_word' id='word_1_150' title='bbox 545 1929 655 1981; x_wconf 86' lang='grc' dir='ltr'>οὐδ’</span> <span class='ocrx_word' id='word_1_151' title='bbox 688 1929 770 1981; x_wconf 81' lang='grc' dir='ltr'>ὅτι</span> <span class='ocrx_word' id='word_1_152' title='bbox 797 1928 896 1980; x_wconf 81' lang='grc' dir='ltr'>οὐκ</span> <span class='ocrx_word' id='word_1_153' title='bbox 931 1927 1402 2000; x_wconf 88' lang='grc' dir='ltr'>ἐπεϐουλεύθησαν</span> <span class='ocrx_word' id='word_1_154' title='bbox 1425 1946 1440 1994; x_wconf 87' lang='lat'><strong>;</strong></span> <span class='ocrx_word' id='word_1_155' title='bbox 1466 1930 1575 1983; x_wconf 82' lang='grc' dir='ltr'>οὐδ’</span> <span class='ocrx_word' id='word_1_156' title='bbox 1601 1931 1684 1984; x_wconf 89' lang='grc' dir='ltr'>ὃτι</span> <span class='ocrx_word' id='word_1_157' title='bbox 1713 1933 1977 2004; x_wconf 79' lang='grc' dir='ltr'>κρατοῦσι</span> 
     </span>
    </p>
   </div>
   <div class='ocr_carea' id='block_1_22' title="bbox 389 2009 1972 2084">
    <p class='ocr_par' dir='ltr' id='par_1_22' title="bbox 389 2009 1972 2084">
     <span class='ocr_line' id='line_1_22' title="bbox 389 2009 1972 2084; baseline 0.003 -20"><span class='ocrx_word' id='word_1_158' title='bbox 389 2011 486 2064; x_wconf 77' lang='grc' dir='ltr'>καὶ</span> <span class='ocrx_word' id='word_1_159' title='bbox 523 2011 924 2080; x_wconf 81' lang='grc' dir='ltr'>περιγίνονται;</span> <span class='ocrx_word' id='word_1_160' title='bbox 973 2009 1114 2063; x_wconf 85' lang='grc' dir='ltr'>Ἀλλ’</span> <span class='ocrx_word' id='word_1_161' title='bbox 1157 2011 1348 2084; x_wconf 85' lang='grc' dir='ltr'>ὥσπερ</span> <span class='ocrx_word' id='word_1_162' title='bbox 1374 2013 1475 2067; x_wconf 82' lang='grc' dir='ltr'>οὐκ</span> <span class='ocrx_word' id='word_1_163' title='bbox 1499 2013 1648 2068; x_wconf 77' lang='grc' dir='ltr'>ἔστιν</span> <span class='ocrx_word' id='word_1_164' title='bbox 1679 2015 1854 2067; x_wconf 84' lang='grc' dir='ltr'>εἰπεῖν</span> <span class='ocrx_word' id='word_1_165' title='bbox 1891 2016 1972 2069; x_wconf 83' lang='grc' dir='ltr'>ὅτι</span> 
     </span>
    </p>
   </div>
   <div class='ocr_carea' id='block_1_23' title="bbox 391 2089 1975 2172">
    <p class='ocr_par' dir='ltr' id='par_1_23' title="bbox 391 2089 1975 2172">
     <span class='ocr_line' id='line_1_23' title="bbox 391 2089 1975 2172; baseline 0.006 -29"><span class='ocrx_word' id='word_1_166' title='bbox 391 2091 492 2143; x_wconf 74' lang='grc' dir='ltr'>οὐκ</span> <span class='ocrx_word' id='word_1_167' title='bbox 519 2089 880 2172; x_wconf 52' lang='grc' dir='ltr'>ἐστινοῆλιος,</span> <span class='ocrx_word' id='word_1_168' title='bbox 919 2089 1093 2156; x_wconf 73' lang='grc' dir='ltr'>οὕτως</span> <span class='ocrx_word' id='word_1_169' title='bbox 1134 2093 1257 2150; x_wconf 78' lang='grc' dir='ltr'>οῦδέ</span> <span class='ocrx_word' id='word_1_170' title='bbox 1285 2095 1478 2152; x_wconf 86' lang='grc' dir='ltr'>ταῦτα.</span> <span class='ocrx_word' id='word_1_171' title='bbox 1510 2097 1576 2149; x_wconf 83' lang='grc' dir='ltr'>Τί</span> <span class='ocrx_word' id='word_1_172' title='bbox 1608 2095 1663 2149; x_wconf 85' lang='grc' dir='ltr'>δέ</span> <span class='ocrx_word' id='word_1_173' title='bbox 1689 2115 1704 2164; x_wconf 80' lang='grc'><strong>;</strong></span> <span class='ocrx_word' id='word_1_174' title='bbox 1736 2095 1833 2169; x_wconf 75' lang='grc' dir='ltr'>τὴν</span> <span class='ocrx_word' id='word_1_175' title='bbox 1875 2115 1975 2152; x_wconf 80' lang='grc' dir='ltr'>κα-</span> 
     </span>
    </p>
   </div>
   <div class='ocr_carea' id='block_1_24' title="bbox 1065 233 2916 296">
    <p class='ocr_par' dir='ltr' id='par_1_24' title="bbox 1065 233 2916 296">
     <span class='ocr_line' id='line_1_24' title="bbox 1065 233 2916 296; baseline -0.001 -4"><span class='ocrx_word' id='word_1_176' title='bbox 1065 235 1120 292; x_wconf 73' lang='lat' dir='ltr'>S.</span> <span class='ocrx_word' id='word_1_177' title='bbox 1161 234 1443 293; x_wconf 72' lang='lat' dir='ltr'>JOANNIS</span> <span class='ocrx_word' id='word_1_178' title='bbox 1479 235 1971 294; x_wconf 73' lang='lat' dir='ltr'>CIIRYSOSTOMI</span> <span class='ocrx_word' id='word_1_179' title='bbox 2004 236 2324 296; x_wconf 78' lang='lat' dir='ltr'>ARCHIEP.</span> <span class='ocrx_word' id='word_1_180' title='bbox 2362 233 2916 294; x_wconf 73' lang='lat' dir='ltr'>CONSTANTINOP.</span> 
     </span>
    </p>
   </div>
   <div class='ocr_carea' id='block_1_25' title="bbox 3565 237 3679 292">
    <p class='ocr_par' dir='ltr' id='par_1_25' title="bbox 3565 237 3679 292">
     <span class='ocr_line' id='line_1_25' title="bbox 3565 237 3679 292; baseline 0 0"><span class='ocrx_word' id='word_1_181' title='bbox 3565 237 3679 292; x_wconf 72' lang='grc'>838</span> 
     </span>
    </p>
   </div>
   <div class='ocr_carea' id='block_1_26' title="bbox 2073 349 3682 429">
    <p class='ocr_par' dir='ltr' id='par_1_26' title="bbox 2073 349 3682 429">
     <span class='ocr_line' id='line_1_26' title="bbox 2073 349 3682 429; baseline -0.004 -18"><span class='ocrx_word' id='word_1_182' title='bbox 2073 356 2363 429; x_wconf 79' lang='grc' dir='ltr'>τασκαφὴν</span> <span class='ocrx_word' id='word_1_183' title='bbox 2393 355 2486 409; x_wconf 92' lang='grc' dir='ltr'>τοῦ</span> <span class='ocrx_word' id='word_1_184' title='bbox 2516 355 2809 409; x_wconf 79' lang='grc' dir='ltr'>ἰουδαῖκου</span> <span class='ocrx_word' id='word_1_185' title='bbox 2827 350 2959 406; x_wconf 89' lang='grc' dir='ltr'>ναοῦ</span> <span class='ocrx_word' id='word_1_186' title='bbox 2975 352 3224 422; x_wconf 83' lang='grc' dir='ltr'>οὐχόρᾷς</span> <span class='ocrx_word' id='word_1_187' title='bbox 3247 349 3352 421; x_wconf 79' lang='grc' dir='ltr'>πρὸ</span> <span class='ocrx_word' id='word_1_188' title='bbox 3375 349 3682 421; x_wconf 78' lang='grc' dir='ltr'>ὀφθαλμῶν</span> 
     </span>
    </p>
   </div>
   <div class='ocr_carea' id='block_1_27' title="bbox 2077 431 3678 511">
    <p class='ocr_par' dir='ltr' id='par_1_27' title="bbox 2077 431 3678 511">
     <span class='ocr_line' id='line_1_27' title="bbox 2077 431 3678 511; baseline 0.002 -18"><span class='ocrx_word' id='word_1_189' title='bbox 2077 439 2338 511; x_wconf 81' lang='grc' dir='ltr'>κειμένην</span> <span class='ocrx_word' id='word_1_190' title='bbox 2379 438 2480 508; x_wconf 83' lang='grc' dir='ltr'>τῆς</span> <span class='ocrx_word' id='word_1_191' title='bbox 2509 437 2839 507; x_wconf 82' lang='grc' dir='ltr'>οἰκουμένης</span> <span class='ocrx_word' id='word_1_192' title='bbox 2878 435 3134 504; x_wconf 85' lang='grc' dir='ltr'>ἁπάσης;</span> <span class='ocrx_word' id='word_1_193' title='bbox 3173 433 3262 486; x_wconf 78' lang='grc' dir='ltr'>διὰ</span> <span class='ocrx_word' id='word_1_194' title='bbox 3293 433 3346 486; x_wconf 88' lang='grc' dir='ltr'>τί</span> <span class='ocrx_word' id='word_1_195' title='bbox 3377 434 3452 504; x_wconf 84' lang='grc' dir='ltr'>μὴ</span> <span class='ocrx_word' id='word_1_196' title='bbox 3481 431 3678 503; x_wconf 73' lang='grc' dir='ltr'>λογίζῃ</span> 
     </span>
    </p>
   </div>
   <div class='ocr_carea' id='block_1_28' title="bbox 2077 515 3679 594">
    <p class='ocr_par' dir='ltr' id='par_1_28' title="bbox 2077 515 3679 594">
     <span class='ocr_line' id='line_1_28' title="bbox 2077 515 3679 594; baseline -0.006 -18"><span class='ocrx_word' id='word_1_197' title='bbox 2077 522 2215 594; x_wconf 83' lang='grc' dir='ltr'>πρὸς</span> <span class='ocrx_word' id='word_1_198' title='bbox 2241 523 2468 576; x_wconf 89' lang='grc' dir='ltr'>σεαυτόν</span> <span class='ocrx_word' id='word_1_199' title='bbox 2488 539 2502 553; x_wconf 87' lang='grc'><strong>·</strong></span> <span class='ocrx_word' id='word_1_200' title='bbox 2529 522 2592 574; x_wconf 87' lang='grc' dir='ltr'>Εἰ</span> <span class='ocrx_word' id='word_1_201' title='bbox 2626 519 2701 592; x_wconf 76' lang='grc' dir='ltr'>μὴ</span> <span class='ocrx_word' id='word_1_202' title='bbox 2731 519 2864 584; x_wconf 83' lang='grc' dir='ltr'>Θεὸς</span> <span class='ocrx_word' id='word_1_203' title='bbox 2893 515 2982 590; x_wconf 82' lang='grc' dir='ltr'>ἦν,</span> <span class='ocrx_word' id='word_1_204' title='bbox 3009 518 3106 571; x_wconf 77' lang='grc' dir='ltr'>καὶ</span> <span class='ocrx_word' id='word_1_205' title='bbox 3136 517 3270 580; x_wconf 82' lang='grc' dir='ltr'>Θεὸς</span> <span class='ocrx_word' id='word_1_206' title='bbox 3306 517 3548 588; x_wconf 82' lang='grc' dir='ltr'>ἰσχυρὸς,</span> <span class='ocrx_word' id='word_1_207' title='bbox 3578 516 3679 568; x_wconf 75' lang='grc' dir='ltr'>σιτό-</span> 
     </span>
    </p>
   </div>
   <div class='ocr_carea' id='block_1_29' title="bbox 2076 598 3681 675">
    <p class='ocr_par' dir='ltr' id='par_1_29' title="bbox 2076 598 3681 675">
     <span class='ocr_line' id='line_1_29' title="bbox 2076 598 3681 675; baseline -0.006 -16"><span class='ocrx_word' id='word_1_208' title='bbox 2076 605 2168 659; x_wconf 89' lang='grc' dir='ltr'>θεν</span> <span class='ocrx_word' id='word_1_209' title='bbox 2193 605 2260 658; x_wconf 84' lang='grc' dir='ltr'>ἂν</span> <span class='ocrx_word' id='word_1_210' title='bbox 2288 606 2338 657; x_wconf 92' lang='grc' dir='ltr'>οί</span> <span class='ocrx_word' id='word_1_211' title='bbox 2375 604 2474 674; x_wconf 88' lang='grc' dir='ltr'>μέν</span> <span class='ocrx_word' id='word_1_212' title='bbox 2504 603 2901 675; x_wconf 89' lang='grc' dir='ltr'>θεραπεύοντες</span> <span class='ocrx_word' id='word_1_213' title='bbox 2924 601 3087 654; x_wconf 83' lang='grc' dir='ltr'>αὐτὸν</span> <span class='ocrx_word' id='word_1_214' title='bbox 3109 599 3281 663; x_wconf 79' lang='grc' dir='ltr'>οὕτως</span> <span class='ocrx_word' id='word_1_215' title='bbox 3312 598 3552 668; x_wconf 77' lang='grc' dir='ltr'>ηῦξαντο</span> <span class='ocrx_word' id='word_1_216' title='bbox 3578 598 3681 652; x_wconf 78' lang='grc' dir='ltr'>καὶ</span> 
     </span>
    </p>
   </div>
   <div class='ocr_carea' id='block_1_30' title="bbox 2076 681 3682 758">
    <p class='ocr_par' dir='ltr' id='par_1_30' title="bbox 2076 681 3682 758">
     <span class='ocr_line' id='line_1_30' title="bbox 2076 681 3682 758; baseline -0.004 -18"><span class='ocrx_word' id='word_1_217' title='bbox 2076 688 2475 758; x_wconf 87' lang='grc' dir='ltr'>ἐνοχλούμενοι,</span> <span class='ocrx_word' id='word_1_218' title='bbox 2507 687 2556 740; x_wconf 90' lang='grc' dir='ltr'>οἰ</span> <span class='ocrx_word' id='word_1_219' title='bbox 2585 686 2643 740; x_wconf 86' lang='grc' dir='ltr'>δέ</span> <span class='ocrx_word' id='word_1_220' title='bbox 2669 685 3076 756; x_wconf 86' lang='grc' dir='ltr'>ἐσταυρωκότες</span> <span class='ocrx_word' id='word_1_221' title='bbox 3108 681 3272 736; x_wconf 78' lang='grc' dir='ltr'>αὑτὸν</span> <span class='ocrx_word' id='word_1_222' title='bbox 3309 682 3405 734; x_wconf 74' lang='grc' dir='ltr'>καὶ</span> <span class='ocrx_word' id='word_1_223' title='bbox 3435 698 3682 752; x_wconf 81' lang='grc' dir='ltr'>προσκε·</span> 
     </span>
    </p>
   </div>
   <div class='ocr_carea' id='block_1_31' title="bbox 2076 764 3681 840">
    <p class='ocr_par' dir='ltr' id='par_1_31' title="bbox 2076 764 3681 840">
     <span class='ocr_line' id='line_1_31' title="bbox 2076 764 3681 840; baseline -0.004 -18"><span class='ocrx_word' id='word_1_224' title='bbox 2076 772 2372 840; x_wconf 89' lang='grc' dir='ltr'>κρουκότες</span> <span class='ocrx_word' id='word_1_225' title='bbox 2399 768 2574 833; x_wconf 80' lang='grc' dir='ltr'>οὕτως</span> <span class='ocrx_word' id='word_1_226' title='bbox 2625 766 3094 838; x_wconf 82' lang='grc' dir='ltr'>ἐταπεινώθησαν,</span> <span class='ocrx_word' id='word_1_227' title='bbox 3143 765 3220 827; x_wconf 86' lang='grc' dir='ltr'>ὡς</span> <span class='ocrx_word' id='word_1_228' title='bbox 3265 765 3360 818; x_wconf 67' lang='grc' dir='ltr'>καὶ</span> <span class='ocrx_word' id='word_1_229' title='bbox 3392 764 3681 824; x_wconf 84' lang='grc' dir='ltr'>πολιτείας</span> 
     </span>
    </p>
   </div>
   <div class='ocr_carea' id='block_1_32' title="bbox 2076 847 3682 924">
    <p class='ocr_par' dir='ltr' id='par_1_32' title="bbox 2076 847 3682 924">
     <span class='ocr_line' id='line_1_32' title="bbox 2076 847 3682 924; baseline -0.004 -19"><span class='ocrx_word' id='word_1_230' title='bbox 2076 855 2331 906; x_wconf 86' lang='grc' dir='ltr'>ἐκπεσεῖν</span> <span class='ocrx_word' id='word_1_231' title='bbox 2377 853 2620 924; x_wconf 86' lang='grc' dir='ltr'>ἀπάσης,</span> <span class='ocrx_word' id='word_1_232' title='bbox 2648 853 2744 906; x_wconf 77' lang='grc' dir='ltr'>καὶ</span> <span class='ocrx_word' id='word_1_233' title='bbox 2793 852 2988 920; x_wconf 82' lang='grc' dir='ltr'>ἀλῆται</span> <span class='ocrx_word' id='word_1_234' title='bbox 3018 850 3111 902; x_wconf 78' lang='grc' dir='ltr'>καὶ</span> <span class='ocrx_word' id='word_1_235' title='bbox 3146 847 3300 920; x_wconf 79' lang='lat'>[585]</span> <span class='ocrx_word' id='word_1_236' title='bbox 3335 847 3526 901; x_wconf 73' lang='grc' dir='ltr'>πλάνοι</span> <span class='ocrx_word' id='word_1_237' title='bbox 3579 847 3682 900; x_wconf 72' lang='grc' dir='ltr'>καὶ</span> 
     </span>
    </p>
   </div>
   <div class='ocr_carea' id='block_1_33' title="bbox 2076 931 3684 1008">
    <p class='ocr_par' dir='ltr' id='par_1_33' title="bbox 2076 931 3684 1008">
     <span class='ocr_line' id='line_1_33' title="bbox 2076 931 3684 1008; baseline -0.005 -18"><span class='ocrx_word' id='word_1_238' title='bbox 2076 938 2315 1007; x_wconf 82' lang='grc' dir='ltr'>φυγάδες</span> <span class='ocrx_word' id='word_1_239' title='bbox 2364 937 2772 1008; x_wconf 84' lang='grc' dir='ltr'>περιέρχονται,</span> <span class='ocrx_word' id='word_1_240' title='bbox 2809 935 2905 988; x_wconf 77' lang='grc' dir='ltr'>καὶ</span> <span class='ocrx_word' id='word_1_241' title='bbox 2933 934 3124 1005; x_wconf 85' lang='grc' dir='ltr'>χρόνος</span> <span class='ocrx_word' id='word_1_242' title='bbox 3165 933 3339 996; x_wconf 74' lang='grc' dir='ltr'>οὐδεὶς</span> <span class='ocrx_word' id='word_1_243' title='bbox 3387 931 3684 1000; x_wconf 82' lang='grc' dir='ltr'>οὐδέτερον</span> 
     </span>
    </p>
   </div>
   <div class='ocr_carea' id='block_1_34' title="bbox 2077 1007 3684 1089">
    <p class='ocr_par' dir='ltr' id='par_1_34' title="bbox 2077 1007 3684 1089">
     <span class='ocr_line' id='line_1_34' title="bbox 2077 1007 3684 1089; baseline -0.005 -16"><span class='ocrx_word' id='word_1_244' title='bbox 2077 1020 2273 1085; x_wconf 76' lang='grc' dir='ltr'>ἔλυσες</span> <span class='ocrx_word' id='word_1_245' title='bbox 2324 1007 2608 1087; x_wconf 14' lang='grc' dir='ltr'>Καίτοινγε</span> <span class='ocrx_word' id='word_1_246' title='bbox 2639 1019 2778 1088; x_wconf 85' lang='grc' dir='ltr'>πρὸς</span> <span class='ocrx_word' id='word_1_247' title='bbox 2816 1019 2917 1089; x_wconf 84' lang='grc' dir='ltr'>τὴν</span> <span class='ocrx_word' id='word_1_248' title='bbox 2975 1015 3265 1087; x_wconf 75' lang='grc' dir='ltr'>Ῥωμαίων</span> <span class='ocrx_word' id='word_1_249' title='bbox 3312 1015 3482 1085; x_wconf 82' lang='grc' dir='ltr'>ἀρχὴν</span> <span class='ocrx_word' id='word_1_250' title='bbox 3521 1007 3684 1066; x_wconf 70' lang='grc' dir='ltr'>οὗτοι</span> 
     </span>
    </p>
   </div>
   <div class='ocr_carea' id='block_1_35' title="bbox 2075 1097 3684 1174">
    <p class='ocr_par' dir='ltr' id='par_1_35' title="bbox 2075 1097 3684 1174">
     <span class='ocr_line' id='line_1_35' title="bbox 2075 1097 3684 1174; baseline -0.006 -15"><span class='ocrx_word' id='word_1_251' title='bbox 2075 1105 2162 1174; x_wconf 83' lang='grc' dir='ltr'>δὴ,</span> <span class='ocrx_word' id='word_1_252' title='bbox 2189 1099 2335 1158; x_wconf 73' lang='grc' dir='ltr'>οὗτοι</span> <span class='ocrx_word' id='word_1_253' title='bbox 2364 1107 2412 1158; x_wconf 91' lang='grc' dir='ltr'>οἱ</span> <span class='ocrx_word' id='word_1_254' title='bbox 2456 1105 2698 1158; x_wconf 84' lang='grc' dir='ltr'>Ἰουδαῖοι</span> <span class='ocrx_word' id='word_1_255' title='bbox 2737 1102 2833 1156; x_wconf 77' lang='grc' dir='ltr'>καὶ</span> <span class='ocrx_word' id='word_1_256' title='bbox 2867 1101 3102 1170; x_wconf 88' lang='grc' dir='ltr'>πόλεμον</span> <span class='ocrx_word' id='word_1_257' title='bbox 3139 1100 3361 1161; x_wconf 79' lang='grc' dir='ltr'>εἴλοντο,</span> <span class='ocrx_word' id='word_1_258' title='bbox 3409 1098 3500 1151; x_wconf 75' lang='grc' dir='ltr'>καὶ</span> <span class='ocrx_word' id='word_1_259' title='bbox 3526 1097 3684 1150; x_wconf 79' lang='grc' dir='ltr'>ὅπλα</span> 
     </span>
    </p>
   </div>
   <div class='ocr_carea' id='block_1_36' title="bbox 2077 1178 3688 1258">
    <p class='ocr_par' dir='ltr' id='par_1_36' title="bbox 2077 1178 3688 1258">
     <span class='ocr_line' id='line_1_36' title="bbox 2077 1178 3688 1258; baseline -0.005 -18"><span class='ocrx_word' id='word_1_260' title='bbox 2077 1189 2356 1258; x_wconf 88' lang='grc' dir='ltr'>ἐκίνησαν,</span> <span class='ocrx_word' id='word_1_261' title='bbox 2411 1186 2507 1241; x_wconf 79' lang='grc' dir='ltr'>καὶ</span> <span class='ocrx_word' id='word_1_262' title='bbox 2540 1185 2738 1258; x_wconf 81' lang='grc' dir='ltr'>μακρῷ</span> <span class='ocrx_word' id='word_1_263' title='bbox 2783 1185 2960 1255; x_wconf 74' lang='grc' dir='ltr'>χρόνῳ</span> <span class='ocrx_word' id='word_1_264' title='bbox 3006 1180 3471 1253; x_wconf 81' lang='grc' dir='ltr'>παραταττόμενοι</span> <span class='ocrx_word' id='word_1_265' title='bbox 3500 1178 3688 1232; x_wconf 81' lang='grc' dir='ltr'>διετέ-</span> 
     </span>
    </p>
   </div>
   <div class='ocr_carea' id='block_1_37' title="bbox 2077 1265 3683 1339">
    <p class='ocr_par' dir='ltr' id='par_1_37' title="bbox 2077 1265 3683 1339">
     <span class='ocr_line' id='line_1_37' title="bbox 2077 1265 3683 1339; baseline -0.006 -17"><span class='ocrx_word' id='word_1_266' title='bbox 2077 1271 2262 1335; x_wconf 90' lang='grc' dir='ltr'>λεσαν,</span> <span class='ocrx_word' id='word_1_267' title='bbox 2295 1270 2390 1324; x_wconf 83' lang='grc' dir='ltr'>καί</span> <span class='ocrx_word' id='word_1_268' title='bbox 2430 1286 2536 1322; x_wconf 89' lang='grc' dir='ltr'>που</span> <span class='ocrx_word' id='word_1_269' title='bbox 2567 1269 2660 1322; x_wconf 73' lang='grc' dir='ltr'>καὶ</span> <span class='ocrx_word' id='word_1_270' title='bbox 2685 1269 3018 1339; x_wconf 83' lang='grc' dir='ltr'>ἐκράτησαν.</span> <span class='ocrx_word' id='word_1_271' title='bbox 3058 1265 3152 1318; x_wconf 77' lang='grc' dir='ltr'>καὶ</span> <span class='ocrx_word' id='word_1_272' title='bbox 3187 1265 3488 1334; x_wconf 79' lang='grc' dir='ltr'>πράγματα</span> <span class='ocrx_word' id='word_1_273' title='bbox 3521 1279 3683 1332; x_wconf 65' lang='grc' dir='ltr'>παρ-</span> 
     </span>
    </p>
   </div>
   <div class='ocr_carea' id='block_1_38' title="bbox 2077 1341 3685 1426">
    <p class='ocr_par' dir='ltr' id='par_1_38' title="bbox 2077 1341 3685 1426">
     <span class='ocr_line' id='line_1_38' title="bbox 2077 1341 3685 1426; baseline -0.007 -17"><span class='ocrx_word' id='word_1_274' title='bbox 2077 1355 2236 1426; x_wconf 87' lang='grc' dir='ltr'>έσχον</span> <span class='ocrx_word' id='word_1_275' title='bbox 2263 1358 2375 1419; x_wconf 82' lang='grc' dir='ltr'>τοῖς</span> <span class='ocrx_word' id='word_1_276' title='bbox 2399 1355 2518 1407; x_wconf 86' lang='grc' dir='ltr'>τότε</span> <span class='ocrx_word' id='word_1_277' title='bbox 2547 1353 2878 1421; x_wconf 84' lang='grc' dir='ltr'>Αὑγούστοις</span> <span class='ocrx_word' id='word_1_278' title='bbox 2897 1351 2957 1403; x_wconf 83' lang='grc' dir='ltr'>ού</span> <span class='ocrx_word' id='word_1_279' title='bbox 2977 1349 3044 1402; x_wconf 85' lang='grc' dir='ltr'>τὰ</span> <span class='ocrx_word' id='word_1_280' title='bbox 3058 1349 3308 1418; x_wconf 84' lang='grc' dir='ltr'>τυχόντα·</span> <span class='ocrx_word' id='word_1_281' title='bbox 3335 1346 3577 1416; x_wconf 84' lang='grc' dir='ltr'>τοσαύτη</span> <span class='ocrx_word' id='word_1_282' title='bbox 3609 1341 3685 1414; x_wconf 79' lang='grc' dir='ltr'>ἦν</span> 
     </span>
    </p>
   </div>
   <div class='ocr_carea' id='block_1_39' title="bbox 2076 1429 3686 1507">
    <p class='ocr_par' dir='ltr' id='par_1_39' title="bbox 2076 1429 3686 1507">
     <span class='ocr_line' id='line_1_39' title="bbox 2076 1429 3686 1507; baseline -0.007 -15"><span class='ocrx_word' id='word_1_283' title='bbox 2076 1439 2256 1492; x_wconf 79' lang='grc' dir='ltr'>αὐτῶν</span> <span class='ocrx_word' id='word_1_284' title='bbox 2305 1439 2338 1507; x_wconf 84' lang='grc' dir='ltr'>ὴ</span> <span class='ocrx_word' id='word_1_285' title='bbox 2374 1436 2622 1506; x_wconf 86' lang='grc' dir='ltr'>δύναμις.</span> <span class='ocrx_word' id='word_1_286' title='bbox 2669 1435 2809 1488; x_wconf 83' lang='grc' dir='ltr'>Ἀλλ’</span> <span class='ocrx_word' id='word_1_287' title='bbox 2851 1435 3001 1503; x_wconf 87' lang='grc' dir='ltr'>ὅμως</span> <span class='ocrx_word' id='word_1_288' title='bbox 3040 1433 3089 1483; x_wconf 88' lang='grc' dir='ltr'>οἱ</span> <span class='ocrx_word' id='word_1_289' title='bbox 3127 1431 3222 1484; x_wconf 73' lang='grc' dir='ltr'>καὶ</span> <span class='ocrx_word' id='word_1_290' title='bbox 3256 1429 3686 1499; x_wconf 77' lang='grc' dir='ltr'>πολεμήσαντες</span> 
     </span>
    </p>
   </div>
   <div class='ocr_carea' id='block_1_40' title="bbox 2077 1512 3684 1590">
    <p class='ocr_par' dir='ltr' id='par_1_40' title="bbox 2077 1512 3684 1590">
     <span class='ocr_line' id='line_1_40' title="bbox 2077 1512 3684 1590; baseline -0.008 -15"><span class='ocrx_word' id='word_1_291' title='bbox 2077 1521 2350 1584; x_wconf 83' lang='grc' dir='ltr'>τοσούτοις</span> <span class='ocrx_word' id='word_1_292' title='bbox 2376 1518 2655 1590; x_wconf 87' lang='grc' dir='ltr'>βασιλεῦσι</span> <span class='ocrx_word' id='word_1_293' title='bbox 2703 1518 2797 1571; x_wconf 74' lang='grc' dir='ltr'>καὶ</span> <span class='ocrx_word' id='word_1_294' title='bbox 2826 1514 3296 1587; x_wconf 83' lang='grc' dir='ltr'>παραταξάμενοι,</span> <span class='ocrx_word' id='word_1_295' title='bbox 3328 1513 3419 1565; x_wconf 73' lang='grc' dir='ltr'>καὶ</span> <span class='ocrx_word' id='word_1_296' title='bbox 3444 1512 3684 1582; x_wconf 81' lang='grc' dir='ltr'>χρημά-</span> 
     </span>
    </p>
   </div>
   <div class='ocr_carea' id='block_1_41' title="bbox 2077 1595 3687 1673">
    <p class='ocr_par' dir='ltr' id='par_1_41' title="bbox 2077 1595 3687 1673">
     <span class='ocr_line' id='line_1_41' title="bbox 2077 1595 3687 1673; baseline -0.007 -16"><span class='ocrx_word' id='word_1_297' title='bbox 2077 1622 2186 1658; x_wconf 89' lang='grc' dir='ltr'>των</span> <span class='ocrx_word' id='word_1_298' title='bbox 2219 1604 2373 1673; x_wconf 78' lang='grc' dir='ltr'>ἰσχὺν</span> <span class='ocrx_word' id='word_1_299' title='bbox 2399 1602 2671 1672; x_wconf 86' lang='grc' dir='ltr'>τοσαύτην</span> <span class='ocrx_word' id='word_1_300' title='bbox 2692 1601 2787 1654; x_wconf 70' lang='grc' dir='ltr'>καὶ</span> <span class='ocrx_word' id='word_1_301' title='bbox 2805 1598 2987 1653; x_wconf 78' lang='grc' dir='ltr'>ὅπλων</span> <span class='ocrx_word' id='word_1_302' title='bbox 3018 1597 3114 1651; x_wconf 79' lang='grc' dir='ltr'>καὶ</span> <span class='ocrx_word' id='word_1_303' title='bbox 3148 1595 3495 1666; x_wconf 82' lang='grc' dir='ltr'>στρατιωτῶν</span> <span class='ocrx_word' id='word_1_304' title='bbox 3523 1595 3687 1664; x_wconf 80' lang='grc' dir='ltr'>ἕχον-</span> 
     </span>
    </p>
   </div>
   <div class='ocr_carea' id='block_1_42' title="bbox 2078 1677 3683 1756">
    <p class='ocr_par' dir='ltr' id='par_1_42' title="bbox 2078 1677 3683 1756">
     <span class='ocr_line' id='line_1_42' title="bbox 2078 1677 3683 1756; baseline -0.006 -17"><span class='ocrx_word' id='word_1_305' title='bbox 2078 1704 2188 1750; x_wconf 87' lang='grc' dir='ltr'>τες,</span> <span class='ocrx_word' id='word_1_306' title='bbox 2237 1687 2332 1739; x_wconf 72' lang='grc' dir='ltr'>καὶ</span> <span class='ocrx_word' id='word_1_307' title='bbox 2363 1685 2710 1756; x_wconf 83' lang='grc' dir='ltr'>στρατηγοὺς</span> <span class='ocrx_word' id='word_1_308' title='bbox 2729 1683 2825 1736; x_wconf 81' lang='grc' dir='ltr'>καὶ</span> <span class='ocrx_word' id='word_1_309' title='bbox 2857 1680 3084 1752; x_wconf 86' lang='grc' dir='ltr'>μυρίους</span> <span class='ocrx_word' id='word_1_310' title='bbox 3104 1679 3418 1740; x_wconf 82' lang='grc' dir='ltr'>ἐλάσαντες,</span> <span class='ocrx_word' id='word_1_311' title='bbox 3441 1677 3538 1731; x_wconf 83' lang='grc' dir='ltr'>ἓνα</span> <span class='ocrx_word' id='word_1_312' title='bbox 3567 1679 3683 1730; x_wconf 71' lang='grc' dir='ltr'>οὐκ</span> 
     </span>
    </p>
   </div>
   <div class='ocr_carea' id='block_1_43' title="bbox 2080 1759 3676 1838">
    <p class='ocr_par' dir='ltr' id='par_1_43' title="bbox 2080 1759 3676 1838">
     <span class='ocr_line' id='line_1_43' title="bbox 2080 1759 3676 1838; baseline -0.006 -16"><span class='ocrx_word' id='word_1_313' title='bbox 2080 1770 2308 1838; x_wconf 74' lang='grc' dir='ltr'>ἴσχυσαν</span> <span class='ocrx_word' id='word_1_314' title='bbox 2337 1767 2632 1836; x_wconf 86' lang='grc' dir='ltr'>ὲναστῆσαι</span> <span class='ocrx_word' id='word_1_315' title='bbox 2655 1765 2800 1820; x_wconf 89' lang='grc' dir='ltr'>ναόν·</span> <span class='ocrx_word' id='word_1_316' title='bbox 2831 1763 2967 1818; x_wconf 85' lang='grc' dir='ltr'>ἀλλὰ</span> <span class='ocrx_word' id='word_1_317' title='bbox 2990 1759 3318 1829; x_wconf 82' lang='grc' dir='ltr'>συναγωγὰς</span> <span class='ocrx_word' id='word_1_318' title='bbox 3349 1760 3446 1830; x_wconf 83' lang='grc' dir='ltr'>μὲν</span> <span class='ocrx_word' id='word_1_319' title='bbox 3472 1760 3676 1813; x_wconf 80' lang='grc' dir='ltr'>πολλα-</span> 
     </span>
    </p>
   </div>
   <div class='ocr_carea' id='block_1_44' title="bbox 2079 1843 3679 1922">
    <p class='ocr_par' dir='ltr' id='par_1_44' title="bbox 2079 1843 3679 1922">
     <span class='ocr_line' id='line_1_44' title="bbox 2079 1843 3679 1922; baseline -0.007 -16"><span class='ocrx_word' id='word_1_320' title='bbox 2079 1851 2174 1922; x_wconf 88' lang='grc' dir='ltr'>χοῦ</span> <span class='ocrx_word' id='word_1_321' title='bbox 2203 1851 2312 1905; x_wconf 84' lang='grc' dir='ltr'>τῶν</span> <span class='ocrx_word' id='word_1_322' title='bbox 2340 1851 2550 1904; x_wconf 89' lang='grc' dir='ltr'>πόλεων</span> <span class='ocrx_word' id='word_1_323' title='bbox 2581 1849 2960 1921; x_wconf 83' lang='grc' dir='ltr'>ᾠκοδόμησαν,</span> <span class='ocrx_word' id='word_1_324' title='bbox 2989 1850 3082 1898; x_wconf 85' lang='grc' dir='ltr'>τδν</span> <span class='ocrx_word' id='word_1_325' title='bbox 3113 1845 3168 1896; x_wconf 82' lang='grc' dir='ltr'>δὲ</span> <span class='ocrx_word' id='word_1_326' title='bbox 3197 1844 3361 1896; x_wconf 88' lang='grc' dir='ltr'>τόπον</span> <span class='ocrx_word' id='word_1_327' title='bbox 3397 1843 3488 1894; x_wconf 78' lang='grc' dir='ltr'>τὸν</span> <span class='ocrx_word' id='word_1_328' title='bbox 3516 1859 3679 1912; x_wconf 74' lang='grc' dir='ltr'>παρ-</span> 
     </span>
    </p>
   </div>
   <div class='ocr_carea' id='block_1_45' title="bbox 2077 1925 3680 2004">
    <p class='ocr_par' dir='ltr' id='par_1_45' title="bbox 2077 1925 3680 2004">
     <span class='ocr_line' id='line_1_45' title="bbox 2077 1925 3680 2004; baseline -0.006 -17"><span class='ocrx_word' id='word_1_329' title='bbox 2077 1933 2353 2004; x_wconf 87' lang='grc' dir='ltr'>εσχηκότα</span> <span class='ocrx_word' id='word_1_330' title='bbox 2382 1934 2568 1995; x_wconf 80' lang='grc' dir='ltr'>αὐτοῖς</span> <span class='ocrx_word' id='word_1_331' title='bbox 2599 1933 2698 2001; x_wconf 84' lang='grc' dir='ltr'>τῆς</span> <span class='ocrx_word' id='word_1_332' title='bbox 2727 1930 2932 1992; x_wconf 86' lang='grc' dir='ltr'>οἰκείας</span> <span class='ocrx_word' id='word_1_333' title='bbox 2960 1927 3236 1988; x_wconf 88' lang='grc' dir='ltr'>πολιτείας</span> <span class='ocrx_word' id='word_1_334' title='bbox 3262 1925 3324 1977; x_wconf 79' lang='grc' dir='ltr'>τὸ</span> <span class='ocrx_word' id='word_1_335' title='bbox 3359 1925 3544 1995; x_wconf 84' lang='grc' dir='ltr'>κῦρος,</span> <span class='ocrx_word' id='word_1_336' title='bbox 3575 1933 3680 1978; x_wconf 72' lang='grc' dir='ltr'>καί</span> 
     </span>
    </p>
   </div>
   <div class='ocr_carea' id='block_1_46' title="bbox 2079 2007 3680 2076">
    <p class='ocr_par' dir='ltr' id='par_1_46' title="bbox 2079 2007 3680 2076">
     <span class='ocr_line' id='line_1_46' title="bbox 2079 2007 3680 2076; baseline -0.008 -6"><span class='ocrx_word' id='word_1_337' title='bbox 2079 2015 2209 2070; x_wconf 76' lang='grc' dir='ltr'>ἔνθα</span> <span class='ocrx_word' id='word_1_338' title='bbox 2253 2015 2431 2068; x_wconf 85' lang='grc' dir='ltr'>πάντα</span> <span class='ocrx_word' id='word_1_339' title='bbox 2461 2013 2636 2066; x_wconf 87' lang='grc' dir='ltr'>τελεῖν</span> <span class='ocrx_word' id='word_1_340' title='bbox 2676 2012 2926 2073; x_wconf 83' lang='grc' dir='ltr'>εἰώθασι,</span> <span class='ocrx_word' id='word_1_341' title='bbox 2981 2010 3074 2062; x_wconf 77' lang='grc' dir='ltr'>καὶ</span> <span class='ocrx_word' id='word_1_342' title='bbox 3108 2008 3230 2061; x_wconf 82' lang='grc' dir='ltr'>ὅθεν</span> <span class='ocrx_word' id='word_1_343' title='bbox 3276 2009 3304 2059; x_wconf 88' lang='grc' dir='ltr'>ὁ</span> <span class='ocrx_word' id='word_1_344' title='bbox 3357 2007 3680 2076; x_wconf 76' lang='grc' dir='ltr'>ἰουδαῖσμδς</span> 
     </span>
    </p>
   </div>
   <div class='ocr_carea' id='block_1_47' title="bbox 2083 2090 3675 2170">
    <p class='ocr_par' dir='ltr' id='par_1_47' title="bbox 2083 2090 3675 2170">
     <span class='ocr_line' id='line_1_47' title="bbox 2083 2090 3675 2170; baseline -0.004 -19"><span class='ocrx_word' id='word_1_345' title='bbox 2083 2097 2506 2170; x_wconf 57' lang='grc' dir='ltr'>σδαίκεκρὸτητο,</span> <span class='ocrx_word' id='word_1_346' title='bbox 2538 2095 2726 2149; x_wconf 86' lang='grc' dir='ltr'>τοῦτον</span> <span class='ocrx_word' id='word_1_347' title='bbox 2762 2094 2920 2166; x_wconf 89' lang='grc' dir='ltr'>μόνον</span> <span class='ocrx_word' id='word_1_348' title='bbox 2949 2093 3048 2146; x_wconf 79' lang='grc' dir='ltr'>οὐκ</span> <span class='ocrx_word' id='word_1_349' title='bbox 3081 2092 3310 2161; x_wconf 76' lang='grc' dir='ltr'>ἰσχυσιν</span> <span class='ocrx_word' id='word_1_350' title='bbox 3338 2090 3675 2160; x_wconf 81' lang='grc' dir='ltr'>ἀναστῆσαι.</span> 
     </span>
    </p>
   </div>
  </div>
