3866 6226
178 237 284 293 837

173 357 293 401 runt
318 406 330 415 ἒ
381 361 444 401 ac
487 356 692 403 temere
735 348 1035 419 frustraque
1071 348 1418 413 jactitaruut,
1456 362 1516 401 ea
1563 350 1759 402 tacuis-

170 448 319 499 sent,
366 453 485 507 qua:
516 438 680 491 tristia
714 439 1169 509 ignominiosaque.
1215 438 1354 506 apud
1405 439 1597 491 mullos
1655 438 1754 491 lia-

174 527 457 581 bebantur.
478 526 594 580 Jam
629 543 756 582 vero
776 529 848 582 illi
880 528 1066 582 horum
1092 529 1367 583 veritatem
1398 528 1755 593 declarantcs,

172 616 226 670 in
282 617 387 670 illis
423 618 651 671 maxime
692 618 954 672 immorati
982 628 1126 683 sunt,
1158 619 1443 687 omniaque
1481 617 1761 685 diligenter

172 707 492 774 copioseque
524 716 857 774 tractarunt,
908 723 1008 762 nec
1039 724 1199 777 parvo
1235 724 1337 764 nec
1380 723 1572 776 magno
1620 723 1755 777 quo—

179 796 316 861 |iatn
376 798 733 863 praetermisso
760 838 777 863 ,
830 798 925 852 sed
969 799 1021 852 in
1048 801 1209 869 signis
1252 812 1305 855 et
1354 798 1619 852 miraculis
1644 799 1759 867 plu-

175 885 307 938 rima
356 894 673 950 tacuerunt;
720 888 773 940 in
825 889 1143 943 cruciatibus
1172 900 1349 944 autem
1385 898 1441 942 et
1494 889 1587 952 iis,
1639 904 1757 959 qua:

176 975 525 1044 ignominiosa
586 978 941 1044 videbantur,
1011 981 1298 1050 plurimum
1360 982 1756 1047 implorantes,

176 1065 352 1118 omnia
399 1080 585 1121 omnes
623 1077 868 1122 accurate
908 1080 1209 1124 narrarunt.
1242 1071 1435 1125 Verum
1469 1085 1599 1139 ergo
1629 1070 1757 1125 nihil

178 1155 367 1208 borum
397 1156 534 1224 apud
583 1165 633 1210 te
670 1172 1138 1225 commemorans,
1181 1162 1350 1231 signa,
1398 1163 1650 1232 inquam,
1704 1170 1759 1215 et

178 1246 431 1301 miracula
460 1287 475 1311 ,
506 1257 561 1301 ut
604 1264 667 1302 ex
723 1250 1013 1303 abundanti
1042 1267 1254 1305 omnem
1311 1252 1634 1321 impudentis
1660 1251 1760 1303 lin-

178 1352 296 1405 guae
326 1337 558 1393 furorem
610 1355 943 1408 compescam
974 1382 990 1407 ,
1038 1358 1100 1396 ea
1150 1358 1268 1410 qua:
1317 1358 1457 1397 nunc
1485 1343 1754 1406 videntur,

180 1445 301 1499 qua:
344 1445 452 1498 pra:
495 1432 729 1484 omnium
779 1434 945 1486 oculis
991 1436 1158 1502 posita
1233 1444 1399 1499 sunt,
1457 1450 1575 1504 qua:
1640 1434 1760 1489 sole

182 1518 438 1586 clariora,
470 1535 589 1589 qua:
637 1522 830 1590 ubique
874 1522 926 1575 in
975 1532 1086 1578 toto
1140 1525 1270 1579 orbe
1316 1525 1592 1593 dispersa,
1635 1540 1755 1594 qua:

181 1612 486 1663 universum
549 1621 809 1680 occupant
854 1614 1144 1679 mundum,
1198 1624 1467 1683 totamque
1513 1626 1755 1669 naturam

181 1700 483 1765 excedunt,
527 1710 674 1769 gesta
701 1740 716 1765 ,
756 1718 874 1770 qua:
904 1703 1060 1756 unius
1104 1703 1194 1757 Dei
1221 1713 1374 1769 sunt,
1406 1720 1489 1768 ea,
1518 1704 1752 1773 inquam,

183 1788 238 1841 in
284 1787 512 1842 medium
544 1789 757 1844 adduxi.
802 1791 935 1856 Quid
962 1790 1093 1846 dicis
1116 1832 1133 1857 ,
1173 1808 1278 1845 non
1322 1794 1590 1847 suscitavit
1618 1809 1757 1848 mor-

185 1877 346 1930 tuos?
372 1876 508 1930 Num
547 1877 675 1931 illud
719 1880 877 1933 etiam
921 1880 1099 1935 dicere
1153 1890 1336 1949 potes,
1386 1882 1653 1937 Ecclesias
1703 1884 1754 1937 in

184 1965 316 2021 orbe
376 1981 480 2020 non
533 1968 701 2022 esse?
751 1970 834 2022 An
880 1968 1030 2024 dicas
1059 1970 1262 2024 insidiis
1316 1987 1419 2026 non
1498 1974 1756 2042 appetitas

185 2069 343 2121 esse,
394 2073 499 2111 non
539 2073 818 2128 superasse
863 2077 960 2114 nec
1007 2062 1279 2115 victoriam
1333 2065 1646 2132 reportare?
1690 2067 1760 2120 At

187 2147 630 2214 quemadmodum
671 2148 775 2203 dici
815 2165 920 2204 non
949 2160 1122 2220 potest
1155 2153 1321 2207 solem
1369 2170 1472 2208 non
1500 2171 1652 2223 esse,
1682 2157 1761 2212 sic

188 2250 361 2305 neque
405 2239 518 2292 hcce
562 2239 667 2295 dici
712 2250 953 2311 possunt.
988 2242 1125 2309 Quid
1182 2246 1350 2313 ergo?
1394 2246 1582 2301 Annon
1612 2246 1759 2301 vides

741 234 1019 290 CONTRA
1056 231 1341 294 JUDA'IOS
1378 241 1467 295 ET
1507 240 1870 307 GENTILES,
1908 239 2100 308 QUOD
2140 235 2486 294 CHRISTUS
2522 233 2631 289 SIT
2667 234 2864 290 DEUS.

3323 233 3430 292 8'58

1864 346 2070 401 Judaici
2120 347 2305 417 templi
2361 349 2568 403 ruinam
2616 349 2668 403 in
2722 350 2879 404 totius
2936 348 3081 406 orbis
3149 362 3435 420 conspectu

1865 437 2132 506 positam?
2169 437 2277 492 Cur
2321 453 2425 493 non
2480 448 2655 493 tecum
2711 439 2812 494 hoc
2857 449 3110 509 reputas:
3144 440 3245 495 nisi
3297 440 3438 497 Deus

1863 537 2042 591 esset,
2074 527 2314 596 Deusqne
2345 528 2494 581 fortis
2519 567 2534 592 ,
2561 529 2829 598 quomodo
2858 531 3089 584 cultores
3119 530 3232 599 ejus
3259 532 3432 586 vexati

1862 627 1918 672 et
1938 618 2185 685 exagitati
2214 619 2283 670 ita
2328 628 2613 673 creverunt
2642 660 2656 682 ,
2688 620 2776 687 qtti
2818 630 2994 673 autem
3024 621 3170 673 illum
3225 622 3435 676 cruciﬁ-

1862 716 2096 770 xerunt,
2148 717 2202 761 et
2262 708 2552 772 lzeserunt‘,
2624 710 2696 762 ita
2738 708 2930 777 dejecti
2998 720 3165 776 sunt,
3222 718 3279 763 ut
3331 721 3436 765 tota

1862 797 2131 866 republica
2182 813 2275 851 sua
2312 798 2658 864 exciderent,
2704 810 2757 851 et
2809 799 2958 867 vagi,
3014 814 3266 863 errones,
3311 814 3437 872 pro-

1861 887 1969 958 fugi
1995 890 2353 954 circumeant,
2386 904 2481 942 nec
2526 891 2857 957 quantumvis
2887 890 3135 943 diuturno
3196 899 3437 959 tempore

1860 982 2171 1036 alterutrum
2214 996 2398 1035 eorum
2438 981 2667 1034 solutum
2699 990 3062 1049 mutatnmque
3115 980 3235 1035 est?
3276 982 3436 1049 Atqut

1860 1074 2115 1128 adversus
2135 1073 2431 1127 Romanum
2452 1072 2725 1141 imperium
2749 1072 2823 1133 bi,
2850 1071 3036 1134 Jud;ei,
3064 1072 3299 1140 inquam,
3330 1071 3440 1125 bel-

1862 1164 1968 1218 lum
1999 1172 2382 1232 susceperunt,
2428 1179 2577 1215 arma
2630 1171 2940 1225 moverunt,
2987 1161 3256 1229 multoque
3299 1171 3436 1214 tent-

1860 1269 1992 1322 pore
2034 1257 2161 1308 illud
2215 1261 2620 1321 oppugnarunt,
2665 1252 2771 1304 imo
2845 1249 3126 1318 aliquando
3173 1250 3437 1311 vicerunt.

1861 1359 1961 1397 nec
2005 1358 2164 1412 parva
2195 1344 2403 1412 negotia
2436 1344 2672 1397 fecerunt
2699 1342 2946 1410 Augustis
2976 1342 3114 1393 illius
3141 1339 3394 1409 temporis
3416 1353 3439 1397 ε

1863 1442 2002 1487 tanta
2052 1445 2204 1487 erant
2272 1436 2505 1502 polentia
2567 1434 2832 1487 instructi.
2888 1437 3135 1486 Attamen
3183 1432 3272 1500 qui
3320 1445 3439 1484 cum

1863 1530 1940 1576 tot
1967 1522 2375 1593 lmperatoribus
2402 1524 2540 1577 bella
2589 1533 2864 1592 gesserunt
2898 1562 2913 1586 ,
2960 1523 3047 1591 qui
3097 1530 3237 1574 tanta
3282 1536 3443 1589 pecu-

1859 1614 2070 1669 niarum
2103 1653 2119 1676 ,
2176 1628 2492 1679 armorum,
2560 1613 2786 1666 militum
2860 1615 2909 1664 vi
2978 1611 3280 1680 pollebant,
3351 1610 3441 1678 qui

1856 1707 2024 1760 duces
2074 1704 2382 1758 innumeros
2426 1704 2769 1772 repulerunt,
2814 1718 2974 1756 unum
3016 1704 3251 1756 excitare
3304 1711 3442 1754 tem-

1856 1797 2007 1866 plum
2059 1809 2163 1846 non
2210 1802 2535 1862 potuerunt;
2584 1792 2677 1846 sed
2723 1806 3017 1863 synagogas
3070 1790 3281 1859 quidem
3346 1804 3442 1858 per

1857 1887 2018 1941 urbes
2044 1891 2359 1939 exstruxere
2401 1883 2627 1947 multas;
2661 1883 2832 1935 locum
2877 1894 3002 1934 vero
3031 1879 3177 1933 illum
3220 1879 3306 1948 qui
3340 1879 3443 1931 rei-

1863 1976 2087 2045 publicae
2134 1988 2249 2029 suae
2295 1972 2494 2041 praebet
2521 1973 2888 2026 auctoritatem
2916 2012 2931 2036 ,
2960 1969 3048 2023 ubi
3086 1984 3296 2022 omnem
3327 1969 3442 2022 cul-

1863 2075 1972 2119 tum
2021 2068 2331 2133 persolvere
2385 2073 2807 2127 consueverant,
2879 2071 3036 2130 atque
3077 2059 3216 2113 unde
3261 2058 3442 2113 Judai-

1862 2169 2008 2208 smus
2030 2155 2401 2220 constituitur,
2436 2153 2573 2206 hunc
2594 2195 2607 2220 ,
2640 2152 2852 2221 inquam
2884 2192 2897 2217 ,
2926 2150 3098 2205 solum
3147 2149 3443 2204 instaurare

1864 2262 1968 2301 non
2011 2256 2313 2315 potuerunt.
