3866 6226
412 259 514 315 859

1075 242 1155 331 ξε.
1195 257 1484 314 JOANNIS
1520 257 2013 316 CllRYSOSTOMl
2051 259 2371 316 ARCIIIEP.
2415 256 2964 315 CONSTANTINOP.

3552 260 3664 315 840

414 439 3634 495 Μ

945 691 1070 779 ΙΝ
1172 689 1599 779 LIBROS
1677 687 1995 779 OCTO
2088 684 2568 776 CONTRA
2653 683 3145 776 JUDIEOS

1677 973 2390 1088 MONITUM.

503 1431 610 1486 llas
659 1441 851 1485 contra
901 1431 1119 1487 Judteos
1176 1433 1612 1487 concertationes
1671 1440 1996 1486 memoratas

429 1535 666 1587 vidimus
701 1533 839 1587 libro
871 1534 1218 1602 prtecedcnti,
1248 1548 1354 1587 non
1386 1533 1544 1603 quasi
1571 1533 1683 1602 jam
1717 1533 1998 1587 institutas

429 1643 481 1687 et
515 1636 568 1688 in
593 1635 830 1703 publicis
855 1635 1207 1689 conciouibus
1246 1635 1480 1699 habitas,
1530 1634 1625 1689 sed
1665 1635 1824 1703 quasi
1861 1649 1998 1704 pree-

432 1743 653 1802 paratas
685 1752 698 1786 :
736 1733 926 1787 Daniel
955 1743 1153 1794 autem,
1194 1734 1372 1802 inquit
1409 1732 1855 1804 Clirysost‘omus,
1889 1735 1998 1787 hazc

431 1834 609 1886 omnia
645 1843 818 1899 aperte
845 1842 1056 1894 narrat,
1093 1833 1330 1885 universa
1370 1847 1548 1900 nempe
1579 1831 1810 1885 tollenda
1864 1849 1995 1893 esse.

431 1933 680 1994 hostium,
713 1931 960 1994 libamen,
990 1932 1305 1993 unctionem,
1330 1930 1616 1998 judicium.
1646 1930 1836 1983 Verum
1867 1931 1999 1997 hare,

433 2031 645 2099 quando
704 2031 954 2082 adversus
1005 2027 1220 2083 Judwos
1287 2046 1576 2082 sermonem
1637 2031 1994 2092 instituemus,

435 2131 636 2184 clarius
673 2131 943 2199 fusiusque
1000 2130 1376 2197 explicabimus
1401 2145 1419 2182 .'
1459 2128 1616 2180 Ἀλλὰ
1649 2129 1818 2181 ταῦτα
1880 2129 2002 2197 μὲν,

436 2232 600 2303 ἡνίκα
641 2231 707 2284 ἂν
743 2233 879 2301 πρὸς
898 2232 1024 2292 τοὺς
1048 2231 1330 2292 Ἰουδαίους
1363 2229 1641 2300 λέγωμεν,
1669 2232 2002 2302 σαφέστερον

436 2331 532 2384 καὶ
560 2331 852 2402 εὐρύτερον
889 2331 1288 2401 ἀναπτύξομεν.
1332 2329 1481 2386 Hanc
1511 2347 1641 2386 vero
1671 2342 2001 2402 postremam

438 2431 790 2486 .ludaicorum
827 2433 1029 2486 rituum
1074 2432 1513 2500 reprobationem
1567 2433 2005 2502 solutionemque

439 2535 748 2598 advenisse,
779 2532 918 2597 fuse,
951 2543 1011 2586 ut
1052 2533 1326 2602 pollicitus
1353 2543 1490 2595 erat,
1524 2533 1866 2588 demonstrat
1915 2533 2006 2587 ille

441 2635 496 2686 in
534 2633 618 2688 bis
651 2642 840 2686 contra
872 2631 1087 2687 Jndzros
1140 2633 1403 2694 homiliis,
1462 2633 1697 2686 maxime
1752 2647 1882 2686 vero
1952 2633 2005 2685 in

441 2735 687 2803 quinque
749 2735 982 2797 ultimis,
1032 2735 1145 2798 ubi,
1199 2734 1419 2788 bomilia
1457 2750 1651 2804 nempe
1684 2735 1897 2804 quinta,
1939 2750 2004 2788 ex

448 2834 668 2889 Daniele
723 2838 1024 2904 przesertim
1076 2837 1179 2890 hoc
1204 2846 1591 2906 argumentum
1628 2837 2002 2906 prosequitur.

448 2934 542 2990 Ha:
575 2945 754 2990 autem
795 2938 1034 3007 quinque
1061 2937 1264 2991 ultima:
1292 2952 1458 2997 anno,
1503 2945 1561 2989 ut
1601 2945 1874 3005 putamus,
1908 2937 2013 2990 587

448 3037 647 3091 habin
682 3047 827 3092 sunt.
863 3037 995 3092 Vide
1028 3039 1079 3092 in
1113 3038 1316 3092 Monito
1348 3037 1694 3106 pur-cedenti.

517 3137 878 3192 Homiliarum
912 3139 1046 3192 ordo
1098 3155 1203 3192 non
1251 3153 1393 3192 unus
1461 3138 1711 3206 idemque
1771 3136 2010 3190 occurrit

448 3248 556 3290 tam
588 3239 642 3290 in
674 3238 856 3302 editis,
909 3253 1072 3306 quam
1118 3237 1172 3288 in
1220 3236 1623 3302 manuscriptis.
1679 3233 1848 3287 David
1883 3231 2014 3286 Hm-

449 3337 708 3400 schelius,
758 3350 919 3404 quem
962 3346 1182 3390 secutus
1223 3345 1307 3387 est
1353 3333 1557 3386 Fronto
1620 3331 1866 3398 Ducteus,
1920 3347 2014 3387 sex

451 3449 848 3508 consequenter
877 3447 1068 3492 contra
1107 3436 1329 3492 Judaeos
1380 3437 1534 3505 ponit
1584 3435 1880 3498 homilias;
1932 3436 2015 3488 ni-

453 3540 649 3592 mirum
681 3540 910 3608 primam
932 3553 1073 3603 eam,
1107 3553 1226 3604 quae
1256 3537 1466 3604 incipit,
1516 3534 1845 3605 Ἐϐουλόμην
1878 3536 2005 3604 ὑμῖν

451 3636 741 3691 ἀποδοῦναι
769 3657 780 3690 ;
825 3637 1142 3703 secundam,
1175 3635 1340 3688 Πάλιν
1379 3637 1426 3686 ot
1470 3634 1690 3687 δείλαιοι
1720 3653 1734 3690 :
1761 3634 1972 3688 tertiam
2003 3671 2018 3695 ,

455 3737 624 3789 Πόθεν
647 3739 778 3807 ἡμῖν
799 3737 905 3808 ἄρα
931 3753 944 3790 :
975 3745 1250 3807 quartam,
1273 3737 1354 3789 Τὰ
1381 3735 1543 3805 Θηρία
1575 3734 1715 3798 ἓωςε
1748 3735 2019 3804 quintam,

453 3830 600 3904 ’Ἄρα
625 3836 783 3907 κόρον
815 3836 1072 3890 manu
1099 3845 1330 3902 sextam,
1367 3835 1649 3907 Παρῆλθεν
1690 3837 1722 3906 ἡ
1775 3835 2018 3905 νηστεία.

457 3935 657 3992 Eodem
691 3947 870 3992 autem
905 3938 1011 3992 ritu
1041 3953 1120 3993 ea:
1151 3939 1420 3992 habentur
1469 3937 1522 3990 in
1558 3935 1836 4000 omnibus,
1879 3951 2020 4004 quos

455 4038 864 4106 quatuordecim
895 4053 1126 4092 numero
1157 4039 1416 4099 vidimus,
1464 4035 1868 4104 manuscriptis,
1913 4049 2024 4087 uno

455 4141 684 4199 excepto
710 4135 898 4206 Regio.
927 4135 1089 4200 2900,
1121 4137 1214 4205 qui
1250 4137 1433 4205 priore
1459 4135 1840 4204 praetermissa,
1866 4134 2024 4202 cujus

458 4226 698 4298 initium,
746 4235 1073 4305 Ἐϐουλόμην
1129 4237 1254 4303 ὑμῖν
1311 4234 1618 4302 ἀποδοῦναι,
1671 4253 1700 4290 a
1767 4235 2023 4298 secunda,

460 4337 621 4406 cujus
665 4335 1025 4406 primordium
1069 4344 1171 4401 est,
1210 4335 1379 4390 Πάλιν
1410 4337 1458 4387 οἱ
1510 4336 1754 4398 δείλαιοι,
1807 4335 2024 4388 initium

459 4442 631 4506 ducit,
698 4453 930 4508 eamque
981 4439 1212 4506 primam
1270 4438 1542 4500 inscribit,
1613 4446 1777 4505 atque
1831 4436 2023 4490 eodem

461 4550 651 4612 postea
683 4539 1006 4594 numerandi
1038 4539 1227 4592 ordine
1251 4537 1536 4607 procedit;
1571 4537 1642 4588 ita
1667 4545 1858 4604 utqua:
1880 4544 2026 4588 sexta

462 4654 545 4699 est
571 4644 623 4697 in
669 4643 991 4696 recensione
1024 4656 1186 4710 supra
1237 4647 1290 4694 et
1324 4641 1378 4693 in
1425 4638 1683 4693 tredecim
1724 4637 2030 4690 manuscri-

466 4745 594 4813 ptis,
633 4743 822 4812 quinta
880 4743 950 4795 ibi
1009 4748 1344 4795 numeretur.
1405 4738 1563 4793 lluitc
1607 4753 1739 4791 vero
1782 4737 2029 4790 ordinem

468 4844 640 4897 secuti
691 4828 856 4896 etiam
893 4850 1022 4896 sunt
1069 4839 1328 4894 Erasmus
1369 4849 1421 4893 et
1456 4839 1723 4893 llenricus
1773 4837 2028 4898 Savilius,

467 4943 561 5012 qui
593 4952 902 5010 postremus
926 4941 1034 4994 illis
1062 4943 1305 5010 quinque
1333 4937 1577 4996 homiliis
1623 4956 1744 4994 eam
1803 4939 2034 5006 subjun-

468 5043 568 5110 git,
615 5055 737 5110 quae
772 5040 828 5093 in
868 5041 1260 5110 manuscriptis
1313 5041 1593 5103 omnibus,
1645 5055 1754 5092 uno
1805 5050 2033 5106 excepto

472 5142 664 5212 Regio,
727 5143 899 5216 prima
935 5142 1166 5207 locatur,
1226 5157 1392 5210 quam
1445 5150 1624 5194 tamen
1671 5149 1876 5194 sextam
1925 5155 2034 5192 non

471 5245 725 5300 inscribit
757 5243 1016 5307 Savilius,
1045 5244 1202 5313 quasi
1253 5255 1405 5297 extra
1458 5258 1742 5297 numerum
1781 5242 2035 5310 positam.

473 5348 629 5404 Hunc
655 5363 823 5418 porro
845 5347 1092 5402 ordinem
1127 5363 1192 5400 ex
1255 5347 1427 5400 tribus
1485 5346 1864 5414 Manuscriptis
1913 5361 2039 5398 mu-

474 5459 685 5506 tuatum
732 5466 790 5505 se
830 5465 952 5504 csse
998 5448 1336 5504 testiﬁcatur.
1400 5446 1506 5500 Sex
1556 5448 1796 5501 homiliis
1851 5459 2040 5503 contra

473 5553 692 5610 Judxos
729 5555 1039 5624 septimam,
1092 5552 1244 5606 nullo
1291 5559 1471 5606 tamen
1508 5565 1738 5606 numero
1771 5558 2037 5615 notatam,

2017 1264 2092 1284 -ς

2100 1437 2285 1506 adjicit
2313 1438 2551 1496 Savilius
2577 1457 2696 1496 eam
2739 1459 2861 1512 quae.
2893 1446 3232 1510 inscribitur,
3273 1459 3456 1502 contra
3478 1467 3566 1503 eos
3582 1452 3678 1518 qui

2100 1539 2156 1592 in
2207 1537 2469 1596 Pascltate
2487 1543 2774 1612 jejununt:
2819 1562 2940 1615 quae
2991 1547 3043 1600 in
3072 1546 3239 1617 Regio
3281 1550 3442 1603 etiam
3489 1553 3678 1605 codice

2105 1637 2244 1693 £963
2291 1650 2416 1709 post
2477 1658 2571 1696 sex
2623 1654 2810 1698 contra
2859 1643 3078 1701 Judaeos
3128 1649 3383 1703 homilias
3439 1651 3677 1706 locatur.

2103 1740 2367 1795 Octavam
2427 1745 2640 1808 deinde,
2701 1746 2850 1800 nullo
2885 1755 3063 1801 tamen
3123 1750 3372 1817 apposito
3421 1767 3681 1812 numero,

2104 1841 2248 1896 locat
2281 1842 2518 1898 Savilius
2544 1860 2685 1908 eam,
2713 1845 2798 1900 cui
2828 1847 3040 1910 titulus,
3067 1848 3262 1901 Contra
3299 1865 3385 1902 eos
3432 1852 3524 1918 qui
3577 1850 3682 1905 Ju-

2105 1943 2340 1998 da’ornm
2360 1947 2918 2016 jejuniumjejunnut.
2955 1948 3064 2004 llas
3094 1966 3219 2003 vero
3274 1951 3412 2006 duas
3466 1963 3685 2022 postre-

2105 2056 2223 2095 mas
2249 2041 2448 2098 Fronto
2473 2046 2702 2100 Dircaeus
2742 2047 2932 2115 procul
2977 2047 3045 2102 ab
3075 2049 3198 2103 aliis
3241 2060 3428 2102 contra
3463 2050 3688 2103 Judwos

2105 2143 2344 2197 homiliis
2377 2143 2430 2197 in
2463 2145 2712 2214 quintum
2741 2157 2948 2201 tomum
2975 2149 3267 2218 ablegavit.

2180 2243 2278 2296 llic
2319 2261 2566 2314 magnam
2625 2248 2807 2302 cernis
2865 2249 3180 2303 varietatem
3249 2260 3409 2320 atque
3472 2253 3689 2306 ordinis

2110 2345 2600 2413 perturbationem,
2633 2361 2763 2401 casu
2810 2349 2991 2416 potius
3025 2365 3189 2416 quam
3230 2352 3464 2404 consilio
3521 2352 3687 2405 indu-

2109 2451 2273 2494 ctam.
2348 2439 2418 2495 Ut
2484 2458 2614 2496 vero
2667 2452 2871 2498 tantam
2943 2447 3230 2515 caliginem
3277 2449 3686 2502 discuteremus

2111 2561 2218 2598 non
2244 2560 2434 2615 parum
2489 2547 2866 2602 desudandum
2935 2549 3092 2604 nobis
3140 2549 3283 2617 fuit;
3340 2549 3453 2616 Deo
3504 2561 3686 2607 tamen

2119 2644 2302 2709 dante,
2330 2656 2384 2700 et
2418 2647 2595 2702 locum
2621 2656 2673 2702 et
2701 2649 2944 2703 ordinem
2970 2649 3237 2718 Cujusque
3263 2667 3362 2704 nos
3383 2652 3690 2720 deprehen-

2125 2745 2272 2799 disse
2297 2756 2571 2814 putamus.
2607 2746 2846 2802 Primam
2879 2749 3062 2818 itaque
3101 2751 3495 2804 constituimus
3545 2765 3688 2813 eam,

2117 2862 2281 2914 quam
2311 2857 2366 2900 et
2405 2846 2574 2902 David
2612 2847 2958 2903 llmschelius
2991 2860 3044 2902 et
3072 2848 3274 2902 Fronto
3299 2849 3535 2904 Ducmus
3583 2851 3691 2919 pri-

2117 2961 2261 2999 mam
2293 2962 2544 3015 posuere,
2569 2948 2728 3016 cujus
2755 2948 2996 3009 initium,
3034 2947 3368 3019 Ἐϐουλόμην
3395 2950 3531 3018 ὑμῖν
3561 2951 3696 3002 ἁπο-

2121 3047 2342 3102 δοῦναιε
2381 3050 2676 3104 secundam
2715 3049 2963 3104 locamus
2997 3064 3139 3115 eam,
3187 3064 3307 3118 quae
3352 3051 3434 3102 sic
3483 3051 3693 3118 incipit.

2132 3143 2195 3196 Ἢ
2246 3147 2342 3213 μὲν
2375 3145 2526 3214 παρά
2552 3163 2715 3215 νομος
2738 3147 2831 3198 καὶ
2859 3147 3169 3215 ἀκάθαρτος
3195 3189 3208 3213 ,
3237 3162 3398 3216 quam
3458 3147 3530 3199 Sa
3543 3148 3696 3200 vilius

2120 3252 2314 3294 octavo
2351 3242 2470 3296 loco
2506 3242 2711 3312 posuit,
2748 3242 2953 3297 Fronto
2982 3241 3212 3296 Ducarus
3243 3251 3425 3293 autem
3453 3241 3509 3294 in
3539 3239 3697 3308 quin-

2122 3350 2235 3394 tum
2279 3351 2486 3395 tomum
2514 3343 2782 3412 ablegavit
2809 3361 2822 3396 :
2850 3342 3064 3396 tertiam
3088 3356 3230 3400 eam,
3278 3356 3402 3410 qua:
3438 3341 3521 3394 sic
3565 3340 3699 3402 init,

2123 3439 2293 3492 Πάλιν
2343 3440 2500 3510 χρεία
2536 3457 2642 3505 τις,
2684 3455 2849 3509 quam
2892 3439 3128 3496 Savilius
3167 3439 3458 3509 septimam
3493 3439 3700 3507 posuit,

2125 3538 2277 3612 [5841
2318 3538 2545 3595 ῡυοτευε
2586 3551 2765 3594 autem
2811 3541 2865 3594 in
2904 3541 3156 3610 quintum
3208 3550 3414 3594 tomum
3462 3540 3654 3608 rejecit
3687 3556 3699 3588 :

2123 3649 2372 3710 quartam
2431 3643 2576 3696 illam
2613 3642 2773 3709 cujus
2829 3642 3081 3704 initium,
3143 3640 3310 3693 Πάλιν
3351 3641 3402 3692 οἱ
3454 3640 3702 3702 δείλαιοι,

2125 3757 2289 3811 quam
2323 3741 2526 3796 Fronto
2565 3741 2792 3795 Ducteus
2821 3742 3140 3804 secundam,
3174 3739 3413 3794 Savilius
3467 3741 3702 3809 primam

2129 3842 2432 3897 constituit.
2461 3842 2721 3912 Reliquas
2759 3857 2888 3896 vero
2921 3851 3320 3911 consequenter
3365 3840 3602 3903 damus,
3650 3851 3706 3894 ut

2130 3941 2186 3996 in
2214 3941 2376 3995 editis
2399 3942 2656 3996 omnibus
2678 3942 2948 3997 habentur
2976 3959 2991 4006 ;
3021 3943 3094 3997 ita
3141 3952 3198 3996 ut
3247 3958 3370 4011 qua:
3422 3943 3583 3994 tertia
3623 3951 3707 3994 est

2129 4042 2270 4110 apud
2324 4041 2612 4108 Ducmum,
2647 4043 2972 4098 etsecunda
3041 4042 3178 4111 apud
3241 4040 3536 4100 Savilium.
3592 4042 3707 4110 jam

2129 4145 2320 4213 quinta
2357 4155 2609 4212 ponatur,
2645 4153 2699 4198 et
2729 4153 3017 4214 sequentes
3067 4144 3255 4198 eadrm
3296 4143 3582 4197 varietatis
3617 4159 3712 4196 ra-

2129 4245 2278 4298 tione
2311 4255 2686 4298 numerentur.

2203 4340 2359 4395 ilunc
2395 4358 2558 4411 porro
2582 4359 2782 4396 novum
2817 4343 3065 4397 ordinem
3099 4357 3206 4395 non
3247 4352 3450 4396 temere
3494 4342 3714 4397 consti-

2137 4451 2312 4496 tutum
2353 4457 2474 4496 esse
2503 4442 2842 4510 probandum
2892 4441 3052 4495 nobis
3087 4440 3369 4494 incumbit.
3406 4439 3482 4494 De
3525 4441 3711 4509 prima

2132 4542 2291 4610 cujus
2338 4541 2574 4604 initium,
2637 4541 2966 4610 Ἐϐουλόμην
3022 4541 3150 4610 ὑμῖν
3199 4539 3511 4601 ἀποδοῦναι,
3560 4542 3716 4595 nulla

2133 4645 2236 4696 erit
2276 4643 2526 4711 quzestio,
2575 4642 2619 4695 si
2654 4651 2883 4695 caeteras
2943 4656 3064 4694 eam
3103 4641 3257 4709 sequi
3314 4640 3514 4694 debere
3553 4657 3718 4694 com-

2135 4753 2523 4796 monstrcmus.
2552 4743 2786 4796 Primam
2829 4740 2993 4810 igitur
3017 4740 3297 4793 bomiliam
3330 4739 3523 4792 habuit
3556 4750 3720 4808 post-

2135 4860 2296 4913 quam
2333 4843 2632 4898 certamina
2673 4851 2860 4898 coutra
2908 4844 3207 4896 Anomteos
3253 4856 3434 4900 orsus,
3487 4857 3719 4910 unaque

2137 4946 2244 5015 jam
2271 4944 2454 4998 habita
2487 4943 2771 5006 concione,
2804 4941 3137 4996 instantibus
3163 4940 3478 4995 Judaeorum
3530 4941 3717 5002 feriis,

2140 5042 2516 5110 Scenopegia,
2562 5041 2824 5111 jejuuiis,
2881 5041 3082 5109 quibus
3129 5037 3426 5094 Christiani
3481 5041 3716 5104 quidam

2139 5143 2487 5206 Antiocheni,
2521 5143 2719 5212 partim
2763 5142 3066 5209 spectandi,
3117 5142 3311 5209 partim
3372 5142 3539 5194 etiam
3606 5161 3718 5197 una

2139 5244 2453 5304 celebrandi
2497 5254 2659 5312 atque
2682 5242 2966 5313 jejunaudi
3011 5254 3196 5302 causa,
3254 5227 3519 5294 interesse
3572 5241 3722 5292 sole-

2139 5349 2292 5408 bant,
2325 5347 2454 5400 huic
2485 5346 2574 5398 ille
2603 5343 2796 5398 morbo
2821 5349 2880 5394 ut
2923 5341 3247 5399 mederetur,
3280 5341 3718 5393 concertationis

2137 5457 2329 5504 contra
2370 5449 2668 5501 Anomteos
2734 5458 2956 5498 cursum
3018 5441 3326 5510 intercepit,
3372 5456 3436 5494 ac
3487 5437 3715 5494 Judzos

2140 5547 2569 5617 Iudaeorumque
2619 5558 2882 5615 sequaces
2941 5540 3168 5596 adortus
3212 5548 3314 5595 cst.
3368 5537 3425 5593 Id
3479 5539 3714 5610 contigit
