3866 6226
181 259 306 316 839‘

181 336 328 439 anno
361 375 488 436 586.
551 378 611 426 ut
642 369 883 423 diximus
917 367 970 420 in
1007 363 1213 436 Μοιιὶιο
1252 362 1320 416 ad
1379 360 1636 418 homilias
1680 359 1750 411 De

180 471 719 547 incomprehensibili,
749 477 802 522 et
833 483 898 519 ex
931 481 1055 519 mox
1083 463 1329 518 dicendis
1375 461 1592 530 planius
1623 459 1748 514 erit.

183 580 301 644 Qua
330 590 460 629 vero
499 571 626 627 anni
660 575 980 637 tempestate
1011 565 1124 618 haec
1157 560 1475 617 concionari
1505 558 1750 628 coeperit,

1199 238 1569 299 ADVERSUS
1605 235 1913 298 JUDrEOS.
1954 266 2021 277 —
2059 232 2403 296 MONITUM.

3301 235 3428 289 840‘

1857 357 2014 425 quasi
2048 359 2289 414 incertus
2315 358 2436 429 ejus
2478 357 2619 420 situs
2653 366 2817 423 esset,
2847 356 2902 410 in
2931 356 3183 430 quintum
3220 365 3426 412 tomum

1855 459 2218 527 ablegaverat.

1927 568 2164 622 Tertiam
2205 570 2582 624 incunctanter
2608 569 2863 638 ponimus
2907 569 3190 624 bomiliam
3246 571 3298 624 in
3329 585 3425 625 eos

185 682 304 747 ipse
329 675 490 745 paulo
524 681 647 742 post
681 671 893 724 initium
933 667 1170 722 ιιοπιῑιίεε
1207 666 1395 738 prima:
1427 663 1752 717 testiﬁcatur
1853 672 1952 740 qui
1976 672 2151 740 primo
2198 669 2408 726 Pascha
2450 672 2720 743 jejunant,
2755 673 2914 743 cujus
2959 674 3170 738 initium
3205 693 3217 728 :
3256 673 3427 726 Πάλιν

185 780 272 832 his
301 775 530 830 verbis:
590 771 809 842 Ἐορταὶ
856 769 963 821 τῶν
1027 767 1228 820 ἀθλίων
1275 765 1369 817 καὶ
1389 761 1750 831 ταλαιπώρων

190 878 459 934 Ἰουδαίων
486 873 738 946 μέλλουσι
761 870 1149 942 προσελαύνειν
1193 869 1435 936 συνεχεῖς
1464 865 1555 918 καὶ
1580 863 1749 916 ἐπάλ-

171 981 344 1051 ληλοι,
402 979 458 1032 αἱ
500 977 821 1044 σάλπιγγες.
867 974 923 1025 αἱ
960 969 1346 1041 σκηνοπηγίαι,
1390 968 1446 1020 αἱ
1480 968 1744 1037 νηστεῖαι.

172 1078 351 1132 Ινένίω
407 1079 716 1132 miserorum
754 1083 911 1142 atque
961 1085 1380 1138 (erumnasorum
1434 1067 1746 1122 Judazorum

169 1183 439 1235 continuae
476 1188 525 1232 et
574 1179 868 1247 frequentes
918 1177 1144 1240 instant,
1183 1173 1340 1235 tubte,
1401 1173 1744 1241 scenopegice,

161 1279 398 1349 Jejunia.
444 1276 539 1332 llis
574 1285 792 1330 notatur
821 1275 966 1329 haud
999 1275 1164 1328 dubie
1194 1274 1399 1332 mensis
1441 1272 1582 1327 Tisri
1631 1273 1745 1328 sive

164 1379 508 1448 September,
545 1378 704 1445 cujus
731 1377 943 1438 decimo
968 1377 1162 1445 quinto
1182 1375 1271 1428 die
1292 1374 1584 1442 incipiebat
1613 1370 1743 1426 Sce-

164 1478 419 1546 nopegia,
457 1492 552 1531 seu
605 1476 804 1530 festum
852 1473 1383 1534 Tabernaculorum.
1425 1473 1524 1528 lllo
1561 1482 1740 1527 autem

165 1589 355 1628 mense
385 1574 540 1642 plura
579 1573 721 1642 apud
761 1572 980 1627 Judaros
1013 1572 1376 1628 occurrebant
1398 1572 1738 1643 festa,quam

171 1676 226 1729 in
251 1675 500 1741 quolibet
528 1675 638 1729 alio
671 1675 837 1729 totius
873 1677 1024 1738 anni,
1068 1686 1126 1729 ut
1175 1675 1361 1730 videas
1400 1674 1543 1743 apud
1593 1673 1741 1727 Bux-

164 1768 394 1834 torl'um,
459 1769 809 1825 Leusdenum
843 1781 897 1824 et
948 1771 1107 1836 alios,
1138 1772 1282 1839 quod
1320 1772 1482 1826 etiam
1538 1773 1742 1827 indicat

163 1870 590 1938 (lllrysostmnus
637 1885 761 1924 cum
803 1871 936 1924 dicit
989 1874 1232 1941 συνεχεῖς
1287 1872 1378 1926 καὶ
1424 1872 1735 1941 ἐπάλληλοι.

169 1971 324 2026 lianc
381 1971 787 2036 solemnitatum
848 1973 1212 2042 frequentiam
1271 1973 1480 2042 aliquot
1543 1974 1738 2029 diebus

162 2071 522 2126 antevcrlisse
560 2071 1013 2141 Chrysostomum
1068 2087 1191 2130 cum
1257 2071 1538 2141 praemissa
1570 2074 1734 2135 verba

159 2170 472 2232 declarant,
510 2179 622 2228 tum
659 2186 782 2234 mox
817 2170 1090 2237 allerenda
1142 2170 1525 2232 testificantur.
1553 2169 1735 2241 Quare

167 2286 356 2325 mense
414 2271 663 2341 Augusto
715 2272 944 2340 primam
997 2270 1278 2324 bomiliam
1340 2270 1598 2326 habuisse
1646 2271 1735 2323 vi-

159 2370 338 2422 detur.

233 2481 542 2534 Secundam
577 2482 883 2546 bomiliam,
921 2497 1039 2536 eam
1085 2495 1300 2550 nempe,
1341 2497 1459 2550 quae
1489 2482 1568 2536 sic
1594 2482 1735 2535 inci-

159 2583 261 2652 pit,
307 2582 372 2634 Ἦ
419 2582 518 2652 μὲν
564 2584 880 2653 παράνομος
927 2583 1020 2636 καὶ
1063 2581 1391 2650 ἀκάθαρτος,
1424 2582 1610 2636 decem
1640 2591 1734 2635 aut

164 2683 418 2752 pluribus
450 2683 653 2752 elapsis
691 2698 719 2736 a
752 2684 928 2752 prima
973 2681 1168 2736 diebus
1222 2682 1433 2744 habuit,
1489 2682 1733 2751 quinque

157 2782 355 2835 diebus
386 2789 512 2833 ante
539 2795 700 2848 quam
729 2778 1039 2833 indecorum
1069 2778 1339 2848 jejunium
1385 2777 1622 2842 adesset,
1675 2783 1735 2830 ut

155 2881 239 2933 sic
280 2879 396 2946 ipse
446 2878 687 2933 declarat
734 2879 932 2940 initio,
973 2877 1033 2930 ἸΙ
1094 2879 1190 2949 μὲν
1253 2873 1344 2931 οὖν
1415 2877 1732 2948 παράνομος

155 2978 336 3030 αὐτῶν
363 2979 585 3047 νηστεία
617 2979 754 3049 μετὰ
795 2979 954 3031 πέντε
983 2979 1165 3031 λοιπὸν
1189 2979 1402 3048 ἡμέρας
1423 2977 1728 3045 ἐφίσταταιο

156 3077 272 3146 ἐγὼ
309 3078 367 3130 δὲ
412 3079 519 3149 πρὸ
543 3078 676 3131 δέκα
713 3078 934 3149 ἡμερῶν
963 3079 996 3148 ἢ
1026 3078 1119 3132 καὶ
1161 3079 1420 3132 πλειόνων
1444 3077 1731 3148 προλαϐὼν

154 3178 507 3246 ἐποιησάμην
553 3177 652 3246 τὴν
701 3177 1058 3246 παραίνεσιν,
1120 3176 1257 3227 ὥστε
1331 3173 1732 3246 ἀσφαλίσασθαι

156 3278 284 3338 τοὺς
311 3276 576 3343 ἀδελφοὺς
625 3276 750 3337 τοὺς
801 3275 1130 3344 ὐμετέρους’
1185 3273 1530 3343 Illegitimum
1569 3275 1732 3340 igitur

155 3377 390 3441 ipsorum
415 3375 685 3444 jejunium
703 3386 819 3441 post
849 3376 1076 3444 quinque
1101 3376 1212 3428 dies
1256 3376 1494 3444 deinceps
1523 3376 1727 3448 instat;

155 3488 210 3528 at
239 3495 330 3546 ego
363 3488 484 3531 ante
514 3481 690 3530 decem
721 3478 832 3530 dies
868 3478 947 3530 uel
992 3477 1167 3545 plures
1209 3479 1621 3530 cohortatione»:
1663 3479 1730 3531 ad

154 3593 244 3628 vos
271 3577 456 3642 habui,
486 3588 543 3631 ut
576 3578 768 3645 fratres
805 3586 1004 3630 vestros
1035 3579 1424 3647 prtenmnirem.
1479 3576 1555 3630 Ne
1603 3591 1731 3630 vero

155 3677 375 3730 dubites
402 3676 544 3730 hanc
568 3677 741 3745 ipsam
769 3691 887 3730 esse
910 3690 1075 3744 quam
1100 3675 1392 3729 secundam
1420 3684 1607 3728 contra
1636 3672 1731 3728 Ju-

155 3775 304 3828 dmos
340 3775 548 3840 habuit,
571 3777 695 3829 vide
728 3777 1006 3844 quomodo
1047 3776 1121 3829 ibi
1145 3775 1213 3830 de
1250 3777 1424 3844 prima
1476 3776 1732 3844 loquatur

155 3889 308 3926 num.
336 3875 369 3927 5
393 3893 407 3928 :
440 3875 554 3927 Οὐκ
575 3876 711 3946 ἥκου
741 3894 841 3939 σας
864 3878 923 3928 ὲν
942 3879 1007 3946 τῇ
1028 3877 1268 3948 προτέρᾳ
1288 3877 1523 3942 διαλέξει
1543 3878 1730 3946 σαφῶς

155 3974 536 4040 ἀποδείξαντος
564 3978 700 4046 ἡμῖν
726 3977 821 4031 τοῦ
845 3977 1026 4045 λόγου,
1063 3979 1144 4030 ὅτι
1177 3979 1272 4030 καὶ
1297 3975 1395 4041 τὰς
1430 3976 1610 4046 ψυχὰς
1631 3977 1732 4030 αὑ-

155 4072 253 4134 τὰς
286 4075 394 4126 τῶν
453 4077 717 4130 Ἰουδαίων
747 4078 986 4140 καὶτοὺς
1017 4079 1214 4139 τόπους
1241 4078 1298 4130 ἐν
1330 4070 1411 4138 οἷς
1450 4075 1733 4144 συλλέγον-

153 4189 245 4224 ται
303 4173 555 4241 δαίμονες
609 4174 970 4240 κατοικοῦσι;
1035 4174 1156 4228 Non
1218 4175 1417 4232 audisti
1466 4174 1517 4228 in
1564 4173 1732 4241 priori

155 4274 403 4328 concione
429 4289 587 4342 quam
639 4275 782 4327 clare
817 4274 982 4342 fuerit
1011 4276 1248 4330 oratione
1285 4275 1728 4338 demonstratum,

156 4372 303 4438 ipsas
336 4373 543 4427 animas
576 4372 911 4438 Iudaeorum,
945 4384 993 4427 et
1025 4381 1141 4427 loca
1169 4374 1256 4426 ubi
1284 4382 1666 4443 congregantur
1697 4391 1729 4426 a

155 4473 483 4528 damianibus
540 4475 816 4530 habitari?
870 4473 925 4532 Id
958 4490 1111 4539 vero,
1173 4492 1367 4545 nempe
1418 4475 1473 4532 et
1519 4479 1731 4534 animas

157 4576 496 4640 Iudaeorum,
532 4584 586 4631 et
625 4577 742 4632 loca
789 4578 1109 4632 eorumdem
1141 4594 1171 4632 a
1201 4579 1543 4636 daemonibus
1578 4581 1732 4635 habi-

156 4677 285 4739 tari,
319 4676 616 4745 conspicue
645 4685 699 4729 et
733 4677 854 4732 fuse
891 4679 1088 4746 probat
1139 4679 1231 4734 ille
1277 4680 1501 4736 homilia
1553 4681 1729 4750 prima

153 4788 338 4830 contra
367 4777 587 4832 Iudaeos
619 4793 748 4832 num
780 4776 835 4843 6,
867 4779 940 4834 ita
972 4788 1033 4836 ut
1057 4787 1207 4836 certo
1235 4781 1438 4836 certius
1462 4783 1553 4848 sit,
1585 4783 1731 4838 illam

153 4889 277 4930 esse
315 4884 500 4928 contra
537 4873 761 4928 Iudam
791 4873 1045 4944 primam,
1079 4876 1218 4929 hanc
1242 4890 1369 4930 vero
1403 4875 1733 4937 secundam,

155 4975 320 5043 quam
355 4971 606 5034 dolemus
651 4972 716 5024 ad
758 4987 858 5025 nos
916 4973 1163 5026 mutilam
1213 4972 1542 5036 devenisse;
1595 4971 1732 5026 nihil

156 5081 305 5128 certe
344 5087 453 5128 non
480 5074 718 5150 egimus,
751 5083 811 5127 ut
855 5087 974 5128 eam
1007 5082 1210 5128 sartam
1237 5082 1292 5128 et
1316 5082 1514 5128 tectam
1539 5075 1727 5128 edere-

157 5190 283 5230 mus
311 5193 324 5228 :
360 5190 456 5244 per
486 5189 678 5231 omnes
707 5175 880 5230 ferme
909 5176 1141 5244 Europae
1187 5175 1545 5230 bibliothecas
1591 5174 1733 5228 ami-

156 5293 349 5332 corum
385 5292 552 5346 opera
575 5291 695 5331 eam
729 5278 782 5330 in
821 5276 1210 5345 manuscriptis
1261 5276 1504 5346 perquiri
1541 5275 1722 5330 homi-

157 5378 288 5434 iiam
307 5379 652 5434 curavimus:
675 5379 767 5435 sed
796 5377 1002 5432 frustra
1028 5391 1243 5432 cessere
1262 5386 1494 5431 conatus
1513 5391 1728 5432 omnes.

159 5472 313 5529 ilanc
333 5475 641 5538 bomiliam,
669 5483 728 5528 ut
751 5489 916 5543 supra
939 5473 1198 5540 diximus,
1220 5471 1460 5528 Savilius
1481 5481 1730 5528 octavam

162 5581 449 5640 posuerat,
484 5571 690 5629 Fronto
719 5580 904 5628 autem
962 5572 1193 5628 Ducteus
1232 5571 1425 5640 procul
1464 5571 1534 5626 ab
1587 5570 1730 5636 aliis,

1852 774 2008 843 χρεία
2038 791 2119 836 τις
2144 774 2416 841 ἀναγκαία
2468 776 2559 828 καὶ
2599 776 3032 844 κατεπείγουσα,
3073 777 3181 830 τῶν
3230 777 3422 849 πρώην

1852 874 2154 945 εἰρημένων
2187 875 2286 944 τὴν
2308 874 2626 929 ἀκολουθίαν
2667 876 2971 944 διακόψασα
2997 917 3012 939 ,
3048 879 3186 950 πρὸς
3223 880 3421 950 ἑαυτὴν

1849 975 2151 1028 ἐπισπᾶται
2179 975 2267 1028 τὸν
2298 975 2474 1043 λόγον,
2501 975 2595 1029 καὶ
2625 977 2732 1030 τῶν
2771 978 2906 1048 πρὸς
2948 979 3072 1043 τοὺς
3115 982 3422 1051 αἱρετικοίις

1849 1075 1996 1144 ἡμᾶς
2025 1075 2227 1142 ἀπάγει
2257 1075 2666 1146 παλαισμάτων.
2733 1078 2923 1148 Ἡμεῖς
2967 1080 3064 1150 μὲν
3109 1084 3216 1150 γὰρ
3259 1083 3420 1136 πάλιν

1848 1175 1974 1246 περὶ
2008 1176 2105 1245 τῆς
2129 1175 2221 1229 τοῦ
2252 1178 2585 1245 Μονογενοῦς
2606 1178 2762 1250 δόξης
2783 1181 3126 1251 διαλεχθῆναι
3157 1185 3292 1254 πρὸς
3324 1184 3421 1256 τὴν

1848 1276 2116 1348 ὑμετέραν
2147 1277 2368 1349 ἀγάπην
2412 1283 2951 1352 παρεσκευαζόμεθα.
2988 1285 3044 1338 Id
3083 1298 3185 1348 est,
3222 1286 3419 1339 Rursus

1847 1377 2200 1428 necessarium
2227 1376 2495 1445 quoddam
2523 1388 2572 1431 et
2640 1395 2830 1448 urgens
2902 1383 3189 1451 negotium,
3237 1399 3418 1440 eorum

1844 1496 1962 1550 qua:
2016 1495 2181 1548 nuper
2201 1480 2342 1534 dicta
2384 1491 2505 1534 sunt
2567 1483 2750 1556 seriem
2806 1485 3186 1552 interrumpens
3230 1486 3299 1538 ad
3339 1503 3418 1540 se-

1843 1580 2015 1648 ipsum
2047 1581 2340 1635 orationem
2365 1583 2614 1646 traducit,
2643 1591 2689 1634 et
2718 1600 2750 1634 α
2777 1587 3028 1651 susceptis
3057 1602 3175 1638 cum
3213 1587 3419 1642 lucreti-

1847 1679 1923 1731 cis
1955 1678 2327 1732 certaminibus
2366 1681 2517 1733 hodie
2542 1698 2633 1734 nos
2658 1683 2897 1739 abducit.
2920 1684 3063 1739 Nam
3092 1703 3183 1740 nos
3205 1690 3416 1757 quidem

1849 1795 2035 1831 rursus
2055 1781 2116 1832 de
2147 1777 2414 1848 Unigeniti
2438 1780 2606 1849 gloria
2631 1788 2785 1857 verba
2814 1785 2986 1852 facere
3003 1788 3073 1838 ad
3101 1788 3414 1844 charitatem

1843 1887 2063 1932 vestram
2101 1881 2278 1947 parati
2315 1896 2545 1934 eramus.
2583 1880 2677 1935 llis
2731 1899 2894 1951 porro
2917 1885 3158 1941 declarat
3185 1903 3245 1942 se
3297 1889 3410 1956 jam

1841 1980 2083 2033 secundo
2153 1979 2512 2035 Homiliarum
2572 1996 2766 2039 contra
2819 1987 3116 2043 Anommos
3180 2005 3405 2046 cursum

1841 2077 2224 2146 interpellare,
2280 2083 2424 2148 quod
2493 2096 2552 2135 se
2604 2081 2784 2150 primo
2834 2082 3029 2140 fecisse
3068 2085 3208 2139 dixit
3255 2087 3412 2144 initio

1839 2179 2124 2234 homilitel
2182 2190 2367 2233 contra
2419 2180 2654 2236 Judtcos.
2720 2181 2933 2236 Etenim
2991 2201 3115 2238 cum
3173 2187 3404 2255 primam

1839 2287 2030 2332 contra
2059 2280 2352 2336 Anomaeos
2397 2283 2511 2336 sive
2540 2283 2606 2336 de
2636 2283 3174 2353 incomprehensibili
3205 2287 3404 2342 oratio-

1838 2395 1959 2433 nem
1996 2381 2294 2446 habuisset,
2346 2399 2566 2439 cursum
2609 2385 2802 2440 sistere
2861 2395 3084 2442 coactus
3135 2395 3238 2449 est,
3295 2401 3403 2441 non

1837 2483 2000 2536 modo
2041 2491 2100 2535 ut
2127 2493 2317 2537 contra
2351 2483 2570 2540 Iudaeos
2603 2494 2965 2552 concertaret,
3013 2488 3160 2556 quod
3193 2487 3408 2541 duabus

1836 2579 2078 2635 homiliis
2108 2582 2381 2650 praestitit,
2414 2584 2506 2640 sed
2538 2594 2596 2638 ut
2628 2596 2808 2654 patres
2843 2587 3107 2656 quosdam
3146 2587 3404 2656 spiritua-

1837 2677 1932 2740 les,
1974 2678 2056 2732 sic
2091 2678 2201 2742 ille,
2258 2681 2351 2748 qui
2381 2681 2729 2739 Antiochiam
2787 2697 3050 2742 venerant
3105 2691 3397 2758 exciperet,

1835 2793 1902 2832 ac
1939 2791 2125 2846 postea
2153 2793 2502 2838 occurrentes
2550 2785 2749 2839 multas
2794 2795 3092 2856 martyrum
3141 2788 3398 2844 solemni-

1835 2885 1972 2934 tates
2013 2881 2335 2936 celebraret.
2367 2881 2488 2947 His,
2521 2884 2766 2954 inquam,
2792 2887 3049 2942 omnibus
3095 2890 3408 2957 Interpella-

1834 2992 1922 3036 tus
1949 2989 2033 3040 est
2083 2996 2114 3035 a
2145 2991 2322 3051 ccepta
2381 2994 2568 3038 contra
2602 2985 2900 3040 Anommos
2953 3002 3158 3056 pugna,
3211 2989 3284 3043 ita
3343 2999 3402 3045 ut

1835 3096 1941 3140 non
1975 3082 2247 3140 modicum
2285 3083 2546 3151 temporis
2572 3085 2917 3140 intervallum
2963 3087 3131 3142 fuerit
3172 3091 3405 3158 primam

1833 3183 1974 3240 inter
2000 3184 2281 3238 bomiliam
2316 3194 2503 3240 contra
2542 3185 2841 3242 Anommos
2881 3197 2936 3242 et
2969 3190 3207 3244 tertiam.
3261 3190 3399 3244 Cum

1832 3291 2016 3334 autem
2051 3281 2283 3348 primam
2317 3291 2508 3335 contra
2565 3281 2786 3338 Judaeos
2821 3284 3100 3339 bomiliam
3154 3286 3403 3341 habuerit

1833 3381 2287 3449 menseAugusto
2317 3382 2444 3435 anni
2483 3382 2610 3447 386,
2666 3392 2727 3437 ut
2780 3401 2945 3454 supra
3002 3387 3264 3451 diximus,
3318 3405 3402 3445 se-

1834 3484 2068 3538 cundam
2123 3498 2252 3538 vero
2312 3484 2534 3538 ineunte
2585 3485 2805 3541 circiter
2843 3485 3172 3556 Septembri,
3205 3490 3400 3555 decem,

1831 3587 1908 3640 ait
1943 3585 2051 3648 ille,
2069 3601 2130 3638 ac
2144 3585 2380 3652 pluribus
2395 3585 2574 3640 diebus
2594 3596 2718 3656 post
2740 3588 2996 3656 primam,
3012 3604 3262 3658 magnam
3279 3589 3413 3661 Sep-

1833 3684 2066 3738 tembris
2101 3693 2309 3753 partem
2351 3683 2706 3753 insumpserit
2755 3685 2908 3758 [585]
2939 3688 3279 3758 excipiendis
3301 3690 3408 3745 illis

1832 3782 2072 3851 patribus
2125 3782 2529 3850 spiritualibtts,
2584 3797 2649 3836 ac
2707 3784 3048 3838 celebrandis
3105 3794 3406 3854 martyrum

1835 3883 2315 3946 solemnitatibus,
2389 3897 2716 3952 rursumque
2791 3885 3104 3953 Septembri
3177 3897 3419 3942 exeunte

1835 4001 2026 4041 mense
2064 4000 2302 4055 pugnam
2339 3999 2464 4040 cum
2501 3987 2787 4042 Anomaeis
2820 3988 3203 4055 resumpserit,
3238 4004 3413 4057 quam.

1832 4089 2030 4143 iterum
2062 4086 2147 4141 vel
2194 4085 2436 4142 nondum
2497 4095 2694 4142 exacte
2733 4085 3066 4156 Septembri,
3117 4089 3202 4143 vel
3253 4090 3409 4144 initio

1832 4187 2088 4245 Octobris
2124 4186 2502 4251 intermiserit,
2536 4194 2786 4257 urgente,
2818 4195 2882 4240 ut
2911 4186 3001 4242 ille
3029 4185 3126 4253 ait,
3163 4188 3407 4242 necessi-

1832 4299 1945 4346 tate
1976 4299 2037 4343 ut
2097 4296 2290 4344 contra
2322 4286 2542 4342 Iudaeos
2602 4287 2804 4341 iterum
2831 4296 3108 4342 certamen
3164 4287 3406 4343 haberet.

1832 4393 1915 4445 An
1941 4405 2070 4445 vero
2105 4398 2228 4458 post
2266 4387 2563 4443 secundam
2599 4395 2788 4441 contra
2841 4388 3141 4444 Anomceos
3192 4388 3410 4456 concio-

1833 4497 1957 4538 nem
1996 4482 2138 4534 hanc
2169 4479 2386 4540 tertiam
2421 4487 2609 4532 contra
2641 4475 2860 4531 Judaeos
2887 4477 3158 4540 habuerit,
3188 4493 3255 4538 an
3287 4486 3409 4546 post

1833 4576 2047 4632 tertiam
2079 4575 2164 4628 vel
2198 4581 2323 4641 post
2349 4579 2626 4641 quartam,
2661 4571 2714 4626 id
2753 4572 2914 4640 plane
2949 4571 3220 4628 incertum
3275 4581 3401 4634 est:

1831 4689 2008 4744 neque
2041 4673 2144 4726 hac
2177 4673 2250 4736 de
2283 4685 2345 4724 re
2372 4669 2651 4739 quidpiam
2709 4669 2842 4723 certi
2879 4670 3044 4724 statui
3099 4684 3260 4739 posse
3320 4671 3404 4724 vi-
3455 4733 3462 4741 ε

1831 4772 2013 4826 detur.

1903 4869 1982 4924 Ne
2012 4879 2192 4926 autem
2223 4871 2364 4927 hanc
2391 4872 2608 4928 tertiam
2636 4878 2828 4925 contra
2868 4868 3084 4941 Judaaos
3125 4867 3406 4922 bomiliam

1832 4972 1926 5028 diu
1963 4979 2087 5041 post
2127 4971 2498 5041 Septembrem
2533 4973 2957 5032 constituamus,
3005 4968 3294 5040 prohibere
3330 4969 3410 5022 vi-

1833 5075 1994 5132 detur
2053 5073 2482 5144 Chrysostomus
2552 5070 2774 5126 humilia
2828 5069 2883 5135 in
2943 5069 3086 5132 diem
3158 5065 3405 5120 Natalem

1833 5175 2058 5242 Christi,
2087 5190 2253 5244 quam
2282 5174 2473 5230 habuit
2500 5188 2646 5228 anno
2671 5172 2797 5235 586,
2832 5171 2919 5230 die
2953 5170 3211 5239 vigesima
3241 5169 3406 5238 quin-

1837 5282 1888 5326 ta
1937 5271 2295 5326 Decembris:
2335 5271 2558 5340 Tempus
2616 5278 2789 5337 autem
2846 5280 2957 5334 tum
3013 5277 3146 5340 erat,
3206 5265 3402 5333 inquit.

1822 5375 1958 5443 festi
1995 5374 2474 5428 Tabernaculorum
2495 5383 2544 5426 et
2569 5372 2793 5440 jejunii:
2821 5371 2916 5424 hoc
2954 5370 3092 5422 enim
3126 5365 3221 5420 illa
3250 5364 3404 5419 verba

1840 5471 1942 5525 sibi
1973 5473 2177 5538 volunt,
2207 5469 2498 5525 llnmiliate
2529 5471 2742 5534 animas
2769 5474 2998 5530 vestras,
3042 5463 3196 5532 idque
3247 5477 3279 5512 a
3309 5461 3410 5512 Ju-

1837 5573 1966 5628 dwis
1999 5573 2140 5641 circa
2160 5573 2316 5642 ﬁnem
2346 5572 2534 5627 mensis
2561 5568 2810 5639 Gorpta'i,
2857 5569 2912 5624 id
2937 5573 3034 5634 est,
3061 5561 3412 5634 Septembris,
