3866 6226
471 263 567 323 8-51

469 381 612 453 quod
657 391 704 437 ct
764 398 853 438 vos
896 382 1197 448 testamini,
1255 381 1644 438 celebrabatur.
1707 378 1852 432 Tum:
1903 376 2039 431 enim

470 479 662 534 multos
679 481 1016 550 prolixosqne
1049 497 1312 534 sermones
1361 489 1544 532 contra
1571 477 1791 531 Iudaeos
1836 476 2040 530 insum—

1177 267 1235 322 S.
1269 265 1552 324 JOANNIS
1587 251 2070 320 CIlRYSOSTOMl
2105 250 2424 308 AllClllEP.
2463 245 3008 307 CONSTANTINOP.

3611 247 3717 306 859

2142 371 2254 424 acri
2306 369 2359 424 in
2436 367 2552 436 ipsa
2621 363 3058 434 Quadragesima
3111 361 3353 418 habitam
3426 363 3715 418 homiliam

2142 471 2338 527 fuisse.
2362 467 2477 523 Non
2535 466 2751 521 videtur
2797 472 2976 518 autem
3037 462 3168 517 hinc
3201 462 3324 532 plus
3359 462 3586 516 subsidii
3631 478 3715 516 re-

468 580 694 650 psimus,
747 580 1104 647 importunam
1157 595 1341 634 eorum
1398 576 1667 647 jejunium
1712 586 2038 629 accusantes.
2072 562 2098 616 ’κ
2143 569 2327 626 ferre:
2361 583 2486 622 nam
2547 567 2633 621 his
2675 563 2970 635 significari
3021 571 3222 633 potest,
3261 562 3361 616 hos
3411 561 3477 616 de
3511 560 3716 630 quibus

471 677 550 733 Eo
581 681 766 749 igitur,
800 687 863 734 ut
895 691 994 734 nos
1019 680 1430 743 constituimus,
1484 688 1728 748 tempore
1772 677 1870 731 has
1924 684 2034 729 tres

469 784 661 831 contra
691 774 913 831 Iudaeos
939 777 1235 832 conciones
1263 777 1472 831 habuit.
1517 775 1702 846 Neque
1752 785 1931 830 tamen
1967 779 2039 829 ita

354 931 369 943 ,
467 889 660 929 mense
694 872 996 943 Septembri
1030 874 1243 930 hahitas
1293 876 1425 930 dicit
1487 876 1587 931 has
1639 876 1839 931 multas
1869 876 2031 946 proli-

469 990 678 1046 xasque
716 977 993 1045 homilias,
1028 986 1088 1032 ut
1117 978 1318 1032 nullam
1352 986 1497 1040 ante,
1531 978 1732 1032 nullam
1752 984 1872 1047 post
1906 976 2042 1044 Sep-

471 1075 740 1133 tembrem
810 1078 1204 1148 pronuntiarit.
1240 1077 1372 1132 Nam
1419 1094 1541 1131 eum
1574 1078 1673 1142 ait,
1728 1087 1851 1130 tunc
1901 1077 2042 1129 enim

471 1176 667 1231 multos
701 1177 1040 1248 prolixosqne
1078 1193 1341 1232 sermones
1373 1187 1556 1231 cantra
1590 1175 1808 1231 Iudaeos
1856 1175 2047 1228 habui-

470 1293 609 1338 nms,
636 1285 852 1347 tempus
892 1277 1110 1332 circiter
1145 1286 1397 1340 annotat,
1429 1291 1605 1346 neque
1641 1276 1893 1330 homilias
1921 1275 2042 1330 illas

471 1393 665 1432 omnes
696 1393 882 1433 mense
934 1376 1239 1446 Septembri
1273 1376 1719 1432 circumscribit:
1757 1391 1862 1430 non
1895 1375 2039 1430 enim

473 1477 615 1530 solet
641 1476 1068 1548 Chrysostomus
1096 1486 1250 1532 tanto
1279 1477 1537 1548 scrupulo
1557 1486 1714 1532 notas
1736 1486 2040 1545 temporum

473 1574 816 1644 consignare,
886 1582 946 1628 ut
1007 1575 1208 1643 passim
1269 1575 1699 1629 observavimus.
1730 1573 1866 1628 Cum
1913 1589 2044 1628 vero

473 1672 623 1738 dicit,
679 1672 873 1727 mullos
931 1673 1269 1742 prolixosque
1316 1689 1615 1739 sermones,
1663 1672 1893 1734 πολλοὺς
1942 1673 2043 1725 καὶ

477 1771 720 1840 μακροὺς
762 1769 972 1838 λόγους,
1001 1770 1100 1829 has
1125 1779 1236 1830 tres
1262 1769 1511 1822 homilias
1538 1769 1778 1824 indicare
1808 1769 2042 1831 videtur,

476 1867 754 1936 etiamque
810 1866 1062 1922 fortassis
1105 1866 1264 1930 alias,
1306 1883 1426 1936 quae
1484 1867 1686 1936 injuria
1736 1876 2042 1937 temporum

478 1968 896 2022 interciderint:
939 1982 1132 2036 parum
1186 1967 1330 2020 enim
1365 1965 1575 2027 abfuit.
1627 1967 1760 2036 quin
1809 1967 2046 2021 secunda

475 2069 642 2123 etiam
671 2068 892 2122 homilia
926 2069 1166 2136 perierit.
1200 2076 1388 2136 utpote
1417 2083 1539 2136 quae
1591 2068 1645 2122 in
1677 2082 1786 2122 uno
1838 2077 2049 2122 tantum

477 2164 703 2228 Codice,
747 2179 1052 2234 magnaque
1106 2166 1189 2219 sui
1225 2175 1380 2235 parte
1438 2166 1630 2221 mutila
1685 2174 1893 2236 reperta
1950 2169 2040 2224 sit.

478 2260 595 2317 lmo
631 2277 761 2316 vero
812 2274 1020 2318 certum
1067 2263 1281 2318 videtur
1309 2265 1517 2334 aliquot
1563 2280 1626 2319 ex
1665 2265 1732 2320 iis
1786 2282 1923 2335 quas
1961 2269 2048 2323 hic

481 2370 774 2426 memorat,
808 2364 1066 2419 homilias
1112 2364 1457 2420 intercidisse
1489 2386 1500 2420 :
1553 2381 1676 2418 nam
1714 2367 1768 2419 in
1803 2369 1907 2420 line
1941 2376 2048 2422 ter-

458 2459 569 2514 tite
596 2461 730 2516 dicit
754 2480 767 2517 :
803 2463 1260 2529 Quemadmodum
1283 2463 1777 2529 demonstravimus,
1807 2481 1922 2517 cum
1949 2465 2048 2518 hac

480 2563 546 2618 de
576 2580 632 2618 re
667 2566 823 2619 multi
855 2565 1025 2619 habiti
1085 2566 1280 2634 fuerint
1313 2582 1344 2617 a
1378 2581 1459 2618 me
1497 2580 1778 2632 sermones,
1823 2564 2050 2627 πολλοὺς

476 2663 727 2734 ἀνήλωσα
786 2665 1016 2733 λόγουςε
1075 2681 1182 2720 non
1219 2665 1300 2720 sic
1327 2665 1631 2728 locuturus,
1665 2664 1710 2718 si
1758 2664 1897 2719 duos
1926 2673 2050 2718 tan-

481 2771 594 2815 tum
634 2763 736 2817 hac
765 2764 832 2818 de
863 2778 922 2817 re
950 2778 1233 2819 sermones
1272 2763 1572 2818 habuisset.
1604 2761 1708 2816 Sed
1742 2777 1872 2817 cave
1890 2773 2050 2833 putes

479 2877 604 2916 cum
638 2861 914 2918 Frontone
943 2865 1142 2920 Duczeo
1177 2865 1431 2920 homilias
1476 2865 1719 2934 quinque
1761 2874 2051 2934 sequentes

478 2958 567 3015 his
596 2959 975 3032 Chrysostomi
1009 2963 1210 3028 verbis,
1243 2963 1427 3033 longos
1472 2964 1810 3034 prolixosque
1853 2980 2051 3020 sermo-

480 3073 594 3121 nes,
625 3059 968 3130 significari:
1028 3063 1150 3119 illas
1210 3063 1483 3133 siquidem
1536 3063 1729 3118 habuit
1784 3064 1875 3118 diu
1930 3073 2054 3134 post

477 3156 771 3214 Homiliam
803 3161 859 3214 in
886 3159 1133 3216 Natalem
1180 3161 1421 3226 Domini,
1454 3178 1599 3218 anno
1639 3162 1746 3216 586
1785 3162 2050 3230 habitam,

481 3257 630 3312 unde
664 3269 918 3328 excerpta
950 3260 1040 3313 illa
1069 3261 1233 3315 verba
1270 3269 1419 3325 sunt,
1468 3271 1527 3316 ut
1560 3277 1685 3315 mox
1722 3276 1898 3330 neque
1943 3263 2051 3316 du—

479 3354 585 3409 hiis
614 3357 954 3424 argumentis
993 3357 1172 3426 palam
1211 3356 1498 3413 faciemus.

555 3465 746 3521 Restat
775 3476 836 3520 ut
873 3467 1202 3537 quihusdam
1235 3485 1263 3524 a
1316 3469 1662 3526 Tillemontio
1699 3471 1844 3526 circa
1891 3471 2055 3542 hujus

480 3565 726 3620 homiliae
797 3573 1013 3634 tempus
1065 3568 1357 3636 propositis
1433 3568 1615 3624 dubiis
1671 3583 2048 3624 occurramus.

481 3664 635 3731 Quod
678 3665 753 3719 ait
787 3666 1214 3737 Cbrysostomus
1262 3667 1316 3722 in
1370 3667 1474 3723 hac
1520 3667 1768 3732 homilia,
1815 3669 2050 3737 primum

482 3765 623 3819 diem
655 3764 989 3835 Azymorum
1032 3766 1136 3821 hoc
1165 3781 1311 3820 anno
1341 3767 1583 3822 incidere
1606 3767 1658 3821 in
1690 3768 2052 3834 Dominicam,

483 3865 537 3919 id
566 3866 756 3936 utique
793 3881 942 3920 anno
973 3867 1078 3922 587
1107 3867 1358 3937 contigit.
1386 3866 1495 3922 Nec
1539 3870 1665 3925 inde
1695 3879 1876 3924 tamen
1920 3870 2058 3925 infe-

480 3979 574 4020 ras
599 3967 788 4020 eodem
827 3981 974 4021 anno
1009 3966 1136 4032 587,
1165 3969 1385 4038 qualem
1427 3985 1784 4026 numeramus
1817 3987 1848 4025 a
1878 3974 2055 4040 prima

481 4060 724 4117 Januarii
758 4064 878 4128 die,
911 4065 1317 4132 pronuntiatam
1351 4065 1522 4121 fuisse
1561 4065 1701 4122 hanc
1732 4067 2050 4123 homiliam:

484 4177 610 4216 nam
651 4170 1016 4231 praeterquam
1048 4165 1193 4233 quod
1236 4179 1266 4216 a
1297 4164 1600 4234 Septembri
1659 4182 1847 4222 mense
1878 4182 2058 4223 annus

487 4261 544 4314 in
599 4258 842 4313 Ecclesia
909 4259 1094 4314 Graeca
1153 4264 1486 4327 inchoatur,
1533 4264 1671 4339 nihil
1715 4264 2056 4335 frequentius

486 4360 629 4428 apud
660 4360 881 4416 Graecos
905 4361 1098 4416 Patres
1139 4373 1192 4417 et
1226 4363 1524 4432 scriptores
1570 4373 1657 4418 est
1687 4379 1851 4434 quam
1909 4366 2056 4435 quod

484 4459 589 4514 hoc
614 4474 760 4514 anno
787 4475 902 4514 rem
930 4463 1246 4530 quampiam
1279 4477 1572 4518 occurrere
1600 4464 1805 4529 dicant,
1836 4464 2058 4533 quando

487 4557 554 4611 ad
587 4573 698 4612 rem
732 4559 919 4614 minus
957 4547 1124 4628 quam
1159 4561 1324 4616 unius
1354 4564 1481 4616 anni
1515 4565 1753 4632 spatium
1789 4565 2058 4618 intercur-

483 4659 579 4713 rit.
619 4659 984 4724 Quamobrem
1015 4661 1216 4728 eptime
1239 4661 1438 4716 dixerit
1469 4679 1613 4717 anno
1640 4664 1766 4730 586,
1800 4663 2046 4733 Septem-

488 4759 572 4813 bri
607 4776 816 4824 mense,
843 4759 1273 4832 Chrysostomus
1299 4765 1534 4833 primum
1559 4766 1703 4819 diem
1724 4766 2057 4836 Azymorum

492 4861 599 4915 hoc
633 4877 779 4916 anno
811 4863 1052 4919 incidere
1073 4867 1126 4918 in
1154 4865 1298 4919 diem
1330 4865 1694 4935 Dominicam,
1722 4870 1954 4939 loquens
1985 4871 2052 4925 de

485 4959 659 5033 primo
686 4961 773 5016 die
802 4962 1139 5033 Azymorum
1180 4965 1307 5018 anni
1379 4965 1506 5021 587.
1568 4965 1756 5038 Itaque
1801 4970 1846 5024 si
1895 4969 2060 5025 Titie-

488 5059 752 5124 montius,
812 5063 904 5130 qui
952 5063 1114 5131 paulo
1155 5069 1280 5117 ante
1323 5062 1812 5135 Quadragesimam
1857 5070 1938 5123 vel
1999 5071 2054 5125 in

485 5155 605 5221 ipsa
627 5155 1052 5225 Quadragesima
1094 5159 1220 5210 anni
1247 5158 1351 5212 587
1388 5160 1530 5213 hanc
1575 5161 1881 5217 institutam
1933 5179 2055 5220 esse

487 5255 802 5309 concionem
842 5258 1198 5336 probabiliter
1227 5259 1544 5325 existimat,
1587 5262 1688 5316 hac
1734 5263 2057 5335 Chrysosto-

489 5353 561 5406 mi
594 5353 849 5424 loquendi
884 5357 1095 5410 ratione
1121 5357 1345 5418 nitatur,
1369 5373 1398 5410 a
1428 5350 1597 5427 scopo
1626 5360 1785 5428 plane
1814 5364 2052 5418 aberrat.

487 5453 650 5509 Aliud
679 5456 821 5509 eruit
849 5465 1232 5525 argumentum
1254 5471 1322 5511 ex
1343 5457 1429 5512 his
1451 5460 1650 5524 verbis,
1674 5462 1772 5526 τὰς
1797 5463 1896 5533 μὲν
1923 5465 2059 5518 ταὺ-

484 5570 584 5616 τας
618 5555 851 5624 ἡμέρας,
893 5557 989 5608 has
1027 5555 1096 5610 40
1125 5556 1258 5620 dies,
1317 5558 1518 5627 quibus
1552 5560 1865 5628 suspicatur
1907 5561 2054 5617 indi-

2141 675 2362 739 loquor,
2417 683 2523 722 non
2554 677 2760 729 autem,
2823 665 2923 719 hos
2969 665 3022 718 in
3068 663 3268 733 quibus
3318 676 3604 716 versamur
3646 659 3718 714 ιο

2141 769 2279 823 dies.
2308 767 2471 822 Certe
2499 765 2630 821 huic
2683 763 2928 834 opinioni
2982 761 3240 829 refragari
3295 761 3508 816 videtur
3536 760 3719 830 Chry-

2141 877 2423 923 sostomus
2451 882 2574 922 cum
2609 864 2768 920 initio
2802 863 2968 932 hujus
3009 861 3247 916 homilias
3285 861 3417 916 dicit
3469 875 3531 916 se
3580 875 3722 916 con-

2141 969 2364 1022 cionum
2404 973 2597 1020 contra
2647 964 2947 1019 Anommos
2987 963 3185 1018 seriem
3227 963 3406 1017 denuo
3453 963 3722 1030 interpel-

2143 1065 2257 1118 lare
2283 1065 2426 1132 c0gi,
2469 1071 2523 1117 et
2569 1077 2636 1117 ex
2687 1063 2852 1116 modo
2900 1060 3146 1116 ordiendi
3193 1060 3418 1124 indicat,
3451 1075 3513 1114 se
3573 1059 3724 1113 hanc

2143 1165 2361 1218 tertiam
2413 1164 2731 1219 concionem
2785 1171 2974 1217 contra
3023 1160 3274 1225 Iudaeos,
3323 1161 3541 1216 modico
3591 1169 3723 1229 post

2143 1261 2438 1317 secundam
2467 1261 2654 1331 elapso
2680 1270 2924 1331 tempore
2966 1262 3244 1325 habuisse,
3289 1275 3412 1330 qua:
3463 1258 3716 1316 secunda

2146 1365 2201 1418 in
2239 1379 2482 1419 mensem
2519 1363 2894 1432 Septembrem
2943 1362 3088 1416 haud
3117 1363 3284 1416 dubie
3312 1361 3626 1427 referenda,
3659 1369 3722 1415 ut

2144 1478 2311 1533 supra
2345 1463 2604 1517 vidimus.
2637 1463 2695 1516 Et
2729 1477 2860 1517 sane
2883 1477 3007 1516 cum
3033 1461 3458 1532 Chrysostomus
3486 1462 3720 1515 homilia

2145 1565 2200 1620 in
2234 1567 2323 1621 die
2359 1563 2532 1619 Natali
2561 1565 2766 1619 Christi
2797 1563 2927 1618 anni
2959 1563 3066 1618 586
3098 1563 3245 1618 dicat
3275 1577 3334 1617 se
3363 1578 3552 1620 mense
3607 1565 3720 1616 cir-

2144 1668 2284 1722 citer
2313 1668 2622 1737 Septembri
2653 1667 2857 1721 multos
2883 1665 3234 1735 prolixosque
3261 1679 3548 1720 sermones
3588 1679 3720 1719 con-

2148 1775 2229 1821 tra
2255 1765 2476 1822 Iudaeos
2511 1766 2841 1832 instituisse,
2874 1765 3266 1837 congruentius
3306 1765 3359 1818 in
3397 1763 3531 1819 illud
3564 1762 3722 1817 circi-

2148 1875 2230 1920 ter
2293 1875 2509 1934 tempus
2573 1865 2715 1919 hanc
2776 1864 2990 1918 tertiam
3054 1862 3337 1918 homiliam
3390 1861 3723 1931 rejicimus,

2146 1975 2436 2036 postquam
2502 1965 2590 2018 vel
2651 1965 2947 2019 secundam
3003 1973 3195 2017 contra
3249 1965 3585 2025 Anomceos,
3637 1961 3725 2018 ve:

2147 2063 2308 2117 aliam
2343 2078 2410 2117 ex
2441 2063 2799 2132 sequentibus
2831 2063 3098 2116 habuerat
3130 2079 3144 2116 ε
3182 2077 3290 2116 non
3323 2062 3468 2116 enim
3503 2071 3722 2115 constat

2149 2179 2399 2234 quaenam
2432 2178 2497 2218 ex
2527 2163 2636 2217 illis
2672 2162 2816 2216 hanc
2846 2161 3060 2216 tertiam
3107 2169 3297 2215 contra
3339 2158 3558 2214 Judasos
3588 2175 3726 2229 prae-

2149 2267 2396 2323 cesserit.
2429 2266 2506 2320 Ad
2545 2265 2662 2320 haec
2717 2277 2850 2319 vero
2904 2263 2950 2318 si
3010 2263 3063 2317 in
3091 2261 3522 2334 Quadragesima
3581 2264 3726 2316 hanc

2151 2367 2434 2421 homiliam
2468 2365 2669 2420 dictam
2723 2363 2893 2419 fuisse
2928 2371 3255 2431 statuamus,
3317 2379 3379 2419 ea
3435 2364 3543 2419 erit
3577 2363 3727 2430 Qua-

2149 2466 2460 2538 dragesima
2487 2464 2634 2519 haud
2665 2464 2828 2518 dubie
2855 2463 2983 2518 anni
3016 2463 3120 2518 587
3148 2480 3163 2530 ;
3199 2462 3254 2516 in
3289 2461 3380 2517 illa
3411 2477 3541 2517 vero
3573 2462 3720 2528 Qua-

2149 2566 2459 2637 dragesima
2514 2581 2735 2620 cursum
2799 2564 3144 2618 homiliarum
3193 2572 3380 2618 contra
3421 2563 3725 2616 Anomteos

2151 2665 2518 2736 interceperit,
2553 2674 2613 2719 ut
2645 2665 2787 2718 hanc
2807 2641 2999 2718 contra
3029 2660 3249 2718 Juda-os
3292 2662 3536 2716 haberet.
3569 2660 3722 2727 Quo-

2151 2762 2316 2816 modo
2348 2771 2527 2816 autem
2569 2762 2685 2815 haec
2733 2761 3023 2815 convenire
3053 2760 3267 2828 possint
3313 2760 3367 2814 in
3397 2758 3722 2829 Quadrage-

2150 2862 2344 2917 simam
2377 2862 2506 2916 anni
2547 2861 2676 2927 587,
2709 2876 2805 2930 per
2837 2875 3001 2930 quam
3033 2868 3203 2913 t0tam
3237 2860 3305 2913 de
3336 2859 3537 2912 statuis
3562 2873 3724 2913 ever-

2152 2961 2229 3016 sis
2277 2962 2640 3016 concionatus
2668 2960 3098 3032 Chrysostomus
3153 2968 3260 3022 est,
3295 2967 3427 3013 tunc
3485 2967 3634 3013 totus
3667 2958 3726 3012 in

2151 3063 2527 3118 describendis
2567 3061 3029 3131 deplorandisque
3077 3059 3542 3114 Antiochenorum
3574 3058 3726 3113 cala—

2152 3163 2460 3232 mitatibus,
2487 3153 2689 3230 quibus
2719 3161 2986 3213 medicam
3040 3174 3267 3212 manum
3300 3159 3593 3213 admovere
3627 3172 3732 3213 co-

2154 3261 2433 3317 nabatur‘l
2459 3258 2628 3329 Cujus
2659 3258 2966 3327 argumenti
2985 3256 3092 3310 vim
3117 3269 3178 3310 ut
3202 3257 3399 3311 melius
3431 3257 3733 3326 intelligas,

2153 3357 2470 3414 consideres
2505 3356 2686 3423 velim,
2752 3356 2806 3409 in
2838 3355 3261 3425 Quadragesima
3310 3355 3441 3408 anni
3483 3355 3587 3409 587
3625 3355 3734 3410 bo-

2156 3459 2336 3513 milias
2364 3457 2555 3528 viginti
2585 3467 2639 3511 et
2667 3471 2832 3510 unam
2863 3455 3077 3509 habitas
3117 3454 3308 3520 fuisse,
3354 3471 3479 3525 quae
3530 3456 3732 3510 etiam-

2157 3574 2288 3613 num
2322 3565 2639 3627 supersunt,
2673 3564 2909 3625 totaeque
2937 3556 2993 3608 in
3037 3552 3385 3623 deplorandis
3427 3553 3730 3608 Antioche-

2157 3659 2243 3713 nis
2268 3655 2671 3713 calamitatibus
2698 3662 3005 3720 versantur,
3041 3653 3096 3707 in
3127 3667 3430 3722 earumque
3482 3653 3728 3706 exordiis

2157 3764 2219 3810 ut
2271 3755 2570 3824 plurimum
2619 3753 2686 3808 de
2736 3751 3168 3822 praecedentibus
3231 3750 3471 3805 homiliis
3522 3751 3727 3821 agitur.

2159 3853 2548 3920 Quamobrem,
2583 3852 2630 3907 si
2671 3851 3056 3908 controversiae
3112 3850 3181 3904 de
3237 3851 3408 3921 gloria
3451 3849 3727 3920 Unigeniti

2157 3967 2213 4011 et
2263 3965 2454 4011 contra
2510 3956 3003 4010 Anomwostunc
3058 3953 3381 4021 viguissent,
3415 3963 3471 4008 et
3506 3955 3554 4008 si
3613 3954 3730 4007 hac

2159 4065 2351 4112 contra
2376 4053 2595 4109 Judaeos
2627 4063 2759 4108 tunc
2807 4052 2992 4108 habita
3026 4050 3241 4116 fuisset,
3291 4053 3343 4106 id
3375 4052 3430 4106 in
3485 4053 3733 4121 quodam

2157 4153 2424 4226 prommio
2463 4155 2609 4210 haud
2644 4154 2808 4209 dubie
2839 4162 3243 4208 memoraturus
3285 4163 3425 4207 erat.
3475 4153 3560 4207 Ad
3615 4154 3735 4210 haec

2160 4273 2291 4311 vero
2324 4258 2451 4328 quis
2509 4265 2682 4326 putet,
2733 4255 2791 4308 in
2854 4255 3113 4310 extremis
3167 4255 3426 4323 periculis
3480 4262 3538 4309 et
3569 4256 3735 4310 malis

2158 4368 2412 4413 versante
2440 4357 2684 4421 civitate,
2715 4355 3166 4426 Chrysostomum
3212 4365 3401 4410 contra
3431 4353 3736 4410 Anommns

2157 4466 2214 4512 et
2238 4445 2456 4514 Iudaeos
2483 4457 2890 4512 controversias
2930 4456 3222 4516 excitasse,
3258 4470 3376 4523 quae
3409 4455 3737 4509 auditorum

2159 4566 2214 4612 et
2240 4557 2410 4611 otium
2443 4565 2500 4610 et
2528 4557 2771 4611 sedatam
2800 4563 3035 4609 mentem
3074 4553 3446 4624 postulabant.

2230 4664 2388 4737 [586]
2418 4663 2602 4735 Longe
2633 4663 2990 4720 difficiliorem
3045 4664 3206 4719 aliam
3242 4673 3424 4719 movet
3467 4666 3731 4735 quaestioo

2160 4780 2281 4819 nem
2309 4763 2714 4830 'l‘illemontius,
2769 4777 2892 4831 quae
2927 4777 3079 4818 suam
3132 4763 3336 4832 pariter
3366 4772 3422 4818 et
3478 4775 3726 4818 nostram

2161 4864 2486 4919 sententiam
2520 4863 2764 4932 impetat,
2797 4879 3029 4933 quaeque
3062 4862 3381 4929 hujusmodi
3422 4874 3526 4917 est.
3555 4863 3728 4932 Hujus

2161 4962 2398 5018 homilize
2428 4963 2618 5020 titulus
2643 4973 2744 5028 est,
2773 4965 2869 5027 Εἰς
2895 4966 3022 5026 τοὺς
3061 4963 3132 5017 τὰ
3179 4964 3372 5035 πρῶτα
3412 4965 3602 5033 πάσχα
3636 4981 3728 5033 νη-

2164 5061 2471 5126 στεύοντας,
2506 5061 2574 5116 In
2595 5079 2682 5116 eos
2707 5063 2796 5131 qui
2833 5062 3003 5129 primo
3033 5060 3242 5115 Pascha
3267 5062 3536 5130 jejunum.
3571 5061 3729 5127 Quod

2161 5173 2342 5217 autem
2379 5163 2485 5217 hoe
2515 5163 2633 5232 ipso
2663 5177 2806 5216 anno
2855 5161 2912 5230 ii,
2944 5162 3038 5231 qui
3089 5159 3398 5215 Judaeorum
3453 5161 3729 5214 calculum

2160 5260 2214 5314 in
2245 5259 2509 5316 Pasehate
2547 5263 2935 5330 sequebantur,
2969 5263 3024 5316 in
3057 5262 3178 5332 ipso
3213 5261 3480 5316 Paschate
3501 5262 3728 5331 jejuna-

2158 5364 2266 5416 turi
2292 5372 2498 5428 essent,
2545 5364 2624 5418 sic
2655 5365 2900 5418 declarat
2956 5363 3384 5435 Chrysostomus
3436 5379 3595 5418 nun].
3652 5364 3728 5417 5:

2163 5460 2298 5513 Ecce
2324 5477 2546 5532 namque
2595 5463 2798 5532 primus
2830 5464 2940 5516 dies
2988 5464 3307 5532 Azymorum
3362 5463 3456 5516 hoc
3493 5477 3638 5514 anno
3676 5463 3728 5512 in

2160 5559 2497 5614 ﬂaminicam
2524 5561 2663 5615 diem
2712 5562 2920 5628 incidit,
2965 5570 3016 5616 et
3039 5563 3250 5616 omnino
3280 5575 3482 5615 necesse
3505 5568 3613 5626 est,
3671 5565 3726 5609 ist
