3866 6226
243 230 365 284 841·

244 358 359 404 tota
392 349 1057 422 nebdomadajejunemus,
1085 363 1133 407 et
1173 370 1292 407 cum
1345 353 1537 409 Passio
1593 362 1815 422 printer-

247 449 393 513 ierit,
424 459 473 503 et
500 465 635 503 crus:
664 452 934 505 aduenerit
963 461 1012 505 et
1036 454 1365 517 resurrectio,
1408 470 1500 507 nos
1525 453 1697 506 adhuc
1727 453 1816 522 ,ᾔε-

234 543 494 613 junantes
535 562 863 606 maneamus.
907 551 975 606 Et
1010 568 1363 622 saepenumero
1397 554 1541 608 istud
1592 556 1814 619 accidit,

250 662 312 705 ut
346 663 463 721 post
529 669 757 719 crucem,
813 663 931 721 post
990 659 1447 725 resurrectionem,
1494 658 1818 713 hebdomade

246 754 481 807 nondum
514 754 780 817 absoluta,
802 755 1068 825 jejunium
1100 759 1446 814 observemus.
1477 757 1601 814 Haac
1628 768 1819 815 contra

247 866 345 907 eos
380 852 673 921 dicuntur,
707 855 799 924 qui
834 856 1106 925 jejunium
1142 856 1374 915 Judaico
1424 875 1576 915 more
1627 876 1817 916 serva-

249 951 404 1017 bant,
447 954 654 1024 quique
706 956 1000 1025 aliquando
1038 958 1091 1012 in
1133 960 1255 1028 ipso
1304 959 1572 1016 Paschate
1601 936 1819 1030 jejuna--

250 1053 404 1117 bant,
448 1055 673 1124 quando
726 1058 937 1113 scilicet
989 1057 1304 1114 Iudaeorum
1339 1060 1580 1115 calculus
1611 1059 1822 1116 Pascha

250 1156 570 1226 assignabat
603 1166 731 1227 post
757 1157 1198 1215 Christianorum
1222 1160 1450 1216 Pascha.
1488 1160 1644 1218 Tunc
1675 1163 1821 1217 enim

252 1256 553 1310 Christiani
587 1259 663 1312 illi
700 1259 793 1329 qui
826 1258 1056 1316 Iudaico
1085 1262 1189 1315 ritu
1218 1261 1489 1332 jejunium
1512 1263 1820 1328 servabant,

252 1359 350 1412 illo
385 1360 831 1429 dicjcjnnabant
858 1377 967 1432 quo
1019 1363 1198 1418 cteteri
1259 1362 1555 1418 Christiani
1612 1362 1824 1419 Pascha

253 1459 619 1514 celebrarent.
667 1460 833 1530 Atqui
898 1464 1199 1517 secundum
1250 1462 1486 1519 Tabulas
1538 1464 1824 1533 paschales

253 1562 335 1617 lcs
369 1577 516 1616 anno
547 1562 653 1617 587
683 1561 892 1617 Pascha
937 1563 1128 1618 incidit
1158 1563 1211 1617 in
1249 1564 1324 1618 25
1366 1564 1590 1634 Aprilis,
1632 1578 1826 1632 nempe

253 1676 420 1730 quam
450 1662 761 1717 tardissime
786 1671 963 1732 potest
984 1678 1313 1718 occurrere:
1365 1664 1640 1734 quomodo
1695 1681 1826 1735 ergo

254 1769 513 1830 poterant
550 1763 654 1815 hoc
689 1776 835 1814 anno
866 1759 1217 1817 Judaizantes
1256 1762 1330 1816 illi
1368 1762 1422 1816 in
1452 1761 1715 1819 Paschate
1741 1763 1826 1832 jc-

250 1859 620 1930 junare,cum
684 1856 896 1912 Pascha
950 1856 1265 1911 Iudaeorum
1307 1872 1596 1933 .nunquam
1654 1858 1828 1926 possit

256 1962 399 2016 ultra
428 1960 500 2014 25
532 1961 740 2029 Aprilis
761 1960 1098 2015 occurrere?
1123 1959 1318 2029 lugens
1342 1974 1475 2014 sane
1497 1958 1786 2014 ditlicultas
1810 1973 1825 2023 ;

254 2068 348 2122 scd
385 2083 507 2136 quae
546 2076 725 2122 tamen
754 2073 934 2121 certas
962 2065 1227 2135 temporis
1261 2073 1417 2119 notas
1462 2078 1491 2117 a
1526 2063 1684 2119 nobis
1734 2078 1829 2117 su-

255 2184 354 2238 pra
396 2167 605 2238 positas
636 2174 880 2221 evertere
909 2173 1162 2234 nequeat.
1204 2162 1340 2217 Nam
1394 2171 1576 2217 utrum
1612 2176 1827 2231 semper

252 2267 583 2323 Antiocheni
618 2265 928 2320 invariabili
982 2266 1099 2332 lege
1128 2262 1623 2317 Alexandrinorum
1684 2260 1825 2315 circa

252 2365 462 2422 Pascha
502 2364 721 2420 Domini
753 2365 1025 2420 calculum
1060 2364 1232 2418 secuti
1271 2363 1400 2426 sint,
1433 2363 1486 2417 id
1528 2378 1660 2418 sane
1717 2377 1827 2417 non

253 2481 431 2535 usque
453 2466 589 2520 adeo
619 2466 780 2520 nobis
842 2473 1182 2533 compertum
1208 2473 1336 2520 est:
1388 2471 1552 2533 atque
1614 2460 1828 2517 etiamsi

254 2582 475 2637 semper
503 2568 677 2622 secuti
709 2566 854 2630 sint,
905 2581 975 2619 an
1026 2565 1296 2619 allirmare
1343 2578 1635 2632 possumus
1676 2577 1829 2615 nun-

253 2684 421 2735 quam
457 2683 702 2723 errorem
753 2667 807 2721 in
849 2654 1062 2722 calculo
1097 2665 1480 2720 intercidisse?
1530 2662 1689 2716 Certe
1742 2660 1827 2714 l'a-

256 2777 443 2823 tentur
530 2766 635 2820 viri
697 2766 1039 2821 calculorum
1095 2764 1437 2833 paschalium
1508 2760 1828 2832 peritissimi

254 2883 503 2922 errorem
540 2868 813 2922 interdum
845 2866 897 2919 in
955 2866 1183 2920 calculis
1237 2864 1551 2934 hujusmodi
1606 2864 1829 2919 contin-

259 2983 411 3038 gere,
448 2982 547 3021 nec
579 2966 765 3022 multis
809 2965 1011 3020 abhinc
1070 2965 1232 3018 annis
1282 2962 1599 3032 contigisse,
1653 2976 1833 3030 neque

256 3075 438 3119 tutum
470 3081 686 3134 semper
720 3080 844 3119 esse
870 3074 1031 3118 notas
1061 3063 1346 3133 paschales
1373 3062 1499 3117 aliis
1524 3070 1831 3131 temporum

257 3165 405 3219 notis
433 3173 783 3233 anteponere.
818 3163 963 3217 Sane
996 3170 1145 3215 tanta
1188 3160 1405 3215 videtur
1456 3175 1646 3214 eorum
1667 3200 1681 3225 ,
1712 3175 1835 3230 qua

256 3282 424 3335 supra
452 3266 718 3333 diximus,
753 3264 1005 3327 ﬁrmitas,
1040 3274 1100 3315 ut
1122 3264 1299 3332 potius
1336 3278 1401 3318 ex
1429 3263 1837 3331 computatione

257 3373 448 3422 nostra
480 3346 670 3417 contra
700 3360 971 3416 calculum
997 3360 1311 3429 paschalem
1341 3358 1636 3429 ejusmodi,
1670 3373 1834 3428 quam

260 3482 330 3521 ex
359 3466 575 3521 calculo
604 3464 848 3534 paschali
872 3472 1064 3520 contra
1094 3461 1558 3529 computationem
1586 3469 1834 3516 nostram

258 3570 442 3625 liceat.

340 3683 465 3738 Haec
497 3684 566 3737 de
599 3680 777 3735 tribus
801 3677 1078 3748 prioribus
1108 3686 1298 3731 contra
1330 3673 1549 3729 Iudaeos
1573 3674 1834 3729 homiliis.

259 3785 519 3852 Quinque
580 3796 712 3836 vero
766 3788 1057 3849 sequentes
1128 3778 1224 3832 diu
1282 3786 1407 3848 post
1462 3776 1835 3831 intermissam

260 3883 503 3954 priorem
535 3880 802 3934 adversus
838 3878 1058 3933 eosdem
1102 3875 1567 3932 concertationem
1624 3875 1839 3931 habitas

264 3983 441 4039 fuisse
473 3979 788 4035 subindicat
826 3978 944 4048 ipse
981 3976 1410 4046 Chrysostomus
1445 3976 1600 4030 initio
1630 3986 1839 4044 quartae

263 4081 353 4135 his
379 4079 559 4133 verbis
589 4096 600 4133 :
646 4077 848 4130 Rursus
889 4074 1124 4144 infelices
1160 4074 1243 4128 illi
1284 4074 1691 4144 mortaliumque
1723 4092 1837 4128 om-

262 4182 413 4236 nium
472 4180 757 4233 miserrimi
824 4178 1006 4232 Judwi
1052 4178 1352 4247 jejunaturi
1417 4186 1587 4230 sunt:
1651 4194 1834 4231 rursus

261 4282 470 4339 Christi
501 4298 707 4352 gregem
756 4283 1058 4335 muniamus
1107 4296 1311 4335 necesse
1346 4289 1448 4335 est.
1508 4279 1613 4334 Sed
1654 4290 1837 4349 aperte

260 4380 515 4437 declarat
539 4370 768 4437 homilia
792 4389 943 4437 sexta
980 4395 1129 4435 num.
1164 4380 1237 4435 6:
1273 4379 1413 4444 Quid
1442 4388 1618 4433 autem
1650 4378 1837 4447 loquor

1273 230 1641 289 ADVERSUS
1676 229 1992 290 JUDEOS.
2028 263 2097 275 —
2127 233 2470 292 MONITUM.

3368 241 3493 296 8‘2‘

1922 351 1988 404 de
2019 354 2355 421 pra'donibus
2383 357 2408 409 γ
2454 354 2700 424 Profecto
2748 356 2897 410 scitis
2931 372 3108 410 omnes
3147 372 3209 409 ac
3260 360 3494 424 memini,

1924 456 2137 524 quando
2162 458 2303 526 apud
2334 474 2429 511 nos
2467 459 2711 513 scelerati
2735 458 2953 529 quidam
2998 466 3049 514 et
3079 458 3493 529 praestigiator“

1925 563 2133 608 statuas
2162 557 2418 626 principis
2444 556 2762 627 dejecerunt,
2793 576 2895 628 quo
2930 568 3085 629 pacto
3112 574 3213 612 non
3256 557 3338 611 illi
3372 569 3496 612 tan—

1926 664 2036 707 tum
2064 657 2154 725 qui
2205 656 2413 725 facinus
2436 659 2557 713 ausi
2607 659 2841 728 fuerant,
2876 660 2967 714 sed
3007 668 3260 729 quotquot
3297 659 3498 727 simpli-

1926 757 2057 809 citer
2090 768 2376 826 prtPsenles
2411 763 2675 828 conspecti
2706 771 2878 825 erant,
2909 764 3159 831 quoniam
3186 760 3499 815 videbantur

1927 854 2037 908 illis
2084 857 2354 919 assentiri,
2414 858 2469 910 in
2518 858 2781 926 judicium
2820 860 3022 928 abrepti
3081 859 3344 928 simulque
3376 873 3498 910 cum

1927 955 2037 1009 illis
2063 955 2279 1010 abducti
2316 968 2548 1011 extremo
2574 961 2832 1028 supplicio
2860 962 2963 1014 sint
3014 961 3212 1028 affecti.
3248 958 3346 1013 Hic
3384 973 3498 1013 me-

1929 1067 2195 1113 moratam
2228 1057 2479 1112 videmus
2506 1059 2651 1113 illam
2680 1059 3023 1130 tragmdiam,
3052 1076 3173 1128 quae
3197 1074 3296 1128 per
3325 1067 3495 1112 totam

1930 1159 2417 1230 Quadragesimam
2458 1160 2587 1212 anni
2649 1159 2754 1213 587
2815 1160 3106 1215 occasione
3163 1160 3499 1229 dejectarum

1931 1269 2241 1317 statuarum
2266 1260 2575 1323 Antiochiae
2604 1262 2848 1317 exhibita
2878 1273 2982 1328 est,
3008 1262 3075 1317 de
3105 1277 3209 1331 qua
3251 1261 3501 1329 pluribus

1932 1360 2089 1415 initio
2128 1360 2260 1415 tomi
2324 1361 2624 1431 sequentis.
2662 1360 2789 1415 llam
2844 1377 3009 1431 porro
3065 1373 3219 1418 sexta
3277 1362 3502 1417 homilia

1932 1463 2118 1517 habita
2162 1463 2265 1518 fuit
2303 1464 2422 1535 ipso
2466 1465 2662 1535 jejunii
2714 1464 3029 1521 Iudaeorum
3083 1467 3192 1531 die,
3260 1474 3321 1521 ut
3386 1468 3503 1536 ipse

1931 1562 2362 1633 Cbrysostomus
2400 1564 2533 1619 dicit
2561 1566 2614 1620 in
2652 1566 2757 1620 ﬁne
2787 1584 2801 1620 :
2833 1575 3028 1636 quarta
3058 1567 3246 1622 decem
3287 1566 3502 1622 circiter

1931 1660 2126 1716 diebus
2156 1671 2284 1717 ante
2326 1663 2642 1733 jejunium:
2680 1666 2874 1734 quinta
2926 1664 3269 1737 intermcoio,
3325 1677 3386 1721 ut
3435 1681 3504 1721 ex

1932 1761 2181 1815 ordiendi
2208 1763 2373 1817 modo
2404 1764 2594 1832 liquet,
2620 1746 2905 1833 tempore:
2953 1766 3204 1835 septima,
3259 1766 3501 1822 nondum

1932 1860 2184 1915 absoluto
2236 1859 2549 1917 Iudaeorum
2592 1862 2771 1918 festo:
2814 1872 3006 1919 octava
3065 1874 3190 1934 post
3232 1865 3503 1935 jejunium

1931 1967 1987 2011 et
2008 1956 2247 2023 festum;
2282 1958 2356 2011 ita
2388 1966 2451 2013 ut
2478 1973 2543 2012 ex
2574 1957 2951 2029 Chrysostomi
2988 1961 3167 2015 verbis
3212 1962 3356 2019 clare
3391 1963 3507 2017 col-

1930 2055 2134 2125 Igatur
2173 2071 2297 2111 eum
2339 2057 2553 2123 minus,
2592 2073 2757 2127 quam
2815 2059 3006 2129 viginti
3054 2060 3264 2114 dierum
3304 2062 3503 2130 Spatia,

1933 2154 2177 2223 quinque
2202 2162 2507 2224 postremas
2537 2165 2727 2210 contra
2765 2153 2983 2210 Iudaeos
3013 2154 3265 2211 bomilias
3314 2159 3506 2214 absol-

1931 2255 2098 2309 visse.
2134 2252 2248 2309 Huc
2275 2254 2342 2309 de
2390 2270 2450 2309 re
2484 2254 2776 2311 dillicultas
2810 2257 2958 2311 nulla
2999 2258 3237 2313 suboriri
3300 2270 3503 2329 potest.

1935 2352 2131 2409 Utrum
2163 2364 2342 2409 autem
2374 2369 2520 2409 anno
2548 2354 2674 2421 587,
2704 2356 2894 2410 eodem
2933 2365 3249 2412 recurrente
3267 2358 3501 2428 jejunio,

1934 2456 2096 2526 cujus
2133 2471 2302 2511 causa
2360 2465 2469 2511 tres
2520 2456 2732 2527 priores
2774 2455 3030 2510 bomilias
3070 2470 3217 2510 anno
3252 2460 3506 2526 proximo

1934 2555 2224 2623 habuerat,
2259 2557 2358 2612 has
2401 2557 2645 2627 quinque
2709 2558 3003 2614 conciones
3036 2559 3366 2628 instituerit,
3399 2562 3505 2617 etsi

1935 2671 2048 2711 non
2078 2657 2303 2727 perinde
2332 2664 2540 2711 certum
2582 2655 2851 2722 videatur,
2887 2657 3115 2712 omnino
3161 2667 3343 2715 tamen
3380 2676 3509 2731 pro-

1936 2755 2120 2811 babile
2144 2765 2267 2813 est:
2297 2757 2351 2811 in
2382 2757 2575 2811 harum
2607 2757 2807 2827 quippe
2856 2758 3206 2813 homiliarum
3270 2763 3503 2819 decursu

1937 2864 2243 2925 martyrum
2275 2856 2570 2910 memorias
2611 2871 2905 2911 occurrere
2942 2858 3076 2913 dicit
3126 2869 3351 2917 sanctus
3408 2864 3509 2919 do-

1940 2964 2081 3020 ctor,
2113 2955 2576 3023 quemadmodum
2599 2965 2655 3009 et
2692 2955 2746 3009 in
2778 2955 3057 3024 prioribus
3086 2957 3194 3014 illis
3223 2961 3507 3016 concioni-

1933 3058 2039 3113 bus
2060 3058 2187 3112 anni
2220 3058 2356 3122 586,
2388 3075 2527 3129 quas
2576 3074 2764 3114 mense
2793 3059 3013 3114 circiter
3065 3060 3370 3129 Septembri
3404 3061 3509 3117 ba-

1937 3156 2127 3211 buisse
2180 3173 2240 3213 se
2294 3157 2639 3213 testiﬁcatur.
2698 3157 3029 3228 Videturque
3081 3158 3509 3229 Chrysostomus

1935 3256 2228 3311 Judaicum
2287 3258 2583 3324 morbum,
2650 3257 3090 3313 Christianorum
3141 3259 3506 3329 quorumdam

1937 3357 2139 3411 animis
2174 3357 2352 3412 adhuc
2374 3361 2692 3422 haerentem,
2722 3359 2809 3414 cui
2849 3359 3114 3414 medicam
3149 3374 3319 3414 manu
3362 3375 3508 3416 anno

1935 3456 2042 3512 386
2070 3457 2406 3523 admoverat,
2430 3472 2573 3513 anno
2599 3456 2765 3512 etiam
2795 3457 3106 3528 insequenti
3149 3460 3371 3528 penitus
3406 3475 3504 3515 cu~

1937 3574 2062 3614 rare
2096 3558 2359 3621 voluisse,
2384 3558 2670 3628 ipsumque
2699 3559 2938 3615 homilia:
2960 3568 3171 3629 quartae
3198 3560 3506 3624 exordium,

1940 3658 2141 3714 Rursus
2196 3659 2375 3715 Judaei
2403 3660 2706 3737 jejuuaturi
2760 3671 2906 3726 sunt,
2963 3662 3211 3717 eamdem
3264 3662 3509 3731 proxime

1938 3772 2312 3818 recurrentem
2373 3762 2499 3816 anni
2548 3770 2925 3831 tempestatem
2994 3777 3224 3833 prorsus
3283 3762 3495 3834 signiﬁ-

1940 3880 2065 3920 care
2094 3864 2332 3919 videtur.
2582 3843 2584 3845 i

2012 3976 2528 4046 lnterpretationem
2563 3975 2812 4031 Latinam
2854 3975 3049 4045 primae
3078 3974 3320 4029 homilia:
3347 3975 3510 4030 ador-

1942 4077 2096 4132 navit
2126 4076 2299 4131 David
2333 4074 2703 4139 Hmschellus,
2730 4074 2985 4130 secunda:
3013 4083 3070 4130 et
3113 4074 3287 4129 tertiae
3332 4073 3511 4128 homi-

1943 4177 2030 4232 lia:
2053 4175 2257 4232 Fronto
2290 4176 2536 4242 Ducazus,
2560 4176 2801 4246 quinque
2829 4174 3192 4246 posteriorum
3226 4173 3506 4239 Erasmus,

1943 4292 2083 4358 quas
2106 4270 2824 4347 interpretationesaliquot
2854 4275 2909 4331 in
2948 4275 3086 4332 locis
3123 4277 3439 4332 emendatas
3478 4288 3511 4327 θ

1944 4378 2166 4451 regione
2204 4378 2376 4434 Graeci
2406 4384 2588 4435 textus
2618 4377 2922 4447 posuimus.
