3866 6226
421 245 526 304 845

1094 241 1154 297 S.
1188 239 1467 298 JOANNIS
1506 237 1994 296 CHRYSOSTOMI
2027 237 2344 295 ARCHIEP.
2379 234 2920 298 CONSTANTINOP.

3560 230 3680 288 ιιι

439 533 3652 573 W

1322 878 1738 969 SANCTl
1833 876 2253 966 PATRIS
2343 871 2778 966 NOSTRI

423 1278 1540 1495 JOANNIS
1646 1284 2024 1492 CH:

2108 1278 3654 1536 {YSOSTOML

1250 1799 1851 1863 ARCHIEPISCOPI
1921 1796 2870 1861 CONSTANTINOPOLITANI

697 2153 1565 2283 ‘ADVEBSUS
1655 2153 2291 2280 JUDfEOS
2388 2149 3333 2280 ORATIONES.

995 3061 1191 3102 ORATIO
1227 3061 1404 3100 ΡιιιιιΑ.

500 3180 550 3233 Ι.
579 3179 728 3246 Quod
761 3181 1018 3249 reliquum
1046 3189 1160 3235 erat
1185 3150 1420 3233 materne
1441 3219 1454 3243 ,
1483 3177 1549 3233 de
1577 3190 1678 3247 qua
1709 3190 1877 3244 nuper
1907 3190 2002 3227 vo-

427 3269 508 3324 bis
535 3271 760 3324 disserui
785 3312 799 3335 ,
833 3268 999 3323 Deum
1025 3269 1381 3338 comprehendi
1408 3285 1506 3322 non
1539 3284 1683 3336 posse
1709 3283 1727 3321 :
1758 3266 1807 3319 id
1841 3266 2000 3320 hodie

423 3359 700 3413 absolvere
725 3366 779 3412 et
802 3358 1082 3412 dilucidius
1105 3358 1298 3411 docere
1321 3357 1585 3410 volebam.
1613 3356 1684 3410 De
1705 3355 1805 3410 hoc
1821 3356 1958 3410 enim
1980 3397 1995 3421 ,

428 3448 692 3516 prmtcrita
729 3447 816 3502 die
853 3448 1115 3502 dominica
1145 3488 1160 3512 ,
1197 3456 1399 3500 tantum
1430 3447 1712 3500 verborum
1743 3488 1758 3511 ,
1789 3455 1999 3515 tamque

411 3536 642 3604 cepiose
685 3534 939 3598 fecimus,
982 3536 1250 3604 productis
1297 3536 1522 3600 llesaia,
1561 3535 1796 3599 Davide,
1842 3545 1999 3604 atque

429 3623 589 3678 Paulo
619 3624 859 3679 testibus.
890 3624 1021 3679 Nam
1048 3625 1153 3689 ille,
1187 3623 1564 3678 Geuerationem
1595 3625 1704 3696 ejus
1730 3625 1840 3694 quis
1860 3640 2001 3678 enar-

425 3714 555 3766 rabit
584 3712 785 3782 (Hemi.
829 3715 914 3768 55.
947 3713 1056 3786 8)?
1101 3715 1392 3780 clamabat;
1435 3714 1521 3768 hic
1565 3715 1704 3784 quod
1753 3728 1997 3783 compre-

428 3804 586 3859 hendi
617 3820 719 3859 non
748 3817 942 3874 posset,
975 3807 1170 3873 gratias
1201 3807 1296 3875 ipsi
1323 3821 1484 3874 agens
1507 3847 1522 3871 ,
1554 3805 1836 3873 Conﬁtebor
1876 3806 1996 3869 tibi,

426 3893 672 3959 dicebat,
721 3897 838 3964 quia
880 3895 1164 3948 terribiliter
1209 3896 1558 3964 magniﬁcatus
1602 3911 1653 3948 es
1693 3911 1712 3947 :
1752 3894 2003 3947 mirabilia

424 4001 578 4053 opera
598 3994 685 4038 tua
713 3983 894 4054 (Psal.
919 3984 1040 4038 158.
1072 3985 1138 4038 14
1160 3984 1200 4054 ).
1233 3983 1300 4037 Et
1326 3998 1558 4049 rursum,
1591 3982 1840 4037 Mirabilis
1867 3985 2002 4052 facta

423 4083 496 4128 est
519 4075 727 4128 scientia
751 4085 837 4128 tua
865 4091 927 4128 ea:
951 4091 1062 4139 me;
1092 4078 1375 4145 confortata
1398 4083 1469 4128 est
1487 4115 1502 4139 ,
1531 4083 1577 4127 et
1603 4090 1702 4127 non
1738 4083 1911 4143 potero
1937 4074 2003 4125 ad

422 4179 534 4217 (aut
569 4162 744 4233 (Ibid.
769 4180 817 4216 υ.
845 4164 936 4232 6).
966 4165 1035 4216 At
1059 4163 1252 4217 Paulus
1278 4179 1382 4220 non
1409 4163 1473 4216 ad
1503 4164 1669 4230 ipsam
1700 4163 1791 4216 Dei
1819 4177 1999 4217 essen-

425 4257 552 4310 tiam
579 4255 912 4323 respiciebat,
934 4255 1026 4309 sed
1055 4255 1120 4309 ad
1147 4255 1265 4323 ejus
1284 4255 1561 4308 dumtaxat
1585 4253 1998 4322 providentiam:

424 4345 549 4413 quin
581 4343 738 4412 hujus
766 4345 924 4398 etiam
953 4346 1210 4414 particula
1255 4345 1426 4398 solum
1453 4383 1468 4407 ,
1497 4359 1657 4412 quam
1685 4343 1734 4396 in
1767 4344 1999 4412 gentium

425 4432 701 4486 vocatione
740 4434 1186 4499 demonstrasset,
1219 4443 1496 4502 percepta,
1524 4433 1684 4486 veluti
1714 4441 1918 4486 vastum
1947 4441 2001 4485 et

423 4523 742 4578 immensum
771 4538 916 4576 mare
940 4523 1294 4591 conspicatus,
1320 4523 1397 4576 sic
1421 4522 1782 4576 exclamabat:
1815 4520 1860 4575 0
1880 4521 1998 4572 alti-

424 4612 543 4665 tudo
573 4613 857 4665 divitiarum
899 4622 944 4664 et
979 4613 1234 4681 sapientia
1260 4621 1303 4665 et
1332 4613 1546 4673 scientia:
1574 4612 1665 4665 Dei
1691 4613 1712 4666 !
1738 4629 1889 4683 quam
1917 4613 1996 4664 in-

419 4700 712 4754 scrutabilia
746 4711 860 4754 sunt
887 4701 1085 4769 judicia
1128 4703 1234 4770 ejus
1253 4740 1268 4765 ,
1300 4710 1346 4754 et
1381 4701 1744 4770 inuestigabiles
1771 4702 1863 4753 via:
1892 4701 2000 4770 ejus

421 4792 440 4860 (
465 4791 613 4844 Rom.
641 4792 727 4844 11.
751 4792 819 4844 ’55
845 4792 886 4859 ).
911 4794 1082 4860 Atque
1112 4791 1212 4846 hoc
1237 4793 1366 4845 satis
1389 4791 1855 4846 demonstrationis
1879 4805 1998 4845 esse

419 4888 629 4949 poterat
670 4895 684 4930 :
723 4894 822 4947 ego
852 4893 977 4932 vero
1013 4895 1118 4933 non
1152 4879 1523 4946 prophetarum
1561 4880 1878 4932 testimoniis
1923 4879 1992 4930 fui

418 4977 700 5025 contentus
719 5009 732 5034 ,
762 4984 866 5024 non
897 4970 949 5023 in
979 4970 1287 5036 apostolicis
1311 4970 1519 5023 substiti
1551 4985 1568 5033 ;
1606 4969 1700 5022 sed
1730 4970 1780 5022 in
1811 4969 2000 5022 uelum-

417 5059 632 5113 ascendi
651 5097 667 5123 ,
693 5057 912 5112 chorum
947 5059 1256 5128 angelorum
1285 5059 1435 5113 vobis
1463 5058 1775 5124 monstravi,
1802 5059 1889 5126 qui
1917 5057 1997 5110 di:-

415 5159 594 5205 ceret:
626 5150 801 5204 Gloria
827 5152 881 5203 in
904 5151 1164 5204 altissimis
1190 5149 1297 5203 Deo
1313 5191 1328 5215 ,
1357 5158 1404 5202 et
1425 5151 1478 5202 in
1508 5158 1640 5202 terra
1662 5165 1764 5217 pax
1783 5190 1800 5214 ,
1826 5150 1877 5201 in
1900 5149 1994 5201 Ito-

415 5241 630 5293 minibus
668 5240 1026 5309 beneplacitum
1066 5240 1225 5311 (Luc.
1268 5239 1481 5308 2.14)..
1526 5239 1784 5292 Audiistis
1826 5239 1993 5292 Sera-

416 5329 565 5402 plum
592 5343 774 5382 rursus
797 5343 917 5383 cum
946 5339 1162 5397 stupore
1191 5336 1245 5382 et
1271 5328 1492 5381 horrore
1515 5328 1818 5391 clamitare,
1855 5328 1994 5381 San-

425 5430 524 5473 ηαδ
542 5458 556 5480 ,
583 5429 812 5482 sanctus,
853 5428 1056 5471 sanctus
1092 5417 1340 5470 Dominus
1366 5417 1666 5470 exercituum
1696 5434 1714 5471 :
1740 5419 1889 5486 plena
1919 5428 1993 5472 est

480 5511 496 5539 ι
520 5514 581 5570 tn
604 5522 692 5570 sex
729 5506 956 5570 Homilias
975 5507 1370 5570 _eontra}ud:_eos
1401 5509 1611 5570 vidimus
1636 5507 1996 5570 Coddtnegios

419 5568 715 5629 1319,1960,
747 5569 884 5624 1963,
905 5567 1213 5629 1964,1973,
1241 5567 1394 5618 2900:
1419 5569 1548 5619 coll).
1589 5569 1698 5628 247,
1731 5568 1852 5629 248,
1881 5567 1996 5627 36.4,

415 5628 527 5688 629,
551 5629 686 5690 sese,
713 5629 828 5678 seet
859 5642 872 5676 :
898 5625 1037 5677 coisl.
1057 5625 1164 5675 263.

2109 3030 2273 3082 outnis
2293 3038 2425 3083 terra
2449 3031 2611 3100 gloria
2638 3030 2746 3100 ejus
2767 3028 2968 3100 (Hesai.
2995 3029 3046 3084 6.
3073 3028 3152 3100 5).
3183 3029 3374 3086 Addidi
3400 3042 3455 3088 et
3484 3032 3687 3086 Cheru-

2109 3117 2216 3170 bim
2256 3118 2581 3178 clamantes,
2620 3118 2891 3172 Benedicta
2914 3120 3075 3188 gloria
3101 3119 3307 3172 Domini
3342 3121 3404 3172 de
3441 3122 3554 3176 loco
3581 3125 3692 3191 ejus

2114 3203 2333 3275 (Ezech.
2365 3199 2543 3271 5.12).
2568 3196 2702 3256 Tres
2718 3200 2772 3255 in
2813 3207 2988 3271 terris,
3012 3207 3227 3259 totidem
3256 3208 3305 3260 in
3329 3209 3474 3261 cazlis
3501 3219 3688 3276 testes,

2109 3297 2173 3349 ad
2204 3297 2290 3349 Dei
2323 3296 2653 3365 majestatem
2681 3297 2947 3366 perveniri
2975 3296 3111 3350 haud
3143 3312 3298 3365 posse
3324 3299 3688 3354 ostenderant.

2109 3385 2336 3439 Proinde
2359 3393 2502 3440 certa
2533 3401 2724 3455 magno
2751 3401 2870 3439 cum
2899 3386 3151 3454 applausu
3183 3387 3342 3440 fiebat
3363 3387 3699 3442 demonstra-

2109 3477 2216 3540 tio;
2249 3475 2512 3528 theatrum
2538 3475 2894 3530 incalescebat
2917 3493 2930 3528 :
2958 3486 3128 3530 castus
3156 3477 3456 3530 auditorum
3484 3478 3691 3530 inﬂam-

2110 3565 2370 3617 mabatur.
2405 3563 2584 3632 Neque
2614 3579 2740 3617 vero
2769 3579 2867 3632 ego
2903 3579 2988 3618 me
3017 3564 3216 3617 laudari
3245 3565 3565 3629 gaudebam,
3594 3566 3688 3619 sed

2111 3652 2388 3706 Dominum
2435 3667 2611 3708 meum
2655 3652 2896 3706 laudibus
2919 3654 3196 3710 cumulari.
3230 3652 3362 3707 Nam
3404 3655 3694 3722 applausus

2109 3750 2266 3811 atque
2305 3741 2420 3795 laus
2457 3743 2555 3796 ista
2582 3742 2883 3794 animorum
2913 3751 3208 3796 vestrorum
3245 3743 3296 3796 iu
3337 3743 3502 3796 Deum
3535 3758 3683 3798 amo-

2113 3846 2225 3885 rem
2253 3831 2764 3886 commonstrabant.
2794 3831 3330 3907 Etiquentadmodum
3371 3835 3552 3895 servi,
3593 3833 3688 3887 he-

2107 3939 2223 3976 rum
2252 3923 2459 3978 sincere
2479 3931 2740 3987 amantes,
2764 3922 2902 3975 hunc
2923 3922 3124 3975 laudari
3149 3923 3190 3974 si
3215 3923 3452 3982 audiant.
3471 3924 3690 3993 ﬂagrant

2109 4011 2374 4066 desiderio
2400 4012 2514 4080 ejus
2534 4012 2620 4080 qui
2652 4011 2922 4080 prmdicat,
2953 4013 3073 4082 quia
3102 4011 3213 4064 lteri
3250 4027 3434 4066 amore
3461 4013 3686 4067 ardent:

2107 4101 2171 4154 ad
2202 4100 2442 4155 eumdem
2475 4100 2632 4155 etiam
2662 4101 2872 4154 modum
2902 4115 2997 4154 vos
3017 4101 3245 4153 maxime
3277 4109 3402 4154 tunc
3425 4099 3681 4169 a'pplaus.

2106 4207 2341 4246 amorem
2372 4207 2492 4261 erga
2520 4193 2797 4246 Dominum
2823 4192 2948 4244 satis
2969 4191 3299 4244 declarastis.
3321 4190 3575 4244 Volebam
3602 4192 3689 4261 igi-

2108 4290 2195 4335 tur
2213 4289 2266 4334 et
2285 4280 2441 4334 hodie
2467 4281 2517 4334 in
2543 4288 2810 4333 certamen
2829 4279 2956 4331 illud
2982 4278 3322 4332 descendere.
3360 4278 3490 4332 Nam
3522 4281 3565 4332 si
3591 4294 3686 4333 ve-

2044 4405 2058 4419 .
2106 4371 2277 4425 ritatis
2308 4371 2486 4424 hostes
2511 4370 2654 4423 nulla
2680 4370 2822 4436 capit
2855 4368 3073 4422 satietas
3102 4368 3468 4422 conviciorum
3511 4373 3564 4422 in
3594 4371 3684 4423 be-

2107 4461 2330 4515 neficum
2357 4478 2369 4513 :
2401 4464 2566 4513 multo
2591 4459 2758 4528 magis
2781 4474 2878 4512 nos
2900 4458 3205 4526 inexplebili
3228 4459 3524 4526 cupiditate
3550 4461 3689 4514 cele-

2105 4551 2288 4605 brandi
2320 4551 2482 4603 Deum
2509 4549 2871 4602 universorum
2901 4547 3091 4600 ardere
3113 4547 3282 4600 deret.
3319 4547 3424 4600 Sed
3454 4549 3580 4615 quid
3611 4547 3686 4601 fa-

2104 4640 2240 4692 ciam
2265 4640 2287 4690 ?
2318 4639 2464 4692 Alius
2483 4638 2826 4708 gravissimus
2847 4636 3062 4690 morbus
3085 4636 3276 4704 lingua:
3300 4647 3497 4690 nostras
3523 4637 3688 4690 medi-

2102 4730 2276 4783 cinam
2305 4727 2524 4796 ﬂagitat,
2556 4726 2772 4779 morbus
2798 4727 2849 4778 in
2873 4725 3124 4778 Ecclesia!
3142 4737 3370 4792 corpore
3399 4725 3612 4779 insitus.
3643 4726 3686 4778 Is

2103 4819 2252 4887 prius
2279 4825 2361 4870 est
2399 4816 2663 4869 tollendus
2693 4831 2706 4879 ;
2743 4814 2864 4868 dein
2898 4822 3201 4867 exterorttm
3241 4827 3365 4866 cura
3408 4815 3681 4880 gerenda:

2104 4909 2248 4977 prius
2271 4906 2706 4965 domesticorum,
2737 4913 2916 4972 postea
2940 4911 3314 4956 extraneorum
3345 4901 3586 4955 habenda
3609 4911 3687 4956 est

2109 4998 2266 5051 ratio.

2179 5085 2451 5139 Christiani
2470 5083 2676 5153 quidam
2705 5082 3000 5134 Antioclteni
3024 5081 3321 5134 Juda’orum
3358 5080 3499 5150 festis
3524 5080 3680 5132 inter-

2101 5183 2324 5228 θωπί.-
2338 5173 2560 5239 Quinam
2579 5179 2660 5224 est
2697 5171 2909 5224 morbus
2926 5170 3066 5224 iste?
3095 5168 3578 5223 Ferimludteorum
3597 5171 3684 5222 mi-

2099 5277 2339 5317 serorum
2371 5269 2529 5329 atque
2555 5273 2976 5320 mrumnosorum
3020 5259 3284 5312 continua:
3305 5267 3357 5310 et
3379 5255 3681 5325 frequentes

2101 5355 2329 5407 inStant:
2354 5351 2538 5415 Tubte,
2566 5349 2909 5418 Scetwpegize
2930 5385 2947 5413 ,
2969 5347 3172 5416 Jejunia
3198 5363 3210 5396 :
3241 5356 3295 5400 et
3329 5345 3480 5398 multi
3509 5346 3677 5399 nostri

2100 5442 2322 5503 ordinis,
2350 5441 2439 5510 qui
2467 5455 2524 5493 se
2553 5440 2825 5494 nobiscum
2865 5439 3062 5492 sentire
3091 5437 3292 5499 dicunt,
3335 5436 3528 5504 partim
3558 5450 3678 5503 spo-

2104 5540 2302 5584 ctatum
2349 5531 2465 5584 illas
2505 5529 2663 5583 ferias
2704 5527 2988 5598 prodeunt,
3030 5526 3221 5596 partim
3246 5525 3405 5580 etiam
3443 5539 3548 5578 una
3592 5538 3679 5578 ce-

2100 5619 2334 5685 lebrant,
2357 5633 2458 5672 una
2483 5618 2724 5688 jejunant
2755 5634 2768 5671 :
2804 5631 2961 5688 quam
2992 5629 3204 5686 pravam
3242 5613 3676 5669 consuetudinem
