3826 6222
165 254 272 310 843

167 535 3268 570 “mw:

1391 247 1758 306 ADVERSUS
1795 247 2098 305 JUDEOS.
2121 249 2170 302 1.

3320 240 3426 296 8M

961 911 1190 996 ΤΟΥ
1226 912 1372 995 ΕΝ
1411 909 1776 995 ΑΓΙΟΙΣ
1856 910 2292 998 ΠΛΤΡΟΣ
2360 907 2688 994 ΗΜΩΝ

1209 1271 2408 1480 ΙΩΑΝΝΟΥ

893 1685 1622 1742 ΔΡΧΙΕΠΙΣΚΟΠΟΥ
1694 1683 2732 1744 ΚΩΝΣΤΑΝΤΙΝΟΥΠΟΛΕΩΣ

1372 2047 1538 2098 ΤΟΥ
1599 2043 2286 2099 ΧΡΥΣΟΣΤΟΜΟΥ

861 2379 1358 2501 ΛΟΓΟΙ
1432 2386 1850 2498 ΚΑΤΑ
1916 2384 2642 2516 ΙΟΥΔΑΙΩΝ
2683 2384 2746 2498 ⁸.

608 3080 760 3154 [587]
811 3088 849 3136 A
862 3083 1001 3152 όγος
1045 3084 1299 3150 πρῶτος.

243 3171 310 3219 α’.
357 3163 688 3234 Ἐϐουλόμην
709 3166 838 3232 ὑμῖν
860 3164 1150 3216 ἀποδοῦναι
1172 3167 1237 3218 τὰ
1261 3166 1485 3234 λείψανα
1513 3169 1749 3236 σήμερον

176 3247 273 3316 τῆς
309 3246 635 3309 ὑποθέσεως,
675 3247 798 3314 περὶ
833 3242 900 3315 ἦς
940 3248 1034 3298 καὶ
1067 3245 1256 3316 πρώην
1288 3249 1414 3315 ὑμῖν
1447 3247 1745 3318 διελέχθην,

177 3331 266 3380 καὶ
294 3328 466 3392 δεῖξαι
503 3327 833 3397 σαφέστερον
854 3366 867 3387 ,
902 3326 1026 3392 πῶς
1069 3329 1491 3395 ἁκατιὶληπτός
1520 3329 1690 3382 ἐστιν
1718 3331 1750 3380 ὀ

180 3413 343 3474 Θεός.
367 3411 501 3478 Περὶ
524 3409 632 3479 γὰρ
665 3409 853 3461 τούτου
881 3413 945 3478 τῇ
976 3409 1322 3481 παρελθούσῃ
1350 3412 1600 3480 Κυριακῇ
1623 3410 1750 3470 τοῦς

177 3493 405 3554 πολλοὺς
433 3492 670 3553 ἐκείνους
701 3491 796 3544 καὶ
833 3491 1080 3560 μακροὺς
1115 3492 1490 3562 ἐποιησάμεθα
1522 3492 1713 3559 λόγους
1733 3530 1748 3554 ,

176 3575 260 3628 ὅτε
292 3575 391 3628 καὶ
428 3575 708 3644 μάρτυρας
742 3573 1138 3643 παρηγάγομεν
1170 3575 1259 3626 τόν
1287 3591 1347 3626 τε
1390 3575 1615 3627 Ἡσαΐαν
1658 3573 1751 3627 καὶ

178 3657 265 3714 τὸν
293 3655 458 3708 Δαυῖδ
483 3657 575 3708 καὶ¹
599 3657 691 3707 τὸν
719 3656 950 3709 Παῦλον.
991 3655 1048 3708 Ὅ
1081 3656 1178 3725 μὲν
1201 3656 1308 3724 γὰρ
1334 3657 1483 3718 ἐϐόα,
1518 3657 1634 3723 Τὴν
1659 3674 1752 3725 γε·

177 3741 320 3792 νεὼν
357 3739 544 3792 αὑτοῦ
582 3740 674 3802 τίς
699 3737 1080 3806 διηγήσει-ας
1107 3741 1135 3790 6
1161 3739 1218 3792 δὲ
1248 3740 1567 3809 ηὑχαρίστει
1601 3739 1751 3808 αὑτῷ

179 3821 315 3890 ὑπὲρ
355 3821 454 3889 τῆς
492 3820 904 3890 ἀκαταληψίας,
939 3819 1144 3888 λέγων·
1198 3821 1752 3889 Ἐξομολογήσομαί

177 3917 304 3963 σοι,
359 3901 447 3954 ὅτι
498 3900 760 3969 φοϐερῶς
803 3902 1261 3970 ἐθαυμαστὼθης
1285 3916 1298 3932 ³
1336 3901 1640 3970 θαυμάσια
1680 3902 1752 3954 τὰ

177 3982 318 4050 ἔργα
346 3998 482 4036 σου⁶
514 3985 604 4036 καὶ
625 3984 806 4046 πάλιν,
843 3983 1303 4052 Ἐθαυμαστώθη
1326 3985 1364 4051 ἡ
1387 3983 1606 4052 γνῶσίς
1635 3998 1751 4036 σου

177 4064 241 4126 ἐξ
267 4065 436 4132 ἐμοῦ,
463 4064 842 4132 ἐκραταιώθη,
868 4068 939 4118 οὐ
957 4066 1042 4134 μὴ
1073 4065 1335 4134 δύνωμαι
1362 4067 1510 4132 πρὸς
1537 4065 1748 4130 αὐτὴν.

188 4145 244 4197 ’0
279 4148 339 4199 δὲ
373 4147 582 4209 Παῦλος
609 4149 706 4200 οὐκ
735 4150 814 4210 είς
847 4149 1014 4219 αὑτὴν
1047 4147 1144 4218 τῆς
1180 4148 1364 4211 οὑσίας
1398 4147 1496 4218 τὴν
1528 4147 1752 4218 ἔρευναν

177 4229 462 4299 διακύψας.
490 4230 604 4282 ἀλλ’
631 4233 710 4292 είς
735 4230 830 4301 τὴν
857 4232 1113 4302 πρόνοιαν
1143 4231 1305 4282 αὑτοῦ
1333 4231 1522 4302 μόνην,
1551 4231 1752 4301 μᾶλλον

177 4311 230 4365 δὲ
264 4313 358 4365 καὶ
385 4313 557 4382 αὑτῆς
585 4314 684 4383 τῆς
712 4313 970 4385 προνοίας
1010 4314 1173 4384 μέρος
1211 4315 1404 4384 μικρὸν
1441 4315 1750 4378 ἀπολαϐὼν,

176 4394 204 4445 ὃ
237 4397 364 4464 περὶ
395 4395 491 4465 τὴν
522 4396 628 4448 τῶν
661 4395 829 4447 ἐθνῶν
857 4396 1046 4464 κλῆσιν
1077 4396 1410 4462 ἐπεδείξατο,
1442 4395 1631 4467 ὥσπερ
1662 4398 1757 4449 πέ-

177 4475 338 4544 λαγος
373 4479 569 4547 ἀχανὲς
599 4481 692 4531 καὶ
721 4478 1104 4546 ἀκατάληπτον
1131 4478 1274 4539 ἰδὼν,
1307 4477 1479 4541 οὕτως
1507 4478 1754 4548 ἐϐόησεν·

176 4552 250 4609 Ὠ
267 4559 459 4625 βάθος
491 4561 755 4613 πλούτου
785 4561 882 4613 καί
908 4561 1130 4628 σοφίας
1153 4560 1249 4613 καί
1277 4561 1549 4628 γνώσεως
1584 4560 1758 4613 Θεοῦ]

177 4641 254 4706 ὼς
292 4643 729 4710 ἀνεξερεύνητα
767 4645 839 4696 τὰ
876 4645 1128 4711 κρίματα
1174 4645 1390 4706 αὑτοῦ,
1438 4645 1537 4699 καὶ
1574 4644 1754 4707 ἀνεξ-

180 4726 474 4794 ιχνίαστοι
507 4729 566 4778 αἱ
605 4725 732 4779 ὁδοὶ
772 4726 983 4780 αὐτοῦ]
1015 4727 1122 4780 Καὶ
1149 4722 1216 4796 ἦν
1259 4729 1355 4796 μὲν
1393 4728 1548 4797 ἱκανὴ
1598 4729 1630 4796 ἡ
1669 4727 1758 4782 διὰ

178 4809 381 4860 τούτων
409 4807 705 4872 ἀπόδειξις·
741 4807 853 4876 ἐγὼ
878 4809 936 4860 δὲ
964 4809 1062 4861 οὑκ
1096 4809 1370 4884 ἡρκέσθην
1395 4812 1510 4871 τοῖς
1541 4810 1755 4878 προφή-

178 4905 316 4952 ταις,
358 4891 457 4942 οὑκ
486 4889 648 4960 ἔστην
689 4890 851 4960 μέχρι
878 4890 985 4942 τῶν
1018 4891 1333 4944 ἀποστόλων
1355 4932 1369 4956 ,
1400 4890 1518 4942 ἀλλ’
1556 4891 1756 4958 ἀνέϐην

178 4974 256 5034 εἰς
291 4973 380 5024 τὸν
409 4973 658 5041 οὐρανὸν,
690 4972 868 5036 ἔδειξα
897 4975 1025 5042 ὑμῖν
1059 4973 1150 5025 τὸν
1180 4973 1339 5043 χορὸν
1371 4971 1480 5025 τῶν
1509 4972 1756 5039 ἀγγέλων

176 5052 424 5122 λέγοντα,
463 5056 617 5118 Δόξα
644 5055 714 5107 ἐν
742 5056 1028 5122 ὑψίστοις
1066 5053 1206 5119 Θεῷ,
1242 5055 1340 5107 καὶ
1384 5055 1484 5108 ἐπὶ
1524 5054 1638 5122 γῆς
1676 5056 1757 5107 εί-

173 5136 328 5202 ρήνη
351 5175 366 5196 ,
400 5137 471 5189 ἐν
506 5137 838 5203 ἀνθρώποις
871 5136 1135 5190 εὐδοκία.
1193 5137 1490 5190 Ἠκούσατε
1518 5136 1626 5188 τῶν
1669 5152 1756 5188 σε-

181 5218 388 5286 ραφεὶμ
422 5217 580 5271 πάλιν
607 5219 1058 5288 ἐκπληττομένων
1092 5219 1186 5270 καὶ
1226 5218 1363 5288 μετά
1393 5217 1594 5287 φρίκης
1623 5235 1756 5287 κρα-

179 5299 398 5362 ζόντων,
427 5299 650 5368 Ἄγιος,
672 5299 864 5368 ἅγιος,
886 5300 1052 5369 ἅγιος
1074 5301 1286 5366 Κύριος
1309 5300 1550 5354 σαϐαώο
1569 5319 1580 5331 ·
1604 5300 1757 5366 πλή-

175 5396 286 5449 ρης
314 5379 483 5438 πᾶσα
514 5381 551 5447 ἠ
583 5379 657 5450 γῆ
690 5381 800 5449 τῆς
833 5382 1020 5448 δόξης
1051 5381 1260 5436 αὐτοῦ.
1304 5383 1628 5452 Προσέθηκα
1662 5383 1755 5436 καὶ

177 5464 243 5517 τὰ
283 5465 547 5535 χερουϐὶμ
590 5465 826 5534 βοῶνταο
863 5465 1252 5536 Εὐλογημένη
1301 5467 1340 5533 ἡ
1380 5465 1529 5530 δόξα
1569 5467 1757 5520 αὑτοῦ

236 5575 1086 5665 ξ..³εξ..πέτξε.9ξὲαηνὶξκὶτὶιοεξξξῖῆι..
1098 5577 1546 5665 ἶίὲἓξῖίὲϊζξέέκθη
1568 5578 1619 5626 δὲ
1636 5578 1750 5641 πρὸς

181 5639 286 5694 τοὺς
315 5639 650 5694 ἰουδαΐζοντας
666 5642 747 5688 καὶ
770 5639 870 5701 μετ’
897 5639 1086 5688 ἐκείνων
1105 5639 1430 5696 νηστεύοντας.

1857 3081 1924 3134 ἐκ
1962 3081 2066 3134 τοῦ
2109 3080 2298 3135 τόπου
2339 3081 2548 3136 αὑτοῦ.
2590 3079 2751 3134 Κάτω
2797 3080 2949 3149 τρεῖς
2994 3077 3291 3148 μάρτυρες,
3331 3079 3443 3132 ἄνω

1857 3165 2004 3231 τρεῖς
2041 3163 2354 3234 μάρτυρες,
2397 3164 2460 3215 τὸ
2493 3164 2786 3233 ἀπρόσιτον
2827 3163 2925 3230 τῆς
2961 3160 3056 3212 τοῦ
3098 3159 3233 3212 Θεοῦ
3285 3159 3443 3228 δόξης

1857 3245 2162 3314 δηλοῦντες.
2198 3246 2706 3316 Ἀναμφισϐήτητος
2732 3245 2919 3298 λοιπὸν
2949 3245 2981 3313 ἡ
3023 3241 3316 3307 ἀπόδειξις,
3348 3243 3446 3296 καὶ

1860 3329 2026 3390 πολὺς
2046 3331 2073 3381 6
2097 3329 2292 3398 κρότος
2314 3330 2543 3397 ἐγίνετο,
2569 3331 2665 3383 καὶ
2679 3327 3086 3398 διεθερμαίνετο
3105 3326 3165 3378 τὸ
3191 3326 3440 3396 θέατρον,

1859 3413 1953 3462 καὶ
1989 3410 2256 3480 ἐπυροῦτο
2287 3413 2315 3463 ό
2354 3412 2630 3479 σύλλογος.
2680 3409 2820 3477 Ἐγὼ
2859 3411 2914 3462 δέ
2953 3410 3190 3478 ἔχαιρον,
3223 3411 3323 3478 οὑχ
3360 3410 3444 3461 ὃτι

1859 3494 2022 3556 αὐτὸς
2052 3494 2390 3564 ἐπῃνούμην,
2416 3494 2531 3547 ἀλλ’
2560 3495 2641 3545 ὅτι
2674 3495 2702 3546 6
2730 3492 3007 3562 Δεσπότης
3033 3494 3060 3543 6
3096 3491 3228 3559 ἐμὸς
3256 3491 3443 3557 ἐδοξά-

1861 3573 2003 3638 ζετο.
2040 3576 2096 3627 '0
2121 3575 2230 3645 γὰρ
2250 3576 2442 3644 κρότος
2465 3577 2670 3637 ἐκεῖνος
2693 3574 2786 3626 καὶ
2815 3576 2843 3626 6
2863 3573 3083 3635 ἔπαινος
3108 3573 3168 3625 τὸ
3197 3573 3446 3640 φιλόθεον

1859 3659 1960 3728 τῆς
1991 3659 2261 3729 ὑμετέρας
2284 3659 2462 3728 ψυχῆς
2490 3658 2842 3710 ἐνεδείκνυτο.
2877 3656 2986 3708 Καὶ
3017 3655 3268 3725 καθάπερ
3299 3656 3446 3708 οίκέ-

1858 3757 1948 3792 ται
1983 3740 2344 3809 φιλόστοργοι,
2380 3740 2598 3791 ἐπειδὰν
2633 3738 2909 3791 ἀκούσωσί
2937 3755 3081 3800 τινος
3112 3738 3204 3790 τὸν
3237 3737 3451 3790 ἑαυτῶν-

1860 3823 2207 3886 ἐπαινοῦντος
2236 3822 2502 3893 δεσπότην
2522 3862 2536 3884 ,
2569 3822 2884 3874 ἐκκαίονται
2915 3820 2991 3888 τῷ
3018 3820 3169 3890 πόθῳ
3199 3822 3326 3890 περὶ
3355 3821 3447 3872 τὸν

1859 3905 2084 3971 λέγοντα
2114 3905 2200 3957 διὰ
2225 3904 2285 3957 τὸ
2312 3904 2448 3974 πρὸς
2475 3904 2565 3956 τὸν
2600 3902 2868 3972 δεσπότην
2906 3903 3148 3972 φίλτρον,
3182 3901 3324 3953 οὕτω
3351 3903 3445 3956 καὶ

1861 3989 2018 4055 ὑμεῖς
2049 3988 2342 4058 ἐποιήσατε
2373 3987 2493 4040 τότε
2515 4003 2527 4016 ·
2563 3989 2629 4056 τῇ
2658 3985 2766 4038 τῶν
2798 3984 3010 4054 κρότων
3045 3983 3318 4054 ὑπερϐολῇ
3346 3984 3444 4054 τὴν

1863 4069 2062 4140 πολλὴν
2085 4071 2213 4140 περὶ
2224 4070 2313 4120 τὸν
2339 4068 2614 4140 Δεσπότην
2635 4066 2783 4136 [588]
2805 4066 3184 4118 ἐπεδείκνυσθε
3208 4065 3440 4118 εὔνοιαν.

1872 4152 2204 4220 Ἐϐουλόμην
2264 4151 2361 4218 μὲν
2405 4143 2498 4199 οὖν
2550 4148 2644 4198 καὶ
2703 4148 2942 4217 σήμερον
2994 4147 3450 4214 ἐπαγωνίσασθαι

1859 4239 1973 4298 τοῖς
2003 4233 2342 4302 παλαίσμασι
2383 4230 2614 4294 τούτοις.
2653 4230 2717 4282 Εἰ
2742 4231 2851 4300 γὰρ
2881 4231 2929 4282 οἱ
2964 4231 3151 4301 ἐχθροὶ
3180 4229 3281 4300 τῆς
3313 4230 3444 4300 άλη-

1861 4317 2011 4379 θείας
2046 4316 2206 4386 κόρον
2235 4316 2294 4367 οὑ
2329 4314 2668 4385 λαμϐάνουσι
2698 4312 3145 4383 βλασφημοῦντες
3174 4312 3265 4365 τὸν
3292 4312 3447 4385 εὐερ-

1859 4386 2043 4468 γέτην,
2077 4397 2256 4466 πολλῷ
2285 4396 2484 4466 μᾶλλον
2510 4397 2656 4466 ἡμᾶς
2681 4395 2994 4468 ἀκορέστως
3022 4395 3167 4464 ἔχειν
3196 4395 3278 4446 δεῖ
3308 4395 3455 4465 πρὸς

1859 4480 2134 4549 εὐφημίαν
2160 4478 2256 4532 τοῦ
2291 4478 2400 4530 τῶν
2431 4477 2565 4531 ὅλων
2591 4477 2750 4530 Θεοῦ.
2789 4477 2950 4529 Ἀλλά
2978 4477 3030 4529 τί
3063 4477 3254 4540 πάθως
3282 4477 3446 4528 Ἔτε-

1863 4580 1952 4633 ρον
1982 4563 2192 4632 νόσημα
2217 4559 2597 4631 χαλεπώτατον
2620 4560 2720 4629 τὴν
2739 4560 3012 4630 ἡμετέραν
3036 4558 3288 4625 γλῶσσαν
3309 4557 3446 4628 πρὸς

1861 4643 2103 4714 ἰατρείαν
2139 4643 2312 4707 καλεῖ,
2352 4641 2566 4711 νόσημα
2609 4643 2667 4694 ἐν
2697 4641 2775 4710 τῷ
2809 4641 3021 4711 σώματι
3055 4640 3154 4710 τῆς
3209 4641 3446 4711 Ἐκκλη-
3490 4673 3492 4678 -

1861 4728 1980 4791 σίας
2026 4725 2452 4796 πεφυτευμένον.
2488 4728 2579 4776 Δεῖ
2605 4724 2662 4776 δὲ
2706 4725 2969 4795 πρότερον
3010 4725 3169 4777 τοῦτο
3200 4726 3451 4778 ἀνασπά-

1861 4828 2080 4876 σαντας,
2109 4810 2229 4863 τότε
2275 4809 2558 4880 φροντίσαι
2598 4807 2706 4860 τῶν
2739 4807 2969 4872 ἔξωθεν·
3003 4807 3270 4878 πρότερον
3316 4808 3450 4872 τοὺς

1857 4892 2088 4954 οἰκείους
2115 4892 2473 4962 θεραπεῦσαι,
2507 4891 2599 4945 καὶ⁵
2626 4890 2747 4942 τότε
2781 4888 2892 4942 τῶν
2920 4888 3216 4960 ἀλλοτρίων
3249 4893 3448 4961 ἐπιμε-

1858 4975 1922 5044 λή
1933 4973 2147 5026 σασθαι.

1929 5056 1994 5106 Τί
2019 5055 2076 5106 δέ
2106 5057 2221 5107 ἐστι
2251 5054 2312 5106 τὸ
2337 5057 2575 5124 νόσημα;
2617 5053 2832 5123 Ἑορταὶ
2863 5053 2971 5105 τῶν
2997 5051 3200 5104 ἀθλίων
3228 5053 3322 5104 καὶ
3348 5071 3446 5106 τα·-

1857 5137 2150 5207 λαιπώρων
2194 5137 2462 5189 Ἰουδαίων
2492 5136 2744 5205 μέλλουσι
2775 5134 3165 5206 προσελαύνειν
3199 5139 3448 5205 συνεχεῖς.

1858 5223 1953 5274 καὶ
1992 5220 2311 5289 ἐπάλληλοι,
2349 5222 2404 5272 αί
2466 5220 2785 5286 σάλπιγγες,
2837 5220 2892 5271 αί
2943 5218 3332 5288 σκηνοπηγίαι,
3384 5221 3442 5270 αἱ

1857 5305 2102 5373 νηστεῖαι
2121 5319 2134 5332 ο
2164 5302 2257 5355 καὶ
2281 5303 2467 5355 πολλοὶ
2494 5303 2602 5354 τῶν
2635 5301 2753 5370 μεθ’
2785 5300 2941 5371 ἡμῶν
2968 5301 3320 5370 τεταγμένων
3346 5302 3450 5353 καὶ

1856 5384 1924 5438 τὰ
1957 5385 2200 5455 ἡμέτερα
2243 5384 2508 5451 λεγόντων
2549 5387 2784 5454 φρονεῖν,
2823 5384 2873 5436 οί
2911 5383 3007 5452 μὲν
3042 5384 3134 5434 ἐπὶ
3163 5382 3260 5453 τὴν
3307 5383 3442 5436 θέαν

1857 5467 2140 5520 ἀπαντῶσι
2171 5467 2276 5520 τῶν
2310 5467 2534 5537 ἐορτῶν,
2569 5467 2617 5517 oi
2647 5465 2703 5516 δὲ
2734 5466 2826 5516 καὶ
2873 5465 3294 5534 συνεορτάζουσι
3344 5468 3442 5522 καὶ

1856 5547 1965 5600 τῶν
1992 5549 2252 5618 νηστειῶν
2285 5547 2601 5602 κοινωνοῦσι
2621 5564 2633 5577 ο
2667 5549 2762 5600 καὶ
2787 5544 2945 5598 τοῦτο
2969 5547 3029 5596 τὸ
3056 5547 3288 5616 πονηρὸν
3318 5548 3446 5612 ἔθος

1858 5629 2117 5702 βούλομαι
2141 5631 2242 5702 τῆς
2282 5630 2609 5704 Ἐκκλησίας
2642 5629 2912 5684 ἀπελάσαι
2943 5627 3060 5680 νῦν.
3095 5629 3161 5681 Οἱ
3198 5630 3298 5702 μὲν
3329 5631 3442 5702 γὰρ
