3826 6222
381 227 486 280 845

381 343 521 410 πρὸς
572 339 882 409 ’Λνομοίους
927 339 1073 408 λόγοι
1123 343 1217 394 καὶ
1257 344 1315 393 ἐν
1359 341 1530 412 ἑτέρῳ
1573 342 1826 396 δύνανται
1875 331 1971 410 γε-

381 420 567 474 νὲσθαι
593 419 794 490 καιρῷ,
829 419 925 472 καὶ
954 419 1179 488 οὐδεμία
1208 419 1314 472 ἀπὸ
1346 419 1447 488 τῆς
1477 421 1745 491 ἀναϐολῆς
1776 421 1971 490 γένοιτ’

383 500 452 553 ἂν
483 498 654 569 βλάϐη
677 515 691 529 ·
720 501 845 562 τοὺς
870 499 927 550 δέ
961 499 1028 552 τά
1063 499 1330 552 Ἰουδαϊκὰ
1361 501 1673 564 νοσοῦντας,
1700 503 1749 554 εί
1779 500 1854 571 μὴ
1879 499 1973 552 νῦν

383 577 856 648 θεραπεύσαιμεν,
897 578 983 630 ὅτε
1026 578 1192 645 ἐγγὺς
1239 579 1332 631 καὶ
1375 579 1468 631 ἐπὶ
1513 578 1705 651 θύραις
1741 579 1878 632 είσὶν
1916 579 1972 632 αἱ

383 656 492 709 τῶν
547 657 816 708 Ἰουδαίων
855 656 1074 726 ἐορταὶ,
1125 656 1343 710 δέδοικα
1401 658 1474 727 μή
1529 675 1657 710 ποτε
1715 658 1820 711 ὑπὸ
1871 658 1972 727 τῆς

385 735 616 795 ἀκαίρου
643 735 930 803 συνηθείας
952 735 1162 804 καὶτῆς
1187 736 1388 806 πολλῆς
1410 739 1633 804 ἀγνοίας
1659 737 1971 807 μετάσχωσι

383 830 528 876 τινες
559 815 656 883 τῆς
690 815 1031 885 παρανομίας
1066 815 1310 876 ἐκείνων,
1340 819 1431 870 καὶ
1467 817 1686 887 μάταιοι
1713 817 1899 870 λοιπὸν
1921 819 1970 870 οἱ

385 892 513 960 περὶ
552 890 755 945 τούτων
799 894 928 962 ἡμῖν
978 892 1246 960 γένωνται
1280 893 1448 960 λόγοι.
1499 896 1596 946 Ἂν
1640 895 1748 965 γὰρ
1802 895 1970 966 μηδὲν

384 968 719 1032 ἀκούσαντες
750 972 989 1042 σήμερον
1021 969 1358 1040 νηστεύσωσι
1396 976 1514 1042 μετ’
1552 975 1799 1036 ἐκείνων,
1833 974 1972 1044 μετά

381 1047 445 1098 τὸ
475 1048 793 1118 τελεσθῆναι
827 1051 924 1120 τὴν
953 1051 1249 1120 ἁμαρτίαν,
1289 1051 1408 1120 είκῆ
1435 1050 1619 1103 λοιπὸν
1650 1051 1710 1104 τὸ
1745 1052 1969 1120 φάρμα-

383 1141 479 1178 κον
509 1127 862 1200 ἐπιθήσομεν.
909 1129 1108 1198 Διόπερ
1151 1129 1445 1198 ἐπείγομαι
1492 1131 1586 1182 καὶ
1621 1129 1969 1199 προκαταλα-

383 1202 520 1258 ϐεῖν.
554 1204 710 1258 Οὕτω
731 1209 824 1259 καὶ
850 1208 1022 1278 ἰατροὶ
1049 1207 1261 1258 ποιοῦσι
1283 1222 1295 1234 ·
1321 1208 1456 1276 πρὸς
1481 1208 1550 1260 τά
1576 1207 1970 1275 κατεπείγοντα

383 1283 479 1334 καὶ
507 1281 738 1345 ὀξύτατα
763 1284 868 1336 τῶν
893 1286 1214 1354 νοσημάτων
1245 1285 1488 1337 ἵστανται
1517 1285 1803 1355 πρότερον·
1835 1286 1970 1338 πάν-

383 1373 494 1422 τως
542 1360 598 1412 δὲ
640 1363 908 1431 συγγενὴς
957 1363 1052 1415 καὶ
1100 1356 1254 1425 οὗτος
1289 1365 1317 1414 6
1357 1363 1507 1430 ἀγὼν
1561 1363 1638 1431 τῷ
1693 1362 1965 1433 προτέρῳ.

399 1437 615 1509 Ἐπειδὴ
643 1439 751 1510 γὰρ
778 1441 1010 1510 συγγενῆ
1039 1441 1108 1493 τά
1133 1440 1233 1508 τῆς
1258 1441 1513 1503 ἀσεϐείας
1550 1441 1849 1510 Ἀνομοίοις
1875 1441 1968 1493 καὶ

399 1513 686 1580 Ἰουδαίοις,
718 1520 952 1587 συγγενῆ
985 1519 1078 1571 καὶ
1105 1518 1172 1572 τά
1201 1519 1560 1587 ἀγωνίσματα
1593 1521 1724 1588 ἡμῖν
1759 1517 1968 1586 γίνεται

383 1595 498 1656 τοῖς
529 1596 792 1667 πρότερον
822 1597 890 1650 τὰ
917 1596 1033 1650 νῦν.
1070 1599 1175 1650 Καὶ
1207 1598 1316 1665 γάρ
1342 1597 1478 1667 ὅπερ
1512 1597 1800 1650 ἐνεκάλουν
1840 1597 1968 1649 Ἰου-

381 1671 541 1734 δαῖοι,
562 1673 718 1726 τοῦτο
743 1675 1033 1742 ἐγκαλοῦσι
1059 1676 1152 1728 καὶ
1192 1675 1481 1744 ’Δνόμοιοι.
1510 1674 1575 1726 Τί
1599 1675 1656 1728 δὲ
1679 1673 1968 1726 ἐνεκάλουν

385 1751 614 1816 ἐκεῖνοι;
645 1752 765 1805 Ὅτι
797 1754 1015 1825 Πατέρα
1047 1754 1174 1806 ῖδιον
1204 1753 1357 1820 ἔλεγε
1389 1753 1480 1804 τὸν
1505 1753 1680 1825 Θεὸν,
1701 1752 1814 1804 ῖσον
1842 1754 1969 1804 ἐαυ-

385 1828 474 1880 τὸν
501 1829 668 1884 ποιῶν
697 1830 774 1900 τῷ
796 1824 1144 1900 ΘεῴζΤοῦτο
1174 1830 1469 1898 ἐγκαλοῦσι
1503 1831 1596 1882 καὶ
1625 1824 1794 1896 οῦτοι,
1833 1830 1970 1900 μᾶλ-

385 1906 475 1959 λον
501 1906 556 1958 δὲ
582 1909 682 1960 οὐκ
712 1909 1054 1975 ἐγκαλοῦσιν,
1082 1909 1216 1960 ἀλλά
1237 1911 1330 1960 καὶ
1349 1909 1691 1976 ἐξαλείφουσι
1718 1908 1780 1962 τὸ
1806 1911 1969 1980 ῥητὸν

388 1985 524 2052 μετὰ
542 1989 638 2054 τῆς
658 1986 918 2050 διανοίας,
936 1988 1086 2038 είκαὶ
1107 1986 1180 2057 μὴ
1199 1989 1262 2056 τῇ
1288 1987 1451 2056 χειρὶ,
1471 1987 1607 2038 ἀλλά
1627 1990 1692 2057 τῇ
1716 1987 1911 2060 γνώμῃ
1925 1997 1964 2040 ⁸.

456 2062 522 2132 β’.
555 2065 702 2133 Μηδέ
731 2065 1071 2135 θαυμάσητε,
1105 2070 1151 2116 ει
1180 2065 1397 2128 ἀθλίους
1421 2065 1657 2118 ἐκάλεσα
1677 2067 1802 2128 τοὺς
1835 2067 1968 2118 Ἰου-

383 2141 587 2203 δαίους.
628 2147 834 2206 ὐντως
873 2145 981 2214 γάρ
1018 2143 1191 2196 ἄθλιοι
1224 2145 1317 2197 καὶ
1342 2144 1699 2214 ταλαίπωροι,
1729 2144 1969 2198 τοσαῦτα

385 2219 493 2271 ἀπὸ
518 2219 625 2272 τῶν
645 2221 702 2272 o6
713 2221 886 2292 ρανῶν
909 2222 1088 2288 ἀγαθὰ
1109 2223 1189 2283 είς
1214 2222 1312 2283 τάς
1336 2223 1525 2290 χεῖρας
1542 2221 1722 2273 αὐτῶν
1746 2221 1969 2274 ἐλθόντα

382 2299 738 2367 ἀπωσάμενοι
767 2303 858 2354 καὶ
893 2302 1147 2372 ῥίψαντες
1181 2303 1318 2370 μετά
1348 2300 1547 2370 πολλῆς
1576 2301 1673 2370 τῆς
1709 2301 1966 2369 σπουδῆς.

398 2375 692 2430 Ἀνέτειλεν
718 2379 946 2443 ἐκείνοις
971 2379 1220 2450 πρώῖμος
1246 2382 1274 2432 6
1294 2380 1394 2448 τῆς
1421 2379 1767 2447 δικαιοσύνης
1785 2379 1964 2450 ἣλιος·

385 2453 626 2508 κάκεῖνοι
671 2457 770 2526 μὲν
809 2458 1101 2510 ἀπώσαντο
1151 2461 1249 2528 τὴν
1298 2461 1514 2520 ἀκτῖνα,
1565 2458 1659 2509 καὶ
1705 2460 1761 2509 ἐν
1792 2459 1969 2528 σκότῳ

385 2533 680 2602 κάθηνται·
739 2539 900 2607 ἡμεῖς
936 2538 994 2590 δέ
1039 2539 1087 2590 οἱ
1138 2538 1314 2608 σκότῳ
1363 2537 1796 2606 συντραφέντες,
1833 2537 1970 2607 πρὸς

385 2611 609 2676 ἑαυτοὺς
642 2615 1073 2686 ἐπεσπασάμεθα
1101 2616 1162 2669 τὸ
1193 2616 1343 2684 φῶς,
1387 2617 1481 2668 κώ.
1527 2616 1620 2668 τοῦ
1665 2615 1829 2682 ζόφου
1871 2617 1970 2686 τῆς

384 2689 592 2765 πλάνης
623 2693 1039 2764 ἀπηλλάγημεν.
1081 2694 1308 2748 Ἐκεῖνοι
1332 2695 1430 2765 τῆς
1459 2695 1614 2762 ῥίζης
1635 2694 1662 2732 δ
1691 2695 1788 2764 τῆς
1811 2695 1969 2763 ἁγίας

384 2760 522 2836 ἦσαν
550 2760 758 2831 κλάδοι,
793 2760 1348 2842 ἀλΥέξεκλάσθησαν
1366 2760 1398 2800 ’⁷
1424 2760 1586 2840 ἡμεῖς
1618 2773 1680 2824 o6
1719 2760 1970 2842 μετείχο-

389 2861 487 2912 μεν
527 2847 626 2915 τῆς
661 2847 848 2918 ῥίζης,
896 2853 990 2903 καὶ
1039 2851 1248 2921 καρπὸν
1297 2849 1581 2912 εὐσεϐείας
1633 2851 1966 2921 ἠνέγκαμεν.

399 2921 623 2976 Ἐκεῖνοι
656 2929 779 2989 τοὺς
818 2930 1102 2998 προφήτας
1146 2927 1462 2996 ἀνέγνωσαν
1495 2929 1560 2980 ἐκ
1593 2927 1815 2999 πρώτης
1852 2929 1972 2999 ἡλι-

384 2999 541 3065 κίας,
583 3003 678 3055 καὶ
724 3005 816 3057 τὸν
869 3006 1318 3078 προφητευθέντα
1366 3005 1752 3076 ἐσταύρωσαν·
1811 3009 1972 3076 ἡμεῖς

384 3078 481 3130 ούκ
508 3079 823 3153 ἠκούσαμεν
853 3082 1014 3137 θείων
1047 3086 1262 3152 λογίων,
1287 3084 1380 3137 καὶ
1404 3083 1492 3134 τὸν
1521 3085 1973 3155 προφητευθέντα

387 3158 893 3232 προσεκυνήσαμεν.
921 3164 1020 3215 Διά
1048 3163 1204 3215 τοῦτο
1233 3163 1428 3226 ἀθλιοι,
1454 3163 1536 3214 ὃτι
1558 3161 1626 3214 τὰ
1654 3163 1971 3232 πεμφθέντα

385 3239 571 3302 αὐτοῖς
603 3241 786 3308 ἀγαθὰ
817 3241 1169 3312 ἁρπαζόντων
1200 3241 1425 3310 ἐτέρων,
1459 3241 1554 3292 καὶ
1584 3241 1718 3310 πρὸς
1746 3242 1973 3305 ἐαυτοῦς

387 3318 810 3387 ἐπισπωμένων,
845 3321 1000 3372 αὐτοὶ
1029 3319 1436 3388 διεκρούσαντο.
1467 3319 1725 3370 Κάκεῖνοι
1765 3321 1862 3388 μὲν
1893 3323 1972 3382 είς

388 3395 656 3449 υἱοθεσίαν
675 3397 1017 3466 καλούμενοι,
1035 3397 1171 3465 πρὸς
1189 3397 1287 3466 τὴν
1298 3395 1406 3448 τῶν
1420 3395 1596 3448 κυνῶν
1610 3398 1930 3464 συγγένειαν
1945 3411 1968 3436 ο

385 3472 677 3534 ἐξέπεσον·
721 3476 880 3543 ἡμεῖς
913 3476 971 3527 δέ
1012 3475 1174 3536 κύνες
1209 3475 1362 3536 ὄντες
1409 3471 1711 3542 ἰσχύσαμεν
1757 3475 1846 3527 διὰ
1874 3477 1973 3546 τὴν

385 3549 482 3600 τοῦ
512 3549 646 3602 Θεοῦ
675 3551 833 3622 χάριν
858 3552 1157 3604 ἀποθέσθαι
1182 3553 1280 3621 τὴν
1309 3552 1584 3620 προτέραν
1610 3553 1852 3619 ἀλογίαν,
1879 3557 1973 3607 καὶ

387 3625 524 3696 πρὸς
552 3625 651 3697 τὴν
677 3630 785 3681 τῶν
814 3629 945 3681 υἱῶν
974 3629 1238 3698 ἀναϐῆναι
1266 3629 1455 3698 τιμήν.
1492 3628 1660 3682 Πόθεν
1691 3630 1850 3684 τοῦτο
1879 3633 1973 3701 δῆ-

385 3702 506 3769 λον;
535 3707 656 3758 Οὐκ
677 3708 807 3760 ἐστι
829 3707 983 3778 [589]
1005 3708 1218 3772 καλὸν,
1247 3707 1401 3776 φησὶ,
1428 3706 1638 3760 λαϐεῖν
1658 3709 1764 3760 τὸν
1792 3710 1974 3778 ἄρτον

385 3780 506 3833 τῶν
534 3782 781 3848 τέκνων,
811 3785 910 3838 καὶ
933 3787 1156 3850 βαλεῖν
1182 3785 1308 3851 τοῖς
1338 3787 1643 3854 κυναρίοις
1663 3805 1675 3816 ·
1710 3789 1846 3858 πρὸς
1873 3789 1972 3859 τὴν

387 3861 700 3914 Χαναναίαν
721 3866 750 3916 6
779 3865 1011 3936 Χριστὸς
1044 3865 1250 3932 ἔλεγεν,
1277 3864 1517 3926 ἐκείνους
1548 3865 1646 3934 μὲν
1677 3866 1842 3919 τέκνα
1875 3885 1974 3920 κα-

384 3937 513 4004 λῶν,
548 3942 714 4005 κύνας
745 3943 802 3996 δέ
845 3944 972 4006 τοὺς
1007 3943 1066 4006 ἐξ
1102 3943 1290 3996 ἐθνῶν.
1339 3943 1481 3995 Ἀλλ’
1520 3943 1622 4013 ὅρα
1668 3944 1784 4006 πῶς
1818 3949 1973 3998 ἀντε-

386 4019 601 4089 πράφη
628 4019 655 4058 ἀ
682 4020 820 4090 μετά
842 4022 1014 4076 ταῦτα
1037 4024 1069 4092 ἡ
1095 4021 1267 4085 τάξις,
1317 4022 1560 4073 κάκεῖνοι
1588 4021 1686 4090 μὲν
1722 4023 1972 4090 ἐγένοντο

385 4096 566 4162 κύνες,
597 4099 762 4152 τέκνα
790 4100 847 4152 δὲ
875 4103 907 4170 ἡ
919 4103 1057 4169 μεῖς.
1126 4099 1390 4153 Βλέπετε
1420 4099 1561 4164 τοὺς
1587 4101 1797 4165 κύνας,
1829 4102 1972 4154 Παῦ-

385 4173 476 4237 λός
502 4193 632 4245 φησι
668 4178 796 4245 περὶ
826 4179 1035 4241 αὐτῶν,
1056 4178 1318 4241 βλέπετε
1363 4180 1506 4242 τοὺς
1537 4179 1760 4242 κακοὺς
1797 4180 1968 4246 ἔργά-

387 4270 516 4318 τας,
547 4255 810 4317 βλέπετε
843 4259 956 4324 τὴν
994 4257 1368 4324 κατατομήν·
1415 4256 1583 4323 ἡμεῖς
1631 4257 1741 4324 γάρ
1784 4258 1972 4327 ἐσμεν

388 4332 426 4398 ἡ
455 4335 761 4402 περιτομή.
803 4331 956 4398 Εἶδες
994 4334 1110 4397 πῶς
1140 4333 1301 4396 κύνες
1333 4334 1582 4400 ἐγένοντο
1621 4336 1671 4386 οἱ
1703 4337 1969 4408 πρότερον

387 4411 542 4474 ὄντες
576 4413 772 4477 τέκνα;
815 4413 1001 4466 Βούλει
1041 4411 1232 4482 μαθεῖν
1277 4411 1395 4474 πῶς
1422 4413 1470 4464 οἱ
1515 4415 1781 4484 πρότερον
1816 4417 1970 4481 ὄντες

387 4491 546 4552 κύνες
577 4492 740 4560 ἡμεῖς
761 4490 1058 4560 ἐγενόμεθα
1087 4489 1282 4554 τέκνα;
1309 4489 1482 4541 Ὅσοι
1510 4489 1579 4541 δέ
1612 4491 1830 4546 ἔλαϐον
1857 4497 1966 4548 αὺ-

386 4567 514 4629 τὸν,
549 4570 746 4639 φησὶν,
783 4569 1006 4622 ἔδωκεν
1039 4569 1242 4635 αὐτοῖς
1273 4567 1566 4631 ἐξουσίαν
1601 4569 1783 4623 τέκνα
1818 4575 1966 4627 Θεοῦ

386 4645 681 4712 γενέσθαι.
715 4649 879 4702 Οὐδὲν
909 4648 1235 4718 ἀθλιώτερον
1267 4648 1514 4708 ἐκείνων,
1544 4647 1652 4700 τῶν
1685 4651 1964 4721 πανταχοῦ

386 4724 530 4777 κατὰ
558 4727 655 4796 τῆς
693 4727 899 4779 ἐαυτῶν
940 4727 1214 4796 σωτηρίας
1239 4725 1562 4796 τρεχόντων.
1595 4727 1704 4779 Καὶ
1733 4727 1842 4798 γὰρ
1875 4731 1964 4782 ὅτε

387 4801 497 4854 ἔδει
531 4803 621 4854 τὸν
653 4805 814 4873 νόμον
857 4807 1076 4874 τηρεῖν,
1117 4805 1534 4874 κατεπάτησαν·
1589 4804 1682 4856 καὶ
1726 4806 1822 4859 νῦν
1873 4808 1963 4861 ὅτε

385 4879 769 4953 ἀναπέπαυται
810 4882 840 4932 6
877 4883 1061 4953 νόμος,
1101 4881 1494 4953 φιλονεικοῦσιν
1549 4881 1712 4934 αὐτὸν
1751 4887 1960 4953 τηρεῖν.

387 4949 456 5000 Τί
502 4948 697 5015 γένοιτ’
746 4950 810 5002 ἂν
846 4948 1026 5003 αὐτῶν
1072 4948 1451 5020 ἐλεεινότερον,
1479 4953 1528 5004 οἳ
1563 4954 1637 5023 μὴ
1677 4955 1742 5022 τῇ
1780 4948 1965 5023 παρα-

386 5025 544 5079 ϐἀσει
569 5027 662 5079 τοῦ
693 5028 857 5098 νόμου
894 5029 1074 5098 μόνον,
1113 5029 1248 5080 ἀλλὰ
1270 5030 1361 5082 καί
1388 5031 1454 5099 τῇ
1497 5031 1710 5102 φυλακῇ
1741 5031 1836 5086 τοῦ
1877 5032 1962 5085 νόο

388 5119 493 5168 μου
527 5103 618 5157 τὸν
661 5105 792 5158 Θεὸν
832 5107 1220 5176 παροξύνουσις
1257 5107 1354 5159 Διά
1383 5107 1542 5160 τοῦτό
1569 5125 1724 5178 φησι,
1764 5114 1962 5180 Σκλη-

379 5183 743 5253 ροτράχηλοι
799 5187 897 5238 καὶ
947 5187 1328 5253 ἀπερίτμητοι
1379 5185 1454 5253 τῇ
1504 5189 1748 5254 καρδίᾳ,
1794 5191 1960 5257 ὑμεῖς

447 5291 465 5314 ⁸
495 5293 578 5362 Sic
613 5293 764 5362 quil.
791 5301 844 5344 et
875 5297 1224 5362 _maxi_r_n_a_pavjs
1265 5307 1380 5342 mss.
1407 5295 1720 5362 Morgi._v_ero
1741 5298 1860 5362 ἀλλὰ
1900 5306 1948 5362 τῆ

386 5351 571 5418 διανοίᾳ
599 5356 678 5402 καὶ
718 5363 776 5418 τῇ
799 5359 981 5418 γνώμῃ.
1009 5351 1127 5418 ibid:
1155 5357 1339 5418 aliqu
1375 5368 1487 5403 mss.
1515 5359 1594 5418 Μὴ
1619 5359 1889 5418 θαυμάσητε
1909 5351 1962 5409 δέ

489 5401 611 5477 [una
635 5401 846 5475 quam:
860 5401 988 5464 ’έιςέιῖ
1009 5401 1248 5463 τίετε-εις
1267 5413 1316 5462 in
1330 5401 1490 5476 ’mar‘g;
1513 5401 1961 5477 ἆνέτὲὶἱᾶἷέὲέζοῖξ

384 5473 478 5551 πρὸ
500 5473 682 5549 Way}
712 5484 809 5533 τῆς.
840 5477 1032 5551 Morel...
1059 5477 1232 5551 Siavil"
1261 5477 1310 5522 in
1345 5473 1504 5534 text—u,
1533 5484 1586 5523 el
1607 5479 1690 5526 alii
1717 5493 1831 5528 mss.
1857 5473 1959 5530 ἀνέξ

386 5535 534 5579 τειλεν
557 5536 750 5592 ἐκείνοις
768 5540 980 5598 πρώἱμος
999 5539 1026 5583 ὁ
1046 5543 1130 5593 τῆς
1149 5537 1243 5584 δικ.

447 5589 771 5666 Ε.β1(ἷηὲἷιῖ-“;
794 5603 846 5644 ct
870 5598 1062 5656 pzurimi
1090 5595 1403 5666 mss._Mor_e|.
1426 5598 1604 5653 ἐκείνης
1623 5606 1706 5666 τῆς
1725 5600 1865 5666 ῥίζης.

447 5655 476 5681 ο
497 5655 644 5718 Savii.
669 5662 723 5718 ei
738 5657 979 5718 dntimss.
1006 5659 1157 5718 κυνῶν
1199 5658 1484 5717 δυσγένειαν,
1525 5673 1636 5718 quas
1671 5655 1830 5709 Vle'cliti
1858 5676 1952 5711 non

390 5715 686 5768 Ipcrncmla.
712 5717 881 5763 Morel.
913 5723 966 5762 et
984 5717 1065 5762 alii
1085 5721 1237 5765 κυνῶν
1271 5715 1555 5768 συγγένειανῖ

447 5768 480 5808 ί
498 5772 578 5818 Sic
593 5773 960 5838 Savil.,recuus
983 5789 1128 5834 quam
1149 5778 1317 5830 nouli.
1343 5768 1614 5838 ἐνεστράφη.
1640 5779 1770 5828 Ευιτ.

1124 225 1181 280 S.
1219 223 1509 281 JOANNIS
1545 225 2032 283 CIIRYSOSTOMI
2073 224 2392 282 ARCHIEP.
2433 219 2988 280 CONSTANTINOP.

3556 225 3669 283 διο

2076 342 2168 396 ἀεὶ
2213 341 2293 407 τῷ
2352 344 2648 411 Πνεύματι
2701 339 2780 405 τῷ
2821 339 2968 408 ἁγίῳ
3013 338 3421 393 ἀντιπίπτετε·
3469 343 3531 395 o6
3589 343 3670 413 τῷ

2076 420 2430 489 παραϐαίνειν
2461 435 2483 459 ⁸
2519 423 2586 474 τά
2631 419 2840 489 νόμιμα
2893 419 3084 487 μόνον,
3133 416 3268 470 ἀλλά
3301 418 3395 471 καὶ
3430 419 3511 489 τῷ
3569 438 3670 488 φυ-

2073 497 2286 551 λάττειν
2340 497 2546 550 ἐθέλειν
2595 497 2857 566 ἀκαίρως,
2905 494 3433 563 Σκληροτράχηλοι
3453 499 3494 550 ’.
3544 496 3669 551 Καὶ

2074 575 2251 639 καλῶς
2282 571 2425 636 εἷπε,
2456 571 2984 642 σκληροτράχηλοι
3003 589 3015 601 ·
3050 573 3112 624 o6
3151 572 3261 644 γὰρ
3301 571 3540 642 ήνεγκαν
3571 577 3668 626 τὸν

2073 652 2238 722 ζυγὸν
2278 654 2370 708 τοῦ
2417 653 2651 724 Χριστοῦ
2675 693 2690 715 ,
2739 652 2918 704 καίτοι
2949 650 3184 720 χρηστὸς
3219 645 3324 722 ἦν,
3376 652 3469 704 καὶ
3503 651 3668 704 οὐδὲν

2073 734 2331 802 φορτικὸν
2373 728 2518 802 εἶχεν
2555 731 2680 786 ούτε
2721 730 2975 803 ἐπαχθές.
3031 728 3261 783 Μὰθετε
3292 729 3428 799 γὰρ,
3465 733 3664 802 φησὶν,

2071 812 2172 864 ἀπ’
2198 811 2366 880 ἐμοῦ,
2392 812 2480 864 ὅτι
2513 811 2702 878 πρᾶός
2729 811 2843 878 ειμι
2876 807 2974 860 καὶ
3008 807 3288 872 ταπεινὸς
3310 807 3382 876 τῇ
3403 810 3628 875 καρδίᾳ
3647 826 3663 842 ·

2071 889 2184 952 καὶ,
2214 891 2418 957 Ἄρατε
2446 890 2550 942 τόν
2593 886 2770 956 ζυγόν
2791 902 2910 955 μου
2943 884 3035 954 ἐφ’
3071 883 3246 951 ὑμᾶς,
3288 886 3376 939 ὅτι
3406 890 3439 940 ό
3480 887 3666 956 ζυγός

2065 983 2185 1035 μου
2219 970 2487 1036 χρηστός
2509 968 2659 1028 ἐστι,
2695 965 2791 1018 καὶ
2834 965 2899 1016 τὸ
2935 967 3182 1032 φορτίον
3215 982 3335 1032 μου
3364 965 3661 1033 ἐλαφρόν.

2086 1045 2224 1097 Ἀλλ’
2283 1046 2432 1116 ὅμως
2480 1047 2580 1098 οῦκ
2609 1046 2847 1115 ἡνεγκαν
2884 1043 2974 1096 διά
3022 1043 3119 1112 τὴν
3166 1044 3511 1113 σκληρότητα
3559 1043 3662 1095 τοῦ

2071 1124 2328 1196 αὐχένος·
2362 1125 2458 1177 καὶ
2487 1125 2547 1176 o6
2583 1123 2742 1193 μόνον
2771 1123 2870 1174 οὑκ
2909 1123 3172 1191 ἡνεγκαν,
3210 1120 3346 1174 ἀλλά
3394 1121 3490 1174 καὶ
3525 1139 3661 1173 συν-

2071 1205 2298 1275 έτριψαν
2320 1205 2415 1258 καὶ
2440 1201 2751 1273 διέρρηξαν.
2786 1201 2900 1254 Ἀπ’
2928 1199 3143 1265 αἰῶνος
3167 1200 3296 1270 γὰρ,
3321 1201 3474 1270 φησὶ,
3498 1215 3660 1252 συν-

2069 1283 2315 1353 έτριψας
2357 1282 2464 1336 τὸν
2506 1282 2682 1350 ζυγόν
2727 1294 2863 1339 σου,
2903 1277 3218 1344 διέρρηξας
3272 1278 3376 1330 τὸν
3422 1277 3664 1345 δεσμόν

2070 1377 2206 1415 σου.
2239 1363 2374 1432 Ούχὶ
2403 1359 2613 1422 Παῦλος
2636 1358 2784 1426 λέγει
2803 1357 2996 1418 ταῦτα,
3015 1355 3130 1409 ἀλλ’
3157 1360 3186 1409 6
3216 1359 3499 1427 προφήτης
3526 1357 3658 1426 βοᾷ,

2071 1442 2234 1508 ζυγὸν
2265 1443 2358 1494 καὶ
2394 1439 2590 1509 δεσμὸν
2620 1438 2688 1491 τὰ
2712 1436 2955 1506 σύμϐολα
2990 1435 3091 1505 τῆς
3130 1436 3303 1506 ἀρχῆς
3336 1435 3526 1500 λέγων,
3565 1435 3657 1486 ὃτι

2071 1519 2457 1592 παρῃτήσαντο
2497 1520 2595 1589 τὴν
2625 1515 2944 1568 δεσποτείαν
2981 1513 3075 1592 τοῦ
3116 1510 3348 1592 Χριστοῦ
3379 1511 3423 1575 ί,
3456 1512 3657 1592 λέγον-

2069 1614 2159 1658 τες
2174 1590 2201 1626 ’ἡ
2227 1597 2428 1666 Ἠμεῖς
2461 1600 2571 1650 οὐκ
2609 1597 2829 1662 ἔχομεν
2849 1590 3116 1656 βασιλέα
3153 1594 3206 1644 εί
3231 1591 3316 1659 μὴ
3357 1590 3654 1657 Καίσαρα.

2071 1674 2406 1746 Συνέτριψας
2432 1675 2523 1728 τὸν
2559 1673 2742 1740 ζυγὸν.
2769 1670 3058 1742 διέρρηξας
3090 1669 3182 1720 τὸν
3208 1669 3427 1737 δεσμὸν,
3463 1667 3660 1746 ἐξέϐα·

2070 1753 2158 1816 λες
2191 1745 2386 1808 σαυτὸν
2419 1756 2516 1824 τῆς
2561 1750 2810 1822 οὐρανίου
2863 1747 3173 1818 βασιλείας,
3222 1749 3318 1800 καὶ
3369 1745 3668 1816 ὑπέθηκας

2070 1833 2440 1902 ἀνθρωπίναις
2470 1834 2685 1901 ἀρχαῖς.
2713 1830 2785 1882 Συ
2810 1829 2866 1880 δέ
2899 1845 2988 1898 μοι
3020 1828 3232 1888 σκόπει,
3265 1825 3382 1888 πῶς
3407 1825 3657 1902 ἀκριϐῶς

2070 1901 2249 1963 αὐτῶν
2278 1914 2306 1963 6
2341 1912 2624 1980 προφήτης
2665 1908 2726 1960 τὸ
2759 1907 3010 1976 δυσήνιον
3041 1905 3278 1976 ᾐνίξατο.
3312 1907 3386 1958 U6
3431 1907 3542 1974 γάρ
3577 1901 3660 1955 εἷ-

2073 2007 2192 2054 πεν,
2223 1989 2454 2042 Ἀπέθου
2472 1988 2561 2038 τὸν
2578 1985 2759 2052 ζυγὸν,
2780 1985 2934 2046 ἀλλά,
2953 1987 2998 2035 Σ
3005 1982 3324 2050 υνέτριψας
3345 1982 3436 2033 τὸν
3463 1981 3653 2049 ζυγὸν,

2070 2069 2207 2139 ὅπερ
2235 2066 2576 2137 σκιρτῶντων
2605 2065 2814 2133 ἀλόγων
2851 2064 2997 2115 ἐστὶν
3025 2063 3349 2132 ἁμάρτημα,
3378 2061 3658 2131 ἀφηνιὼν-

2069 2163 2198 2210 των,
2229 2143 2679 2216 παραιτουμένων
2714 2142 2810 2213 τὴν
2857 2143 3050 2213 ἀρχήν.
3100 2141 3261 2193 Ἀλλά
3305 2141 3466 2193 πόθεν
3509 2141 3654 2210 αῦτη

2072 2225 2292 2292 γέγονεν
2322 2225 2354 2291 ἡ
2392 2221 2730 2291 σκληρότης;
2777 2221 2909 2273 Ἀπὸ
2953 2220 3257 2289 ἀδηφαγίας
3303 2219 3397 2270 καὶ
3454 2219 3653 2288 μέθης.

2071 2304 2168 2366 Τίς
2235 2301 2393 2353 τοῦτό
2455 2315 2662 2369 φησιν;
2733 2299 2904 2361 Δύτὸς
2963 2301 2990 2350 6
3052 2299 3318 2367 Μωῦσῆς·
3385 2300 3659 2364 "Eg-curer

2084 2379 2352 2447 Ἰσραὴλ,
2395 2377 2492 2430 καί
2517 2375 2864 2443 ἐνεπλήσθη
2902 2376 3000 2429 καί
3030 2376 3343 2443 ἐλιπάνυη,
3378 2378 3474 2428 καὶ
3507 2377 3654 2429 άπερ

2070 2459 2359 2511 λάχτισεν
2397 2460 2429 2508 d
2463 2455 2867 2524 ήγαπημένος.
2911 2454 3178 2525 Καθάπερ
3208 2456 3315 2526 γὰρ
3351 2455 3418 2506 τά
3455 2454 3658 2521 ἄλογα,

2071 2537 2294 2588 ἐπειδάν
2339 2533 2596 2603 δαψιλοῦς
2642 2534 2925 2604 ἀπολαύσῃ
2962 2535 3200 2604 φάτνης,
3253 2537 3331 2596 είς
3381 2533 3661 2604 πολυσαρ-

2073 2615 2193 2668 κίαν
2216 2615 2474 2676 ἐκϐάντα,
2507 2612 2909 2683 φιλονεικότερα
2939 2615 3032 2666 καὶ
3054 2612 3396 2666 δυσκάθεκτα
3416 2613 3656 2680 γίνεται,

2073 2697 2166 2748 καὶ
2185 2693 2307 2746 οὕτε
2335 2691 2523 2759 ζυγοῦ,
2555 2690 2680 2744 οὔτε
2718 2695 2894 2762 ἡνίας,
2931 2691 3055 2744 οὔτε
3087 2693 3305 2763 ἡνιόχου
3348 2691 3524 2763 χειρὸς
3557 2691 3660 2742 άν-

2071 2772 2284 2842 έχεται·
2329 2770 2470 2823 οὓτω
2507 2769 2599 2821 καὶ
2627 2773 2654 2823 6
2706 2772 2814 2822 τῶν
2854 2770 3122 2822 Ἰουδαίων
3164 2769 3364 2839 δῆμος,
3405 2769 3508 2821 ὑπὸ
3546 2772 3660 2838 τῆς

2077 2851 2245 2921 μέθης
2275 2851 2369 2902 καὶ
2401 2849 2774 2920 πολυσαρκίας
2809 2851 2889 2911 εἰς
2931 2849 3130 2901 κακίαν
3166 2849 3398 2918 ἐσχάτην
3424 2864 3660 2900 κατενε-

2073 2929 2315 2999 χθέντες,
2343 2929 2692 3000 ἐσκίρτησαν,
2717 2928 2811 2981 καὶ
2839 2929 2937 2980 οὐκ
2968 2927 3214 2988 ἐδέξαντο
3246 2926 3334 2979 τὸν
3363 2925 3524 2992 ζυγὸν
3555 2926 3658 2978 τοῦ

2073 3007 2330 3078 Χριστοῦ,
2357 3007 2476 3060 ούδέ
2505 3009 2565 3060 τὸ
2589 3009 2816 3077 ἄροτρον
2848 3009 2948 3076 τῆς
2986 3004 3332 3066 διδασκαλίας
3369 3004 3656 3058 εἵλκυσαν.

2075 3089 2252 3156 Ὅπερ
2280 3083 2371 3138 οὖν
2399 3087 2492 3138 καὶ
2526 3087 2682 3148 ἀλλος
2721 3087 3005 3155 προφήτης
3041 3085 3404 3155 αἰνιττόμενος
3438 3083 3655 3150 ἔλεγεν,

2084 3165 2180 3229 Ὠς
2194 3164 2447 3232 δάμαλις
2467 3162 2887 3230 παροιστρῶσα
2902 3164 3350 3230 παροίστρησεν
3381 3163 3657 3228 Ἰσραήλ.

2075 3245 2297 3313 Ἕτερος
2330 3245 2386 3296 δὲ
2415 3243 2577 3294 αὐτὸν
2610 3243 2844 3309 μόσχον
2871 3241 3194 3294 ἀδίδακτον
3219 3242 3422 3294 ἐκάλει.
3463 3243 3546 3294 Τά
3595 3243 3661 3295 δὲ

2071 3321 2300 3374 τοιαῦτα
2339 3320 2530 3388 ἄλογα,
2565 3322 2702 3390 πρὸς
2732 3321 2997 3390 ἐργασίαν
3030 3320 3130 3371 οὐκ
3175 3318 3305 3371 ὅντα
3344 3320 3658 3390 ἐπιτήδεια,

2073 3399 2209 3468 πρὸς
2237 3399 2448 3468 σφαγὴν
2476 3401 2756 3470 ἐπιτήδεια
2789 3400 3018 3467 γίνεται.
3042 3399 3220 3469 Ὅπερ
3252 3395 3345 3450 οὖν
3377 3399 3472 3450 καὶ
3500 3393 3658 3452 οὗτοι

2073 3479 2409 3540 πεπόνθασι,
2451 3480 2544 3530 καὶ
2582 3477 2718 3546 πρὸς
2762 3477 3023 3545 ἐργασίαν
3065 3477 3372 3546 ἀχρήστους
3420 3478 3660 3541 ἑαυτοὺς

2072 3558 2544 3626 καταστήσαντες,
2575 3555 2710 3626 πρὸς
2763 3556 2978 3626 σφαγὴν
3025 3556 3320 3624 ἐπιτήδειοι
3369 3555 3656 3622 γεγόνασι.

2071 3633 2172 3685 Διὰ
2193 3634 2351 3686 τοῦτο
2374 3636 2466 3687 καὶ
2495 3637 2522 3686 6
2539 3635 2774 3705 Χριστὸς
2804 3634 3015 3702 ἔλεγεν·
3042 3633 3185 3698 Τοὺς
3395 3634 3659 3702 ἐχθρούς

2065 3729 2204 3780 μου,
2233 3713 2374 3776 τοὺς
2400 3712 2486 3780 μὴ
2519 3710 2896 3777 θελήσαντάς
2916 3729 2992 3779 με
3013 3711 3386 3774 ,βασιλεῦσαι
3414 3713 3508 3764 ἐπ’
3539 3717 3659 3768 αὐ-

2071 3791 2208 3854 τῶν,
2232 3790 2478 3860 ἀγάγετε
2504 3785 2640 3855 ὦδε,
2669 3791 2766 3842 καὶ
2800 3790 3220 3856 κατασφάξατε
3247 3792 3488 3855 αὐτούς.
3514 3792 3658 3844 Ίότε

2071 3870 2178 3922 ἔδει
2210 3887 2269 3921 σε
2297 3869 2605 3939 νηστεύειν,
2638 3863 2682 3920 ὧ
2717 3868 2962 3932 ἰουδαίε,
2987 3871 3076 3920 ὅτε
3117 3869 3150 3937 ἡ
3186 3868 3325 3938 μέθη
3363 3869 3534 3921 ταῦτά
3590 3887 3656 3922 σε

2071 3949 2356 4019 εἰργάζετο
2387 3948 2455 4000 τὰ
2484 3947 2651 4011 δεινὰ,
2677 3948 2766 3999 ὅτε
2795 3947 3047 4001 ἀσέϐειαν
3077 3947 3262 4000 ἔτεκεν
3283 3950 3316 4018 ἡ
3344 3948 3651 4016 ἀδηφαγία,

2069 4029 2192 4097 οὐχὶ
2217 4029 2310 4081 νῦν
2329 4044 2341 4056 ·
2377 4027 2472 4082 νῦν
2510 4027 2618 4096 γὰρ
2647 4028 2874 4095 ἄκαιρος
2903 4028 2936 4095 ἡ
2974 4028 3197 4096 νηστεία
3236 4027 3332 4080 καὶ
3361 4026 3651 4096 βδελυκτή,

2071 4108 2167 4171 Τίς
2220 4107 2392 4162 ταῦτά
2443 4124 2640 4178 φησιν;
2693 4107 2914 4170 Αὑτὸςὸ
2968 4109 3194 4171 Ἡσαΐας
3250 4107 3650 4177 μεγαλοφὼνως

2071 4186 2209 4256 βοῶν
2227 4205 2240 4217 ο
2277 4189 2360 4240 Οὐ
2390 4188 2616 4253 ταύτην
2643 4185 2757 4253 τὴν
2787 4188 3076 4252 νηστείαν
3102 4187 3217 4254 ἐγὼ
3250 4185 3649 4254 ἐξελεξάμην,

2067 4265 2230 4334 λέγει
2254 4267 2487 4333 Κύριος.
2514 4265 2612 4316 Διά
2643 4265 2730 4328 τί;
2775 4264 2895 4316 ὀτι
2931 4268 3020 4331 είς
3049 4266 3278 4332 κρίσεις
3307 4267 3407 4320 καὶ
3445 4268 3653 4335 μάχας

2068 4347 2412 4414 νηστεύητε,
2459 4344 2557 4396 καὶ
2606 4343 2856 4395 τύπτετε
2913 4343 3174 4412 πυγμαῖς
3221 4343 3365 4409 τοὺς
3403 4349 3649 4414 ὑποχει-

2061 4427 2247 4492 ρίους.
2264 4427 2325 4483 Εἰ
2345 4423 2421 4486 δὲ,
2438 4424 2524 4476 ὅτε
2538 4423 2664 4485 τοὺς
2684 4421 2997 4484 συνδούλους
3013 4423 3259 4485 ἔτυπτες,
3275 4423 3359 4492 βδε
3368 4423 3539 4495 λυκτή
3555 4443 3650 4480 σου

2067 4500 2135 4574 ἦν
2157 4505 2189 4574 ἡ
2213 4506 2456 4574 νηστεία,
2481 4503 2569 4554 ὅτε
2592 4502 2681 4554 τὸν
2702 4501 2978 4570 Δεσπότην
3003 4503 3370 4569 κατέσφαξας,
3403 4505 3527 4556 τότε
3554 4523 3650 4558 σου

2069 4581 2375 4652 προσδεκτὴ
2404 4583 2436 4650 ἡ
2467 4579 2689 4648 νηστεία
2703 4579 2911 4647 γίνεται
2930 4595 2945 4644 ;
2964 4581 3071 4633 Καὶ
3099 4581 3214 4643 πῶς
3230 4581 3425 4650 ἀνέχοι
3457 4583 3646 4650 λόγονς

2138 4661 2240 4714 Τὸν
2271 4660 2598 4730 νηστεύοντα
2636 4657 3072 4727 κατεσταλμένον
3104 4655 3243 4712 εἶναι
3286 4662 3415 4731 χρὴ,
3457 4678 3647 4714 συντε-

2065 4741 2362 4811 τριμμένον
2387 4779 2402 4802 ,
2433 4736 2930 4806 τεταπεινωμένον,
2979 4738 3100 4807 ούχὶ
3136 4737 3354 4808 μεθύειν
3398 4741 3509 4794 ὑπὸ
3548 4741 3646 4811 τῆς

2064 4821 2236 4891 ὀργῆς
2255 4837 2268 4850 ·
2307 4819 2370 4870 σὺ
2403 4817 2460 4870 δὲ
2486 4817 2710 4878 τύπτεις
2735 4818 2859 4878 τοὺς
2887 4817 3234 4882 συνδούλους;
3271 4819 3407 4872 Τότε
3433 4821 3532 4890 μὲν
3555 4817 3646 4876 οὖν

2065 4902 2146 4962 είς
2177 4898 2385 4968 κρίσεις
2431 4897 2526 4949 καὶ
2571 4895 2750 4965 μάχας
2782 4895 3070 4963 ἐνήστευον
3091 4912 3104 4925 ·
3147 4897 3241 4949 νῦν
3285 4897 3342 4950 δὲ
3370 4900 3454 4960 είς
3484 4900 3646 4952 ἀσελ-

2063 4980 2214 5047 γείας
2240 4980 2334 5032 καὶ
2360 4979 2458 5050 τὴν
2490 4977 2725 5048 ἐσχάτην
2756 4974 3071 5038 ἀκολασίαν,
3095 4979 3324 5046 γυμνοῖς
3348 4980 3464 5039 τοῖς
3489 4979 3647 5034 ποσὶν

2063 5062 2158 5113 ἐπὶ
2203 5060 2304 5129 τῆς
2345 5061 2550 5128 ἀγορᾶς
2595 5056 2942 5127 ὀρχούμενοι·
2998 5058 3092 5108 καὶ
3146 5058 3179 5126 ἡ
3233 5059 3334 5126 μὲν
3384 5060 3645 5123 ὑπόθεσις

2062 5140 2449 5212 νηστευόντων,
2486 5137 2546 5190 τὸ
2569 5137 2626 5189 δέ
2659 5137 2843 5206 σχῆμα
2875 5135 3200 5205 μεθυόντων.
3234 5138 3506 5192 Ἀκουσον
3529 5140 3644 5201 πῶς

2063 5220 2272 5273 κελεύει
2293 5217 2578 5288 νηστεύειν
2602 5219 2629 5269 6
2649 5217 2931 5284 προφήτης
2951 5231 2964 5244 ·
2994 5214 3296 5282 Ἀγιάσατε
3325 5218 3640 5282 νηστείαν,

2062 5301 2257 5369 φησίν·
2305 5299 2405 5351 οὐκ
2441 5296 2584 5360 εἶπε,
2625 5293 2977 5365 πομπεύσατε
3009 5294 3293 5364 νηστείαν.
3329 5297 3645 5369 κηρύξατε

2061 5368 2406 5445 θεραπείαν,
2455 5375 2828 5445 συναγάγετε
2873 5373 3338 5441 πρεσϐυτέρους.
3381 5368 3546 5428 Οὗτοι
3585 5376 3642 5429 δέ

2059 5458 2250 5528 χοροὺς
2273 5455 2530 5525 μαλακῶν
2563 5455 2979 5522 συναγαγόντες,
3011 5454 3104 5506 καὶ
3139 5455 3310 5508 πολὺν
3337 5471 3642 5527 πεπορνευ-

2125 5664 2142 5685 ⁶
2167 5662 2315 5709 Savil.
2331 5659 2750 5706 elunnsmdﬁw.
2767 5661 2956 5722 Καὶγάρ
2983 5660 3262 5722 ἀπέπιπτον
3284 5657 3339 5722 g6
3453 5657 3632 5718 παρτε.

2130 5723 2302 5784 illam:
2324 5734 2511 5772 vocom.
2537 5718 2965 5784 Σκληροτράχηλοὶ,
2993 5734 3088 5769 non
3110 5719 3257 5770 habet
3279 5718 3509 5768 Savium.

2130 5782 2149 5821 ί
2174 5782 2298 5833 Tres
2319 5794 2435 5830 mss.
2458 5784 2526 5830 τῶ
2550 5784 2758 5842 Χριστῷ.
