3866 6226
282 290 390 347 815

280 433 423 473 nunc
448 416 514 471 ab
543 412 773 469 Ecclesia
796 408 913 464 volo
938 422 1139 462 arcere.
1157 405 1286 460 Nam
1306 404 1464 458 verba
1492 413 1671 457 contra
1702 404 1847 455 Ano-

282 523 454 564 mtnns
504 507 607 560 alio
657 515 892 572 tempore
941 500 1050 555 fieri
1097 508 1374 568 poterunt,
1423 510 1522 550 nec
1568 494 1852 565 quidquam

280 597 462 655 damni
512 604 730 665 propter
781 605 985 646 moram
1032 588 1264 650 facietis;
1318 586 1624 641 Judceorum
1678 592 1852 637 autem

283 688 475 745 morbo
502 696 776 754 correptos
811 683 908 736 nisi
932 682 1039 749 jam
1066 679 1424 733 curaverimus
1441 718 1456 740 ,
1479 676 1605 730 dum
1635 690 1744 743 pra:
1772 672 1853 727 fo-

282 782 433 835 ribus
473 778 681 833 illorum
721 775 865 830 ferite
894 786 1161 843 propeque
1185 770 1395 834 adsunt,
1421 782 1610 821 vereor
1636 780 1701 819 ne
1725 765 1858 817 forte

290 872 504 942 quidam
555 867 918 935 intempestiva
958 860 1339 918 consuetudine
1384 871 1675 926 magnaque
1712 856 1861 923 igno-

290 961 459 1016 rantia
481 960 687 1013 illorum
712 955 955 1023 nequitia:
974 957 1248 1007 consortes
1270 950 1416 1011 fiant,
1439 955 1597 1013 atque
1610 943 1859 1008 deinceps

289 1051 483 1105 frustra
512 1048 578 1102 de
604 1047 686 1101 his
711 1045 871 1099 verba
899 1044 1170 1097 faciamus.
1192 1038 1247 1093 Si
1275 1038 1414 1091 enim
1438 1034 1567 1088 nihil
1596 1031 1859 1086 audiendo

294 1140 453 1195 hodie
478 1155 596 1194 eum
624 1138 729 1193 illis
755 1136 1059 1205 jejunarint,
1090 1137 1394 1202 perpetrato
1420 1136 1656 1197 peccato,
1688 1138 1862 1178 reme-

291 1228 436 1284 dium
468 1227 661 1281 frustra
687 1225 1072 1280 adhibebimus.
1096 1221 1268 1285 Quare
1295 1218 1359 1271 ad
1391 1211 1861 1286 praroccupandum

292 1320 556 1390 impellor.
583 1318 723 1372 Idem
751 1318 908 1371 etiam
948 1313 1141 1367 medici
1172 1313 1222 1364 in
1255 1308 1563 1378 urgentibus
1590 1313 1645 1359 et
1670 1302 1863 1357 acutis-

292 1410 442 1464 simis
464 1410 665 1463 morbis
684 1409 987 1469 observant,
1016 1417 1148 1472 quos
1168 1401 1311 1469 prius
1335 1411 1522 1452 curare
1549 1394 1860 1449 instituunt:

291 1502 509 1555 omnino
552 1509 729 1554 autem
776 1497 878 1550 hoc
924 1504 1193 1549 certamen
1238 1490 1398 1561 priori
1439 1496 1521 1541 est
1556 1494 1861 1555 cognatum.

292 1591 432 1661 Quia
462 1591 601 1644 enim
634 1590 877 1661 impietas
897 1585 1199 1641 Iudaeorum
1225 1590 1279 1636 et
1304 1582 1682 1633 Anommorum
1708 1573 1866 1627 affine

291 1684 420 1753 quid
453 1680 634 1742 habet,
665 1682 958 1733 certamina
999 1676 1156 1726 etiam
1187 1686 1345 1733 nunc,
1368 1667 1631 1737 prioribus
1654 1663 1829 1716 affinia
1849 1700 1863 1724 ,

294 1752 453 1827 nobis
482 1787 602 1826 sese
621 1769 868 1825 offerunt.
900 1766 1030 1820 Nam
1060 1762 1201 1833 quod
1226 1760 1391 1816 Judmi
1419 1758 1620 1811 crimen
1649 1752 1867 1822 objicie-

294 1865 444 1929 bant,
481 1862 620 1915 idem
649 1860 911 1913 intentant
945 1868 1155 1924 quoque
1194 1850 1457 1904 Anommi.
1485 1846 1621 1915 Quid
1656 1843 1867 1899 crimini

294 1948 501 2003 dabant
550 1946 673 2000 illi?
710 1946 863 2009 Quod
896 1943 1150 1997 Christus
1185 1940 1351 1994 Deum
1386 1936 1604 1989 Patrem
1636 1933 1864 1992 diceret,

295 2052 461 2107 seque
495 2038 670 2105 ipsum
700 2033 790 2088 Dei
823 2031 1083 2102 aequalem
1120 2029 1322 2083 faceret
1365 2024 1550 2096 (Joan.
1579 2038 1633 2081 ν,
1668 2019 1777 2091 18).
1812 2018 1867 2072 Id

295 2130 351 2183 in
383 2129 590 2183 crimen
625 2126 790 2180 etiam
832 2125 889 2178 hi
933 2122 1162 2176 trahunt
1200 2138 1212 2174 :
1254 2117 1383 2188 quin
1414 2119 1596 2185 potius
1630 2127 1736 2165 non
1762 2120 1870 2164 tra-

298 2219 459 2285 hunt,
491 2218 584 2273 sed
619 2217 823 2271 dictum
861 2215 1091 2284 ejusque
1124 2210 1453 2265 sententiam
1498 2206 1703 2267 delent,
1745 2202 1871 2256 licet

299 2324 411 2363 non
450 2324 637 2366 manu.
665 2316 719 2361 at
746 2306 1081 2367 coaitatione
1102 2309 1266 2362 atque
1298 2300 1503 2352 animo.

373 2398 427 2451 2.
469 2396 649 2464 Neque
696 2409 825 2447 vero
869 2391 1166 2455 miremini,
1210 2387 1351 2458 quod
1398 2385 1608 2440 Judasos
1649 2382 1872 2436 miseros

302 2488 548 2543 dixerim.
576 2487 784 2540 Revera
816 2485 957 2537 enim
994 2481 1175 2535 miseri
1203 2487 1327 2533 sunt
1351 2488 1508 2545 atque
1546 2471 1829 2527 mrumnnsi
1854 2512 1869 2536 ,

302 2582 392 2650 qui
424 2588 498 2634 tot
525 2580 658 2634 bona
680 2575 884 2630 caelitus
898 2574 996 2627 sibi
1025 2573 1077 2625 in
1100 2585 1285 2624 manus
1308 2568 1478 2622 delata
1505 2564 1870 2634 repudiarunt,

304 2669 591 2737 deditaque
617 2679 778 2733 opera
805 2662 1122 2731 rejecerunt.
1152 2658 1312 2712 Ortus
1345 2665 1428 2710 est
1454 2654 1558 2708 illis
1585 2654 1875 2706 matutinus

305 2760 520 2828 iustitia:
553 2757 653 2822 sol,
683 2766 739 2810 et
766 2755 865 2824 ipsi
903 2752 1114 2823 quidem
1137 2792 1150 2814 ,
1178 2749 1340 2803 radiis
1370 2746 1615 2814 repulsis.
1645 2744 1697 2797 in
1730 2751 1877 2796 tene-

306 2852 417 2906 bris
454 2850 638 2904 sedent
668 2867 680 2901 :
713 2857 768 2901 at
805 2862 899 2900 nos
935 2846 1015 2898 his
1053 2843 1291 2896 innutrili
1322 2841 1494 2894 lucem
1534 2838 1599 2891 ad
1636 2851 1733 2889 nos
1775 2834 1873 2903 ipsi

306 2941 685 3012 pertraximus,
731 2938 1035 3004 errorisque
1063 2933 1285 3002 caligine
1323 2930 1527 2985 liberati
1558 2940 1761 2981 sumus.
1798 2923 1876 2976 llli

308 3030 501 3091 radicis
527 3037 725 3084 sanctae
762 3027 895 3081 rami
922 3033 1105 3088 erant,
1137 3021 1228 3076 sed
1258 3020 1406 3074 fracti
1431 3026 1555 3072 sunt
1588 3015 1760 3087 (Rom.
1788 3015 1873 3067 11.

309 3122 398 3177 16.
428 3119 518 3191 17)
545 3138 559 3175 :
588 3133 685 3173 nos
712 3132 815 3171 non
843 3130 1055 3171 eramus
1084 3113 1277 3168 radicis
1316 3110 1627 3179 participes,
1670 3116 1725 3162 et
1765 3107 1876 3160 fru-

307 3222 451 3266 ctum
480 3209 687 3277 pietatis
715 3207 951 3261 tulimus.
978 3204 1053 3258 llli
1077 3202 1362 3273 prophetas
1389 3200 1455 3252 ab
1482 3198 1696 3251 ineunte
1724 3203 1880 3250 aetate

309 3302 582 3370 legerunt,
620 3306 673 3351 et
702 3295 990 3365 prephetiis
1028 3292 1357 3347 enuntiatum
1382 3288 1524 3342 cruci
1553 3287 1833 3341 affixerunt
1862 3302 1876 3339 :

310 3404 429 3450 nos,
470 3388 557 3456 qui
608 3385 737 3440 nihil
779 3384 846 3439 de
894 3382 1063 3436 sacris
1101 3379 1268 3434 literis
1319 3377 1690 3439 audieramus,
1740 3374 1880 3427 hunc

312 3479 484 3545 ipsum
514 3475 867 3528 adoravimus.
915 3472 1038 3525 Ideo
1085 3469 1265 3524 miseri
1305 3468 1401 3532 illi,
1432 3466 1553 3536 quia
1595 3467 1751 3519 missa
1780 3463 1880 3517 sibi

317 3568 479 3631 bona,
508 3566 627 3619 aliis
649 3563 977 3632 rapientibus
1002 3569 1165 3629 atque
1190 3559 1256 3612 ad
1282 3572 1402 3612 sese
1431 3555 1878 3626 pcrtrahentibus,

316 3658 415 3727 ipsi
433 3657 759 3725 repulerunt.
782 3656 858 3708 Ac
880 3653 952 3707 illi
979 3652 1188 3723 quidem
1210 3651 1274 3705 ad
1296 3650 1520 3705 filiorum
1542 3649 1879 3717 adoptionem

319 3747 513 3811 vocati,
547 3747 599 3799 in
643 3760 801 3798 canes
827 3744 1215 3813 degenerarunt
1245 3759 1258 3795 :
1292 3756 1408 3806 nos,
1442 3741 1528 3810 qui
1571 3755 1730 3794 canes
1765 3754 1881 3793 era-

320 3851 459 3905 mus,
491 3836 697 3888 brutam
747 3845 983 3887 naturam
1011 3833 1183 3887 divina
1213 3833 1376 3901 gratia
1411 3846 1606 3884 exuere
1632 3839 1788 3898 atque
1817 3829 1881 3883 ad

320 3926 547 3980 filiorum
586 3927 838 3978 honorem
866 3923 1153 3977 ascendere
1188 3922 1473 3988 potuimus.
1506 3918 1654 3973 Unde
1684 3919 1784 3970 hoc
1818 3917 1882 3969 Ii-

321 4015 483 4085 quet?
510 4013 630 4067 Non
651 4024 722 4066 est
747 4013 950 4076 bonum,
980 4012 1147 4080 inquit
1177 4010 1488 4063 Chananaeaa
1505 4008 1767 4071 Christus,
1794 4024 1885 4075 pa-

322 4121 435 4159 nem
460 4104 682 4172 ﬁliorum
701 4118 895 4171 capere,
919 4111 966 4153 et
983 4099 1173 4152 catellis
1193 4098 1403 4167 objiccre
1421 4096 1625 4166 (Matth.
1654 4097 1717 4150 15
1753 4096 1843 4165 26)
1868 4112 1881 4148 :

326 4194 445 4248 illos
473 4192 629 4255 ﬁlios,
659 4207 723 4244 ex
762 4190 1007 4260 gentibus
1039 4202 1166 4241 vero
1193 4187 1468 4248 oriundos,
1496 4200 1657 4239 canes
1687 4199 1888 4238 nuneu-

323 4300 474 4353 pans.
499 4283 715 4347 Verum,
740 4297 842 4350 quo
868 4280 1025 4334 modo
1053 4280 1124 4332 sit
1146 4280 1385 4333 inversus
1414 4278 1546 4333 ordo
1566 4318 1581 4342 ,
1613 4278 1751 4341 vide,
1783 4278 1886 4331 illi-

324 4390 426 4443 que
454 4388 634 4437 canes,
654 4387 751 4425 nos
778 4370 928 4425 liberi
957 4369 1080 4423 facti
1098 4370 1281 4423 simus.
1318 4367 1488 4420 Videte
1502 4383 1665 4430 canes,
1696 4366 1762 4421 de
1784 4367 1888 4421 illis

323 4466 397 4518 ait
432 4464 623 4517 Paulus
640 4504 653 4526 ,
687 4463 845 4515 videte
867 4462 1026 4513 malos
1054 4460 1340 4527 operarios,
1365 4460 1891 4518 videteconcisionem.

329 4549 442 4603 Nos
463 4548 601 4601 enim
633 4561 816 4601 sumus
838 4543 1188 4598 circumcisio.
1208 4540 1657 4616 (Philipp.5.2.5).
1702 4546 1888 4601 Cernis

324 4640 592 4709 quomodo
622 4640 769 4693 liberi
797 4640 940 4706 prius
964 4652 1124 4691 canes
1151 4637 1453 4691 evaserint?
1484 4637 1638 4689 Visne
1663 4650 1888 4705 cognos-

323 4743 466 4793 cere,
488 4728 577 4797 qui
608 4742 707 4781 nos
728 4742 759 4781 e
777 4727 995 4780 canibus
1023 4726 1114 4779 filii
1141 4724 1259 4778 facti
1290 4725 1495 4779 simus?
1522 4725 1771 4794 Quotquot
1790 4741 1886 4777 au-

324 4828 421 4870 tem
445 4827 738 4885 receperunt
769 4832 902 4880 eum,
929 4816 1119 4884 inquit,
1151 4815 1285 4866 dedit
1309 4816 1379 4867 eis
1410 4823 1721 4882 potestatem,
1754 4814 1885 4881 ﬁlios

326 4906 418 4960 Dei
439 4908 549 4976 fieri
580 4906 753 4977 (Joan.
788 4908 839 4960 1.
875 4907 987 4974 12).
1017 4905 1156 4959 Nihil
1188 4905 1302 4957 istis
1329 4905 1603 4967 miserius,
1632 4906 1722 4972 qui
1757 4920 1885 4958 nus-

321 5012 478 5065 quam
523 5011 626 5049 non
668 4995 824 5048 saluti
870 5008 980 5048 suae
1026 4992 1241 5047 adversi
1284 5004 1521 5046 currttnt.
1569 4993 1698 5045 Dum
1746 4994 1885 5047 enim

324 5085 493 5152 legem
521 5084 722 5137 servari
752 5083 1019 5151 oportuit,
1048 5082 1425 5135 conculcarunt
1456 5098 1469 5132 :
1503 5081 1586 5134 illa
1618 5096 1754 5134 nunc
1775 5096 1890 5134 ces-

323 5184 503 5236 sante,
537 5173 878 5241 pertinaciter
922 5171 1162 5225 eamdem
1203 5170 1334 5223 tueri
1382 5170 1723 5223 contendunt.
1755 5169 1888 5235 Quid

325 5265 454 5330 ipsis
479 5272 639 5331 queat
664 5260 1023 5314 miserabilius
1052 5275 1193 5325 esse,
1221 5262 1307 5327 qui
1338 5276 1440 5311 non
1470 5260 1889 5327 transgressione

324 5352 514 5415 solum,
544 5349 638 5404 sed
664 5360 717 5403 et
749 5350 1119 5404 observatione
1161 5348 1292 5417 legis
1333 5348 1495 5403 Deum
1535 5348 1891 5402 exaeerbant‘t

325 5443 448 5495 Ideo
488 5441 629 5494 Dura
661 5442 876 5506 cervice,
910 5442 1098 5509 inquit,
1145 5448 1190 5491 et
1233 5439 1576 5491 incircumciso
1616 5439 1765 5492 corde
1804 5454 1890 5492 vos

326 5520 520 5598 semper
547 5531 767 5599 Spiritui
796 5539 970 5584 sancto
997 5530 1225 5582 resistitis
1245 5528 1379 5593 (Act.
1407 5529 1459 5580 7.
1486 5528 1576 5596 51)
1602 5545 1615 5581 :
1650 5544 1750 5582 non
1773 5529 1889 5582 vio-

330 5620 487 5676 lando
533 5620 676 5690 leges
719 5620 1010 5684 dumtaxat,
1041 5616 1133 5672 sed
1176 5627 1230 5672 et
1270 5618 1635 5687 intempestive
1674 5632 1889 5675 servare

1520 288 1876 347 ADVERSUS
1914 287 2196 345 JUDAEOS
2257 289 2277 339 l

3424 278 3529 338 8i6

1962 403 2077 457 illas
2104 405 2383 474 cupiendo.
2410 404 2533 460 Duri
2556 406 2782 472 cervice,
2805 404 2970 475 probe
2993 406 3070 462 sic
3089 421 3181 462 eos
3206 408 3524 477 appellavit:

1963 509 2065 545 non
2093 496 2232 546 enim
2264 494 2448 563 jugum
2477 494 2669 548 Christi
2696 506 2988 565 portarunt,
3018 497 3139 550 licet
3166 511 3331 553 suave
3351 509 3524 562 esset,

1959 596 2059 635 nec
2109 582 2391 650 quidquam
2436 585 2612 636 eneris
2661 593 2751 636 aut
2800 585 3055 638 molestia:
3105 586 3345 640 haberet.
3398 587 3526 641 Nam

1960 668 2149 723 Discite
2179 687 2210 721 a
2236 686 2331 733 me,
2360 671 2547 739 inquit,
2570 673 2685 741 quia
2716 673 2848 725 mitis
2889 689 3029 737 sum,
3058 685 3102 726 et
3123 674 3324 729 humilis
3348 676 3521 741 corde,

1959 770 2034 820 et,
2066 759 2246 813 Tollite
2262 761 2445 829 jugum
2473 777 2635 813 meum
2677 778 2828 832 super
2853 779 2971 827 vos,
3008 764 3124 832 quia
3146 766 3329 835 juguut
3365 783 3528 819 meum

1961 866 2109 902 suave
2136 859 2227 913 est,
2250 859 2297 901 et
2323 865 2448 902 onus
2474 867 2636 903 meum
2659 853 2762 905 leve
2790 851 3003 920 (Matth.
3036 855 3120 907 11.
3150 855 3240 909 29.
3270 857 3384 926 50).
3412 857 3527 910 Non

1964 938 2254 991 tolerarunt
2290 948 2484 1003 tamen,
2513 940 2581 993 ob
2606 941 2829 994 cervicis
2856 941 3100 996 duritiem
3131 960 3146 998 :
3174 959 3343 1014 neque
3371 947 3531 1000 modo

1963 1042 2067 1079 non
2097 1029 2409 1092 tolerarunt,
2436 1030 2530 1083 sed
2554 1040 2607 1084 et
2625 1030 2995 1100 confregerunt
3020 1042 3073 1086 et
3094 1043 3366 1103 ruperunt.
3398 1036 3529 1089 Nam

1968 1118 2013 1170 A
2039 1120 2244 1185 saeculo,
2277 1120 2465 1187 inquit,
2497 1123 2785 1190 confregisti
2800 1124 2984 1191 jugum
3012 1132 3188 1189 tuum;
3213 1126 3394 1192 rupiin
3418 1127 3531 1179 vin-

1963 1208 2079 1260 cula
2108 1218 2193 1260 tua
2217 1208 2423 1277 (Jerem.
2450 1208 2505 1261 2.
2527 1210 2616 1263 20.
2645 1211 2754 1263 vide
2777 1220 2821 1263 et
2850 1212 2901 1264 5.
2928 1212 2981 1265 5.
3004 1213 3118 1264 item
3138 1211 3283 1265 Psal.
3310 1212 3362 1264 2.
3386 1228 3435 1266 υ.
3452 1213 3529 1283 '5).

1964 1297 2078 1351 Non
2112 1299 2257 1352 Pauli
2284 1299 2396 1353 hmc
2418 1310 2542 1353 sunt
2569 1300 2725 1354 verba
2747 1342 2762 1366 ,
2794 1302 2884 1354 sed
2912 1302 3165 1370 propheta
3195 1304 3420 1369 clamat,
3442 1303 3532 1372 ju-

1965 1404 2085 1456 gum
2126 1400 2178 1442 et
2218 1390 2423 1442 vincula
2474 1391 2679 1458 imperii
2726 1401 2877 1445 notas
2915 1391 3137 1445 dicens:
3179 1393 3297 1459 quia
3337 1393 3533 1447 Christi

1967 1478 2259 1531 dominium
2307 1479 2474 1533 Judmi
2517 1490 2852 1547 respuerant,
2898 1496 3017 1533 cum
3067 1482 3307 1536 dicerent
3353 1501 3367 1537 :
3414 1482 3534 1536 Non

1967 1568 2201 1621 habemus
2247 1587 2444 1638 regem,
2488 1571 2584 1622 nisi
2613 1570 2858 1623 Ctesarcm
2900 1571 3076 1636 (Joan.
3120 1573 3205 1627 l9.
3239 1575 3348 1643 15).
3392 1572 3534 1627 Con-

1967 1656 2165 1724 fregisti
2192 1655 2400 1725 jugum,
2428 1657 2670 1725 dirupisti
2706 1658 2991 1720 vinculum,
3038 1675 3067 1712 e
3092 1674 3256 1729 regno
3284 1661 3534 1715 catlorum

1970 1748 2196 1816 teipsum
2220 1748 2443 1815 ejecisti,
2473 1758 2525 1800 et
2554 1750 2798 1816 potestati
2832 1749 3074 1804 humana:
3104 1752 3397 1818 subjecisti.
3432 1754 3536 1807 Ve-

1969 1837 2060 1891 lim
2094 1838 2179 1891 hic
2204 1838 2331 1892 mihi
2372 1839 2678 1893 consideres
2698 1881 2712 1901 ,
2739 1854 2895 1908 quam
2926 1840 3107 1893 solerti
3155 1843 3433 1910 mnigmate
3460 1843 3539 1897 ef-

1969 1926 2229 1981 frenatum
2282 1929 2491 1982 illorum
2558 1932 2791 1982 animum
2845 1931 3170 1998 significarit.
3230 1932 3343 1986 Non
3394 1934 3536 1988 enim

1970 2017 2160 2087 inquit,
2183 2018 2363 2087 jugum
2396 2018 2651 2086 dejecisti,
2676 2019 2767 2071 sed
2797 2019 3125 2088 confregisti,
3146 2022 3283 2090 quod
3312 2031 3391 2075 est
3414 2022 3540 2076 bru-

1972 2115 2143 2161 torum
2170 2108 2497 2174 animalium,
2522 2122 2811 2176 eorumque
2839 2109 3164 2176 petulcorum
3194 2110 3397 2174 vitium,
3420 2125 3540 2179 qua:

1972 2194 2183 2248 frenum
2226 2204 2518 2262 respuunt.
2567 2196 2955 2265 imperiumque
2994 2197 3311 2251 detrectant.
3345 2198 3537 2252 Verum

1970 2283 2112 2338 unde
2158 2284 2271 2337 hare
2309 2284 2413 2338 illis
2460 2284 2720 2339 durities?
2771 2285 2846 2338 Ex
2898 2287 3111 2354 crapula
3159 2296 3213 2340 et
3259 2286 3537 2341 ebrietate.

1971 2372 2100 2438 Quis
2146 2373 2219 2425 ait
2268 2373 2400 2426 hoc?
2442 2372 2559 2442 Ipse
2606 2373 2798 2428 Moses.
2850 2373 3072 2429 Comedit
3120 2375 3316 2441 Israel,
3369 2385 3417 2429 et
3460 2392 3529 2429 re-

1973 2465 2135 2533 pletus
2186 2473 2231 2517 et
2293 2466 2631 2534 impinguatus
2676 2473 2782 2528 est,
2841 2474 2889 2518 et
2951 2467 3279 2519 recalcitravit
3333 2468 3543 2521 dilectus

1974 2553 2150 2623 (Deut.
2171 2554 2260 2608 52.
2286 2557 2399 2624 15).
2420 2555 2874 2621 Quemadmodum
2889 2556 3028 2608 enim
3056 2557 3343 2610 animantia
3366 2558 3539 2624 bruta,

1974 2643 2217 2696 uberiore
2241 2644 2430 2711 pabulo
2460 2644 2686 2697 distenta
2707 2684 2722 2707 ,
2753 2643 2920 2712 magis
2948 2643 3250 2698 refractaria
3280 2654 3438 2713 atque
3466 2647 3546 2700 in-

1975 2732 2174 2786 domita
2206 2733 2357 2795 fiunt,
2386 2742 2439 2787 et
2475 2748 2644 2801 neque
2669 2733 2849 2801 jugum
2870 2774 2885 2796 ,
2931 2749 3029 2786 nec
3068 2732 3303 2799 frenum,
3335 2749 3431 2787 nec
3452 2750 3546 2787 au-

1974 2823 2104 2891 riga:
2160 2837 2372 2875 manum
2423 2820 2595 2874 ferunt
2641 2838 2653 2873 :
2704 2821 2772 2874 ita
2816 2829 2871 2875 et
2916 2822 3139 2891 populus
3185 2821 3432 2876 Judaieus
3478 2839 3545 2877 ex

1975 2912 2231 2967 ebrietate
2275 2921 2329 2966 et
2378 2912 2536 2965 nimia
2568 2912 2807 2980 corporis
2847 2912 3107 2965 obesitate
3141 2911 3206 2963 ad
3248 2921 3542 2965 extremam

1977 3004 2342 3073 prmcipitatus
2366 3004 2642 3068 malitiam,
2673 3003 2917 3064 lasciviit,
2950 3017 3123 3071 neque
3149 3002 3343 3056 Christi
3360 3002 3544 3071 jngum

1977 3093 2287 3162 acceptavit,
2311 3107 2482 3161 neque
2508 3092 2765 3146 doctrina:
2790 3102 3021 3144 aratrum
3043 3091 3212 3145 duxit.
3241 3091 3391 3156 Quod
3412 3093 3545 3146 alius

1979 3187 2137 3240 etiam
2166 3184 2419 3253 propheta
2450 3183 2787 3238 subindicans
2824 3183 2994 3236 dixit:
3041 3182 3182 3236 Sicut
3208 3184 3364 3235 vitula
3401 3192 3547 3236 castra

1982 3277 2167 3345 percita
2192 3277 2395 3328 insaniit
2429 3274 2594 3328 Israel
2619 3274 2770 3344 (Osee
2814 3275 2868 3327 4.
2925 3275 3033 3343 16).
3072 3273 3220 3327 Alius
3264 3274 3406 3341 ipsos
3445 3273 3539 3326 Vi-

1981 3368 2140 3419 tulum
2164 3382 2264 3418 non
2280 3366 2507 3418 edoctum
2522 3366 2654 3432 ferre
2659 3365 2841 3433 jugum
2862 3364 3070 3417 vocavit
3089 3363 3292 3433 (Jerem,
3315 3365 3401 3417 51.
3431 3363 3545 3433 18).
3638 3358 3642 3361 Α

1981 3458 2125 3513 Talia
2147 3473 2274 3513 vero
2298 3458 2451 3511 bruta
2477 3457 2782 3520 animantia,
2804 3454 2870 3508 ad
2891 3469 3080 3523 operas
3107 3455 3303 3522 inepta,
3338 3454 3405 3507 ad
3439 3470 3550 3507 ma-

1981 3550 2235 3604 ctandnm
2259 3559 2380 3602 sunt
2403 3556 2545 3616 apta.
2570 3546 2720 3612 Quod
2751 3546 2834 3600 his
2860 3548 3017 3600 etiam
3035 3545 3225 3598 accidit
3250 3563 3264 3597 :
3292 3560 3410 3597 nam
3429 3560 3547 3599 cum

1982 3640 2082 3708 ipsi
2114 3654 2232 3694 sese
2280 3638 2345 3692 ad
2370 3638 2705 3706 operationes
2733 3636 2950 3689 inutiles
2977 3634 3288 3697 redderent,
3321 3635 3409 3703 qui
3437 3648 3550 3687 ma—

1982 3738 2254 3785 ctarentur
2270 3730 2377 3799 apti
2406 3729 2633 3782 fuerunt.
2651 3727 2825 3792 Quare
2846 3726 3088 3780 Christus
3107 3726 3286 3787 etiam,
3312 3723 3551 3777 Inimicos

1984 3839 2119 3875 meos
2144 3821 2280 3887 illos,
2310 3821 2494 3888 inquit,
2522 3820 2606 3887 qui
2631 3817 2896 3871 noluerunt
2936 3832 3014 3868 me
3036 3831 3243 3884 regnare
3267 3816 3319 3867 in
3347 3831 3426 3879 se,
3454 3816 3550 3866 ad-

1986 3913 2149 3965 ducite
2192 3913 2288 3963 huc
2328 3949 2346 3975 ,
2372 3919 2418 3963 et
2461 3919 2676 3962 mactate
2724 3908 2840 3960 illos
2896 3906 3044 3976 (Luc.
3087 3906 3174 3959 19.
3220 3904 3332 3975 27).
3377 3904 3548 3968 Tum,

1986 4001 2188 4063 Judree,
2217 4000 2493 4068 oportebat
2533 4008 2584 4050 te
2610 3998 2883 4065 jejunare,
2937 4010 3055 4047 cum
3083 3994 3311 4047 ebrietas
3358 3994 3471 4046 istis
3500 4002 3551 4047 te

1984 4090 2139 4145 malis
2165 4088 2420 4150 afficeret,
2447 4101 2565 4139 cum
2598 4086 2918 4154 impietatem
2944 4093 3149 4151 pareret
3172 4082 3406 4149 crapula,
3443 4099 3548 4135 non

1982 4181 2111 4251 jam.
2141 4179 2292 4233 Nune
2316 4178 2458 4233 enim
2481 4176 2739 4246 jejunium
2768 4182 2851 4228 est
2881 4171 3309 4241 intempestivum
3337 4182 3387 4225 et
3416 4172 3544 4225 abo-

1988 4269 2311 4325 minandum.
2343 4268 2456 4334 Quo
2476 4265 2730 4319 auctore?
2762 4263 2971 4326 llesaia,
2998 4262 3090 4331 qui
3115 4276 3247 4315 voce
3273 4261 3412 4315 edita
3441 4260 3549 4313 cla-

1988 4369 2138 4416 mat:
2180 4358 2301 4411 Non
2330 4360 2422 4411 hoc
2446 4358 2699 4426 jejunium
2727 4356 2872 4425 elegi.
2902 4354 3037 4420 Quid
3075 4354 3188 4407 ita?
3217 4353 3347 4417 Quia
3388 4352 3438 4404 in
3459 4354 3552 4421 ju-

1989 4452 2122 4505 dicia
2148 4460 2194 4503 et
2223 4465 2416 4519 pugnas
2444 4448 2721 4517 jejunatis,
2762 4455 2808 4498 et
2838 4445 3090 4513 percutitis
3127 4460 3294 4514 pugno
3332 4442 3553 4495 subditos

1992 4541 2191 4613 (Hesai.
2212 4541 2299 4595 58.
2334 4542 2388 4592 4.
2419 4539 2496 4608 5).
2529 4536 2678 4603 Quod
2718 4536 2786 4601 si,
2817 4549 2936 4588 cum
2982 4533 3217 4601 pulsares
3244 4543 3549 4595 conservos,

1989 4630 2305 4685 detestabile
2334 4638 2478 4681 tuum
2517 4626 2613 4679 fuit
2648 4625 2939 4693 jejunium,
2969 4622 3192 4675 Domino
3238 4620 3334 4675 abs
3361 4629 3411 4673 te
3441 4634 3551 4672 ma-

1987 4730 2149 4785 ctato,
2178 4728 2448 4787 acceptum
2479 4716 2566 4784 qui
2598 4713 2786 4767 fuerit?
2807 4727 2908 4781 qua
2936 4709 3172 4765 ratione?

2061 4809 2257 4879 Jejunii
2302 4806 2542 4875 fructuosi
2598 4802 2794 4855 modus.
2840 4829 2912 4842 --
2955 4800 3129 4862 Eum,
3177 4798 3266 4867 qni
3311 4796 3550 4866 jejunat,

1994 4898 2343 4965 compositum
2372 4909 2490 4948 esse
2513 4893 2684 4955 decet,
2715 4890 3021 4953 contritum,
3050 4887 3377 4941 humiliatum
3397 4928 3412 4951 ,
3447 4900 3551 4939 non

1992 4988 2066 5040 ira
2093 4987 2336 5040 ebrium:
2377 4993 2431 5037 et
2456 4996 2743 5036 conservos
2788 4978 2998 5049 pulsas?
3023 4976 3158 5032 Olim
3200 4978 3355 5045 igitur
3390 4977 3441 5029 in
3465 4976 3551 5044 ju-

1992 5079 2126 5131 dicia
2154 5086 2208 5130 et
2234 5089 2433 5144 pugnas
2456 5074 2798 5142 jejunarunt:
2828 5084 2969 5123 nunc
2997 5068 3062 5121 ad
3102 5068 3442 5138 petulantiam
3473 5074 3553 5117 at-

1993 5186 2094 5238 que
2132 5177 2424 5220 extremam
2460 5162 2943 5233 intemperantiam,
2973 5159 3097 5214 dum
3141 5158 3295 5211 nudis
3333 5155 3556 5225 pedibus

1991 5260 2046 5313 in
2074 5259 2185 5311 foro
2211 5258 2420 5317 saltant,
2435 5254 2618 5322 jejunii
2643 5252 2851 5322 quidem
2877 5256 3153 5319 prmtextn.
3176 5247 3267 5300 sed
3289 5245 3554 5299 ebriorum

1992 5366 2160 5403 more.
2192 5347 2323 5401 Audi
2346 5362 2452 5415 quo
2474 5354 2627 5413 pacto
2659 5340 3166 5412 prephetajejunare
3186 5337 3384 5405 jubeat.
3420 5335 3554 5387 San-

1992 5441 2205 5507 cti/icate
2233 5438 2506 5506 jejunium,
2534 5433 2722 5503 inquit,
2757 5447 2861 5485 non
2891 5445 3008 5483 cum
3049 5426 3290 5495 tripudiis
3315 5424 3557 5479 celebrad

1993 5541 2043 5584 te
2072 5546 2084 5582 :
2117 5528 2397 5582 l’rwdicate
2428 5526 2636 5589 cultum,
2665 5530 2959 5592 congregate
2994 5533 3132 5572 senes
3164 5516 3303 5585 (Joel
3353 5516 3406 5569 1.
3440 5514 3554 5578 ﬂ).

1992 5622 2061 5674 At
2104 5618 2155 5673 hi
2183 5617 2374 5672 choros
2409 5615 2644 5670 mollium
2686 5620 2908 5682 coitum.
2940 5608 3331 5674 colluvicmque
3359 5613 3555 5675 stupro
