3866 6226
331 219 435 279 8⁵⁷
1070 231 1127 287 S.
1165 227 1441 286 JOANNIS
1467 223 1937 282 CllRYSOSTOMI
1975 223 2289 281 ARCHIEP.
2330 221 2862 279 CONSTANTINOP.
3476 210 3592 267 848

332 348 725 418 inquinatarum
754 343 1068 407 mulierum;
1098 341 1365 398 theatrum
1392 339 1697 395 universum
1725 345 1779 392 et
1807 336 1897 391 ho-

332 440 504 492 mines
525 436 764 490 scenicos
792 434 857 489 ad
883 432 1213 504 Synagugam
1244 429 1589 499 pertrahunt,
1617 443 1737 481 nam
1767 430 1901 480 inter

333 525 596 583 theatrum
617 534 671 579 et
696 526 930 593 ipsorum
958 522 1287 593 Syuagogam
1315 519 1443 581 nihil
1479 520 1718 573 interest.
1747 516 1903 586 Equi-

331 615 450 669 dem
477 615 612 681 scio,
641 612 754 669 fore
777 613 865 682 qui
894 627 977 666 me
1008 608 1320 667 temeritatis
1339 616 1580 679 arguant,
1600 606 1739 679 quod
1767 605 1905 660 inter

333 703 596 760 theatrum
635 714 796 772 atque
834 701 1162 773 Synagogam
1205 697 1491 767 quidquam
1525 697 1781 751 interesse
1807 710 1904 749 ne-

333 796 529 864 garim,
549 803 605 847 at
627 808 725 860 ego
752 792 869 847 illos
888 790 1123 845 audaciae
1137 788 1455 851 condemno,
1487 787 1539 841 ni
1570 786 1639 839 ita
1657 787 1903 840 sentiant.

336 874 555 949 Damna,
575 882 619 938 si
643 898 706 937 ex
723 897 808 944 me
824 881 1009 936 isthtee
1028 879 1310 950 pronuntio
1329 893 1345 944 ;
1366 878 1446 933 sin
1462 876 1732 949 pr0phetae
1747 875 1909 940 verba

331 974 473 1041 dico,
499 974 824 1037 enuntiatum
847 972 1102 1049 approba.

402 1064 455 1118 5.
479 1062 645 1128 Multi,
673 1062 783 1116 scio
803 1101 818 1127 ,
851 1071 1158 1116 reverentur
1190 1058 1430 1125 Judteos,
1461 1073 1751 1128 eorumque
1781 1058 1910 1113 ritus

329 1154 623 1210 hodiernos
645 1163 864 1207 censent
888 1167 1008 1207 esse
1029 1151 1316 1217 honestos;
1346 1166 1452 1220 quo
1481 1152 1597 1219 ipso
1630 1150 1697 1204 ad
1737 1151 1912 1219 perni-

328 1244 533 1300 ciosam
565 1245 717 1307 istam
739 1230 1043 1312 opinionem
1074 1241 1327 1296 radicitus
1351 1241 1675 1295 evellendam
1701 1241 1910 1297 incitor.

331 1334 529 1404 Negavi
561 1333 767 1389 theatro
799 1331 1087 1403 quidquam
1130 1339 1385 1399 praestare
1419 1329 1788 1399 Synagogam;
1816 1328 1913 1382 ad-

331 1424 528 1491 ducam
558 1424 831 1493 prophetat
863 1422 1220 1477 testimonium
1248 1440 1262 1474 :
1290 1437 1393 1475 non
1437 1429 1560 1475 sunt
1591 1420 1760 1474 Judazi
1789 1435 1915 1489 pro-

333 1506 635 1584 plictisﬁde
651 1513 939 1582 digniores.
964 1510 1099 1576 Quid
1123 1512 1279 1581 igitur
1303 1510 1430 1564 ille?
1453 1509 1622 1562 Frons
1649 1509 1918 1564 meretricis

336 1609 475 1677 facta
487 1614 558 1660 est
570 1606 657 1659 tibi
673 1604 891 1669 ,‘desiisti
903 1603 1183 1657 erubescere
1197 1602 1335 1673 apud
1350 1618 1519 1656 omnes
1533 1601 1744 1672 (Jerem.
1765 1602 1818 1655 5.
1839 1598 1915 1672 5).

343 1698 442 1754 libi
461 1711 589 1753 vero
602 1708 833 1751 scortum
849 1696 1199 1765 prostituitur,
1217 1696 1261 1749 is
1279 1695 1428 1749 locus
1446 1702 1527 1749 est
1549 1694 1916 1764 prostibulum.

341 1790 452 1845 lmo
481 1804 587 1847 non
618 1788 964 1858 prostibulum
995 1788 1269 1845 dumtaxat
1307 1788 1676 1855 theatrumque
1706 1794 1789 1840 est
1816 1785 1917 1853 Sye

342 1894 562 1951 nagoga,
592 1894 772 1933 verum
795 1879 953 1934 etiam
981 1878 1233 1946 spelunca
1259 1876 1543 1941 latronum,
1571 1885 1625 1929 et
1646 1874 1920 1933 latibulum

344 1973 595 2039 ferarum.
619 1971 748 2024 Nam
779 1969 1019 2040 spelunca
1048 1969 1241 2038 Ityteme
1275 1971 1411 2038 facta
1453 1976 1527 2020 est
1554 1966 1696 2031 mihi,
1729 1965 1917 2034 inquit,

346 2061 523 2125 domus
568 2069 730 2114 vestra
776 2058 888 2129 (Id.
933 2059 986 2115 7.
1025 2059 1113 2127 ll)
1165 2075 1177 2111 :
1219 2072 1319 2112 nec
1358 2056 1668 2125 simpliciter
1708 2056 1921 2120 bestiae,

348 2152 442 2213 sed
492 2151 677 2205 bestia:
723 2150 963 2218 impurte.
1004 2150 1075 2202 At
1124 2162 1334 2201 rursum
1359 2186 1373 2210 ,
1425 2145 1677 2212 Dereliqni
1722 2144 1925 2201 domum

347 2256 531 2311 ineant,
578 2239 777 2297 deserui
819 2239 1143 2292 hereditatem
1181 2254 1344 2291 meam
1389 2235 1498 2303 (Id.
1524 2236 1608 2293 12.
1657 2236 1731 2306 7).
1775 2235 1924 2303 Quod

350 2333 395 2387 si
423 2334 567 2387 Deus
592 2331 955 2400 dereliquerit,
988 2347 1109 2399 qua:
1134 2331 1319 2385 salutis
1346 2345 1471 2400 spes
1495 2330 1732 2399 reliqua?
1758 2329 1813 2385 Si
1836 2330 1928 2389 de-

350 2422 579 2478 seruerit
604 2424 763 2489 Deus,
797 2423 945 2477 locus
989 2422 1078 2479 ille
1118 2422 1175 2479 lit
1215 2422 1470 2477 habitatio
1508 2423 1830 2479 daemonum.
1858 2426 1929 2478 At

348 2512 567 2567 omnino
593 2528 652 2567 se
676 2527 883 2582 quoque
906 2511 1072 2573 Deum
1100 2513 1324 2571 adorare
1342 2514 1544 2569 dicunt.
1573 2514 1677 2568 Sed
1706 2516 1845 2569 absit
1869 2523 1929 2569 ut

353 2601 454 2656 hoc
505 2601 781 2656 dicamus:
816 2617 972 2656 nemo
996 2601 1211 2657 Judaeus
1253 2604 1416 2658 Deum
1447 2604 1653 2658 adorat.
1699 2606 1827 2670 Quis
1854 2605 1928 2659 ait

353 2689 596 2748 liociDei
621 2691 811 2746 Filius.
839 2691 900 2745 Si
923 2692 1056 2753 enim
1090 2690 1297 2746 Patrem
1323 2709 1486 2747 meum
1511 2695 1750 2760 nossetis,
1779 2704 1825 2748 et
1854 2710 1932 2748 me

350 2781 561 2835 nossetis
589 2796 607 2834 :
631 2798 788 2849 neque
805 2797 918 2835 vero
935 2798 1011 2839 me
1028 2784 1201 2849 nostis,
1223 2799 1312 2838 nec
1328 2782 1530 2836 Patrem
1544 2783 1723 2854 (Joan.
1743 2785 1796 2839 8.
1819 2785 1930 2855 l9).

352 2872 503 2939 Quod
534 2873 893 2933 testimonium
920 2874 1022 2929 hoc
1050 2874 1153 2929 ﬁde
1180 2874 1388 2945 dignius
1413 2874 1715 2929 adducam?

422 2962 702 3036 Synttgoga
746 2963 1049 3022 Judworttm
1081 2965 1390 3021 diuersorum
1427 2966 1838 3021 dtemonium.—
1875 2969 1930 3024 Si

352 3050 561 3113 Patrem
610 3068 715 3111 non
762 3064 983 3120 norunt,
1028 3055 1220 3110 Filium
1267 3056 1676 3122 erueiﬁxerunt,
1705 3056 1934 3126 Spiritus

350 3142 602 3197 auxilium
624 3144 951 3213 repulerunt.
981 3146 1099 3213 quis
1121 3147 1295 3199 locum
1317 3145 1475 3201 istum
1499 3161 1616 3201 esse
1631 3147 1931 3201 daemonum

351 3232 699 3287 diversorium
731 3235 1000 3293 afﬁrmare
1044 3249 1152 3289 non
1199 3235 1376 3289 ausit?
1416 3235 1531 3289 Non
1569 3236 1824 3290 aduratur
1864 3236 1935 3291 ibi

353 3322 515 3387 Dens,
549 3323 725 3377 absit:
755 3322 850 3376 sed
892 3323 1205 3377 idololatria:
1242 3324 1494 3392 deinceps
1526 3325 1673 3378 locus
1703 3334 1786 3379 est
1817 3341 1831 3377 :
1882 3332 1936 3379 et

355 3421 528 3467 tamen
555 3411 712 3480 aliqui
740 3412 844 3467 illis
877 3420 1141 3478 tamquam
1170 3414 1415 3467 sacrariis
1455 3413 1749 3469 adltrerent.

424 3498 654 3552 Historia
678 3500 770 3552 uiri
796 3499 1069 3555 Christiani
1102 3502 1358 3564 mulierem
1386 3503 1438 3556 in
1458 3502 1617 3557 eadem
1642 3502 1937 3557 Judteortmt

355 3590 422 3641 ml
440 3590 724 3658 jurandum
752 3591 942 3654 intrare
968 3593 1211 3660 cogentis.
1237 3593 1499 3661 —Atque
1524 3593 1638 3648 haec
1668 3610 1773 3647 non
1800 3609 1933 3649 con-,

354 3680 577 3748 jecturis
615 3679 872 3737 adductus
907 3680 1056 3746 dico,
1090 3682 1185 3737 sed
1213 3682 1324 3753 ipsa
1348 3682 1568 3738 edoctus
1590 3686 1935 3753 experientia.

358 3767 488 3828 Nam
530 3776 654 3822 ante
681 3767 781 3822 hoc
826 3769 1076 3836 triduum,
1108 3770 1235 3825 mihi
1279 3771 1499 3839 credite,
1541 3788 1647 3827 non
1686 3776 1935 3841 mentior,

358 3865 652 3910 matronam
669 3857 948 3926 quamdam
974 3858 1272 3924 honestam,
1289 3860 1589 3930 ingenuam,
1615 3864 1929 3930 modestam,

361 3954 418 3998 et
447 3944 659 4000 ﬁdelem
696 3945 833 4013 vidi,
859 3962 1014 4016 quam
1058 3948 1216 4003 homo
1244 3950 1458 4018 quidam
1497 3951 1756 4020 impurus,
1785 3953 1938 4008 stoli-

363 4033 500 4098 dus,
550 4034 797 4103 opinione
842 4036 1206 4103 Christianus,
1265 4036 1423 4110 (talia
1471 4041 1613 4101 enim
1655 4042 1936 4097 audentem

364 4125 629 4179 sincerum
679 4125 1038 4180 Christianum
1096 4144 1200 4181 non
1254 4129 1539 4201 dixerim),
1595 4132 1939 4189 Hebraeorum

366 4216 533 4273 aedem
584 4216 814 4278 intrare,
861 4217 1036 4287 ibique
1076 4203 1444 4287 jusjurandum
1487 4223 1555 4277 de
1581 4223 1806 4291 negotiis
1840 4224 1940 4279 sibi

368 4306 731 4360 controversis
758 4305 887 4363 dare
911 4308 1153 4378 cogebat.
1185 4308 1254 4364 Ut
1291 4325 1417 4364 vero
1446 4310 1533 4366 illa
1562 4327 1716 4379 opem
1748 4313 1939 4381 impio.-

364 4395 534 4461 rabat,
557 4405 612 4451 et
637 4397 739 4450 vim
766 4397 1076 4452 sceleratam
1107 4400 1316 4465 amoliri
1344 4401 1620 4469 cupiebat;
1647 4402 1746 4457 sibi
1772 4404 1936 4470 enim,

365 4500 484 4553 qnte
526 4486 828 4549 divinorum
860 4489 1234 4557 mysteriorum
1281 4489 1544 4558 particeps
1587 4489 1722 4545 facta
1763 4501 1937 4555 esset,

366 4575 513 4630 illum
546 4576 717 4633 locum
737 4576 885 4630 adire
907 4575 1054 4630 nefas
1078 4591 1198 4631 esse
1223 4595 1235 4631 :
1263 4578 1510 4633 incensus
1529 4593 1628 4648 ego
1651 4580 1764 4634 zelo
1782 4589 1942 4648 atque

366 4664 558 4719 ardens
583 4667 820 4731 surrexi,
861 4679 960 4720 nec
995 4665 1135 4727 illam
1163 4680 1321 4734 porro
1353 4667 1426 4740 ad
1458 4669 1941 4736 praevaricationem

368 4755 503 4809 trahi
530 4769 645 4809 sum
674 4770 880 4823 passus,
901 4756 1176 4825 eripuique
1194 4756 1261 4817 ab
1282 4758 1455 4825 iniqua
1484 4759 1581 4813 ista
1603 4758 1938 4813 abductione.

370 4845 560 4903 Postea
584 4860 727 4910 eum,
761 4844 851 4913 qui
891 4854 1123 4907 traxerat
1154 4846 1321 4911 illam,
1351 4845 1751 4905 Christianusne
1777 4857 1939 4913 esset,

369 4934 573 5003 rogavi.
611 4934 707 4986 Cui
738 4934 1009 4995 conﬁtenti
1046 4935 1277 5003 graviter
1311 4936 1494 4997 institi.
1533 4935 1826 4993 fatuitatem
1853 4954 1945 4993 ex~

371 5023 633 5090 prohrans
674 5032 1076 5093 extremamque
1118 5025 1468 5092 dementiam,
1502 5036 1557 5085 et
1596 5027 1759 5083 asinis
1798 5027 1942 5082 illum

367 5113 652 5181 quidquam
696 5123 948 5180 pra-stare
978 5115 1197 5184 negavi,
1229 5116 1274 5169 si
1316 5114 1583 5175 Christum
1631 5132 1690 5173 se
1718 5119 1941 5175 adorare

371 5200 663 5269 prolitens,
696 5201 761 5255 ad
802 5198 1145 5268 indecorum,
1185 5204 1273 5272 qui
1316 5205 1486 5272 ipsum
1524 5208 1941 5273 crueilixisscnt,

369 5288 651 5356 speluncas
680 5303 995 5359 quemquam
1043 5290 1296 5349 traheret.
1330 5292 1698 5363 Productoque
1737 5296 1944 5366 longius

373 5390 625 5433 sermone
650 5378 875 5445 primutn
905 5394 1121 5446 prorsus
1142 5394 1245 5449 non
1269 5378 1429 5435 licere
1451 5381 1630 5449 jurare
1647 5424 1662 5449 ,
1686 5400 1855 5453 neque
1878 5386 1945 5443 ad

370 5465 742 5535 jusjurandum
764 5483 1081 5538 quemquam
1109 5469 1332 5537 incitare
1352 5508 1367 5535 ,
1394 5485 1459 5525 ex
1485 5487 1636 5527 sacro
1661 5475 1961 5546 Evangelia

371 5550 584 5621 (Matth.
617 5556 672 5615 5.
718 5556 811 5624 δι)
836 5556 1011 5611 docui.
1041 5558 1268 5627 Deinde,
1299 5574 1407 5615 non
1436 5560 1645 5619 ﬁdelem
1676 5573 1731 5620 et
1764 5566 1940 5628 initia-

2008 346 2114 393 tam
2139 376 2155 403 ,
2203 336 2330 406 quin
2367 352 2539 405 neque
2584 351 2742 401 eum,
2796 334 2887 405 qui
2925 331 3161 389 nomth
3203 333 3276 389 sit
3314 333 3586 401 initiatus.

2007 427 2061 481 in
2081 427 2233 481 istam
2254 426 2625 482 necessitatem
2643 424 2953 480 trahendum
2981 423 3162 480 fuisse.
3186 424 3468 496 Postquam
3488 425 3591 480 diu

2008 516 2342 586 multumque
2388 517 2637 587 loquutus
2676 516 2912 569 animum
2956 515 3074 585 ejus
3123 514 3191 568 ab
3235 530 3420 570 errore
3462 515 3589 586 opi-

2009 607 2189 667 nionis
2214 607 2457 674 liberavi,
2481 622 2695 673 causam
2721 605 3024 663 sciscitatus
3052 621 3191 670 sum.
3221 620 3318 660 cur
3348 605 3592 669 Ecclesia
3687 638 3695 643 -

2012 697 2199 753 relicta
2225 700 2292 751 ad
2330 697 2636 763 .ludaeorum
2673 696 2897 766 collegia
2944 695 3087 750 illam
3125 696 3362 755 traxerit.
3405 696 3469 750 At
3500 697 3594 750 ille

2014 788 2213 845 multos
2240 787 2341 842 sibi
2369 787 2567 843 dixisse
2596 786 2899 856 inquiebat,
2927 786 3318 856 jusjurandum,
3349 787 3489 857 quod
3516 786 3594 840 ibi

2012 878 2246 945 daretur,
2275 879 2440 948 magis
2462 877 2847 937 formidandum
2867 893 3005 937 esse.
3026 878 3107 934 0b
3134 893 3253 949 qua:
3278 878 3594 949 ingemisce-

2013 971 2155 1036 bam,
2201 970 2381 1038 iraque
2428 968 2767 1037 incendebar,
2803 969 3059 1038 deinceps
3097 984 3282 1025 rursus
3326 968 3587 1033 ridebam.

2014 1060 2250 1114 Cernens
2283 1060 2424 1113 enim
2467 1059 2665 1113 diaboli
2701 1060 2948 1119 astutiam
2971 1100 2986 1126 ,
3017 1059 3281 1129 ingemui,
3307 1059 3451 1129 quod
3490 1058 3589 1114 bo-

2017 1150 2243 1209 minibus
2262 1150 2313 1214 id
2332 1151 2652 1219 persuadere
2677 1160 2886 1220 posset:
2907 1149 3241 1218 considerata
3264 1164 3388 1206 vero
3405 1163 3593 1209 eorum

2017 1240 2107 1310 qui
2132 1240 2502 1310 deciperentur
2537 1241 2813 1306 socordia,
2859 1240 3119 1299 excandui
3147 1259 3162 1295 :
3191 1249 3247 1295 et
3284 1242 3594 1305 earumdem

2019 1340 2215 1400 quanta
2261 1342 2402 1387 esset
2447 1335 2677 1392 amentia
2718 1348 2929 1399 meeum
2974 1345 3267 1401 reputans,
3309 1333 3421 1387 risi.
3470 1333 3596 1388 “tce

2020 1419 2174 1475 vobis
2201 1422 2308 1476 dixi
2334 1431 2387 1477 et
2415 1423 2662 1487 narravi,
2690 1424 2812 1491 quia
2837 1423 3017 1479 animo
3052 1438 3175 1491 erga
3201 1437 3296 1478 eos
3314 1463 3329 1489 ,
3356 1424 3443 1493 qui
3471 1423 3597 1477 talia

2020 1520 2076 1565 et
2100 1521 2408 1581 perpetrant
2441 1521 2495 1573 et
2522 1513 2900 1581 experiuntur,
2931 1514 3061 1568 estis
3090 1513 3246 1582 plane
3285 1513 3596 1578 inhumano,

2022 1616 2121 1669 nec
2147 1602 2429 1672 quidquam
2452 1603 2515 1657 iis
2540 1605 2823 1659 moremini
2847 1621 2863 1660 :
2883 1605 3035 1675 sique
3053 1605 3272 1661 fratrem
3295 1607 3601 1675 quempiam

2022 1693 2348 1749 vestrumin
2394 1692 2696 1762 lutjusmodi
2740 1704 3012 1764 peccatum
3062 1696 3298 1750 incidere
3340 1696 3600 1762 videatis,

2028 1782 2298 1849 alienam,
2343 1800 2448 1838 non
2492 1786 2762 1854 propriam
2813 1787 3168 1843 calamitatem
3212 1802 3333 1843 esse
3377 1788 3599 1843 ducitis.

2029 1869 2243 1939 Vosque
2262 1874 2529 1927 accusanti
2552 1884 2799 1943 purgatos
2814 1876 3152 1942 existimatis,
3174 1876 3401 1932 dicendo
3426 1895 3438 1930 :
3464 1877 3602 1946 Quid

2029 1961 2158 2025 mihi
2184 1975 2329 2025 cura:
2364 1964 2482 2017 est?
2510 1979 2627 2031 quae
2663 1965 2799 2017 ratio
2841 1966 3115 2021 mihicum
3153 1967 3245 2022 illo
3270 1968 3608 2022 communis?

2026 2053 2157 2118 Quae
2180 2054 2340 2110 verba
2376 2058 2599 2124 capitale
2636 2057 2815 2119 odium
2847 2058 2900 2118 in
2939 2058 3180 2115 homines
3218 2068 3266 2114 et
3311 2060 3605 2116 satanicam

1966 2211 1970 2217 ι
2026 2143 2389 2207 crudelitatem
2417 2156 2627 2202 sonant.
2658 2147 2794 2213 Quid
2834 2150 2932 2212 a's,
2971 2148 3131 2203 homo
3166 2164 3285 2207 cum
3329 2152 3424 2213 sis,
3451 2150 3601 2219 ejus.

2028 2234 2254 2304 demque
2292 2246 2493 2292 natura:
2524 2238 2820 2307 particeps,
2852 2240 3119 2307 quinimo,
3151 2241 3195 2294 si
3228 2249 3428 2297 natura!
3451 2256 3606 2296 com-

2027 2327 2211 2383 munio
2252 2326 2476 2385 dicenda
2515 2336 2628 2390 est.
2670 2330 2755 2389 cui
2799 2346 2963 2385 unum
3007 2340 3164 2398 caput
3204 2341 3288 2385 est
3329 2333 3608 2398 Christus;

2034 2416 2215 2473 dicere
2231 2416 2418 2484 audes,
2450 2417 2583 2474 nihil
2609 2418 2700 2472 tibi
2727 2433 2846 2472 cum
2885 2421 3140 2477 membris
3177 2423 3283 2476 tuis
3308 2437 3429 2477 esse
3457 2437 3612 2477 com-

2030 2506 2238 2562 mune?
2285 2507 2560 2574 Quomodo
2614 2509 2774 2578 igitur
2818 2508 3086 2567 Christum
3138 2511 3391 2565 Ecclesizn
3443 2520 3613 2582 caput

2031 2596 2342 2653 conﬁteris?
2364 2597 2496 2655 Nam
2522 2608 2681 2667 caput
2700 2608 2886 2657 natura
2918 2601 3094 2656 omnia
3120 2602 3355 2656 membra
3373 2602 3612 2670 copulat,

2032 2695 2088 2741 et
2111 2687 2177 2742 ad
2228 2702 2288 2743 se
2335 2687 2617 2758 diligenter
2643 2691 2948 2753 convertit,
2996 2691 3331 2761 colligatque.
3383 2691 3439 2746 Si
3481 2692 3615 2747 nihil

2036 2779 2127 2834 tibi
2174 2794 2456 2839 commune
2505 2789 2587 2834 est
2625 2795 2745 2837 eum
2798 2782 3038 2836 membro
3086 2791 3207 2847 tuo,
3258 2798 3434 2851 neque
3477 2798 3602 2838 cum

2033 2870 2200 2927 fratre
2246 2869 2371 2939 quid
2422 2886 2704 2927 commune
2746 2880 2830 2929 est
2860 2872 2951 2933 tibi
2977 2912 2992 2935 ,
3038 2886 3209 2940 neque
3250 2883 3412 2942 caput
3451 2872 3617 2928 babes

2035 2960 2325 3019 Christum.
2356 2959 2523 3015 Judaei
2561 2977 2657 3016 vos
2682 2971 2948 3031 tamquam
2997 2962 3247 3030 parvulos
3284 2976 3476 3030 pueros
3502 2970 3616 3017 ter-

2034 3060 2186 3115 rent,
2239 3061 2297 3113 et
2343 3067 2451 3109 non
2498 3051 2939 3112 animadvertitis.
2985 3052 3117 3109 Nam
3166 3055 3618 3123 quemadmodum

2036 3140 2273 3209 parvulis
2317 3139 2421 3194 illis
2462 3140 2612 3199 multi
2653 3141 2897 3195 scelerati
2932 3142 3070 3195 servi
3117 3142 3290 3197 larvas
3327 3144 3623 3198 ostendunt

2041 3229 2304 3287 terribiles
2330 3238 2384 3283 et
2408 3229 2687 3291 ridiculas.
2719 3245 2838 3301 qua:
2871 3239 3057 3288 natura
3101 3247 3205 3285 non
3233 3241 3359 3291 sunt
3402 3234 3617 3297 terrori.

2038 3319 2135 3374 sed
2180 3319 2509 3387 simplicibus
2546 3319 2738 3377 animis
2780 3319 2914 3376 tales
2956 3319 3220 3385 videntur,
3260 3336 3624 3390 tuagnumque

2038 3410 2205 3469 risum
2237 3418 2454 3469 movent
2483 3427 2496 3462 :
2528 3410 2605 3467 sic
2633 3408 2801 3467 Judaei
2838 3410 3079 3465 rudiores
3100 3410 3434 3466 Christianos
3457 3412 3625 3467 larvis

2038 3502 2148 3559 suis
2189 3501 2456 3559 territant.
2512 3500 2791 3567 Quomodo
2836 3503 2977 3557 enim
3031 3503 3275 3557 terricula
3325 3505 3434 3558 sint
3477 3506 3621 3573 apud

2039 3590 2183 3658 ipsos
2206 3604 2288 3652 ea,
2316 3605 2435 3659 quae
2457 3606 2648 3660 magno
2673 3591 2937 3647 dedecore
2961 3602 3014 3649 et
3036 3593 3146 3647 risu
3172 3593 3328 3661 plena
3349 3633 3364 3654 .
3391 3610 3625 3664 qumque

2042 3678 2317 3732 hominum
2354 3679 2792 3748 impingentium,
2833 3694 2953 3735 cum
2985 3681 3270 3750 ignominia
3300 3681 3623 3750 rejectormu

2041 3778 2096 3824 et
2122 3768 2490 3833 damnatorum
2515 3771 2676 3825 sunt?

2110 3861 2165 3914 4.
2193 3860 2381 3915 Nostra
2421 3861 2561 3917 haud
2607 3870 2729 3917 sunt
2776 3864 2898 3917 talia
2932 3879 2947 3915 :
2978 3861 3070 3917 sed
3113 3878 3298 3918 revera
3340 3862 3620 3927 terribilia,

2040 3960 2096 4007 et
2135 3951 2372 4008 horroris
2411 3953 2587 4021 plena.
2627 3952 2729 4008 Ubi
2771 3955 2913 4023 enim
2959 3954 3100 4009 Deus
3141 3963 3223 4009 est
3267 3955 3355 4024 qui
3397 3956 3521 4009 vitm
3556 3971 3626 4011 ac

2040 4042 2187 4101 necis
2225 4050 2538 4111 potestatem
2581 4042 2757 4107 habet,
2786 4043 2833 4098 is
2866 4043 3013 4097 locus
3036 4053 3117 4098 est
3143 4044 3390 4099 terribilis
3406 4044 3622 4116 (Manli.

2043 4134 2131 4190 10.
2175 4134 2311 4205 18):
2343 4135 2431 4188 ubi
2477 4148 2751 4189 sermones
2798 4134 3057 4189 habentur
3098 4136 3285 4197 inﬁniti
3335 4137 3404 4192 de
3448 4140 3627 4206 poenis

2041 4223 2279 4287 aeternis,
2307 4223 2374 4281 de
2398 4223 2702 4279 ﬂuminibus
2746 4224 2947 4293 igneis,
2993 4224 3062 4279 de
3104 4236 3362 4281 venenato
3398 4242 3623 4293 verme,

2041 4312 2110 4367 de
2137 4313 2359 4369 vinculis
2398 4314 2569 4380 rumpi
2614 4314 2828 4377 nesciis,
2851 4313 2920 4368 de
2958 4313 3197 4368 tenebris
3249 4318 3621 4376 exterioribus

2045 4401 2064 4470 (
2087 4400 2172 4456 Id.
2200 4401 2292 4456 22.
2326 4402 2395 4457 15
2419 4403 2458 4471 ).
2507 4402 2588 4458 llli
2625 4417 2753 4457 vero
2799 4402 2931 4457 nihil
2971 4402 3159 4457 horum
3197 4419 3265 4457 ne
3307 4405 3627 4459 somniando

2046 4492 2260 4562 quidem
2291 4494 2494 4557 sciunt,
2529 4493 2697 4547 ventri
2725 4493 2923 4561 dediti,
2953 4496 3305 4563 praesentibus
3330 4496 3619 4561 inhiantes,

2046 4584 2222 4651 porcis
2246 4585 2516 4653 hircisqne
2541 4584 2708 4637 nihilo
2728 4585 2976 4640 meliores
2996 4600 3102 4654 pra:
3123 4587 3334 4640 lascivia
3353 4586 3629 4656 nimiaque

2044 4674 2279 4743 crapula.
2315 4674 2531 4743 Hocque
2560 4690 2721 4728 unum
2759 4682 2975 4739 norunt,
3003 4676 3178 4730 ventri
3223 4675 3447 4740 servire,
3490 4679 3628 4732 ebrii

2044 4779 2183 4830 esse,
2215 4779 2312 4832 pro
2334 4764 2673 4820 saltatoribus
2697 4766 2967 4829 contundi,
2994 4781 3091 4836 pro
3117 4768 3314 4836 aurigis
3333 4770 3626 4823 vulnerari.

2046 4854 2292 4909 l-laeecine
2333 4864 2455 4908 sunt
2491 4855 2670 4924 gravia
2698 4864 2753 4909 et
2777 4856 3072 4910 terribilia?
3102 4856 3233 4921 Quis
3260 4857 3362 4910 hoc
3391 4858 3627 4911 dixerit?

2047 4943 2200 5000 Unde
2241 4958 2369 5013 ergo
2407 4946 2558 4999 nobis
2594 4945 2703 4998 visa
2751 4953 2876 4998 sunt
2924 4946 3197 5013 terribilia,
3228 4946 3328 5001 nisi
3356 4956 3411 5000 et
3438 4962 3625 5002 servos

2047 5033 2330 5101 ignominia
2356 5042 2586 5097 notatos,
2610 5033 2799 5102 quibus
2828 5034 2970 5087 nulla
2994 5043 3080 5088 est
3101 5036 3351 5103 loquendi
3380 5037 3617 5097 libertas,

2046 5123 2244 5191 quique
2262 5122 2421 5176 domo
2449 5124 2603 5177 herili
2628 5125 2959 5191 exciderunt,
2992 5126 3181 5180 terrori
3208 5140 3330 5180 esse
3357 5127 3507 5181 dicas
3538 5128 3619 5189 iis,

2047 5212 2136 5280 qui
2178 5220 2306 5265 sunt
2351 5214 2592 5266 honorati
2618 5221 2671 5266 et
2697 5214 2938 5268 libertate
2982 5217 3240 5269 utuntur?
3276 5216 3473 5271 Verum
3511 5218 3625 5273 htcc

2047 5316 2153 5354 non
2171 5301 2240 5354 ita
2252 5315 2311 5356 se
2333 5300 2547 5367 habent,
2565 5316 2669 5356 non
2690 5302 2761 5358 ita
2783 5318 2911 5358 sane
2925 5318 2984 5358 se
3004 5305 3277 5360 habent.Si
3292 5307 3507 5375 quidem
3524 5324 3622 5362 nec

2047 5404 2301 5457 cauponae
2338 5391 2500 5460 regiis
2534 5391 2671 5446 aulis
2703 5390 2973 5462 digniores
2995 5405 3154 5460 sunt;
3180 5395 3304 5464 quin
3331 5396 3626 5450 diversorio

2047 5481 2234 5549 quovis
2278 5482 2427 5538 locus
2461 5481 2753 5553 Synagogaa
2805 5483 3136 5540 iubonestior
3175 5495 3276 5540 est.
3317 5485 3434 5540 Non
3484 5488 3622 5542 enim

2051 5568 2338 5637 latronum,
2383 5586 2555 5642 neque
2595 5588 2892 5645 cauponum
2933 5575 3266 5646 simpliciter,
3290 5576 3385 5633 sed
3430 5580 3625 5637 dzctuo
