3866 6226
271 281 374 339 847

271 401 453 462 μενων
478 387 754 459 γυναικῶν
779 387 1067 460 συρφετὸν,
1089 387 1152 441 :6
1180 387 1405 458 θέατρον
1433 389 1578 442 ἀπαν
1600 389 1694 442 καὶ
1721 389 1844 453 τοὺς

267 471 376 522 ἀπὸ
406 471 506 539 τῆς
539 471 742 538 σκηνῆς
765 469 844 530 εἰς
869 467 966 538 τὴν
996 467 1316 537 συναγωγὴν
1347 468 1662 539 ἐπισύρουσι
1685 484 1699 498 ⁸
1725 467 1849 520 θεά-

265 564 398 618 τρου
429 547 538 616 γάρ
577 546 670 598 καὶ
706 547 1028 614 συναγωγῆς
1075 546 1227 598 οὐδὲν
1269 547 1329 598 :6
1364 547 1544 616 μέσον.
1589 548 1699 598 Καὶ
1731 543 1846 598 οἶδα

271 626 371 695 μὲν
397 624 480 676 ὄτι
513 623 657 685 τινὲς
685 622 888 693 τόλμαν
928 623 1397 691 καταγινώσκουσι
1425 624 1518 676 τοῦ
1561 624 1739 693 λόγου,
1762 624 1848 677 ’ὅτι

267 700 444 765 εἷπον,
478 701 723 771 Θεάτρου
755 701 849 755 καὶ
882 703 1205 772 συναγωγῆς
1238 703 1389 756 οὐδὲν
1428 705 1488 755 τὸ
1525 705 1706 774 μέσον·
1739 703 1850 771 ἐγὼ

265 781 324 835 66
349 780 528 833 αὐτῶν
550 781 755 850 τόλμαν
779 781 1174 848 καταγινώσκω
1202 793 1250 844 α,
1282 782 1378 833 ἐὰν
1423 783 1496 853 μὴ
1525 782 1668 835 οὕτω
1693 781 1848 852 νομί-

268 861 454 923 ζωσιν.
475 861 534 911 Εἰ
551 859 649 928 μὲν
666 861 774 930 γὰρ
788 860 999 913 οἴκοθεν
1020 861 1412 930 ἀποφαίνομαι,
1433 860 1741 928 κατάγνωθι
1761 876 1776 890 ·
1802 862 1850 912 εἰ

266 937 324 990 δὲ
347 937 441 990 τοῦ
459 940 738 1008 προφήτου
768 937 910 1006 λέγω
924 939 992 992 τα
1011 940 1250 1009 ῥήματα,
1267 940 1415 1005 δέξαι
1431 941 1528 1012 τὴν
1557 940 1846 1008 ἀπόφασιν.

340 1017 408 1082 γ’.
431 1013 562 1070 Οἶδα
589 1020 671 1070 6::
693 1016 879 1069 πολλοὶ
899 1017 1172 1070 αἰδοῦνται
1201 1019 1505 1081 Ἰουδαίους,
1531 1021 1625 1071 καὶ
1648 1019 1850 1088 σεμνὴν

268 1095 582 1164 νομίζουσιν
613 1088 752 1145 εἶναι
787 1093 882 1163 τὴν
913 1093 1136 1145 ἐκείνων
1171 1095 1444 1149 πολιτείαν
1475 1095 1568 1148 νῦν
1591 1113 1602 1124 ·
1645 1095 1726 1148 6:6
1753 1094 1850 1165 τὴν

268 1171 518 1243 ὀλεθρίαν
552 1171 820 1239 ὑπόληψιν
863 1171 1158 1242 πρόρριζον
1195 1173 1505 1226 ἀνασπάσαι
1539 1174 1848 1243 ἐπείγομαι.

270 1249 315 1300 Ε
340 1267 440 1305 πον
469 1253 551 1304 ὅτι
589 1251 820 1320 θεάτρου
851 1253 883 1320 ὴ
917 1252 1202 1322 συναγωγὴ
1230 1253 1378 1304 οὐδὲν
1404 1254 1623 1322 ἄμεινον
1650 1253 1855 1306 διάκει-

268 1345 381 1394 ται,
419 1331 512 1383 καὶ
538 1331 645 1383 ἀπο
672 1332 949 1399 προφήτου
985 1331 1215 1400 παράγω
1249 1332 1346 1402 τὴν
1379 1333 1681 1403 μαρτυρίαν
1707 1348 1720 1361 ·
1755 1335 1854 1385 οῦκ

271 1411 410 1464 εἰσὶν
447 1409 688 1461 Ἰουδαῖοι
724 1409 832 1460 τῶν
863 1409 1155 1477 προφητῶν
1193 1410 1638 1480 ἀξιοπιστότεροι.
1673 1409 1736 1461 Τί
1761 1407 1854 1463 οὖν

270 1493 300 1541 6
356 1491 639 1560 προφήτης
689 1488 883 1556 φησίν;
934 1490 1108 1555 ὀρ-ις
1156 1492 1385 1555 πόρνης
1430 1489 1670 1557 ἐγένετό
1719 1506 1850 1542 σοι’

269 1568 862 1634 ἀπηναισχύνττισας
901 1569 1044 1632 πρὸς
1096 1567 1345 1634 πάντας.
1389 1569 1559 1622 Ἔνθα
1590 1568 1644 1620 66
1681 1569 1855 1639 πόρνη

270 1650 500 1717 ἕστηκεν
529 1647 577 1708 δ,
616 1647 864 1716 πορνεῖόν
914 1648 1060 1698 ἐστιν
1103 1649 1131 1698 ό
1167 1647 1363 1710 τόπος·
1411 1647 1608 1717 μᾶλλον
1639 1648 1693 1700 δὲ
1735 1649 1856 1718 οὐχὶ

272 1730 525 1796 πορνεῖον
554 1727 648 1778 καὶ
677 1727 905 1794 θέατρον
943 1726 1100 1794 μόνον
1134 1727 1280 1778 ἐστὶν
1316 1729 1348 1795 η
1383 1726 1695 1796 συναγωγὴ,
1722 1727 1855 1780 ἀλλά

272 1808 369 1859 καὶ
397 1807 662 1875 σπήλαιον
687 1805 921 1876 λῃστῶν,
946 1805 1040 1856 καὶ
1066 1805 1408 1872 καταγώγιον
1434 1806 1638 1875 Θηρίων
1659 1825 1670 1835 ·
1697 1805 1856 1872 23.71}-

270 1890 450 1938 λαιον
480 1889 618 1956 γὰρ,
671 1886 870 1954 φησὶν,
922 1885 1138 1949 ὑαίνης
1185 1885 1423 1949 ἐγένετό
1467 1903 1567 1952 μοι
1620 1889 1651 1938 ό
1695 1882 1858 1950 οἶκος

272 1963 459 2030 ὑμῶν·
478 1964 597 2015 οὐδέ
613 1961 798 2024 ἀπλῶς
813 1961 1021 2032 θηρίου,
1043 1962 1179 2012 ἀλλα
1196 1962 1260 2030 θη
1271 1962 1383 2031 ρίου
1402 1963 1729 2032 ἀκαθάρτου.
1748 1965 1858 2016 Καὶ

273 2043 458 2106 πάλιν,
496 2041 718 2109 Ἄφῆκα
747 2042 854 2093 τὸν
873 2037 1044 2092 οἶκόν
1067 2057 1208 2108 μου,
1233 2041 1706 2106 ἐγκαταλέλοιπα
1743 2043 1857 2108 τὴν

271 2122 680 2190 κληρονομίαν
707 2137 846 2188 μου.
879 2121 1047 2172 Ὅταν
1063 2120 1119 2172 δὲ
1145 2121 1173 2170 6
1195 2120 1328 2181 Θεὸς
1354 2121 1487 2190 ἀφῇ,
1526 2123 1655 2174 ποία
1675 2121 1858 2174 λοιπὸν

275 2201 550 2270 σωτηρίας
585 2198 770 2263 ἐλπίς;
808 2199 977 2249 Ὅταν
1005 2199 1033 2248 6
1083 2198 1214 2260 Θεὸς
1254 2199 1388 2268 ἀφῇ,
1421 2199 1690 2268 δαιμόνων
1729 2217 1858 2254 κατ-

271 2280 590 2348 οικητήριον
618 2277 824 2345 γίνεται
867 2278 1042 2328 ἐκεῖνο
1077 2276 1137 2327 τὸ
1179 2277 1393 2347 χωρίον.
1440 2277 1598 2331 Ἀλλά
1641 2280 1857 2341 πάντως

273 2358 514 2428 ἐροῦσιν,
547 2358 629 2410 6::
668 2355 763 2408 καὶ
799 2356 953 2407 αὑτοί⁴
977 2355 1068 2406 τὸν
1098 2356 1227 2407 Θεὸν
1259 2357 1686 2424 προσκυνοῦσιν·
1724 2359 1859 2410 ἀλλὰ

275 2440 353 2508 μὴ
385 2437 594 2506 γένοιτο
621 2435 779 2486 τοῦτο
811 2434 1016 2484 είπεῖνί
1050 2434 1238 2495 Οὐδεὶς
1272 2434 1522 2497 Ἰουδαῖος
1563 2439 1859 2505 προσκυνεῖ

272 2519 364 2570 τὸν
395 2516 546 2570 Θεόν.
588 2515 684 2576 Τίς
724 2512 900 2565 ταῦτά
945 2528 1140 2579 φησιν;
1185 2513 1241 2564 '0
1273 2513 1400 2576 Υἱὸς
1448 2516 1541 2567 τοῦ
1582 2515 1738 2568 Θεοῦ.
1791 2519 1858 2569 Εἰ

271 2599 382 2649 τὸν
396 2595 628 2662 Πατέρα
656 2593 766 2660 γάρ
791 2609 910 2659 μου
945 2591 1157 2659 ᾔδειτε,
1183 2594 1505 2661 φησὶ,κὰμὲ
1536 2596 1730 2662 ᾔδειτε
1759 2596 1855 2650 ἄν·

271 2679 413 2728 οὔτε
445 2674 512 2726 δὲ
540 2673 644 2741 ἐμὲ
679 2671 899 2732 οἴδατε,
937 2671 1075 2722 οὔτε
1104 2676 1210 2722 τοι·
1239 2673 1467 2739 Πατέρα
1488 2691 1607 2741 μου
1635 2676 1856 2728 οἴδατε.

275 2755 440 2808 Ποίαν
455 2751 656 2821 ταύτης
683 2750 1129 2819 ἀξιοπιστοτέραν
1147 2751 1451 2820 μαρτυρίαν
1475 2754 1782 2822 παραγάγω
1801 2763 1822 2789 ο
1843 2769 1858 2811 ξ

347 2837 410 2887 Εἰ
444 2833 624 2885 τοίνυν
659 2830 750 2880 τὸν
784 2829 1004 2899 Πατέρα
1037 2829 1310 2896 ἀγνοοῦσι,
1359 2831 1450 2880 τὸν
1493 2831 1618 2882 Υἰον
1667 2832 1860 2883 ἐσταύ-

275 2926 482 2982 ρωσαν,
523 2905 618 2958 τοῦ
657 2903 970 2972 Ιινεύματος
1009 2905 1108 2974 τὴν
1149 2904 1400 2974 βοήθειαν
1432 2907 1858 2975 ἀπεκρούσαντο,

273 2981 358 3052 τ.ς
387 2989 486 3041 ούκ
514 2987 578 3038 ἂν
605 2981 822 3054 θαρρῶν
850 2984 1223 3052 ἀποφήνηται,
1250 2984 1357 3035 τῶν
1389 2985 1660 3053 δαιμόνων
1691 3004 1860 3039 κατα-

273 3071 475 3138 γώγιον
510 3062 647 3118 εἶναι
679 3065 769 3116 τὸν
802 3063 1002 3126 τόπον;
1036 3064 1108 3113 U6
1147 3067 1530 3133 προσκυνεῖται
1565 3066 1696 3128 Θεὸς
1727 3069 1859 3130 ἐκεῖ,

277 3149 356 3220 μὴ
411 3146 656 3214 γένοιτοο
705 3142 821 3194 ἀλλ’
872 3141 1318 3212 εἰδωλολατρείας
1348 3145 1521 3194 ἐκεῖνο
1572 3144 1631 3195 :6
1666 3146 1863 3216 χωρίον

274 3227 464 3280 λοιπόν
495 3221 648 3295 [5911
671 3223 821 3272 ἐστιν
842 3237 854 3248 ·
883 3219 997 3272 ἀλλ’
1032 3221 1181 3289 ὅμως
1210 3221 1354 3283 τινὲς
1379 3221 1454 3282 ὼς
1478 3226 1696 3290 σεμνοῖς
1725 3223 1866 3275 ἐκεί-

275 3324 388 3370 νοις
418 3309 531 3367 τοῖς
552 3304 738 3362 τόποις
773 3300 1123 3369 προσέχουσι.

348 3388 462 3440 Καὶ
487 3384 660 3436 ταῦτα
693 3381 816 3449 ούχὶ
847 3380 1240 3450 στοχαζόμενος
1271 3381 1434 3448 λέγω,
1477 3382 1592 3434 ἀλλ’
1625 3386 1761 3452 αὐτῇ
1797 3389 1862 3456 τῇ

278 3470 450 3538 πείρᾳ
474 3463 680 3535 μαθών.
705 3463 814 3513 Καὶ
831 3460 940 3530 γὰρ
964 3461 1072 3532 ,πρὸ
1091 3460 1295 3513 τούτων
1327 3461 1433 3514 τῶν
1454 3464 1619 3532 τριῶν
1643 3466 1866 3534 ἡμερῶν

279 3544 653 3616 (πιστεύσατε,
665 3543 726 3592 06
748 3539 1038 3608 ψεύδομαι)
1058 3540 1291 3606 γυναῖκά
1315 3557 1434 3592 τινα
1451 3543 1762 3612 εὐσχήμονα
1775 3547 1867 3598 καὶ

277 3625 595 3695 ἐλευθέραν,
623 3621 858 3689 κοσμίαν
895 3621 989 3671 καὶ
1015 3621 1231 3689 πιστὴν,
1258 3616 1396 3671 εἶδον
1419 3623 1867 3693 ἀναγκαζομένην

279 3706 388 3760 ὑπό
425 3719 568 3764 τινος
607 3698 802 3770 μιαροῦ
861 3700 953 3750 καὶ
1001 3699 1360 3768 ἁναισθήτου,
1397 3701 1676 3766 δοκοῦντος
1732 3700 1868 3756 εἶναι

279 3779 615 3854 Χριστιανοῦ
648 3779 750 3848 (06
789 3777 896 3844 γὰρ
927 3777 994 3830 ἂν
1036 3783 1248 3847 ειποιμι
1282 3778 1372 3830 τὸν
1401 3779 1470 3830 τὰ
1497 3781 1719 3832 τοιαῦτα
1753 3783 1871 3834 τολ-

284 3864 475 3934 μῶντα
513 3858 838 3929 Χριστιανὸν
872 3856 1197 3926 εἰλικρινῆ),
1231 3859 1312 3920 εἰς
1347 3857 1414 3909 τά
1456 3860 1562 3911 τῶν
1608 3861 1872 3930 Ἐϐραίων

281 3940 572 4001 εἰσελθεῖν,
607 3936 770 3988 κάκεῖ
816 3939 1118 4004 παρασχεῖν
1177 3936 1338 4004 ὅρκον
1375 3939 1501 4004 περὶ
1545 3939 1650 3989 τῶν
1701 3941 1874 4008 ἀμφι.

285 4017 672 4089 σϐητουμένων
701 4011 850 4082 αὐτῷ
885 4013 1228 4083 πραγμάτων
1249 4030 1262 4043 °
1305 4013 1379 4074 ὡς
1409 4013 1465 4064 66
1501 4015 1872 4084 προσελθοῦσα

284 4103 320 4169 ὴ
354 4097 492 4167 γυνὴ
521 4095 653 4166 7:96;
689 4093 1008 4162 συμμαχίαν
1038 4094 1248 4169 ἐκάλει,
1269 4095 1362 4144 καὶ
1393 4093 1489 4162 τὴν
1518 4095 1715 4163 ἄνομον
1753 4096 1872 4164 βίαν

283 4167 581 4232 κωλῦσαιιὶ
628 4171 784 4242 ηξίου
839 4173 938 4239 (06
971 4172 1080 4242 γὰρ
1129 4167 1266 4223 εἶναι
1314 4173 1531 4239 θεμιτὸν
1578 4176 1714 4242 αύτῇ
1765 4175 1872 4226 τῶν

286 4258 450 4309 θείων
511 4252 860 4323 μετασχούσῃ
915 4251 1272 4320 μυστηρίων,
1330 4251 1466 4321 πρὸς
1531 4253 1736 4304 ἐκεῖνον
1784 4253 1875 4304 τὸν

284 4336 453 4388 τόπον
479 4333 712 4402 ἐλθεῖν),
750 4330 1091 4401 ἐμπρησθεὶς
1125 4326 1219 4382 οὖν
1255 4331 1357 4382 67:6
1386 4329 1550 4399 ζήλου
1575 4353 1609 4394 ,ι
1627 4334 1725 4383 καὶ
1773 4349 1876 4384 πυ-

289 4414 512 4487 ρωθεὶς,
542 4413 634 4464 καὶ
657 4411 974 4472 διαναστὰς,
1005 4409 1209 4480 ταύτην
1244 4410 1342 4478 μὲν
1371 4410 1470 4460 οὑκ
1498 4411 1655 4462 εἴασα
1692 4411 1876 4466 λοιπὸν

289 4497 386 4547 ἐπὶ
413 4493 512 4561 τὴν
541 4488 885 4560 παρανομίαν
916 4489 1242 4557 ἑλκυσθῆναι
1274 4489 1508 4558 ἐκείνην,
1543 4489 1827 4559 ἐξήρπασα
1852 4502 1874 4528 ε

285 4574 348 4626 66
367 4573 467 4641 τῆς
487 4571 674 4622 ἀδίκου
698 4567 901 4636 ταύτης
931 4567 1255 4636 ἀπαγωγῆς.
1289 4569 1437 4620 Ἐπεί
1461 4567 1518 4620 66
1541 4567 1630 4620 :6v
1652 4568 1878 4622 ἕλκοντα

287 4653 507 4724 ἠρόμην
561 4653 609 4701 εἰ
663 4647 987 4718 Χριστιανὸς
1028 4647 1144 4716 εἴη,
1196 4648 1448 4708 κάκεῖνος
1495 4646 1874 4717 ὡμολόγησεν,

289 4729 592 4798 ἐπεκείμην
646 4726 888 4796 σφοδρῶς
911 4765 924 4786 ,
975 4725 1328 4793 ἀναισθησίαν
1369 4724 1617 4792 ἐγκαλῶν
1651 4728 1745 4778 καὶ
1780 4728 1879 4800 τὴν

291 4810 529 4879 ἐσχάτην
558 4809 772 4868 ἄνοιαν,
810 4807 904 4858 καὶ
944 4805 1078 4857 ὄνων
1107 4804 1259 4856 οὐδὲν
1302 4805 1524 4874 ἄμεινον
1577 4806 1876 4858 διακεῖσθαι

291 4893 497 4960 ελεγον,
522 4893 569 4942 εί
595 4890 686 4941 τὸν
716 4889 948 4958 Χριστὸν
970 4887 1142 4955 λέγων
1166 4891 1511 4958 προσκυνεῖν,
1539 4890 1629 4939 ἐπὶ
1650 4888 1719 4939 τὰ
1743 4891 1880 4957 σπη-

289 4973 422 5027 λαια
447 4971 556 5022 τῶν
599 4968 886 5028 Ἰουδαίων,
919 4967 1028 5018 τῶν
1063 4969 1491 5037 σταυρωσάντων
1523 4967 1705 5030 αὐτὸν,
1733 4968 1880 5020 ’έλκοι

291 5049 442 5104 τινα·
469 5049 564 5100 καὶ
584 5047 792 5117 μακρὸν
817 5047 1101 5098 κατέτεινα
1122 5046 1256 5116 7:96;
1284 5047 1444 5098 αὑτὸν
1468 5046 1641 5114 λόγον,
1667 5048 1880 5115 πρῶτον

297 5130 420 5197 μὲν,
443 5129 523 5180 6::
550 5127 610 5178 06
641 5125 798 5196 θέμις
824 5126 957 5188 ὅλως
981 5126 1362 5196 ὀμνύναι,οὑδὲ
1387 5126 1631 5196 ἀνάγκην
1655 5127 1882 5192 ἐπάγειν

293 5206 777 5279 ὅρκων,διδάσκων
811 5207 918 5258 ἀπὸ
943 5206 1052 5257 τῶν
1083 5206 1242 5259 θείων
1269 5204 1613 5273 Εὐαγγελίων
1633 5222 1644 5234 ·
1670 5207 1878 5271 ἔπειτα,

401 5359 508 5406 Duo
531 5371 645 5406 mss.
659 5356 844 5404 habent
861 5359 1038 5419 τόλμαν
1058 5359 1234 5416 μᾶλλον
1255 5374 1445 5418 καταγ.,
1468 5357 1641 5405 elSav.
1661 5359 1709 5405 in
1730 5371 1880 5418 marg.

359 5417 390 5458 δ
414 5420 539 5468 Tres
560 5433 673 5470 mss.
699 5417 982 5481 προέστηκε.

364 5481 390 5511 ⁸
425 5481 508 5530 Sic
531 5481 683 5531 Savil.
709 5478 760 5527 ii:
787 5489 946 5537 textu,
990 5478 1166 5527 Morel.
1212 5485 1264 5526 et
1288 5481 1495 5527 maxima
1532 5493 1645 5539 pars
1662 5493 1808 5538 mss.;
1835 5478 1882 5528 in

298 5554 451 5602 marg.
480 5548 652 5592 autem
669 5541 818 5590 Savll.
843 5549 896 5590 ei
911 5544 1008 5603 duo
1030 5543 1376 5603 mﬁapciiw.
1405 5540 1528 5588 Infra
1548 5542 1744 5600 quidam
1765 5555 1881 5589 mss.

298 5601 672 5667 ἀποφῂναιτοζτὸ
695 5603 949 5667 δαιμόνιον.
990 5601 1114 5650 Infra
1327 5603 1490 5667 τόποις
1513 5604 1880 5667 προστρέχολδσι.

365 5662 570 5712 ειέωίι.
596 5662 667 5713 “ει
701 5662 920 5724 quinque
957 5676 1071 5710 mss.
1097 5664 1178 5710 καὶ
1220 5664 1304 5720 τὴν
1329 5665 1505 5724 ἄνομον
1542 5662 1644 5724 βίαν
1666 5662 1883 5724 κώλῦσαι

305 5726 456 5789 (quod
480 5722 786 5789 tgcepimuis).
826 5722 994 5789 Morel.
1038 5731 1090 5772 et
1125 5725 1209 5772 alii
1253 5726 1334 5771 καὶ
1369 5722 1454 5780 τὴν
1482 5722 1678 5784 ἀνομίαν
1721 5722 1879 5771 κωλῦ-

300 5785 386 5839 σαι
411 5793 460 5844 (a
478 5785 646 5848 Manli.
671 5785 872 5845 editum)

367 5851 386 5873 ⁸
405 5848 505 5901 Alii
529 5844 726 5907 ἐκείνην·
756 5844 862 5898 ἀλλ’
881 5848 1137 5910 ἐξὴρπασα.
1176 5846 1296 5897 ibid.
1322 5847 1406 5897 alii
1432 5847 1509 5894 ἐπὶ
1533 5847 1582 5894 δέ
1602 5844 1683 5892 τὸν
1704 5845 1804 5893 ἕλκ.

1465 274 1837 332 ADVERSUS
1873 274 2179 334 JszEOS.
2199 277 2237 333 Ι.

3429 275 3530 329 8ίὸ

1948 393 2030 445 6::
2055 393 2116 445 06
2148 393 2310 463 μόνον
2332 389 2349 428 ί
2379 390 2502 462 οὐχὶ
2523 392 2722 462 πιστὴν
2748 391 2840 446 καὶ
2872 389 3252 461 μεμυημένην,
3279 387 3392 441 ἀλλ’
3413 390 3535 445 0666

1949 472 2196 542 ἀμύητόν
2217 487 2338 524 τινα
2363 472 2499 542 7:96;
2521 471 2726 540 ταύτην
2746 470 2925 523 ἕλκειν
2947 469 3113 538 ἐχρῆν
3143 467 3239 538 την
3269 468 3533 538 ἀνάγκην.

1963 550 2049 611 Ὠς
2075 550 2132 602 δὲ
2169 549 2419 614 ἐξέϐαλον
2458 549 2546 602 διὰ
2590 549 2802 602 πολλῶν
2832 548 2926 601 καὶ
2968 545 3196 616 μακρῶν
3233 545 3404 614 λόγων
3437 545 3537 616 τὴν

1953 627 2377 698 πεπλανημένην
2408 629 2666 681 ὑπόνοιαν
2698 630 2797 696 τῆς
2829 628 3039 680 ἐκείνου
3072 625 3268 695 ψυχῆς,
3307 623 3536 695 ὴρώτων

1949 705 2046 776 τὴν
2074 707 2274 767 αἰτίαν,
2309 709 2376 760 δι’
2397 707 2464 776 ἥν
2492 708 2590 778 τὴν
2627 707 2956 776 Ἐκκλησίαν
2995 705 3175 773 ἀφεὶς,
3207 703 3300 755 ἐπὶ
3332 703 3400 756 τὰ
3427 701 3536 756 τῶν

1964 783 2227 854 Ἐϐραίων
2261 783 2406 838 εἷλκε
2436 787 2460 824 Β
2497 786 2766 855 συνέδρια.
2808 788 2866 838 ὐ
2893 785 2950 838 66
2994 784 3221 845 πολλοὺς
3261 783 3366 851 ἔφη
3400 782 3536 851 πρὸς

1951 863 2112 915 αὑτὸν
2147 864 2448 932 εἰρηκέναι,
2477 864 2885 935 φοϐερωτέρους
2919 865 3042 926 τοὺς
3074 865 3190 914 ἐκεῖ
3219 861 3536 930 γινομένους

1950 943 2146 1012 ὅρκους
2185 938 2346 996 εἶναι.
2383 943 2506 994 Ἐπὶ
2530 944 2740 1004 τούτοις
2765 941 3049 1004 ἐστέναξα,
3078 942 3170 993 καὶ
3192 938 3536 1009 ἐνεπρήσθην

1953 1022 2058 1074 67:6
2089 1021 2286 1091 θυμοῦ,
2327 1023 2420 1074 καὶ
2459 1022 2598 1091 μετά
2625 1020 2798 1074 ταῦτα
2839 1021 3042 1088 ἐγέλων
3077 1020 3260 1074 πάλιν.
3296 1018 3406 1088 Τὴν
3441 1017 3538 1091 μέν

1952 1100 2060 1170 γὰρ
2105 1089 2199 1152 τοῦ
2238 1089 2484 1154 διαϐόλου
2530 1101 2864 1170 κακουργίαν
2897 1099 3037 1169 δρῶν
3059 1139 3072 1161 ,
3103 1097 3417 1160 ἐστέναζον,
3449 1089 3538 1147 οἷα

1951 1180 2076 1240 τοὺς
2102 1177 2424 1248 ἀνθρώπους
2449 1179 2763 1231 ἀναπείθειν
2799 1178 2986 1248 ἴσχυσε
3007 1194 3021 1207 ·
3056 1178 3153 1248 τὴν
3186 1177 3241 1228 δὲ
3265 1173 3538 1246 ρᾳθυμίαν

1952 1257 2058 1310 τῶν
2085 1258 2464 1326 ἀπατωμένων
2487 1257 2852 1327 λογιζόμενος,
2873 1257 3299 1327 ἐνεπιμπράμην
3321 1255 3424 1306 ὑπὸ
3442 1251 3536 1306 τοῦ

1954 1335 2127 1405 θυμοῦ
2149 1354 2160 1366 ·
2195 1337 2285 1389 καὶ
2329 1337 2425 1407 τὴν
2472 1338 2656 1390 ἄνοιαν
2684 1337 2845 1390 πάλιν
2874 1338 2983 1390 τῶν
3021 1337 3409 1406 ἀπατηθέντων
3437 1333 3536 1400 ὅση

1954 1417 2048 1468 καὶ
2081 1416 2242 1484 ἡλίκη
2276 1433 2360 1478 τις
2407 1413 2475 1485 ἦν
2510 1418 2728 1468 σκοπῶν
2749 1457 2764 1481 ,
2801 1417 3023 1485 ἐγέλων.
3067 1416 3109 1466 Τ
3113 1414 3253 1467 αῦτα
3280 1413 3337 1465 66
3389 1407 3540 1463 εἷπον

1956 1495 2091 1564 πρὸς
2123 1495 2266 1563 ὑμᾶς
2309 1496 2404 1546 καὶ
2463 1495 2814 1565 διηγησάμην
2845 1538 2857 1560 ,
2907 1494 3094 1564 ἐπειδὴ
3148 1494 3285 1563 7:96;
3320 1493 3445 1553 τοὺς
3473 1490 3545 1541 τά

1953 1571 2178 1626 τοιαῦτα
2213 1574 2307 1625 καὶ
2337 1573 2626 1634 ποιοῦντας
2663 1574 2758 1624 καὶ
2801 1573 3111 1642 πάσχοντας
3158 1569 3543 1638 ἀπανθρώπως

1957 1653 2050 1706 καὶ
2081 1652 2399 1721 ἀναλγήτως
2427 1651 2702 1703 διάκεισθε
2725 1667 2736 1679 ·
2781 1651 2886 1704 κᾶν
2922 1651 3067 1719 ἴδητέ
3101 1665 3225 1702 τινα
3257 1648 3365 1699 τῶν
3391 1645 3544 1698 ἀδελ-

1959 1732 2075 1798 φῶν
2100 1730 2206 1783 τῶν
2239 1731 2521 1798 ὑμετέρων
2561 1732 2638 1790 εἰς
2689 1729 3036 1798 παρανομίας
3093 1728 3348 1787 τοιαύτας
3381 1725 3544 1794 ἐμπί-

1958 1827 2182 1872 πτοντα,
2201 1808 2508 1877 ἀλλοτρίαν,
2533 1808 2632 1858 οὐκ
2655 1808 2862 1859 οἰκείαν
2891 1807 3108 1875 ἡγεῖσθε
3134 1805 3232 1876 τὴν
3258 1803 3542 1874 συμφορὰν

1957 1883 2121 1947 εἶναι,
2141 1888 2238 1940 καὶ
2269 1886 2405 1956 πρὸς
2434 1886 2560 1946 τοὺς
2585 1884 2954 1952 ἐγκαλοῦντας
2983 1883 3366 1950 ἀπολογεῖσθαι
3391 1881 3545 1950 νομί-

1958 1967 2101 2030 ζετε,
2133 1964 2403 2031 λέγοντες,
2443 1963 2594 2031 Ἐμοὶ
2627 1964 2735 2032 γὰρ
2764 1963 2814 2013 τί
2853 1963 3033 2032 μέλει;
3057 1963 3138 2024 τίς
3160 1963 3214 2014 δέ
3248 1979 3336 2031 μοι
3366 1961 3543 2027 κοινῆς

1959 2043 2094 2112 πρὸς
2124 2043 2326 2094 ἐκεῖνόν
2353 2042 2468 2092 ἐστι
2506 2041 2660 2106 λόγος
2687 2057 2700 2100 ;
2729 2041 2962 2108 ἐσχάτης
3005 2039 3420 2109 μισανθρωπίας
3451 2039 3545 2090 καὶ

1959 2122 2264 2190 Σατανικῆς
2304 2118 2587 2187 ὠμότητος
2622 2118 2985 2186 φθεγγόμενοι
3020 2119 3047 2157 ιι
3079 2120 3317 2188 ῥήματα.
3361 2118 3426 2168 Τί
3458 2115 3546 2166 λέ-

1959 2216 2077 2267 γεις
2098 2215 2111 2261 ;
2148 2198 2435 2267 ἄνθρωπος
2457 2195 2551 2251 ῶν.
2579 2199 2672 2248 καὶ
2695 2196 2794 2265 τῆς
2820 2198 2989 2267 αὐτῆς
3014 2197 3284 2250 κοινωνῶν
3309 2195 3543 2264 φύσεως,

1963 2276 2164 2347 μᾶλλον
2193 2274 2269 2339 66,
2306 2276 2353 2325 εἰ
2385 2275 2464 2325 δεῖ
2502 2274 2718 2341 φύσεως
2752 2279 3042 2330 κοινωνίαν
3073 2276 3269 2338 εἰπεῖν,
3303 2273 3546 2341 κεφαλὴν

1963 2355 2089 2425 μίαν
2123 2353 2261 2422 έχων
2295 2353 2386 2404 τὸν
2423 2351 2677 2422 Χριστὸν,
2708 2352 2911 2422 τολμᾷς
2945 2354 3141 2415 εἰπεῖν,
3176 2352 3255 2403 ὅτι
3282 2351 3433 2403 οὐδέν
3465 2366 3546 2401 σοι

1961 2434 2137 2488 κοινόν
2172 2435 2286 2484 ἐστι
2321 2432 2456 2501 7:96;
2486 2433 2554 2484 τὰ
2589 2431 2723 2501 μέλη
2757 2432 2827 2483 τά
2868 2431 2976 2498 σάς
3009 2431 3127 2494 Πῶς
3159 2425 3251 2482 οὖν
3285 2429 3377 2480 τὸν
3410 2430 3546 2499 Χρι-

1964 2513 2087 2566 στὸν
2132 2512 2414 2581 ὁμολογεῖς
2457 2511 2519 2562 σὺ
2561 2511 2798 2580 κεφαλὴν
2845 2507 2989 2564 εἶναι
3037 2509 3134 2576 τῆς
3182 2507 3545 2575 Ἑκκλησίαςς

1963 2593 2057 2645 καὶ
2085 2591 2195 2660 γὰρ
2224 2593 2256 2656 ἡ
2288 2589 2497 2658 κεφαλὴ
2531 2590 2706 2641 πάντα
2730 2592 2798 2641 τά
2833 2589 2964 2658 μέλη
2993 2589 3284 2640 συνάπτειν
3314 2586 3546 2652 πέφυκε,

1963 2670 2219 2736 καὶπρὸς
2262 2667 2433 2720 ἐλυτά
2465 2667 2604 2735 μετά
2634 2669 2919 2737 ἀκριϐείας
2967 2666 3317 2736 ἐπιστρέφειν
3354 2681 3413 2715 τε
3454 2665 3550 2714 καὶ

1965 2747 2192 2801 συνδεῖν.
2225 2746 2289 2796 Εἰ
2314 2744 2371 2796 66
2405 2746 2570 2813 μηδὲν
2601 2746 2780 2797 κοινὸν
2805 2745 2949 2814 ἔχεις
2982 2745 3118 2809 7:96;
3143 2744 3204 2794 :6
3243 2742 3400 2811 μέλος
3432 2757 3548 2798 σου,

1961 2828 2082 2881 0666
2107 2825 2241 2895 7:96;
2277 2823 2367 2874 τὸν
2402 2823 2631 2892 ἀδελφόν
2668 2841 2762 2876 σου
2803 2824 2947 2893 ἔχεις
2979 2839 3032 2874 τι
3065 2823 3268 2884 κοινὸν,
3308 2819 3428 2871 0666
3457 2835 3550 2870 κε-

1965 2905 2138 2973 φαλὴν
2171 2903 2314 2972 ἔχεις
2342 2903 2430 2953 τὸν
2466 2903 2719 2972 Χριστόν.
2758 2901 2842 2964 Ὠς
2873 2902 3058 2955 παιδία
3096 2900 3267 2970 μικρά
3294 2897 3552 2966 φοϐοῦσιν

1964 2987 2107 3054 ὑμᾶς
2141 2981 2416 3047 Ἰουδαῖοι,
2451 2985 2545 3033 καὶ
2589 2985 2690 3034 οὐκ
2743 2981 3083 3035 αἰσθάνεσθε.
3137 2976 3551 3054 Καθάπερ-γαρ

1965 3052 2072 3124 τοῖς
2127 3061 2358 3122 παιδίοις
2405 3059 2634 3121 ἐκείνοις
2687 3062 3004 3130 προσωπεῖα
3045 3055 3200 3130 [592]
3243 3052 3551 3130 δεικνύντες

1967 3141 2172 3212 φοϐερὰ
2203 3139 2296 3191 καὶ
2327 3137 2708 3204 καταγέλαστα
2734 3129 2846 3189 τῶν
2871 3129 3084 3207 μιαρῶν
3110 3131 3336 3186 οἰκετῶν
3367 3129 3553 3212 πολλοί

1969 3208 2066 3289 (ού
2101 3208 2208 3286 γάρ
2242 3219 2358 3268 ἐστι
2407 3214 2569 3283 φύσει
2603 3215 2846 3285 φοϐερὰ,
2881 3213 3016 3267 ἀλλά
3065 3213 3151 3266 διὰ
3189 3212 3248 3263 τὸ
3283 3209 3498 3268 ειτελες
3530 3208 3546 3246 ί

1965 3300 2065 3369 τῆς
2084 3296 2320 3357 διανοίας
2339 3295 2562 3346 τοιαῦτα
2581 3294 2856 3362 φαίνεται)
2880 3294 3046 3346 πολὺν
3084 3289 3294 3345 κινοῦσι
3317 3289 3548 3369 γέλωτω

1965 3366 2107 3429 οὕτω
2131 3376 2194 3445 δὴ
2224 3375 2317 3426 καὶ
2338 3376 2464 3432 τοὺς
2497 3372 2890 3442 ἀτελεστέρους
2919 3370 3027 3423 τῶν
3057 3366 3397 3439 Χριστιανῶν
3430 3382 3554 3435 μορ-

1969 3454 2326 3526 μολύττονται
2363 3451 2623 3504 Ἰουδαῖοι.
2662 3451 2784 3512 Πῶς
2820 3452 2928 3522 γάρ
2957 3449 3025 3502 τὰ
3072 3449 3201 3519 παρ’
3239 3447 3418 3506 αὐτοῖς
3459 3459 3554 3512 φο-

1971 3523 2130 3602 ϐερὰ,
2169 3533 2236 3582 τα
2273 3530 2474 3599 πολλῆς
2506 3529 2768 3600 αἰσχύνης
2798 3531 2893 3582 καὶ
2921 3528 3157 3594 γέλωτος
3191 3528 3449 3595 γέμοντα,
3487 3523 3556 3575 τά

1971 3614 2078 3664 τῶν
2108 3608 2650 3680 προσκεκρουκότων,
2693 3609 2760 3659 τά
2785 3607 2894 3658 τῶν
2924 3606 3310 3676 ἠτιμωμένων,
3345 3602 3414 3655 τά
3447 3602 3552 3654 τῶν

1973 3691 2279 3744 καταδίκων
2306 3705 2320 3752 ;

2044 3773 2106 3825 δ’.
2143 3767 2282 3822 Ἀλλ’
2309 3768 2368 3820 o6
2398 3766 2466 3820 τὰ
2495 3766 2740 3836 ἡμέτερα
2761 3766 3003 3830 τοιαῦτα,
3029 3765 3143 3818 ἀλλ’
3162 3764 3328 3826 δντως
3357 3766 3560 3835 φοϐερὰ

1976 3852 2071 3905 καὶ
2097 3851 2295 3918 φρίκης
2331 3848 2633 3916 ἀνάμεστα.
2658 3845 2826 3896 Ἔνθα
2848 3846 2956 3914 γάρ
2979 3846 3109 3906 Θεός
3147 3846 3262 3894 ἐστι
3299 3843 3441 3911 ζωῆς
3464 3841 3557 3892 καὶ

1975 3917 2207 3982 θανάτου
2238 3925 2482 3990 ἐξουσίαν
2510 3924 2672 3992 ἒχων,
2705 3920 2858 3986 06:0;
2890 3922 3118 3992 φοϐερὸς
3153 3924 3181 3974 6
3211 3921 3371 3982 τόπος
3392 3938 3404 3950 ·
3430 3917 3558 3972 ἐνθά

1978 4008 2164 4077 μυρίοι
2192 4005 2321 4074 περὶ
2355 4003 2626 4054 κολάσεων
2653 4001 2936 4054 ἀθανάτων
2960 4001 3127 4068 λόγοι,
3161 4000 3290 4070 περὶ
3318 4000 3558 4077 τῶνπυ-

1977 4075 2138 4160 ρίνων
2188 4081 2488 4151 ποταμῶν,
2527 4083 2655 4151 περὶ
2700 4081 2794 4133 τοῦ
2848 4079 3128 4150 σκώληκος
3173 4078 3268 4130 τοῦ
3325 4075 3556 4137 ίοϐόλου,

1975 4157 2104 4234 περὶ
2137 4163 2246 4216 τῶν
2277 4160 2493 4230 δεσμῶν
2529 4161 2638 4212 τῶν
2673 4161 2998 4231 ἀρρήκτων,
3033 4159 3160 4228 περί
3188 4157 3283 4210 τοῦ
3333 4157 3558 4216 σκότους

1975 4245 2069 4298 τοῦ
2098 4241 2389 4313 ἐξωτέρου.
2428 4241 2656 4296 Ἐκεῖνοι
2677 4241 2736 4292 66
2759 4239 2964 4292 τούτων
2994 4239 3092 4308 μὲν
3121 4237 3273 4290 οὐδὲν
3303 4236 3407 4288 οὐδ’
3429 4236 3560 4303 ὄναρ

1978 4326 2141 4390 ἴσασι,
2162 4326 2226 4392 τῇ
2254 4321 2454 4390 γαστρὶ
2486 4319 2709 4384 ζῶντες,
2731 4319 2868 4387 πρὸς
2888 4319 2956 4369 τὰ
2977 4317 3219 4386 παρόντα
3255 4317 3563 4386 κεχηνότες,

1977 4405 2086 4457 ὑῶν
2119 4406 2211 4456 καὶ
2238 4403 2456 4471 τράγων
2489 4400 2638 4452 οὐδὲν
2667 4399 2887 4468 ἄμεινον
2917 4397 3270 4466 διακείμενοι,
3297 4397 3436 4448 κατά
3468 4395 3560 4446 τὸν

1977 4485 2074 4554 τῆς
2109 4481 2400 4548 ἀσελγείας
2443 4479 2598 4544 λόγον
2646 4479 2742 4530 καὶ
2781 4479 2881 4545 τὴν
2913 4477 3010 4544 τῆς
3047 4476 3358 4546 ἀδηφαγίας
3389 4475 3559 4541 ὑπερ-

1979 4563 2176 4632 ϐολήν·
2232 4561 2289 4612 ἓν
2337 4559 2394 4610 66
2430 4560 2749 4610 ἐπίστανται
2801 4557 2983 4626 μόνον,
3027 4554 3420 4624 γαστρίζεσθαι
3467 4554 3562 4606 καὶ

1983 4641 2224 4711 μεθύειν,
2255 4639 2395 4705 ὑπὲρ
2427 4637 2709 4706 ὀρχηστῶν
2740 4634 3202 4696 κατακόπτεσθαι,
3241 4635 3380 4703 ὑπὲρ
3413 4633 3560 4701 ἡνιό-

1979 4710 2088 4790 χων
2115 4715 2604 4789 τραυματίζεσθαι.
2641 4715 2826 4767 Ταῦτα
2871 4710 2988 4774 οὖν,
3029 4713 3152 4765 εἰπέ
3215 4729 3336 4782 μοι,
3388 4710 3563 4782 σεμνὰ

1979 4803 2074 4854 καὶ
2103 4799 2344 4869 φοϐερά;
2371 4797 2466 4848 καὶ
2489 4797 2570 4858 τίς
2596 4795 2662 4848 ἂν
2685 4790 2844 4848 τοῦτο
2867 4795 3009 4848 εἴποι
3031 4810 3044 4858 ;
3071 4793 3241 4846 Πόθεν
3262 4790 3355 4846 οῦν
3384 4797 3550 4862 ἠμῖνι

1979 4881 2164 4945 ἔδοξαν
2205 4875 2343 4930 εἶναι
2373 4876 2601 4946 φοϐερὰ,
2644 4875 2782 4946 πλὴν
2807 4877 2853 4927 εἰ
2892 4874 2966 4945 μὴ
2997 4874 3090 4926 καὶ
3125 4875 3251 4936 τοὺς
3282 4876 3564 4944 ἠτιμωμέ-

1981 4977 2102 5018 νους
2131 4959 2239 5011 τῶν
2273 4956 2517 5021 οἰκετῶν,
2538 4958 2630 5008 καὶ
2661 4957 2785 5016 τοὺς
2809 4955 3312 5024 ἀπαρρησιάστους,
3344 4953 3436 5005 καὶ
3461 4955 3562 5024 τῆς

1979 5040 2308 5109 δεσποτικῆς
2359 5039 2535 5101 οἰκίας
2567 5039 2934 5100 ἐκπεσόντας,
2986 5040 3252 5110 φοϐερούς
3294 5057 3378 5104 τις
3420 5035 3559 5093 εἶναι

1980 5123 2127 5188 λέγοι
2153 5121 2262 5182 τοῖς
2296 5117 2643 5187 εὐδοκιμοῦσι
2669 5117 2765 5170 καὶ
2794 5120 3110 5188 παρρησίαν
3135 5121 3381 5189 ἐχουσιν;
3423 5120 3560 5171 Ἀλλ’

1980 5203 2080 5254 οὐκ
2110 5200 2224 5251 ἐστι
2248 5197 2440 5261 ταῦτα,
2470 5197 2571 5248 οὐκ
2603 5195 2780 5248 ἐστιν’
2811 5197 2932 5249 ἐπεὶ
2962 5199 3094 5266 μηδὲ
3135 5201 3425 5268 πανδοχεῖα
3454 5199 3564 5251 τῶν

1985 5281 2285 5352 βασιλικῶν
2318 5277 2496 5331 αὐλῶν
2530 5275 2862 5346 σεμνότερα,
2898 5279 3097 5346 μᾶλλον
3141 5278 3328 5330 δὲκαὶ
3365 5279 3560 5331 πανδοο

1982 5361 2128 5430 χείου
2155 5358 2356 5420 παντὸς
2388 5358 2713 5428 ἀτιμότερον
2742 5358 2804 5410 τὸ
2855 5360 2953 5426 τῆς
2998 5356 3321 5426 συναγωγῆς
3363 5357 3562 5428 χωρίον

2050 5537 2066 5573 ί
2093 5539 2176 5587 Sic.
2195 5551 2321 5587 unus
2359 5539 2464 5587 cod.
2496 5539 2549 5588 lu
2571 5541 2681 5588 aliis
2704 5540 2930 5589 omnibus
2950 5548 3050 5586 lum
3075 5539 3210 5596 edd.,
3235 5543 3338 5586 tum
3361 5550 3476 5586 mss.
3504 5540 3559 5587 οὐ

1985 5601 2124 5664 μόνον
2135 5600 2294 5664 ᾀβοει.
2310 5599 2408 5664 8εᾴ
2425 5601 2509 5648 illo
2523 5615 2582 5649 ex
2592 5615 2651 5662 pu
2661 5611 2772 5650 nclo
2784 5604 2940 5650 oratio
2955 5615 3153 5662 prorsus
3165 5615 3328 5650 manca
3347 5600 3559 5651 videmr.

2048 5664 2072 5701 8
2097 5660 2196 5709 Alii
2223 5674 2332 5710 cum
2357 5661 2528 5710 Morel.
2557 5660 2632 5710 ἐπὶ
2656 5665 2715 5711 τά
2740 5664 2920 5711 τούτων
2940 5660 3082 5712 εἷλκε.

2043 5722 2072 5786 1}
2097 5723 2207 5786 {Hii
2222 5724 2540 5786 φθεγγόμενος,
2565 5725 2644 5772 alii
2667 5726 2982 5786 φθεγγόμενοι.

2051 5785 2070 5823 ι
2100 5783 2250 5831 Savil.
2278 5791 2330 5831 el
2353 5783 2550 5845 qUidam
2577 5783 2693 5834 mss’.
2716 5783 2794 5833 διά
2814 5783 2868 5833 τὸ
2891 5787 3070 5839 ἀτελές.

2053 5846 2066 5897 i
2101 5845 2202 5894 Alii
2227 5845 2358 5908 ὑμῖν,
2389 5852 2442 5896 ει
2465 5859 2575 5896 mox
2601 5848 2808 5912 φοϐεροί,
2832 5861 2919 5910 pro
2939 5851 3130 5914 σοϐρρά.
