3866 6226
217 274 323 330 849

221 414 351 454 num
391 406 476 454 est
522 396 794 453 habitatio.
824 395 935 452 lmo
982 411 1086 450 non
1135 394 1427 468 Synagoga:
1470 397 1662 459 solum,
1706 395 1800 449 sed

220 488 351 558 ipsa:
374 489 533 544 etiam
558 487 861 543 Iudaeorum
889 486 1079 540 animae
1112 502 1125 539 :
1152 487 1293 556 quod
1319 486 1574 540 orationis
1593 487 1802 556 epilogo

221 577 460 633 conabor
482 578 867 632 demonstrare.
893 577 1068 645 Quare
1092 592 1185 632 vos
1212 577 1415 643 hortor,
1442 587 1499 631 ut
1524 576 1678 646 hujus
1704 594 1796 647 po-

227 672 491 726 tissimum
534 669 931 738 disceptationis
973 669 1339 723 memineritis.
1388 668 1505 724 Non
1548 670 1691 724 enim
1735 668 1802 723 ad

218 761 653 827 ostentationem,
686 775 856 829 neque
901 769 1115 828 propter
1157 760 1468 830 applausum
1500 774 1641 813 nunc
1664 758 1801 812 dici-

221 867 344 906 mus
369 869 384 906 :
411 852 505 907 sed
535 863 587 906 ut
617 851 924 907 medeamur
950 852 1141 905 animis
1170 853 1378 907 vestris.
1419 850 1550 905 Nam
1580 852 1697 920 quis
1724 858 1806 904 est

222 942 373 997 vobis
393 958 571 998 sermo
594 943 951 997 excusationis
986 943 1251 1012 reliquus,
1283 945 1327 998 si
1359 946 1410 997 in
1442 953 1585 997 tanta
1632 942 1801 998 medi-

221 1048 406 1088 corum
436 1047 586 1101 cepa
613 1032 774 1101 aliqui
804 1033 1098 1102 a‘groteut?

297 1124 468 1195 Major
489 1141 608 1194 pars
635 1124 771 1178 urbis
799 1124 1078 1178 Antiochia
1104 1123 1389 1177 Christiana
1414 1134 1541 1177 erat.
1562 1153 1634 1163 —
1658 1123 1802 1177 Duo-

224 1216 398 1271 decim
445 1225 596 1270 erant
636 1214 884 1286 apostoli,
912 1224 967 1270 et
992 1216 1296 1269 universum
1326 1214 1578 1269 mundmn
1606 1214 1807 1269 allexe-

225 1317 353 1364 runt
379 1326 393 1362 :
425 1307 594 1377 major
638 1322 761 1377 pars
785 1307 932 1362 urbis
955 1318 1038 1362 est
1061 1307 1387 1373 Christiana,
1418 1316 1471 1361 et
1494 1306 1666 1362 adhuc
1686 1307 1805 1376 qui-

225 1400 349 1455 dam
402 1399 591 1458 morbo
634 1398 890 1454 Judaismi
949 1398 1214 1453 laborant.
1265 1398 1327 1452 Et
1369 1412 1471 1467 qua
1533 1412 1632 1452 nos
1692 1398 1807 1452 sani

226 1490 537 1545 defensione
560 1488 805 1544 utemur?
833 1489 981 1559 Digni
1011 1504 1141 1543 sane
1178 1488 1336 1544 etiam
1377 1488 1561 1558 aegroti
1590 1488 1660 1542 illi
1686 1499 1809 1551 sunt

225 1579 450 1636 crimine
493 1597 506 1632 :
549 1579 642 1635 sed
689 1594 860 1648 neque
906 1595 1003 1633 nos
1041 1594 1290 1634 vacamus
1336 1580 1528 1648 culpa,
1580 1579 1707 1648 ipsis
1754 1580 1805 1634 in

228 1670 417 1724 morbo
438 1670 714 1740 neglectis.
735 1669 833 1723 Vix
863 1671 1002 1724 enim
1029 1685 1091 1724 ac
1119 1686 1187 1724 ne
1217 1670 1301 1723 vix
1328 1670 1540 1739 quidem
1571 1671 1614 1725 si
1644 1671 1809 1725 multa

230 1772 413 1817 nostra
438 1778 563 1817 cura
595 1763 914 1827 fruerentur,
939 1763 1133 1816 inlirmi
1163 1777 1281 1818 esse
1311 1773 1607 1832 pergerent.
1627 1763 1802 1830 Quare

228 1853 524 1922 anticipans
565 1852 680 1907 haac
706 1867 845 1906 nunc
874 1853 1013 1917 dico,
1042 1862 1101 1906 ut
1126 1852 1348 1922 quilibet
1370 1861 1605 1906 vestrum
1644 1861 1809 1905 attra-

229 1942 322 1996 hat
350 1942 588 2007 fratrem,
618 1944 778 1997 etiam
804 1942 849 1996 si
875 1942 1162 1997 necessitas
1192 1940 1508 2010 imponenda
1536 1942 1624 2008 sit,
1650 1942 1808 1995 etiam

229 2035 275 2088 si
324 2035 406 2088 vis
446 2033 702 2098 facienda,
731 2034 890 2089 etiam
930 2033 973 2087 si
1008 2034 1344 2088 contumeliis
1380 2042 1435 2087 et
1469 2032 1810 2087 contentione

230 2126 389 2181 fuerit
414 2140 549 2195 opus
581 2142 595 2180 :
625 2140 836 2180 onmem
880 2132 1092 2179 moveto
1129 2124 1383 2194 lapidem,
1413 2124 1582 2192 ipsmn
1611 2133 1667 2177 ut
1694 2123 1811 2177 dia—

230 2217 339 2271 boli
377 2216 565 2285 laqueo
590 2215 812 2278 eximas,
854 2214 1152 2283 liberesque
1181 2229 1211 2267 a
1239 2214 1561 2267 commercio
1600 2228 1805 2276 eorum,

231 2307 323 2377 qui
366 2306 635 2361 Christum
675 2306 792 2361 neci
837 2305 1115 2360 dederunt.
1142 2305 1198 2361 Si
1229 2306 1437 2360 videres
1464 2306 1516 2359 in
1543 2306 1658 2360 foro
1687 2305 1807 2360 duci

230 2398 533 2467 quempiam
559 2396 624 2451 ad
666 2396 1001 2466 supplicium,
1048 2396 1253 2449 calculo
1287 2396 1433 2465 justo
1478 2396 1808 2462 damnatum,

230 2488 433 2557 tibique
472 2488 694 2543 liberum
736 2494 879 2541 esset
920 2485 988 2539 de
1034 2486 1298 2540 carnificis
1348 2486 1596 2541 manibus
1638 2487 1811 2554 ipsum

230 2592 439 2645 rapere,
470 2592 646 2631 annon
675 2575 885 2645 quidvis
912 2574 1137 2638 faceres,
1172 2585 1229 2629 ut
1252 2574 1640 2631 abduceretur?
1663 2574 1813 2631 Nunc

230 2683 351 2721 cum
382 2683 571 2723 cernas
599 2667 811 2722 fratrem
838 2675 983 2721 tuum
1011 2682 1116 2721 non
1141 2681 1169 2718 a
1196 2666 1403 2732 lictore,
1428 2667 1521 2721 sed
1548 2681 1576 2719 a
1603 2666 1813 2721 diabolo

236 2760 304 2815 ad
332 2760 643 2829 perditionis
685 2759 993 2814 barathrum
1020 2769 1204 2813 contra
1226 2758 1314 2828 jus
1342 2767 1397 2814 et
1422 2758 1501 2813 fas
1527 2759 1699 2822 trahi,
1727 2758 1811 2813 vel

232 2853 527 2919 symbolam
557 2854 792 2923 gravaris
816 2853 967 2916 dare,
993 2868 1096 2922 qua
1147 2852 1318 2921 ipsum
1364 2850 1651 2921 iniquitatis
1692 2850 1811 2904 vin~

231 2945 354 2999 culo
391 2945 610 2999 eximas.
646 2944 711 2997 Et
750 2942 1016 3012 quomodo
1052 2942 1207 2997 venia
1236 2941 1311 2996 sis
1339 2938 1683 3010 dignus?Sed
1712 2955 1805 2993 va-

231 3038 426 3092 lentior
463 3046 516 3091 te
556 3044 659 3101 est,
694 3043 747 3089 et
770 3035 1059 3104 potentior.
1110 3033 1235 3087 Mihi
1281 3033 1453 3101 ipsum
1495 3031 1805 3086 ostendito:

233 3127 525 3197 periculum
571 3125 760 3194 capitis
798 3124 990 3179 subibo
1028 3123 1222 3192 potius,
1252 3138 1410 3190 quam
1438 3131 1492 3175 ut
1521 3122 1691 3190 patiar
1719 3135 1809 3173 sa-

230 3231 445 3271 crorum
490 3214 637 3269 illum
692 3212 893 3283 ingredi
940 3212 1237 3277 vestibula,
1279 3212 1324 3265 si
1369 3211 1712 3279 pertinaciter
1759 3210 1811 3265 in

234 3307 509 3377 proposito
553 3305 825 3358 manserit.
850 3302 987 3371 Quid
1028 3302 1169 3356 enim
1202 3300 1298 3355 tibi
1325 3316 1446 3355 cum
1472 3301 1661 3360 libera,
1690 3315 1812 3355 cum

232 3396 433 3452 caelesti
476 3394 769 3450 Jerusalem
808 3391 1128 3447 commune?
1172 3389 1424 3461 Delegisti
1473 3400 1811 3457 terrestrem;

232 3501 355 3541 cum
385 3499 445 3538 ea
500 3483 698 3538 servito
728 3499 742 3536 :
772 3496 892 3535 nam
918 3486 973 3535 et
1009 3480 1120 3548 ipsa
1164 3494 1287 3535 cum
1329 3479 1452 3534 filiis
1492 3479 1603 3534 suis
1646 3479 1813 3534 servit

234 3575 527 3632 secundum
560 3572 801 3643 Apostoli
828 3572 986 3626 verba
1014 3570 1211 3640 (Colat.
1238 3572 1292 3625 4.
1312 3570 1429 3641 25).
1448 3569 1665 3641 Jejunas
1690 3586 1812 3626 cum

232 3664 475 3721 Judmis?
500 3664 715 3732 Depone
760 3662 935 3716 soleas
980 3676 1192 3732 quoque
1243 3676 1363 3715 cum
1408 3662 1544 3729 istis,
1562 3673 1616 3718 et
1658 3663 1813 3718 nudis

234 3758 287 3810 in
319 3757 431 3809 foro
458 3756 676 3824 pedibus
700 3755 912 3811 ambula
955 3756 1219 3825 particeps
1264 3754 1499 3810 indecori
1542 3765 1724 3826 gestus
1758 3764 1814 3811 et

233 3848 371 3901 risus
400 3862 605 3902 eorum.
632 3846 745 3901 Hoc
786 3846 926 3901 haud
975 3847 1150 3901 facere
1189 3846 1383 3916 gesties
1412 3865 1426 3901 :
1458 3848 1622 3915 pudet
1645 3848 1809 3913 enim,

234 3946 290 3991 et
318 3937 512 3991 rubore
532 3936 871 3991 sull'underis.
890 3934 1008 3990 Jam
1037 3935 1271 4005 gestibus
1298 3950 1483 3989 eorum
1506 3935 1585 3989 uti
1608 3935 1770 4003 pudet
1794 3953 1810 3991 :

236 4026 523 4095 impietatis
552 4040 679 4080 vero
702 4024 1012 4080 eorumdem
1043 4025 1218 4079 socius
1246 4039 1365 4079 esse
1392 4039 1496 4078 non
1518 4024 1811 4080 erubescis.

234 4116 373 4183 Quid
416 4124 595 4171 autem
627 4116 796 4170 venize
818 4114 1147 4183 impetrabis,
1177 4128 1299 4169 cum
1325 4114 1400 4168 sis
1428 4113 1813 4171 semichristia-

234 4206 371 4261 nus?
408 4205 463 4259 ln
490 4204 677 4274 capitis
715 4203 1002 4259 discrimen
1049 4205 1197 4273 prius
1239 4204 1515 4271 adducar,
1561 4205 1764 4259 credite
1793 4246 1809 4270 ,

234 4312 395 4367 quam
438 4297 601 4350 ullum
645 4296 939 4350 istiusmodi
966 4294 1153 4351 morbo
1180 4310 1493 4366 oppressum
1523 4296 1807 4366 negligam,

234 4388 284 4442 si
314 4386 531 4450 videro;
554 4386 635 4440 sin
663 4401 749 4440 me
775 4385 981 4452 latebit,
1016 4386 1155 4443 Deus
1179 4387 1395 4441 omnino
1411 4388 1669 4457 ignoscet.
1690 4387 1813 4441 Haec

234 4491 420 4532 secum
447 4476 671 4545 quisque
709 4476 869 4530 etiam
913 4484 1145 4530 vestrum
1192 4484 1420 4545 reputet,
1448 4491 1548 4531 nec
1585 4491 1697 4531 rem
1744 4477 1813 4530 ita

234 4566 412 4623 levem
437 4566 689 4635 quasique
704 4564 876 4620 obiter
894 4565 1181 4620 curandam
1202 4566 1486 4621 existimet.
1509 4566 1624 4621 Non
1644 4575 1817 4621 atten-

234 4656 393 4711 distis
420 4655 546 4724 quid
564 4656 616 4708 in
641 4668 791 4710 sacra
817 4655 1014 4725 Synaxi
1040 4655 1303 4710 Diaconus
1334 4655 1560 4711 subinde
1585 4656 1815 4711 clamet?

234 4747 344 4802 Alii
366 4748 495 4801 alios
521 4748 707 4800 noscite
733 4762 752 4799 :
776 4746 1044 4816 quomodo
1072 4747 1125 4800 in
1153 4746 1342 4802 fratres
1374 4747 1611 4803 studiose
1638 4747 1814 4816 inqui-

236 4836 389 4891 rendi
420 4836 719 4891 facultatem
742 4836 890 4890 vobis
912 4836 1178 4905 prtebeat?
1211 4837 1353 4891 ldem
1370 4838 1421 4891 in
1442 4838 1544 4892 illis
1568 4838 1812 4892 observa.

234 4927 292 4983 Si
322 4941 479 4995 quem
506 4926 751 4996 cognoris
767 4925 1125 4995 judaizantem
1145 4968 1159 4992 ,
1185 4926 1472 4995 prehende,
1498 4936 1678 4981 notum
1710 4926 1811 4990 fac,

234 5030 307 5070 ne
322 5015 460 5070 idem
478 5015 589 5084 ipse
602 5030 811 5087 quoque
828 5016 1115 5084 periculum
1132 5016 1343 5071 subeas.
1355 5016 1484 5070 Nam
1496 5026 1549 5071 et
1565 5017 1616 5070 in
1630 5018 1817 5070 castris

237 5115 563 5170 exterorum,
592 5106 636 5159 si
665 5104 783 5174 quis
829 5108 984 5162 miles
1014 5104 1443 5175 deprehendatur
1469 5107 1815 5162 barbarorum

238 5197 627 5266 Persarumque
656 5196 848 5263 fautor,
878 5214 985 5251 non
1013 5199 1125 5267 ipse
1149 5198 1321 5253 solum
1348 5197 1519 5266 capite
1546 5198 1813 5268 periclita-

238 5300 347 5349 tur,
372 5287 469 5341 sed
514 5288 732 5357 quilihet
771 5287 887 5357 ejus
909 5287 986 5342 rei
1034 5291 1298 5353 conscius,
1323 5302 1422 5342 nec
1445 5288 1566 5343 duci
1612 5288 1817 5343 exerci-

239 5397 326 5437 tus
352 5383 503 5438 illum
531 5384 779 5453 prodens.
812 5384 942 5440 Cum
972 5384 1128 5455 igitur
1152 5394 1207 5439 et
1234 5400 1327 5439 vos
1348 5386 1464 5440 sitis
1496 5384 1693 5441 Christi
1720 5403 1815 5440 ex-

238 5473 469 5536 ercitus,
515 5474 726 5529 curiose
767 5489 831 5529 ac
873 5474 1154 5544 diligenter
1196 5475 1476 5544 inquirite,
1526 5492 1649 5530 num
1698 5476 1818 5544 quis

236 5565 532 5633 alienigena
562 5567 711 5622 vobis
729 5567 795 5622 sit
814 5566 1102 5631 admixtus,
1128 5568 1349 5637 ejusque
1378 5584 1571 5623 nomen
1593 5567 1816 5635 deferte,

237 5670 351 5713 non
372 5666 432 5711 ut
454 5656 780 5719 decidamus,
804 5656 949 5714 velut
985 5657 1097 5725 illi;
1124 5671 1293 5727 neque
1323 5667 1381 5713 ut
1408 5672 1564 5728 pinna
1612 5658 1815 5729 suppli-

1428 283 1781 339 ADVERSUS
1817 282 2116 342 JUDASOS.
2158 287 2198 343 Ι.

3377 298 3483 353 850

1908 398 2060 453 ciove
2084 397 2378 454 afficiamus
2403 418 2417 455 :
2440 401 2534 456 sed
2567 414 2819 460 uterrore
2850 413 3005 476 atque
3026 404 3293 474 impietate
3314 406 3484 476 ipsum

1908 485 2213 550 liberemus,
2265 490 2577 561 penitusque
2625 504 2864 547 nostrum
2913 493 3215 551 reddamus.
3254 496 3405 564 Quod
3437 499 3482 552 si

1908 578 2109 641 nolitis,
2150 579 2484 650 scientesque
2531 582 2733 646 celetis,
2784 585 2999 641 easdem
3027 605 3153 653 vos,
3198 605 3329 658 quas
3378 590 3483 653 illi,

1910 683 2094 737 pinnas
2118 669 2337 725 daturos
2353 687 2491 733 esse,
2518 676 2680 742 probe
2706 676 2872 730 nostis
2897 719 2912 734 .
2940 678 3138 737 Paulus
3158 681 3485 749 (Rom.l.52)

1908 760 2105 816 etenim
2136 777 2241 816 non
2269 778 2363 817 eos
2406 765 2597 828 solmn,
2628 768 2715 834 qui
2761 766 2897 821 mala
2945 777 3271 837 perpetrant,
3300 786 3482 824 verum

1909 862 1963 905 et
2003 852 2385 922 approbatores
2442 870 2612 925 pmna:
2650 869 2705 910 et
2740 859 2999 926 supplicio
3036 859 3268 928 subjicit.
3316 862 3488 930 Atque

1909 945 2069 997 etiam
2099 946 2353 1013 propheta
2373 944 2590 1015 (Psafm.
2610 948 2697 1001 49.
2721 949 2810 1017 l8)
2842 964 2945 1004 non
2977 949 3121 1005 fures
3149 961 3372 1019 tomum,
3391 954 3488 1007 sed

1909 1046 1964 1091 et
2006 1052 2126 1090 cum
2172 1038 2273 1091 illis
2314 1048 2589 1093 currentes
2632 1040 2805 1095 eidem
2855 1056 3026 1111 preme
3067 1043 3282 1110 addicit,
3332 1045 3490 1114 idque

1910 1131 2121 1184 merito.
2152 1130 2282 1185 Nam
2305 1133 2392 1201 qui
2418 1134 2628 1201 culpam
2674 1134 2892 1189 alterius
2930 1138 3175 1191 conscius
3214 1138 3407 1193 occulit
3434 1149 3488 1193 et

1911 1221 2059 1289 tegit,
2086 1221 2339 1291 majorem
2384 1223 2457 1275 illi
2500 1223 2590 1277 dat
2630 1224 2888 1279 socordia:
2916 1241 3121 1293 ansam,
3150 1238 3306 1297 atque
3330 1244 3489 1284 secu-

1914 1313 2113 1366 riorem
2142 1313 2193 1366 in
2221 1313 2617 1369 committendis
2644 1315 2850 1369 delictis
2880 1317 3075 1370 reddit.

1982 1401 2037 1455 5.
2068 1400 2260 1455 Verum
2291 1402 2355 1456 ad
2384 1413 2617 1471 aagrotos
2659 1419 2843 1457 rursus
2874 1405 3221 1459 redeundum.
3252 1406 3493 1476 Cogitate

1912 1490 2089 1560 igitur,
2118 1491 2429 1561 quibuscum
2454 1492 2491 1545 ii
2520 1493 2898 1546 commercium
2944 1493 3193 1558 habeant,
3225 1496 3315 1565 qui
3354 1510 3494 1550 nunc

1911 1584 2161 1653 jejunant
2183 1602 2196 1637 :
2222 1599 2344 1637 cum
2368 1584 2437 1638 iis
2459 1588 2549 1652 qui
2569 1586 2896 1649 clamarunt,
2920 1585 3205 1656 Cruciﬁge,
3230 1587 3482 1655 cruciﬁge

1916 1675 2068 1745 (Luc.
2088 1674 2296 1739 23,20;
2313 1675 2403 1743 qui
2419 1676 2693 1738 dixerunt,
2716 1676 2944 1747 Sanguis
2967 1677 3081 1745 ejus
3114 1693 3268 1743 super
3295 1693 3414 1739 nos,
3430 1685 3480 1728 et

1911 1766 2218 1834 super/ilics
2242 1764 2681 1833 nostros(Matth.
2722 1766 2813 1820 27.
2844 1767 2931 1823 23.
2980 1768 3096 1837 25.)
3118 1766 3481 1838 Siquityran-

1911 1855 2055 1909 nidis
2079 1855 2344 1909 affectata:
2361 1856 2686 1909 reidamnati
2724 1865 2930 1919 essent,
2952 1856 3199 1926 nunquid
3220 1856 3481 1911 accedere

1910 1955 1965 1999 et
1999 1961 2304 2000 sermonem
2329 1962 2451 1999 cum
2473 1946 2579 2001 illis
2594 1945 2849 2002 conferre
2868 1946 3141 2002 auderes?
3173 1946 3289 2000 Non
3320 1947 3477 2015 equi-

1909 2033 2029 2088 dem
2052 2042 2201 2104 puto.
2234 2036 2430 2089 Annon
2458 2036 2625 2105 igitur
2645 2037 2969 2102 absurdum,
3000 2052 3097 2092 eos
3118 2038 3211 2106 qui
3238 2038 3290 2090 in
3311 2036 3482 2090 homi-

1908 2138 2030 2179 nem
2069 2126 2369 2194 peccarint,
2400 2134 2510 2179 tam
2545 2126 2791 2181 studiose
2821 2126 3047 2196 fugere;
3073 2143 3196 2182 cum
3222 2127 3289 2182 iis
3324 2142 3475 2191 vero,

1907 2214 1999 2283 qui
2018 2215 2400 2270 contumeliosi
2420 2216 2473 2270 in
2499 2216 2679 2286 ipsum
2699 2216 2867 2272 Deum
2892 2216 3136 2277 fuerunt,
3158 2218 3477 2273 societatem

1916 2301 2050 2355 inire
2080 2318 2094 2355 :
2123 2310 2176 2354 et
2216 2300 2525 2354 crucifixum
2572 2300 2897 2366 adorantes,
2947 2315 3066 2355 cum
3114 2302 3177 2355 iis
3219 2302 3308 2371 qui
3354 2303 3495 2356 cruci

1915 2390 2061 2445 illum
2089 2389 2308 2445 afﬁxere
2334 2390 2548 2444 feriari?
2574 2390 2725 2457 Quod
2752 2407 2854 2443 non
2882 2391 3165 2446 dementia:
3192 2392 3383 2456 solum,
3403 2393 3497 2447 sed

1915 2489 2167 2533 extrema:
2192 2479 2349 2532 etiam
2378 2487 2460 2533 est
2480 2479 2717 2532 insanire.
2747 2478 3006 2545 Quoniam
3056 2496 3184 2535 vero
3230 2482 3499 2536 nonnullis

1916 2572 2191 2643 Synagoga
2212 2586 2422 2641 quoque
2442 2572 2756 2626 venerabilis
2782 2572 2929 2627 locus
2945 2573 3170 2639 videtur,
3197 2576 3499 2629 necessario

1917 2677 2082 2731 pauca
2104 2662 2263 2716 etiam
2282 2670 2465 2715 contra
2485 2662 2599 2715 illos
2616 2662 2859 2717 dicenda.
2881 2663 2985 2716 Cur
2999 2664 3138 2717 enim
3159 2664 3330 2719 locum
3354 2666 3497 2718 illum

1918 2751 2270 2817 venerantiui,
2287 2753 2373 2820 qui
2392 2753 2831 2815 contemnendus,
2862 2752 3267 2816 abominandus,
3287 2763 3342 2808 et
3359 2754 3508 2809 unde

1915 2843 2259 2897 resiliendum
2307 2843 2490 2898 esset?
2528 2843 2658 2909 Lex,
2704 2846 2899 2911 inquis,
2945 2847 3178 2915 reposita
3222 2847 3291 2901 ibi
3318 2857 3423 2913 est,
3447 2855 3503 2899 et

1917 2932 2034 2985 libri
2066 2931 2378 3000 prephetici.
2429 2932 2564 3000 Quid
2612 2934 2759 2986 tum?
2803 2934 3019 2989 Librinc
3062 2936 3378 2999 istiusmodi,
3412 2934 3506 2988 ubi

1915 3033 2057 3087 sunt,
2086 3024 2204 3077 loco
2244 3025 2577 3079 sanctitatem
2624 3024 2937 3080 conferunt?
2980 3027 3344 3096 Nequaquam.
3392 3030 3499 3096 Ego

1915 3129 2045 3168 vero
2068 3114 2137 3168 ob
2165 3113 2267 3170 hoc
2295 3116 2464 3184 ipsum
2498 3115 2664 3184 magis
2690 3116 2775 3169 odi
2797 3116 3128 3186 Synagogam
3154 3133 3498 3188 aversorque,

1915 3204 2056 3273 quod
2084 3204 2369 3273 prophetas
2396 3206 2626 3272 habent,
2657 3222 2756 3261 nec
2801 3208 2866 3261 iis
2902 3208 3125 3263 credunt
3156 3226 3169 3261 :
3198 3210 3381 3267 literas
3418 3225 3501 3262 sa-

1916 3308 2035 3349 cras
2055 3296 2255 3363 legunt,
2274 3310 2373 3349 nec
2389 3295 2693 3349 testimonia
2719 3305 2997 3366 acceptant
3024 3316 3036 3351 :
3060 3298 3201 3369 quod
3225 3299 3499 3353 hominum

1916 3394 1999 3441 est
2045 3400 2203 3456 supra
2253 3385 2469 3441 modum
2517 3388 2912 3456 injuriosorum.
2956 3388 3233 3456 Nam,dic
3271 3390 3421 3455 mihi,
3455 3392 3500 3445 si

1916 3478 2277 3533 venerabilem
2310 3478 2616 3561 quemdam,
2645 3480 2927 3549 insignem,
2956 3490 3115 3550 atque
3142 3481 3400 3536 illustrem
3424 3483 3501 3535 vi-

1916 3585 2033 3623 rum
2059 3571 2108 3624 in
2136 3584 2431 3639 cauponam
2475 3571 2618 3636 duci,
2660 3582 2750 3625 aut
2788 3572 2839 3626 in
2866 3573 3171 3642 speluncam
3214 3574 3501 3639 latronum,

1917 3671 2099 3731 postea
2139 3663 2494 3726 contumeliis,
2537 3664 2872 3730 verberibus,
2906 3676 3066 3735 atque
3115 3667 3322 3736 injuriis
3363 3667 3502 3724 affici

1916 3756 2169 3808 extremis
2216 3769 2468 3809 cerneres
2505 3773 2518 3809 :
2562 3755 2945 3811 admirandane
2993 3758 3085 3811 tibi
3130 3768 3502 3827 caupona‘aut

1915 3845 2166 3913 spelunca
2202 3845 2489 3907 videretur,
2532 3860 2598 3899 eo
2635 3846 2776 3913 quod
2823 3847 3106 3914 prmclarus
3134 3847 3224 3902 ille
3251 3864 3503 3918 magnus-

1916 3951 2021 4004 que
2066 3937 2209 3990 intus
2255 3936 2480 3999 steterit,
2513 3944 2568 3990 et
2596 3938 2985 3993 contumeliose
3023 3947 3279 3994 tractatus
3314 3940 3503 3995 fuerit?

1916 4024 2030 4079 Non
2067 4024 2298 4079 arbitror
2322 4024 2605 4093 equidem;
2637 4027 2729 4079 sed
2760 4027 2858 4079 hac
2904 4027 3015 4095 ipsa
3046 4026 3113 4082 de
3153 4044 3309 4083 causa
3357 4030 3501 4084 illam

1916 4115 2247 4185 potissimum
2269 4114 2475 4169 odisses
2491 4126 2869 4185 aversatusque
2886 4131 3054 4172 esses.
3075 4117 3214 4171 Idem
3245 4117 3502 4187 judicium

1915 4205 1982 4261 de
2005 4204 2280 4276 Synagoga
2311 4213 2447 4260 esto.
2474 4204 2607 4259 Nam
2641 4204 2924 4275 prophetas
2962 4216 3017 4261 et
3058 4207 3272 4278 Moysen
3319 4224 3501 4265 secum

1917 4294 2041 4349 illuc
2060 4296 2431 4364 importarunt,
2464 4310 2570 4349 non
2600 4304 2655 4348 ut
2678 4295 3023 4361 honorarent,
3047 4296 3140 4350 scd
3169 4308 3223 4351 ut
3250 4296 3505 4367 injuriose

1916 4401 2143 4457 cumque
2163 4386 2447 4455 ignominia
2470 4394 2775 4440 tractarent.
2798 4385 2931 4440 Cum
2953 4386 3094 4440 enim
3117 4402 3212 4441 eos
3231 4387 3501 4443 Christum

1918 4476 2155 4540 novisse,
2178 4485 2233 4530 et
2251 4475 2319 4530 de
2342 4476 2457 4545 ejus
2481 4475 2711 4530 adventu
2738 4474 3025 4545 quidquam
3057 4475 3257 4530 dixisse
3286 4488 3500 4546 negent,

1917 4583 2019 4637 qua
2052 4567 2254 4637 majore
2278 4568 2468 4636 injuria
2494 4576 2691 4636 queant
2719 4578 2932 4620 sanctos
2950 4567 3068 4620 illos
3088 4566 3323 4632 afficere,
3344 4583 3502 4637 quam

1918 4658 2253 4721 accusando,
2302 4673 2455 4712 suum
2498 4658 2641 4726 ipsos
2683 4656 2963 4710 Dominum
3006 4657 3297 4722 ignorasse,
3326 4668 3381 4713 et
3402 4659 3503 4713 im-

1920 4744 2132 4814 pietatis
2173 4741 2348 4796 socios
2375 4740 2664 4794 asserendo
2687 4740 2710 4791 ?
2738 4741 2915 4805 Quare
2943 4739 3063 4792 ideo
3090 4740 3257 4809 magis
3281 4750 3334 4794 et
3359 4741 3504 4810 ipsos

1919 4843 1975 4889 et
1998 4834 2327 4905 Synagogam
2371 4831 2664 4897 oderimus,
2696 4831 2837 4900 quod
2868 4832 2919 4885 in
2949 4841 3161 4887 sanctos
3202 4832 3324 4888 illos
3367 4833 3503 4889 adeo

1918 4924 2336 4980 debacchentur.
2356 4922 2423 4976 At
2444 4921 2568 4992 quid
2585 4921 2651 4976 de
2668 4921 2813 4975 libris
2834 4936 2897 4976 ac
2914 4922 3043 4978 locis
3058 4922 3181 4977 dico
3197 4922 3220 4976 ?
3236 4922 3501 4993 Tempore

1918 5015 2389 5086 persequutionum
2416 5011 2693 5068 carniﬁces
2718 5026 2941 5082 corpora
2971 5024 3259 5083 martyrum
3286 5024 3497 5081 tenent,

1921 5105 2173 5170 lacerant,
2202 5103 2421 5172 flagellis
2450 5103 2659 5156 credunt
2691 5120 2704 5155 :
2734 5119 2856 5156 num
2900 5103 3057 5173 igitur
3086 5120 3271 5157 manus
3312 5120 3497 5159 eorum

1921 5204 2116 5251 sancta:
2139 5237 2155 5261 ,
2205 5194 2347 5264 quod
2386 5203 2679 5265 martyrum
2718 5208 2939 5263 corpora
3002 5196 3318 5249 tenuerint?
3356 5195 3499 5250 Nihil

1921 5290 2113 5343 minus.
2143 5287 2257 5342 Jam
2307 5300 2517 5351 manus,
2546 5302 2664 5353 qua:
2704 5296 3005 5341 sanctorum
3046 5302 3266 5356 corpora
3312 5296 3497 5341 tenue-

1922 5392 2063 5446 runt,
2082 5382 2255 5451 impiae
2276 5388 2511 5444 manent,
2528 5379 2647 5434 ideo
2668 5379 2846 5449 utique
2860 5379 2998 5448 quod
3018 5378 3177 5448 impie
3193 5388 3494 5444 tenuerunt;

1922 5486 1976 5531 et
2001 5474 2059 5537 ii,
2083 5476 2173 5545 qui
2197 5476 2389 5545 scripta
2424 5483 2727 5528 sanctorum
2758 5482 2983 5527 tractant
3001 5486 3122 5526 cum
3143 5471 3329 5540 tnjuria
3350 5514 3367 5535 ,
3390 5487 3498 5526 non

1923 5567 2097 5622 minus
2122 5581 2277 5634 quam
2304 5565 2577 5618 carniﬁces
2607 5571 2898 5632 martyrum
2926 5576 3145 5620 corpora
3164 5601 3181 5625 ,
3208 5561 3502 5614 venerandi

1926 5665 2201 5728 propterea
2230 5654 2422 5712 erunt?
2450 5655 2639 5708 Annon
2668 5658 2924 5709 extremae
2940 5650 3042 5706 hoc
3058 5647 3217 5705 fuerit
3238 5646 3500 5708 insaniae?
