3866 6226
407 299 507 359 851

409 424 465 485 Si
497 426 637 482 enim
665 434 865 479 tantum
914 419 1082 481 abest,
1110 415 1145 469 ii
1169 413 1335 469 sancti
1361 419 1418 465 ut
1445 406 1591 472 (iant,
1634 403 1723 473 qui
1764 406 1984 467 corpora

1158 300 1213 355 ε..
1243 290 1519 353 JOANNIS
1558 274 2030 345 CllRYSOSTOMI
2070 264 2385 330 ARCHIEF.
2424 269 2957 328 CONSTANTINOP.

3550 252 3675 306 852

2096 402 2238 443 cant.
2281 387 2412 441 Nam
2458 386 2651 440 inultos
2676 384 2864 439 ﬁdeles
2895 385 3019 438 illuc
3055 382 3348 438 asocndere
3375 382 3548 440 audivi
3569 427 3584 449 ,
3621 396 3678 441 et

412 474 922 585 ῧὲιιξίέῖοξιῖέέέιηι.
944 474 1008 563 ut
1044 474 1211 574 ιὲιηείε
1247 503 1406 556 etiam
1451 498 1750 566 ροιιιιειηιυν
1778 508 1793 545 τ
1826 488 1991 585 nm“?
2091 475 2747 585 i9:‘.‘i-'f’fi".‘3.."1"".‘.‘ff,'
2770 474 3111 585 ῗῖίὲὶὲῗέξν
3164 475 3576 585 ‘L‘.’°f_‘33}’.9‘.'f“.“_
3620 491 3680 585 Ψ

414 577 591 662 minus
614 605 804 672 scripta
830 602 944 656 sine
970 598 1073 652 fide
1102 598 1233 651 lecta
1256 591 1541 647 lectoribus
1565 577 1996 685 umquam-prod-

414 714 534 755 esse
560 705 826 768 poterunt.
859 693 968 746 Iloc
1017 691 1186 758 ipsum
1226 684 1382 754 igitur
1410 679 1626 748 majoris
1663 675 1781 730 illos
1808 675 1994 768 impie-

420 791 545 844 tatis
561 762 879 845 convincit,
922 781 1087 835 libros
1113 792 1176 832 eo
1204 773 1425 846 consilio
1470 768 1761 839 possidere.
1806 762 1984 862 Neque

419 879 560 933 enim
591 883 791 930 tantum
816 877 1144 925 mererentur
1158 866 1379 924 crimen,
1397 861 1440 914 si
1473 856 1844 928 protibctarum
1858 856 1996 905 scri-

421 969 526 1038 ptis
562 964 890 1023 caruissent;
930 970 1039 1013 non
1084 966 1190 1009 tam
1234 950 1423 1019 impuri
1460 956 1515 1002 et
1549 943 1751 1038 profani
1795 947 1994 1003 essent,

420 1035 519 1111 nisi
550 1054 710 1109 libros
756 1050 1026 1120 legissent.
1070 1045 1222 1099 Nunc
1262 1040 1400 1094 nulla
1430 1038 1557 1106 ipsis
1582 1035 1788 1133 reliquit
1803 1039 1882 1084 est
1909 1041 1999 1081 ve—

421 1148 530 1210 nia,
553 1156 824 1212 pulmones
843 1136 1079 1191 veritatis
1093 1149 1215 1221 cum
1243 1130 1568 1221 habeant,-et
1594 1133 1697 1177 tam
1720 1123 1829 1221 illis.
1843 1131 1998 1221 quam

421 1235 631 1289 veritati
656 1231 833 1285 hestili
859 1228 1036 1282 animo
1063 1215 1327 1279 resistant.
1348 1217 1604 1285 Quocirca
1614 1229 1680 1269 eo
1697 1215 1862 1279 magis
1883 1216 2002 1277 pro-

422 1326 527 1379 fani
550 1335 709 1392 atque
738 1321 926 1389 inrpuri
972 1324 1112 1378 sunt,
1143 1314 1282 1383 quod
1315 1308 1604 1382 prophetas
1637 1304 1849 1366 habent,
1878 1311 2000 1353 cos-

422 1429 524 1486 quo
572 1413 834 1468 hostiliter
881 1414 1122 1463 tractant.
1160 1404 1333 1470 Quare
1353 1408 1415 1454 ut
1456 1396 1662 1467 fugiatis
1699 1393 1925 1486 hortor,
1950 1395 2005 1441 et

423 1480 490 1562 ab
507 1518 694 1562 eorum
720 1498 1097 1556 conventiculis
1108 1493 1378 1549 resiliatis.
1402 1489 1514 1544 Non
1537 1493 1750 1556 parvum
1772 1481 1890 1534 hinc
1901 1480 2007 1532 fra-

427 1599 595 1650 tribus
614 1591 989 1648 inllnnioribus
1005 1587 1274 1646 damnum,
1294 1595 1392 1636 nec
1412 1577 1614 1632 modica
1632 1575 1740 1629 illis
1780 1572 1901 1624 hinc
1916 1581 2007 1621 su-

428 1685 621 1753 perbia:
645 1695 792 1735 ansa.
817 1679 947 1733 Nam
967 1677 1012 1730 si
1028 1674 1257 1728 viderint
1274 1683 1388 1733 vos,
1402 1669 1490 1761 qui
1506 1658 2007 1761 adoratisChristurn

427 1776 493 1828 ab
517 1766 1012 1842 ipsis-crucifixum,
1056 1761 1385 1819 eeremonias
1421 1759 1630 1855 illorum
1672 1757 1916 1855 persequi
1955 1757 2010 1802 et

434 1863 563 1917 ιιηιιί
586 1862 767 1916 facere
795 1875 808 1912 :
837 1854 1106 1926 quomodo
1134 1863 1238 1905 non
1265 1846 1669 1919 praeclarissime
1692 1846 1869 1896 omnia
1893 1854 1922 1892 a
1952 1853 2011 1892 se

431 1961 575 2021 gesta
596 1964 714 2004 esse
740 1948 1020 2016 putabunt,
1051 1951 1332 2008 nostraque
1356 1936 1550 1991 nullius
1578 1934 1730 2002 pretii
1754 1972 1769 1996 ,
1797 1946 1917 2021 cum
1945 1944 2010 1983 ea

430 2020 617 2095 cuiatis
636 2047 693 2092 et
718 2034 1012 2091 observetis
1052 2030 1285 2099 quidem,
1310 2027 1405 2082 sed
1438 2040 1560 2079 cum
1588 2026 1675 2087 iis,
1702 2022 1798 2091 qui
1824 2020 2009 2075 eadem

434 2133 730 2192 destrutnit,
762 2124 1023 2181 curratis?
1048 2124 1108 2177 Si
1151 2121 1283 2191 quis,
1311 2118 1481 2187 inquit
1508 2115 1809 2184 Apostolus,
1835 2113 2013 2167 uiderit

439 2234 486 2275 te
526 2221 612 2290 qui
659 2218 807 2272 habes
848 2216 1105 2270 scientiam
1140 2212 1190 2264 in
1221 2209 1386 2263 idolio
1413 2207 1779 2261 recumbente»:
1808 2220 1825 2258 :
1850 2220 2015 2258 nonne

439 2312 737 2366 conscientia
760 2310 894 2379 ejus,
920 2306 1004 2375 qui
1023 2303 1253 2370 inﬁrmus
1273 2308 1347 2353 est
1365 2340 1378 2363 ,
1402 2297 1739 2365 adiﬁcabitur
1776 2297 1842 2348 ad
1860 2295 2011 2348 eden-

440 2404 562 2457 dum
588 2418 647 2456 ea
687 2415 798 2469 qua:
836 2406 951 2451 stmt
994 2394 1145 2447 idolis
1184 2390 1443 2444 immolata
1471 2388 1545 2455 (1.
1579 2386 1695 2440 Cor.
1718 2386 1776 2441 ‘8.
1799 2385 1924 2455 l0)?
1950 2386 2015 2439 Et

441 2507 542 2560 ego
577 2491 717 2551 dico,
744 2489 785 2542 si
811 2487 927 2557 quis
966 2483 1154 2537 viderit
1184 2491 1256 2544 te,
1297 2479 1383 2547 qui
1410 2476 1682 2530 scientiam
1721 2476 1906 2536 babes,
1948 2473 2014 2527 ad

442 2584 770 2653 Synagogam
812 2579 977 2640 abire,
996 2575 1149 2628 tubas
1190 2578 1465 2640 Spectare:
1496 2574 1670 2624 nonne
1690 2568 2015 2625 conscimitia

443 2674 581 2742 ejus,
607 2685 727 2725 cum
770 2668 1010 2722 infirmus
1047 2664 1136 2730 sit,
1158 2670 1457 2718 exstructur
1480 2659 1545 2713 ad
1570 2672 1744 2715 rerum
1769 2658 2014 2712 Iudaica-

446 2779 564 2817 rum
581 2760 976 2816 admirationem
996 2756 1019 2808 ?
1043 2756 1139 2821 Qui
1160 2754 1318 2817 cadit,
1338 2767 1441 2806 non
1463 2752 1640 2819 lapsus
1658 2750 1814 2803 modo
1836 2762 2017 2816 prunas

446 2854 556 2915 dat,
588 2851 677 2905 sed
705 2850 822 2918 quia
844 2849 975 2901 θεῖος
998 2836 1551 2906 ειίθιηειῳνιιιηιενίι,
1569 2835 1816 2903 punitur:
1834 2848 2022 2903 quem-

447 2940 738 2995 admodum
788 2944 961 2997 stans,
1014 2943 1124 2981 non
1174 2936 1389 2996 propter
1413 2928 1656 2982 virtutem
1699 2936 1899 2982 tantum
1925 2943 2017 2981 co-

442 3029 687 3078 ronatnr;
715 3018 807 3071 sed
822 3017 1218 3087 quia'eumdem
1239 3019 1299 3070 in
1328 3017 1446 3070 aliis
1466 3017 1638 3070 zelum
1666 3017 1931 3081 excitavit,
1956 3018 2012 3070 in

442 3109 790 3163 admiratione
826 3117 929 3161 est.
973 3108 1185 3161 Illorum
1230 3106 1387 3175 igitur
1430 3115 1486 3160 et
1506 3115 1795 3160 conventus
1814 3116 1876 3160 et
1898 3106 2012 3160 loca

444 3201 638 3269 fugite;
662 3213 762 3253 nec
810 3199 1086 3266 quisquam
1135 3205 1348 3264 propter
1373 3194 1536 3249 libros
1560 3195 1890 3266 Synngogam
1919 3209 2015 3248 ve-

443 3297 661 3344 neretur
682 3329 696 3351 ,
734 3286 839 3340 scd
884 3295 1099 3354 propter
1152 3286 1269 3338 illos
1312 3284 1450 3338 hanc
1486 3285 1614 3338 odio
1666 3294 2018 3353 prosequatur

445 3377 803 3444 fastidiatque.
848 3373 979 3427 Nam
1025 3375 1076 3426 in
1110 3372 1486 3426 contumeliam
1522 3381 1743 3426 sanctos
1792 3382 2016 3438 tenent,

444 3468 566 3535 quia
595 3465 768 3519 verbis
793 3464 999 3518 illorum
1020 3462 1180 3516 ﬁdem
1199 3463 1472 3543 derogant,
1490 3462 1881 3531 quia-‘extremm
1902 3462 2019 3517 illos

445 3556 730 3623 impietatis
753 3570 873 3609 reos
900 3553 1114 3609 faciunt.

516 3645 571 3699 6.
625 3643 811 3697 Veteris
862 3643 1165 3697 Testamenli
1217 3645 1560 3713 interpretatio
1602 3645 1701 3699 sub
1744 3645 2021 3700 Ptolemaeo

449 3733 813 3803 Philadelpho.
836 3735 989 3786 -—A-t
1029 3742 1087 3786 ut
1122 3734 1483 3802 cognOscatis,
1534 3735 1695 3788 libros
1732 3735 1860 3788 nihil
1902 3736 2022 3790 loco

453 3824 748 3878 sanctitatis
775 3821 1037 3887 conferre,
1066 3822 1160 3876 sed
1190 3823 1349 3890 pollui
1381 3824 1535 3877 istum
1562 3840 1770 3889 eorum,
1802 3825 1891 3893 qui
1908 3825 2024 3879 illic

455 3912 777 3965 conveniunt
799 3952 814 3972 .
862 3912 1100 3964 instituto
1125 3929 1137 3964 :
1164 3911 1436 3966 historiam
1465 3923 1695 3967 veterem
1724 3914 1873 3968 vobis
1900 3929 2025 3968 naro

450 4001 603 4055 rabo.
652 3999 786 4053 Cum
815 3999 1132 4054 Ptolemaeus
1167 4000 1569 4068 Philadelphus,
1616 4001 1766 4056 libris
1793 4003 2024 4072 undique

450 4089 714 4154 collectis,
757 4090 1122 4159 cognovisset,
1172 4091 1308 4157 apud
1353 4090 1562 4146 indum
1610 4093 1768 4146 etiam
1815 4101 2024 4148 exstare

448 4178 641 4247 scripta
663 4217 678 4240 ,
709 4192 829 4246 quae
865 4176 933 4232 de
973 4176 1081 4230 Deo
1106 4185 1265 4246 atque
1293 4180 1488 4247 optima
1515 4180 1825 4249 reipublicx
1856 4181 2023 4236 forma

446 4274 685 4333 agerent,
705 4265 975 4319 accersitis
990 4280 1021 4319 e
1034 4264 1218 4319 Judaza
1249 4267 1374 4320 viris
1399 4267 1450 4320 in
1474 4283 1706 4337 ganeum
1722 4285 2024 4324 sermonem

449 4354 538 4408 illa
570 4354 681 4423 ipsa
716 4369 809 4423 per
828 4369 922 4409 eos
946 4355 1303 4410 convertenda
1325 4360 1559 4422 curavit,
1602 4369 1757 4429 atque
1782 4361 1837 4414 in
1867 4361 2024 4415 Sera-

451 4444 590 4513 pidis
621 4446 817 4513 templo
856 4446 1092 4515 reposuit
1111 4465 1123 4498 :
1142 4456 1258 4500 erat
1278 4449 1425 4502 enim
1456 4449 1613 4504 homo
1637 4467 1857 4521 grumos,
1891 4464 1942 4507 et
1972 4455 2024 4506 in

450 4532 593 4587 hunc
629 4534 771 4587 diem
807 4549 974 4603 usque
1003 4534 1259 4590 librorum
1307 4538 2026 4612 propheticoruminterpre-

451 4622 584 4675 latio
613 4622 683 4675 ibi
712 4633 973 4676 servatur.
1008 4624 1214 4692 Ergone
1239 4627 1491 4694 templum
1520 4628 1788 4697 Serapidis
1806 4640 2029 4700 prepter

452 4708 619 4764 libros
646 4719 886 4764 sanctum
915 4712 1056 4764 erit?
1075 4713 1246 4767 Absit.
1271 4713 1376 4768 Sed
1396 4728 1490 4769 sua
1518 4717 1619 4770 illis
1646 4729 1730 4772 est
1754 4720 2024 4788 sanctitas,

449 4812 610 4865 qnam
639 4813 758 4850 cum
785 4800 903 4852 loco
931 4815 1035 4852 non
1058 4803 1453 4858 communicant
1482 4815 1696 4874 propter
1721 4822 1906 4863 eorum
1936 4811 2027 4879 qui

451 4885 561 4939 illic
609 4889 934 4941 conveniunt
976 4889 1355 4958 itnpuritatem.
1399 4893 1547 4948 idem
1577 4905 1631 4950 et
1657 4896 1725 4952 de
1754 4898 2028 4970 Synagoga

451 4976 779 5029 censendum
812 4988 911 5031 est.
941 4978 1158 5034 Etiamsi
1204 4984 1344 5037 enim
1372 4986 1571 5040 nullum
1601 4988 1667 5042 ibi
1698 4989 1897 5046 idolum
1922 4993 2025 5059 sit,

462 5074 637 5119 tamen
665 5065 933 5122 daemones
961 5069 1133 5123 locum
1162 5072 1414 5127 incolunt.
1443 5075 1592 5141 Quod
1614 5092 1724 5131 non
1751 5080 1818 5134 de
1844 5096 1907 5135 ea
1934 5096 2029 5136 so-

450 5158 560 5210 lum
609 5157 882 5226 Synagoga
931 5158 1089 5224 dico,
1139 5177 1260 5230 quas
1309 5162 1395 5218 hic
1437 5175 1559 5230 est;
1607 5168 1700 5222 sed
1745 5178 1800 5225 et
1841 5171 1930 5224 illa
1976 5174 2030 5227 in

450 5244 699 5314 Daphne,
732 5247 817 5301 ubi
845 5247 1151 5317 barathrum
1170 5251 1424 5316 deterius,
1456 5254 1597 5324 quod
1616 5256 1868 5314 Matrona:
1886 5260 1905 5292 ⁸
1927 5277 2023 5315 vo-

510 5377 757 5451 fstatrona
772 5377 914 5451 cujus
934 5376 1160 5451 cultusin
1199 5382 1454 5451 Qutiocbite
1487 5385 1715 5451 suburbio
1737 5390 1932 5451 Daphne
1954 5392 2033 5446 hic

450 5443 744 5516 memoratur
770 5439 1069 5516 ctufoa‘rpitur,
1093 5442 1484 5516 _apud_quosdam
1505 5439 2028 5516 Juno-intelligebitnr;

448 5497 749 5567 cujns'erant
768 5496 961 5567 diversa
984 5496 1287 5567 apudvarjas
1307 5509 1485 5563 gentes
1510 5496 1741 5557 nominat
1759 5496 2032 5567 iniiinii]?

448 5557 638 5627 fauetis
652 5563 840 5611 Luetna,
866 5557 1087 5627 matrona,
1111 5557 1595 5627 nt’glna'Etppigena
1618 5557 1890 5620 vetabatur.
1905 5557 2033 5627 diu;

452 5615 577 5665 form
600 5615 707 5667 lum
726 5630 939 5680 norma;
963 5620 1049 5669 sed
1073 5621 1162 5671 hac
1179 5615 1244 5672 de
1262 5635 1320 5673 re
1334 5615 1552 5687 pluribus
1571 5615 1958 5695 sumiani:

2095 567 2279 621 lideles
2296 566 2583 635 appellem.
2615 563 2738 618 Mihi
2764 573 2816 618 et
2848 564 3100 618 Matrona:
3119 605 3134 630 ,
3163 574 3217 618 et
3241 566 3499 634 Apollinis
3529 577 3679 621 tein-

2096 659 2265 727 pllm),
2292 658 2404 726 pari
2426 656 2632 710 ratione
2652 658 2913 724 impurum
2936 665 3037 710 est.
3059 656 3207 721 Quod
3233 658 3277 711 si
3305 672 3390 712 me
3410 660 3679 727 quispiam

2096 746 2332 803 audacia:
2355 748 2695 814 condemnet,
2724 762 2842 801 eum
2875 762 2976 817 ego
3002 748 3231 802 vicissim
3256 759 3509 804 extrema:
3531 752 3684 805 insa-

2100 842 2200 894 nite
2227 840 2612 894 condemnabo.
2642 839 2794 903 Nam,
2821 839 2914 894 dic
2940 839 3090 905 mihi,
3122 841 3210 895 ubi
3234 841 3503 897 daemones
3525 844 3679 897 habi-

2104 939 2252 991 tant,
2292 944 2471 984 nonne
2516 929 2797 998 impietatis
2845 929 2934 983 ille
2974 929 3140 994 locus,
3187 931 3390 985 etiamsi
3428 932 3573 986 nulla
3608 935 3683 988 ἰιιί

2102 1030 2273 1075 statua
2308 1020 2414 1074 sit?
2442 1020 2540 1076 Ubi
2574 1020 2771 1076 Christi
2816 1019 3184 1076 interfectores
3222 1025 3681 1093 congrediuntur,

2106 1110 2193 1163 ubi
2240 1124 2370 1163 crux
2399 1109 2745 1174 exturbatur,
2797 1110 2885 1164 ubi
2935 1110 3073 1164 Deus
3112 1110 3536 1181 blasphematur,
3590 1116 3685 1169 ubi

2104 1201 2263 1255 Pater
2288 1201 2561 1270 ignoratur
2583 1240 2599 1263 ,
2629 1200 2718 1255 ubi
2742 1200 2907 1256 Filius
2934 1203 3272 1258 contumeliis
3298 1203 3554 1272 afﬁcitur,
3589 1207 3684 1260 ubi

2108 1290 2341 1359 Spiritus
2367 1292 2534 1360 gratia
2565 1290 2800 1360 rcjicitur
2819 1310 2831 1344 :
2851 1294 2977 1361 quin
2997 1334 3012 1356 ,
3051 1307 3171 1347 cum
3208 1295 3306 1364 ipsi
3332 1311 3540 1366 quoque
3563 1298 3685 1351 da:-

2107 1396 2292 1435 mones
2336 1383 2476 1446 sint,
2537 1398 2718 1441 annon
2768 1383 2936 1455 majus
2982 1375 3103 1440 hinc
3130 1386 3687 1446 detrimentuthllic

2108 1474 2248 1530 enim
2276 1474 2414 1527 nuda
2443 1482 2604 1529 estet
2629 1475 2909 1543 conspicua
2940 1477 3204 1545 impietas,
3233 1494 3353 1548 quae
3377 1496 3485 1535 non
3518 1481 3685 1537 facile

2111 1574 2286 1618 mente
2313 1564 2587 1633 pracdith
2622 1575 2680 1619 et
2715 1581 2900 1620 santnn
2943 1567 3217 1636 pellexerit
3262 1580 3351 1624 aut
3388 1571 3682 1642 deceperit.

2109 1654 2209 1711 llic
2234 1671 2380 1719 vero,
2408 1672 2530 1711 cum
2555 1671 2613 1713 se
2634 1659 2857 1713 adorare
2882 1659 3056 1714 dicant
3090 1661 3255 1715 Deum
3283 1673 3336 1716 et
3365 1664 3501 1717 idola
3529 1680 3686 1718 aver-

2111 1749 2215 1801 sari
2235 1787 2251 1813 ,
2298 1749 2585 1819 prophetas
2630 1749 2828 1805 habere
2878 1760 2932 1806 et
2974 1752 3271 1821 honorare,
3316 1757 3492 1811 verbis
3538 1757 3687 1813 hisce

2110 1840 2338 1893 multum
2367 1854 2504 1895 escae
2544 1850 2863 1909 praeparant,
2907 1851 2963 1896 et
3002 1844 3348 1912 simpliciores
3390 1855 3548 1916 atque
3585 1849 3689 1902 im-

2113 1929 2402 1999 prudentes
2428 1929 2666 1984 inmntos
2696 1932 2957 1985 irretiunt.
2997 1934 3172 1998 Quare
3213 1935 3455 2003 impietas
3483 1948 3566 1990 est
3590 1953 3689 1991 ea-

2114 2020 2234 2075 dem
2250 2028 2305 2074 et
2327 2021 2452 2089 ipsis
2471 2030 2525 2076 et
2540 2021 2736 2077 Graacis
2756 2040 2769 2076 :
2787 2024 3072 2092 impostnra
3096 2035 3269 2080 autem
3294 2035 3511 2080 utuntur
3531 2028 3691 2099 longe

2118 2112 2515 2181 perniciosiore.
2562 2112 2691 2168 Nam
2733 2128 2878 2168 aram
2911 2114 3110 2171 fraudis
3150 2112 3343 2172 habent
3384 2134 3486 2173 non
3529 2136 3691 2190 aspe-

2118 2202 2364 2256 ctabilem
2410 2203 2507 2272 ipsi
2546 2215 2762 2274 quoque
2785 2245 2799 2269 ,
2839 2206 2924 2260 ubi
2961 2219 3071 2260 nan
3099 2223 3225 2263 oves
3253 2210 3551 2276 etvitulos,
3592 2213 3691 2267 sed

2122 2292 2328 2347 animas
2373 2293 2640 2347 hominum
2683 2303 2934 2350 tnactant.
2986 2297 3220 2367 Denique
3265 2300 3309 2353 si
3350 2300 3565 2354 Judaiea
3595 2303 3695 2357 tibi

2121 2382 2522 2438 admirationem
2543 2393 2774 2448 movent,
2801 2400 2918 2454 qua:
2945 2386 3038 2442 tibi
3058 2388 3199 2444 ratio
3228 2391 3502 2445 nobiscum
3532 2406 3693 2445 com-

2124 2469 2343 2527 mun'sl
2371 2466 2505 2523 Nam
2527 2469 2577 2526 si
2621 2473 2708 2529 illa
2742 2473 3042 2530 Iudaeorum
3068 2477 3366 2533 veneranda
3395 2491 3451 2534 et
3495 2496 3693 2550 magna

2123 2572 2263 2630 sunt,
2296 2573 2476 2618 nostra
2500 2577 2659 2620 erunt
2683 2564 2836 2632 falsa,
2867 2565 2948 2622 sin
2983 2564 3094 2622 haec
3126 2581 3271 2631 vera,
3300 2569 3470 2640 qualia
3506 2573 3697 2646 utique

2126 2665 2250 2707 sunt
2273 2694 2288 2718 ,
2334 2655 2425 2708 ilia
2452 2665 2608 2709 erunt
2638 2655 2838 2711 fraudis
2862 2658 3037 2726 plena.
3076 2657 3190 2713 Non
3218 2666 3392 2720 divina
3420 2668 3540 2722 dico
3568 2684 3699 2722 ora—

2119 2743 2268 2808 cula;
2311 2743 2482 2809 absit,
2522 2744 2642 2799 hac
2667 2746 2806 2800 enim
2837 2761 2923 2802 me
2946 2747 3013 2808 ad
3037 2745 3304 2808 Christum
3344 2758 3493 2825 quasi
3535 2773 3700 2812 manu

2120 2832 2392 2889 duxerunt
2423 2853 2438 2891 :
2469 2836 2563 2891 sed
2611 2838 2935 2906 impietatem
2984 2841 3193 2898 illorum
3228 2855 3279 2900 et
3310 2847 3568 2901 insaniam
3597 2850 3698 2902 ho-

2120 2922 2384 2979 diernam.
2429 2928 2498 2980 At
2526 2929 2676 2984 enim
2720 2939 2929 2998 tempus
2977 2936 3229 3003 requirit,
3281 2946 3338 2990 ut
3379 2938 3698 3003 ostendam,

2124 3015 2394 3070 daemones
2433 3018 2595 3072 etiam
2636 3018 2705 3072 ibi
2742 3019 3018 3089 habitare,
3051 3040 3222 3093 neque
3262 3026 3316 3079 in
3357 3027 3447 3081 illo
3491 3037 3702 3084 tantum

2119 3104 2279 3171 ioco,
2324 3106 2417 3160 sed
2461 3115 2517 3160 et
2548 3111 2601 3161 in
2645 3108 2772 3178 ipsis
2811 3109 3114 3167 Judaeorum
3143 3115 3354 3170 animis.
3400 3115 3541 3171 Nam
3581 3135 3705 3173 cunt

2124 3196 2419 3249 inmundus
2443 3197 2668 3266 spiritus,
2698 3198 3159 3270 inquitClwistus,
3187 3206 3363 3258 exierit
3387 3207 3449 3260 ab
3476 3208 3704 3275 homine,

2126 3284 2350 3337 ambulat
2379 3300 2466 3353 per
2490 3285 2636 3338 arida
2671 3287 2810 3354 loco,
2852 3306 3077 3358 quarens
3104 3295 3320 3362 requiem
3343 3337 3357 3359 ,
3387 3306 3436 3350 et
3460 3314 3573 3349 cum
3602 3315 3707 3352 non

2119 3373 2336 3431 inuenit:
2378 3386 2616 3443 reuertar,
2648 3378 2814 3449 inquit
2835 3422 2850 3446 ,
2893 3382 2947 3434 in
2988 3380 3191 3435 domum
3239 3401 3421 3438 meam.
3472 3386 3542 3439 Et
3587 3405 3709 3442 cum

2128 3465 2278 3529 uertit,
2302 3467 2493 3519 navant
2518 3482 2629 3520 eam
2648 3478 2927 3537 vacantem,
2956 3473 3120 3541 scopis
3144 3474 3454 3540 mandatam,
3484 3488 3530 3530 et
3549 3494 3709 3532 orna-

2124 3561 2251 3605 tam.
2274 3552 2418 3606 Tunc
2438 3554 2662 3620 uadit,-et
2685 3559 2893 3611 assumit
2919 3569 3102 3628 septem
3124 3562 3258 3614 alios
3282 3564 3489 3631 spiritus
3509 3581 3709 3630 “cum,

2129 3644 2386 3712 nequiores
2410 3661 2485 3709 se,
2516 3656 2564 3698 et
2589 3647 2888 3717 ingreditur,
2921 3661 2968 3703 et
2996 3662 3142 3705 erunt
3172 3653 3441 3707 nouissima
3486 3655 3710 3712 hondm’s

2125 3734 2266 3787 illius
2319 3736 2493 3805 pejora
2544 3738 2812 3807 prioribus.
2868 3740 2958 3794 Sic
3006 3743 3099 3795 erit
3134 3752 3184 3795 et
3229 3746 3537 3815 genaationi
3588 3749 3711 3803 huic

2133 3821 2345 3892 (Matth.
2376 3823 2463 3887 te,
2490 3825 2686 3890 43-45;
2717 3827 2842 3880 Luc.
2873 3830 2958 3883 ιι.
2978 3827 3219 3894 ’ξι-εδ),

2196 3915 2392 3970 Anima
2414 3916 2710 3971 intimorum
2730 3919 3013 3974 dwmonum
3032 3923 3342 3978 habitacula.
3364 3954 3436 3965 —
3456 3925 3631 3982 Vides
3660 3930 3711 3983 in

2122 4005 2362 4073 ipsorum
2392 4009 2580 4062 animis
2601 4024 2741 4064 nunc
2753 4010 2996 4067 habitare
3019 4013 3289 4070 daemones
3306 4016 3581 4084 prioribus
3609 4021 3714 4074 de-

2124 4097 2388 4151 teriores?
2415 4112 2587 4167 neque
2625 4099 2677 4154 id
2720 4101 2934 4169 injuria.
2965 4101 3114 4157 Tunc
3140 4105 3281 4159 enim
3324 4106 3375 4159 in
3419 4108 3716 4176 prophetas

2131 4188 2452 4254 peccabant,
2482 4204 2625 4244 nunc
2652 4191 2823 4260 ipsum
2853 4193 3228 4262 prophetarum
3269 4196 3544 4252 dominum
3572 4178 3738 4254 con:

2123 4278 2344 4331 tumelia
2380 4278 2743 4348 insequuntur.
2786 4270 2917 4336 Cum
2960 4284 3260 4339 hominibus
3303 4286 3479 4354 igitur,
3522 4287 3712 4354 dicite,

2130 4364 2492 4433 daemoniacis,
2523 4369 2715 4437 quibus
2735 4377 2814 4424 tot
2840 4381 2963 4425 sunt
2990 4373 3181 4441 impuri
3208 4374 3441 4443 spiritus,
3473 4376 3528 4429 in
3554 4377 3717 4448 jugu-

2129 4455 2290 4510 lando
2332 4465 2387 4511 et
2410 4459 2712 4515 occidendo
2753 4462 2997 4517 enutritis
3024 4474 3182 4533 atque
3218 4464 3483 4532 educatis,
3518 4470 3712 4524 eodem

2122 4545 2251 4602 loco
2273 4550 2685 4618 congregamini,
2717 4564 2891 4620 neque
2910 4551 3258 4607 ‘borrescitis?
3282 4553 3415 4607 Num
3440 4556 3593 4610 enim
3625 4572 3713 4612 sa-

2131 4636 2401 4692 lutationis
2421 4639 2609 4693 horum
2635 4642 3071 4709 participes‘esse,
3095 4655 3147 4697 et
3159 4645 3481 4718 sirnpliclter
3505 4661 3713 4703 senue-

2126 4742 2264 4781 anenr
2281 4728 2522 4783 conferre
2546 4740 2770 4799 oportet,
2797 4747 2861 4788 ac
2888 4748 2991 4788 non
3032 4735 3205 4803 potius
3241 4750 3333 4790 eos
3372 4746 3430 4791 nt
3468 4752 3710 4793 commn-

2134 4831 2254 4870 ncm
2294 4816 2443 4872 luem
2488 4828 2542 4873 et
2588 4822 2829 4875 morbum
2878 4823 3041 4877 totius
3091 4824 3236 4879 orbis
3278 4827 3558 4881 aversari?
3598 4828 3710 4895 Quo

2134 4909 2351 4964 sceleris
2382 4924 2587 4979 genere
2627 4926 2732 4966 non
2778 4925 2902 4967 sunt
2941 4914 3209 4970 defuncti?
3245 4916 3433 4972 Nonne
3472 4920 3708 4973 amntium

2137 5000 2510 5069 prophetarum
2538 5004 2822 5058 conciones
2848 5005 3046 5059 crebr-.e
3066 5016 3119 5060 et
3137 5007 3357 5075 pronum
3384 5010 3437 5062 in
3458 5009 3533 5063 iis
3554 5024 3710 5065 accu-

2135 5090 2669 5162 sandiszconsumpta:
2682 5095 2845 5149 sunt?
2867 5095 3034 5162 Quam
3052 5099 3401 5165 tragoediam,
3430 5100 3579 5169 quod
3612 5102 3711 5153 ini-

2132 5180 2351 5248 quitatis
2393 5185 2694 5251 exemplum
2736 5186 2851 5240 suis
2897 5187 2972 5240 illi
3017 5186 3231 5244 nefariis
3272 5189 3574 5245 homicidiis
3608 5205 3708 5245 non
3778 5248 3787 5263 ο

2135 5273 2527 5325 obscurarum?
2570 5273 2914 5330 hnmoiarunt
2964 5276 3099 5332 filios
3142 5287 3198 5332 et
3249 5278 3386 5333 tilias
3433 5280 3708 5334 daemoniis

2140 5356 2310 5428 (Psat.
2340 5359 2463 5415 105.
2486 5361 2604 5431 37),
2638 5372 2884 5417 naturam
2927 5375 3204 5429 exuerunt,
3251 5366 3497 5421 dolorum
3534 5380 3708 5437 partus

2136 5448 2285 5502 obliti
2333 5460 2490 5516 sunt,
2545 5450 2910 5507 educationem
2958 5454 3245 5510 liberorum
3287 5458 3703 5525 proculcatam,

2137 5539 2280 5607 leges
2294 5541 2761 5609 consanguinitatis
2775 5541 3008 5597 funditus
3027 5554 3351 5609 everterunt,
3370 5545 3706 5600 immanior-es

2140 5628 2286 5684 omni
2315 5628 2484 5685 bestia
2511 5629 2633 5686 facti
2658 5639 2801 5688 sunt.
2828 5631 2961 5688 Nam
2977 5632 3172 5690 ibestite
3188 5648 3575 5706 smpenumeco
3598 5635 3704 5690 aui-
