3866 6226
209 345 316 399 εῑλδ

201 482 340 521 mam
368 466 526 518 etiam
565 463 783 530 dedunt,
817 461 1110 533 pesthabita
1147 464 1226 517 sui
1256 466 1685 528 conservatione,
1720 475 1775 519 ut

202 557 338 611 fetus
384 554 669 609 defendant
712 573 724 608 :
773 563 826 609 at
871 554 946 622 hi,
994 554 1134 610 nulla
1178 563 1396 626 urgente
1439 558 1772 623 necessitate,

201 657 356 703 natos
394 662 463 700 ex
495 661 616 700 sese
658 660 815 700 mauu
845 659 941 700 sua
969 655 1283 712 mactarunt,
1327 656 1384 701 ιιι
1425 648 1544 701 vitze
1581 659 1776 704 nostra:

202 737 400 799 hostes,
433 737 652 790 infestos
682 736 971 802 daemones,
1007 736 1264 791 colerent.
1290 737 1405 804 Quo
1429 754 1611 792 eorum
1637 738 1775 793 facto

200 829 318 898 plus
369 828 575 883 attoniti
628 827 947 882 reddamur?
995 829 1298 898 impietate,
1350 845 1418 884 an
1465 831 1774 887 crudi-litate

195 929 354 990 atque
377 920 793 975 inhumanitate?
818 919 959 989 quod
990 920 1123 975 lilios
1151 921 1492 988 immolarint,
1518 933 1607 977 aut
1633 924 1771 993 quod

196 1014 473 1069 daemoniis
526 1013 645 1066 illos
690 1011 1075 1066 sacriticariut?
1113 1012 1217 1068 Sed
1263 1028 1439 1067 annon
1491 1013 1771 1068 immodica

197 1103 408 1159 lascivia
459 1113 512 1158 et
568 1103 854 1172 petulantia
914 1102 1186 1158 libidinem
1233 1120 1443 1174 quoque
1495 1105 1770 1159 brutorum

176 1185 479 1267 I'maximam
527 1192 908 1248 obscurarum?
952 1193 1089 1248 Audi
1134 1195 1482 1264 prophetam,
1528 1197 1656 1265 quid
1703 1196 1770 1252 de

193 1285 429 1354 ipsorqu
462 1285 806 1360 immoderata
828 1285 968 1340 dicat
991 1286 1395 1356 intemperantia
1423 1306 1436 1341 :
1459 1287 1592 1358 Equi
1622 1291 1770 1344 emis-

189 1377 311 1430 sarii
347 1376 471 1445 {acti
507 1385 646 1444 sunt,
686 1377 1021 1444 unusquisque
1061 1377 1131 1430 ad
1172 1394 1379 1432 uxorem
1422 1381 1638 1449 proximi
1687 1382 1768 1434 sui

179 1458 444 1522 iniiiniebat
483 1468 696 1537 (Jerem.
730 1469 785 1522 5.
815 1468 893 1540 8).
929 1468 1043 1522 Non
1088 1467 1244 1536 dixit,
1285 1471 1512 1539 proximi
1549 1487 1764 1527 uxorem

186 1559 410 1628 quisque
450 1558 874 1626 concupiscebat,
917 1558 1010 1613 sed
1051 1558 1448 1616 evidentissime
1491 1561 1762 1618 brutorum

184 1649 562 1704 vociferatione
593 1650 824 1704 libidinis
853 1651 1090 1720 ipsorum
1122 1650 1378 1705 insaniam
1407 1655 1688 1720 expressit.

257 1742 308 1796 7.
337 1742 473 1810 Quid
493 1742 634 1796 aliud
662 1742 836 1797 dicam
867 1742 1054 1797 vobis?
1078 1744 1310 1813 rapinas,
1336 1746 1604 1812 avaritias,
1631 1761 1762 1814 pau-

182 1846 371 1899 perum
403 1831 749 1899 proditiones,
781 1830 939 1895 furta,
962 1840 1104 1886 artes
1130 1834 1520 1900 caupouarias?
1544 1834 1624 1888 Ad
1649 1835 1763 1890 htec

179 1923 444 1978 narranda
485 1939 551 1979 ne
575 1923 690 1978 dies
717 1923 930 1993 quidem
955 1923 1156 1992 integer
1183 1923 1472 1978 sull'ccerit.
1493 1926 1561 1979 At
1590 1925 1756 1990 feriat,

178 2013 378 2084 inquis,
424 2013 632 2067 illorum
677 2013 873 2083 aliquid
918 2029 1081 2082 grave
1126 2021 1182 2068 et
1223 2029 1469 2084 magnum
1514 2014 1754 2070 habent:

174 2105 323 2174 atqui
375 2113 430 2157 et
477 2103 572 2156 has
616 2105 754 2172 ipsas
795 2103 1029 2174 impurus
1070 2113 1573 2160 commonstrarent.
1621 2107 1758 2162 Audi

175 2193 499 2264 prophetas;
527 2196 652 2263 quin
685 2194 846 2248 Deum
889 2193 1032 2260 audi,
1064 2209 1222 2264 quam
1261 2194 1605 2251 vehementer
1639 2197 1758 2254 illas

172 2286 510 2341 abominetur
534 2305 546 2340 :
575 2286 692 2352 Odi,
723 2287 912 2356 projeci
937 2288 1092 2356 ferias
1118 2298 1305 2344 vestras
1330 2288 1505 2357 (Amos
1551 2291 1603 2346 5.
1634 2291 1752 2363 21).

175 2376 322 2430 Deus
345 2375 474 2438 odit,
502 2387 556 2429 et
595 2386 648 2430 tu
679 2376 983 2444 participas.
1013 2376 1194 2447 Neque
1221 2378 1356 2433 dixit
1391 2378 1488 2437 has
1519 2381 1599 2434 vel
1635 2381 1756 2436 illas

169 2463 355 2528 ferias,
393 2465 485 2518 sed
527 2467 577 2519 in
625 2466 927 2520 universum
964 2481 1172 2521 omnes.
1217 2469 1375 2524 Visne
1408 2485 1751 2539 cognoscere,

163 2541 316 2624 quod
346 2554 483 2609 Deus
515 2555 663 2609 illum
689 2558 848 2610 etiam
887 2557 1088 2610 cultum
1115 2558 1305 2626 oderit,
1333 2560 1421 2629 qui
1461 2558 1516 2614 fit
1546 2569 1752 2631 tympa-

168 2650 278 2712 nis,
308 2646 508 2700 cithara
530 2687 542 2708 ,
575 2647 840 2716 psalteriis
878 2656 932 2702 et
971 2648 1088 2702 aliis
1117 2650 1367 2718 organis?
1397 2650 1553 2719 Aufer
1582 2666 1614 2703 a
1653 2667 1748 2716 me,

168 2737 363 2807 inquit,
394 2737 613 2790 sonitum
636 2738 946 2790 canticorum
971 2747 1190 2802 tuorum,
1216 2749 1260 2792 et
1287 2740 1535 2809 psalmum
1557 2741 1751 2794 instru~

169 2837 453 2880 mentorum
496 2837 696 2879 tuorum
741 2843 840 2879 non
878 2827 1083 2880 audiant
1117 2826 1276 2898 (Ibid.
1306 2845 1356 2883 υ.
1386 2828 1501 2900 25).
1539 2829 1696 2900 Aufer
1720 2847 1752 2884 a

165 2933 271 2980 me,
301 2916 466 2985 inquit
488 2915 624 2969 Deus
654 2933 666 2970 :
701 2925 752 2970 tu
783 2916 1057 2972 auditurus
1081 2919 1234 2971 tubas
1263 2919 1478 2974 curris?
1501 2919 1606 2974 Sed
1636 2922 1751 2977 haec

166 3007 426 3060 sacrificia
454 3017 508 3061 et
535 3007 615 3060 hae
637 3007 930 3062 oblationes
965 3024 1141 3063 nonne
1181 3021 1307 3064 sunt
1336 3010 1752 3068 abominabiles?

166 3098 228 3154 Si
259 3097 484 3164 o/feratis
506 3099 626 3152 milii
651 3099 1006 3168 similaginem,
1035 3105 1259 3169 frustra;
1285 3102 1542 3156 incensum
1561 3104 1751 3158 abomi-

165 3190 308 3243 natio
327 3198 396 3242 est
418 3189 541 3242 mihi
566 3187 769 3259 (IIesai.
799 3191 849 3244 1.
879 3188 991 3259 15).
1022 3190 1299 3245 lncensum
1320 3191 1672 3258 abominatio;
1696 3203 1751 3249 et

164 3285 319 3339 locus
349 3297 454 3336 non
476 3279 863 3336 abominandus
878 3282 901 3332 ?
927 3281 991 3334 Et
1020 3280 1230 3350 quando
1254 3282 1578 3341 abominatio
1595 3283 1619 3336 ?
1639 3286 1750 3338 An-

167 3383 382 3443 tequam
410 3387 676 3426 summum
703 3372 876 3426 scelus
901 3370 1246 3434 admiserant,
1282 3380 1565 3442 antequam
1592 3388 1748 3428 suum

166 3465 406 3532 ipsorum
453 3462 732 3516 Dominum
783 3462 1127 3528 sustulerant,
1175 3471 1301 3516 ante
1343 3477 1576 3530 crucem,
1622 3473 1748 3520 ante

165 3555 364 3609 Christi
387 3568 593 3618 necem,
615 3552 954 3608 abominatio.
978 3555 1168 3606 Annon
1190 3553 1358 3607 multo
1378 3553 1545 3624 magis
1571 3557 1748 3609 nunc?

167 3648 233 3701 Et
260 3661 389 3701 sane
412 3645 534 3715 quid
557 3654 640 3700 est
667 3643 983 3700 suffimentis
1003 3643 1360 3714 fragrantius?
1386 3641 1581 3700 Verum
1610 3647 1748 3702 Deus

168 3755 280 3794 non
317 3739 698 3793 sacrificiorum
730 3747 996 3802 naturam,
1030 3737 1123 3790 sed
1167 3737 1401 3791 animum
1443 3753 1628 3792 eorum
1658 3741 1748 3808 qui

166 3829 402 3883 offerunt
427 3826 692 3891 observat,
725 3825 931 3895 hocque
963 3825 1258 3880 oblationes
1287 3825 1526 3880 metitur.
1554 3827 1744 3882 Atten-

167 3921 250 3976 dit
282 3919 347 3974 ad
372 3919 504 3974 Abel
527 3926 582 3973 et
609 3917 675 3972 ad
705 3933 920 3972 munera
947 3917 1063 3986 ejus
1094 3935 1107 3970 :
1138 3917 1266 3971 vidit
1289 3916 1509 3972 Cainum
1529 3959 1544 3984 ,
1575 3926 1630 3972 et
1657 3933 1747 3973 sa-

166 4012 370 4068 crilicia
395 4011 510 4080 ejus
541 4021 649 4065 tum
679 4021 950 4064 aversatus
977 4021 1075 4063 est.
1106 4009 1238 4064 Nam
1265 4010 1333 4062 ad
1365 4009 1520 4074 Cain,
1555 4011 1743 4081 inquit,

168 4114 214 4158 et
241 4104 312 4156 ad
330 4102 630 4156 oblationem
650 4102 758 4171 ejus
783 4117 884 4154 non
905 4099 1116 4154 attendit
1149 4098 1299 4168 (Gen.
1331 4099 1384 4154 4.
1416 4099 1494 4170 5).
1522 4097 1634 4153 Noe
1659 4115 1747 4153 sa-

167 4192 366 4248 criﬁcia
390 4193 590 4257 ovium,
614 4192 918 4256 vitulorum,
942 4199 996 4243 et
1018 4190 1193 4243 avium
1223 4190 1330 4242 Deo
1352 4188 1578 4243 obtulit:
1610 4189 1746 4242 Odo—

167 4296 409 4353 ratusque
435 4295 508 4338 est
549 4284 792 4338 Dominus
819 4283 1026 4336 odorem
1050 4282 1330 4346 suavitatis,
1372 4282 1539 4351 inquit
1564 4283 1744 4353 Scrip-

171 4387 292 4431 tura
316 4374 426 4446 (Id.
454 4375 506 4430 8.
550 4373 660 4444 2'1),
687 4373 740 4427 id
780 4383 882 4440 est,
905 4371 1080 4427 oblata
1106 4371 1364 4441 probavit.
1397 4371 1579 4441 Neque
1605 4371 1748 4426 enim

173 4467 294 4521 Deo
313 4479 470 4520 nares
495 4472 638 4531 sunt,
671 4463 763 4518 sed
791 4477 984 4516 numen
1015 4469 1096 4516 est
1126 4461 1516 4530 incorporeum.
1547 4462 1749 4528 Quam-

168 4573 330 4630 quam
355 4573 438 4620 ea,
465 4573 583 4627 qua:
613 4572 676 4611 ex
706 4555 856 4610 altari
885 4569 1096 4610 sursum
1120 4552 1380 4616 feruntur,
1407 4553 1560 4608 nidor
1587 4561 1642 4608 et
1669 4552 1749 4607 fu-

171 4665 292 4704 tnus
320 4656 444 4705 sunt
478 4647 874 4702 combustorum
902 4658 1183 4714 corporum
1210 4661 1223 4696 :
1254 4659 1359 4713 quo
1389 4642 1578 4698 ftetore
1616 4642 1746 4696 nihil
1791 4708 1794 4711 _

170 4739 362 4795 tetrius
387 4747 488 4794 est.
523 4737 714 4792 Verum
745 4745 802 4790 ut
827 4735 1020 4799 discas,
1051 4735 1213 4788 Deum
1240 4733 1464 4803 probare
1488 4732 1745 4787 sacrificia

171 4841 225 4888 et
244 4829 504 4896 aversari,
533 4845 626 4898 pro
652 4828 842 4882 affectu
871 4826 1161 4888 offerentis,
1196 4823 1434 4879 nidorem
1462 4832 1516 4878 et
1545 4823 1746 4878 fumum

171 4924 393 4980 odorem
421 4933 576 4977 vocat
600 4921 894 4984 suavitatis,
926 4919 1223 4981 incensum,
1254 4915 1700 4971 abominationem
1733 4934 1744 4968 :

172 5015 298 5083 quia
323 5007 490 5068 multo
520 5012 707 5067 fmtore
732 5026 883 5064 meus
908 5009 1245 5064 oiTerentium
1282 5010 1482 5076 repleta
1513 5007 1624 5060 fuit.
1656 5007 1735 5060 Li-

174 5106 335 5160 betne
363 5117 703 5172 cognoscere,
735 5100 878 5171 quod
916 5100 1168 5170 templum
1196 5099 1357 5154 etiam
1395 5112 1516 5152 cum
1543 5097 1745 5151 sacriﬁ—

169 5199 291 5264 ciis,
312 5197 546 5268 organis,
564 5196 726 5261 feriis,
746 5203 800 5250 et
818 5194 1045 5248 incensis
1059 5200 1333 5246 aversetur
1356 5191 1513 5256 Deus,
1533 5197 1749 5260 propter

177 5303 270 5344 eos
297 5289 384 5358 qui
416 5287 540 5341 illuc
571 5285 973 5356 ingrediuntur?
999 5283 1055 5338 ld
1083 5284 1194 5352 ipsa
1222 5299 1280 5338 rc
1307 5281 1538 5336 maxime
1567 5292 1748 5336 estcu-

173 5381 274 5447 dit,
300 5381 426 5434 olim
455 5379 801 5434 barbarorum
826 5376 1069 5431 nianibus
1098 5374 1226 5428 illud
1255 5371 1534 5437 tradendo,
1566 5379 1748 5440 postea

158 5485 399 5541 prorsus
425 5469 678 5524 delcndo.
707 5468 1082 5524 Verumtamen
1111 5472 1234 5518 ante
1258 5463 1590 5519 eversionem
1619 5477 1752 5531 quo-

175 5577 281 5632 que
310 5562 449 5638 illius
475 5576 568 5631 per
595 5560 908 5631 prophetam
938 5557 1150 5620 clamat,
1178 5555 1429 5624 dicitque,
1469 5551 1553 5605 Ne
1586 5551 1750 5619 con/i-

175 5652 306 5704 dalis
335 5653 384 5705 in
423 5651 580 5705 verbis
609 5649 854 5704 mendacii
874 5688 889 5714 ,
918 5647 1036 5717 quia
1068 5662 1170 5699 non
1204 5645 1474 5714 proderunt
1505 5642 1639 5698 vobis
1667 5643 1750 5696 di-

176 5743 394 5797 centibus
418 5741 691 5813 :tcmpium
713 5739 938 5805 Domini,
963 5737 1203 5808 templum
1223 5736 1427 5791 Domini
1449 5745 1518 5791 est
1535 5733 1742 5806 (Jerem.

1459 355 1497 405 A
1510 352 1814 408 DYEllSUS
1850 353 2148 412 JUDIEOS.
2186 359 2228 414 Ι.

3343 371 3449 426 854

1889 467 1940 520 7.
1967 469 2043 537 4).
2076 469 2191 523 Νοιι
2236 471 2508 540 templum,
2538 474 2724 541 tnquit,
2765 486 2975 531 sanctos
3014 492 3107 532 eos
3144 480 3334 546 reddit,
3363 486 3453 553 qui

1882 559 2292 628 congrediuntur
2326 579 2338 614 :
2373 561 2465 616 sed
2490 563 2538 615 hi
2567 563 2693 618 illud
2722 576 2961 621 sanctum
2993 569 3206 625 faciunt.
3231 573 3381 640 Quod
3405 580 3450 630 si

1883 659 1991 703 tum
2019 650 2089 704 nil
2121 650 2370 719 proderat
2399 653 2672 722 templum,
2707 659 3054 724 praisentibus
3083 660 3372 717 Cherubim
3401 675 3456 718 et

1879 752 1999 792 arca
2033 756 2046 790 :
2075 741 2241 795 multo
2272 744 2446 799 minus
2480 745 2588 813 jam
2609 787 2623 809 ,
2654 747 2899 801 omnibus
2928 749 2990 804 iis
3021 751 3276 817 sublatis,
3308 767 3456 822 post-

1878 842 2032 896 quam
2078 830 2216 886 Deus
2260 832 2379 888 illos
2419 848 2638 903 prorsus
2682 849 2979 906 aversatur,
3023 852 3077 894 et
3117 843 3330 912 gravior
3369 856 3454 900 est

1879 918 2033 989 hujus
2057 921 2164 976 odii
2188 938 2366 979 causa.
2389 927 2610 990 Quanta:
2630 926 2788 998 igitur
2811 932 3056 986 amentia:
3085 933 3258 999 fuerit,
3281 951 3450 1005 quan-

1881 1017 2050 1079 taaque
2081 1013 2413 1083 insipientite,
2446 1026 2652 1071 notatos
2683 1019 2989 1089 ignominia,
3019 1038 3048 1076 a
3075 1025 3184 1079 Deo
3213 1028 3450 1094 proditos

1873 1117 1988 1167 eos,
2021 1105 2108 1173 qui
2143 1105 2420 1160 Domimnn
2455 1109 2504 1162 in
2539 1110 2670 1163 iram
2696 1111 3029 1179 concitat-int,
3061 1117 3235 1172 socios
3260 1119 3360 1173 sibi
3391 1120 3448 1174 in

1873 1193 2019 1249 feriis
2053 1197 2352 1251 asciscere?
2389 1197 2442 1251 Si
2479 1207 2624 1252 tuum
2653 1200 2773 1270 quis
2814 1203 3096 1258 occidisSet
3135 1206 3328 1273 lilium,
3361 1209 3448 1264 dic

1873 1283 2037 1352 mihi,
2067 1285 2252 1355 ejusne
2275 1299 2615 1357 conspectum
2645 1291 2970 1348 sustineres?
2996 1293 3292 1351 Audiresne
3317 1299 3447 1353 allo-

1869 1377 2156 1442 qucntem?
2182 1375 2367 1434 Nonne
2395 1387 2450 1432 ut
2484 1378 2780 1449 improbum
2820 1382 3148 1451 dazmonem,
3180 1396 3234 1442 ut
3274 1388 3445 1458 ipsqu

1868 1463 2138 1520 diabolum
2177 1467 2422 1537 fugeres?
2463 1469 2669 1524 Domini
2703 1471 2774 1524 tui
2821 1472 2985 1528 lilium
3017 1475 3361 1544 occiderunt,
3391 1490 3449 1534 et

1866 1554 1919 1609 in
1951 1557 2194 1612 eumdem
2233 1574 2354 1614 cum
2384 1560 2486 1615 illis
2523 1561 2726 1631 ingredi
2764 1564 2938 1619 locum
2976 1568 3179 1623 audes?
3205 1571 3444 1643 Cumque

1854 1645 2072 1724 occisus
2095 1647 2306 1713 abillis,
2338 1657 2540 1704 tantum
2570 1663 2620 1704 te
2642 1652 2932 1720 honorarit,
2959 1666 3014 1709 ut
3039 1657 3253 1714 fratrem
3277 1669 3332 1715 et
3352 1676 3444 1716 co-

1866 1734 2118 1792 heredem
2156 1740 2493 1795 constituerit
2528 1758 2544 1795 :
2579 1749 2720 1796 tanta
2767 1753 2820 1796 tu
2865 1746 3110 1800 eumdem
3152 1749 3441 1818 ignominia

1863 1827 2053 1896 aftieis,
2085 1838 2140 1883 ut
2176 1830 2293 1900 ejus
2323 1831 2731 1899 interfectores,
2760 1835 2847 1904 qui
2873 1837 3018 1891 cruci
3053 1839 3226 1908 ipsum
3249 1841 3440 1898 aftixe-

1863 1926 2006 1984 runt,
2031 1923 2405 1976 communione
2435 1922 2684 1977 feriarum
2715 1925 2944 1994 ipsarum
2985 1929 3128 1983 colas
3153 1939 3311 2000 atque
3340 1933 3439 1987 ob-

1862 2021 2065 2076 serves,
2090 2019 2143 2064 et
2159 2010 2228 2065 ad
2250 2011 2467 2081 profana
2491 2012 2704 2068 illorum
2733 2015 2849 2069 loca
2877 2031 3079 2082 curras,
3113 2019 3317 2088 impura
3349 2037 3438 2076 vc-

1861 2099 2052 2153 stibula
2075 2099 2262 2165 intres,
2289 2117 2592 2172 meuszeque
2617 2103 2999 2162 dtemoniorum
3029 2110 3292 2180 particeps
3319 2112 3431 2167 tias.

1859 2186 1937 2243 Ita
1965 2189 2107 2244 enim
2142 2189 2446 2246 Judzeorum
2479 2192 2740 2262 jejunium
2784 2205 2841 2250 ut
2877 2198 3171 2267 appellem,
3203 2200 3438 2257 adducor

1858 2300 2010 2350 nece,
2038 2301 2196 2356 quam
2225 2286 2334 2342 Deo
2361 2288 2669 2344 intulerunt.
2693 2289 2807 2355 Quo
2827 2292 2967 2345 enim
2992 2303 3146 2361 pacto
3164 2294 3437 2350 daemones

1859 2389 1966 2429 non
1991 2373 2235 2430 dicantur
2253 2375 2434 2432 colere
2458 2377 2516 2442 ii,
2549 2379 2636 2447 qui
2667 2379 2776 2433 Deo
2804 2379 3022 2436 adversa
3052 2384 3348 2452 peragunt?
3371 2389 3439 2440 At

1858 2464 2174 2520 medicinam
2212 2481 2244 2520 a
2288 2466 2620 2522 dannouibus
2661 2470 2900 2538 expetis?
2947 2469 3081 2524 Cum
3129 2472 3337 2528 abirent
3383 2477 3436 2529 iu

1859 2571 2071 2625 porcos,
2119 2556 2312 2612 Christi
2360 2561 2643 2628 permissu,
2689 2562 2981 2628 dammtteS,
3037 2573 3144 2618 tum
3189 2566 3241 2619 in
3288 2584 3434 2622 mare

1857 2647 1976 2701 illos
2017 2650 2195 2701 statim
2237 2651 2635 2720 prtecipitaruut
2668 2669 2679 2704 :
2713 2661 2767 2706 et
2809 2653 3083 2709 homimun
3123 2659 3435 2726 corporibus

1855 2750 2072 2808 parcent
2100 2739 2308 2810 (Matth.
2341 2741 2394 2796 8.
2422 2742 2511 2796 31.
2541 2742 2714 2812 sqq.)?
2737 2743 2911 2812 Atque
2933 2745 3130 2798 utinam
3156 2762 3260 2800 non
3288 2748 3432 2804 ocei~

1854 2828 2059 2894 derent,
2088 2831 2287 2884 utinam
2317 2846 2423 2885 non
2449 2831 2847 2886 insidiarentur!
2880 2833 3163 2902 Ejeccrunt
3188 2852 3249 2891 cx
3279 2853 3434 2907 para-

1854 2916 1991 2984 diso,
2033 2919 2234 2974 honore
2276 2920 2472 2974 caelesti
2517 2922 2804 2988 orbarunt,
2835 2931 2890 2977 ct
2913 2938 3105 2993 corpus
3134 2928 3432 2983 curabunt?

1855 3007 2096 3063 Ridicula
2129 3010 2241 3064 lucc
2262 3052 2277 3076 ,
2309 3020 2364 3066 ct
2391 3011 2603 3066 fabulae.
2639 3013 2916 3068 Dtemones
2956 3016 3190 3071 insidiari
3221 3019 3394 3073 sciunt
3420 3064 3430 3080 .

1854 3111 1918 3152 ac
1944 3113 2155 3163 nocere,
2187 3115 2291 3154 non
2318 3100 2517 3156 mederi
2545 3120 2558 3156 :
2588 3103 2778 3156 anitum
2810 3121 2914 3158 non
2946 3117 3197 3174 parcunt,
3231 3117 3284 3162 et
3310 3125 3431 3164 eor-

1854 3189 2073 3258 poribus
2103 3191 2356 3258 parcent?
2384 3191 2425 3245 E
2452 3206 2614 3261 regno
2651 3192 2844 3262 ejicere
2873 3206 3132 3249 conantur
3161 3214 3174 3250 :
3206 3208 3258 3251 et
3285 3214 3430 3252 mor-

1852 3278 1932 3334 bis
1955 3279 2130 3334 levare
2155 3294 2252 3334 nos
2280 3281 2532 3350 cupient?
2559 3281 2674 3337 Non
2705 3284 2857 3338 audis
2885 3285 3198 3354 prophetam
3225 3289 3427 3356 dicere,

1851 3379 2010 3440 atque
2039 3371 2210 3438 ipsum
2244 3371 2416 3440 potius
2440 3372 2602 3426 Deum
2631 3388 2727 3440 per
2748 3374 3082 3443 prophetam,
3112 3377 3232 3432 illos
3259 3395 3433 3448 neque

1851 3458 1987 3515 bene
2032 3475 2202 3531 neque
2241 3463 2378 3516 male
2410 3477 2565 3532 posse
2611 3463 2822 3520 facere?
2849 3467 3022 3535 Atque
3063 3467 3186 3522 licet
3227 3470 3431 3526 mederi

1851 3550 2015 3605 velint
2041 3565 2104 3604 ac
2134 3552 2360 3622 possint,
2390 3555 2531 3623 quod
2559 3554 2671 3608 ﬁeri
2701 3557 2883 3624 nequit
2912 3574 2925 3609 :
2959 3559 3027 3612 ob
3048 3558 3298 3614 lucellum
3326 3563 3431 3616 cxi-

1849 3640 1937 3708 gui
1985 3643 2237 3710 temporis
2277 3642 2570 3711 periculum
2608 3652 2928 3698 aitet-narum
2971 3661 3245 3715 ptenarum
3291 3649 3428 3704 haud

1852 3729 2184 3784 subeundum
2223 3742 2322 3785 cst.
2351 3730 2560 3802 Corpus
2587 3733 2819 3799 curabis,
2861 3744 2916 3787 ut
2943 3737 3172 3790 animam
3202 3738 3431 3806 perdas?

1851 3818 1965 3874 Non
1999 3821 2250 3889 prmclara
2278 3831 2360 3876 est
2400 3823 2710 3876 nundinatio
2741 3834 2825 3877 tua
2859 3842 2871 3875 :
2905 3827 3146 3894 corporis
3185 3828 3430 3885 condito-

1851 3925 1966 3965 rem
1995 3911 2282 3966 exacerbas
2313 3913 2499 3979 Deum,
2531 3923 2585 3968 et
2612 3915 2932 3970 insidiatoris
2957 3917 3028 3970 tui
3051 3919 3303 3973 auxilium
3331 3919 3430 3974 imo

1850 4003 2047 4072 ploras.
2079 4003 2268 4057 Annon
2307 4005 2404 4059 hac
2435 4007 2671 4068 ratione,
2703 4016 2918 4075 propter
2947 4008 3220 4062 medicinae
3249 4010 3428 4064 scien-

1853 4094 2001 4161 tiam,
2041 4094 2185 4148 nullo
2225 4095 2438 4164 negotio
2477 4095 2648 4164 quivis
2691 4098 3089 4165 superstitiosus
3133 4099 3324 4162 homo,
3365 4116 3431 4152 eo

1855 4193 1904 4239 te
1957 4185 2293 4252 pertraxerit,
2344 4184 2594 4240 Gentium
2644 4195 2696 4239 et
2745 4186 2875 4240 deos
2929 4195 2984 4240 ut
3029 4187 3259 4242 adores?
3298 4187 3430 4243 Nam

1852 4275 2046 4329 ethnici
2067 4291 2277 4346 quoque
2303 4275 2489 4329 horum
2516 4283 2630 4330 arte
2659 4277 2872 4330 morbos
2900 4291 3042 4346 srepe
3069 4287 3346 4343 curarunt,
3377 4289 3433 4332 et

1852 4377 2080 4438 aegrotos
2104 4367 2315 4422 sanitati
2345 4369 2707 4422 restituerunt.
2742 4368 2934 4424 ldeone
2959 4369 3244 4438 impietatis
3273 4372 3434 4438 parti-

1852 4460 1999 4530 cipes
2028 4459 2261 4514 erimus?
2281 4460 2450 4514 Absit.
2482 4459 2618 4513 Audi
2643 4460 2770 4528 quid
2797 4459 3002 4531 Moyses
3022 4460 3219 4516 Jud.eis
3245 4463 3385 4517 dicat
3414 4481 3427 4512 ;

1855 4549 1916 4604 Si
1961 4549 2234 4603 surrexerit
2280 4549 2334 4602 in
2381 4549 2541 4601 medio
2586 4549 2656 4602 tui
2707 4551 2952 4618 prop/tela
2974 4591 2990 4615 ,
3040 4561 3129 4603 aut
3174 4555 3433 4608 somnians

1853 4643 2125 4704 somnium,
2155 4649 2202 4693 et
2240 4640 2432 4693 dederit
2458 4639 2544 4691 tibi
2572 4640 2771 4709 signum
2811 4641 2886 4693 vel
2911 4651 3227 4709 portentum;
3253 4658 3430 4698 evene-

1852 4731 2013 4799 ritque
2041 4731 2240 4800 signum
2258 4728 2334 4782 vel
2362 4738 2663 4798 portentum,
2689 4730 2823 4797 quod
2847 4729 3081 4798 loquutus
3101 4740 3192 4794 est,
3218 4739 3271 4786 et
3289 4733 3435 4786 dixe-

1853 4823 1919 4875 rit
1945 4822 2011 4874 ad
2037 4831 2081 4874 te
2109 4837 2127 4874 :
2155 4836 2326 4873 eamus
2357 4829 2403 4873 et
2422 4820 2695 4873 serviamus
2721 4820 2818 4872 diis
2846 4821 3043 4885 alienis,
3071 4839 3194 4890 quos
3215 4840 3316 4878 non
3337 4842 3432 4878 no-

1856 4925 2031 4968 verunt
2059 4923 2227 4984 patres
2249 4913 2407 4965 nostri
2435 4927 2452 4965 :
2477 4928 2575 4965 non
2597 4912 2832 4966 obedietis
2858 4914 3014 4967 verbis
3039 4915 3316 4984 prop/teut,
3346 4927 3434 4971 aut

1854 5004 2172 5059 somniatoris
2214 5003 2352 5056 illius
2394 5001 2567 5072 (Deut.
2611 5003 2698 5056 15.
2746 5001 2816 5073 1).
2866 5005 3100 5069 Quorum
3146 5008 3432 5062 verborum

1856 5096 1971 5150 lucc
1996 5105 2080 5151 est
2107 5095 2367 5149 sententia
2399 5113 2409 5146 :
2437 5093 2491 5149 Si
2521 5094 2777 5163 propheta
2801 5096 3082 5164 quispiam,
3107 5096 3294 5168 inquit,
3315 5113 3437 5152 sur-

1857 5186 2073 5252 rexerit,
2104 5194 2159 5240 et
2198 5185 2407 5254 signum
2446 5184 2692 5251 ediderit,
2731 5186 2815 5240 vel
2859 5197 3125 5240 mortuum
3167 5187 3430 5253 excitarit,

1856 5279 1940 5332 vel
1965 5278 2236 5349 leprosum
2261 5276 2614 5341 mandaverit,
2642 5276 2727 5331 vel
2747 5277 2979 5332 debilem
3007 5280 3228 5344 sanarit,
3252 5279 3436 5348 signo-

1859 5385 1963 5439 que
2005 5368 2150 5424 edito
2196 5367 2264 5422 ad
2307 5367 2631 5436 impietatem
2679 5377 2731 5422 te
2773 5367 3006 5428 invitarit
3050 5384 3062 5421 :
3110 5381 3178 5421 ne
3217 5377 3436 5436 propter

1857 5462 1992 5533 signi
2020 5468 2274 5516 eventum
2297 5459 2535 5514 obcdias.
2564 5457 2778 5524 Quare?
2828 5457 3009 5512 Tentat
3028 5457 3160 5510 enim
3181 5466 3229 5511 te
3249 5456 3434 5512 Domi-

1861 5569 1954 5607 nus
1980 5551 2118 5606 Deus
2137 5559 2272 5615 tuus,
2293 5558 2348 5603 ut
2374 5549 2558 5614 uideat,
2582 5563 2650 5602 an
2669 5546 2852 5617 diligas
2872 5547 3040 5616 ipsum
3054 5562 3119 5599 ea:
3139 5556 3242 5599 toto
3289 5552 3445 5604 corde

1861 5657 1968 5709 tuo,
1996 5653 2042 5696 et
2071 5658 2132 5696 ea:
2160 5649 2263 5694 tota
2290 5640 2462 5694 anima
2489 5652 2577 5692 tua
2627 5636 2808 5709 (Ibid.
2835 5655 2884 5692 υ.
2930 5637 3007 5704 5).
3040 5635 3190 5692 Unde
3228 5647 3439 5692 censuit

1866 5735 2137 5790 dtcmones
2161 5745 2270 5786 non
2294 5727 2518 5786 mederi.
2549 5726 2700 5796 Quod
2722 5727 2788 5794 si,
2823 5727 2933 5784 Deo
2953 5726 3316 5798 permittente,
3341 5727 3440 5784 αιιο
