1933 3113
217 147 269 175 855

215 204 321 239 quando
343 202 508 232 medeantur,
531 198 751 235 quemadmodtnn
775 197 912 228 homines,
935 203 997 231 pcr-

216 250 306 277 missio
325 249 373 275 ista
392 247 420 274 fit
434 246 466 273 ad
486 246 522 272 tui
539 244 756 278 explorationem,
774 249 827 268 non
845 241 915 276 quod
931 241 1000 268 Deus

217 295 326 325 nesciat,
341 293 387 320 sed
401 296 428 319 ιιι
442 292 529 319 discas
541 296 588 317 eos
598 289 677 316 etiam
691 288 785 314 missos
801 287 887 314 facere
899 286 999 313 daemo-

217 347 274 371 nas,
288 338 331 373 qui
348 336 495 364 medentur.
510 335 547 361 Ac
559 333 620 368 quid
633 332 666 360 de
684 331 812 359 medicina
827 331 945 366 corporis
958 330 999 356 lo-

216 385 301 420 quor?
314 383 341 410 Si
361 382 420 417 quis
433 381 581 416 gehennam
598 378 713 405 minetur
726 377 782 409 tibi,
799 376 848 403 nisi
868 376 1001 403 Christum

217 430 343 463 abneges,
359 435 421 454 num
440 433 500 453 emn
519 423 662 452 admittes?
681 422 710 450 Si
731 421 790 456 quis
810 428 919 455 regnum
939 427 1000 454 pro-

218 475 311 504 tnittat,
326 477 354 500 ιιι
368 472 402 499 ab
417 471 551 506 unigenito
565 469 631 496 Filio
645 468 690 495 Dei
704 467 821 498 deﬁcias,
838 466 911 493 illum
925 472 1001 492 aver-

217 526 298 552 sator,
317 519 431 552 odiaque
446 517 621 551 prosequitor,
637 518 661 541 et
683 513 755 541 Pauli
769 512 914 546 discipulus
927 514 1001 542 esto;

217 574 314 600 easque
326 571 405 591 voces
414 562 561 594 atmulator,
576 567 640 595 qttas
650 560 742 586 beatus
755 559 810 590 ille,
823 562 850 585 et
858 563 1003 592 generosus

217 613 321 639 animus
332 617 427 644 magno
440 616 499 635 cum
515 608 631 634 clamore
642 605 724 632 cdidit
739 613 744 631 :
761 603 849 633 Certus
861 610 915 630 sum
926 602 1001 633 enim,

219 657 314 692 inquit,
336 655 403 690 quod
424 661 502 687 neque
524 660 601 683 mora,
624 658 703 685 neque
724 650 785 682 vita,
810 656 888 682 neque
910 647 1003 682 angeli,

219 708 297 736 neque
311 700 475 735 principatus,
490 705 567 730 neque
577 696 686 727 virtutes,
698 701 777 728 neque
789 693 916 724 instantia,
927 698 1006 725 neque

221 748 316 782 futura,
339 752 417 779 neque
435 743 557 773 altitudo,
576 748 654 774 neque
672 740 840 775 profundum,
856 746 934 772 neque
952 736 1005 764 ulla

220 792 271 817 alia
285 795 400 817 creatura
421 788 510 823 poterit
526 794 570 813 nos
585 793 702 819 separare
722 792 737 810 a
754 784 857 810 caritate
877 782 933 815 Dei,
951 789 1006 816 quw

220 838 295 864 estin
315 835 413 863 Christo
433 833 495 860 Jesu
514 832 621 859 Domino
641 835 726 857 nostra
740 830 825 865 (Rom.
845 829 874 856 8.
891 828 935 855 58.
948 828 1004 861 59).

218 883 297 909 Illum
309 888 361 908 non
375 879 471 915 angeli,
485 886 538 905 non
552 877 674 908 virtutes,
691 883 743 902 non
755 875 889 905 instantia,
901 881 953 900 non
968 873 1006 899 fu-

222 933 289 960 tura,
307 933 360 953 non
375 925 424 952 alia
440 928 559 951 creatura
572 930 585 948 a
605 921 714 949 caritate
727 920 825 947 Christi
838 923 943 953 separat
958 927 963 944 :
980 923 1008 945 et

220 977 248 1001 te
257 978 319 1000 cura
331 969 449 1005 corporis
462 969 495 996 ad
510 967 683 994 defectionem
697 964 822 1000 impellit?
832 964 921 998 Ecqua
931 963 1007 990 venia

223 1020 305 1055 possit
315 1015 471 1052 impetrari?
485 1015 577 1042 Merito
589 1014 659 1040 enim
674 1012 729 1047 ipsa
744 1011 865 1046 gehenna
880 1009 1007 1037 formida-

223 1054 301 1091 bilior
318 1061 395 1089 nobis
409 1065 450 1088 est
461 1059 591 1089 Christus,
608 1063 635 1085 et
655 1057 713 1091 ipso
727 1063 808 1091 regno
826 1056 921 1090 potior.
936 1054 1009 1081 Licet

224 1112 399 1142 :cgrotemus:
417 1109 525 1139 pra-stat
537 1111 585 1129 nos
601 1102 692 1129 morbo
705 1101 797 1135 afﬂigi,
812 1107 901 1135 quam,
917 1104 946 1127 ut
959 1099 1009 1127 hoc

222 1153 352 1182 levemur,
378 1150 411 1177 ad
436 1149 596 1183 impietatem
624 1146 734 1182 prolabi.
759 1146 794 1174 Ut
818 1145 889 1173 enim
910 1145 1010 1172 sanarit

226 1197 341 1227 daemon,
354 1195 411 1229 plus
423 1193 517 1227 obfuit,
532 1201 610 1228 quant
624 1192 731 1228 profuit.
748 1191 813 1219 Nam
828 1191 934 1226 corpori
950 1191 1010 1226 qui-

223 1242 285 1269 dem
298 1241 477 1268 emolumento
491 1239 603 1271 fuit,cui
614 1239 722 1265 omnino
732 1242 773 1266 est
786 1238 863 1272 paulo
877 1242 937 1272 post
951 1244 1010 1264 mo-

226 1287 356 1318 riendum,
367 1286 490 1321 quodque
501 1289 633 1319 putreseet
647 1293 653 1310 :
666 1284 755 1311 animo
767 1288 855 1311 autem
867 1282 1011 1310 immortali

222 1333 412 1360 detrimentum
426 1324 522 1357 attulit.
539 1331 578 1357 Ac
592 1329 815 1365 quemadmodum
826 1328 944 1363 plagiarii
957 1327 1013 1355 bel-

225 1379 302 1410 laria,
324 1378 469 1412 placentas,
489 1376 567 1408 talos,
590 1381 669 1409 atque
687 1374 713 1401 id
732 1381 815 1409 genus
829 1374 880 1401 alia
897 1373 1013 1408 parvulis

226 1432 297 1459 smpe
314 1423 401 1458 pueris
415 1423 560 1458 porrigunt,
582 1421 677 1456 quibus
696 1421 827 1448 inescatos
848 1419 969 1447 libertate
986 1422 1013 1446 et

224 1469 278 1496 vita
294 1469 349 1503 ipsa
365 1469 467 1502 privant
487 1476 493 1493 :
510 1466 543 1493 ad
555 1466 676 1493 eumdem
695 1466 774 1493 etiam
791 1464 897 1492 modum
914 1463 1013 1490 daemo-

226 1522 274 1542 nes
285 1514 394 1541 membri
406 1521 496 1540 curam
508 1513 674 1547 pollicentur,
686 1516 711 1538 et
724 1518 830 1538 omnem
844 1510 924 1537 animi
937 1510 1012 1537 salu-

226 1564 277 1586 tem
290 1558 449 1593 przecipitem
458 1561 546 1591 agunt.
557 1556 664 1589 Verum,
674 1556 770 1588 dilecti,
781 1563 814 1582 ne
822 1555 847 1582 id
856 1555 1010 1586 toleremus;

226 1605 272 1631 sed
291 1604 324 1630 ab
345 1602 480 1638 impiefate
499 1602 679 1628 liberationem
700 1601 793 1635 quovis
811 1600 891 1627 modo
908 1607 1011 1634 qumra-

225 1657 293 1676 mus.
307 1649 400 1675 Annon
415 1647 505 1677 Johns.
517 1654 611 1681 passus
630 1646 679 1674 sibi
693 1647 727 1673 ab
741 1653 824 1672 uxore
840 1645 1009 1680 persuaderi,

226 1693 410 1727 blasphemare
420 1692 446 1718 in
464 1692 544 1717 Deutn
560 1691 695 1725 potuisset,
712 1695 738 1717 et
748 1698 797 1724 qua
813 1689 955 1724 urgebatur
967 1696 1012 1716 ca-

227 1738 345 1765 lamitate
357 1737 481 1764 liberari?
498 1736 544 1762 Dic
558 1736 667 1766 verbum,
683 1735 775 1769 inquit,
792 1735 908 1761 adversus
921 1734 1011 1761 Domi-

227 1791 298 1815 num,
313 1787 335 1808 et
349 1790 444 1808 morere
459 1781 519 1817 (Job
540 1780 567 1806 2.
589 1780 629 1813 9).
641 1780 739 1806 Verum
751 1780 773 1806 is
785 1780 896 1806 cruciari
909 1780 1009 1811 maluit,

227 1834 253 1856 et
279 1827 417 1857 macerari,
442 1827 598 1861 plagamque
622 1826 693 1852 illam
713 1825 784 1852 ferre
804 1825 1010 1858 intolerabilem,

227 1880 305 1907 quain
319 1872 511 1906 blasphemarc,
521 1876 549 1898 et
559 1870 636 1897 malis
649 1870 822 1904 praesentibus
835 1871 926 1897 eximi.
939 1871 1012 1897 llnne

229 1924 256 1944 tu
269 1924 373 1951 quoque
385 1917 519 1947 tumulare,
544 1916 663 1950 quamvis
681 1915 780 1942 infinita
798 1915 937 1949 malorum,
952 1916 1010 1950 qni-

230 1965 277 1990 bus
288 1962 430 1995 divcxaris,
443 1962 545 1988 dmmnn
559 1961 676 1988 remedia
691 1961 843 1995 polliceatur
860 1970 866 1988 z
881 1969 914 1988 ne
932 1961 1011 1988 fidem

227 2009 335 2041 habeas,
358 2015 443 2042 neque
464 2007 577 2039 toleres;
598 2007 819 2041 quemadmodum
841 2015 926 2042 neque
940 2007 1012 2042 justo

229 2054 265 2080 illi
280 2053 439 2088 persuadere
453 2060 518 2079 uxor
534 2051 625 2086 potuit.
642 2051 693 2078 Sed
709 2051 828 2078 morbum
847 2051 907 2078 forti
924 2052 1012 2078 animo

228 2099 316 2132 potius
340 2098 436 2131 perfer,
457 2104 536 2131 quain
562 2096 639 2123 ﬁdem
664 2100 690 2123 et
710 2096 820 2123 salutem
843 2097 940 2123 animae
962 2102 1012 2123 tua:

229 2143 394 2177 pessutndes.
415 2142 506 2175 Neque
528 2141 598 2167 enim
622 2142 691 2168 Deus
714 2146 739 2168 te
758 2141 918 2175 derelinquit
936 2151 942 2168 :
966 2142 1012 2168 sed

230 2189 313 2223 magis
337 2188 507 2222 conspicttutn
535 2192 563 2213 ut
589 2186 699 2218 reddat,
726 2188 844 2221 e0rporis
867 2187 1011 2214 infirmitati

228 2240 300 2267 εει-νο
319 2232 435 2266 subjicit.
452 2231 542 2258 Perfer
559 2231 647 2265 igitur,
666 2236 695 2258 ut
714 2236 741 2257 tu
760 2239 864 2266 quoque
886 2232 949 2258 illud
963 2239 1013 2259 au-

229 2279 303 2306 dias:
319 2277 387 2304 Num
400 2282 427 2304 tu
440 2285 534 2308 censes,
546 2285 586 2304 me
602 2277 679 2303 aliam
696 2277 726 2303 ob
744 2285 846 2304 causam
863 2277 907 2304 tibi
921 2286 1011 2305 oracu-

230 2324 280 2350 hon
295 2323 411 2356 edidisse,
425 2331 500 2357 quam
513 2327 540 2349 ut
548 2323 635 2357 justas
644 2330 768 2357 appareat
777 2322 836 2357 (Job
844 2321 887 2349 40.
901 2321 928 2348 5.
944 2322 966 2355 )?

265 2369 290 2395 8.
307 2368 417 2395 Possent
439 2368 512 2402 plura
536 2367 615 2394 etiam
637 2372 734 2401 praeter
748 2367 804 2393 lucc
825 2367 876 2394 diei
893 2376 899 2393 :
916 2368 962 2394 sed
985 2372 1013 2395 ut

227 2421 286 2447 qua:
296 2413 352 2447 jam
364 2412 475 2439 audistis
486 2412 520 2438 ab
533 2412 666 2438 oblivione
678 2411 844 2438 vindicentur
855 2432 861 2442 ,
878 2412 956 2439 tinem
971 2412 1012 2439 ltic

227 2458 340 2484 orationi
366 2457 478 2490 faciam,
506 2457 550 2483 ubi
577 2456 674 2491 Moysis
695 2457 773 2483 verba
798 2458 870 2491 prius
893 2457 1009 2485 dixero:

230 2502 317 2529 Testor
328 2502 458 2528 adversum
472 2509 514 2528 vos
526 2502 599 2528 hodie
613 2502 700 2528 ειείιιηι
714 2507 735 2528 et
751 2507 842 2528 terram
856 2502 865 2537 (
878 2502 950 2529 Deut.
966 2503 1009 2531 50.

228 2547 281 2582 19)
296 2567 304 2580 ,
319 2547 341 2574 si
361 2546 489 2581 quispiam
503 2552 619 2573 vestrum
635 2554 751 2580 praesens
771 2548 900 2575 absensve
912 2569 919 2580 ,
936 2549 1012 2577 tubas

227 2597 374 2626 spectatum
398 2592 509 2623 abierit,
533 2596 578 2618 attt
591 2592 624 2619 ad
638 2592 802 2627 Synagogatn
826 2594 1010 2627 contenderit,

227 2644 273 2666 aut
290 2639 323 2666 ad
342 2638 468 2665 Matrome
480 2638 619 2665 delubrum
633 2639 799 2671 ascenderit,
813 2644 859 2666 aut
876 2639 969 2675 jejunii
984 2645 1012 2668 et

228 2685 402 2712 Sabbatorum
424 2684 553 2718 particeps
566 2683 662 2715 fuerit,
678 2688 723 2710 aut
735 2683 814 2710 alium
828 2685 906 2712 ritum
919 2685 1010 2712 Judai-

227 2736 287 2756 cum
311 2735 504 2763 quemcumque
530 2727 726 2759 observaverit,
752 2729 886 2756 innoxium
911 2738 953 2757 me
978 2731 1011 2758 ab

228 2776 346 2802 omnium
364 2778 480 2800 vestrum
494 2780 620 2806 sangume
640 2780 710 2800 esse.
725 2774 755 2801 Hi
778 2781 914 2803 sermones
929 2777 953 2802 in
968 2776 1011 2804 die

229 2819 332 2846 Domini
346 2819 428 2846 nostri
443 2818 504 2846 Jesu
516 2817 613 2846 Christi
625 2822 653 2846 et
665 2819 727 2846 milii
739 2824 765 2847 et
778 2820 854 2847 vobis
867 2821 1008 2850 sistentur:

563 143 592 169 5.
612 140 749 169 JOANNIS
767 138 1000 167 CllRYSOSTOMl
1023 138 1183 166 ARCIIIEP.
1206 136 1470 165 CONSTANTINOP.
1786 134 1839 160 εῖις

1053 202 1079 222 et
1093 196 1115 222 si
1130 195 1290 224 obedieritis.
1306 194 1418 221 mttltum
1433 193 1508 220 vobis
1521 192 1617 220 dabunt
1636 192 1736 219 fiduciae
1749 201 1755 218 :
1768 192 1841 227 quod

1052 240 1074 267 si
1094 248 1145 267 non
1159 240 1310 275 parueritis,
1326 245 1370 265 aut
1383 237 1510 273 quosdam
1526 238 1586 265 talia
1599 245 1677 264 ausos
1688 238 1843 264 occultavc~

1052 286 1120 318 ritis,
1136 291 1267 319 tamquam
1282 292 1356 311 acres
1369 288 1537 311 accusatores
1549 291 1580 311 ex
1595 283 1707 310 adverso
1720 283 1842 311 stabunt.

1055 330 1115 357 Non
1136 330 1202 357 enim
1224 330 1381 365 subterfugi,
1405 338 1453 362 quo
1475 330 1558 355 minus
1580 329 1755 356 attnuntiarem
1773 329 1844 355 voth

1054 384 1126 404 omne
1141 376 1186 403 Dei
1207 376 1339 403 consilium
1352 376 1360 410 (
1373 376 1428 402 Act.
1441 376 1487 403 20.
1502 375 1537 402 27
1548 376 1557 410 )
1569 396 1576 406 ,
1599 375 1644 402 sed
1659 380 1686 402 et
1700 374 1844 402 mensariis

1054 422 1191 458 pecuniam
1214 422 1345 449 commisi.
1365 421 1503 457 Reliquum
1518 425 1560 448 est
1581 427 1610 447 ut
1622 421 1769 455 depositam
1793 428 1844 446 air

1054 474 1157 503 genus,
1181 468 1319 503 fructuqtte
1341 468 1477 495 coneionis
1499 468 1532 495 ad
1557 467 1665 494 fratrum
1691 471 1844 494 vestrorum

1055 515 1166 542 salutem
1181 514 1299 541 utamini.
1316 515 1348 541 At
1371 514 1509 541 molestum
1525 517 1552 541 et
1564 512 1683 540 odiosum
1698 518 1738 540 est
1760 513 1786 539 in
1801 512 1847 539 his

1055 564 1195 594 peccantes
1207 559 1310 586 deferre
1320 559 1333 585 ἲ)
1345 558 1435 586 ltidetn
1450 563 1475 585 et
1491 558 1578 585 silere.
1593 558 1656 584 Tam
1671 558 1741 584 enim
1754 558 1845 590 vobis,

1056 605 1099 638 qui
1114 605 1210 638 legitis,
1225 612 1305 638 quam
1318 604 1368 630 illis
1381 604 1424 638 qtti
1438 604 1530 636 latent,
1543 603 1676 629 silentium
1691 603 1740 629 hoc
1752 604 1848 637 perni-

1057 650 1124 677 ciem
1138 650 1234 681 affert,
1251 650 1332 676 Demn
1355 649 1429 676 nobis
1451 649 1585 675 inimicum
1599 648 1722 675 reddens.
1738 648 1849 681 Quanto

1057 700 1145 721 autem
1161 699 1275 728 prazstat,
1286 695 1311 721 in
1325 701 1511 721 conservorum
1525 693 1586 720 odio
1600 700 1659 720 esse
1672 693 1704 719 ad
1718 693 1846 725 salutem,

1058 747 1135 774 quam
1152 740 1255 766 Domini
1276 740 1343 766 iram
1358 739 1484 766 adversus
1498 746 1548 766 nos
1566 739 1715 765 concitari?
1738 739 1848 765 Illorum

1058 785 1127 811 cnim
1142 784 1300 819 quicumque
1312 805 1319 816 ,
1336 789 1364 811 ut
1383 784 1437 818 jam
1460 783 1608 818 indignetur
1620 804 1626 814 ,
1640 783 1766 810 damnum
1780 783 1848 810 dare

1058 837 1110 856 non
1126 829 1239 864 poterit,
1254 830 1316 863 quin
1329 837 1376 864 pro
1388 829 1516 856 medicina
1531 829 1628 863 gratias
1643 828 1747 855 tandem
1762 833 1823 863 aget
1841 837 1847 853 :

1059 875 1128 902 Deus
1149 882 1231 907 vero,
1256 875 1298 901 ubi
1323 875 1436 902 tacueris
1457 879 1484 901 et
1505 875 1651 901 occulueris
1676 875 1700 900 iu
1723 874 1849 901 conservi

1058 920 1181 954 gratiam,
1197 927 1256 946 cum
1272 919 1350 953 hujus
1365 920 1488 954 pernicie,
1507 927 1596 953 pu-nas
1611 919 1658 946 abs
1674 923 1699 946 te
1713 923 1850 946 extremm

1060 970 1173 999 expetet.
1188 964 1279 998 Quare
1288 964 1399 992 tacendo
1418 970 1444 991 et
1458 964 1539 991 Deum
1554 965 1598 991 tibi
1613 965 1714 991 hostem
1729 964 1829 991 reddes
1842 984 1849 995 ,

1061 1015 1088 1037 et
1101 1010 1207 1037 nocebis
1220 1009 1310 1037 fratri:
1321 1009 1463 1037 deferendo
1471 1015 1557 1036 autem
1573 1010 1642 1036 htmc
1654 1015 1680 1036 et
1694 1009 1850 1042 indicando,

1061 1060 1087 1083 ct
1109 1056 1191 1083 Deum
1207 1055 1316 1082 habebis
1336 1056 1475 1090 propitittm
1487 1076 1495 1088 ,
1510 1061 1536 1082 et
1557 1057 1663 1082 fratrem
1678 1055 1830 1082 luerifacics
1843 1076 1849 1086 .

1061 1102 1228 1136 amicumque
1249 1101 1354 1135 parabis
1365 1106 1442 1128 antea
1464 1101 1630 1128 furibundum
1643 1122 1650 1134 ,
1664 1101 1830 1135 experientia
1842 1122 1850 1132 ,

1062 1146 1111 1181 ipsi
1126 1151 1151 1174 te
1162 1147 1229 1174 bene
1242 1146 1346 1178 fecisse,
1362 1147 1495 1174 edoctum.
1510 1147 1548 1174 Ne
1562 1147 1650 1181 itaque
1664 1154 1711 1173 vos
1725 1146 1852 1173 fratribus

1061 1191 1204 1227 gratificari
1227 1192 1340 1227 putetis,
1357 1192 1380 1219 si
1401 1192 1508 1219 absurdi
1522 1192 1584 1226 quid
1605 1199 1651 1219 eos
1672 1192 1768 1218 sectari
1792 1199 1852 1218 eer-

1064 1237 1132 1264 natis
1143 1257 1152 1270 ,
1174 1244 1259 1271 neque
1272 1237 1343 1264 omni
1356 1237 1436 1264 animi
1450 1237 1620 1264 contentione
1638 1237 1710 1271 ipsos
1723 1236 1852 1270 arguatis.

1063 1284 1166 1311 Amissa
1181 1288 1265 1317 veste,
1280 1291 1313 1310 an
1329 1283 1414 1311 furem
1430 1288 1542 1317 tantum,
1558 1291 1610 1311 non
1625 1284 1684 1310 furti
1699 1284 1851 1314 Conscium,

1063 1336 1149 1363 neque
1163 1328 1321 1356 indicantem
1334 1349 1341 1360 ,
1365 1329 1484 1356 similiter
1499 1336 1546 1363 pro
1561 1329 1637 1356 hoste
1649 1328 1725 1356 ducis
1735 1328 1748 1354 τ
1769 1328 1854 1355 Mater

1064 1379 1154 1401 nostra
1167 1374 1315 1401 communis
1337 1374 1454 1401 Ecclesia
1473 1382 1524 1400 nou
1547 1378 1646 1400 vestem
1658 1393 1666 1405 ,
1681 1373 1727 1400 sed
1738 1373 1854 1400 fratrem

1064 1420 1170 1453 amisit;
1194 1424 1272 1455 quem
1294 1419 1413 1447 diabolus
1434 1420 1502 1446 clam
1524 1423 1643 1453 ereptum
1666 1419 1691 1445 iu
1713 1418 1854 1446 Judaisrnu

1064 1466 1187 1493 detinet:
1203 1466 1271 1493 nosti
1295 1470 1426 1500 raptorem
1440 1485 1447 1496 ,
1472 1466 1539 1492 nosti
1563 1470 1666 1499 raptum
1683 1473 1690 1491 :
1709 1465 1785 1491 vides
1812 1473 1856 1492 me

1064 1511 1191 1539 doctrinae
1206 1518 1355 1538 sermonem
1379 1516 1511 1545 tamquam
1535 1510 1667 1536 lucernam
1683 1511 1833 1536 accendere
1846 1530 1854 1540 ,

1065 1557 1160 1591 ubique
1172 1564 1231 1583 cum
1247 1557 1353 1591 planctu
1366 1552 1486 1590 qua-rere
1497 1563 1505 1581 :
1517 1559 1542 1582 et
1556 1559 1582 1581 tu
1594 1555 1675 1582 silens
1687 1559 1753 1586 stas,
1767 1562 1855 1587 neque

1065 1601 1181 1629 indicas?
1191 1601 1255 1633 Quae
1268 1601 1313 1627 tibi
1327 1600 1419 1627 venia?
1428 1599 1521 1627 Nonne
1534 1607 1583 1634 pro
1594 1606 1697 1626 summo
1712 1599 1824 1626 habehex
1833 1601 1856 1625 is

1064 1647 1170 1674 inimico
1185 1647 1308 1674 Ecclesia:
1320 1667 1327 1677 ,
1344 1651 1421 1681 teque
1435 1646 1479 1673 illa
1494 1646 1596 1673 hostem
1607 1644 1737 1680 judicabit
1748 1649 1778 1672 et
1793 1653 1856 1679 pro-

1064 1692 1175 1719 ditorem
1187 1692 1198 1718 ?
1213 1692 1309 1719 Verum
1324 1692 1410 1725 absit,
1424 1696 1453 1718 ut
1465 1692 1602 1726 quisquam
1614 1699 1706 1718 eorum
1718 1712 1726 1723 ,
1742 1692 1787 1726 qui
1804 1692 1857 1719 hoc

1064 1738 1201 1766 consitium
1223 1738 1350 1769 audiunt,
1367 1738 1445 1765 talem
1459 1738 1563 1772 culpam
1585 1737 1725 1770 admittat,
1742 1736 1857 1764 fratrem

1064 1790 1093 1811 ut
1115 1784 1226 1819 prodat,
1249 1791 1297 1818 pro
1318 1792 1371 1818 quo
1384 1782 1503 1811 Christus
1524 1788 1565 1810 est
1585 1788 1713 1810 mortuus.
1730 1783 1858 1810 Christus

1064 1829 1217 1863 sanguinem
1230 1828 1320 1856 effudit
1339 1833 1446 1863 propter
1459 1829 1544 1863 ipsum
1560 1837 1567 1855 :
1584 1833 1611 1855 tu
1623 1836 1656 1855 ne
1669 1828 1779 1855 verbum
1793 1830 1857 1862 qui-

1064 1874 1123 1901 dem
1139 1879 1246 1909 propter
1265 1875 1350 1909 ipsum
1365 1874 1474 1901 fundere
1488 1873 1623 1901 sustines?
1638 1873 1675 1901 Ne
1690 1874 1856 1900 cunctamini

1065 1919 1157 1946 hortor
1173 1927 1179 1946 :
1196 1919 1243 1946 sed
1264 1920 1352 1946 statim
1366 1919 1428 1946 hinc
1445 1918 1558 1953 digressi
1579 1918 1611 1945 ad
1626 1918 1693 1945 hanc
1713 1923 1856 1952 capturant

1065 1964 1218 1996 iucitcmini,
1229 1969 1255 1991 et
1269 1964 1380 1999 quilibet
1388 1969 1503 1991 vestrum
1518 1963 1581 1991 tnihi
1594 1963 1705 1990 adducat
1720 1964 1858 1998 ejusmodi

1064 2010 1157 2037 morbo
1170 2010 1323 2037 obnoxium.
1338 2010 1404 2043 Quin
1424 2010 1494 2037 absit
1513 2010 1599 2044 potius
1610 2029 1619 2042 ,
1634 2014 1662 2036 ut
1676 2014 1713 2035 tot
1727 2009 1859 2036 homines

1065 2054 1157 2081 morbo
1171 2055 1222 2081 isto
1236 2059 1384 2082 teneantur.
1401 2054 1457 2081 Bini
1471 2058 1498 2081 et
1511 2054 1576 2081 terni
1591 2061 1607 2081 e
1621 2053 1704 2083 vobis.
1713 2058 1758 2080 aut
1773 2055 1860 2080 etiam

1065 2101 1125 2128 deni
1147 2106 1173 2128 ct
1196 2101 1281 2127 viceni
1304 2108 1383 2127 unttm
1409 2100 1562 2127 adducant:
1579 2104 1628 2132 ut,
1649 2105 1756 2133 captura
1783 2100 1861 2127 velut.

1066 2147 1175 2181 piscium
1189 2146 1232 2172 die
1244 2146 1289 2172 illo
1301 2150 1441 2180 conspecta
1456 2146 1523 2172 inter
1536 2146 1611 2177 retia,
1627 2145 1763 2171 lautiorem
1779 2153 1861 2172 Ineu-

1065 2198 1121 2217 sam
1135 2191 1208 2217 vobis
1221 2198 1361 2225 apponam.
1385 2191 1432 2218 Ubi
1448 2192 1518 2218 enim
1541 2190 1695 2217 ltodicrnttm
1710 2191 1860 2218 consilium

1065 2243 1145 2270 opere
1157 2236 1284 2270 compleri
1298 2236 1400 2269 videro,
1417 2236 1576 2271 promptiore
1583 2236 1671 2262 animo
1685 2244 1779 2263 curant
1798 2237 1861 2263 illn-

1065 2287 1123 2306 rum
1138 2281 1279 2315 suscipiant
1290 2301 1298 2313 ,
1313 2281 1416 2314 eritque
1429 2286 1480 2307 tam
1491 2281 1575 2313 vobis,
1589 2288 1667 2315 quam
1682 2281 1736 2308 illis
1750 2282 1858 2309 lucrum

1065 2324 1158 2359 majus.
1172 2324 1211 2351 Ne
1229 2325 1308 2359 igitur
1322 2325 1460 2360 negligatis
1475 2333 1482 2352 :
1498 2325 1543 2352 sed
1557 2329 1583 2352 et
1602 2325 1706 2352 femina:
1720 2326 1834 2353 feminas
1848 2348 1856 2356 ,

1065 2374 1092 2396 et
1114 2370 1161 2396 viri
1182 2370 1253 2397 viros
1264 2391 1271 2402 ,
1296 2376 1323 2398 et
1336 2371 1405 2398 servi
1419 2378 1511 2398 servos
1522 2391 1529 2402 ,
1545 2375 1572 2398 et
1595 2371 1669 2398 liberi
1684 2371 1785 2398 liberos
1796 2393 1804 2404 ,
1828 2378 1858 2399 et.

1065 2415 1138 2449 pueri
1162 2423 1256 2449 pueros
1268 2437 1275 2446 ,
1292 2416 1386 2450 singuli
1408 2416 1520 2450 denique
1534 2416 1604 2443 omni
1618 2416 1706 2443 studio
1729 2416 1754 2443 id
1770 2424 1856 2451 genus

1065 2461 1164 2487 morbis
1179 2466 1314 2496 correptos
1322 2461 1442 2496 captetis,
1451 2465 1479 2488 et
1492 2461 1527 2488 ita
1540 2461 1696 2488 concionem
1705 2462 1855 2495 proximam

1065 2505 1255 2539 frequentctis,
1280 2510 1308 2533 ut
1332 2511 1385 2532 eta
1401 2506 1477 2533 nobis
1499 2505 1604 2533 laudem
1629 2507 1852 2540 consequatnini,

1064 2555 1091 2577 et
1099 2555 1160 2577 ante
1169 2551 1297 2584 praeconia
1306 2555 1394 2578 nostra
1404 2552 1510 2577 multam
1520 2559 1532 2576 a
1543 2551 1596 2577 Deo
1604 2554 1683 2585 atque
1692 2550 1854 2578 inetl'abilem

1064 2596 1231 2629 mercedem,
1248 2604 1359 2631 qumque
1373 2597 1476 2624 labores
1493 2597 1617 2630 prrcclare
1631 2605 1690 2624 sese
1705 2599 1853 2631 gerentium

1065 2641 1176 2667 multum
1190 2643 1302 2675 excedit,
1313 2642 1441 2669 referatis.
1452 2642 1526 2675 Quod
1539 2642 1636 2668 utinam
1646 2643 1722 2668 nobis
1733 2642 1853 2676 obtingat

1064 2687 1213 2720 universis,
1236 2689 1318 2722 gratia
1340 2693 1367 2715 et
1386 2688 1548 2723 benignitate
1563 2688 1667 2715 Domini
1689 2688 1776 2715 nostri
1789 2688 1852 2715 Jesu

1064 2732 1172 2765 Christi,
1182 2741 1229 2768 per
1235 2741 1314 2768 qttcm
1327 2738 1421 2761 etcum
1433 2741 1486 2768 quo
1494 2734 1528 2761 sit
1538 2733 1621 2768 gloria
1628 2732 1710 2765 Patri,
1720 2733 1852 2769 simulque

1064 2777 1172 2811 Spiritui
1181 2782 1281 2811 sancto,
1289 2787 1358 2806 nttnc
1365 2783 1535 2813 etsemperet
1541 2779 1568 2805 in
1576 2779 1671 2806 smcula
1680 2781 1848 2808 saeculorum.

1064 2824 1158 2851 Amen.

1912 2207 1916 2442 l
