3826 6222
398 218 504 274 857

1108 217 1168 273 S.
1204 214 1490 274 JOA‘NNIS
1524 213 1988 272 ειιῐιγδοετον

2100 212 2372 271 ιίΕΙΙΙΕΡ.
2405 213 2959 272 CONSTANTINOP.

406 567 562 637 Πρὸς
588 565 728 633 τοὺς
764 564 1174 636 νηστεύοντας
1207 562 1325 649 τὴν
1368 561 1489 616 τῶν
1532 560 1836 617 Ἰουδαίων
1873 560 2186 629 νηστείαν,
2212 550 2311 615 καί
2340 562 2491 629 πρὸς
2508 561 2732 628 αὐτοὺς
2754 560 2897 629 τοὺς
2935 560 3290 629 Ἰουδαίους.
3321 560 3571 633 Ἐλέχθη
3610 554 3679 615 δὲ

1037 656 1153 725 πρὸ
1173 655 1356 710 πέντε
1382 654 1621 725 ἡμερῶν
1640 653 1749 720 τῆς
1778 654 2065 721 νηστείας
2089 652 2309 722 αὐτῶν,
2342 656 2439 710 καί
2468 656 2666 723 ἄλλης
2691 654 2806 724 ἤδη
2836 657 3178 727 λεχθείσης.

928 971 1119 1040 Λόγος
1144 968 1438 1039 δεύτερος.

471 1065 539 1113 α’.
571 1058 637 1112 Ἦ
672 1056 772 1127 μὲν
794 1055 1115 1128 παράνομος
1138 1056 1233 1108 καὶ
1248 1055 1558 1127 ἀκάθαρτος
1573 1055 1682 1109 τῶν
1720 1054 1988 1110 Ἰουδαίων

400 1141 624 1212 νηστεία
669 1140 853 1194 λοιπὸν
905 1138 1000 1192 ἐπὶ
1057 1137 1271 1209 θύραις.
1322 1139 1414 1209 Μὴ
1447 1139 1788 1210 ιθαυμάσητε
1830 1140 1887 1192 δὲ
1938 1142 1987 1194 εἰ

400 1224 711 1296 ἀκάθαρτον
750 1221 921 1293 αὐτὴν
969 1221 1205 1276 ἐκάλεσα
1260 1222 1514 1291 νηστείαν
1545 1217 1741 1276 οὖσαν·
1787 1222 1846 1275 τὸ
1878 1222 1988 1292 γὰρ

400 1309 555 1380 παρὰ
583 1308 808 1377 γνώμην
844 1305 981 1360 Θεοῦ
1018 1306 1323 1375 γινόμενον,
1381 1304 1485 1357 κᾶν
1531 1304 1710 1368 θυσία,
1752 1306 1857 1358 κᾶν
1889 1322 1987 1375 νη-

400 1394 555 1449 στεία
575 1388 866 1466 ᾖ,πάντων
895 1390 1042 1443 ἐστὶν
1064 1388 1441 1459 ἐναγέστερον.
1473 1390 1537 1442 Ἠ
1572 1390 1671 1459 μὲν
1696 1385 1788 1443 οὖν
1817 1391 1989 1461 παρά-

399 1493 564 1548 νομος
615 1472 797 1528 αὐτῶν
848 1472 1075 1542 νηστεία
1131 1470 1273 1541 μετά
1325 1472 1486 1525 πέντε
1538 1472 1723 1526 λοιπὸν
1776 1474 1988 1543 ἡμέρας

401 1559 709 1627 ἐφίσταται·
731 1553 842 1623 ἐγὼ
867 1555 923 1608 δὲ
948 1556 1056 1626 πρὸ
1079 1555 1212 1608 δέκα
1244 1554 1489 1625 ἡμερῶν,
1515 1555 1546 1627 ἢ
1579 1556 1677 1609 καὶ
1703 1555 1983 1620 πλειόνων,

402 1641 689 1714 προλαϐὼν
716 1640 1060 1709 ἐποιησάμην
1116 1639 1251 1709 πρὸς
1298 1639 1442 1708 ὑμᾶς
1476 1640 1574 1711 τὴν
1628 1640 1983 1712 παραίνεσιν,

399 1725 539 1778 ὥστε
571 1720 973 1792 ἀσφαλίσασθαι
1021 1721 1147 1784 τοὺς
1188 1719 1452 1789 ἀδελφοὺς
1488 1722 1616 1785 τοὺς
1659 1722 1981 1794 ὑμετέρους.

412 1807 573 1861 Ἀλλά
601 1806 790 1877 μηδεὶς
809 1803 1071 1875 ἀκαιρίαν
1096 1804 1555 1871 καταγινωσκέτω
1576 1803 1670 1858 τοῦ
1698 1805 1880 1873 λόγου,
1903 1807 1984 1860 ὅτι

401 1892 509 1963 πρὸ
534 1889 802 1945 τοσούτων
825 1887 1051 1959 ἡμερῶν
1089 1886 1250 1940 αὑτὸν
1284 1885 1719 1958 προεδαλόμεθα.
1746 1888 1856 1942 Καὶ
1877 1888 1985 1960 γάρ

401 1972 637 2046 πυρετοῦ
663 1970 1133 2042 προσδοκωμένου,
1162 1970 1195 2040 ἡ
1221 1971 1315 2023 καὶ
1351 1971 1538 2041 ἐτέρου
1566 1971 1710 2035 τινὸς
1737 1972 1983 2041 νοσήμα-

398 2075 512 2121 τος,
562 2056 1039 2127 προλαμϐάνοντες
1088 2050 1152 2105 τὸ
1196 2052 1293 2105 τοῦ
1348 2052 1636 2122 μέλλοντος
1678 2052 1985 2107 ἁλώσεσθαι

402 2140 566 2209 σῶμα
599 2137 819 2200 πολλαῖς
843 2136 1232 2205 άσφαλίζονται
1260 2136 1601 2207 θεραπείαις,
1638 2136 1985 2208 ἐπειγόμενοι

346 2260 355 2273 ι
403 2224 510 2295 πρὸ
555 2223 654 2293 τῆς
706 2221 905 2293 πείρας
945 2220 1044 2290 τῆς
1099 2219 1291 2288 ἐφόδου
1327 2217 1439 2273 τῶν
1501 2219 1805 2290 μελλόντων
1852 2219 1986 2275 αὐτὸ

405 2304 710 2375 ἐξαρπάσαι
739 2303 948 2358 δεινῶν.
980 2303 1136 2355 Ἐπεὶ
1164 2299 1259 2355 οὖν
1284 2303 1378 2356 καὶ
1401 2304 1560 2373 ἡμεῖς
1591 2302 1811 2373 ὁρῶμεν
1833 2302 1987 2356 νόσον

405 2387 798 2458 χαλεπωτάτην
837 2385 1122 2455 προσιέναι
1166 2384 1486 2455 μέλλουσαν,
1525 2385 1732 2440 ἄνωθεν
1758 2385 1854 2439 καὶ
1880 2384 1987 2457 πρὸ

404 2470 601 2524 πολλοῦ
644 2467 1131 2540 διεμαρτυράμεθα
1174 2466 1269 2522 τοῦ
1309 2467 1536 2539 χρόνου,
1571 2467 1712 2522 ὥστε
1756 2469 1862 2539 πρὸ
1885 2467 1987 2539 τῆς

405 2555 600 2625 πείρας
627 2552 724 2608 τοῦ
755 2551 930 2607 κακοῦ
964 2552 1065 2624 τὴν
1113 2551 1397 2623 διόρθωσιν
1439 2563 1488 2607 ει.
1532 2550 1631 2605 Διά
1675 2551 1834 2605 τοῦτο
1868 2550 1989 2622 οὐχὶ

404 2639 540 2707 πρὸς
570 2636 739 2702 αὐτὰς
767 2636 865 2698 τὰς
886 2635 1097 2706 ἡμέρας
1126 2634 1434 2706 παρῄνεσα,
1465 2636 1554 2690 ἵνα
1587 2635 1663 2706 μὴ
1690 2637 1723 2705 ἡ
1746 2634 1841 2689 τοῦ
1869 2652 1990 2688 και-

407 2720 504 2792 ροῦ
535 2719 867 2791 στενοχωρία
894 2718 1161 2790 ἐμποδίσῃ
1207 2718 1344 2790 πρὸς
1369 2717 1467 2789 τὴν
1498 2717 1672 2789 θήραν
1708 2719 1852 2789 ὑμᾶς
1881 2717 1988 2771 τῶν

405 2804 648 2874 ἀδελφῶν
676 2802 786 2857 τῶν
829 2802 1144 2873 ὑμετέρων,
1198 2802 1311 2856 ἀλλ’
1362 2801 1576 2873 ἔχοντες
1619 2801 1718 2873 τὴν
1757 2801 1867 2856 ἀπὸ
1892 2801 1987 2855 τοῦ

404 2887 645 2958 πλήθους
670 2885 781 2941 τῶν
806 2884 1029 2958 ἡμερῶν
1051 2885 1416 2958 εὐρυχωρίαν,
1461 2885 1600 2956 μετὰ
1629 2885 1814 2948 ἀδείας
1846 2885 1990 2941 άπά-

406 2989 507 3042 σης
530 2969 801 3041 δυνηθῆτε
849 2970 975 3034 τοὺς
1002 2970 1072 3024 τά
1100 2970 1327 3024 τοιαῦτα
1367 2969 1657 3035 νοσοῦντας
1686 2969 1989 3040 ἐξιχνιάσαι

407 3056 500 3108 καὶ
525 3052 960 3124 ἀνακτήσασθαι.
991 3051 1153 3107 Οὕτω
1189 3070 1291 3107 που
1339 3053 1434 3106 καὶ
1461 3054 1510 3106 οἱ
1549 3052 1761 3123 γάμους
1809 3054 1986 3106 ἐπιτε-

403 3135 644 3201 λοῦντες,
671 3136 768 3189 καὶ
795 3134 987 3189 δεῖπνα
1024 3133 1291 3204 πολυτελῆ
1332 3135 1839 3199 κατασκευάζοντες
1866 3152 1989 3193 ποι·-

402 3219 577 3275 οῦσιν·
602 3220 665 3273 οὐ
694 3219 827 3289 παρ’
856 3218 1027 3281 αὐτὰς
1064 3218 1164 3281 τὰς
1200 3219 1437 3289 ἡμέρας,
1475 3217 1612 3271 ἀλλὰ
1650 3218 1757 3290 πρὸ
1792 3218 1990 3272 πολλοῦ

402 3303 498 3356 τοῦ
530 3301 728 3373 χρόνου
774 3300 1016 3355 ἁλιεῦσιν
1077 3299 1277 3371 ἰχθύων
1324 3300 1418 3355 καὶ
1456 3301 1686 3373 ὀρνίθων
1730 3301 1993 3373 θηραταῖς

402 3384 772 3453 διαλέγονται,
808 3383 896 3438 ῖνα
933 3382 1100 3454 μηδὲν
1143 3382 1328 3447 αὐτοῖς
1381 3382 1489 3436 ἀπὸ
1524 3383 1624 3452 τῆς
1654 3381 1751 3436 τοῦ
1797 3376 1992 3455 καιροῦ

407 3467 768 3537 στενοχωρίας
788 3466 1015 3536 γένηται
1042 3463 1269 3534 κώλυμα
1300 3464 1437 3536 πρὸς
1458 3465 1559 3536 τὴν
1585 3465 1688 3536 τῆς
1716 3466 1995 3537 τραπέζης

407 3549 785 3619 παρασκευήν.
826 3548 979 3601 Ἐπεὶ
1029 3543 1123 3602 οὖν
1163 3548 1259 3602 καὶ
1302 3550 1467 3619 ἡμεῖς
1514 3548 1813 3621 ἐμέλλομεν
1865 3551 1994 3621 ὑμῖν

407 3630 771 3703 παρατιθέναι
796 3629 1080 3703 τράπεζαν
1118 3630 1262 3685 κατὰ
1298 3630 1399 3700 τῆς
1439 3630 1707 3684 Ἰουδαίων
1733 3631 1996 3703 ἀναισθη-

408 3714 552 3777 σίας,
574 3712 936 3785 προλαὸόντες
957 3713 1087 3784 ὑμῖν
1107 3715 1222 3777 τοῖς
1253 3711 1465 3768 ἁλιεῦσι
1498 3712 1869 3784 διελέχθημεν,
1907 3713 1995 3768 ἵνα

408 3795 784 3868 σαγηνεύσητε
812 3794 921 3850 τῶν
953 3795 1200 3867 ἀδελφῶν
1226 3796 1336 3850 τῶν
1372 3796 1653 3868 ὑμετέρων
1674 3796 1801 3859 τοὺς
1833 3797 1996 3851 ἀσθε-

406 3881 714 3952 νεστέρους,
771 3881 868 3934 καὶ
915 3880 1051 3952 πρὸς
1102 3880 1203 3952 τὴν
1255 3880 1520 3952 ἀκρόασιν
1552 3878 1663 3933 τῶν
1709 3879 1995 3952 ἡμετέρων

406 3964 652 4034 ἁγάγητε
703 3963 895 4032 λόγων.
925 3964 1080 4019 Ὅσοι
1118 3964 1216 4034 μὲν
1262 3959 1355 4017 οὖν
1397 3962 1708 4034 ἡλιεύσατε,
1742 3963 1838 4016 καὶ
1862 3962 1996 4017 εἴσω

404 4047 516 4100 τῶν
539 4046 772 4101 δικτύων
799 4046 954 4117 ἔχετε
982 4046 1122 4115 μετά
1146 4045 1466 4115 ἀσφαλείας,
1498 4046 1720 4117 μείνατε
1746 4045 1996 4116 ἐπισφίγ-

406 4146 597 4200 γοντες
624 4131 823 4194 αὐτοὺς
864 4129 944 4199 τῷ
994 4129 1138 4199 λόγῳ
1186 4131 1288 4201 τῆς
1347 4129 1755 4200 παραινέσεως·
1795 4130 1908 4183 ὅσοι
1936 4129 1994 4182 δέ

412 4212 639 4284 μηδέπω
667 4212 768 4282 τῆς
802 4212 977 4281 καλῆς
1007 4212 1212 4283 ταύτης
1255 4213 1599 4283 ἐκρατήσατε
1643 4210 1837 4284 θήρας,
1877 4212 1994 4265 ἱκα-

407 4296 506 4362 νὴν
537 4294 691 4366 ἔχετε
733 4294 1109 4365 προθεσμίαν,
1150 4294 1250 4357 τὰς
1292 4294 1456 4347 πέντε
1506 4292 1709 4358 ταύτας
1745 4295 1992 4366 ἡμέρας,

408 4376 551 4431 ὥστε
580 4375 963 4447 περιγενέσθαι
993 4376 1088 4447 τῆς
1110 4376 1308 4448 ἄγρας.
1337 4377 1798 4447 Ἀναπετάσωμεν
1817 4377 1996 4431 τοίνυν

406 4460 478 4516 τὰ
495 4459 688 4515 δίκτυα
712 4459 811 4530 τῆς
836 4457 1205 4525 διδασκαλίας,
1223 4459 1573 4530 περιστῶμεν
1602 4459 1808 4531 κύκλῳ,
1833 4460 1998 4515 καθά·

408 4560 517 4614 περ
553 4542 716 4609 κύνες
734 4541 1044 4614 θηρατικοὶ,
1065 4542 1329 4597 πάντοθεν
1353 4543 1549 4606 αὐτοὺς
1579 4542 1995 4605 συνελαύνοντες

410 4628 491 4690 εἰς
510 4626 638 4691 τοὺς
670 4626 769 4696 τῆς
818 4624 1145 4695 Ἐκκλησίας
1169 4625 1387 4697 νόμους.
1408 4624 1562 4698 [602]
1592 4624 1995 4695 Ἐπαγάγωμεν

410 4707 470 4761 δέ
503 4708 708 4772 αὐτοῖς,
746 4710 795 4762 εἰ
820 4708 1004 4769 δοκεῖ,
1038 4707 1228 4778 ὥσπερ
1260 4710 1383 4762 τινὰ
1411 4708 1716 4779 κυνηγέτην
1739 4711 1990 4781 ἄριστον,

410 4790 502 4844 τὸν
527 4791 797 4860 μακάριον
829 4789 1038 4843 Παῦλον
1068 4789 1274 4859 βοῶντα
1301 4793 1395 4844 καὶ
1443 4790 1670 4859 λέγοντα
1690 4808 1703 4821 ·
1730 4792 1853 4847 Ἰδε
1875 4791 1990 4861 ἐγὼ

414 4872 658 4937 Παῦλος
680 4873 837 4942 λέγω
877 4871 1021 4942 ὑμῖν
1057 4871 1166 4937 ὅτι,
1215 4873 1326 4927 ἐὰν
1368 4872 1817 4943 περιτέμνησθε,
1857 4876 1990 4942 Χρι-

414 4954 563 5021 στὸς
597 4953 753 5024 ὑμᾶς
774 4954 956 5010 οὐδὲν
996 4954 1320 5025 ὠφελήσει.
1374 4958 1482 5009 Καὶ
1517 4958 1628 5027 γάρ
1680 4955 1850 5009 πολλὰ
1880 4956 1988 5009 τῶν

414 5038 703 5110 ἀνημέρων
754 5036 909 5102 ζώων
959 5039 1056 5092 καὶ
1105 5039 1559 5110 ἐξηγριωμένων,
1612 5040 1832 5094 ἐπειδὰν
1881 5039 1988 5092 ὑπὸ

416 5119 620 5191 θάμνον
646 5121 998 5191 κρυπτόμενα
1022 5120 1162 5195 τύχῃ
1196 5121 1298 5192 τῆς
1332 5119 1428 5175 τοῦ
1460 5122 1761 5190 κυνηγέτου
1807 5121 1990 5192 φωνῆς

415 5201 742 5265 ἀκούσαντα,
775 5201 1056 5268 ἐξάλλεται
1093 5205 1192 5274 μέν
1236 5203 1344 5257 ἀπὸ
1376 5202 1471 5256 τοῦ
1507 5204 1695 5273 φόϐου,
1731 5203 1989 5257 συνελαυ-

414 5285 615 5356 νόμενα
641 5284 698 5338 δὲ
733 5288 801 5356 τῇ
834 5284 936 5356 τῆς
983 5286 1169 5357 φωνῆς
1195 5285 1409 5357 ἀνάγκῃ
1431 5325 1446 5348 ,
1488 5286 1585 5338 καὶ
1621 5287 1823 5340 ἄκοντα
1854 5285 1988 5339 πολ·

412 5365 571 5430 λάκις
591 5367 694 5420 ὑπὺ
722 5367 824 5437 τῆς
852 5366 979 5438 βοῆς
1015 5367 1420 5438 συνωθούμενα,
1452 5370 1532 5430 εἰς
1560 5367 1701 5421 αύτά
1727 5368 1989 5438 ἐμπίπτει

414 5448 483 5502 τὰ
503 5448 769 5521 θήρατρα·
794 5449 936 5502 οὕτω
957 5451 1050 5503 καὶ
1070 5450 1121 5502 οἱ
1146 5449 1365 5519 ἀδελφοὶ
1388 5451 1436 5502 οί
1458 5450 1621 5519 ύμέτε
1631 5467 1735 5520 ροι,
1754 5453 1801 5503 οἱ
1826 5448 1991 5503 καθά-

416 5545 522 5602 περ
552 5532 611 5585 ἐν
644 5531 833 5604 θάμνῳ
861 5533 985 5595 τινὶ,
1016 5531 1094 5602 τῷ
1130 5532 1445 5603 ἰουδαῖσμῷ,
1480 5532 1873 5604 κρυπτόμενοι,
1922 5531 1988 5585 ἂν

526 5663 738 5728 Βινὶιίιιε
761 5668 959 5728 εοιιῇεἱι
1001 5666 1265 5728 legendum
1308 5666 1555 5728 διόρθωσιν
1583 5664 1832 5728 γενέσθαι.
1874 5663 1983 5712 Mox

420 5723 505 5774 ubi
523 5726 639 5786 πρὸς
658 5726 820 5782 αὐτάς,
844 5723 1109 5787 Iegenduha
1136 5725 1326 5776 videtur
1345 5723 1455 5785 παρ’
1478 5723 1637 5779 αὐτάά-
1667 5725 1801 5774 Enn.

2084 978 2189 1048 τῆς
2230 977 2445 1031 Παύλου
2483 977 2666 1045 φωνῆς
2693 974 3022 1039 ἀκούσωσιν,
3052 971 3111 1031 εῦ
3141 969 3235 1029 οἷδ’
3255 974 3338 1029 δτι
3367 972 3567 1047 ῥᾳδίως
3593 976 3679 1037 είς

2088 1060 2157 1113 τά
2184 1061 2281 1131 τῆς
2310 1059 2584 1130 σωτηρίας
2618 1058 2984 1127 ἐμπεσοῦνται
3010 1060 3223 1122 δίκτυα,
3252 1057 3351 1111 καὶ
3374 1058 3551 1110 πᾶσαν
3572 1057 3680 1126 τὴν

2103 1143 2398 1213 Ἰουδαῖκὴν
2458 1143 2822 1213 άποθὴσονιαι
2873 1143 3099 1214 πλάνην.
3151 1142 3285 1195 Οὐδὲ
3315 1140 3423 1210 γάρ
3456 1137 3680 1201 Ila-316;

2089 1228 2238 1281 ἐστιν
2267 1230 2297 1281 ὁ
2338 1226 2744 1297 φθεγγόμενος,
2788 1224 2904 1281 ἀλλ’
2944 1230 2973 1281 ό
3013 1225 3246 1298 Χριστὸς
3284 1225 3314 1276 ό
3362 1222 3526 1276 κινῶν
3568 1223 3677 1289 τὴν

2088 1312 2299 1365 ἐκείνου
2349 1312 2552 1383 ψυχήν.
2582 1311 2745 1365 Ὥστε
2778 1313 2907 1367 ὅταν
2959 1310 3199 1380 ἀκούσῃς
3242 1306 3406 1362 αὐτοῦ
3438 1305 3675 1376 βοῶντος

2089 1396 2184 1449 καὶ
2210 1394 2482 1464 λέγοντος,
2511 1392 2633 1449 Ἴδε
2660 1393 2777 1463 ἐγὼ
2806 1392 3051 1460 Παῦλος
3073 1391 3228 1460 λέγω
3250 1389 3392 1461 ὑμῖν
3420 1388 3531 1450 ὅτι,
3561 1389 3679 1442 ἐὰν

2088 1479 2552 1547 περιτέμνησθε,
2603 1477 2860 1546 Χριστὸς
2902 1475 3058 1548 ὑμᾶς
3103 1473 3283 1530 οὐδὲν
3332 1472 3637 1541 ὠφελήσει
3656 1513 3672 1535 ,

2086 1563 2187 1633 τὴν
2211 1562 2393 1631 φωνὴν
2419 1557 2559 1615 εἶναι
2590 1560 2805 1613 Παύλου
2834 1560 3003 1632 μόνην
3031 1558 3220 1630 νόμιζε
3244 1598 3258 1619 ,
3310 1557 3372 1609 τὸ
3402 1554 3582 1626 νόημα
3614 1555 3673 1608 δὲ

2089 1645 2182 1699 καὶ
2215 1645 2274 1698 τὸ
2299 1645 2479 1717 δόγμα
2507 1644 2605 1699 τοῦ
2631 1645 2843 1700 ἔνδοθεν
2872 1644 3023 1716 αύτῷ
3052 1645 3373 1716 ἐνηχοῦντος
3406 1641 3671 1715 Χριστοῦ.

2170 1761 2310 1816 Ἀλλ’
2338 1763 2470 1827 ἴσως
2498 1765 2644 1818 εῖποι
2682 1782 2770 1828 τις
2802 1764 2904 1829 ἂν,
2945 1766 3039 1818 καὶ
3085 1764 3319 1834 τοσαύτη
3365 1763 3462 1833 τῆς
3513 1779 3672 1833 περι-

2086 1846 2259 1917 τομῆς
2288 1847 2321 1918 ἡ
2352 1847 2545 1919 βλάῦη,
2568 1848 2645 1912 ὡς
2677 1851 2858 1903 πᾶσαν
2884 1850 3137 1919 ἀνόνητον
3169 1847 3390 1916 ποιῆσαι
3410 1844 3508 1899 τοῦ
3537 1847 3674 1916 Χρι-

2090 1930 2216 1983 στοῦ
2249 1931 2352 2001 τὴν
2380 1931 2724 2003 οἰκονομίαν;
2783 1932 2895 1987 Ναὶ
2916 1975 2931 1997 ,
2963 1931 3200 2000 τοσαύτη
3233 1930 3335 1999 τῆς
3369 1928 3676 1999 περιτομῆς

2088 2013 2122 2083 ἡ
2154 2013 2348 2085 βλάϐη,
2376 2015 2435 2066 οὐ
2459 2018 2610 2083 παρά
2639 2016 2739 2085 τὴν
2771 2014 2981 2069 οἰκείαν
3013 2015 3196 2083 φύσιν.
3226 2011 3361 2067 ἀλλά
3394 2012 3549 2083 παρά
3576 2011 3676 2078 τὴν

2089 2096 2507 2167 ἀγνωμοσύνην.
2525 2092 2633 2150 Ἱίν
2658 2114 2787 2151 ποτε
2814 2096 3029 2168 καιρὸς,
3060 2097 3150 2150 ὅτε
3183 2098 3455 2168 χρήσιμος
3484 2089 3554 2164 ἦν
3580 2093 3674 2147 καὶ

2088 2178 2384 2248 ἀναγκαῖος
2412 2183 2439 2233 ό
2468 2180 2652 2251 νόμος·
2680 2180 2776 2233 νῦν
2806 2176 2899 2233 οὖν
2932 2178 3207 2233 ἐπαύσατο
3236 2179 3329 2232 καὶ
3359 2179 3545 2248 ἀργεῖ.
3577 2179 3675 2229 "Av

2091 2260 2269 2314 τοίνυν
2298 2262 2543 2336 ἀκαίρως
2581 2263 2742 2316 αὐτὸν
2777 2262 3079 2334 ἐπισπάσῃ,
3115 2262 3373 2328 ἀνόνητόν
3423 2278 3508 2313 σοι
3534 2264 3678 2313 ποιεῖ

2091 2342 2185 2398 τοῦ
2211 2344 2347 2397 Θεοῦ
2379 2347 2478 2417 τὴν
2508 2346 2737 2417 δωρεάν.
2774 2345 2872 2398 Διά
2900 2345 3060 2398 τοῦτο
3087 2345 3318 2416 Χριστὸς
3348 2345 3494 2415 ὑμᾶς
3521 2344 3677 2398 οὐδὲν

2092 2427 2387 2497 ὠφελήσει,
2432 2428 2618 2500 ἐπειδὴ
2652 2430 2728 2499 μὴ
2765 2428 3019 2498 βούλεσθε
3064 2428 3404 2500 προσελθεῖν.
3431 2430 3542 2483 Καὶ
3565 2428 3676 2498 γάρ

2092 2512 2149 2563 εῖ
2162 2529 2246 2575 τις
2276 2512 2367 2565 ἐπὶ
2394 2512 2609 2582 μοιχεία
2626 2513 2720 2565 καὶ
2743 2515 2856 2576 τοῖς
2878 2512 3175 2583 αἰσχίστοις
3202 2512 3363 2575 ἁλοὺς
3386 2510 3447 2564 τὸ
3464 2512 3678 2581 δεσμω-

2092 2596 2283 2666 τήριον
2319 2595 2516 2665 οίκοίη,
2562 2590 2683 2648 εἶτα
2715 2594 3014 2666 μελλούσης
3052 2594 3203 2665 αὐτῷ
3244 2594 3346 2664 τῆς
3369 2593 3527 2664 δίκης
3564 2595 3678 2647 εἰσ-

2096 2678 2329 2747 άγεσθαι
2351 2720 2366 2744 ,
2409 2680 2503 2732 καὶ
2533 2678 2632 2749 τῆς
2670 2677 3138 2750 καταδικαζούσης
3162 2677 3428 2748 φέρεσθαι
3459 2677 3675 2747 ψήφου,

2095 2762 2240 2816 ἔλθοι
2264 2761 2528 2832 βασιλέως
2561 2761 2818 2832 ἐπιστολὴ
2841 2763 2969 2825 τοὺς
2999 2760 3062 2815 τὸ
3079 2761 3448 2831 δεσμωτήριον
3468 2759 3681 2814 οἰκοῦν-

2094 2863 2193 2912 τας
2223 2845 2467 2908 άπαντας
2490 2847 2687 2914 ἀφεῖσα
2716 2845 2844 2900 ἄνευ
2870 2846 3030 2914 λόγου
3054 2845 3198 2908 τινὸς
3231 2847 3324 2897 καὶ
3352 2844 3678 2907 ἐξετάσεως,

2096 2929 2125 2981 δ
2158 2930 2217 2984 δέ
2253 2930 2328 3001 μὴ
2360 2928 2641 3002 βουληθεὶς
2672 2928 2980 2984 ἀπολαῦσαι
3013 2930 3111 3000 τῆς
3133 2929 3363 2998 δωρεᾶς.
3389 2928 3568 2982 ἕλοιτο
3584 2928 3682 2982 καὶ

2097 3014 2424 3085 φιλονεικοίη
2448 3011 2764 3076 δικάζεσθαι
2804 3013 3001 3083 μᾶλλον
3039 3013 3133 3067 καὶ
3179 3012 3372 3081 λόγους
3392 3012 3491 3065 καὶ
3518 3011 3682 3065 εύθύυ

2097 3115 2194 3161 νας
2223 3099 2468 3168 ὑπέχειν,
2498 3097 2558 3150 ού
2588 3098 2874 3168 δυνήσεται
2909 3096 3096 3150 λοιπὸν
3123 3094 3427 3149 ἀπολαῦσαι
3458 3095 3560 3166 τῆς
3583 3096 3685 3165 χά-

2100 3198 2266 3252 ριτος·
2297 3181 2596 3235 ὑπεύθυνον
2627 3181 2734 3253 γὰρ
2772 3179 2964 3234 ἑαυτὸν
3013 3178 3346 3250 δικαστηρίῳ
3390 3181 3489 3233 καὶ
3516 3180 3684 3250 ψήφῳ

2098 3265 2195 3337 καὶ
2222 3263 2463 3330 ἐξετάσει
2496 3265 2759 3335 ποιήσας,
2802 3262 2943 3317 ἐκὼν
2972 3263 3069 3332 τῆς
3115 3263 3324 3334 δωρεᾶς
3362 3262 3558 3317 ἑαυτὸν
3592 3263 3681 3326 ἐξ·

2098 3337 2259 3400 έδαλε
2290 3346 2390 3417 τῆς
2428 3345 2731 3416 βασιλικῆς.
2770 3346 2928 3399 Οὕτω
2972 3346 3068 3398 καὶ
3103 3344 3196 3397 ἐπὶ
3245 3344 3355 3397 τῶν
3409 3344 3683 3399 Ἰουδαίων

2100 3428 2313 3497 γέγονε.
2349 3430 2612 3482 Σκοπεῖτε
2650 3428 2708 3482 δέ
2728 3443 2743 3458 ·
2790 3428 2934 3482 ἑάλω
2980 3429 3130 3481 πᾶσα
3156 3426 3266 3479 τῶν
3298 3425 3611 3498 ἀνθρώπων
3648 3428 3681 3496 ἡ

2101 3513 2265 3582 φύσις
2291 3512 2382 3565 ἐπὶ
2405 3514 2518 3575 τοῖς
2545 3511 2845 3583 αἰσχίστοις
2870 3512 3079 3573 κακοῖς·
3105 3509 3336 3575 Πάντες
3367 3511 3482 3578 γὰρ
3508 3510 3685 3589 ἥμερα

2095 3612 2220 3663 τον,
2240 3596 2393 3667 φησί·
2416 3596 2513 3649 καὶ
2542 3595 2733 3665 ὥσπερ
2758 3595 2817 3648 ἐν
2838 3593 3217 3663 δεσμωτηρίῳ,
3244 3595 3313 3664 τῇ
3338 3593 3562 3664 κατάρᾳ
3587 3595 3685 3665 τῆς

2096 3677 2444 3749 παρανομίας
2469 3675 2611 3750 ἦσαν
2635 3676 3136 3747 συγκεκλεισμένον
3155 3675 3381 3745 ἔμελλεν
3404 3678 3685 3746 ἀπόφασις

2095 3763 2216 3814 κατ’
2254 3761 2436 3815 αὐτῶν
2478 3760 2739 3832 φέρεσθαι
2778 3760 2984 3830 ψήφου·
3018 3755 3182 3830 ἦλθεν
3214 3760 3474 3830 ἐπιστολὴ
3533 3760 3685 3830 βασι-

2094 3842 2232 3908 λέως
2260 3846 2325 3898 ἐκ
2351 3844 2461 3899 τῶν
2506 3844 2773 3915 οὐρανῶν,
2820 3844 3021 3915 μᾶλλον
3073 3844 3130 3897 δὲ
3168 3843 3336 3907 αὐτὸς
3361 3846 3392 3897 ὁ
3429 3843 3684 3914 βασιλεὺς

2092 3922 2279 3999 ἦλθεν,
2300 3928 2430 3982 ἄνευ
2468 3927 2768 3993 ἐξετάσεως
2805 3929 2901 3980 καὶ
2933 3928 3027 3981 τοῦ
3063 3927 3165 3991 τὰς
3195 3927 3426 3992 εὐθύνας
3474 3927 3683 3992 λαὸεὒι,

2096 4013 2305 4077 πάντας
2336 4012 2445 4067 τῶν
2467 4012 2683 4084 δεσμῶν
2716 4013 2816 4083 τῆς
2842 4011 3119 4083 ἁμαρτίας
3150 4012 3352 4081 ἀφιείς.

2169 4142 2234 4212 β’.
2267 4144 2329 4196 Oi
2367 4141 2466 4213 μὲν
2493 4134 2592 4195 οῦν
2621 4142 3065 4215 προσδραμόντες
3084 4142 3322 4205 ἅπαντες
3345 4142 3687 4197 ἀπολαύωσι

2093 4226 2193 4295 τῆς
2209 4225 2440 4296 δωρεᾶς,
2461 4224 2759 4296 σωζόμενοι
2777 4225 2978 4296 χάριτι·
2999 4227 3049 4278 οἱ
3066 4224 3122 4278 δὲ
3139 4225 3248 4279 άπδ
3262 4225 3429 4296 νόμου
3448 4226 3687 4281 δικαιοῦ-

2098 4307 2221 4361 σθαι
2249 4306 2512 4373 θέλοντες,
2537 4310 2632 4361 καὶ
2654 4308 2754 4378 τῆς
2778 4309 2998 4379 χάριτος
3015 4307 3395 4362 ἐκπεσοῦνται.
3416 4307 3561 4363 Οὔτε
3583 4313 3689 4381 γάρ

2093 4391 2199 4461 τῆς
2224 4389 2632 4461 φιλανθρωπίας
2659 4391 2968 4445 ἀπολαῦσαι
2999 4391 3317 4462 δυνήσονται
3342 4390 3444 4462 τῆς
3471 4390 3689 4461 βασιλι-

2096 4473 2222 4543 κῆς,
2256 4472 2468 4527 οἴκοθεν
2492 4475 2922 4543 φιλονεικοῦντες
2955 4474 3214 4546 σωθῆναι,
3238 4474 3331 4527 καὶ
3362 4475 3467 4546 τὴν
3501 4477 3569 4528 ἐκ
3594 4474 3687 4528 τοῦ

2095 4557 2260 4628 νόμου
2300 4557 2547 4629 κατάραν
2591 4557 2710 4611 καθ’
2737 4556 2947 4610 ἑαυτῶν
2997 4557 3416 4622 ἐπισπάσωνται,
3448 4558 3594 4612 διότι
3632 4559 3687 4624 ἐξ

2095 4639 2272 4712 ἔργων
2305 4640 2470 4709 νόμου
2493 4639 2555 4692 ού
2580 4640 3002 4711 δικαιωθήσεται
3036 4642 3182 4693 πᾶσα
3214 4638 3370 4712 σάρξ.
3402 4640 3509 4694 Διά
3532 4640 3687 4694 τοῦτο

2095 4724 2277 4792 λέγει·
2325 4724 2467 4777 Ἐὰν
2498 4722 2952 4791 περιτέμνησθε,
2996 4725 3252 4791 Χριστὸς
3294 4723 3455 4793 ὑμᾶς
3504 4724 3687 4780 οὐδὲν

2093 4804 2493 4875 ὠφελήσειῧο
2521 4804 2629 4876 γάρ
2667 4804 2727 4870 ἐξ
2762 4804 2939 4875 ἔργων
2974 4804 3214 4876 νομικῶν
3254 4806 3499 4876 σωθῆναι
3536 4808 3685 4877 φιλο-

2095 4888 2290 4943 νεικῶν
2336 4888 2486 4942 οὐδὲν
2528 4888 2642 4958 ἔχει
2691 4889 2868 4942 κοινὸν
2903 4889 3039 4961 πρὸς
3070 4889 3169 4962 τὴν
3199 4890 3573 4964 χάρινιῖυπερ
3596 4888 3684 4965 οὖν

2096 4973 2190 5025 καὶ
2236 4971 2370 5024 αὐτὸ
2419 4970 2629 5036 Παῦλος
2676 4972 3044 5042 αἰνιττόμενος
3088 4973 3308 5041 ἔλεγεν·
3351 4977 3425 5028 Et
3468 4974 3679 5044 χάριτι,

2094 5054 2292 5108 οὐκέτι
2317 5053 2387 5118 ἐξ
2416 5053 2626 5123 ἔργων,
2653 5055 2783 5108 ἐπεὶ
2814 5056 2852 5123 ἢ
2881 5056 3053 5124 χάρις
3080 5057 3191 5109 οὐκ
3222 5055 3355 5109 ἔστι
3382 5055 3567 5125 χάρις
3589 5076 3605 5090 ·
3633 5059 3684 5111 εί

2096 5136 2165 5190 δὲ
2201 5136 2270 5201 ἐξ
2304 5136 2515 5205 ἔργων,
2547 5137 2750 5192 οὐκέτι
2799 5138 2931 5193 ἐστί
2983 5138 3179 5208 χάρις,
3205 5138 3338 5193 ἐπεὶ
3386 5141 3458 5193 τὸ
3506 5140 3683 5209 ἔργον

2095 5220 2294 5274 οὐκέτι
2320 5219 2494 5274 ἐστὶν
2523 5221 2721 5290 ἔργον.
2758 5222 2868 5275 Καὶ
2893 5221 3053 5275 πάλιν
3074 5239 3087 5253 ·
3126 5225 3193 5276 El
3226 5222 3336 5292 γὰρ
3366 5223 3468 5279 διὰ
3492 5226 3681 5294 νόμον

2096 5301 2246 5374 [605]
2292 5302 2672 5372 δικαιοσύνη,
2707 5304 2821 5373 ἄρα
2864 5304 3119 5371 Χριστὸς
3143 5304 3373 5374 δωρεὰν
3394 5306 3677 5361 ἀπέθανε.

2095 5386 2205 5438 Καὶ
2233 5386 2392 5439 πάλιν
2414 5404 2427 5417 ·
2464 5388 2687 5452 Οἵτινες
2728 5388 2799 5441 ἐν
2831 5389 2991 5456 νόμῳ
3020 5387 3386 5454 δικαιοῦσθε,
3419 5389 3535 5459 τῆς
3573 5389 3678 5458 χά-

2085 5484 2254 5534 ριτος
2281 5469 2631 5534 ἐξεπέσατε.
2651 5470 3026 5542 Ἐθανατώθης
3054 5471 3132 5542 τῷ
3164 5472 3336 5542 νόμῳ,
3360 5475 3559 5544 νεκρὸς
3588 5474 3680 5543 γέ·

2094 5564 2278 5617 γονας,
2307 5550 2489 5605 οὐκέτι
2539 5552 2724 5605 λοιπὸν
2769 5552 2862 5605 ἐπὶ
2906 5552 2998 5606 τὸν
3050 5551 3233 5623 ζυγὸν,
3267 5554 3388 5607 οὐδὲ
3433 5555 3543 5609 ὑπὸ
3588 5556 3679 5625 τὴν

2093 5632 2341 5703 ἀνάγκην
2366 5629 2419 5687 εἴ
2445 5634 2546 5706 τὴν
2577 5635 2810 5689 ἐκείνου.
2835 5635 2901 5689 Τί
2928 5635 3105 5690 τοίνυν
3142 5639 3468 5706 φιλονεικεῖς
3498 5640 3679 5711 σαυτῷ

2097 5719 2394 5786 πράχματα
2426 5718 2685 5789 παρέχειν
2711 5719 2833 5787 εἰκῆ
2862 5720 2955 5773 καὶ
2984 5720 3194 5792 μάτην;
3244 5718 3407 5776 Ἀλλά
3446 5722 3558 5795 γάρ
3586 5725 3677 5779 καὶ
