3866 6226
140 266 246 320 ἓῖὶἹ

833 263 900 318 IN
941 261 1069 318 EOS
1107 259 1224 328 QUI
1263 258 1400 314 CUM
1437 256 1581 312 ιω).
1624 252 1986 310 JEJUNANT.
2030 252 2388 308 ADVI‘ZRSL‘S
2425 251 2568 309 JUD.
2612 251 2676 307 ll.
2760 252 2769 263 '

3323 223 3428 282 8"8

185 390 3418 417 W

143 497 468 539 suvsnsus
526 495 638 552 eos
695 494 804 547 QUI
849 489 1208 534 summatm
1250 485 1563 530 JEJUNIUM
1607 480 1950 532 JEJUNANT,
1979 479 2058 520 ET
2101 479 2422 521 aovaasus
2468 478 2632 520 IPSOS
2675 479 2929 523 mimos

2978 483 2992 521 ἓ
3043 481 3228 524 DICTA
3314 481 3426 526 εεπ

178 600 401 642 At'TEM
449 598 718 641 uosuua
763 592 1043 650 QUtNQUE
1069 589 1296 634 DIEBUS
1341 588 1507 632 ANTE
1549 582 1863 629 δεδοκιοΜ
1909 580 2207 635 IPSOBUM,
2242 581 2321 621 nr
2347 580 2476 623 cum
2507 580 2651 622 sua
2682 581 2867 624 rates
2903 583 3136 626 usam
3171 583 3381 626 asses.

1561 718 1980 771 ceto-eteteoxb

678 867 875 909 ORATIO
903 867 1157 907 ειεεωωλ.

200 950 250 1002 1.
278 948 472 1001 Avocat
492 944 556 995 ab
578 943 858 1000 immundis
881 943 1180 997 Juda'orum
1214 938 1446 1011 jejuniis.
1497 965 1566 976 ———
1613 933 1729 987 Jam

138 1040 383 1108 iniquum
415 1037 543 1094 illud
589 1047 645 1090 et
687 1035 1016 1090 immundum
1045 1032 1347 1089 Judaeorum
1387 1026 1646 1098 jejunium
1680 1025 1730 1077 in

140 1132 348 1186 foribus
388 1130 558 1185 adest.
591 1127 768 1183 Nolite
808 1140 936 1181 vero
968 1123 1185 1187 mirari,
1216 1121 1260 1176 si
1303 1118 1560 1190 jejunium
1607 1115 1731 1169 illud

140 1221 477 1275 immundum
505 1219 763 1289 appellavi
785 1235 797 1272 :
819 1215 960 1286 quod
987 1215 1129 1270 enim
1157 1221 1349 1284 praeter
1378 1210 1466 1264 Dei
1499 1216 1731 1261 tuentem

141 1313 246 1378 tit,
277 1314 387 1366 sive
429 1312 747 1366 sacrificium
791 1309 904 1363 sive
927 1306 1187 1377 jejunium
1233 1304 1338 1365 sit,
1371 1301 1608 1355 omnium
1654 1307 1736 1353 est

142 1406 588 1473 impurissimum.
612 1404 854 1472 Iniquum
882 1401 1041 1471 igitur
1069 1399 1305 1468 ipsorum
1327 1394 1586 1463 jejunium
1616 1399 1736 1461 post

137 1496 378 1563 quinque
405 1495 658 1564 deinceps
681 1493 794 1547 dies
824 1493 1001 1555 instat,
1031 1497 1085 1543 at
1108 1504 1206 1557 ego
1233 1495 1355 1540 ante
1399 1484 1583 1538 decem
1623 1481 1736 1535 dies

142 1590 236 1642 vel
280 1590 482 1659 plures,
512 1587 933 1642 cobortationem
978 1583 1045 1637 ad
1078 1597 1170 1634 vos
1211 1578 1408 1641 habui,
1443 1588 1500 1630 ut
1548 1575 1737 1629 fratres

137 1691 356 1736 vestros
384 1680 784 1750 pnemunirem.
801 1677 968 1732 Nemo
985 1685 1160 1730 autem
1180 1673 1475 1728 orationem
1501 1676 1735 1722 nostram

139 1773 295 1826 velut
337 1773 757 1842 intempestivam
804 1777 1056 1833 accuset,
1089 1765 1230 1835 quod
1274 1778 1390 1818 eam
1444 1769 1519 1814 tot
1550 1757 1738 1812 diebus

138 1873 272 1915 ante
292 1862 706 1930 prmmiserimus
726 1878 736 1912 :
760 1875 881 1913 nam
900 1868 954 1913 et
969 1855 1180 1926 quando
1200 1853 1364 1908 febris
1379 1857 1736 1920 exspectatur,

140 1961 239 2005 aut
282 1952 417 2005 alius
459 1951 650 2020 aliquis
677 1949 934 2014 morbus,
965 1947 1133 2000 multo
1179 1954 1302 1999 ante
1345 1955 1537 2011 corpus
1579 1940 1694 2008 ejus
1720 1980 1735 2003 ,

141 2058 308 2112 quem
363 2042 525 2097 febris
579 2051 1063 2110 correpturaest,
1116 2037 1279 2089 variis
1334 2030 1739 2088 medicamentis

142 2134 508 2202 prmmuniuut
537 2132 747 2193 medici,
766 2140 820 2186 et
844 2141 1125 2198 antequam
1155 2143 1213 2182 rc
1239 2127 1352 2194 ipsa
1380 2125 1470 2178 fiat
1495 2136 1741 2177 accessus

147 2228 348 2294 morbi,
368 2227 434 2279 ab
452 2224 850 2279 imminentibus
868 2221 991 2276 illud
1010 2221 1163 2275 malis
1180 2217 1448 2272 vindicare
1465 2215 1735 2270 festinant.

144 2319 375 2384 Quando
431 2318 590 2387 igitur
641 2331 739 2371 nos
793 2329 1002 2384 quoque
1051 2309 1420 2382 gravissimum
1463 2301 1740 2362 imminere

144 2409 397 2462 morbqu
426 2407 665 2462 videmus
690 2449 705 2472 ,
735 2407 884 2476 prius
924 2420 985 2459 ac
1010 2403 1177 2458 multo
1219 2413 1342 2456 ante
1373 2409 1613 2468 tempore
1639 2397 1739 2452 ob-

147 2510 411 2555 testamur
433 2541 448 2566 ,
477 2510 532 2552 ut
560 2509 842 2568 antequam
877 2513 973 2552 nos
1001 2511 1062 2551 rc
1103 2499 1215 2565 ipsa
1260 2493 1456 2547 malum
1487 2490 1695 2545 invadat
1722 2529 1738 2553 ,

145 2589 450 2644 remedium
483 2589 648 2659 possit
683 2588 946 2644 adhiberi.
994 2587 1278 2657 Propterea
1312 2601 1415 2638 non
1466 2583 1594 2653 ipsis
1636 2582 1741 2636 illis

146 2681 342 2735 diebus
385 2680 760 2735 instituendam
789 2678 973 2734 censui
999 2677 1422 2731 adhortationem
1448 2715 1462 2737 ,
1496 2689 1562 2729 ne
1606 2673 1741 2727 forte

148 2771 412 2841 angustiis
451 2782 747 2841 temporum
779 2769 1014 2839 impediti
1056 2777 1274 2838 captare
1312 2765 1504 2820 fratres
1533 2774 1741 2819 vestros

147 2876 219 2914 ac
247 2859 429 2915 venari
459 2877 566 2915 non
613 2861 836 2930 possetis
859 2901 875 2926 ,
904 2859 998 2914 sed
1026 2858 1309 2912 multorum
1337 2856 1543 2910 dierum
1570 2854 1742 2924 spatio

148 2951 280 3004 dato
305 2966 493 3007 secure
510 2952 737 3021 possetis
752 2965 865 3017 eos,
884 2950 974 3020 qui
989 2948 1251 3019 ejusmodi
1272 2946 1460 3001 morbo
1477 2946 1739 3008 laborant,

150 3045 409 3114 indagare
435 3055 592 3115 atque
622 3045 688 3100 ab
719 3046 815 3098 hac
839 3052 986 3114 peste
1015 3056 1288 3097 revocare.
1318 3042 1392 3095 lta
1423 3054 1636 3110 quoque
1661 3038 1743 3092 fa-

151 3154 280 3194 cere
307 3141 501 3205 solent,
530 3139 620 3210 qui
649 3138 860 3207 nuptias
888 3135 1183 3200 celebrant,
1213 3142 1268 3188 et
1286 3134 1455 3188 lautas
1477 3134 1745 3186 instruunt

150 3243 340 3288 (minas
383 3247 534 3286 :non
577 3230 706 3301 ipsis
747 3228 964 3292 diebus,
996 3225 1091 3280 sed
1122 3225 1289 3280 multo
1331 3232 1457 3279 ante
1503 3232 1744 3291 tempore

156 3326 454 3394 piscatores
483 3323 706 3392 piscium
737 3327 793 3375 et
819 3319 996 3372 avium
1022 3329 1255 3385 aucupes
1288 3315 1646 3384 alloquuntur,
1678 3327 1744 3366 ne

154 3415 326 3469 ullum
370 3413 500 3482 ipsis
544 3412 612 3466 ab
658 3409 916 3480 angustiis
965 3405 1225 3474 temporis
1263 3404 1329 3459 ad
1378 3401 1743 3458 inStruendam

154 3521 402 3562 mensam
445 3503 884 3575 impedimentum
933 3498 1264 3553 adhibeatur.
1313 3495 1539 3562 Quando
1588 3494 1746 3564 igitur

66 3610 69 3614 '
155 3615 261 3652 nos
285 3611 495 3667 quoque
526 3608 766 3649 mensam
795 3591 946 3647 vobis
984 3589 1243 3644 adversus
1283 3585 1587 3641 Judzeorum
1632 3591 1747 3639 stu-

159 3706 348 3761 porem
387 3686 681 3758 apposituri
722 3699 938 3740 eramus
956 3725 970 3750 ,
1002 3685 1150 3753 prius
1178 3695 1274 3734 vos
1301 3679 1592 3749 piscatores
1619 3677 1752 3730 allo-

156 3782 394 3852 quimur,
427 3789 485 3834 ut
525 3777 845 3833 infirmiores
873 3791 942 3830 ex
981 3773 1233 3828 fratribus
1269 3771 1462 3826 vestris
1491 3769 1750 3839 indagetis

158 3884 322 3942 atque
347 3870 594 3940 captetis,
624 3877 679 3924 et
707 3867 772 3922 ad
794 3865 1088 3922 audiendos
1109 3877 1388 3918 sermones
1415 3869 1625 3916 nostros
1654 3859 1752 3914 dc-

159 3964 391 4018 ducatis.
421 3962 693 4031 Quotquot
741 3959 902 4029 igitur
942 3956 1052 4026 jam
1086 3955 1274 4026 piscati
1316 3953 1480 4018 estis,
1526 3959 1582 4005 ct
1613 3951 1751 4004 intra

161 4055 296 4109 retia
323 4062 508 4123 captos
546 4066 736 4106 secure
779 4049 1001 4112 tenetis,
1035 4053 1247 4100 manete
1272 4059 1335 4098 ac
1363 4040 1753 4098 cohortationis

165 4147 290 4202 illos
318 4159 564 4199 sermone
593 4141 940 4212 constringite
965 4157 977 4192 :
1011 4145 1271 4209 quotquot
1297 4143 1476 4190 autem
1517 4132 1752 4188 nondum

166 4238 481 4308 prteclaram
508 4235 651 4289 illam
685 4232 917 4304 prtedam
948 4229 1162 4299 cepistis
1185 4268 1201 4294 ,
1229 4226 1498 4281 sufficiens
1522 4225 1756 4295 quinque

163 4333 378 4385 dierum
419 4329 646 4397 spatium
690 4324 932 4389 habetis,
968 4332 1025 4376 ut
1069 4321 1154 4375 illa
1195 4328 1413 4390 captura
1459 4315 1754 4386 potiamiui.

167 4420 551 4490 Expaudamus
577 4418 733 4487 igitur
752 4415 1008 4470 doctrinae
1040 4412 1168 4466 retia
1188 4451 1203 4476 ,
1232 4411 1636 4464 circumstemus
1665 4420 1759 4460 eos

167 4515 224 4569 in
265 4512 450 4566 orbem
479 4518 744 4578 tamquam
773 4503 1000 4560 venatici
1030 4515 1217 4566 canes,
1247 4498 1598 4567 undequaque
1639 4495 1759 4550 illos

170 4606 228 4659 in
257 4604 402 4672 leges
429 4600 680 4656 Ecclesia:
713 4596 1096 4666 compellamus
1123 4611 1136 4648 :
1168 4591 1426 4661 optimum
1453 4599 1629 4643 autem
1658 4587 1760 4641 illis

169 4705 512 4757 venatorem,
558 4691 603 4744 si
633 4689 865 4753 videtur,
905 4685 1120 4739 beatum
1155 4681 1374 4736 Paulum
1415 4679 1762 4733 adhibeamus

171 4761 494 4840 clamantem
519 4797 581 4836 ac
604 4781 869 4834 dicentem
895 4792 910 4830 ;
939 4774 1070 4828 Ecce
1102 4789 1191 4844 ego
1221 4770 1416 4824 Paulus
1445 4769 1557 4822 dico
1591 4767 1727 4824 vobis
1745 4805 1761 4831 ,

171 4878 414 4949 quoniam
441 4875 485 4929 si
513 4867 939 4927 circumcidamini
959 4908 976 4932 ,
1006 4864 1237 4920 Christus
1265 4861 1399 4916 vobis
1426 4859 1556 4914 nihil
1579 4858 1763 4928 prode-

173 4973 243 5024 rit
299 4967 441 5040 (Gal.
476 4968 530 5022 5.
556 4965 634 5034 ‘2).
664 4962 797 5018 Nam
837 4969 891 5015 et
928 4959 1091 5013 multa
1129 4956 1236 5012 fera
1263 4963 1317 5010 et
1346 4954 1606 5010 silvestria
1647 4951 1764 5006 ani-

176 5061 362 5121 malia,
387 5059 430 5113 si
457 5055 669 5127 quando
689 5053 790 5108 sub
810 5050 1042 5106 arbustis
1060 5049 1392 5112 delitescant,
1423 5045 1510 5100 ubi
1538 5043 1768 5115 primum

179 5150 453 5207 venatoris
493 5161 677 5202 vocem
705 5143 1028 5206 exaudiunt,
1061 5155 1172 5211 prae
1202 5147 1345 5193 metu
1388 5136 1635 5192 exsiliunt
1661 5177 1675 5201 ,
1707 5149 1770 5206 ae

178 5244 333 5298 vocis
357 5241 677 5297 necessitate
701 5235 977 5307 compulsa
998 5274 1014 5299 ,
1055 5231 1251 5301 saepius
1274 5229 1432 5284 etiam
1475 5227 1636 5281 invita
1663 5227 1770 5280 cla-

183 5353 337 5394 more
365 5335 626 5391 concitata
654 5333 708 5386 in
744 5333 884 5400 ipsas
909 5341 1088 5384 casses
1131 5322 1482 5379 detruduntur
1506 5339 1519 5375 :
1545 5321 1617 5375 ita
1639 5335 1772 5391 quo-

183 5444 291 5500 que
317 5427 504 5481 fratres
531 5424 712 5488 vestri,
746 5421 858 5494 qui,
889 5429 1155 5488 tamquam
1183 5417 1235 5470 in
1261 5415 1477 5470 arbusto
1505 5412 1734 5483 quodam
1755 5452 1770 5477 ,

189 5523 242 5575 in
274 5518 549 5575 Judaismo
577 5513 980 5576 delitescebant,
1005 5510 1051 5565 si
1082 5507 1230 5564 l’auli
1261 5522 1446 5562 vocem
1469 5504 1735 5560 audierint
1755 5544 1784 5570 ,Α

188 5612 347 5667 facile
373 5611 425 5664 in
450 5609 638 5664 salutis
677 5607 810 5662 retia
842 5602 1112 5667 incident,
1144 5609 1226 5655 sat
1254 5599 1386 5664 scio,
1416 5606 1471 5653 et
1497 5596 1773 5652 Judaicum

188 5719 408 5760 omnem
441 5715 677 5760 errorem
709 5696 980 5767 altjicicnt.
1013 5692 1128 5751 Non
1157 5691 1298 5748 enim
1329 5690 1524 5748 Paulus
1551 5697 1652 5757 est,
1686 5686 1776 5758 qui

1840 835 2095 904 loquitur,
2125 835 2215 888 sed
2246 836 2488 890 Christus
2508 878 2522 900 ,
2565 837 2652 905 qui
2682 839 2912 891 animam
2944 837 3060 905 ejus
3092 848 3289 894 movet.
3318 838 3422 893 lta-

1838 942 1941 994 que
1971 941 2090 979 cum
2128 928 2442 980 clamantem
2483 927 2630 980 illum
2667 926 2818 981 audis
2846 942 2910 982 ac
2955 928 3258 984 dicentem.
3297 929 3427 984 Ecca

1837 1032 1930 1083 ego
1981 1014 2175 1069 Paulus
2217 1016 2328 1068 dico
2371 1016 2536 1081 vobis,
2581 1016 2818 1085 quoniam
2865 1018 2910 1072 si
2957 1019 3425 1082 circumcidumini,

1840 1106 2067 1159 Christus
2097 1106 2232 1159 vobis
2260 1106 2388 1159 nihil
2423 1108 2680 1176 proderit,
2712 1109 2880 1162 solam
2913 1124 3095 1164 vocem
3129 1110 3278 1165 Pauli
3305 1127 3426 1167 esse

1841 1206 1988 1264 puta,
2022 1214 2238 1250 sensum
2267 1207 2444 1250 autem
2475 1206 2528 1252 et
2566 1197 2756 1268 dogma
2783 1199 2979 1253 Christi
3008 1216 3126 1256 esse
3152 1217 3180 1254 a
3206 1217 3310 1272 quo
3335 1203 3428 1257 in-

1845 1295 1928 1340 tus
1959 1287 2269 1341 docebatur.

1915 1375 2355 1433 Circumcisionem
2383 1379 2641 1434 observare
2668 1382 2894 1434 noxium.
2924 1412 2993 1422 —
3020 1382 3123 1438 Sed
3151 1381 3290 1438 dicet
3318 1383 3431 1438 for-

1846 1478 1984 1524 tasse
2021 1470 2330 1538 quispiam:
2374 1471 2584 1540 Ergone
2630 1481 2830 1526 tantum
2873 1456 3296 1528 eircutncisionis
3341 1483 3428 1530 est

1842 1561 2092 1612 damnum
2115 1599 2130 1623 ,
2166 1570 2220 1612 ut
2251 1570 2413 1614 totam
2442 1561 2640 1615 Christi
2685 1561 3136 1632 dispensationem
3183 1561 3421 1621 inutilem

1845 1649 2068 1704 reddat?
2099 1651 2187 1705 Sic
2229 1661 2337 1718 est;
2370 1661 2571 1706 tantum
2609 1661 2692 1706 cst
2720 1653 2970 1707 damnum
3002 1655 3424 1711 circumcisionis

1847 1757 1950 1795 non
1979 1742 2047 1797 ob
2074 1743 2342 1812 propriam
2366 1753 2628 1808 naturam,
2654 1743 2746 1798 sed
2770 1745 2838 1798 ob
2864 1746 3274 1813 improbitatem.
3302 1745 3427 1802 Fuit

1844 1836 1968 1891 olim
1999 1845 2227 1904 tempus,
2255 1851 2375 1890 cum
2419 1837 2560 1890 utilis
2605 1845 2660 1890 et
2689 1837 2986 1892 necessaria
3017 1838 3101 1892 lex
3131 1847 3282 1893 erat:
3312 1839 3424 1909 ja-m

1846 1941 1974 1979 vero
2001 1927 2227 1980 cessavit
2258 1934 2310 1979 et
2332 1927 2500 1979 otiosa
2532 1935 2634 1980 est.
2667 1925 2721 1980 Si
2757 1927 2916 1995 igitur
2957 1928 3331 1995 intempestive
3358 1929 3424 1982 il-

1847 2017 1949 2070 lam
1981 2017 2070 2070 tibi
2097 2018 2369 2078 coucilies,
2419 2017 2614 2072 Christi
2643 2020 2840 2073 donum
2869 2020 3052 2075 inutile
3081 2020 3176 2074 tibi
3216 2021 3421 2076 reddet.

1846 2105 2130 2177 Propterea
2161 2107 2405 2164 Christus
2449 2109 2601 2162 vobis
2649 2109 2779 2162 nihil
2829 2110 3098 2179 proderit,
3151 2112 3271 2180 quia
3317 2128 3422 2168 non

1843 2199 2002 2252 vultis
2032 2198 2310 2254 accedere.
2342 2201 2470 2254 Nam
2499 2202 2542 2256 si
2571 2201 2689 2270 quis
2716 2203 2767 2256 iu
2795 2202 3057 2257 adulterio
3087 2219 3148 2259 ac
3181 2207 3428 2276 turpissi-

1845 2290 1946 2344 mis
2001 2290 2324 2345 facinoribus
2372 2291 2743 2362 depreheusus
2808 2289 3076 2349 carcerem
3125 2296 3426 2364 habitaret,

1843 2381 2036 2436 deinde
2072 2397 2192 2437 cum
2222 2383 2651 2438 constituendum
2675 2384 2783 2454 jam
2813 2394 2954 2441 esset
2996 2385 3249 2442 adversus
3277 2385 3427 2443 illum

1841 2472 2092 2542 judicium
2114 2515 2128 2538 ,
2158 2483 2212 2528 et
2250 2475 2512 2529 sententia
2543 2475 2899 2530 damnationis
2942 2476 3157 2532 ferenda
3178 2521 3194 2543 ,
3227 2480 3432 2534 veniret

1847 2565 1987 2634 regis
2020 2566 2241 2636 epistola
2263 2609 2277 2634 ,
2324 2582 2442 2636 qure
2471 2576 2690 2622 cunctos
2716 2584 2930 2624 carcere
2956 2570 3200 2625 detentos
3227 2571 3430 2643 absque

1849 2658 2054 2712 ratione
2079 2672 2142 2713 ac
2175 2658 2547 2727 disquisitione
2575 2660 2678 2713 ulla
2710 2659 3030 2725 dimitteret,
3063 2661 3108 2716 is
3134 2663 3224 2732 qui
3264 2664 3433 2719 nollet

1843 2749 1985 2803 dono
2031 2748 2166 2815 frui,
2200 2750 2292 2804 sed
2331 2749 2588 2819 judicium
2629 2752 2810 2806 subire
2853 2752 3037 2806 mallet
3079 2768 3140 2809 ac
3170 2755 3436 2810 rationem

1847 2841 2091 2907 reddere,
2120 2843 2549 2912 suppliciumque
2579 2845 2844 2899 sustinere
2873 2845 3245 2912 contenderet,
3271 2846 3432 2902 bene-

1845 2935 1964 2990 ficio
1990 2952 2092 2988 non
2119 2937 2346 3004 amplius
2370 2937 2444 2990 uti
2475 2948 2670 3006 posset.
2700 2938 2836 2992 Cum
2865 2941 3008 2994 enim
3035 2941 3324 2997 obnoxium
3346 2942 3440 3012 ju-

1847 3027 1986 3082 dicio
2011 3044 2075 3083 ac
2101 3029 2380 3083 sententia:
2406 3045 2465 3085 se
2494 3030 2833 3095 reddidisset,
2863 3039 3056 3101 sponte
3081 3035 3312 3103 seipsum
3341 3049 3432 3090 re-

1845 3119 1933 3190 gio
1961 3121 2104 3176 dono
2128 3123 2389 3192 privasset
2416 3140 2429 3175 :
2463 3124 2531 3176 ita
2559 3137 2770 3194 quoque
2795 3122 2994 3180 Iudaeis
3021 3126 3218 3180 evenit.
3243 3125 3438 3184 Videte

1847 3225 2076 3281 namque
2101 3229 2114 3266 :
2142 3211 2570 3280 turpissimorum
2597 3229 2690 3270 rea
2718 3213 3008 3270 facinorum
3035 3217 3278 3272 convicta
3308 3218 3431 3275 fue-

1847 3309 1931 3354 rat
1956 3301 2231 3356 hominum
2263 3302 2511 3358 universa
2557 3312 2784 3359 natura:
2817 3321 2990 3360 omnes
3028 3307 3162 3360 enim
3200 3324 3435 3378 peccave-

1848 3402 1966 3446 runt
1995 3392 2164 3462 (Rom.
2199 3395 2252 3448 5.
2280 3393 2396 3464 25),
2428 3395 2618 3461 inquit,
2648 3405 2700 3450 et
2742 3406 3010 3465 tamquam
3039 3412 3258 3454 carcere
3302 3416 3440 3469 prte-

1849 3485 2187 3540 varieationis
2217 3485 2499 3541 maledicto
2524 3487 2686 3544 clausi
2715 3498 2868 3541 erant
2892 3505 2904 3540 :
2923 3487 3034 3557 jam
3060 3488 3278 3544 ferenda
3319 3499 3438 3545 erat

1847 3575 2043 3645 judicis
2072 3576 2328 3632 adversus
2369 3575 2486 3631 illos
2531 3577 2828 3645 sententia,
2859 3581 3063 3636 venite
3104 3582 3249 3638 etelis
3276 3581 3438 3654 Regis

1852 3667 2072 3737 epistola
2094 3709 2109 3732 ,
2155 3668 2263 3723 imo
2297 3682 2426 3722 vero
2454 3668 2565 3724 llex
2613 3668 2727 3739 ipse
2756 3669 2935 3736 venit,
2967 3670 3057 3741 qui
3101 3671 3303 3743 absque
3331 3674 3438 3730 ulla

1853 3759 2262 3829 disquisitione,
2321 3760 2629 3834 nullamque
2681 3761 2942 3817 rationem
2991 3762 3209 3834 exigens
3251 3779 3447 3821 omnes

1855 3852 2059 3920 peccati
2090 3851 2317 3906 vinculis
2343 3852 2607 3926 liberavit.

1926 3939 1982 3994 2.
2012 3940 2210 3994 Omnes
2250 3941 2426 4010 igitur,
2455 3942 2545 4010 qui
2574 3951 2879 4008 accurrunt,
2921 3942 3064 3998 dono
3089 3944 3358 4011 fruuntur,
3387 3955 3444 4003 et

1857 4029 2025 4098 gratia
2055 4030 2188 4084 salvi
2236 4030 2406 4086 ﬁunt:
2437 4032 2525 4100 qui
2557 4047 2682 4086 vero
2712 4047 2807 4101 per
2845 4032 3015 4103 legem
3050 4035 3328 4104 justiticari
3356 4051 3444 4091 vo-

1859 4121 1993 4189 lunt,
2029 4123 2186 4177 etiam
2227 4139 2255 4176 a
2286 4124 2454 4194 gratia
2483 4124 2751 4179 excident.
2780 4124 2965 4195 Neque
2988 4127 3131 4181 enim
3164 4128 3311 4199 regia
3336 4127 3444 4184 frui

1859 4218 2139 4273 clementia
2169 4227 2440 4288 poterunt,
2473 4221 2559 4291 qui
2590 4222 2816 4290 propriis
2846 4223 3046 4278 viribus
3073 4225 3298 4281 salutem
3329 4227 3444 4282 adi-

1861 4311 1991 4379 pisci
2023 4311 2377 4379 contendunt,
2406 4322 2460 4367 et
2484 4314 2583 4367 sibi
2613 4315 2955 4370 maledictum
2983 4316 3115 4385 legis
3143 4330 3442 4384 accersent,

1860 4403 2109 4472 quoniam
2153 4420 2217 4458 ex
2248 4405 2500 4473 operibus
2546 4407 2677 4476 legis
2719 4423 2822 4461 non
2869 4408 3246 4476 justificabitur
3271 4414 3447 4466 omnis

1861 4509 2004 4548 caro.
2039 4495 2238 4550 Idcirco
2264 4496 2426 4561 dicit,
2467 4496 2526 4550 Si
2549 4499 2980 4552 circumcidmttini
2999 4542 3012 4564 ,
3052 4500 3280 4555 Christus
3309 4504 3446 4556 vobis

1863 4585 1992 4640 nihil
2033 4589 2255 4656 proderit
2296 4589 2435 4655 (Gal.
2466 4591 2518 4644 5.
2547 4591 2625 4660 Ξ).
2657 4590 2786 4644 Nam
2813 4592 2903 4659 qui
2943 4608 3006 4645 ex
3036 4593 3168 4662 legis
3195 4593 3448 4663 operibus

1863 4679 2041 4734 salvus
2072 4681 2182 4734 lieri
2213 4681 2505 4746 contendit,
2535 4681 2667 4735 nihil
2696 4682 2855 4736 habet
2878 4698 3160 4738 commune
3187 4699 3306 4739 cum
3332 4701 3447 4755 gra-

1865 4770 1960 4824 tia.
2007 4770 2159 4838 Quod
2203 4771 2375 4840 ipsum
2409 4772 2588 4841 utique
2618 4771 2814 4827 Paulus
2855 4771 3160 4842 signiﬁcans
3188 4773 3401 4830 dicebat
3431 4793 3445 4828 :

1868 4859 1930 4914 Si
1954 4859 2141 4927 gratia,
2155 4861 2267 4930 jam
2302 4877 2402 4913 non
2430 4877 2492 4914 ea:
2519 4859 2752 4930 operibus
2776 4876 2792 4914 :
2818 4861 3007 4931 alioqui
3028 4863 3194 4932 gratia
3207 4863 3323 4934 jam
3349 4880 3451 4919 non

1867 4961 1939 5003 est
1962 4951 2145 5020 gratia.
2191 4950 2252 5005 Si
2280 4960 2447 5004 autem
2473 4968 2536 5006 ea:
2563 4951 2825 5022 operibus,
2845 4952 2961 5021 jam
3003 4969 3104 5007 non
3128 4961 3202 5007 est
3239 4957 3405 5025 gratia
3432 4971 3453 5010 :

1869 5044 2093 5113 alioquin
2131 5059 2258 5110 opus
2273 5044 2386 5114 jam
2416 5061 2515 5098 non
2539 5054 2613 5098 est
2638 5061 2766 5113 opus
2800 5045 2974 5113 (Rom.
3009 5046 3096 5100 ll.
3127 5045 3205 5117 6).
3246 5047 3311 5101 Et
3337 5063 3458 5102 rur-

1871 5151 1996 5202 sus,
2029 5135 2091 5190 Si
2119 5137 2250 5189 enim
2291 5153 2380 5206 per
2401 5137 2562 5206 legem
2588 5137 2820 5207 justitia,
2871 5154 2990 5207 ergo
3027 5139 3185 5208 gratis
3223 5138 3456 5193 Christus

1871 5237 2097 5279 mortuus
2139 5235 2210 5280 est
2245 5225 2387 5296 (Gal.
2425 5227 2482 5281 2.
2509 5227 2604 5297 9.1)
2629 5269 2641 5281 .
2675 5227 2742 5282 Et
2766 5242 2956 5282 rursus
2984 5248 2999 5282 :
3031 5227 3132 5295 Qui
3161 5229 3211 5282 iu
3242 5229 3349 5299 lege
3363 5229 3459 5299 ju-

1872 5319 2181 5386 sti/icamini,
2211 5335 2243 5370 a
2270 5320 2436 5388 gratia
2464 5319 2722 5372 excidistis
2746 5317 2889 5386 (Gal.
2921 5320 2974 5375 5.
3002 5319 3078 5388 4).
3105 5319 3455 5375 Mortificatus

1875 5424 1934 5464 cs
1976 5410 2112 5478 legi,
2144 5420 2383 5466 mortuus
2428 5426 2486 5466 es
2533 5411 2739 5466 factus:
2772 5426 2877 5466 non
2906 5411 3136 5481 amplius
3173 5411 3272 5465 sub
3309 5411 3457 5481 jugo,

1877 5517 1981 5556 non
2005 5503 2238 5572 amplius
2267 5503 2368 5558 sub
2394 5503 2511 5572 ejus
2538 5503 2860 5559 necessitate
2880 5502 3150 5558 versaris:
3181 5501 3308 5572 quid
3331 5517 3459 5572 ergo

1875 5592 2072 5648 frustra
2099 5593 2191 5647 tibi
2218 5602 2274 5648 ct
2297 5593 2412 5649 sine
2445 5609 2608 5648 causa
2647 5594 2916 5662 negotium
2957 5591 3211 5647 exhibere
3239 5601 3463 5648 conten--

1883 5685 2002 5742 dis?
2031 5688 2100 5742 At
2142 5687 2284 5744 enim
2311 5702 2412 5758 qua
2451 5686 2518 5743 de
2547 5701 2704 5743 causa
2737 5701 2930 5742 nomen
2961 5701 3112 5741 suum
3157 5687 3331 5749 posuit
3361 5687 3470 5752 hoe
