3866 6226
429 303 533 360 859

431 415 549 470 loco
581 411 775 467 Paulus
795 453 808 476 ,
851 425 1021 483 neque
1062 407 1375 479 simpliciter
1405 405 1575 459 dixit:
1606 418 1733 458 ecce
1762 417 1862 473 ego
1889 401 2010 455 dico

429 505 620 560 vobis?
647 503 916 557 “evocare
947 501 1112 554 voluit
1137 497 1240 553 illis
1270 498 1322 552 in
1352 505 1584 551 mentem
1616 492 1744 548 illud
1775 491 2007 547 studium

427 611 605 659 8"illﬂ,
632 592 773 665 quod
797 606 919 662 erga
949 590 1278 646 Judaismum
1302 585 1630 642 ostenderat.
1653 583 1786 639 Nam
1814 583 1858 638 si
1885 584 2007 651 qui-

427 691 550 741 dem
581 700 754 741 essem
781 699 847 738 ex
872 681 1139 752 gentibus,
1173 679 1362 748 inquit,
1391 686 1446 732 ct
1468 692 1552 732 res
1577 675 1824 730 Judaicas
1852 673 2002 744 igno-

427 792 625 840 rarem,
658 776 860 831 diceret
883 772 1110 829 fortasse
1140 771 1331 841 aliquis
1351 811 1366 835 ,
1395 768 1536 840 quod
1567 767 1709 824 illius
1737 765 2011 836 religioitis

429 867 697 939 mysteriis
717 865 952 920 initiatus
974 878 1078 918 non
1106 862 1345 928 fuissem,
1373 875 1436 916 ac
1461 859 1568 913 vim
1589 856 2011 913 circumcisionis

427 959 760 1028 ignorarem,
793 956 992 1012 idcirco
1024 970 1110 1010 me
1135 955 1202 1009 ab
1243 953 1497 1008 Ecclesiae
1541 951 1732 1006 ritibus
1775 949 1918 1005 illam
1947 963 2009 1001 ac

425 1047 759 1118 dogmatibus
785 1046 1051 1117 ablegare.
1097 1045 1385 1114 Propterea
1426 1057 1618 1098 nomen
1648 1055 1801 1095 suum
1846 1053 2005 1108 appo-

423 1143 550 1206 suit,
575 1157 637 1195 ca
665 1153 921 1195 revocans
951 1138 1057 1192 illis
1085 1138 1136 1191 in
1171 1135 1505 1199 memoriam,
1548 1149 1666 1204 quae
1693 1133 1824 1202 legis
1849 1144 2006 1186 causa

425 1231 774 1302 praestiterat,
807 1228 957 1298 quasi
1000 1227 1238 1281 diceret:
1270 1241 1373 1279 non
1415 1223 1541 1278 odio
1586 1221 2007 1277 circumcisionis

424 1322 567 1378 istud
590 1337 710 1392 ago,
738 1320 834 1376 sed
861 1321 912 1374 in
941 1319 1210 1390 agnitione
1242 1317 1500 1372 veritatis.
1545 1314 1659 1384 Ego
1685 1313 1879 1369 Paulus
1907 1312 2008 1371 hoc

423 1415 566 1479 dico,
599 1413 791 1468 Paulus
817 1413 903 1467 ille
929 1452 944 1478 ,
989 1411 1338 1466 circumcisus
1364 1417 1558 1462 octavo
1579 1407 1685 1472 die,
1729 1414 1786 1461 et
1813 1419 2009 1476 genere

425 1505 661 1561 lsraelita
682 1546 697 1571 ,
747 1504 1002 1560 Hebraeus
1031 1520 1094 1558 ex
1126 1502 1362 1557 llebrzeis
1381 1541 1394 1564 ,
1424 1500 1491 1555 de
1521 1499 1659 1554 tribu
1692 1497 1968 1566 Benjamin
1991 1538 2003 1558 .

422 1599 713 1655 secundum
736 1598 906 1672 legem
932 1596 1229 1652 Pharismus
1247 1593 1504 1666 (Philipp.
1529 1593 1582 1647 5.
1606 1592 1687 1659 5),
1711 1590 2002 1645 secundum

421 1690 813 1749 :mnulationem
847 1699 1173 1756 persequens
1200 1684 1491 1739 Ecclesiam
1517 1723 1532 1745 ,
1560 1683 1650 1752 qui
1683 1697 1778 1751 per
1819 1680 2005 1734 domos

422 1780 703 1840 intrabam,
733 1787 788 1833 et
816 1776 1088 1832 trahebam
1111 1775 1256 1829 viros
1285 1789 1348 1829 ac
1373 1775 1644 1835 mulieres,
1672 1782 1726 1826 et
1752 1772 1803 1825 in
1833 1778 2007 1825 custoo

420 1872 561 1926 diam
589 1871 859 1925 tradebant
885 1887 898 1924 :
933 1868 1126 1938 quibus
1147 1866 1396 1925 euntibus
1419 1866 1578 1921 etiam
1602 1863 1755 1919 valde
1777 1862 2002 1931 stupidis

422 1961 742 2032 persuadere
771 1974 990 2032 possum
1037 1974 1123 2011 me
1163 1973 1268 2014 non
1299 1955 1423 2010 odio
1458 1956 1670 2024 aliquo,
1712 1953 1797 2008 vel
1824 1967 2001 2007 rerum

418 2053 761 2110 .lndaiearum
826 2048 1194 2118 ignoratione,
1258 2047 1352 2102 sed
1401 2056 1622 2122 propter
1677 2046 2001 2100 eminentem

419 2143 698 2198 scientiam
739 2140 864 2197 .lesu
889 2139 1086 2195 Christi
1120 2138 1287 2207 legem
1319 2137 1454 2189 hanc
1493 2135 1699 2189 tulisse.
1742 2133 2004 2201 Testilicor

419 2244 584 2288 autent
611 2249 818 2297 rursus,
857 2229 1058 2300 inquit,
1108 2230 1244 2282 omni
1272 2228 1460 2282 homini
1501 2226 1874 2280 circumcidenti
1909 2242 1960 2279 se
1984 2267 1999 2289 ,

418 2325 657 2394 quoniam
682 2323 874 2382 debitor
901 2331 972 2375 est
993 2322 1237 2378 universa:
1264 2319 1386 2390 legis
1412 2318 1749 2387 adimplendm
1779 2315 1921 2386 (Gal.
1945 2317 1998 2371 5.

420 2417 498 2488 5).
525 2416 699 2485 Quare
740 2430 844 2473 non
874 2413 1034 2479 dixit,
1080 2411 1335 2468 denuntio
1365 2421 1575 2471 autem,
1625 2409 1707 2462 vel
1756 2408 2003 2476 praecipio

418 2519 619 2574 autem,
650 2516 740 2560 aut
767 2505 888 2560 dico
912 2513 1108 2567 autem,
1141 2503 1235 2557 sed
1274 2499 1592 2555 'l‘estilieor?
1621 2499 1688 2554 Ut
1716 2499 1816 2553 hoc
1838 2498 2002 2553 verbo

420 2601 576 2656 nobis
605 2599 839 2653 futurum
863 2596 1122 2667 judicium
1152 2595 1204 2649 in
1230 2592 1542 2648 memoriam
1570 2599 1865 2645 revocaret.
1901 2589 1998 2644 L’bi

415 2693 560 2748 enim
592 2699 754 2746 testes
783 2697 942 2754 sunt,
989 2687 1058 2741 ibi
1083 2685 1339 2755 judicium
1385 2693 1439 2739 et
1463 2681 1747 2739 sententia.
1781 2680 2002 2735 Audito—

415 2799 532 2839 rcm
571 2797 700 2851 ergo
726 2788 892 2836 terret
922 2778 1051 2848 regii
1098 2777 1237 2832 illius
1279 2776 1454 2830 throni
1497 2767 1808 2829 memeriam
1855 2770 2001 2826 refri-

416 2891 548 2931 eans
568 2917 582 2940 ,
612 2885 667 2930 et
710 2873 951 2928 indicans
989 2871 1086 2925 hos
1110 2882 1387 2926 sermones
1413 2867 1486 2922 illi
1530 2875 1694 2920 testes
1723 2864 1774 2918 in
1797 2864 1885 2917 illa
1913 2863 2000 2918 die

414 2972 648 3032 futuros,
679 2981 800 3020 eum
832 2962 1194 3033 unusquisque
1235 2975 1414 3015 rerum
1459 2973 1487 3011 a
1519 2971 1578 3012 se
1606 2964 1874 3026 gestarum
1897 2995 1910 3018 ,
1946 2965 2000 3009 et

413 3076 599 3117 eorum
642 3075 758 3129 qua:
787 3057 949 3121 dixit,
981 3066 1032 3110 et
1075 3069 1194 3124 qua:
1236 3052 1470 3114 audivit,
1503 3049 1762 3104 rationem
1790 3047 1998 3106 reddet.

415 3154 541 3209 ΙΙωο
567 3151 854 3206 audiebant
877 3158 985 3202 tum
1014 3145 1235 3210 Galatae,
1267 3143 1483 3198 audiant
1511 3157 1642 3197 vero
1671 3154 1811 3195 nunc
1838 3138 1997 3194 etiam

412 3246 500 3315 qui
525 3245 831 3307 Galatarum
863 3240 1052 3294 morbo
1083 3238 1345 3300 laborant,
1377 3236 1476 3289 etsi
1510 3249 1613 3287 non
1645 3232 1870 3295 adsunt;
1904 3246 1998 3284 ve-

410 3346 710 3392 rumtamen
729 3348 822 3404 per
841 3346 932 3386 vos
948 3329 1164 3384 audiant
1182 3326 1401 3382 Paulum
1418 3327 1734 3380 clamantem
1751 3336 1814 3378 ac
1827 3321 2001 3375 dicen-

350 3422 354 3427 ’
411 3440 520 3483 tem
547 3426 706 3498 (Ibid.
760 3421 1082 3494 ),Tcstiﬁcor
1098 3417 1418 3473 autemomni
1436 3415 1628 3470 homini
1641 3413 1999 3468 circumciden-

413 3521 450 3572 ti
488 3535 562 3583 se,
606 3516 845 3586 quoniam
893 3511 1087 3566 debitor
1122 3518 1192 3564 est
1213 3522 1463 3562 universa:
1489 3505 1612 3576 legis
1641 3503 1998 3573 adimplendc.

485 3605 810 3669 Circumcisio
839 3613 995 3656 totum
1012 3601 1200 3671 jugum
1222 3599 1344 3670 legis
1372 3598 1608 3666 imponit.
1626 3627 1696 3636 —
1714 3595 1830 3650 Noli
1859 3596 1998 3650 enim

412 3697 545 3757 mihi
572 3696 751 3752 dicere
781 3707 944 3748 unum
994 3690 1300 3745 mandatum
1331 3703 1449 3742 esse
1494 3687 1950 3742 circumcisionem
1985 3703 1997 3739 :

413 3803 576 3848 unum
610 3784 738 3841 illud
781 3782 1089 3838 mandatum
1135 3787 1300 3832 totum
1333 3777 1422 3832 tibi
1446 3779 1626 3847 jugutn
1673 3777 1800 3846 legis
1829 3778 2001 3846 impo-

410 3879 510 3941 nit.
534 3877 668 3931 Cum
711 3875 852 3929 enim
884 3887 978 3944 per
1005 3886 1164 3926 unam
1193 3881 1392 3938 partem
1435 3870 1534 3922 sub
1575 3870 1828 3923 ditionem
1872 3868 2002 3938 legis

411 3979 465 4025 te
493 3966 762 4036 sulijngas,
792 3978 1013 4018 necesse
1052 3971 1135 4026 est
1160 3971 1218 4015 ut
1255 3961 1307 4014 in
1337 3961 1554 4029 reliquis
1583 3958 1860 4029 imperanti
1887 3973 2001 4012 mo-

410 4073 524 4114 rem
555 4043 750 4129 geras:
779 4054 921 4126 quod
968 4054 1014 4109 si
1060 4069 1167 4108 non
1209 4051 1524 4121 adimpleas,
1569 4051 1723 4120 plane
1752 4065 2000 4104 necessa-

409 4152 551 4216 rium
579 4160 681 4216 est,
710 4156 768 4202 ut
793 4145 1026 4216 puniaris
1055 4155 1109 4199 et
1139 4142 1479 4199 maledictum
1511 4142 1603 4196 tibi
1633 4156 1898 4196 accersas.
1935 4141 2001 4195 Et

409 4239 857 4315 quemadmodum
879 4253 998 4294 cum
1026 4237 1078 4291 in
1106 4237 1349 4305 laqueum
1376 4249 1560 4303 passer
1588 4233 1787 4298 incidit,
1818 4250 2002 4300 qnam-

409 4332 493 4396 ,vis
517 4331 633 4386 solo
658 4328 793 4400 pede
833 4335 1099 4390 teneatur,
1133 4334 1298 4379 totum
1329 4325 1588 4394 reliquum
1619 4339 1812 4393 corpus
1842 4325 2002 4377 inter-

397 4420 623 4492 ceptum
651 4427 733 4474 est
759 4435 772 4473 :
803 4418 874 4472 ita
913 4417 1004 4486 qui
1051 4430 1213 4469 unum
1257 4413 1564 4468 mandatum
1606 4413 1734 4483 legis
1777 4414 1960 4482 implet
1985 4456 1998 4477 ,

409 4513 525 4568 sive
570 4507 1034 4566 circumcisionem
1061 4506 1174 4561 sive
1211 4505 1493 4575 jejunium,
1538 4514 1700 4559 totam
1731 4520 1879 4560 suam
1909 4522 2004 4582 po-

412 4613 656 4660 testatem
695 4616 791 4671 per
829 4600 932 4655 hoc
975 4613 1139 4654 unum
1185 4599 1238 4652 in
1289 4598 1458 4668 legem
1501 4598 1799 4662 transtulit,
1832 4614 2002 4668 neque

411 4699 594 4768 fugere
625 4695 851 4766 poterit,
878 4691 1131 4763 quamdiu
1179 4691 1251 4745 illi
1281 4690 1468 4746 saltem
1495 4705 1558 4744 ex
1593 4698 1741 4759 parte
1771 4690 2002 4745 voluerit

414 4788 656 4841 obedire.
687 4786 811 4840 Haec
839 4799 868 4838 a
899 4785 1052 4838 nobis
1075 4782 1346 4846 dicuntur,
1376 4797 1479 4835 non
1509 4792 1567 4834 ut
1592 4781 1760 4850 legem
1784 4796 2002 4836 accuse-

412 4893 548 4940 mus,
578 4877 737 4940 absit,
778 4874 871 4930 sed
896 4873 1036 4943 quod
1065 4871 1393 4927 abundantes
1429 4872 1614 4942 gratia:
1641 4870 1837 4927 Christi
1865 4871 2001 4926 divi-

415 4973 515 5024 tias
546 4967 829 5022 ostendere
857 4966 1101 5021 velimus.
1147 4963 1262 5019 Non
1308 4965 1450 5018 enim
1494 4962 1708 5018 Christo
1737 4964 2000 5019 contraria

414 5065 503 5115 lex
553 5067 637 5114 est
668 5075 681 5111 :
713 5058 802 5128 qui
831 5055 974 5111 enim
1005 5065 1169 5120 esset,
1197 5069 1318 5108 cum
1349 5053 1416 5108 ab
1456 5054 1571 5122 ipso
1599 5053 1668 5106 sit
1708 5052 1850 5119 data,
1880 5068 2000 5108 cum

409 5151 474 5203 ad
509 5153 680 5220 ipsum
709 5132 860 5218 quasi
891 5146 1208 5217 paedagogus
1237 5160 1336 5201 nos
1361 5144 1561 5200 ducat?
1588 5144 1681 5200 sed
1709 5145 1778 5199 ob
1807 5145 2001 5199 intern-

414 5245 671 5313 pcstivam
696 5257 882 5297 eorum
912 5242 1330 5308 contentionem,
1359 5241 1448 5310 qui
1475 5255 1537 5294 ea
1567 5255 1672 5294 non
1706 5248 1763 5293 ut
1791 5247 2003 5308 oportet

416 5344 658 5398 utuntur,
705 5333 821 5388 iure
859 5333 1037 5386 omnia
1075 5331 1254 5387 dicere
1301 5330 1559 5400 cogimur.
1607 5328 1684 5384 llli
1710 5330 1850 5384 enim
1881 5339 2004 5384 sunt

416 5423 504 5494 qui
533 5423 702 5494 legem
734 5422 972 5480 afficiunt
995 5421 1334 5486 contumelia,
1365 5421 1452 5490 qui
1480 5419 1726 5474 nimirum
1748 5422 1910 5475 semel
1937 5421 2004 5476 ab

421 5530 487 5567 eo
529 5514 826 5568 desciscere
863 5512 1070 5580 jubent,
1117 5520 1171 5566 et
1211 5510 1278 5565 ad
1308 5509 1575 5564 Christum
1623 5510 1893 5575 accedere,
1943 5527 2004 5566 ac

419 5617 602 5663 rursus
650 5603 724 5658 illi
774 5602 1065 5657 adbzrrent.
1123 5601 1558 5671 Quandoquidem
1610 5602 1894 5670 plurimum
1937 5602 2005 5656 de

415 5704 602 5761 natura
634 5707 814 5752 nosua
836 5697 972 5752 bene
1003 5695 1244 5752 meritam
1270 5709 1388 5750 esse
1415 5695 1582 5773 legem
1627 5696 1881 5750 conﬁteor
1907 5709 2009 5766 ego

1173 291 1228 349 S.
1272 289 1549 349 JOANNIS
1585 284 2056 344 CllRYSOSTOMl
2100 285 2414 344 ARCIIIEP.
2461 283 2996 344 CONSTANTINOP.

3597 271 3702 328 860

2119 418 2351 475 quoque,
2383 417 2481 458 nec
2533 418 2780 474 umquam
2812 405 3118 474 negaverim
3154 425 3166 458 :
3199 408 3292 463 sed
3317 415 3371 467 tu
3397 407 3490 480 qui
3519 420 3716 477 preter

2117 496 2408 566 legitimum
2457 505 2666 566 tempus
2710 497 2784 552 illi
2827 497 3091 566 adhaeres,
3141 514 3246 554 non
3291 500 3459 567 sinis,
3510 511 3569 553 nt
3597 500 3714 567 eius

2116 586 2359 641 utilitatis
2408 586 2714 657 magnitudo
2755 596 3030 659 appareat.
3077 587 3209 643 Nam
3257 589 3716 660 quemadmodum

2117 691 2179 731 ea
2209 678 2344 732 solet
2369 692 2489 733 esse
2532 678 2804 749 pa-dagogi
2853 679 2968 734 laus
3009 679 3260 746 maxima,
3291 680 3334 734 si
3366 680 3579 748 juvenis
3624 682 3714 735 ille

2115 783 2272 834 quem
2321 767 2634 838 ptrdagagus
2677 769 2812 823 rexit
2855 769 3160 838 aliquando,
3204 769 3272 824 ad
3302 770 3712 840 temperantiam

2115 860 2230 930 ejus
2256 861 2496 915 custodia
2526 875 2631 916 non
2659 861 2888 929 amplius
2907 871 3080 930 egeat,
3107 861 3247 928 quod
3271 861 3500 930 majores
3525 861 3716 917 fecerit

2117 954 2168 1007 in
2199 954 2392 1009 virtute
2416 967 2730 1025 progressus
2764 978 2778 1008 :
2812 956 2881 1008 ita
2907 970 3118 1024 quoque
3150 954 3281 1024 legis
3309 969 3367 1009 ea
3401 955 3520 1008 laus
3553 954 3717 1009 fuerit

2115 1044 2362 1108 maxima,
2392 1044 2435 1098 si
2464 1057 2562 1098 nos
2586 1045 2700 1112 ejus
2723 1044 2963 1099 subsidio
2983 1059 3088 1098 non
3105 1045 3330 1118 amplius
3345 1058 3622 1113 egeamus.
3657 1045 3714 1099 ld

2115 1135 2254 1187 enim
2309 1134 2460 1188 nobis
2505 1133 2766 1190 beneficio
2812 1134 2943 1203 legis
2990 1134 3196 1204 obtigit,
3244 1145 3300 1187 nt
3337 1135 3402 1187 ad
3448 1135 3714 1202 majorem

2114 1224 2504 1292 suscipiendam
2557 1223 2943 1294 philosophiam
2987 1225 3160 1294 aptior
3199 1225 3374 1280 anima
3415 1235 3601 1279 nostra
3644 1227 3715 1280 sit

2115 1315 2338 1368 reddita.
2371 1313 2551 1384 Itaque
2576 1315 2621 1369 is
2649 1315 2736 1383 qui
2764 1314 2940 1369 adhuc
2966 1315 3040 1368 illi
3066 1316 3266 1372 assidet
3285 1358 3299 1382 ,
3332 1330 3507 1386 neque
3535 1326 3716 1385 potest

2112 1406 2236 1476 quid
2270 1405 2439 1474 majus
2467 1421 2624 1476 quam
2655 1421 2774 1476 quae
2817 1406 3014 1476 scripta
3051 1415 3178 1461 sunt
3213 1407 3424 1471 intueri,
3459 1425 3565 1461 non
3598 1423 3714 1462 ma-

2111 1511 2271 1565 guum
2301 1510 2371 1551 ex
2401 1511 2462 1550 ea
2489 1505 2748 1565 quaestum
2779 1495 2924 1552 fecit.
2953 1498 3022 1551 At
3047 1512 3147 1567 ego
3171 1497 3256 1553 illa
3279 1497 3557 1560 derelicta.
3590 1514 3704 1553 me-

2111 1602 2214 1654 que
2241 1586 2305 1641 ad
2353 1585 2660 1641 sublimiora
2691 1585 2886 1641 Christi
2916 1587 3148 1642 evclteus
3171 1588 3440 1659 dogmata,
3475 1590 3712 1645 maxime

2113 1678 2250 1731 illam
2282 1693 2476 1735 ornare
2508 1691 2744 1748 possum,
2771 1679 2910 1750 quod
2938 1695 3024 1736 me
3047 1680 3206 1736 talem
3233 1680 3492 1745 olfecerit,
3523 1692 3584 1736 ut
3615 1697 3711 1752 po-

2111 1769 2300 1823 tuerim
2345 1784 2528 1823 eorum
2560 1785 2678 1839 quin
2726 1770 2922 1838 scripta
2971 1770 3025 1824 in
3069 1786 3130 1824 ea
3170 1780 3323 1834 sunt,
3355 1773 3710 1841 exiguitatem

2108 1875 2505 1931 supergressus,
2533 1863 2597 1915 ad
2639 1863 2896 1917 doctrina:
2945 1863 3324 1918 sublimitatem
3366 1865 3668 1920 ascendere
3693 1908 3710 1930 ,

2108 1970 2224 2023 qua:
2250 1954 2446 2008 Christi
2478 1954 2736 2008 beneficio
2765 1955 2916 2009 nobis
2941 1955 3148 2024 obtigit.

2180 2047 2287 2101 Lex
2317 2046 2600 2102 hominibus
2639 2058 2882 2119 quantum
2922 2049 3186 2118 profuerit.
3214 2078 3282 2088 —
3307 2049 3530 2104 Multum
3585 2065 3713 2121 pro-

2109 2138 2207 2192 fuit
2238 2139 2320 2192 lex
2369 2148 2571 2193 natura:
2601 2149 2819 2203 nostra:,
2848 2139 2940 2195 sed
2969 2141 3013 2195 si
3057 2141 3267 2194 sincere
3296 2156 3394 2195 nos
3431 2142 3497 2196 ad
3553 2142 3713 2197 Chri-

2107 2238 2245 2282 stum
2295 2229 2594 2284 deduxerit.
2638 2231 2846 2299 Alioqui
2895 2231 2946 2284 ni
2993 2231 3042 2284 id
3096 2233 3221 2296 liat,
3257 2233 3415 2286 etiam
3447 2233 3710 2287 damnum

2106 2318 2300 2380 intulit,
2352 2319 2745 2388 majoribusque
2793 2334 2890 2374 nos
2941 2321 3220 2387 fraudavit,
3253 2322 3377 2376 dum
3424 2323 3712 2379 adhaerere

2109 2409 2407 2464 minoribus
2431 2409 2578 2474 fecit,
2608 2419 2664 2464 et
2693 2427 2789 2466 nos
2816 2411 2867 2464 in
2894 2411 3189 2468 innumeris
3218 2415 3708 2484 transgressionum

2106 2499 2413 2554 vulneribus
2455 2500 2628 2555 adhuc
2657 2500 2902 2556 detinuit.
2933 2502 3066 2558 Nam
3106 2507 3150 2558 si
3193 2521 3313 2559 cum
3359 2506 3466 2561 duo
3505 2507 3708 2562 medici

2105 2601 2303 2658 essent,
2332 2608 2469 2647 unus
2501 2593 2785 2659 infirmior,
2818 2595 2954 2650 alter
2978 2596 3224 2662 validior,
3253 2605 3306 2652 et
3332 2612 3466 2651 unus
3489 2598 3710 2652 adhibi-

2111 2684 2178 2738 tis
2199 2685 2465 2740 ulceribus
2489 2686 2601 2740 suis
2626 2686 2877 2742 remediis
2907 2704 3009 2743 nou
3039 2691 3268 2758 potuerit
3297 2699 3556 2760 aegrotum
3601 2690 3708 2744 do-

2107 2773 2222 2830 lore
2245 2789 2309 2830 ex
2339 2775 2442 2830 illis
2474 2787 2593 2832 orto
2623 2778 2940 2833 liberare....
2968 2779 2985 2810 ⁸

2173 2865 2228 2919 5.
2274 2869 2316 2888 “
2385 2863 2569 2921 Frater
2637 2877 2751 2922 tuus
2776 2911 2790 2932 ,
2849 2869 3072 2936 relinque
3141 2887 3326 2925 manus
3389 2881 3530 2926 timui
3587 2886 3710 2928 ante

2104 2955 2267 3010 altare
2315 2967 2364 3010 et
2420 2957 2566 3024 vade,
2615 2959 2755 3028 prius
2809 2961 3139 3014 reconciliare
3185 2963 3334 3030 fratri
3361 2972 3470 3027 tuo,
3497 2975 3545 3017 et
3585 2975 3711 3018 tunc

2103 3048 2304 3102 veniens
2340 3047 2468 3114 offer
2506 3065 2690 3103 manus
2733 3060 2873 3102 tuum
2921 3049 3136 3120 (Matth.
3185 3053 3238 3107 5.
3286 3053 3377 3109 25.
3418 3055 3531 3123 24).
3585 3055 3707 3109 Non

2103 3137 2272 3200 dixit,
2327 3139 2512 3194 omitte
2559 3138 2914 3205 sacriﬁcium,
2961 3156 3025 3194 ac
3079 3141 3274 3197 deinde
3314 3142 3574 3199 discede:
3605 3147 3707 3201 sed

2104 3227 2472 3298 imperfectum
2516 3245 2736 3284 manere
2784 3232 3066 3299 permitte,
3115 3243 3170 3288 et
3216 3233 3402 3288 abiens
3453 3239 3708 3292 reconci—

2103 3317 2235 3372 liare
2265 3317 2415 3372 fratri
2456 3327 2566 3373 tuo.
2607 3319 2789 3390 Neque
2817 3328 3020 3375 tantum
3051 3321 3152 3378 hoc
3178 3324 3295 3378 loco
3335 3325 3387 3378 id
3411 3325 3555 3392 fecit,
3608 3330 3708 3383 sed

2103 3419 2158 3464 et
2179 3410 2303 3466 alibi
2331 3426 2536 3466 rursus.
2569 3411 2701 3466 Nam
2729 3413 2773 3467 si
2803 3414 2920 3482 quis
2945 3414 3210 3469 infidelem
3240 3415 3427 3472 habeat
3453 3435 3704 3489 uxorem,

2106 3501 2208 3556 hoc
2250 3511 2352 3567 est,
2397 3501 2670 3572 gentilcm,
2699 3503 2894 3573 ejicere
2941 3505 3085 3558 illam
3133 3506 3350 3562 minime
3377 3511 3607 3575 cogitur.
3649 3515 3713 3570 Si

2102 3595 2213 3665 quis
2236 3595 2389 3661 enim,
2411 3595 2598 3666 inquit,
2629 3612 2838 3650 uxorem
2875 3596 3018 3649 habet
3060 3598 3336 3666 inﬁdelem,
3367 3611 3412 3653 et
3437 3602 3545 3655 hinc
3565 3620 3692 3657 con-

2103 3688 2251 3740 sentit
2274 3687 2498 3741 habitare
2521 3705 2636 3742 cum
2674 3686 2786 3753 illo,
2816 3703 2916 3741 non
2945 3687 3164 3741 dimittat
3202 3690 3345 3744 illam
3371 3693 3445 3760 (Ι.
3490 3694 3615 3747 Cor.
3647 3697 3702 3750 7.

2105 3779 2195 3850 12)
2221 3797 2236 3842 ;
2268 3779 2312 3833 si
2343 3794 2471 3834 vero
2499 3781 2833 3834 meretricem
2856 3789 2909 3834 et
2929 3779 3242 3845 adulteram,
3267 3782 3458 3852 ejicere
3480 3787 3708 3842 minime

2104 3868 2437 3939 prohibetur.
2490 3869 2727 3939 Quisquis
2770 3872 2935 3934 enim,
2983 3870 3173 3940 inquit,
3206 3871 3450 3928 dimiserit
3489 3893 3709 3933 uxorem

2105 3979 2250 4018 suam
2299 3972 2508 4033 excepta
2541 3963 2892 4034 fornicationis
2922 3980 3078 4020 causa
3098 4005 3112 4030 ,
3143 3967 3269 4036 facit
3300 3985 3407 4024 eam
3460 3972 3710 4024 maechan'

2105 4054 2320 4123 (Matth.
2342 4055 2396 4110 5.
2442 4055 2556 4124 32).
2602 4054 2785 4126 Itaque
2833 4056 3198 4116 fornicationis
3237 4061 3307 4115 ob
3331 4075 3547 4114 causam
3581 4061 3712 4116 licet

2105 4145 2393 4202 dimittere.
2426 4145 2588 4201 Vides
2624 4147 3000 4218 benignitatem
3035 4150 3130 4205 Dei
3158 4166 3221 4206 ac
3261 4151 3704 4206 sollicitudinem.

2106 4237 2163 4290 Si
2193 4238 2408 4308 gentilis
2433 4238 2519 4303 sit,
2548 4239 2737 4308 inquit,
2765 4255 2919 4307 uxor,
2948 4257 3015 4298 ne
3042 4243 3225 4314 ejicias
3259 4262 3271 4298 :
3302 4245 3382 4298 sin
3421 4247 3705 4308 meretrix.

2106 4328 2158 4382 id
2188 4327 2363 4384 facere
2391 4345 2495 4384 non
2527 4330 2803 4398 prohibeo.
2835 4332 2890 4387 Si
2923 4334 2974 4387 in
3017 4350 3125 4401 me,
3161 4335 3347 4404 inquit,
3395 4336 3559 4406 impia
3588 4337 3707 4393 fue-

2107 4419 2195 4487 rit,
2223 4435 2290 4474 ne
2311 4420 2492 4490 ejicias
2523 4438 2538 4474 :
2566 4423 2610 4476 si
2645 4433 2695 4478 te
2737 4425 2927 4494 injuria
2963 4426 3215 4492 alleccrit,
3249 4444 3405 4484 nemo
3431 4430 3706 4498 prohibet,

2106 4528 2212 4582 quo
2238 4514 2412 4569 minus
2437 4513 2638 4584 ejicias.
2688 4516 2897 4588 Ergone
2927 4519 3068 4574 Deus
3109 4530 3312 4574 tantum
3343 4523 3499 4576 nobis
3528 4523 3707 4578 bono-

2105 4619 2220 4662 rem
2267 4606 2477 4672 detulit,
2509 4617 2563 4663 et
2590 4623 2688 4664 nos
2714 4608 2860 4663 illum
2891 4612 3004 4680 pari
3035 4612 3181 4666 cultu
3210 4628 3312 4667 non
3343 4613 3703 4681 dignabimur,

2105 4697 2199 4751 sed
2225 4711 2255 4761 a
2299 4697 2496 4753 nostris
2541 4714 2662 4753 eum
2706 4701 2958 4758 uxoribus
2998 4701 3138 4756 aftici
3187 4703 3513 4758 contumelia
3561 4705 3705 4759 sine-

2107 4802 2227 4853 mus
2281 4805 2294 4842 :
2354 4789 2514 4864 idque
2563 4805 2683 4844 cum
2743 4792 3031 4857 maximum
3091 4803 3331 4862 paratum
3381 4796 3705 4864 supplicium

2107 4863 2440 4942 noverimus,
2463 4879 2507 4933 si
2557 4879 2780 4935 salutem
2823 4897 3046 4935 uxorum
3096 4883 3532 4952 neglexerimus?
3571 4887 3703 4941 Pro-

2107 4979 2286 5040 pterea
2335 4986 2564 5042 namque
2613 4972 2848 5027 mulieris
2893 4981 2946 5028 te
2989 4985 3147 5043 caput
3195 4975 3361 5042 fecit,
3420 4989 3702 5047 propterea

2105 5066 2361 5135 prtecepit
2387 5074 2442 5121 et
2482 5066 2679 5121 Paulus
2708 5084 2721 5121 :
2747 5067 2811 5122 Si
2842 5068 2965 5137 quid
2985 5068 3159 5124 volunt
3197 5069 3388 5123 discere
3424 5072 3696 5136 nauticus,

2107 5156 2244 5220 domi
2279 5157 2412 5212 viros
2451 5173 2570 5225 suos
2596 5158 2903 5228 interrogent
2929 5161 3006 5230 (l.
3038 5159 3158 5215 Cor.
3187 5162 3272 5215 Η.
3306 5163 3399 5226 55)
3432 5180 3446 5214 :
3479 5174 3536 5217 ut
3563 5174 3701 5217 tam-

2105 5263 2264 5316 quatn
2296 5247 2566 5318 magister,
2595 5257 2651 5303 et
2674 5263 2908 5316 curator,
2938 5265 3001 5304 ac
3043 5253 3321 5320 prmfectns
3349 5253 3414 5306 ad
3449 5255 3701 5321 pietatem

2107 5331 2273 5406 ipsam
2320 5337 2527 5393 incites.
2579 5337 2686 5392 Vos
2733 5350 2910 5394 autem
2955 5339 3078 5394 dum
3111 5350 3320 5412 tempus
3366 5343 3612 5400 οοΙΙυοιςι-
3638 5346 3702 5398 ad

2110 5427 2399 5482 Ecclesiatn
2446 5429 2650 5493 invitat,
2698 5431 3006 5500 pigrttantcs
3046 5448 3150 5485 non
3194 5435 3437 5487 excitatis
3464 5452 3476 5485 :
3501 5447 3554 5488 at
3583 5452 3699 5493 eum

2108 5518 2352 5573 diabolus
2370 5519 2434 5574 ad
2464 5521 2617 5575 tubas
2644 5520 2759 5576 illas
2788 5523 2988 5586 invitat,
3020 5537 3263 5593 prompte
3291 5527 3571 5581 audientes
3595 5545 3696 5582 non

2108 5608 2378 5673 delinetis,
2425 5610 2518 5665 sed
2551 5610 2833 5680 impietatis
2877 5614 3185 5670 criminibus
3229 5616 3403 5678 sinitis
3429 5618 3652 5680 obligari
3676 5657 3694 5683 ,

2174 5705 2190 5745 ι
2218 5709 2398 5761 Desunt
2412 5702 2647 5766 quaedam.

3817 1013 3824 1066 l
