3866 6226
269 300 378 361 839

270 415 417 475 τίτος
457 409 641 463 ἕνεκεν
681 405 740 460 16
781 404 950 475 θνομα
978 403 1040 459 τὸ
1067 399 1260 455 ἐαυτοῦ
1290 398 1530 453 τέθεικεν
1567 397 1596 450 6
1641 393 1850 456 Παῦλος

272 493 530 558 ἐνταῦθα,
554 491 650 546 καὶ
689 490 791 545 οὐκ
826 483 980 542 εἶπεν
1005 485 1209 550 ἁπλῶς·
1244 484 1350 538 Ἴδε
1383 484 1494 552 ἐγὼ
1520 481 1665 558 λέγω
1690 479 1851 549 ὑμῖν;

288 557 625 649 ’Δναμνῆσαι
665 573 990 644 βουλόμενος
1024 571 1216 639 αὐτοὺς
1245 568 1344 638 τῆς
1377 565 1610 635 σπουδῆς
1636 557 1703 634 ἦς
1729 561 1856 649 περὶ

277 665 370 719 τὸν
386 646 707 730 ἰουδαῖσμδν
739 655 1072 720 ἐπεδείξατο.
1103 655 1166 708 El
1201 652 1299 724 μὲν
1331 651 1437 725 γὰρ
1462 650 1634 720 ῆμην,
1669 646 1854 730 φησιν,

279 756 340 822 ἐξ
370 752 560 814 ἐθνῶν,
597 729 692 802 καὶ
723 743 934 814 ἀγνοῶν
974 742 1042 796 16
1080 741 1368 807 Ἰουδαϊκὰ,
1401 742 1533 802 ἴσως
1564 737 1628 793 ἀν
1656 752 1744 822 τις
1777 729 1857 822 εἷ-

280 817 380 894 πεν
409 836 493 890 ὅτι
523 833 612 890 διὰ
644 831 704 885 τὸ
752 830 828 901 μὴ
872 826 1264 899 μετεσχηκέναι
1321 841 1388 894 με
1434 827 1533 896 τῆς
1584 817 1858 880 πολιτείας

280 919 515 990 ἐκείνης,
544 915 753 984 ἀγνοῶν
797 913 894 982 τῆς
940 909 1238 981 περιτομῆς
1269 908 1368 978 τὴν
1404 907 1576 977 ίσχὺν,
1613 902 1860 990 ἐκϐάλλω

279 1003 390 1058 τῶν
438 986 540 1070 τῆς
578 995 903 1066 Ίζκκλησίας
949 993 1232 1065 δογμάτων
1264 992 1454 1062 αὑτήν.
1486 990 1585 1047 Διά
1611 987 1770 1041 τοῦτο
1797 986 1863 1070 :16

282 1088 453 1156 ὅνομα
496 1064 661 1139 αὑτοῦ
693 1064 956 1140 τέθεικεν,
993 1064 1073 1144 είς
1115 1080 1334 1149 μνήμην
1384 1075 1532 1143 ἄγων
1565 1073 1762 1136 αὐτοὺς
1788 1064 1862 1126 ὧν

283 1170 537 1238 ἐποίησεν
563 1165 700 1236 ὑπὲρ
723 1163 816 1216 τοῦ
849 1162 1012 1232 νόμου
1033 1181 1046 1193 ο
1081 1160 1361 1232 μονονουχὶ
1395 1159 1568 1227 λέγων
1590 1175 1602 1188 ·
1624 1157 1738 1213 Οὐκ
1760 1158 1864 1210 ἀπ-

285 1252 473 1325 εχθείᾳ
504 1250 604 1319 τῆς
639 1247 943 1319 περιτομῆς
967 1245 1124 1300 τοῦτο
1154 1245 1310 1309 ποιῶ,
1340 1243 1454 1297 ἀλλ’
1483 1245 1540 1300 ἐν
1575 1241 1863 1310 ἐπιγνώσει

287 1339 387 1408 τῆς
415 1334 687 1406 ἀληθείας.
709 1329 847 1400 Ἐγὼ
874 1330 1085 1393 Παῦλος
1114 1328 1272 1384 τοῦτο
1296 1328 1458 1396 λέγω,
1483 1325 1694 1388 Παῦλος
1721 1327 1864 1378 ἐκεῖ-

285 1442 372 1488 νος
397 1425 426 1476 6
453 1424 509 1474 ἐν
548 1420 812 1491 περιτομῇ
847 1417 1206 1486 ὀκταήμερος,
1233 1417 1260 1467 6
1287 1414 1351 1465 ἐκ
1380 1413 1568 1481 γένους
1597 1410 1863 1481 Ἰσραηλί-

286 1523 406 1578 της,
423 1505 668 1576 Ἐϐραῖος
715 1501 772 1569 ἐξ
806 1499 1090 1572 Ἐϐραίων,
1126 1500 1190 1551 ἐκ
1227 1497 1398 1569 φυλῆς
1423 1498 1698 1567 Βενιαμὶν,
1725 1496 1867 1550 κατά

287 1593 453 1663 νόμον
468 1590 778 1660 Φαρισαῖος,
799 1585 940 1640 κατά
969 1584 1128 1652 ζῆλον
1157 1583 1368 1636 διώκων
1387 1582 1484 1652 τὴν
1518 1580 1864 1652 Ἐκκλησίαν,

287 1679 319 1732 6
345 1672 796 1744 εἰσπορευόμενος
820 1671 901 1736 εἰς
925 1667 1022 1729 16;
1042 1667 1218 1728 οἰκίας
1238 1665 1331 1718 καὶ
1353 1664 1532 1736 σύρων
1559 1664 1757 1735 ἄνδρας
1774 1663 1869 1715 καὶ

289 1761 576 1831 γυναῖκας,
604 1756 698 1808 καὶ
732 1751 1059 1825 παραδιδοὺς
1098 1751 1177 1812 εἰς
1207 1749 1454 1820 φυλακήν
1475 1767 1486 1780 ·
1526 1749 1668 1822 άπερ
1697 1747 1868 1803 ἅπαν.

291 1861 360 1898 τα
389 1842 483 1896 καὶ
510 1841 636 1901 τοὺς
681 1835 884 1907 σφόδρα
911 1832 1250 1904 ἀναισθήτως
1278 1831 1653 1902 διακειμένους
1686 1833 1869 1885 πεῖσαι

291 1924 492 1982 δύναιτ’
529 1921 615 1984 ἂν,
639 1921 714 1984 ὡς
743 1920 844 1972 οὑκ
881 1917 1048 1989 ἔχθρᾳ
1069 1916 1196 1980 τινὶ,
1225 1915 1344 1970 οὑδέ
1373 1913 1564 1985 ἀγνοίᾳ
1597 1915 1704 1969 τῶν
1747 1915 1874 1970 Ἰουο

292 2011 516 2070 δαῖκῶν,
547 2003 659 2059 ἀλλ’
690 2001 981 2071 ἐπιγνώσει
1027 2001 1126 2070 τῆς
1169 1999 1426 2070 ἀληθείας
1447 1999 1548 2070 τῆς
1581 1999 1876 2071 ὑπερεχού-

297 2109 398 2165 σης
426 2090 523 2145 τοῦ
555 2089 815 2162 Χριστοῦ,
847 2088 1034 2142 τοῦτον
1059 2087 1279 2141 τέθεικα
1304 2086 1395 2141 τὸν
1429 2085 1610 2155 νόμον.
1643 2084 1878 2150 Μαρτύ-

287 2193 467 2245 popa;
491 2174 560 2228 δὲ
593 2171 796 2232 πάλιν,
833 2172 984 2243 φησὶ,
1007 2172 1186 2225 παντὶ
1221 2170 1507 2238 ἀνθρώπῳ
1536 2184 1879 2237 περιτεμνοο

289 2258 475 2329 μένῳ,
517 2257 607 2311 ὅτι
632 2257 944 2325 ὀφειλέτης
977 2256 1150 2309 ἐστίν
1186 2255 1334 2310 ὅλον
1365 2254 1470 2308 τὸν
1499 2256 1687 2324 νόμον
1723 2258 1878 2320 πλη-

289 2343 504 2414 ρῶσαι.
536 2341 634 2398 Διά
665 2342 716 2396 τί
746 2342 846 2396 οὑκ
883 2338 1002 2395 εἶπε
1024 2359 1036 2371 ·
1073 2341 1441 2413 Παραγγέλλω
1469 2341 1546 2405 δὲ,
1573 2341 1606 2412 ἢ
1642 2339 1881 2394 ἐντέλλο-

303 2447 399 2500 μαι
429 2429 505 2492 δὲ,
538 2427 571 2498 ἢ
612 2426 754 2497 λέγω
797 2427 874 2488 δὲ,
906 2426 1061 2489 ἀλλὰ,
1093 2426 1483 2499 Μαρτύρομαι;
1513 2427 1630 2480 ’Ίνα
1670 2425 1758 2479 διὰ
1785 2423 1879 2478 τοῦ

303 2514 547 2586 ῥήματος
577 2510 766 2564 τούτου
795 2510 888 2564 τοῦ
918 2511 1266 2582 δικαστηρίου
1297 2511 1390 2566 τοῦ
1423 2512 1711 2581 μέλλοντος
1733 2511 1882 2580 ἡμᾶς

301 2595 588 2666 ἀναμνήσῃ
611 2612 622 2624 ·
652 2595 786 2648 δπου
807 2595 914 2666 γάρ
948 2595 1246 2666 μάρτυρες,
1272 2596 1388 2648 ἐκεῖ
1415 2595 1762 2666 δικαστήριον
1789 2593 1882 2648 καὶ

299 2681 497 2752 ψῆφος.
537 2678 696 2730 Φοϐεῖ
749 2677 922 2730 τοίνυν
972 2677 1064 2731 τὸν
1113 2679 1407 2750 ἀκροατὴν,
1451 2679 1882 2748 ἀναμιμνήσκων

300 2767 395 2819 τοῦ
431 2763 707 2834 βασιλικοῦ
737 2764 948 2837 θρόνου,
979 2763 1072 2818 καὶ
1115 2762 1329 2824 δεικνὺς
1365 2763 1446 2815 ὅτι
1478 2755 1623 2815 οὗτοι
1651 2763 1700 2814 οἱ
1734 2760 1882 2829 λόγοι

313 2851 586 2922 μάρτυρες
628 2849 836 2902 ἔσονται
885 2846 1032 2916 αὑτῷ
1081 2846 1222 2899 κατὰ
1261 2847 1358 2916 τὴν
1405 2847 1619 2916 ἡμέραν
1646 2846 1882 2914 ἐκείνην,

307 2937 438 2989 ὅταν
479 2935 705 2996 ἕκαστος
737 2932 844 2986 τῶν
869 2931 1047 3001 ἐαυτῷ
1073 2930 1495 3002 πεπραγμένων,
1530 2928 1625 2982 καὶ
1659 2923 1732 2981 ὦν
1763 2924 1884 2981 εἷπε

306 3019 401 3072 καὶ
433 3013 508 3072 ὧν
531 3019 780 3088 ῆκουσεν,
802 3015 978 3088 ὑπέχῃ
1006 3015 1182 3084 λόγον.
1215 3015 1398 3068 Ταῦτα
1425 3015 1621 3084 ἤκουον
1647 3011 1744 3082 μὲν
1766 3010 1887 3065 τότε

307 3103 568 3167 Γαλάται,
607 3100 953 3155 ἀκουέτωσαν
998 3099 1055 3156 δέ
1097 3099 1190 3152 κα)⁵
1225 3097 1320 3152 νῦν
1349 3098 1398 3150 οἱ
1425 3098 1495 3150 τὰ
1518 3094 1771 3150 Γαλατῶν
1799 3112 1888 3148 νο-

311 3186 550 3249 σοῦντες,
581 3186 629 3240 εί
654 3185 749 3242 καὶ
779 3183 854 3255 μὴ
885 3182 1166 3254 πάρεισιψ
1197 3182 1334 3236 ἀλλά
1359 3182 1424 3234 δι’
1444 3183 1597 3252 ὑμῶν
1621 3183 1892 3236 ἀκουέτω-

313 3289 412 3326 σαν
444 3269 674 3340 βοῶντος
705 3266 916 3320 Παύλου
956 3267 1050 3320 καί
1099 3267 1349 3334 λέγοντος
1369 3284 1381 3296 ·
1413 3267 1793 3335 Μιιρτύρομαι
1822 3264 1891 3318 δὲ

311 3355 492 3408 παντί
541 3352 829 3420 ἀνθρώπῳ
881 3350 1387 3420 περιτεμνομένῳ,
1431 3349 1519 3407 ὅτι
1576 3350 1890 3420 ὀφειλέτης

309 3437 485 3490 ἐστίν
515 3434 660 3489 ὅλον
696 3433 796 3487 τὸν
825 3434 1014 3503 νόμον
1047 3432 1382 3502 πληρῶσαι.

385 3522 476 3592 Μὴ
503 3519 612 3591 γάρ
650 3535 736 3589 μοι
767 3517 927 3588 εἴπῃς
952 3519 1034 3574 ὃτι
1073 3518 1169 3588 μία
1209 3518 1392 3589 ἐντολή
1427 3520 1574 3574 ἐστιν
1606 3521 1638 3590 ἡ
1675 3537 1893 3592 περιτο..

317 3608 423 3678 μή·
448 3608 482 3675 ἡ
508 3605 607 3675 μία
639 3601 826 3672 ἐντολὴ
856 3601 1038 3672 ἐκείνη
1072 3601 1361 3673 ὀλόκληρον
1390 3602 1666 3675 ἐπιτίθησι
1695 3621 1776 3656 σοι
1797 3603 1890 3657 τοῦ

314 3689 482 3762 νόμου
529 3686 621 3740 τὸν
666 3684 1027 3753 ζυγόν.”υταν
1059 3685 1167 3756 γὰρ
1199 3685 1287 3738 διὰ
1311 3685 1405 3738 τοῦ
1439 3687 1638 3759 μέρους
1669 3689 1895 3760 εἰσάγῃς

319 3771 514 3828 σαυτὸν
538 3773 619 3834 είς
648 3770 747 3840 τὴν
769 3769 862 3823 τοῦ
887 3769 1054 3840 νόμου
1078 3769 1414 3832 δεσποτείαν,
1447 3771 1658 3843 ἀνάγκη
1687 3775 1781 3828 καὶ
1827 3774 1898 3827 τά

317 3855 482 3909 λοιπά
545 3852 828 3908 πείθεσθαι
885 3854 1264 3907 ἐπιτάττοντι·
1325 3853 1400 3924 μὴ
1467 3855 1778 3924 πληροῦντα
1841 3857 1896 3910 δέ

320 3941 536 4008 ἀνάγκη
585 3939 736 3990 πᾶσα
785 3936 1109 4002 κολάζεσθαι
1143 3938 1240 3990 καὶ
1261 3935 1360 4006 τὴν
1389 3937 1528 4007 ἀρὰν
1551 3937 1750 3992 ἕλκειν.
1788 3939 1899 3993 Καὶ

321 4022 570 4093 καθάπερ
594 4023 673 4084 είς
697 4019 897 4088 παγίδα
919 4018 1247 4090 ἐμπεσόντος
1272 4018 1554 4091 στρουθοῦ.
1582 4019 1686 4074 κᾶν
1713 4023 1742 4074 6
1765 4020 1900 4085 ποῦς

323 4108 616 4178 κατέχηται
666 4105 844 4176 μόνον,
876 4107 970 4158 καὶ
1017 4104 1077 4158 τὸ
1126 4104 1308 4158 λοιπὸν
1337 4105 1484 4160 άπαν
1517 4106 1659 4160 ἐάλω
1707 4108 1895 4177 σῶμαο

321 4193 464 4248 οὑτω
496 4193 589 4244 καὶ
617 4193 644 4244 6
680 4191 808 4261 μίαν
838 4190 1055 4262 ἐντολὴν
1080 4190 1173 4244 τοῦ
1200 4189 1365 4262 νόμου
1396 4191 1638 4262 πληρῶν,
1667 4191 1768 4246 κᾶν
1801 4209 1899 4245 πε-

328 4279 574 4350 ριτομὴν,
615 4275 716 4330 κᾶν
745 4275 1018 4346 νηστείαν,
1051 4277 1268 4330 ἃπασαν
1304 4275 1498 4330 ἐαυτοῦ
1531 4277 1628 4347 τὴν
1655 4276 1901 4342 ἐξουσίαν

323 4369 410 4421 διὰ
439 4368 538 4437 τῆς
569 4366 696 4435 μιᾶς
727 4363 929 4434 ταύτης
961 4361 1041 4433 τῷ
1071 4363 1221 4434 νόμῳ
1254 4364 1559 4435 παρέδωκε,
1592 4364 1686 4418 καὶ
1715 4365 1775 4417 ού
1808 4365 1901 4417 δυ-

323 4453 544 4521 νήσεται
573 4449 872 4516 διαφυγεῖν,
898 4445 1004 4508 ἕως
1046 4446 1114 4500 ἂν
1146 4447 1294 4517 αὑτῷ
1320 4445 1420 4501 κᾶν
1452 4449 1516 4500 ἐκ
1551 4447 1748 4518 μέρους
1779 4448 1901 4500 πεί-

326 4531 514 4586 θεσθαι
541 4531 820 4602 βούληται.
855 4528 1041 4582 Ταῦτα
1061 4530 1123 4582 οὐ
1159 4529 1592 4599 κατηγοροῦντες
1620 4528 1714 4583 τοῦ
1737 4531 1902 4600 νόμου

326 4618 576 4687 λέγομεν,
608 4614 681 4684 μὴ
710 4613 951 4682 γένοιτοί
991 4611 1126 4666 ἀλλά
1171 4613 1264 4665 τὸν
1295 4613 1702 4684 ὑπερϐάλλοντα
1737 4614 1903 4670 πλοῦ-

327 4717 418 4753 τον
461 4699 563 4768 τῆς
598 4696 694 4750 τοῦ
738 4692 975 4767 Χριστοῦ
1019 4693 1240 4766 χάριτος
1267 4694 1437 4759 δεῖξαι
1464 4695 1793 4766 βουλόμενοι.
1828 4699 1902 4750 υὺ

327 4782 437 4854 γάρ
482 4786 629 4836 ἐστιν
671 4781 698 4832 6
745 4779 909 4854 νόμος
939 4777 1176 4840 ἐναντίος
1199 4777 1278 4848 τῷ
1309 4779 1530 4849 Χριστῷ
1553 4797 1566 4812 ο
1597 4781 1715 4844 πῶς
1742 4783 1851 4852 γὰρ
1877 4785 1906 4836 6

331 4867 421 4920 ὑπ’
447 4864 610 4918 αὑτοῦ
639 4861 786 4935 [604]
813 4861 1007 4924 δοθεὶς,
1033 4861 1062 4913 6
1097 4861 1233 4932 πρὸς
1259 4862 1422 4915 αὑτὸν
1448 4864 1594 4933 ἡμᾶς
1627 4865 1905 4934 παιδαγω-

330 4950 471 5018 γῶν;
515 4946 651 5001 ἀλλὰ
696 4946 786 4999 διὰ
816 4945 916 5015 τὴν
945 4946 1171 5015 ἄκαιρον
1195 4945 1525 5014 φιλονεικίαν
1557 4947 1665 5000 τῶν
1693 4948 1792 5002 οὑκ
1825 4951 1906 5012 είς

329 5034 448 5086 δέον
492 5029 639 5100 αὑτῷ
674 5029 968 5100 χρωμένων
1000 5027 1175 5082 πάντα
1201 5027 1374 5082 ταῦτα
1401 5029 1579 5098 λέγειν
1607 5033 1907 5100 ἀναγκαζό-

335 5115 495 5186 μεθα.
513 5113 738 5166 Ἐκεῖνοι
768 5109 878 5183 γάρ
909 5113 1046 5164 εἰσιν
1085 5111 1135 5164 οί
1163 5111 1254 5165 τὸν
1285 5111 1448 5183 νόμον
1497 5111 1828 5183 ὑϐρίζοντες,
1856 5117 1906 5168 οἱ

333 5194 645 5258 κελεύοντες
669 5193 971 5263 ἀποστῆναι
994 5193 1246 5260 καθάπαξ
1273 5194 1460 5258 αὑτοῦ,
1475 5191 1571 5248 κάι
1594 5195 1907 5268 τῷΧριστῷ

338 5277 672 5348 προσελθεῖν,
709 5277 802 5331 καὶ⁵
834 5277 1178 5347 ἀντεχόμενοι
1224 5277 1386 5330 πάλιν
1428 5277 1612 5331 αὑτοῦ.
1634 5279 1785 5332 Ἐπεὶ
1826 5280 1908 5333 ὅτι

336 5359 570 5431 μέγιστα
611 5361 710 5429 τὴν
741 5358 899 5426 φύσιν
929 5360 1176 5431 ὠφέλησε
1224 5361 1322 5432 τὴν
1361 5361 1638 5432 ἡμετέραν
1662 5365 1692 5416 6
1725 5363 1906 5434 νόμος,

334 5442 580 5511 ὁμολογῶ
622 5441 798 5511 κάγὼ,
829 5441 924 5499 καὶ
958 5443 1058 5497 οὑκ
1101 5443 1165 5496 ἂν
1212 5444 1504 5516 ἀρνηθείην
1543 5444 1691 5499 ποτέ.
1711 5447 1849 5500 Ἀλλ’
1881 5452 1910 5502 6

337 5524 488 5594 παρά
517 5524 705 5596 καιρὸν
734 5525 1086 5594 ἀντεχόμενος
1115 5527 1278 5579 αὑτοῦ
1304 5529 1366 5581 σὺ
1394 5529 1453 5580 οὑ
1484 5535 1782 5601 συγχωρεῖς
1806 5549 1908 5601 φα-

337 5607 493 5676 νῆναι
521 5607 619 5677 τῆς
649 5605 914 5675 ὠφελείας
945 5606 1110 5660 αὑτοῦ
1144 5609 1205 5660 τὸ
1235 5610 1481 5678 μέγεθος.
1514 5612 1776 5685 Καθάπερ
1803 5616 1910 5686 γὰρ

345 5687 689 5760 παιδαγωγοῦ
722 5690 976 5762 μέγιστον
1007 5691 1276 5762 ἐγκώμιον
1317 5693 1511 5758 γένοιτ’
1547 5693 1630 5759 ἂν,
1657 5697 1716 5749 16
1742 5703 1908 5770 μηκέ-

957 291 1026 347 IN
1063 289 1195 347 EOS
1227 285 1346 355 QUI
1383 285 1523 343 CUM
1555 279 1704 342 JUD.
1743 274 2128 336 JEJUNANT.
2169 271 2535 330 ADVERSUS
2572 271 2720 329 JUD.
2754 269 2823 326 ΙΙ.

1957 406 2010 444 τι
2041 388 2244 442 δεῖσθαι
2287 388 2384 457 τῆς
2428 385 2558 456 παρ’
2585 383 2749 438 αὑτοῦ
2785 381 3032 454 φυλακῆς
3067 371 3146 444 εἰς
3181 379 3538 454 σωφροσύνην

1957 481 2049 535 τὸν
2077 482 2168 534 ὑπ’
2193 478 2357 533 αὑτοῦ
2393 475 2877 546 παιδαγωγηθέντα
2903 473 3044 537 νέον,
3067 473 3146 535 είς
3174 471 3394 542 μείζονα
3417 471 3536 527 6m-

1959 572 2115 626 δόντα
2161 571 2362 643 ἀρετήν
2385 585 2398 598 ³
2438 567 2582 623 οὑτω
2610 569 2701 622 καὶ
2728 568 2876 637 νόμῳ
2912 566 3168 636 μέγιστος
3195 563 3414 626 ἔπαινος
3446 562 3539 632 γέ-

1961 665 2090 718 νοιτ’
2131 663 2218 725 ἂν,
2255 663 2315 717 τὸ
2353 662 2547 734 μηκέτι
2582 660 2771 732 χρείαν
2795 659 2939 730 ἐχειν
2982 660 3126 728 ἡμᾶς
3150 657 3249 728 τῆς
3276 655 3405 727 παρ’
3437 655 3538 709 αὑ-

1960 757 2055 813 τοῦ
2089 756 2358 828 βοηθείας.
2391 754 2532 808 Αὐτὸ
2561 753 2668 824 γάρ
2702 752 2765 823 δὴ
2787 750 2946 804 τοῦτο
2977 749 3127 822 παρὰ
3150 750 3242 802 τοῦ
3271 750 3436 819 νόμου
3456 747 3542 817 γέ-

1963 867 2118 918 γονεν
2148 851 2299 919 ἡμῖν,
2329 847 2390 900 16
2440 845 2575 917 πρὸς
2629 844 2870 916 μείζονος
2920 842 3236 912 φιλοσοφίας
3275 840 3542 910 ὑποδοχὴν

1964 940 2400 1013 ἐπιτηδειοτέραν
2426 940 2555 1010 ἡμῖν
2583 937 2836 1006 γενέσθαι
2862 936 2959 1007 τὴν
2982 934 3349 1006 ψυχήν.”Ωστε
3383 932 3412 983 6
3443 933 3541 1002 μὲν

1965 1035 2046 1088 ἐτι
2082 1032 2544 1105 παρακαθήμενος
2588 1028 2757 1100 αὑτῷ,
2804 1030 2898 1081 καὶ
2934 1027 3008 1099 μὴ
3035 1027 3328 1098 δυνάμενος
3362 1023 3544 1095 μεῖζόν

1965 1145 2018 1182 τι
2052 1126 2158 1181 τῶν
2192 1127 2306 1179 ἐκεῖ
2331 1121 2736 1195 γεγραμμένων
2770 1121 2921 1185 ἰδεῖν,
2949 1120 3101 1173 οὑδέν
3129 1117 3383 1190 ἐκέρδανε
3413 1119 3544 1188 παρ’

1967 1219 2131 1278 αὑτοῦ
2166 1219 2326 1289 μέγα.
2346 1216 2485 1285 Ἐγὼ
2512 1215 2568 1269 δὲ
2607 1216 2634 1267 6
2672 1214 2861 1267 τοῦτον
2893 1213 2989 1284 μὲν
3015 1212 3194 1282 ἀφεὶς,
3232 1208 3363 1280 πρὸς
3393 1209 3449 1262 δὲ
3477 1206 3548 1260 16

1969 1312 2276 1384 ὑψηλότερα
2303 1310 2396 1364 τοῦ
2421 1308 2656 1382 Χριστοῦ
2679 1307 2928 1377 δόγματα
2953 1302 3196 1377 δραμὼν,
3227 1302 3457 1376 μάλιστα
3481 1299 3548 1355 ἂν

1968 1406 2133 1463 αὑτὸν
2161 1405 2426 1476 δυναίμην
2467 1401 2772 1473 σεμνύνειν,
2798 1400 2879 1452 ὅτι
2915 1415 2983 1468 με
3023 1395 3265 1450 τοιοῦτον
3289 1394 3550 1466 είργάσα-

1969 1518 2051 1565 το,
2077 1499 2152 1563 ὼς
2175 1475 2466 1569 δυνηθῆναι
2498 1495 2605 1548 τῶν
2627 1496 2684 1547 ἐν
2709 1491 2855 1562 αύτῷ
2884 1489 3284 1561 γεγραμμένων
3311 1487 3408 1558 τὴν
3434 1502 3552 1554 σμι-

1973 1593 2212 1664 κρότητα
2252 1589 2586 1660 ὑπερϐάντα,
2621 1587 2758 1657 πρὸς
2792 1585 2852 1638 τὸ
2897 1584 2996 1654 τῆς
3039 1581 3384 1642 διδασκαλίας
3418 1578 3551 1648 ὕψος

1973 1685 2238 1754 ἀναϐῆναι
2262 1682 2362 1752 τῆς
2386 1681 2535 1753 παρά
2560 1680 2650 1734 τοῦ
2677 1676 2914 1750 Χριστοῦ
2944 1676 3242 1746 γενομένης
3274 1676 3423 1745 ἡμῖν.

2045 1782 2272 1850 Μεγάλα
2297 1780 2396 1851 τὴν
2423 1778 2582 1848 φύσιν
2615 1777 2714 1848 τὴν
2746 1774 3021 1845 ἡμετέραν
3068 1771 3349 1842 ὠφέλησεν
3399 1773 3427 1823 6
3468 1769 3554 1824 νό-

1981 1894 2098 1948 μος,
2130 1875 2244 1928 ἀλλ’
2279 1873 2373 1927 ἐὰν
2427 1870 2499 1942 τῷ
2544 1869 2764 1942 Χριστῷ
2811 1866 3134 1938 προσαγάγῃ
3180 1864 3449 1934 γνησίως’
3476 1860 3552 1924 ὼς

1979 1972 2072 2025 ἐὰν
2101 1969 2176 2041 μὴ
2199 1967 2358 2020 τοῦτο
2383 1960 2438 2039 ᾗ,
2472 1963 2565 2017 καὶ
2598 1961 2924 2030 κατέϐλαψε.
2960 1958 3218 2030 μειζόνων
3251 1957 3556 2027 ἀποστερή-

1980 2082 2078 2128 σας
2106 2063 2252 2132 ήμᾶς
2282 2063 2347 2130 τῇ
2375 2059 2483 2110 τῶν
2505 2057 2804 2110 ἐλαττόνων
2829 2054 3147 2127 προσεδρίᾳ,
3177 2052 3272 2106 καὶ
3298 2050 3376 2122 τῷ
3396 2049 3557 2104 πάλιν

1978 2159 2035 2210 ἐν
2068 2159 2180 2219 τοῖς
2213 2155 2426 2226 μυρίοις
2455 2151 2562 2204 τῶν
2588 2150 2953 2221 παραϐάσεων
2978 2147 3286 2219 τραύμασιν
3317 2145 3396 2198 ἔτι
3427 2161 3559 2197 κατ-

1981 2253 2145 2322 έχειν.
2168 2249 2281 2303 Καὶ
2308 2249 2417 2318 γάρ
2446 2247 2495 2299 εἰ
2520 2244 2663 2298 δυοῖν
2697 2243 2894 2314 ἰατρῶν
2923 2242 3113 2308 ὄντων,
3142 2239 3237 2294 τοῦ
3276 2239 3374 2308 μὲν
3402 2238 3560 2292 ἀσθε-

1981 2346 2256 2414 νεστέρου,
2274 2339 2368 2393 τοῦ
2393 2338 2450 2394 δὲ
2473 2337 2859 2407 δυνατωτέρου,
2887 2338 2915 2388 6
2947 2335 3045 2406 μὲν
3077 2336 3189 2397 τοῖς
3216 2331 3398 2385 έλκεσι
3423 2331 3561 2402 φάρο

1987 2451 2137 2508 μακα
2163 2431 2426 2495 ἐπιτιθεὶς
2458 2431 2532 2502 μὴ
2569 2429 2782 2485 δύναιτο
2809 2426 3115 2493 ἀπαλλάξαι
3163 2423 3420 2488 καθάπαξ
3466 2421 3562 2493 τῆς

1985 2532 2044 2599 ἐξ
2078 2531 2301 2583 ἐκείνων
2327 2525 2519 2596 ὀδύνης
2546 2524 2637 2577 τὸν
2668 2523 2970 2596 ἄρρωστον.
2993 2561 3008 2576 .
3030 2560 3044 2575 .
3080 2518 3319 2590 (λείπει).
3339 2559 3351 2571 .
3369 2559 3384 2573 .

2055 2644 2128 2706 γ’.
2232 2639 2264 2690 ό
2284 2633 2546 2702 ἀδελφός
2571 2645 2708 2694 σου,
2726 2629 2869 2698 ἄεξε(
2900 2628 2966 2681 τὸ
2987 2625 3179 2694 δῶρόν
3208 2641 3324 2679 σου
3347 2624 3563 2692 ἐμπρο-

1985 2734 2134 2785 σθεν
2167 2727 2272 2802 τοῦ
2290 2725 2744 2792 θυσιαστηρίου,
2772 2722 2870 2775 καί
2901 2720 3110 2789 ὕπαγε·
3140 2716 3375 2786 πρῶτον
3403 2715 3564 2769 6mi-

1985 2824 2200 2894 λάγηθι
2228 2820 2308 2887 τῷ
2333 2817 2574 2888 ἀδελφῷ
2597 2834 2734 2880 σου,
2767 2814 2862 2868 καὶ
2893 2815 3024 2868 τότε
3044 2811 3240 2867 ἐλθὼν
3266 2811 3566 2880 πρόσφερε

1987 2918 2054 2971 τὸ
2079 2917 2272 2986 δῶρόν
2304 2933 2438 2970 σου.
2475 2913 2589 2967 Οὑκ
2623 2907 2764 2976 εἷπε,
2792 2907 3074 2961 Σύστειλον
3106 2907 3206 2977 τὴν
3234 2905 3453 2969 θυσίαν,
3477 2903 3570 2956 καὶ

1987 3011 2109 3065 τότε
2136 3007 2360 3067 ἄπελθε,
2385 3005 2522 3073 ἀλλ’,
2559 3008 2729 3074 ’Ἄφες
2761 3003 2941 3074 μένειν
2975 3001 3318 3071 ἀπλήρωτοι),
3353 2999 3442 3051 καὶ
3463 2997 3563 3050 ἀπ-

1991 3101 2164 3157 ελθὼν
2195 3097 2514 3171 διαλλάγηθι
2561 3096 2640 3168 τῷ
2679 3093 2893 3166 ἀδελφῷ
2925 3111 3039 3148 σου.
3071 3094 3181 3146 Καὶ
3209 3092 3309 3145 οὑκ
3339 3089 3572 3144 ἐνταῦθα

1991 3196 2150 3250 τοῦτο
2185 3195 2346 3266 μόνον
2386 3192 2661 3264 ἐποίησεν,
2685 3188 2824 3243 ἀλλά
2863 3191 2957 3247 καὶ
2987 3187 3214 3259 ἐτέρωθι
3247 3185 3430 3240 πάλιν.
3451 3185 3571 3238 Ἐάν

1997 3288 2096 3360 μὲν
2140 3288 2252 3358 γάρ
2290 3287 2518 3340 ἄπιστον
2551 3283 2647 3356 έχῃ
2679 3284 2913 3352 γυναῖκά
2939 3299 3040 3346 τις,
3075 3279 3570 3350 τουτέστιν,Ἐλληο

1994 3383 2130 3446 νίδα,
2162 3383 2264 3436 οὑκ
2285 3379 2653 3449 ἀναγκάζεται
2686 3374 2962 3431 ἐκϐαλεῖν·
2997 3377 3070 3429 Εἴ
3099 3393 3186 3440 τις
3223 3377 3356 3445 γὰρ,
3387 3373 3573 3443 φησὶν,

1994 3481 2118 3550 ἔχει
2157 3475 2412 3547 γυναῖκα
2450 3475 2729 3536 ἄπιστον,
2759 3471 2856 3524 καί
2899 3469 3053 3536 αὑτὴ
3095 3466 3453 3522 συνευδοκεῖ
3491 3467 3583 3520 οι-

1996 3571 2126 3625 κεῒν
2158 3569 2284 3640 μετ’
2315 3565 2524 3629 αὐτοῦ,
2553 3567 2640 3636 μὴ
2670 3564 2888 3635 ἀφιέτω
2919 3561 3144 3627 dimi)“
3184 3560 3250 3614 ἀν
3279 3559 3336 3612 δὲ
3373 3560 3575 3632 πόρνη-ο

1996 3664 2091 3716 καὶ
2122 3658 2426 3734 μοιχαλίδα,
2458 3661 2518 3713 ού
2561 3659 2826 3711 κωλύεται
2862 3655 3145 3709 ἐκϐάλλειν
3164 3671 3178 3684 ·
3223 3657 3319 3720 Ὃς
3345 3655 3454 3728 γὰρ
3481 3654 3576 3718 ἂν,

1998 3759 2182 3830 φησὶν,
2220 3756 2520 3813 ἀπολύσει
2565 3752 2680 3821 τὴν
2720 3752 2978 3822 γυναῖκα
3025 3751 3232 3813 αὐτοῦ,
3288 3753 3574 3818 παρεκτὸς

1997 3853 2183 3920 λόγου
2222 3847 2524 3916 πορνείας,
2565 3845 2722 3900 ποιεῖ
2761 3843 2958 3912 αὐτὴν
2997 3841 3576 3912 μοιχευθῆναιίὩστε

1999 3948 2091 3998 ἐπὶ
2141 3943 2300 4011 λόγου
2346 3940 2601 4012 πορνείας
2639 3937 2846 4003 ἔξεστιν
2893 3937 3176 3993 ἀπολῦσαι.
3213 3933 3365 4002 Εἶδες
3397 3938 3580 4008 φιλαν-

2002 4035 2248 4109 θρωπίαν
2277 4033 2411 4089 Θεοῦ
2438 4033 2534 4087 καὶ
2564 4031 3016 4103 κηδεμονίαν.“Αν
3050 4031 3291 4103 Ἑλληνὶς
3312 4028 3369 4104 ᾗ,
3393 4033 3580 4100 φησὶν,

2000 4135 2034 4202 ἡ
2070 4129 2228 4201 γυνὴ,
2265 4129 2342 4200 μὴ
2369 4126 2636 4198 ἐκϐάλλῃς
2655 4143 2670 4158 ο
2709 4124 2774 4179 ἂν
2807 4125 2864 4177 δὲ
2889 4125 3081 4196 πόρνη,
3113 4125 3175 4176 οὑ
3209 4123 3404 4177 κωλύω
3427 4124 3583 4178 τοῦτο

2007 4221 2357 4292 ποιῆσαι.’“Λν
2388 4221 2468 4282 εἰς
2504 4218 2624 4289 ἐμὲ,
2651 4218 2832 4287 φησὶν,
2868 4217 3130 4288 ἁσεϐήσῃ,
3167 4215 3240 4286 μὴ
3275 4214 3540 4286 ἐκϐάλλῃς
3565 4234 3579 4248 ο

2005 4314 2071 4367 ἂν
2096 4312 2154 4368 δὲ
2180 4315 2260 4376 είς
2289 4311 2348 4364 σέ
2377 4310 2598 4382 ὑϐρίσῃ,
2631 4308 2806 4372 οὐδεὶς
2839 4310 2866 4362 6
2895 4306 3119 4360 κωλύων
3149 4307 3419 4362 ἐκϐαλεῖν.
3451 4303 3584 4361 Εἶτα

2004 4407 2032 4458 6
2067 4404 2164 4476 μὲν
2194 4403 2324 4466 Θεὸς
2355 4400 2590 4471 τοσαύτη
2621 4401 2752 4471 τιμῇ
2785 4398 3044 4471 κέχρηται
3069 4398 3204 4470 πρὸς
3230 4401 3396 4469 ἡμᾶς,
3422 4402 3584 4471 ἡμεῖς

2004 4501 2062 4554 δέ
2094 4499 2217 4554 οὑδέ
2249 4498 2356 4553 τῶν
2387 4498 2516 4552 ῐσων
2548 4496 2709 4552 αὑτὸν
2734 4493 3057 4565 ἀξιώσομεν,
3087 4495 3202 4547 ἀλλ’
3231 4494 3584 4568 ὑϐριζόμενον

2006 4592 2166 4648 αὑτὸν
2200 4589 2350 4663 παρά
2384 4588 2494 4643 τῶν
2539 4586 2822 4657 ἡμετέρων
2869 4585 3242 4657 περιοψόμεθα
3286 4588 3582 4656 γυναικῶν,

2009 4685 2104 4738 καὶ
2140 4683 2315 4738 ταῦτα
2336 4680 2558 4742 εἰδότες,
2585 4680 2667 4732 ὅτι
2693 4679 2926 4749 μεγίστη
2952 4679 3173 4742 κόλασις
3204 4681 3334 4750 ἡμῖν
3362 4683 3586 4736 ἀποκεί-

2009 4793 2161 4831 σεται
2187 4779 2281 4830 καὶ
2310 4772 2570 4844 τιμωρία,
2594 4771 2722 4825 ὅταν
2749 4771 2850 4838 τῆς
2873 4771 2982 4824 τῶν
3008 4772 3280 4838 γυναικῶν
3304 4774 3587 4847 ὑπερορῶ-

2011 4887 2110 4941 μεν
2143 4866 2448 4937 σωτηρίας;
2479 4863 2578 4917 Διά
2605 4867 2715 4934 γὰρ
2742 4863 2898 4916 τοῦτο
2925 4863 3166 4936 κεφαλήν
3195 4883 3254 4919 σε
3281 4868 3380 4938 τῆς
3407 4881 3588 4937 γυναι-

2008 4963 2103 5025 κὸς
2133 4959 2378 5030 ἐποίησε,
2405 4956 2492 5010 διὰ
2527 4954 2677 5028 [605]
2722 4956 2882 5009 τοῦτο
2928 4957 3024 5010 καὶ
3057 4957 3085 5009 6
3119 4959 3330 5024 Παῦλος
3373 4963 3588 5016 ἐκέλευ-

2011 5067 2129 5107 σεν·
2173 5053 2245 5106 Εἴ
2271 5068 2325 5103 τι
2350 5048 2564 5118 μαθεῖν
2600 5047 2887 5102 θέλουσιν
2917 5052 2976 5103 αἱ
3004 5051 3304 5119 γυναῖκες.
3337 5054 3407 5107 ὲν
3445 5055 3591 5119 οῑκφ

2007 5144 2150 5210 τοὺς
2179 5143 2367 5205 ἰδίους
2394 5141 2617 5210 ἄνδρας
2643 5141 2965 5211 ἐπερωτᾷν,
3001 5145 3088 5198 ἵνα
3117 5145 3307 5218 ὥσπερ
3333 5147 3588 5202 διδάσκα-

2010 5237 2100 5300 λος
2130 5235 2224 5290 καὶ
2254 5231 2504 5305 κηδεμὼν
2534 5234 2627 5289 καὶ
2650 5233 2982 5306 προστάτης,
3009 5238 3089 5298 είς
3115 5237 3396 5292 εὐσέϐειαν
3419 5239 3589 5311 αὐτὴν

2009 5328 2229 5399 ἐνάγῃς.
2261 5327 2448 5397 Ὑμεῖς
2492 5325 2568 5386 δέ,
2605 5325 2732 5379 ὅταν
2780 5326 2878 5396 μὲν
2916 5329 3106 5399 καιρὸς
3153 5330 3424 5396 συνάξεως
3453 5333 3592 5403 πρὸς

2009 5421 2109 5492 τὴν
2134 5419 2428 5490 ἐκκλησίαν
2457 5418 2618 5490 καλῇ,
2662 5418 3011 5490 ῥᾳθυμούσας
3040 5422 3100 5474 οὑ
3129 5423 3422 5496 διεγείρετε
3449 5441 3462 5454 °
3493 5425 3590 5480 τοῦ

2011 5511 2067 5565 δὲ
2111 5510 2358 5565 διαϐόλου
2394 5511 2530 5581 πρὸς
2574 5511 2673 5574 τας
2719 5511 3023 5580 σάλπιγγας
3059 5513 3228 5576 αὑτὰς
3275 5514 3589 5581 καλοῦντος,

2012 5605 2244 5675 ἐτοίμως
2287 5601 2662 5666 ἐπακουούσας
2707 5603 2768 5655 οὑ
2817 5602 3094 5674 κατέχετε,
3123 5606 3258 5660 ἀλλά
3301 5614 3589 5683 περιορᾶτε

2013 5700 2125 5762 τοῖς
2152 5695 2249 5768 τῆς
2276 5693 2528 5758 ἀσεϐεία;
2557 5693 2896 5768 ἐγκλήμασιν
2930 5695 3307 5771 ἁλισκομένας,
3333 5701 3427 5758 καὶ
3455 5713 3592 5775 προς
