3826 6222
399 213 498 271 8.3!

394 333 685 388 ἀκολασίαν
709 333 1086 406 ὲξελκομένας.
1118 337 1227 392 Καὶ
1256 336 1366 406 γὰρ
1397 337 1592 407 πόρναι
1622 336 1716 389 καὶ
1743 331 1978 406 μαλακοί

394 420 489 471 καὶ
518 420 624 481 πᾶς
655 420 683 471 ὁ
706 419 808 489 τῆς
836 420 1149 491 ὀρχήστρας
1182 420 1340 492 χορὸς
1368 422 1486 474 ἐκεῖ
1518 419 1834 492 συντρέχειν
1856 416 1979 472 εἰώ-
2020 489 2028 497 ⁸

395 502 575 639 odia".
612 584 664 636 τί
697 585 839 654 λέγω
853 586 1124 657 λτορνείας
1152 589 1251 651 τὰς
1278 585 1606 657 γινομένας;
1648 586 1710 640 ού
1735 586 1978 649 δέδοικας

398 667 472 739 μὴ
503 667 730 739 δαίμονα
760 647 999 723 λαιῦῦσα
1031 647 1244 724 ἐκεῖθεν
1269 647 1562 742 ἐπανέλθῃ-
1667 671 1834 742 γυνή;
1877 647 1977 722 οὐκ

392 756 630 826 ἤκουσας
658 757 715 808 ὲν
739 756 805 824 τῇ
834 754 1073 825 προτέρᾳ
1100 755 1332 819 διαλέξει
1363 754 1550 825 σαφῶς
1592 754 1976 819 ἀποδείξαντος

396 840 526 909 ἡμῖν
554 837 646 890 τοῦ
680 836 860 905 λόγου,
891 839 971 891 ὄτι
1019 840 1111 893 καί
1152 840 1248 902 τὰς
1286 838 1464 909 ψυχὰς
1489 839 1660 902 αὐτὸς
1698 839 1807 893 τῶν
1848 840 1977 892 ’1ου-

389 920 553 974 δαίων
580 922 675 974 καὶ
706 921 829 983 τοὺς
859 923 1076 985 τόπους,
1107 923 1164 974 ὲν
1196 916 1277 987 οἷς
1310 922 1680 991 συλλέγονται,
1722 922 1975 994 δαίμονες

390 1004 731 1069 κατοικοῦσι;
766 1003 889 1068 Πῶς
911 1001 1024 1071 οῦν,
1057 1006 1177 1058 εἰπέ
1218 1024 1327 1077 μοι,
1352 1006 1558 1078 τολμᾷς
1598 1006 1739 1077 μετά
1781 1007 1975 1076 δαιμό-

390 1103 495 1139 νων
532 1086 794 1158 χορεύσας
828 1087 966 1159 πρδς
989 1088 1081 1141 τὸν
1105 1088 1213 1142 τῶν
1243 1089 1559 1143 ἀποστόλων
1588 1088 1845 1159 σύλλογον
1875 1094 1976 1144 ἐπ-

390 1171 664 1236 ανελθεῖν,
697 1171 813 1234 πῶς
842 1171 898 1228 δὲ
942 1172 1003 1225 οὐ
1032 1173 1277 1243 φρίττεις
1306 1173 1554 1226 ἀπελθὼν
1586 1174 1678 1227 καὶ
1714 1175 1974 1245 κοινωνή-

393 1273 490 1319 σας
517 1255 744 1319 ἐκείνοις
771 1258 881 1319 τοῖς
909 1256 969 1309 τὸ
994 1253 1133 1327 αἷμα
1154 1257 1374 1327 ὲκχέασι
1402 1257 1493 1310 τοῦ
1518 1257 1777 1329 Χριστοῦ,
1802 1257 1975 1311 ἐλθεῖν

390 1340 485 1392 καὶ
509 1339 836 1409 κοινωνῆσαι
860 1340 958 1410 τῆς
987 1342 1138 1412 ἱερᾶς
1169 1341 1468 1414 τραπέζης,
1497 1344 1590 1396 καὶ
1614 1342 1708 1395 τοῦ
1743 1342 1974 1413 αἵματος

392 1425 681 1494 μετασχεῖν
704 1422 795 1475 τοῦ
826 1423 1041 1494 τιμίου;
1067 1425 1127 1477 ού
1155 1425 1425 1496 φρίττεις,
1448 1427 1508 1480 ού
1539 1425 1785 1489 δέδοικας
1803 1426 1975 1480 τοιαῦ-

387 1523 458 1560 τα
480 1506 813 1577 παρανομῶν
834 1524 848 1571 ;
871 1508 971 1577 τὴν
989 1508 1269 1579 τράπεζαν
1297 1510 1467 1579 αὐτὴν
1486 1513 1587 1564 οὐκ
1608 1511 1727 1582 αἰδῇ
1750 1526 1765 1576 ;
1788 1509 1973 1564 Ταῦτα

389 1590 526 1660 πρὸς
546 1590 689 1660 ὑμᾶς
711 1588 820 1657 ἐγὼ
837 1589 1136 1664 διελέχθην,
1170 1591 1342 1647 ταῦτα
1365 1594 1501 1663 πρὸς
1525 1595 1768 1658 ἐκείνους
1790 1596 1971 1666 ὑμεῖς,

387 1675 627 1728 κάκεῖνοι
664 1673 799 1743 πρὸς
829 1673 928 1737 τάς
966 1675 1176 1729 ἑαυτῶν
1208 1680 1505 1745 γυναῖκας·
1556 1674 1662 1745 Εἷς
1710 1678 1818 1733 τὸν
1863 1680 1974 1735 ἕνα

385 1757 766 1825 οἰκοδομεῖτε.
804 1758 922 1811 Κάν
953 1759 1052 1829 μὲν
1084 1760 1494 1833 κατηχούμενος
1588 1765 1617 1816 6
1653 1765 1723 1818 τά
1745 1766 1974 1819 τοιαῦτα

386 1839 578 1903 νοσῶν,
604 1840 714 1894 τῶν
762 1841 1059 1912 προθύμων
1104 1844 1409 1913 εἰργέσθω·
1446 1844 1512 1897 ἂν
1560 1846 1618 1898 δὲ
1660 1846 1851 1908 πιστὸς
1879 1847 1973 1901 καὶ

389 1922 760 1993 μεμυημένος,
795 1923 895 1994 τῆς
946 1925 1100 1995 ἱερᾶς
1141 1927 1422 1999 τραπέζης
1456 1928 1859 1982 ἀπελαυνέσθω.
1895 1930 1970 1983 Οὐ

388 2005 496 2078 γάρ
524 2006 701 2060 πάντα
747 2006 814 2059 τὰ
858 2008 1234 2080 ἁμαρτήματα
1260 2011 1639 2082 παραινέσεως
1668 2013 1838 2066 δεῖται
1881 2015 1974 2067 καὶ

389 2089 717 2159 συμϐουλῆς,
751 2088 866 2141 ἀλλ’
896 2090 1040 2145 ἐστιν
1084 2092 1121 2146 ἀ
1162 2095 1301 2163 τομῇ
1335 2094 1582 2165 συντόμῳ
1619 2095 1712 2148 καί
1738 2096 1972 2169 ὀξυτάτῃ

385 2168 729 2242 διορθοῦσθαι
781 2172 1014 2241 πέφυκε.
1048 2174 1159 2228 Καὶ
1194 2175 1443 2247 καθάπερ
1489 2177 1599 2231 τῶν
1643 2168 1973 2251 τραυμάτων

382 2251 455 2307 τὰ
484 2262 583 2324 μέν
620 2256 949 2327 ἀνεκτότερα
986 2258 1441 2329 προσηνεστέροις
1473 2261 1609 2315 είκει
1640 2265 1971 2334 φαρμάκοις,

328 2330 333 2336 ’
381 2335 455 2392 τά
497 2337 551 2391 δὲ
594 2340 870 2408 σεσηπότα
912 2340 1007 2393 καὶ
1053 2340 1245 2395 ἀνίατα
1279 2343 1373 2395 καὶ
1409 2343 1471 2396 τὸ
1499 2343 1684 2399 λοιπὸν
1719 2330 1975 2418 ἐπινεμόὲ

385 2436 527 2492 μενα
573 2418 752 2491 σῶμα,
782 2421 989 2493 αἰχμῆς
1020 2424 1240 2496 σιδήρου
1275 2426 1446 2480 δεῖται
1479 2427 1573 2481 καὶ
1618 2429 1815 2500 φλογός
1839 2446 1852 2460 ·
1887 2430 1972 2485 οῦ-

1077 219 1137 276 8.
1178 219 1465 278 JOANNIS
1502 217 2000 313 CHRYSOSTOHI
2037 219 2366 290 ARCII‘IEP.
2417 221 2971 291 CONSTANTINOP.

3577 226 3689 284 862

2080 349 2157 386 τω
2189 335 2255 407 δὴ
2298 337 2389 391 καὶ
2436 340 2529 393 ἐπὶ
2569 340 2690 393 τῶν
2710 338 3126 410 ἁμαρτημάτων
3157 336 3225 390 τά
3278 336 3373 407 μὲν
3410 337 3687 410 παραινέ-

2080 434 2218 483 σεως
2251 423 2595 493 μακροτέρας
2623 423 2810 494 χρείαν
2844 422 3055 492 ἔχοντα,
3088 421 3156 474 τὰ
3183 420 3242 474 δὲ
3269 421 3508 492 ἐλέγχων
3538 423 3682 476 ἀπο-

2077 501 2279 572 τόμων.
2299 506 2495 575 Διόπερ
2517 508 2610 560 καὶ
2635 509 2663 560 6
2683 505 2889 569 Παῦλος
2917 505 3171 559 ἐκέλευσε
3205 504 3279 575 μὴ
3312 507 3485 558 πάντα
3527 522 3683 578 παρ-

2081 589 2270 652 αινεῖν,
2320 587 2455 642 ἀλλά
2501 590 2594 642 καὶ
2635 591 2880 660 ἐλέγχειν
2912 588 3226 658 ἀποτόμως,
3257 587 3399 641 οὕτω
3440 588 3678 656 λέγων·

2082 672 2163 722 Δι’
2195 668 2275 736 ἣν
2305 674 2502 725 αἰτίαν
2534 674 2745 743 ἔλεγχε
2782 672 3005 737 αὐτοὺς
3049 671 3379 739 ἀποτόμως.
3397 672 3678 740 Ἐλέγξω-

2081 768 2181 821 μεν
2201 749 2294 806 οὖν
2317 756 2514 819 αὐτοὺς
2543 756 2832 826 ἀποτόμως
2858 753 2973 818 νῦν,
3012 755 3097 807 ἵνα
3123 755 3216 808 ἐπὶ
3241 757 3352 817 τοῖς
3385 754 3679 823 φθάσαι-ην

2078 837 2455 907 αἰσχυνθέντες
2503 841 2596 894 καὶ
2642 840 3002 908 καταγνόντες
3048 838 3277 905 ἑαυτῶν,
3316 840 3516 908 μηκέτι
3571 841 3679 908 τὴν

2078 920 2185 973 ἀπὸ
2224 920 2324 992 τῆς
2377 924 2694 994 παρανόμου
2741 923 2992 994 νηστείας
3040 922 3298 988 δέξωνται
3328 921 3528 994 λύμην.
3567 925 3680 976 Διά

2076 1004 2246 1059 ταῦτα
2322 1007 2414 1060 καὶ
2486 1007 2599 1076 ἐγὼ
2671 1008 2769 1076 τὴν
2836 1007 3159 1078 παραίνεσιν
3212 1005 3395 1059 λοιπὸν
3448 1008 3627 1076 ἀφεὶς
3658 1048 3675 1069 ,

2079 1090 2433 1162 μαρτύρομαι
2482 1091 2577 1144 καὶ
2606 1091 2714 1161 βυῶ
2739 1108 2752 1120 ο
2780 1091 2852 1144 ει
2881 1107 2972 1156 τις
3006 1092 3078 1143 οὑ
3109 1089 3272 1158 φιλεῖ
3302 1090 3407 1143 τὸν
3434 1092 3678 1157 Κύριον

2089 1174 2326 1240 Ἰησοῦν
2346 1174 2627 1243 Χριστὸν,
2657 1176 2814 1228 ἔστω
2840 1172 3111 1241 ἀνάθεμα
3130 1189 3144 1201 ⁸
3172 1174 3267 1225 τοῦ
3297 1173 3354 1226 δὲ
3380 1174 3453 1244 μὴ
3478 1173 3673 1242 φιλεῖν

2075 1258 2165 1311 τὸν
2208 1257 2415 1329 Κύριον
2448 1259 2501 1311 τί
2538 1260 2722 1330 μεῖξον
2755 1258 2821 1311 ἂν
2860 1257 3073 1325 γένοιτο
3101 1256 3418 1327 τεκμήριον,
3464 1257 3591 1310 ἀλλ’
3631 1258 3670 1330 ἢ

2075 1341 2207 1395 ὅταν
2236 1344 2362 1406 τοὺς
2387 1342 2811 1403 ἀποκτείνοντας
2836 1342 3000 1394 αὐτὸν
3022 1342 3314 1403 κοινωνοὺς
3331 1340 3427 1411 ἔχῃ
3449 1358 3539 1404 τις
3562 1344 3672 1413 τῆς

2075 1427 2301 1498 έορτῆς;
2331 1426 2568 1489 Τούτους
2588 1428 2688 1479 ούκ
2708 1423 2818 1493 ἐγὼ
2842 1424 3233 1495 ἀνεθεμάτισα,
3256 1425 3390 1478 ἀλλά
3410 1425 3633 1489 Παῦλος
3652 1443 3665 1456 ·

2078 1510 2280 1577 μᾶλλον
2309 1511 2366 1565 δὲ
2395 1510 2517 1564 οὐδὲ
2550 1511 2783 1573 Παῦλος,
2815 1509 2928 1563 ἀλλ’
2953 1511 2981 1562 ὁ
3003 1509 3258 1580 Χριστὸς,
3291 1512 3319 1562 6
3347 1509 3414 1562 δι’
3442 1510 3668 1564 ἐκείνου

2077 1592 2272 1658 λαλῶν,
2303 1593 2399 1647 καὶ
2431 1597 2459 1647 6
2483 1596 2540 1648 ὲν
2569 1596 2682 1658 τοῖς
2710 1592 3021 1665 ἔμπροσθεν
3038 1591 3229 1654 εἰπὼν,
3252 1593 3333 1645 ὅτι
3365 1592 3470 1647 Ἐν
3496 1594 3668 1661 νόμῳ

2075 1677 2478 1747 δικαιούμενοι
2504 1677 2616 1746 τῆς
2644 1676 2887 1747 χάριτος
2907 1676 3227 1742 ἐξέπεσον.
3250 1674 3437 1728 Ταῦτα
3464 1677 3665 1730 εἴπατε

2078 1763 2213 1833 πρὸς
2245 1764 2443 1827 αὐτοὺς
2480 1760 2551 1815 τά
2593 1764 2835 1833 ῥήματα,
2874 1762 2965 1814 καί
2998 1760 3096 1825 τὰς
3125 1762 3428 1829 ἀποφάσεις
3473 1761 3666 1825 αὐτοῖς

2075 1846 2377 1914 ἀνάγνωτέ,
2429 1846 2522 1900 καί
2558 1846 2698 1917 μετὰ
2728 1846 2907 1916 πάσης
2942 1844 3179 1914 σπουδῆς
3210 1846 3406 1906 αὐτοὺς
3454 1843 3664 1898 διασώ-

2077 1947 2288 1993 σαντες,
2328 1931 2422 1983 καὶ
2452 1931 2550 2000 τῆς
2580 1930 2674 1983 τοῦ
2699 1928 2948 1983 διαϐόλου
2986 1929 3269 2000 φάρυγγος
3307 1927 3663 2000 ἐξαρπάσαν-

2075 2031 2187 2077 τες,
2224 2012 2462 2081 ἀγάγετε
2489 2015 2554 2082 τῇ
2595 2014 2781 2083 ἡμέρα
2812 2013 2910 2083 τῆς
2943 2013 3203 2083 νηστείας
3228 2014 3381 2082 ἡμῖν,
3424 2012 3514 2065 ἵνα
3564 2013 3663 2066 καὶ

2074 2097 2174 2168 τὴν
2203 2096 2493 2149 λείπουσαν
2533 2096 2660 2167 ὑμῖν
2694 2096 2986 2166 ὑπόσχεσιν
3030 2095 3339 2158 ἀποδόντες,
3371 2095 3661 2165 ὁμοθυμα-

2070 2180 2157 2232 δὸν
2186 2182 2243 2232 ὲν
2276 2180 2356 2232 ένί
2389 2179 2618 2251 στόματι
2657 2179 2796 2250 μετά
2820 2179 2930 2232 τῶν
2957 2176 3203 2245 ἀδελφῶν
3231 2176 3342 2230 τῶν
3367 2179 3661 2249 ἡμετέρων

2070 2263 2385 2334 δοξάσωμεν
2418 2264 2511 2317 τὸν
2558 2262 2692 2315 Θεὸν
2725 2262 2821 2316 καί¹
2853 2263 3074 2333 Πατέρα
3119 2261 3216 2315 τοῦ
3254 2262 3464 2334 Κυρίου
3495 2263 3661 2332 ἡμῶν

2084 2347 2260 2418 Ἰησοῦ
2311 2346 2574 2419 Χριστοῦ,
2622 2346 2705 2399 ὅτι
2745 2343 2894 2415 αὐτῷ
2920 2346 2954 2416 ἡ
2991 2345 3118 2411 δόξα
3150 2346 3231 2408 εἰς
3262 2345 3389 2408 τοὺς
3432 2344 3659 2409 αἰῶνας.

2084 2433 2279 2505 Ἀμήν.

398 2623 3621 2655 W

1143 2771 1297 2847 [606]
1330 2787 1357 2816 ι
1396 2775 1506 2829 ΕΙΣ
1536 2775 1714 2831 ΤΟΥΣ
1754 2776 1845 2831 ΤΔ
1878 2777 2109 2832 ΠΡΩΤΑ
2148 2779 2382 2834 ΠΑΣΧΑ
2415 2780 2946 2846 ΝῌΣΤΕΥΟΝΤᾹΣ.

956 3087 1150 3156 Λόγος
1176 3088 1397 3157 τρίτος.

450 3190 493 3247 α’
512 3233 527 3247 .
543 3189 713 3246 Πάλιν
732 3187 894 3261 χρεία
909 3205 995 3251 τις
1008 3189 1285 3257 ἀναγκαία
1303 3190 1397 3244 καὶ
1416 3191 1747 3259 κατεπείγου
1756 3208 1843 3257 σα,
1859 3194 1969 3248 τῶν

377 3275 573 3348 πρῴην
601 3272 909 3343 εἰρημένων
944 3270 1044 3342 τὴν
1093 3272 1420 3326 ἀκολουθίαν
1465 3272 1796 3343 διακόψασα,
1830 3276 1969 3346 πρὸς

377 3359 580 3428 ἑαυτὴν
619 3354 921 3408 ἐπισπᾶται
948 3353 1039 3407 τὸν
1070 3352 1250 3423 λόγον,
1282 3357 1375 3409 καὶ
1407 3355 1517 3408 τῶν
1548 3356 1683 3427 πρὸς
1723 3358 1852 3421 τοὺς
1880 3361 1968 3412 αἰ-

380 3440 631 3516 ρετικοὺς
654 3439 805 3507 ἡμᾶς
826 3436 1031 3503 ἀπάγει
1057 3437 1455 3507 παλαισμάτων
1477 3439 1738 3510 τήμερον.
1773 3440 1966 3510 Ἡμεῖς

382 3524 484 3594 μὲν
515 3521 625 3592 γάρ
657 3519 820 3573 πάλιν
845 3519 982 3589 περὶ
1010 3523 1111 3588 τῆς
1136 3519 1231 3573 τοῦ
1257 3520 1600 3589 Μονογενοῦς
1620 3521 1778 3591 δόξης
1801 3522 1970 3577 διαλε-

379 3607 575 3678 χθῆναι
591 3602 728 3674 πρὸς
745 3601 843 3673 τὴν
865 3602 1142 3673 ὑμετέραν
1158 3602 1383 3673 ἀγάπην
1400 3605 1930 3677 παρεσκευαζόμεθα
1948 3622 1962 3635 ’

380 3692 414 3761 ἡ
460 3688 517 3742 δὲ
568 3687 677 3739 τῶν
720 3683 792 3738 τὰ
821 3683 1014 3756 πρῶτα
1057 3684 1242 3755 πάσχα
1285 3686 1569 3757 νηστεύειν
1625 3687 1965 3759 βουλομένων

378 3773 608 3843 ἄκαιρος
639 3767 944 3838 φιλονεικία
966 3767 1106 3840 πρὸς
1135 3769 1235 3840 τὴν
1254 3768 1434 3823 αὐτῶν
1460 3769 1760 3842 θεραπείαν
1784 3775 1964 3827 πᾶσαν

381 3858 516 3927 ἡμῖν
568 3852 938 3924 ἀσχοληθῆναι
989 3852 1400 3922 καταναγκάζει
1453 3852 1552 3923 τὴν
1612 3855 1963 3911 διδασκαλίαν

376 3941 639 4010 τήμερον.
674 3935 782 3989 Καὶ
804 3935 913 4007 γὰρ
934 3936 964 3987 6
988 3935 1192 4006 ποιμὴν
1217 3938 1247 3988 6
1276 3935 1441 3999 καλὸς
1462 3937 1586 4007 ούχί
1612 3939 1741 4002 τοὺς
1764 3938 1963 4003 λύκους

376 4019 671 4077 ἀπελαύνει
709 4020 888 4090 μόνον,
934 4018 1070 4071 ἀλλά
1102 4019 1197 4072 καὶ
1240 4020 1312 4073 τά
1354 4020 1602 4091 πρόϐατα
1632 4023 1961 4093 νενοσηκότα

377 4102 671 4176 θεραπεύει
700 4101 818 4171 μετ’
844 4101 1164 4171 ἐπιμελείας
1183 4103 1404 4173 ἀπάσης
1420 4119 1434 4133 ’
1457 4104 1580 4156 ἐπεὶ
1600 4104 1652 4157 τί
1670 4105 1730 4157 τὸ
1746 4105 1958 4177 κέρδος,

374 4190 504 4243 ὅταν
529 4186 637 4239 τῶν
669 4184 766 4253 μὲν
794 4183 999 4254 θηρίων
1022 4184 1092 4236 τὰ
1118 4184 1362 4254 στόματα
1391 4185 1661 4257 διαφεύγῃ
1687 4187 1755 4241 τὰ
1782 4188 1808 4227 δ
1837 4189 1959 4241 ποί-

381 4286 533 4342 μνια,
569 4267 675 4320 ὑπὸ
705 4266 761 4320 δὲ
798 4267 898 4337 τῆς
921 4266 1233 4339 ἀρρωστίας
1265 4269 1651 4338 κατεσθίηται;
1680 4270 1835 4324 Οὕτω
1863 4274 1959 4326 καὶ

378 4351 683 4424 στρατηγὸς
706 4349 930 4420 ἀριστος
955 4350 1077 4420 οὑχί
1094 4350 1164 4402 τά
1189 4353 1560 4422 μηχανήματα
1587 4354 1956 4425 ἀποκρούεται

378 4434 561 4507 μόνον,
616 4431 755 4487 ἀλλά
792 4431 898 4501 πρὸ
949 4430 1154 4485 τούτων
1188 4434 1288 4503 τὴν
1341 4434 1496 4487 πόλιν
1556 4437 1957 4500 στασιάζουσαν

376 4519 514 4591 πρὸς
535 4517 732 4589 ἑαυτὴν
764 4517 1008 4585 συνάγει,
1037 4516 1195 4581 εἰδὼς
1230 4518 1312 4571 ὅτι
1340 4519 1401 4571 τὸ
1431 4518 1591 4572 πλέον
1621 4519 1773 4573 οὐδὲν
1804 4520 1956 4576 ἔσται

373 4604 477 4672 τῆς
506 4603 706 4668 ἔξωθεν
733 4601 908 4672 νίκης,
936 4601 1042 4665 ἕως
1060 4602 1126 4654 ἂν
1148 4603 1195 4654 οἰ
1224 4600 1436 4656 ἔνδοθεν
1471 4602 1723 4674 ἐμφύλιοι
1751 4603 1955 4673 μένωσι

376 4687 621 4756 πόλεμοι.
645 4686 757 4739 Καὶ
779 4685 865 4738 ἵνα
897 4685 1095 4757 μάθῃς,
1124 4686 1206 4737 ὅτι
1233 4685 1474 4749 στάσεως
1503 4688 1598 4740 καὶ
1624 4687 1956 4754 φιλονεικίας

379 4769 492 4821 ἴσον
521 4768 671 4820 οὐδὲν
716 4769 796 4831 εἰς
831 4766 1173 4838 καθαίρεσιν,
1217 4767 1449 4821 ἄκουσον
1478 4769 1531 4822 τί
1572 4787 1737 4840 φησιν
1768 4772 1797 4823 6
1824 4772 1957 4842 Χρι-

378 4852 502 4913 στός
523 4868 535 4880 ·
565 4851 857 4904 Βασιλεία
876 4851 1235 4918 μερισθεῖσα
1260 4851 1351 4919 ἐφ’
1384 4851 1611 4920 ἑαυτὴν
1632 4856 1703 4907 οὐ
1732 4855 1955 4923 σταθή-

374 4927 567 4989 σεται.
615 4934 811 4986 Καίτοι
842 4934 894 4985 τί
935 4933 1211 5003 βασιλείας
1233 4935 1623 5007 δυνατώτερον,
1655 4937 1954 5009 ὃπουνχρη-

379 5018 565 5088 μάτων
607 5016 892 5086 πρόσοδος,
926 5017 1022 5070 καί⁹
1051 5017 1210 5079 ὅπλα,
1259 5017 1354 5069 καὶ
1396 5019 1572 5090 τείχη,
1610 5020 1705 5073 καὶ
1740 5021 1953 5091 ὀχυρὼ-

376 5116 548 5167 ματα,
574 5098 667 5152 καὶ
702 5099 1053 5170 στρατιωτῶν
1087 5099 1321 5172 ἀριθμὸς
1344 5100 1621 5166 τοσοῦτος,
1650 5103 1745 5156 καὶ
1773 5104 1952 5167 ἵπποι,

376 5200 464 5237 λε.
500 5199 670 5249 μυρια
695 5182 859 5253 ἕτερα
887 5183 1090 5254 πολλὴν
1122 5183 1431 5255 παρέχοντα
1457 5184 1555 5255 τὴν
1589 5184 1776 5254 ἰσχύν;
1814 5185 1951 5239 Ἀλλ’

372 5266 523 5337 ὅμως
544 5281 577 5337 η
604 5264 835 5337 τοσαύτη
869 5265 1101 5337 δύναμις
1130 5265 1479 5327 καταλύεται,
1512 5267 1635 5319 ὅταν
1662 5266 1799 5339 πρὸς
1824 5269 1951 5321 ἐαυ-

370 5364 471 5420 την
507 5349 795 5422 στασιάζῃ.
830 5349 997 5403 Οὐδὲν
1034 5348 1145 5418 γὰρ
1189 5348 1380 5419 οὓτως
1402 5350 1687 5402 ἀσθένειαν
1720 5351 1951 5422 ἐργάζε-

373 5433 500 5486 σθαι
523 5432 790 5502 πέφυκεν,
827 5432 902 5496 ὡς
933 5430 1237 5503 φιλονεικία
1270 5431 1363 5485 καὶ
1393 5430 1539 5503 έρις’
1574 5431 1763 5505 ὥσπερ
1796 5433 1950 5488 οὐδὲν

433 5630 461 5685 9
480 5626 664 5676 Collala
687 5640 796 5675 cum
821 5640 908 5676 ms.
940 5628 1098 5685 Regio
1120 5628 1256 5675 1963.

430 5681 462 5725 ὗ
486 5687 609 5748 Reg.
630 5689 840 5749 ποίμνια·
863 5690 993 5737 ἔνδον
1013 5681 1063 5737 δὲ
1085 5691 1177 5737 ὑπὸ
1200 5696 1301 5741 τῆς.

2074 3094 2250 3161 οὕτως
2301 3098 2454 3167 ἰσχὺν
2500 3097 2594 3149 καὶ
2632 3095 2882 3166 δύναμιν,
2917 3096 2994 3159 ὡς
3039 3096 3229 3168 ἀγάπη
3263 3096 3358 3150 καὶ
3400 3093 3649 3164 ὁμόνοια.

2076 3180 2255 3251 Ὅπερ
2280 3176 2372 3233 οῦν
2403 3180 2494 3233 καὶ
2523 3182 2551 3232 ὁ
2576 3178 2827 3249 Σολομὼν
2855 3177 3102 3245 συνιδὼν,
3126 3179 3341 3248 ἔλεγεν·
3375 3177 3656 3246 3168.196;-

2072 3262 2175 3314 ὐπ’
2209 3263 2480 3331 ἀδελφοῦ
2519 3263 2938 3331 βοηθούμενος
2975 3263 3056 3327 ὠς
3095 3264 3274 3327 πόλις
3303 3262 3515 3331 όχιφὰ,
3554 3259 3656 3313 καὶ

2068 3346 2522 3415 μεμοχλευμένη
2545 3345 2856 3410 βασιλεία.
2886 3342 3039 3408 Εἶδες
3065 3347 3163 3416 ὅση
3202 3345 3302 3414 τῆς
3338 3343 3592 3413 ὁμονοίας
3619 3343 3655 3412 ἡ

2074 3426 2264 3497 ἰσχύς;
2295 3429 2394 3498 ὅση
2425 3431 2524 3498 τῆς
2562 3427 2894 3495 φιλονεικίας
2927 3431 2960 3499 ἡ
2994 3428 3201 3499 βλάϐης
3238 3426 3502 3481 Βασιλεία
3526 3442 3657 3478 στα-

2071 3511 2333 3575 σιάζουσα
2373 3509 2725 3572 καταλύεται,
2753 3511 2848 3564 δύο
2875 3511 2931 3564 δὲ
2974 3511 3068 3566 ἐπὶ
3117 3511 3284 3565 ταὺτὸ
3325 3510 3504 3574 ὄντες,
3559 3507 3656 3561 καὶ

2070 3594 2441 3664 συνδεδεμένοι
2475 3596 2593 3664 μετ’
2620 3594 2888 3665 ἀλλήλων,
2921 3596 3122 3659 παντός
3146 3597 3283 3648 εἰσιν
3309 3595 3655 3666 ἀρραγέστε-

2069 3694 2155 3748 ροι
2190 3678 2422 3746 τείχους.
2448 3679 2558 3732 Καὶ
2580 3673 2698 3731 οἰδα
2732 3679 2831 3749 μὲν
2859 3679 2941 3732 ὅτι
2966 3678 3056 3732 διά
3080 3680 3180 3751 τὴν
3211 3678 3305 3731 τοῦ
3334 3677 3476 3730 Θεοῦ
3494 3677 3653 3748 χάριν

2065 3760 2127 3813 τὸ
2169 3760 2332 3814 πλέον
2362 3762 2495 3832 ἡμῖν
2523 3761 2624 3832 τῆς
2658 3761 2863 3832 ἀγέλης
2908 3762 3115 3832 ταύτης
3156 3760 3509 3831 ἀπήλλακται
3552 3759 3651 3829 τῆς

2065 3842 2398 3915 ἀρρωστίας,
2434 3844 2530 3897 καὶ
2563 3846 2645 3906 εἰς
2674 3844 2888 3912 ὀλίγους
2929 3844 2992 3896 τὸ
3024 3844 3240 3915 νόσημα
3281 3844 3646 3915 περιέστηκεο

2066 3927 2205 3997 πλὴν
2239 3927 2356 3981 ἀλλ’
2401 3929 2462 3980 οὑ
2512 3928 2597 3981 διὰ
2633 3928 2794 3981 τοῦτο
2836 3927 3140 3998 ἀμελητέον
3187 3928 3289 3998 τῆς
3325 3927 3644 3999 θεραπείας.

2064 4012 2174 4065 Καὶ
2196 4011 2305 4081 γὰρ
2332 4013 2425 4065 καὶ
2447 4013 2497 4064 εἰ
2525 4012 2659 4066 δέκα
2692 4012 2872 4084 μόνον,
2898 4012 2994 4067 καὶ
3020 4013 3070 4065 εἰ
3100 4013 3282 4077 πέντε,
3316 4013 3415 4066 καὶ
3449 4013 3501 4064 εἰ
3533 4012 3647 4077 δύο,

2064 4093 2158 4148 καὶ
2187 4096 2237 4147 εί
2262 4088 2343 4157 εἷς
2381 4095 2538 4165 μόνος
2563 4096 2592 4148 6
2616 4097 2840 4166 κάμνων
2868 4091 2957 4166 ἦν,
2986 4094 3094 4148 οὐδ’
3119 4094 3262 4148 οὕτω
3298 4096 3649 4169 καταφρονῆ-

2064 4194 2153 4230 σαι
2185 4177 2312 4231 έδει.
2357 4180 2418 4230 El
2445 4180 2555 4250 γὰρ
2592 4179 2687 4233 καὶ
2711 4174 2792 4242 εἷς
2819 4180 2935 4231 ἐστι
2967 4179 3064 4232 καὶ
3091 4178 3317 4249 εὐτελὴς
3341 4180 3440 4233 καὶ
3473 4180 3649 4251 ἀπερ-

2063 4262 2348 4332 ριμμένος,
2384 4262 2499 4315 ἀλλ’
2536 4264 2767 4332 ἀδελφός
2803 4265 2943 4329 ἐστι,
2973 4263 3040 4316 δι’
3072 4263 3132 4317 ὃν
3163 4266 3192 4317 6
3217 4264 3463 4332 Χριστὸς
3509 4265 3647 4318 ἀπέ-

2061 4342 2210 4398 θανε.
2253 4345 2365 4398 Καὶ
2402 4345 2567 4409 πολὺς
2596 4346 2676 4416 τῷ
2707 4346 2930 4419 Χριστῷ
2970 4347 3080 4401 τῶν
3125 4346 3361 4400 εὐτελῶν
3407 4351 3438 4401 6
3465 4348 3643 4416 λόγος.

2066 4428 2174 4493 ’ος
2197 4426 2307 4481 ἐὰν
2335 4428 2746 4497 σκανδαλίσῃ,
2778 4431 2962 4499 φησιν,
2988 4429 3098 4482 ἕνα
3127 4429 3246 4483 τῶν
3265 4430 3503 4499 μικρῶν
3531 4431 3647 4485 τῶν

2059 4512 2471 4565 πιστευόντων
2504 4514 2592 4576 εἰς
2623 4512 2746 4582 ἐμὲ,
2775 4513 3067 4581 συμφέρει
3095 4513 3256 4579 αὐτῷ
3281 4515 3384 4567 ἵνα
3425 4532 3643 4586 κρεμαο

2058 4591 2181 4660 σθῇ
2206 4594 2404 4662 μύλος
2429 4595 2634 4660 ὀνικὸς
2662 4595 2798 4662 περί
2838 4595 2944 4648 τὸν
2970 4595 3275 4665 τράχηλον
3305 4598 3518 4659 αὐτοῦ,
3546 4599 3639 4652 καὶ

2057 4678 2506 4745 καταποντισθῇ
2532 4682 2621 4745 εἰς
2647 4678 2763 4745 τὴν
2785 4679 3128 4734 θάλασσαν.
3156 4681 3266 4734 Καὶ
3286 4681 3451 4736 πάλιν
3469 4700 3485 4715 ·
3518 4683 3639 4753 Ἐφ’

2057 4758 2201 4814 ὅσον
2225 4762 2337 4814 οὐκ
2358 4760 2684 4828 ἐποιήσατε
2710 4760 2801 4815 ἑνί
2825 4762 2945 4816 τῶν
2970 4761 3200 4833 μικρῶν
3220 4765 3475 4830 τούτων,
3499 4767 3641 4821 circa}

2056 4844 2183 4913 ἐμοὶ
2237 4844 2595 4911 ἐποιήσατε·
2654 4846 2749 4900 καὶ
2803 4845 2994 4900 πάλινο
3057 4849 3179 4901 Οὐκ
3227 4847 3364 4902 ἐστι
3408 4851 3641 4919 θέλημα

2056 4927 2398 4997 ἔμπροσθεν
2429 4929 2536 4983 τοῦ
2568 4929 2800 4999 Πατρός
2842 4928 3012 4998 ὑμῶν
3041 4929 3148 4983 τοῦ
3194 4930 3267 4983 ἐν
3292 4931 3420 4998 τοῖς
3464 4935 3638 4998 οἱφα-

2054 5008 2204 5075 νοῒς,
2236 5011 2336 5064 ἵνα
2365 5012 2664 5079 ἀπόληται
2689 5007 2778 5077 εἷς
2805 5010 2935 5085 τῶν,
2965 5011 3193 5082 μικρῶν
3224 5015 3475 5070 τούτων.
3515 5014 3639 5077 Πῶς

2054 5090 2147 5148 οῦν
2169 5095 2271 5147 οὐκ
2303 5095 2524 5161 ἄτοπον,
2551 5098 2600 5149 εἰ
2626 5096 2723 5149 τοῦ
2748 5096 2983 5168 Χριστοῦ
3014 5099 3284 5168 τοσαύτην
3310 5100 3636 5169 ποιουμένου

2053 5178 2164 5231 τῶν
2205 5177 2420 5253 μικρῶν
2468 5179 2746 5250 πρόνοιαν,
2778 5182 2939 5251 ἡμεῖς
2971 5180 3151 5234 αὐτῶν
3199 5182 3635 5253 καταρρᾳθυμή-

2056 5278 2282 5332 σαιμεν;
2319 5248 2471 5332 [θση
2498 5248 2588 5334 Μὴ
2614 5261 2771 5316 τοῦτο
2796 5248 2979 5335 εἴπῃς,
3001 5265 3083 5318 ὃτι
3112 5260 3194 5327 εἷς
3213 5248 3634 5329 ἐστινξάλλίὸτι

2054 5338 2135 5408 εἷς
2168 5344 2560 5414 ἀμελούμενος,
2597 5347 2692 5399 καὶ
2728 5349 2809 5410 εἰς
2839 5350 2968 5412 τοὺς
3007 5347 3231 5410 λοιποὺς
3268 5349 3636 5419 παραπέμψει

2053 5427 2115 5480 τὸ
2145 5428 2316 5491 πάθος
2336 5443 2349 5456 ·
2370 5427 2564 5496 Μικρὰ
2590 5429 2700 5498 γάρ
2722 5429 2889 5500 ζύμη,
2917 5433 3102 5501 φησὶν,
3122 5431 3271 5486 ὅλον
3296 5431 3363 5484 τὸ
3389 5433 3632 5501 φύραμα

2054 5510 2239 5579 ζυμοῖ.
2274 5511 2385 5563 Καὶ
2414 5512 2571 5565 τοῦτό
2619 5514 2764 5565 ἐστιν
2820 5515 2849 5565 ὃ
2888 5515 2957 5567 τά
2992 5515 3197 5586 πάντα,
3223 5514 3489 5568 ἀπόλλυσι
3541 5514 3631 5568 κ’ὶ

2054 5593 2369 5662 ἀνατρέπει,
2400 5595 2482 5646 ὅτι
2512 5595 2618 5647 τῶν
2651 5596 2862 5667 μικρῶν
2892 5597 3327 5669 καταμελοῦμεν.
3352 5600 3453 5650 Διά
3473 5597 3629 5651 τοῦτο

2063 5676 2273 5746 μεγάλα
2296 5676 2501 5746 γίνεται
2520 5678 2585 5731 τὰ
2610 5677 2764 5749 ἕλκη,
2784 5680 2970 5752 ὥσπερ
2995 5678 3086 5736 οὖν
3108 5682 3169 5736 τὰ
3192 5681 3403 5754 μεγάλα
3430 5680 3624 5753 ῥᾳδίως
