3866 6226
227 219 328 276 861

229 338 388 396 atquc
431 329 496 384 ad
542 330 997 401 intemperantiam
1029 341 1278 407 pertrahi.
1327 343 1596 413 Siquidem
1636 361 1803 402 merc-

231 422 390 472 trires
417 435 479 473 ac
528 423 734 488 molles,
765 434 818 479 ct
849 435 987 481 totus
1015 432 1304 486 orchestrae
1328 433 1524 490 chorus
1564 435 1688 490 illuc
1712 449 1804 489 so-

232 507 310 560 liti
337 517 460 561 sunt
485 526 824 567 concurrere.

303 596 500 651 Anima:
525 598 822 656 Juda’orum
865 615 908 656 et
951 605 1236 677 Synagogaz
1274 626 1306 662 a
1335 612 1639 669 dwmonibus
1663 634 1810 680 occu-

236 699 443 756 pantur.
470 721 539 729 —
571 692 673 744 Sed
703 695 823 762 quid
855 711 953 766 ego
1000 700 1391 770 fornicationes,
1421 721 1537 774 quae
1579 709 1686 762 illic
1714 710 1810 764 ad-

236 780 516 833 mittuntur
565 787 966 846 commemoro?
1016 789 1128 842 Non
1187 793 1360 855 times,
1392 810 1460 848 ne
1495 810 1524 849 a
1570 797 1812 852 daemone

238 880 481 942 correpta
525 891 655 928 uxor
680 877 822 930 illinc
851 884 1179 938 revertatur?
1205 884 1319 939 Non
1343 885 1552 954 audisti,
1581 889 1630 941 in
1652 891 1812 958 priori

239 971 463 1017 tractatu
511 981 667 1038 quam
716 968 857 1022 clare
904 968 1059 1024 fuerit
1108 975 1348 1030 oratione
1399 976 1814 1033 demonstratum

241 1051 384 1120 ipsas
427 1055 630 1109 animas
673 1055 974 1112 Judaeornm
1025 1071 1077 1114 ct
1121 1062 1235 1116 loca
1284 1065 1336 1118 in
1383 1067 1574 1134 quibus
1593 1082 1818 1137 congre-

243 1154 435 1211 gantur
479 1161 509 1198 a
572 1146 903 1205 darmonibus
967 1151 1230 1207 habitari?
1282 1155 1557 1221 Quomodo
1617 1159 1814 1228 igitur,

243 1249 444 1301 qua-so.
489 1236 674 1300 audes,
704 1239 912 1308 agitatis
957 1257 1074 1296 cum
1121 1244 1448 1302 thetnonibus
1488 1247 1722 1316 choreis,
1753 1251 1817 1304 ad

244 1327 604 1393 apostolorum
637 1331 830 1384 emtum
863 1333 1034 1389 redire
1057 1335 1079 1388 ἲ
1106 1336 1204 1404 Qui
1235 1338 1348 1392 fieri
1377 1348 1551 1411 potest
1575 1353 1649 1408 ut,
1699 1359 1819 1402 cum

245 1417 474 1481 abieris,
522 1427 575 1472 et
625 1435 743 1476 cum
793 1422 895 1477 illis
949 1429 1449 1495 communicat-eris,
1493 1433 1582 1500 qtti
1629 1433 1820 1490 Christi

246 1508 557 1576 sanguinem
584 1511 900 1580 effuderunt,
952 1533 1055 1570 non
1087 1519 1302 1574 horreas
1343 1524 1544 1589 venire,
1577 1534 1630 1578 ct
1658 1539 1822 1579 sacrm

248 1614 447 1652 mensa:
471 1605 883 1671 communicare,
933 1624 994 1662 ac
1024 1612 1238 1678 pretiosi
1265 1615 1534 1684 Sanguinis
1565 1617 1824 1685 particeps

251 1688 406 1740 fieri?
436 1691 545 1744 Non
579 1692 780 1759 horres,
823 1714 927 1752 non
962 1701 1134 1767 times,
1167 1718 1285 1756 cum
1315 1706 1434 1757 talia
1476 1708 1676 1760 scelera
1706 1723 1826 1777 per-

252 1781 470 1847 petres?
496 1783 608 1836 Non
640 1801 874 1842 mensam
902 1789 1066 1859 ipsam
1095 1786 1352 1848 revereris
1372 1801 1395 1850 ’ί
1424 1797 1514 1849 llis
1535 1813 1634 1868 ego
1655 1799 1826 1854 verbis

252 1885 349 1924 vos
379 1872 679 1942 alloquutus
726 1894 864 1943 sum,
897 1881 979 1934 his
1009 1899 1102 1936 vos
1133 1885 1248 1938 illos
1274 1895 1324 1940 ct
1356 1887 1428 1939 illi
1471 1903 1594 1942 suas
1635 1903 1828 1942 uxores

253 1959 591 2028 alloquentur
623 1983 636 2018 :
667 1966 945 2036 didiﬁcate
989 1973 1113 2025 alter
1163 1975 1374 2028 alterunt
1425 1979 1500 2045 (1.
1551 1977 1722 2031 Thess.
1771 1979 1804 2033 5

1771 2013 1825 2033 υ.

254 2051 278 2100 1
300 2049 368 2116 l).
401 2052 477 2104 Ac
503 2053 546 2104 si
571 2055 779 2122 quidem
823 2058 892 2113 sit
916 2062 1328 2118 catechumenos
1358 2066 1420 2130 is,
1453 2067 1541 2135 qui
1572 2066 1827 2134 ejusmodi

253 2141 441 2194 morbo
472 2143 692 2209 laborat,
724 2161 752 2198 a
784 2151 1041 2204 vestibulo
1068 2154 1244 2222 templi
1280 2166 1523 2208 arceatur
1554 2173 1568 2210 :
1597 2158 1677 2209 sin
1705 2155 1831 2210 fide-

254 2229 319 2281 lis
345 2245 407 2284 ac
449 2235 717 2302 mysteriis
762 2238 1014 2303 initiatus,
1043 2257 1070 2294 a
1112 2258 1258 2296 sacra
1299 2259 1480 2297 mensa
1527 2245 1826 2313 repellatur.

254 2321 436 2390 Neque
463 2324 601 2377 enim
629 2326 995 2386 exhortatione
1037 2347 1100 2386 ac
1123 2318 1346 2388 consilio
1387 2334 1618 2404 indigent
1644 2345 1829 2389 cuncta

257 2423 492 2478 peccata,
535 2416 626 2469 sed
671 2429 935 2488 suntquae
983 2422 1127 2476 brevi
1158 2432 1208 2476 et
1237 2424 1510 2478 celerrima
1553 2424 1722 2479 solent
1749 2440 1836 2480 se-

254 2504 434 2557 ctione
462 2508 654 2560 curari.
687 2508 751 2564 Et
795 2513 1234 2580 quemadmodum
1282 2515 1418 2569 inter
1446 2517 1684 2581 vulnera,
1715 2531 1833 2584 qua:

259 2593 610 2648 tolerabiliora
663 2607 802 2662 sunt,
838 2601 1124 2656 lenioribus
1162 2605 1354 2658 cedunt
1394 2605 1828 2671 medicamentis,

257 2699 377 2751 qua}
407 2700 528 2739 vero
555 2689 842 2754 putrefacta
871 2703 992 2746 sunt
1019 2705 1072 2747 et
1101 2694 1425 2760 incurabilia,
1461 2711 1683 2766 quaeque
1709 2696 1833 2750 reli-

928 222 996 277 IN
1032 223 1157 281 EOS
1195 225 1309 294 QUI
1350 227 1612 283 PASCHA
1650 227 2011 286 JEIUN\NT.
2053 227 2408 300 ADVERSUS
2447 229 2586 303 ΠΗ).
2632 229 2718 285 llI.

3372 249 3481 305 832

1907 363 2078 416 quum
2113 364 2305 418 corpus
2330 349 2702 417 depascuntur,
2729 349 2971 402 acumine
2999 349 3122 403 ferri
3166 350 3481 420 ﬂammath

1911 437 2144 506 indigent.
2175 456 2188 494 :
2215 439 2294 493 sic
2320 440 2564 495 nimirum
2589 448 2642 492 et
2665 439 2802 492 inter
2823 449 3058 508 peccata,
3090 455 3210 509 riga
3242 440 3479 507 quaedam

1913 529 2178 597 prolixiori
2208 530 2573 584 cohortatione
2618 544 2750 597 Opus
2793 539 2894 591 e51,
2947 539 3136 583 caetera
3179 529 3480 583 durioribus

1911 628 2038 671 sunt
2077 618 2576 685 reprehensionibus
2621 619 2942 688 castiganda.
2989 619 3272 686 Propterea
3326 617 3484 688 jussit

1912 724 2120 778 quoque
2146 710 2334 762 Paulus
2365 725 2467 762 non
2496 709 2546 762 in
2579 710 2821 763 omnibus
2860 709 3222 763 cohortatione
3263 708 3360 772 ttti,
3390 705 3482 762 sed

1914 806 1970 851 et
2017 799 2288 866 increpare
2313 798 2463 863 dure,
2505 799 2582 852 sic
2608 799 2788 852 dicens
2819 816 2832 852 :
2865 798 3029 865 Quam
3073 797 3131 851 ob
3162 813 3368 873 causam
3407 797 3488 849 in-

1916 904 2065 957 crepa
2106 889 2220 942 illos
2255 888 2378 942 dure
2416 888 2539 958 ('I'it.
2574 888 2624 941 l.
2674 888 2778 956 15).
2812 887 3144 957 lncrcpemus
3187 886 3340 955 igitur
3369 885 3488 939 illos

1913 978 2021 1050 jam
2049 980 2200 1043 dure,
2225 987 2282 1032 ut
2307 994 2426 1033 cutn
2453 979 2519 1031 ob
2543 979 2714 1048 priora
2731 977 2925 1032 fuerint
2949 977 3148 1047 pudore
3175 975 3378 1039 suffusi,
3399 989 3486 1028 se-

1918 1083 2020 1135 que
2067 1068 2209 1135 ipsos
2257 1067 2676 1127 condemnarint,
2709 1082 2812 1120 non
2852 1066 3074 1135 amplius
3115 1064 3487 1118 detrimentum

1920 1173 1980 1210 cx
2012 1156 2173 1223 iniqui
2208 1156 2390 1225 jejunii
2417 1156 2783 1210 observatione
2827 1155 3108 1224 patiantur.
3140 1152 3281 1219 Quas
3308 1152 3376 1204 ob
3403 1166 3488 1204 res

1920 1264 2020 1315 ego
2065 1264 2276 1317 quoque
2300 1264 2328 1300 a
2354 1247 2719 1302 cohortatione
2759 1247 3007 1314 deinceps
3045 1245 3314 1298 abstinens
3343 1241 3470 1296 obte

1922 1348 2035 1391 stor
2086 1349 2139 1392 et
2183 1338 2374 1402 clamo,
2427 1338 2487 1392 Si
2528 1339 2636 1406 quis
2683 1354 2783 1390 non
2820 1344 2956 1388 autat
3004 1333 3274 1386 Dominum
3315 1330 3490 1384 Jesutn

1923 1428 2191 1493 Christum,
2239 1429 2300 1483 sit
2329 1428 2595 1480 anathema
2631 1427 2705 1495 (l.
2749 1424 2864 1479 Cor.
2891 1423 3112 1495 16.22):
3145 1436 3371 1491 quonam
3397 1435 3491 1472 au-

1927 1530 2032 1575 tem
2066 1521 2252 1588 majori
2280 1528 2590 1590 argumento
2620 1535 2648 1572 a
2675 1533 2734 1572 se
2761 1533 2863 1572 non
2891 1519 3053 1570 amari
3091 1516 3363 1569 Dominum
3395 1529 3488 1581 po-

1928 1620 2032 1665 test
2075 1611 2212 1663 ttllus
2240 1610 2539 1672 ostendere,
2572 1624 2726 1676 quam
2755 1608 2799 1660 si
2829 1607 2974 1660 festis
3014 1607 3219 1660 illorum
3249 1619 3488 1657 commu-

1928 1700 2085 1760 nicet,
2118 1717 2146 1753 a
2175 1715 2276 1768 quo
2317 1699 2404 1752 ille
2432 1698 2526 1751 fuit
2550 1697 2791 1751 occisus?
2831 1697 2937 1751 llos
2979 1711 3082 1748 non
3121 1710 3218 1766 ego
3257 1693 3490 1768 percussi

1928 1791 2284 1853 anathemate,
2314 1789 2406 1843 sed
2437 1789 2630 1842 Paulus
2663 1805 2685 1856 :-
2709 1788 2816 1841 imo
2844 1802 2970 1839 vero
3013 1785 3248 1852 non'jam
3277 1776 3490 1847 Paulus,

1929 1879 2023 1934 sed
2059 1879 2317 1943 Christus,
2351 1880 2435 1947 qui
2467 1893 2560 1946 per
2586 1877 2730 1930 illntn
2758 1876 3004 1944 loquitur,
3034 1884 3087 1928 et
3115 1875 3164 1927 in
3195 1871 3494 1941 praeceden-

1932 1971 2070 2024 tibus
2099 1969 2248 2034 dixlt,
2280 1969 2528 2036 Quoniam
2557 1968 2641 2038 qui
2666 1969 2716 2020 in
2742 1968 2847 2036 lege
2867 1966 3232 2034 justi/icantur,
3265 1979 3296 2014 α
3332 1961 3494 2032 gratia

1931 2059 2219 2113 exciderunt
2275 2057 2412 2118 (Gal.
2469 2059 2522 2112 5.
2573 2056 2650 2126 4).
2683 2056 2806 2109 Haec
2853 2054 2957 2107 illis
3013 2052 3170 2106 verba
3223 2051 3400 2116 dicite,
3430 2063 3494 2102 ac

1931 2151 2223 2207 sententias
2275 2150 2374 2202 illis
2425 2149 2661 2207 recitate.
2712 2160 2937 2213 cumque
2964 2143 3106 2196 omni
3158 2156 3276 2195 cum
3321 2138 3495 2193 studio

1933 2257 1996 2296 ac
2021 2241 2286 2311 diligentia
2317 2239 2488 2292 salvos
2512 2253 2603 2291 eos
2628 2236 2858 2290 feceritis
2881 2242 2934 2287 et
2956 2248 3021 2286 ex
3052 2228 3242 2284 diaboli
3265 2228 3496 2282 faucibus

1933 2332 2252 2401 eripueritis,
2300 2331 2349 2383 in
2378 2328 2465 2383 die
2502 2327 2686 2397 jejunii
2734 2324 2883 2378 nobis
2910 2321 3170 2385 adducite,
3201 2326 3259 2373 ut
3296 2326 3348 2372 et
3378 2331 3497 2385 pro-

1935 2424 2081 2478 missi
2136 2423 2390 2490 reliquam
2448 2429 2650 2488 partem
2711 2423 3020 2484 prmstantes
3087 2426 3192 2464 uno
3238 2421 3498 2462 consensu

1935 2527 2147 2582 unoque
2175 2527 2267 2566 ore
2293 2526 2410 2564 cum
2438 2509 2685 2563 fratribus
2710 2506 2906 2560 nostris
2929 2502 3278 2572 gloriﬁcemus
3304 2498 3500 2560 Deum,

1937 2615 1992 2658 et
2019 2604 2226 2657 Patrem
2275 2599 2478 2654 Domini
2512 2598 2677 2652 nostri
2707 2596 2835 2651 Jesu
2878 2593 3095 2658 Christi,
3126 2591 3372 2660 quoniam
3402 2587 3500 2656 ipsi

1934 2695 2098 2764 gloria
2129 2695 2180 2746 in
2215 2692 2426 2746 sa‘cula.
2462 2691 2652 2742 Amen.

261 2809 3503 2842 "ww

1123 2904 1204 2966 IN
1246 2904 1394 2965 EOS
1419 2905 1554 2980 QUI
1593 2903 1841 2964 PRIMO
1880 2901 2185 2963 PASCHA
2225 2897 2636 2959 JEJUNANT.

821 3139 1016 3180 οιιΑτιο
1054 3143 1268 3183 TERTIA.

341 3211 390 3264 Ι.
423 3212 624 3267 Rursus
663 3219 1016 3271 necessarium
1048 3220 1308 3288 quoddam
1346 3232 1398 3274 et
1438 3237 1631 3291 urgens
1664 3237 1830 3292 nego-

270 3303 401 3356 tium
426 3319 632 3366 eorum,
655 3322 774 3375 qua:
803 3323 971 3377 nuper
997 3311 1133 3363 dicta
1162 3320 1303 3377 sunt,
1327 3313 1521 3366 seriem
1552 3314 1832 3366 interrum-

269 3409 399 3461 peus
440 3395 765 3465 adseipsum
795 3401 1086 3452 orationem
1116 3401 1379 3466 traducit,
1417 3411 1470 3455 ct
1511 3419 1539 3454 a
1579 3405 1834 3472 susceptis

268 3498 390 3536 cum
420 3484 682 3541 lucreticis
719 3489 1094 3544 certaminibus
1136 3492 1292 3547 hodie
1321 3508 1414 3547 nos
1441 3495 1670 3548 abducit.
1703 3495 1832 3549 Nam

272 3590 372 3627 nos
400 3576 610 3643 quidem
658 3592 843 3632 rursus
885 3579 951 3634 de
978 3579 1253 3651 Unigeniti
1279 3583 1444 3652 gloria
1472 3586 1630 3639 verba
1663 3586 1836 3641 facere

268 3665 338 3717 ad
367 3667 639 3721 caritatem
667 3681 896 3724 vestram
923 3674 1087 3740 parati
1115 3689 1324 3728 eramus
1351 3691 1365 3728 :
1395 3677 1486 3729 sed
1529 3693 1711 3731 eorum
1749 3679 1835 3747 qui

274 3759 446 3824 primo
489 3759 687 3813 Pascha
727 3760 968 3830 jejunant
1005 3765 1298 3832 importuna
1342 3769 1610 3821 contentio
1637 3768 1837 3821 doctri-

277 3862 397 3899 nam
424 3863 636 3903 omnem
665 3862 898 3906 nostram
929 3855 1066 3923 cogit
1092 3855 1350 3908 hodierno
1377 3857 1462 3909 die
1494 3867 1654 3910 totam
1684 3860 1734 3911 in
1762 3860 1839 3913 t-is

273 3939 522 3994 curandis
551 3943 817 4011 occupari.
863 3943 992 3997 Nam
1024 3955 1078 3998 et
1119 3945 1285 3998 bonus
1317 3957 1496 4014 pastor
1539 3964 1642 4000 non
1687 3949 1840 4017 lupos

273 4031 438 4100 abigit
467 4035 635 4086 solum
656 4076 671 4101 ,
704 4036 795 4089 sed
827 4045 881 4090 et
925 4038 1148 4104 pecudes
1180 4048 1497 4107 a'grotantes
1533 4055 1652 4092 cum
1697 4040 1839 4094 omni

275 4124 632 4180 sollicitudine
670 4139 861 4181 curat:
894 4131 1019 4197 qttid
1057 4131 1196 4183 enim
1242 4131 1488 4199 prodest,
1522 4133 1659 4200 quod
1701 4131 1839 4186 fera-

275 4228 393 4266 rum
421 4228 510 4267 ora
541 4231 724 4284 greges
753 4217 983 4282 evitent,
1015 4219 1059 4270 si
1106 4219 1304 4273 morbis
1348 4220 1570 4273 confecti
1610 4221 1840 4274 morian-

279 4303 406 4356 tur?
435 4305 522 4358 Sic
551 4317 605 4358 et
635 4309 863 4374 optimus
894 4308 1180 4375 imperator
1208 4324 1310 4362 non
1343 4310 1610 4362 machinas
1641 4320 1840 4363 tantum

282 4397 574 4463 propulsat,
601 4397 690 4448 sed
717 4407 868 4451 antea
894 4397 1152 4452 seditione
1178 4408 1492 4452 commotam
1516 4400 1697 4454 urbem
1722 4415 1841 4452 cum

279 4485 452 4553 seipsa
483 4487 806 4551 reconciliat,
839 4502 958 4540 cum
989 4491 1152 4556 probe
1183 4490 1384 4543 noverit
1413 4490 1540 4542 nihil
1572 4499 1844 4545 externam

281 4577 552 4630 victoriam
603 4579 965 4646 profuturam,
1012 4581 1260 4649 quamdiu
1306 4581 1448 4635 intus
1493 4582 1661 4636 civilia
1713 4583 1844 4635 bella

282 4671 686 4735 permanserint.
741 4672 803 4725 Ut
849 4682 1022 4725 autem
1068 4673 1326 4741 intelligas
1366 4673 1430 4726 ad
1480 4674 1746 4728 interitum
1786 4688 1849 4728 ac

289 4761 572 4830 perniciem
607 4763 736 4816 nihil
766 4779 914 4832 aeque
941 4779 1004 4818 ac
1029 4764 1340 4818 seditionem
1369 4774 1423 4818 et
1459 4765 1848 4819 contentionem

285 4853 490 4916 valere,
521 4854 641 4907 audi
671 4856 793 4923 quid
826 4855 1066 4910 Christus
1089 4855 1228 4907 dicat
1261 4873 1273 4908 :
1301 4854 1524 4925 Regnum
1554 4856 1605 4907 in
1633 4855 1851 4923 seipsum

286 4947 498 4999 diuisum
519 4963 616 4999 non
640 4947 786 5000 stabit
808 4947 1016 5013 (Matth.
1043 4947 1128 5000 12.
1153 4946 1268 5016 25).
1294 4946 1522 4998 Tametsi
1545 4946 1666 5014 quid
1690 4960 1851 5014 regno

288 5037 586 5105 potentius,
633 5037 722 5090 ubi
771 5038 1107 5105 pecuniarum
1157 5044 1469 5104 proventus,
1515 5045 1568 5088 et
1611 5051 1758 5088 arma
1802 5045 1856 5088 et

288 5129 422 5180 muri
463 5139 515 5180 et
546 5129 934 5196 propugnacula
973 5136 1027 5182 et
1069 5138 1245 5182 tantus
1272 5128 1492 5180 militum
1525 5140 1775 5180 numerus
1802 5135 1856 5179 et

289 5218 409 5286 equi
453 5225 508 5270 et
543 5217 643 5270 alia
690 5218 962 5271 innumera
989 5259 1002 5280 ,
1045 5233 1160 5286 qua:
1203 5217 1392 5270 multas
1421 5217 1562 5269 vires
1602 5214 1855 5282 suppedi-

291 5312 445 5363 tant?
475 5309 840 5363 Verumtamen
881 5321 1022 5363 tanta
1054 5310 1280 5377 potentia
1309 5308 1591 5376 dissipatur
1613 5322 1735 5361 cum
1765 5321 1858 5374 per

291 5401 563 5455 dissidium
595 5401 647 5455 in
678 5403 904 5470 seipsam
946 5400 1186 5471 insurgit.
1231 5400 1369 5455 Nihil
1402 5400 1540 5453 enim
1584 5397 1858 5453 imbecilli-

295 5502 454 5546 tatem
481 5491 614 5546 adeo
644 5507 832 5562 parare
857 5491 1012 5556 solet,
1042 5502 1097 5543 ut
1123 5492 1234 5544 rixa
1261 5499 1315 5545 et
1341 5488 1610 5544 contentio
1633 5505 1646 5542 :
1674 5502 1859 5556 quem-

298 5584 578 5638 admodum
606 5581 734 5637 nihil
765 5580 896 5636 adi»
919 5583 1056 5635 vires
1081 5590 1130 5637 et
1163 5580 1469 5650 potentiam,
1496 5593 1558 5633 ac
1587 5576 1778 5634 caritas
1807 5584 1858 5629 et

1937 3131 2240 3185 concordia.
2285 3126 2434 3196 Quod
2463 3141 2581 3180 cum
2627 3123 2936 3192 intelligeret
2983 3119 3233 3174 Salomon
3274 3118 3502 3184 dicebat,

1939 3220 2121 3274 Frater
2146 3220 2230 3290 qui
2257 3219 2528 3282 adiuvatur
2561 3232 2593 3267 a
2622 3215 2778 3281 fratre
2797 3254 2812 3276 ,
2855 3210 2997 3283 quasi
3025 3212 3197 3262 ciuitas
3227 3208 3375 3274 ﬁrma
3395 3247 3409 3270 ,
3457 3217 3504 3260 et

1939 3313 2167 3366 clausum
2191 3319 2320 3362 verte
2346 3323 2548 3377 regnum
2581 3305 2757 3376 (Prov.
2781 3305 2867 3358 18.
2892 3303 3004 3373 l9).
3040 3301 3194 3354 Vides
3218 3307 3411 3369 quanta
3435 3297 3506 3351 sit

1936 3407 2018 3459 vis
2045 3401 2387 3459 concordite?
2413 3407 2665 3468 quantum
2691 3395 3047 3450 contentionis
3087 3391 3505 3447 detrimentum?

1938 3497 2178 3566 Regnum
2222 3493 2483 3548 seditione
2526 3491 2750 3544 divisum
2789 3487 3125 3548 dissolvitur,
3171 3486 3275 3539 duo
3299 3499 3424 3538 vero
3450 3485 3506 3537 in

1941 3601 2100 3640 unum
2143 3584 2308 3654 juncti
2351 3591 2405 3636 et
2445 3582 2579 3635 inter
2621 3595 2679 3633 se
2707 3577 2935 3632 devincti
2967 3578 3132 3646 magis
3156 3591 3312 3645 quam
3343 3575 3506 3628 ullum

1943 3676 2390 3746 propugnaculum
2417 3681 2540 3726 sunt
2584 3669 2984 3738 insuperabilcs.
3015 3667 3092 3720 Ac
3116 3668 3227 3719 scio
3267 3663 3509 3734 equidem

1943 3781 2037 3835 per
2065 3765 2154 3818 Dei
2184 3764 2405 3833 gratiam
2433 3762 2689 3830 potiorem
2719 3758 2874 3827 hujus
2898 3756 3071 3826 gregis
3097 3763 3300 3824 partem
3325 3753 3392 3806 ab
3413 3753 3512 3807 hac

1943 3853 2253 3922 aegritudine
2279 3852 2563 3903 immunem
2592 3863 2731 3911 esse,
2771 3856 2826 3901 et
2863 3861 3060 3916 paucos
3087 3846 3329 3899 morbum
3360 3843 3506 3897 inva-

1944 3945 2097 4004 sisse,
2127 3958 2232 3995 non
2261 3951 2434 3994 tamen
2464 3940 2660 3993 idcirco
2685 3947 2764 3992 est
2792 3939 2995 3990 curatio
3020 3935 3351 4005 negligenda.
3377 3935 3510 3988 Nam

1935 4034 2044 4089 etsi
2065 4033 2248 4087 decem
2281 4041 2504 4095 tantum,
2547 4030 2644 4084 ctsi
2672 4031 2921 4098 quinque,
2955 4027 3052 4081 etsi
3080 4027 3207 4092 duo,
3249 4026 3348 4079 etsi
3375 4041 3514 4080 unus

1947 4133 2150 4177 tantum
2181 4131 2324 4176 esset
2353 4131 2598 4190 a3grotus,
2648 4134 2714 4173 ne
2753 4120 2831 4172 sic
2870 4119 3080 4187 quidem
3126 4116 3315 4185 negligi
3350 4129 3512 4183 opor-

1950 4224 2100 4268 teret.
2129 4214 2274 4268 Licet
2299 4213 2439 4266 enim
2467 4212 2550 4265 vel
2577 4226 2710 4264 unus
2739 4209 2804 4263 sit
2834 4209 2952 4262 vilis
2978 4217 3033 4260 et
3057 4207 3323 4274 abjectus,
3355 4205 3514 4258 frater

1949 4316 2122 4359 tamen
2170 4312 2253 4358 est
2294 4313 2510 4371 propter
2553 4317 2708 4370 quem
2757 4308 2995 4352 mortuus
3039 4307 3121 4352 est
3146 4296 3425 4360 Christus,
3461 4302 3514 4348 et

1950 4410 2192 4464 magnam
2223 4393 2401 4446 vilium
2443 4390 2700 4444 rationem
2729 4389 2886 4442 habet
2913 4387 3172 4442 Christus.
3210 4385 3518 4452 Quicumth

1949 4482 2381 4546 scandalizaverit,
2414 4481 2610 4548 inquit,
2642 4493 2798 4530 unum
2824 4476 2887 4529 de
2914 4475 3109 4545 pusillis
3136 4475 3273 4538 istis,
3317 4471 3517 4540 expedit

1951 4576 2014 4640 ci,
2037 4585 2090 4626 ut
2115 4573 2449 4641 suspendatur
2475 4570 2607 4621 mola
2634 4566 2855 4619 asinaria
2879 4567 2932 4618 in
2952 4564 3082 4617 collo
3104 4564 3212 4633 ejus
3256 4559 3299 4614 et
3325 4562 3516 4614 demer-

1952 4677 2098 4736 gatur
2127 4667 2179 4718 in
2205 4681 2342 4716 mare
2369 4661 2578 4732 (Matth.
2607 4660 2691 4713 18.
2715 4659 2766 4726 6)
2796 4674 2806 4708 :
2832 4665 2886 4710 ct
2913 4669 3112 4717 rursus,
3142 4652 3393 4717 Quamdiu
3415 4667 3518 4704 non

1953 4760 2137 4828 fecistis
2174 4757 2260 4809 uni
2303 4755 2364 4807 de
2391 4751 2661 4805 minoribus
2691 4750 2789 4813 his,
2836 4764 2923 4801 nec
2969 4747 3091 4798 mihi
3137 4743 3323 4810 fecistis
3385 4739 3516 4812 (Id.

1953 4852 2041 4904 25.
2071 4848 2178 4917 45)
2207 4865 2221 4900 ;
2249 4855 2300 4899 ct
2328 4859 2510 4898 rursus
2531 4883 2544 4906 ,
2576 4841 2693 4893 Non
2722 4849 2794 4892 est
2827 4839 3052 4890 roluntas
3068 4843 3187 4888 ante
3207 4836 3406 4890 Patrem
3433 4848 3518 4885 ve-

1957 4952 2134 5002 strum,
2159 4940 2243 4996 qui
2273 4938 2324 4989 in
2353 4935 2488 4988 cretis
2517 4943 2586 4986 est
2608 4973 2623 4996 ,
2662 4941 2716 4983 ut
2748 4939 2913 4997 pereat
2937 4943 3065 4980 unus
3093 4927 3153 4979 de
3179 4924 3374 4995 pusillis
3412 4923 3521 4975 istis

1957 5031 2080 5100 (Id.
2136 5029 2223 5082 18.
2272 5028 2382 5095 14).
2428 5026 2616 5078 Annon
2673 5021 2829 5090 igitur
2876 5015 3160 5071 absurdum
3192 5024 3292 5077 est,
3323 5013 3367 5066 si
3401 5028 3518 5066 cum

1957 5120 2198 5176 Christus
2224 5116 2528 5186 pusillorum
2557 5121 2753 5164 tantam
2775 5123 2954 5163 curam
2979 5113 3144 5176 gerat,
3171 5117 3268 5156 nos
3291 5116 3387 5157 eos
3413 5115 3522 5169 prae

1957 5210 2157 5265 desidia
2177 5200 2612 5261 contemnamus?
2633 5199 2751 5253 Noli
2778 5198 2878 5251 hoc
2901 5194 3098 5258 dicere,
3114 5206 3256 5278 unus
3278 5199 3378 5253 est,
3401 5188 3522 5255 sed,

1958 5313 2097 5354 unus
2139 5302 2472 5362 contemptus
2501 5289 2742 5344 morbum
2787 5285 3111 5340 transmittet
3147 5280 3213 5335 ad
3254 5287 3522 5334 cteteros:

1962 5389 2219 5444 Modicum
2245 5386 2375 5438 enim
2405 5387 2732 5452 fermentum,
2764 5377 2965 5445 inquit,
2994 5382 3147 5426 totam
3171 5384 3386 5422 mast
3413 5371 3523 5437 [er-

1961 5489 2145 5534 mentat
2171 5476 2310 5547 (Gal.
2335 5475 2385 5530 5.
2413 5474 2490 5541 9).
2514 5473 2682 5540 Atque
2713 5469 2813 5522 hoc
2841 5474 2925 5520 cst
2966 5461 3105 5531 quod
3143 5460 3316 5514 omnia
3357 5461 3533 5523 perdit

1961 5585 2023 5628 ac
2065 5568 2324 5633 destruit,
2373 5564 2511 5635 quod
2554 5560 2770 5632 pusillos
2816 5567 3203 5626 aspernentur:
3250 5562 3524 5618 ιϊυίιιιειορτ
