3866 6226
414 237 521 294 865

418 368 607 423 magna
635 353 766 409 fiunt
789 353 989 421 ulcera,
1013 353 1463 425 quemadmodum
1490 351 1603 408 fere
1629 354 1708 418 lit,
1732 360 1790 406 ut
1814 363 2003 422 magna

417 445 546 500 flant
570 447 792 517 exigua,
823 447 866 502 si
895 447 1219 501 conveniens
1247 460 1372 500 cura
1397 445 1468 500 sit
1494 443 1751 499 adhibita.

491 533 640 590 Nihil
682 537 997 590 contentione
1037 537 1182 607 pejus
1225 535 1277 588 iu
1322 533 1669 589 Ecclesia.—
1693 533 1807 589 Hoc
1847 533 2006 603 igitur

419 627 648 696 primum
695 628 798 684 illis
838 628 1096 689 dicimus,
1140 628 1482 683 contentione
1527 641 1805 698 pugnaque
1852 625 2005 696 pejus

419 719 552 774 nihil
589 734 737 785 esse,
768 728 860 774 aut
897 720 939 773 si
973 719 1208 774 Ecclesia
1249 719 1600 788 discerpatur,
1627 725 1680 772 et
1710 717 1886 771 tunica
1915 730 2002 782 ea,

417 827 575 881 quam
601 811 933 881 disrumpere
963 811 1196 865 latrones
1244 826 1352 865 non
1381 811 1494 864 ausi
1524 819 1680 876 sunt,
1713 810 1766 864 in
1807 808 2004 864 multas

418 911 595 971 partes
618 901 903 956 dividatur.
932 900 1046 956 Non
1076 901 1345 956 sufficiunt
1373 901 1592 971 reliqum
1620 901 1874 964 haereses,
1903 900 2002 954 nisi

414 1010 516 1050 nos
564 994 664 1064 ipsi
711 1011 810 1050 nos
850 994 1200 1049 dividamus?
1241 993 1354 1048 Non
1386 1001 1441 1048 tu
1474 993 1692 1048 Paulum
1737 991 2002 1048 dicentem

415 1085 570 1142 audis
589 1127 604 1152 ,
643 1086 795 1154 Quod
822 1087 864 1140 si
894 1087 1103 1140 invicem
1133 1085 1393 1151 mordetis,
1425 1095 1472 1138 et
1497 1084 1756 1138 comeditis
1778 1123 1794 1150 ,
1843 1081 2006 1136 videte

416 1195 480 1234 ne
506 1180 570 1233 ab
598 1180 809 1234 invicem
837 1178 1203 1232 consumamini
1233 1175 1253 1249 (
1273 1177 1388 1231 Gal.
1416 1178 1466 1232 5.
1495 1176 1598 1246 15)
1625 1179 1650 1230 't
1681 1177 1849 1231 Extra
1876 1190 2002 1246 gre-

415 1286 535 1341 gem
573 1271 851 1335 ambulas,
895 1280 952 1326 et
998 1271 1207 1326 leonem
1254 1269 1382 1324 foris
1425 1271 1842 1324 circumeuntem
1895 1283 2002 1322 non

417 1363 619 1418 times?
661 1363 994 1418 Adversarius
1035 1364 1167 1416 enim
1210 1373 1373 1416 vester
1415 1372 1669 1432 tamquam
1700 1361 1777 1415 leo
1801 1361 2000 1428 circuit,

417 1453 611 1524 inquit,
640 1455 846 1524 rugiens
870 1464 915 1508 et
941 1470 1191 1524 quaerens,
1217 1470 1364 1523 quem
1389 1453 1556 1522 rapiat
1582 1453 1659 1521 (1.
1683 1451 1818 1506 Petr.
1847 1453 1897 1508 5.
1921 1451 1999 1524 8).

418 1543 553 1601 Vide
596 1545 908 1615 sapientiam
943 1544 1214 1615 pastoris:
1246 1559 1418 1615 neque
1458 1544 1670 1614 reliquit
1698 1543 1840 1598 intus
1864 1545 2004 1598 inter

415 1649 546 1689 oves
568 1675 585 1701 ,
631 1650 700 1689 ne
736 1650 953 1705 gregem
986 1633 1426 1704 perterrefaceret
1452 1651 1466 1686 :
1496 1649 1669 1704 neque
1711 1634 1778 1688 ab
1805 1633 2003 1688 exteris

416 1725 549 1779 locis
573 1725 784 1795 abegit,
817 1735 874 1780 ut
921 1725 1112 1781 bellua:
1141 1735 1283 1780 metu
1322 1736 1544 1780 cunctos
1584 1729 1724 1779 intus
1762 1735 2000 1795 cogeret.

415 1813 532 1869 Non
579 1816 845 1871 revereris
891 1816 1140 1885 patrem?
1181 1815 1456 1871 Inimicum
1486 1815 1772 1873 reformida
1802 1834 1816 1871 :
1846 1817 1890 1870 si
1921 1826 2001 1871 te-

417 1905 591 1976 ipsum
622 1920 651 1959 a
690 1922 850 1976 grege
876 1907 1156 1972 avulseris,
1203 1909 1296 1963 ille
1338 1908 1454 1963 sine
1480 1907 1644 1964 dubio
1674 1917 1724 1962 te
1750 1908 2000 1978 excipiet.

417 1996 635 2052 Poterat
673 1997 888 2068 quidem
919 1999 1078 2052 etiam
1106 1999 1174 2053 ab
1208 2000 1406 2054 exteris
1431 1999 1564 2053 locis
1590 1999 1736 2053 illum
1762 1998 2004 2054 Christus

417 2088 680 2160 abigere:
720 2088 816 2144 sed
861 2099 917 2144 ut
963 2089 1204 2145 efficeret
1234 2098 1291 2144 ut
1317 2089 1596 2160 vigilares,
1641 2105 1706 2145 ac
1745 2091 2005 2146 sollicitus

417 2193 589 2246 esses,
635 2189 794 2249 atque
840 2181 906 2233 ad
953 2191 1176 2234 matrem
1221 2195 1434 2250 semper
1473 2181 1828 2251 confugeres,
1876 2180 2006 2236 foris

422 2269 573 2323 illum
604 2271 780 2338 rugire
808 2270 1067 2339 permisit,
1099 2279 1156 2325 ut
1189 2271 1278 2340 qui
1317 2281 1440 2325 sunt
1471 2271 1633 2335 intus,
1664 2272 1788 2325 dum
1820 2286 2005 2326 vocem

419 2363 562 2418 illius
587 2363 828 2428 audiunt,
861 2364 1029 2434 magis
1054 2365 1387 2434 copulentur,
1412 2375 1465 2420 et
1492 2364 1557 2418 ad
1585 2380 1644 2420 se
1670 2373 1854 2418 mutuo
1877 2381 2006 2419 con-

420 2454 640 2524 fugiant.
685 2454 758 2508 Ita
787 2470 1000 2526 quoque
1041 2464 1239 2511 matres
1268 2455 1465 2510 faciunt
1492 2457 1780 2510 liberorum
1818 2471 2006 2510 aman-

421 2555 524 2608 tes,
555 2545 744 2602 ﬂentes
772 2547 1061 2602 infantulos
1090 2547 1393 2618 frequenter
1421 2563 1480 2602 se
1507 2548 1646 2618 lupis
1675 2548 2007 2604 devorandos

420 2634 726 2704 objecturas
756 2637 1047 2704 minantur,
1077 2654 1184 2692 non
1212 2648 1270 2694 ut
1293 2638 1632 2709 objiciantur,
1659 2639 1752 2694 sed
1780 2649 1834 2693 nt
1858 2639 2004 2694 desi-

422 2736 552 2783 nant
593 2727 874 2799 indiguari.
923 2729 1210 2798 Propterea
1254 2729 1496 2784 Christus
1538 2731 1715 2784 omnia
1761 2730 1905 2796 fecit,
1950 2740 2008 2786 ut

422 2832 607 2890 pacem
634 2819 893 2885 colamus,
923 2828 983 2875 ut
1006 2819 1275 2890 conjuncti
1315 2820 1452 2875 inter
1478 2835 1576 2875 nos
1603 2822 1792 2875 simus.

491 2910 548 2967 2.
591 2911 793 2968 Idcirco
840 2913 1002 2968 etiam
1052 2913 1247 2969 Paulus
1298 2928 1419 2968 cum
1473 2913 1776 2969 Corinthios
1828 2913 2008 2968 multis

421 3003 734 3074 magnisque
753 3003 822 3058 de
847 3002 1008 3058 rebus
1032 3019 1286 3060 accusare
1306 3013 1485 3073 posset
1506 3018 1568 3058 ac
1588 3003 2004 3073 reprehendere,

421 3094 562 3150 nulla
591 3095 659 3150 de
703 3111 762 3151 re
801 3095 905 3150 alia
935 3095 1102 3164 prius,
1133 3110 1291 3166 quam
1331 3095 1400 3151 de
1441 3096 1538 3150 ista
1569 3096 1856 3150 accusavit.
1901 3095 2008 3150 Sed

418 3203 540 3242 cum
571 3188 638 3244 de
679 3187 1029 3245 fornicatione
1059 3199 1239 3258 posset
1278 3189 1397 3244 illos
1434 3205 1716 3254 accusare,
1756 3191 1824 3246 de
1852 3205 2005 3244 arro-

419 3279 618 3348 gantia,
641 3279 709 3334 de
739 3279 974 3350 profanis
997 3279 1233 3348 judiciis,
1270 3279 1339 3335 de
1363 3280 1621 3335 conviviis
1647 3281 1700 3336 in
1731 3280 1868 3336 fanus
1896 3280 2010 3334 ido-

421 3368 618 3436 lorum,
641 3372 889 3442 quodque
910 3371 1162 3426 mulieres
1181 3370 1396 3441 quidem
1419 3372 1591 3441 capita
1621 3388 1725 3425 non
1747 3371 2007 3436 velareut,

421 3461 668 3518 homines
707 3473 884 3519 autem
925 3462 978 3518 id
1021 3471 1270 3533 agerent,
1309 3470 1512 3518 etcum
1552 3463 1636 3518 his
1665 3464 1914 3518 omnibus
1941 3463 2012 3518 ob

422 3554 721 3622 neglectum
750 3569 1042 3624 pauperum
1069 3563 1125 3609 et
1150 3553 1384 3608 innatam
1416 3554 1520 3609 illis
1539 3554 1609 3608 ob
1632 3554 1770 3609 dona
1793 3555 2012 3624 spiritus

423 3644 816 3714 arrogantiam,
863 3654 919 3700 et
961 3644 1030 3700 de
1076 3659 1357 3714 corporum
1404 3648 1844 3701 resurrectione:
1889 3661 2010 3701 cum

423 3735 584 3790 etiam
615 3745 808 3805 przeter
835 3737 950 3792 haec
977 3738 1157 3792 omnia
1188 3748 1368 3808 posset
1397 3738 1516 3793 illos
1545 3738 1615 3793 oh
1643 3739 2014 3794 contentiones

425 3840 490 3881 ac
517 3825 736 3880 dissidia
775 3828 914 3884 inter
943 3827 1064 3884 illos
1093 3836 1280 3884 exorta
1310 3830 1572 3900 castigare
1591 3871 1606 3898 ,
1641 3830 2014 3900 pratcrmissis

424 3917 638 3973 ccetcris
666 3919 914 3975 omnibus
954 3920 1084 3975 illud
1129 3921 1276 3990 prius
1321 3921 1558 3990 corrigit.
1607 3922 1684 3975 Ac
1730 3921 1831 3976 nisi
1880 3921 2014 3974 forte

426 4007 610 4063 videar
637 4009 850 4064 tardium
889 4024 1098 4080 parere,
1128 4009 1180 4064 id
1209 4024 1276 4066 ex
1305 4011 1433 4080 ipsis
1457 4009 1602 4065 Pauli
1632 4011 1808 4067 verbis
1832 4020 2015 4064 osten-

424 4099 572 4163 dam,
603 4115 725 4154 cum
751 4099 820 4155 de
843 4101 1090 4157 omnibus
1116 4102 1224 4156 illis
1249 4117 1346 4158 eos
1373 4112 1556 4172 posset
1579 4118 1852 4164 accusare,
1881 4103 2015 4158 nihil

426 4207 536 4261 prte
569 4193 673 4247 isto
699 4203 996 4249 correctmn
1039 4195 1106 4250 ab
1136 4195 1228 4249 illo
1255 4195 1441 4251 fuisse.
1487 4195 1619 4250 Nam
1652 4196 1770 4252 illos
1797 4195 2014 4266 quidem

427 4298 548 4340 esse
580 4283 866 4341 fornicatos
892 4286 1011 4342 audi
1043 4303 1149 4357 quo
1177 4296 1332 4357 pacto
1359 4297 1539 4343 narret
1567 4306 1579 4342 :
1616 4288 1836 4342 Omnino
1862 4289 2016 4341 audi-

427 4385 509 4429 tur
535 4376 665 4432 inter
702 4392 789 4432 vos
825 4379 1090 4449 fornicatio
1118 4381 1210 4449 (1.
1236 4378 1355 4435 Cor.
1380 4380 1484 4435 5.1
1514 4380 1556 4447 ).
1599 4379 1766 4435 Porro
1807 4380 2018 4436 inflatos

428 4472 591 4528 etiam
607 4471 740 4548 illos
763 4471 927 4527 fuisse
946 4512 960 4534 ,
992 4481 1045 4527 et
1072 4473 1123 4527 in
1153 4472 1458 4544 superbiam
1493 4473 1662 4527 elatos
1693 4491 1705 4526 :
1735 4472 2017 4545 Tamquam

431 4582 534 4620 non
554 4576 791 4621 uenturus
815 4567 911 4621 sim
934 4565 1002 4619 ad
1027 4583 1134 4630 vos,
1158 4567 1230 4619 sic
1259 4566 1425 4635 inﬂati
1464 4575 1581 4619 sunt
1603 4568 1810 4632 quidam
1850 4566 2014 4636 (Ibid.

431 4658 620 4731 4.18).
648 4658 799 4727 Quod
839 4667 1019 4712 autem
1065 4671 1249 4711 rursus
1292 4655 1443 4724 foris,
1493 4666 1548 4711 et
1586 4657 1724 4726 apud
1767 4657 2018 4728 profanos

429 4752 630 4824 judicio
672 4751 1060 4807 contenderent
1102 4767 1116 4803 :
1150 4748 1312 4804 Audet
1357 4749 1543 4819 aliquis
1572 4759 1789 4804 vestrum
1831 4749 2019 4804 habens

434 4843 684 4912 negotium
717 4843 956 4895 adversus
995 4840 1208 4894 alterum
1227 4839 1456 4910 judicari
1485 4840 1625 4910 apud
1651 4839 1882 4907 inﬁdeles
1908 4837 2016 4909 (Ib.

431 4938 486 4988 (ἰ.
513 4933 568 5004 1)
587 4933 611 4972 ⁸)
638 4931 789 4998 Quod
817 4943 992 4985 autem
1025 4930 1318 5002 idolothyta
1341 4930 1708 4996 comederent,
1735 4930 1854 4984 Non
1879 4941 2021 4999 pote-

433 5025 524 5078 stis
553 5038 737 5076 mensa:
764 5020 968 5075 Domini
997 5023 1264 5090 participes
1293 5037 1420 5084 esse,
1451 5030 1499 5074 et
1526 5036 1712 5074 mensae
1737 5021 2019 5074 dtentonio-

435 5131 547 5169 rum
600 5112 706 5184 (Ib.
759 5114 847 5169 ιο.
895 5111 1010 5182 21).
1049 5111 1309 5184 Quodque
1347 5111 1600 5166 mulieres
1649 5109 1869 5164 minime
1922 5124 2020 5164 ve-

435 5209 692 5269 larentur,
719 5204 812 5260 sed
845 5204 948 5258 viri
969 5213 1154 5259 contra
1182 5205 1506 5268 velarentur,
1535 5201 1658 5257 audi
1687 5202 1880 5272 quibus
1901 5215 2021 5255 ver-

437 5299 518 5353 bis
559 5311 654 5353 eos
693 5295 962 5367 castiget:
1007 5295 1185 5348 Omnis
1227 5295 1303 5348 vir
1344 5309 1533 5357 orans,
1578 5301 1667 5346 aut
1715 5293 2021 5362 prephetans

435 5395 596 5450 relato
617 5393 798 5462 capite,
823 5393 1059 5459 deturpat
1083 5400 1233 5460 caput
1259 5405 1406 5444 suum
1429 5403 1450 5443 :
1471 5388 1632 5443 omnis
1651 5396 1817 5442 autem
1842 5386 2024 5440 mulier

436 5503 586 5541 orans
613 5495 701 5538 aut
729 5485 1036 5554 prophetam
1073 5498 1174 5536 non
1200 5481 1362 5535 velato
1389 5481 1575 5550 capite,
1598 5481 1839 5550 deturpat
1867 5489 2020 5548 caput

438 5593 586 5632 suum
611 5575 717 5638 (Ib.
759 5575 844 5630 11.
883 5574 938 5629 4.
977 5574 1056 5642 5).
1081 5574 1150 5628 At
1197 5572 1316 5627 illos
1343 5586 1604 5642 pauperes
1630 5574 2021 5643 contempsisse

441 5672 767 5750 signiﬁcavit
801 5669 960 5724 etiam
1007 5683 1128 5725 cum
1177 5666 1310 5723 dixit
1353 5684 1365 5722 :
1406 5666 1550 5722 Alius
1591 5666 1794 5738 quidem
1840 5666 2016 5731 esurit,

1163 240 1224 298 8.
1261 239 1540 298 JOANNIS
1573 235 2050 296 οιιιιιιεοετοιιι
2086 234 2405 293 ARCIIIISP.
2446 233 2980 291 CONSTANTINOP.

3601 239 3704 296 86b

2115 346 2252 401 alius
2278 356 2446 400 autem
2474 347 2640 401 ebrius
2668 357 2742 401 est
2767 346 2843 420 (1.
2865 345 2985 404 Cor.
3014 347 3100 405 11.
3121 346 3217 422 21)
3244 367 3255 402 :
3287 357 3342 404 et
3368 365 3581 418 rursus,
3606 353 3703 410 Aut

2113 438 2398 494 Ecclesium
2427 437 2520 493 Dei
2543 441 2864 495 contemnitis
2881 481 2898 506 ,
2927 450 2976 496 et
3001 441 3316 512 confunditis
3340 459 3427 497 eos
3444 486 3459 508 ,
3490 447 3579 512 qui
3606 464 3705 500 ut»:

2115 532 2302 587 habent
2327 531 2437 603 (Ib.
2460 548 2509 586 υ.
2535 531 2632 604 ‘22)
2657 534 2681 587 ?
2718 534 2981 601 Quoniam
3009 543 3187 590 autem
3213 535 3279 590 ad
3321 537 3527 608 majora
3568 539 3704 596 dona

2111 625 2290 681 cuncti
2316 623 2510 695 cupide
2536 624 2883 693 accedebant,
2905 634 2961 681 et
2980 626 3185 681 minora
3213 643 3370 683 nemo
3393 630 3702 699 recipiebat,

2111 715 2190 772 sic
2214 718 2290 771 ait
2314 735 2328 773 :
2353 715 2617 787 Numquid
2640 733 2810 771 omnes
2833 717 3056 787 apostoli
3074 718 3100 772 2
3121 719 3366 788 numquid
3386 737 3563 774 omnes
3586 740 3706 791 pro-

2112 806 2277 877 pheta:
2325 806 2430 881 (Ib.
2457 807 2546 862 12.
2567 807 2726 879 29)?
2776 808 2946 864 Porro
2993 808 3062 864 de
3113 811 3510 866 resurrectione
3567 828 3708 881 quo-

2110 915 2217 971 que
2244 900 2516 957 dubitasse
2543 902 2662 957 illos
2689 917 2753 956 ex
2785 903 2865 958 his
2897 903 3115 974 colliges
3148 922 3160 958 :
3190 903 3299 959 Sed
3335 906 3465 960 dicet
3497 909 3705 976 aliquis,

2109 994 2360 1062 quomodo
2379 1005 2648 1066 resurgunt
2668 997 2855 1049 mortui
2873 996 2900 1050 Ρ
2917 997 3062 1064 quali
3079 1006 3250 1050 autent
3269 1015 3479 1068 corpore
3500 1002 3708 1053 veniunt

2112 1087 2220 1159 (Ib.
2266 1090 2355 1144 15.
2393 1089 2528 1160 55)?
2560 1089 2934 1146 Verumtamen
2966 1105 3092 1146 cum
3137 1093 3300 1146 multa
3357 1103 3542 1160 posset
3599 1095 3711 1150 illis

2108 1179 2238 1233 vitio
2262 1188 2473 1235 vertere
2494 1220 2509 1243 .
2541 1179 2672 1234 nihil
2711 1179 2760 1235 ei
2787 1179 2885 1234 fuit
2913 1181 3202 1250 antiquius,
3230 1197 3389 1252 quam
3420 1193 3476 1236 ut
3503 1184 3575 1238 de
3598 1184 3710 1239 dis-

2108 1269 2247 1324 sidio
2270 1283 2324 1325 et
2348 1271 2692 1325 contentione
2717 1285 2841 1326 cum
2871 1270 2976 1326 illis
2999 1280 3180 1340 ageret
3207 1287 3222 1325 :
3247 1273 3424 1341 itaque
3445 1276 3560 1340 jam
3585 1275 3710 1330 inde

2108 1376 2140 1441 a
2169 1359 2426 1430 principio
2447 1361 2687 1432 epistola:
2709 1361 2787 1415 sic
2813 1360 2887 1414 ait
2910 1378 2923 1414 :
2949 1360 3168 1415 Obsecro
3194 1372 3361 1415 autem
3382 1379 3469 1416 vos
3495 1364 3707 1432 fratres,

2110 1470 2200 1524 per
2225 1470 2406 1508 nomen
2432 1453 2640 1508 Domini
2670 1453 2828 1508 nostri
2850 1451 2978 1507 Iesu
3001 1451 3210 1520 Christi,
3238 1463 3294 1507 ut
3320 1455 3545 1526 idipsum
3567 1455 3709 1509 dica-

2109 1547 2174 1600 tis
2209 1562 2400 1611 omnes,
2427 1555 2474 1600 et
2502 1562 2604 1600 non
2645 1546 2746 1600 sint
2795 1547 2850 1599 in
2878 1545 3015 1600 vobis
3062 1547 3338 1600 schismata
3382 1545 3490 1619 (Ib.
3514 1548 3568 1601 1.
3590 1548 3706 1617 10).

2107 1636 2324 1692 Sciebat
2365 1637 2582 1708 quippe,
2629 1635 2834 1691 sciebat
2879 1636 3044 1705 probe
3091 1637 3193 1692 hoc
3236 1652 3357 1693 esse
3403 1637 3552 1708 quod
3598 1654 3707 1708 pra:

2107 1731 2318 1783 caeteris
2357 1728 2598 1798 urgebat.
2639 1727 2953 1782 Foruicator
2991 1727 3035 1781 si
3075 1725 3380 1798 frequenter
3419 1728 3472 1782 in
3512 1728 3705 1784 Eccle-

2108 1818 2241 1873 siam
2273 1818 2633 1888 ingrediatur,
2675 1826 2731 1874 et
2758 1818 3024 1888 superbus
3043 1856 3061 1883 ,
3106 1826 3200 1872 aut
3243 1819 3331 1888 qui
3360 1818 3490 1885 vitio
3517 1820 3710 1888 quovis

2108 1911 2214 1967 alio
2241 1910 2468 1976 laboret,
2501 1912 2639 1977 cito,
2671 1910 2797 1967 dum
2824 1911 3039 1967 assidue
3063 1913 3300 1967 doctrina
3333 1912 3552 1980 fruitur,
3580 1913 3710 1968 illud

2108 2003 2362 2073 expellet,
2409 2013 2464 2060 et
2507 2005 2784 2075 pristinam
2827 2005 3049 2076 recipiet
3095 2005 3376 2060 sanitatem
3409 2024 3424 2059 :
3453 2008 3549 2077 qui
3582 2023 3711 2064 vero

2109 2095 2343 2165 seipsum
2373 2096 2442 2150 ab
2486 2095 2589 2150 hoc
2629 2106 2895 2152 conventu
2923 2097 3237 2167 sejunxerit,
3288 2107 3344 2153 et
3383 2098 3608 2154 Patrum
3652 2114 3710 2154 se

2110 2187 2370 2244 doctrina:
2398 2188 2757 2254 subtraxerit,
2785 2197 2945 2259 atque
2974 2207 3004 2244 a
3043 2189 3233 2245 medici
3275 2189 3489 2244 officina
3522 2192 3710 2260 procul

2111 2283 2420 2347 recesserit,
2441 2282 2684 2352 quamvis
2705 2295 2838 2336 sano
2855 2296 3081 2352 corpore
3101 2296 3221 2336 esse
3240 2281 3504 2348 videatur,
3527 2298 3711 2353 quam-

2109 2376 2340 2444 primum
2369 2375 2422 2428 in
2460 2373 2704 2429 morbum
2737 2373 2956 2429 incidet.
2991 2373 3060 2428 Et
3086 2375 3542 2444 quemadmodum
3569 2380 3709 2444 Opti-

2111 2481 2230 2522 mus
2253 2465 2525 2531 medicus,
2554 2464 2736 2520 sedata
2765 2464 2912 2535 prius
2935 2473 2990 2520 et
3016 2465 3278 2520 exsuncta
3308 2463 3477 2531 febri,
3507 2465 3709 2520 deinde

2111 2555 2382 2612 ulceribus
2405 2569 2468 2610 ac
2493 2555 2832 2625 ruptionibns
2855 2554 3132 2610 medetur:
3158 2556 3228 2609 ita
3256 2553 3379 2610 fecit
3401 2565 3461 2610 et
3487 2555 3710 2618 Paulus,

2113 2646 2258 2716 prius
2304 2644 2641 2699 dissensione
2683 2643 2910 2712 sublata,
2959 2654 3068 2699 tum
3111 2644 3324 2699 detnum
3369 2644 3708 2714 singulorum

2112 2736 2330 2790 vulnera
2375 2733 2737 2790 membrorum
2781 2735 3006 2790 curavit.
3056 2734 3346 2805 Propterea
3385 2751 3609 2806 quoque
3644 2736 3711 2792 de

2112 2826 2216 2883 hoc
2240 2836 2368 2882 ante
2396 2826 2576 2882 omnia
2605 2825 2768 2882 verba
2798 2826 2944 2893 facit,
2979 2835 3037 2882 ut
3072 2841 3246 2897 neque
3288 2827 3426 2880 inter
3454 2840 3513 2880 se
3545 2827 3709 2880 dissi-

2111 2916 2293 2981 deant,
2327 2931 2499 2987 ueque
2537 2915 2783 2987 pr0prios
2820 2915 2920 2971 sibi
2947 2925 3186 2972 rectores
3217 2917 3530 2986 assignent,
3576 2932 3711 2970 neve

2111 3010 2306 3064 multas
2335 3009 2388 3064 in
2417 3019 2596 3078 partes
2635 3007 2874 3062 dividant
2905 3006 3100 3062 Christi
3127 3021 3340 3077 corpus.
3373 3005 3500 3060 Ihcc
3523 3016 3708 3061 autem

2114 3117 2220 3155 non
2251 3100 2356 3154 illis
2392 3100 2568 3156 solum
2595 3097 2840 3166 dicebat,
2867 3097 2961 3153 sed
2987 3107 3042 3153 et
3077 3095 3161 3152 his
3187 3106 3308 3166 post
3346 3097 3468 3151 illos
3491 3097 3589 3167 qui
3611 3111 3709 3152 eo-

2114 3192 2237 3248 dem
2258 3192 2446 3247 morbo
2467 3190 2732 3256 laborant,
2753 3205 2884 3260 quos
2899 3189 3144 3260 equidem
3166 3188 3469 3244 sciscitarer
3487 3189 3708 3252 lubens,

2113 3282 2240 3352 quid
2267 3282 2338 3336 sit
2364 3280 2564 3336 Pascha
2585 3322 2602 3347 ,
2642 3279 2770 3350 quid
2797 3278 2868 3335 sit
2891 3277 3348 3348 Quadragesima?
3385 3287 3440 3334 et
3476 3278 3618 3347 quid.
3636 3281 3713 3333 sit

2114 3373 2392 3428 .ludaicum
2414 3412 2431 3436 ,
2461 3371 2590 3442 quid
2631 3371 2701 3426 sit
2747 3379 2986 3425 nostrum
3017 3387 3033 3426 :
3061 3378 3154 3425 aut
3179 3385 3338 3439 quam
3379 3369 3451 3424 ob
3486 3384 3707 3424 causam

2115 3464 2243 3518 illud
2284 3463 2499 3535 quidem
2540 3462 2708 3518 semel
2748 3463 2902 3518 annis
2941 3462 3166 3532 singulis
3208 3461 3388 3528 fieret,
3436 3461 3540 3516 hoc
3578 3477 3708 3516 vero

2117 3555 2336 3626 singulis
2379 3554 2431 3609 in
2459 3554 2700 3610 collectis
2727 3553 3032 3608 celebretur
3060 3570 3074 3608 :
3105 3552 3232 3623 quid
3259 3554 3358 3607 sibi
3394 3553 3561 3607 velint
3583 3568 3709 3624 azy-

2117 3663 2225 3712 ma,
2268 3654 2322 3701 et
2349 3645 2452 3700 alia
2497 3645 2579 3700 his
2618 3645 2785 3700 multo
2829 3643 3016 3714 plura,
3046 3659 3163 3712 quae
3191 3642 3258 3698 ad
3290 3643 3393 3698 hoc
3435 3644 3711 3712 pertinent

2117 3746 2510 3808 argumentum.
2543 3736 2678 3792 Tum
2703 3751 2832 3790 vero
2861 3736 3023 3805 probe
3053 3735 3408 3804 cognoscetis,
3434 3749 3598 3804 quam
3626 3736 3711 3788 iu-

2120 3828 2432 3897 tcmpestiva
2479 3828 2691 3883 illorum
2735 3827 2805 3881 sit
2849 3827 3157 3891 contentio,
3201 3825 3290 3894 qui
3335 3839 3401 3879 ne
3441 3826 3708 3880 rationem

2119 3919 2335 3989 quidem
2377 3917 2600 3973 reddere
2640 3917 2708 3973 dc
2755 3917 2859 3972 illis
2902 3925 3124 3987 possunt
3151 3931 3272 3982 qua:
3318 3914 3552 3983 faciunt,
3585 3916 3713 3971 licet

2121 4012 2366 4066 omnibus
2395 4012 2501 4066 sint
2527 4010 2898 4080 sapientiores,
2932 4023 3106 4080 neque
3131 4008 3342 4063 discant
3377 4024 3442 4064 ex
3473 4009 3710 4073 caeteris,

2120 4101 2262 4172 quod
2288 4100 2647 4155 damnandum
2674 4109 2758 4155 est
2793 4101 3022 4154 maxime
3041 4140 3056 4166 ,
3103 4114 3224 4155 cum
3252 4113 3352 4154 nec
3379 4098 3482 4167 ipsi
3509 4100 3711 4166 sciant,

2123 4207 2297 4262 neque
2323 4205 2418 4246 eos
2451 4192 2541 4261 qui
2584 4190 2758 4245 sciunt
2804 4189 2968 4244 duces
2995 4198 3284 4260 sequantur
3306 4230 3321 4255 ,
3367 4189 3471 4244 sed.
3504 4199 3719 4246 temere

2123 4282 2441 4338 inconsulta:
2469 4281 2679 4336 cuidam
2706 4280 3078 4335 consuetudini
3120 4296 3207 4334 res
3236 4295 3360 4336 suas
3390 4280 3715 4350 permitten-

2125 4383 2206 4430 tes
2231 4374 2284 4428 in
2309 4373 2558 4428 barathra
2585 4381 2640 4428 et
2667 4372 2956 4442 praecipitia
2983 4371 3242 4426 ferantur.

2195 4469 2249 4523 5.
2272 4467 2402 4534 Quis
2426 4481 2588 4536 porro
2615 4465 2828 4534 sapiens
2851 4473 2935 4520 est
2971 4463 3180 4518 illorum
3205 4478 3402 4530 sermo,
3443 4479 3571 4519 cum
3599 4466 3718 4522 lure

2127 4558 2231 4613 illis
2260 4555 2582 4626 objicimns?
2609 4555 2738 4620 Vos,
2782 4555 3063 4624 inquiunt,
3097 4568 3273 4610 nonne
3307 4555 3408 4608 hoc
3445 4555 3716 4624 jejunium

2125 4659 2282 4704 antea
2327 4646 2734 4703 observabatis?
2779 4645 2889 4700 lloc
2930 4660 3057 4699 vero
3103 4653 3249 4700 tuum
3296 4659 3400 4698 uou
3449 4654 3536 4700 est
3583 4647 3716 4702 mihi

2126 4740 2328 4803 dicere,
2352 4737 2446 4792 sed
2468 4736 2570 4792 hoc
2597 4737 2710 4806 ipse
2737 4735 2829 4790 tibi
2853 4735 2972 4805 jure
2996 4734 3249 4799 dixerim,
3273 4749 3370 4788 nos
3393 4751 3617 4804 quoque
3640 4739 3716 4792 sic

2125 4841 2281 4887 antea
2305 4832 2599 4900 jejunasse,
2629 4838 2993 4885 verumtamen
3023 4838 3323 4897 temportun
3350 4827 3713 4883 observationi

2126 4922 2514 4995 praeferendam
2538 4920 2878 4978 concordiam
2902 4922 3175 4976 censuisse
3200 4938 3214 4975 :
3239 4919 3491 4992 quodque
3510 4921 3716 4978 Calatis

2126 5017 2339 5073 dicebat
2372 5015 2602 5077 Paulus,
2636 5013 2737 5068 hoc
2772 5023 2828 5068 et
2854 5011 3006 5069 vobis
3032 5011 3145 5080 ipse
3182 5011 3304 5066 dico
3335 5029 3350 5065 :
3379 5010 3558 5067 Estote
3587 5014 3717 5068 sicut

2127 5125 2239 5181 ego,
2267 5109 2388 5180 quia
2411 5116 2456 5161 et
2482 5122 2574 5176 ego
2599 5106 2726 5160 sicut
2751 5121 2838 5159 sos
2863 5103 3003 5176 (Gal.
3028 5103 3082 5158 4.
3107 5103 3219 5174 12).
3245 5103 3382 5171 Quid
3411 5103 3517 5158 hoc
3554 5121 3718 5173 porro

2126 5200 2228 5257 sibi
2253 5198 2412 5254 vult?
2438 5197 2778 5252 Persuaserat
2802 5194 2933 5260 illis,
2960 5202 3071 5248 uta
3099 5193 3508 5249 circumcisione
3534 5193 3702 5252 disce

2127 5291 2339 5355 derent,
2366 5289 2582 5345 sabbata
2607 5295 3037 5357 aspernarentur,
3070 5294 3126 5342 et
3158 5285 3277 5342 dies
3301 5295 3357 5340 et
3388 5287 3493 5340 alia
3520 5299 3715 5343 uncta

2129 5384 2261 5455 legis
2287 5381 2524 5437 instituta
2549 5397 2564 5434 :
2591 5379 2808 5445 deinde,
2828 5376 3078 5448 quoniam
3111 5377 3227 5432 illos
3250 5378 3425 5432 vereri
3456 5379 3713 5433 cemebst

2127 5491 2190 5532 ac
2217 5473 2603 5539 reformidare,
2641 5487 2710 5526 ne
2746 5469 2887 5526 forte
2929 5470 3368 5538 transgressionis
3407 5485 3624 5539 pinnam
3655 5487 3715 5525 ac

2127 5569 2445 5640 supplicium
2489 5567 2854 5632 sustinerent,
2894 5577 2993 5619 suo
3040 5562 3143 5618 illis
3181 5562 3430 5630 exemplo
3474 5563 3712 5618 animuin:

2127 5663 2292 5729 addit,
2323 5677 2443 5718 cum
2469 5660 2580 5726 ait,
2609 5657 2778 5714 Estote
2801 5657 2928 5712 sicut
2959 5670 3081 5727 ego,
3108 5654 3227 5724 quia
3253 5663 3299 5708 et
3329 5669 3420 5725 ego
3445 5655 3576 5710 sicut
3603 5671 3708 5710 vos.
