3826 6222
280 236 389 295 sua
994 237 1061 293 IN
1099 236 1228 293 EOS
1265 235 1384 304 QUI
1425 233 1699 294 PASCHA
1741 231 2112 292 JEJUNAM.
2157 239 2527 297 AM'l-ZRSL'S
2563 201 2711 298 wn.
2754 241 2840 298 ιιι.
3422 253 3528 308 36.;

277 359 346 412 av
371 354 579 424 γένοιτο
614 353 786 426 μικρά
818 351 919 422 τῆς
954 352 1338 424 προσηκούσης
1368 351 1707 405 ἀπολαύοντα
1738 354 1856 404 ἐπι-

277 438 520 511 μελείας.

346 605 518 658 Τοῦτο
545 604 725 657 τοίνυν
766 602 904 674 πρὸς
936 603 1134 666 αὑτοὺς
1179 602 1415 673 λέγομεν
1448 602 1734 672 πρότερον,
1774 601 1855 653 ὅτι

269 689 428 742 οὐδὲν
454 690 634 757 χεῖρον
663 685 996 756 φιλονεικίας
1019 686 1111 739 καὶ
1138 685 1314 755 μάχης
1341 686 1436 738 καὶ
1467 685 1562 740 τοῦ
1591 687 1689 753 τὴν
1731 683 1854 737 Ἐκ-

269 772 504 842 κλησίαν
530 771 785 840 διασπᾷν,
827 771 922 822 καὶ
947 770 1038 822 τὸν
1081 769 1304 839 χιτῶνα,
1334 769 1393 823 ὃν
1423 770 1520 822 οὑκ
1548 768 1851 838 ἐτόλμησαν

269 859 318 910 οί
368 854 563 926 λῃσταὶ
609 853 922 924 διαρρῆξαι,
959 852 1147 905 τοῦτον
1192 855 1272 914 εἰς
1307 851 1475 905 πολλά
1523 853 1851 920 κατατεμεῖν

273 940 440 1010 μέρη.
490 938 604 990 υὺκ
653 937 916 1007 ἀρκοῦσιν
962 938 1017 988 αἱ
1045 935 1233 988 λοιπαὶ
1272 934 1535 1005 αἱρέσεις,
1582 933 1718 987 ἀλλὰ
1756 934 1850 986 καὶ

269 1025 433 1092 ἡμεῖς
462 1019 688 1082 ἑαυτοὺς
728 1018 1160 1088 κατατὲμωμεν;
1197 1017 1310 1070 Οὑκ
1339 1016 1556 1079 ἀκούεις
1582 1016 1676 1068 τοῦ
1705 1017 1850 1068 Παύ-

267 1104 364 1156 λου
411 1104 664 1172 λέγοντος
684 1122 697 1134 ·
735 1105 804 1156 Εἰ
836 1102 904 1153 δὲ
934 1100 1252 1166 ἀλλήλους
1287 1100 1539 1156 δάκνετε
1566 1101 1663 1154 καὶ
1709 1117 1848 1153 κατ-

268 1189 526 1249 εσθίετε,
556 1185 820 1251 ,βλέπετε
848 1186 934 1254 μὴ
983 1185 1102 1238 ὑπὸ
1143 1185 1433 1250 ἀλλήλων
1466 1182 1848 1251 ἀναλωθῆτε;

273 1273 422 1336 Ἐξω
451 1274 544 1342 τῆς
582 1271 783 1340 ἀγέλης
818 1269 1074 1338 βαδίζεις,
1098 1269 1218 1320 είπέ
1247 1285 1360 1338 μοι,
1392 1269 1485 1320 καὶ
1516 1268 1576 1322 οὑ
1609 1264 1850 1330 δέδοικας

264 1355 358 1408 τὸν
402 1354 592 1406 λέοντα
629 1352 720 1406 τὸν
770 1352 968 1417 ἔξωθεν
1005 1351 1317 1422 περιϊόντα;
1378 1350 1430 1403 Ὁ
1479 1350 1693 1419 ἐχθρὸς
1741 1350 1849 1418 γὰρ

264 1435 458 1506 ὑμῶν,
507 1436 589 1501 ὡς
626 1435 810 1504 λέων,
849 1434 1242 1503 περιέρχεται,
1293 1435 1479 1504 φησὶν,
1514 1434 1849 1503 ὠρυόμενος

266 1519 366 1573 καὶ
421 1517 607 1586 ζητῶν
643 1519 776 1571 τίνα
811 1517 1074 1586 ἁρπάσῃ.
1128 1520 1270 1588 ὐρα
1317 1519 1509 1586 σοφίαν
1561 1516 1844 1584 ποιμένος·

263 1601 390 1655 οὔτε
435 1603 580 1655 ἐνδον
614 1601 828 1670 ἀφῆκεν
865 1597 1005 1654 εἶναι
1057 1605 1114 1653 ἐν
1145 1605 1256 1668 τοῖς
1302 1601 1617 1671 προϐάτοις,
1655 1601 1740 1653 ἵνα
1773 1600 1847 1669 μὴ

265 1683 686 1755 καταπλήξηται
721 1683 821 1754 τὴν
856 1685 1124 1754 ποίμνην·
1159 1683 1282 1738 οὕτε
1314 1683 1513 1748 ἔξωθεν
1537 1684 1844 1752 ἀπήγαγεν,

265 1769 356 1820 ἶνα
383 1767 462 1838 τῷ
489 1768 641 1838 φόϐῳ
664 1766 760 1820 τοῦ
790 1766 982 1839 θηρίου
1018 1768 1228 1830 πάντας
1261 1766 1370 1819 ἕσω
1400 1766 1699 1836 συναγάγῃ.
1733 1767 1846 1820 Ούκ

264 1852 389 1922 αἰδῇ
414 1853 504 1905 τὸν
531 1851 774 1920 πατέρα;
816 1850 1078 1922 φοϐήθητι
1109 1851 1196 1903 τὸν
1215 1849 1435 1920 ἐχθρόν·
1467 1850 1514 1902 εἰ
1543 1848 1846 1918 ἀποσχίσῃς

266 1937 464 1990 σαυτὸν
493 1935 593 2006 τῆς
613 1935 835 2006 ἀγέλης,
864 1935 1070 1997 ἐκεῖνός
1099 1950 1158 1987 σε
1177 1933 1386 1998 δέξεται
1411 1933 1647 1995 πάντως.
1691 1931 1846 1985 Ἡδύ-

263 2037 396 2074 νατο
424 2019 522 2090 μὲν
547 2019 656 2090 γὰρ
681 2020 774 2071 καὶ
796 2017 998 2084 ἔξωθεν
1019 2018 1184 2074 αὑτὸν
1205 2017 1514 2086 ἀπαγαγεῖν
1537 2018 1565 2070 6
1591 2015 1842 2087 Χριστὸς,

263 2104 378 2157 ἀλλ’
419 2106 507 2157 ἴνα
536 2120 594 2156 σε
625 2101 1024 2174 παρασκευάσῃ
1059 2102 1251 2173 νήφειν
1276 2101 1367 2154 καὶ
1394 2099 1683 2168 ἐναγώνιον
1706 2095 1844 2152 εἶναι

262 2188 359 2242 καὶ
394 2186 530 2259 πρὸς
573 2186 673 2255 τὴν
724 2184 934 2256 μητέρα
979 2183 1216 2254 συνεχῶς
1249 2186 1605 2252 καταφυγεῖν,
1635 2183 1844 2252 ἀφῆκεν

261 2271 462 2337 ἔξωθεν
499 2268 792 2341 ώρύεσθαι,
837 2269 923 2323 ἵνα
966 2269 1013 2321 οί
1067 2267 1306 2331 ἔνδοθεν,
1347 2267 1637 2329 ἀκούοντες
1677 2263 1843 2318 αὑτοῦ

261 2356 364 2426 τῆς
387 2354 597 2424 φωνῆς,
626 2351 825 2424 μᾶλλον
852 2352 1284 2420 συσφίγγωνται,
1315 2350 1558 2421 καὶπρὸς
1584 2349 1844 2421 ἀλλήλους

260 2436 708 2508 καταφεύγωσιν.
740 2436 898 2489 Οὑτω
926 2436 1022 2488 καὶ
1050 2435 1284 2506 μητέρες
1317 2433 1532 2486 ποιοῦσι
1561 2434 1843 2502 φιλόστορ-

261 2529 374 2588 γοι·
404 2519 471 2574 τὰ
502 2519 694 2573 παιδία
727 2518 1246 2590 κλαυθμυριζόμενα
1281 2517 1540 2579 πολλάκις
1563 2515 1843 2570 ἀπειλοῦσι

267 2607 375 2667 τοῖς
411 2603 640 2676 στόμασι
686 2602 795 2655 τῶν
829 2602 1010 2655 λύκων
1053 2603 1288 2672 ῥίπτειν,
1329 2600 1426 2669 οὑχ
1458 2600 1542 2651 ἵνα
1590 2598 1842 2669 ριφώσιν,

260 2689 379 2741 ἀλλ’
421 2689 506 2741 ἵνα
551 2687 801 2740 παύσωσι
843 2686 1284 2756 δυσχεραίνοντα.
1323 2684 1508 2736 Πάντα
1540 2684 1568 2735 6
1611 2682 1843 2753 Χριστὸς

259 2771 348 2824 διὰ
381 2771 541 2824 τοῦτο
576 2769 828 2841 ἐποίησεν
867 2771 952 2822 ῖνα
974 2769 1364 2841 εἰρηνεύωμεν,
1396 2767 1481 2820 ῖνα
1507 2766 1644 2839 πρὸς
1678 2764 1844 2834 ἀλλή-

252 2858 388 2918 λους
423 2851 572 2925 ὦμεν
603 2853 997 2921 συνδεδεμένοι.

335 3000 377 3070 β’
430 3000 529 3053 Διά
550 2999 707 3052 τοῦτο
729 2999 823 3052 καὶ
850 2997 1059 3061 Παῦλος
1082 2996 1251 3048 πολλὰ
1280 2996 1372 3048 καὶ
1410 2992 1616 3064 μεγάλα
1641 2994 1840 3063 Κοριν-

260 3083 398 3147 θίοις
431 3082 682 3150 ἐγκαλεῖν
719 3084 880 3152 ἔχων,
926 3081 1079 3133 οὐδὲν
1126 3080 1410 3133 ἐνεκάλεσε
1464 3078 1572 3146 πρὸ
1612 3075 1838 3129 τούτου·

260 3168 378 3220 ἀλλ’
411 3167 551 3236 ἔχων
597 3167 781 3228 αὑτοῖς
825 3165 1116 3233 ἐγκαλέσαι
1148 3165 1240 3216 καὶ
1274 3163 1402 3233 περὶ
1442 3159 1718 3232 πορνείας,
1748 3159 1844 3213 καὶ

260 3251 392 3321 περὶ
417 3249 697 3312 ἀπονοίας,
721 3249 815 3302 καὶ
845 3249 952 3301 τῶν
981 3248 1086 3312 ἔξω
1111 3245 1494 3316 δικαστηρ¹ων,
1521 3245 1614 3297 καὶ
1645 3243 1754 3296 τῶν
1785 3243 1843 3293 ἐν

256 3337 374 3398 τοῖς
407 3333 700 3397 εἱδωλείοις
722 3332 1062 3404 συμποσίων,
1097 3333 1192 3384 καὶ
1221 3332 1306 3383 ὅτι
1330 3331 1584 3397 γυναῖκες
1620 3326 1718 3396 μέν
1743 3325 1843 3388 οὑκ

261 3415 630 3470 ἐκαλύπτοντο
662 3415 762 3478 τὰς
796 3415 1059 3484 κεφαλὰς,
1105 3413 1295 3483 ἄνδρες
1323 3411 1379 3485 δέ
1409 3409 1567 3463 τοῦτο
1602 3409 1839 3475 ἐποίουν,

261 3501 357 3554 καὶ
399 3500 539 3570 μετὰ
585 3499 790 3552 τούτων
837 3500 1096 3552 ἀπάντων
1144 3497 1232 3549 διὰ
1290 3495 1388 3562 τὴν
1431 3492 1540 3545 τῶν
1593 3492 1842 3561 πενήτων

261 3583 591 3654 ὑπεροψίαν,
625 3582 719 3636 καὶ
739 3581 837 3651 τὴν
863 3583 926 3632 ἐκ
953 3579 1064 3634 τῶν
1097 3578 1453 3650 χαρισμάτων
1487 3575 1842 3645 ἐγγινομένην

261 3667 448 3730 αὐτοῖς
481 3666 762 3727 ἀπόνοιαν,
785 3664 880 3717 καὶ
911 3665 1039 3735 περὶ
1065 3663 1162 3730 τῆς
1186 3660 1293 3712 τῶν
1316 3657 1582 3728 σωμάτων
1611 3658 1844 3710 ἀναστά-

262 3766 406 3812 σεως
427 3767 438 3776 ·
483 3749 620 3819 ἔχων
654 3749 711 3802 δέ
748 3747 888 3818 μετὰ
935 3745 1136 3798 τούτων
1170 3743 1425 3797 ἁπάντων
1469 3741 1564 3794 καὶ
1596 3740 1844 3812 περὶτῆς

263 3834 403 3904 πρὸς
447 3833 715 3903 ἀλλήλους
767 3829 1100 3899 φιλονεικίας
1141 3827 1233 3880 καὶ
1271 3823 1617 3894 διχοστασίας
1661 3823 1844 3885 αὑτοῖς

261 3918 611 3986 ἐπιτιμῆσαι,
670 3915 845 3968 πάντα
899 3912 967 3964 τὰ
1020 3911 1153 3965 ἄλλα
1207 3906 1612 3981 παραδραμὼν,
1669 3907 1845 3967 ἐκεῖνο

262 3999 575 4072 διορθοῦται
623 3998 910 4068 πρότερον.
965 3995 1072 4048 Καὶ
1107 3995 1156 4046 εἰ
1189 3992 1263 4062 μὴ
1295 3992 1437 4043 δοκῶ
1473 3988 1843 4060 παρενοχλεῖν,

264 4085 361 4137 ἀπ’
386 4083 566 4137 αὑτῶν
594 4080 688 4134 τοῦ
721 4079 936 4133 Παύλου
965 4076 1224 4149 ῥημάτιον
1253 4074 1411 4127 τοῦτο
1445 4073 1656 4142 ποιήσω
1687 4085 1848 4138 φανε-

266 4169 382 4239 ρδν,
411 4168 493 4219 ὅτι
518 4166 697 4219 πάντα
721 4165 906 4215 ἐκεῖνα
936 4161 1073 4228 ἔχων
1099 4157 1373 4226 ἐγκαλεῖν,
1406 4155 1558 4208 οὐδὲν
1592 4153 1696 4239 πρὸ
1724 4150 1846 4203 τού-

263 4235 361 4303 του
404 4247 735 4319 διώρθωσεν.
783 4246 902 4297 Ὀτι
948 4243 1044 4313 μέν
1079 4241 1186 4312 γάρ
1239 4240 1562 4309 ἐπόρνευον,
1616 4235 1847 4287 ἄκουσον

262 4335 320 4386 τί
369 4349 534 4403 φησιν
555 4349 570 4364 ·
602 4333 788 4395 Ὄλως
825 4328 1103 4381 ἀκούεται
1135 4326 1204 4378 ἐν
1235 4322 1378 4392 ὑμῖν
1407 4320 1674 4403 πορνεία.
1727 4320 1845 4403 ’Ὁτι

263 4416 324 4469 δὲ
370 4400 467 4469 καὶ
519 4413 896 4483 πεφυσίωνται
943 4412 1038 4462 καὶ
1096 4409 1239 4479 μέγα
1279 4405 1572 4476 ἐφρόνουν’
1631 4402 1726 4468 Ὠς
1759 4400 1844 4468 μὴ

265 4498 597 4568 ἐρχομένου
621 4497 688 4550 δέ
707 4515 827 4566 μου
857 4494 1008 4564 πρὸς
1038 4489 1195 4560 ὑμᾶς
1217 4484 1644 4558 ἐφυσιώθησάν
1664 4502 1842 4549 τινες.

267 4584 392 4636 Ὅτι
432 4583 489 4636 δὲ
533 4583 628 4635 καὶ
663 4581 768 4644 ἔξω
818 4579 980 4632 πάλιν
1027 4573 1368 4638 ἐδικάζοντο⁹
1422 4568 1617 4639 Τολμᾷ
1658 4586 1743 4634 τις
1779 4569 1846 4631 ἐξ

263 4665 455 4734 ὑμῶν,
487 4663 726 4734 πρᾶγμα
754 4663 912 4732 ἔχων
953 4657 1103 4726 πρὸς
1150 4657 1257 4710 τὸν
1280 4654 1505 4722 ἕτερον,
1540 4653 1848 4734 κρίνεσθαι

265 4733 368 4802 ἐπὶ
402 4733 538 4802 τῶνί
567 4733 841 4801 ἀπίστων
858 4760 876 4807 ;
910 4745 1032 4796 Ὀτι
1058 4741 1114 4793 δὲ
1148 4739 1243 4792 καὶ
1275 4736 1599 4790 εἰδωλόθυτα
1627 4733 1810 4805 ἤσθιον
1829 4749 1844 4764 ·

271 4835 355 4886 Οὐ
394 4831 659 4884 δύνασθε
698 4824 991 4896 τραπέζης
1023 4823 1249 4890 Κυρίου
1273 4819 1550 4889 μετέχειν
1583 4818 1677 4870 καὶ
1710 4834 1846 4885 τρα-

267 4912 443 4981 πέζης
486 4911 829 4980 δαιμονίων.
864 4906 967 4960 Kal
1011 4905 1141 4975 περὶ
1175 4900 1328 4974 [608]
1366 4899 1462 4953 τοῦ
1493 4899 1568 4970 μὴ
1600 4916 1845 4951 κατακα-

266 4995 568 5052 λύπτεσθαι
603 4993 661 5046 δὲ
704 4993 803 5054 τὰς
842 4991 1129 5058 γυναῖκας,
1175 4985 1311 5040 ἀλλά
1341 4984 1468 5046 τοὺς
1511 4982 1712 5053 ἀνδρας
1751 4983 1846 5034 ἀπ’

269 5081 539 5142 ἐναντίας,
574 5077 803 5130 ἄκουσον
835 5074 949 5136 πῶς
985 5074 1168 5134 αὑτοῖς
1212 5071 1440 5139 ἐπιτιμᾷ
1481 5066 1691 5135 λέγων·
1721 5064 1848 5131 Πᾶς

267 5163 427 5231 ἀνὴρ
463 5160 950 5229 προσευχόμενος
979 5156 1017 5224 ἢ
1054 5154 1450 5223 προφητεύων
1483 5152 1635 5204 κατὰ
1668 5152 1849 5218 κείρας

265 5245 389 5314 λῆς
440 5246 632 5313 ἔχων,
686 5241 1078 5307 καταισχύνει
1136 5237 1252 5304 τὴν
1301 5233 1580 5303 κεφαλὴν
1629 5231 1846 5288 αὑτοῦ·

267 5325 440 5383 πᾶσα
465 5325 533 5378 δὲ
572 5322 728 5394 γυνὴ
775 5319 1258 5390 προσευχομένη,
1297 5317 1336 5386 ἢ
1385 5317 1848 5384 προφητεύουσα

267 5409 750 5474 ἀκατακαλύπτῳ
801 5404 876 5474 τῇ
912 5401 1173 5473 κεφαλῇ,
1202 5400 1591 5469 καταισχύνει
1611 5399 1727 5466 τὴν
1758 5415 1852 5452 κερ

268 5492 480 5564 gul-ipf
519 5490 732 5557 αὐτῆς.
781 5490 888 5541 Kal
915 5489 996 5541 ὅτι
1039 5485 1150 5539 τῶν
1199 5486 1447 5554 πενήτων
1485 5481 1849 5564 ὑπερεώρων,

269 5563 366 5630 καὶ
408 5575 568 5628 τοῦτο
602 5573 868 5644 ἐδήλωσεν
912 5569 1080 5624 εἰπών
1103 5587 1116 5599 ·
1157 5571 1261 5633 Ὃς
1295 5567 1412 5636 μὲν
1443 5564 1642 5632 πεινᾷ,
1681 5565 1750 5630 ὃς
1785 5563 1854 5617 δὲ

267 5661 470 5728 μεθύει
493 5676 507 5690 ο
543 5658 636 5712 καὶ
677 5655 860 5718 πάλιν,
908 5657 983 5709 ἰι
1018 5653 1128 5720 τῆς
1164 5651 1534 5720 Ἐκκλησίας
1563 5650 1667 5705 τοῦ
1705 5647 1851 5702 Θεοῦ

1961 369 2156 422 2mm;
2197 355 2410 418 ονεῖτε,
2466 359 2562 411 καὶ
2611 359 3052 428 καταισχύνετε
3080 356 3222 423 τοὺς
3243 358 3330 428 μὴ
3361 359 3526 427 ἕχον-

1960 451 2103 499 τας;
2141 436 2355 510 Ἐπειδὴ
2395 438 2450 493 (ἶέ
2488 443 2582 496 καὶ
2619 445 2730 507 τοῖς
2776 442 2988 512 μείζοσι
3027 437 3137 494 τῶν
3179 442 3528 512 χαρισμάτων

1959 516 2197 582 ἅπαντες
2229 519 2537 594 ἐπεπήδων,
2560 521 2653 580 καὶ
2672 521 2734 578 τὸ
2763 526 2979 579 ἔλαττον
2994 525 3166 588 οὐδεὶς
3189 525 3528 594 κατεδέχετο,

1956 601 2090 670 φησί
2115 619 2128 632 ·
2167 599 2264 670 Μὴ
2293 605 2514 673 πάντες
2543 609 2876 663 ἀπόστολοι
2901 625 2919 672 ;
2944 608 3029 678 μὴ
3051 607 3274 673 πάντες
3299 605 3527 677 προφῆ-

1955 699 2050 736 ται
2074 700 2094 747 ;
2127 684 2250 738 Ὀτι
2281 687 2339 739 δὲ
2367 689 2462 742 καὶ
2491 691 2618 761 περὶ
2644 692 2741 761 τῆς
2773 692 3124 754 ἀναστάσεως
3156 689 3524 760 ἀμφέϐαλλονν

1967 766 2118 821 Ἀλλ’
2155 768 2282 834 ἐρεῖ
2302 787 2414 836 τις,
2456 773 2610 843 φησὶ,
2655 773 2789 841 Πῶς
2818 775 3144 844 ἐγείρονται
3187 780 3240 829 οὶ
3285 775 3524 842 νεκροί;

1953 849 2103 916 ποίῳ
2149 850 2217 904 δὲ
2261 851 2483 922 σώματι
2526 855 2799 925 ἔρχονται
2821 875 2840 923 ;
2904 859 3042 911 Ἀλλ’
3091 859 3240 928 ὅμως
3289 852 3559 909 τοσαῦτα¹

1952 929 2090 1001 ἔχων
2120 934 2436 1000 ἐγκαλέσαι,
2467 937 2619 990 οὐδὲν
2640 936 2746 1009 πρὸ
2776 941 2982 992 ἐκείνου
3020 940 3155 1012 πρὸς
3178 937 3374 1000 αὐτοὺς
3403 933 3524 992 εἷπε

1951 1014 2052 1083 τῆς
2097 1015 2434 1082 διαστάσεως
2483 1022 2576 1074 καὶ
2623 1022 2723 1092 τῆς
2759 1023 3123 1091 φιλονεικίας·
3157 1021 3271 1075 ἀλλ’
3320 1019 3524 1084 εὐθέως

1950 1095 2253 1168 ἀρχόμενος
2285 1101 2384 1171 τῆς
2437 1102 2764 1174 ἐπιστολῆς,
2799 1104 2942 1158 οὕτω
2989 1104 3105 1167 πώς
3136 1120 3289 1174 φησι.
3327 1107 3524 1171 Παρα-

1950 1180 2118 1232 καλῶ
2147 1180 2216 1234 δὲ
2262 1181 2438 1251 ὑμᾶς,
2478 1186 2752 1256 ἀδελφοί,
2790 1186 2888 1240 διὰ
2936 1187 3043 1240 τοῦ
3088 1187 3376 1256 ὀνόματος
3413 1184 3522 1238 τοῦ

1950 1264 2172 1330 Κυρίου
2201 1265 2378 1347 ,ἡμῶν
2429 1269 2632 1335 Ἰησοῦ
2666 1271 2945 1347 Χριστοῦ,
2995 1271 3094 1322 ἵνα
3125 1269 3191 1322 τὸ
3231 1271 3374 1322 αὐτὸ
3419 1266 3522 1320 λέ-

1950 1361 2092 1413 τητε
2129 1346 2374 1414 πάντες,
2411 1350 2509 1402 καὶ
2529 1351 2616 1419 μὴ
2648 1346 2690 1421 ᾖ
2720 1352 2791 1404 ἐν
2818 1346 2960 1420 ὑμῖν
2990 1353 3317 1420 σχίσματα.
3368 1349 3522 1420 ᾜδει

1949 1426 2078 1498 γὰρ,
2111 1429 2228 1500 ⁴ᾔδει
2265 1431 2473 1500 σαφῶς,
2509 1433 2590 1485 ὅτι
2617 1433 2776 1487 τοῦτο
2806 1434 3069 1506 πρότερον
3097 1429 3163 1503 ἦν
3189 1434 3250 1485 τὸ
3279 1433 3524 1484 κατεπεῖ-

1947 1526 2064 1578 γον.
2125 1512 2182 1565 '0
2219 1514 2498 1585 πορνεύων
2539 1515 2606 1570 ἂν
2663 1517 2905 1586 συνεχῶς
2946 1519 3026 1579 εἰς
3080 1517 3179 1586 τὴν
3229 1512 3520 1583 ἐκκλησίαν

1947 1592 2121 1664 εἰσίῃ,
2153 1595 2248 1649 καὶ
2275 1599 2304 1649 ό
2346 1597 2582 1662 ἀλαζὼν,
2625 1600 2720 1653 καὶ
2756 1602 2784 1652 6
2829 1599 3006 1651 ὁτιοῦν
3040 1598 3179 1668 ἔχων
3213 1597 3518 1666 ἐλάττωμα,

1946 1678 2158 1746 ταχέως
2203 1679 2337 1732 αὑτὸ
2383 1681 2640 1750 συνεχοῦς
2692 1681 2981 1737 ἀπολαύων
3016 1681 3364 1742 διδασκαλίας
3410 1681 3517 1732 άπ-

1945 1759 2239 1830 ωθήσεται,
2273 1763 2367 1815 καὶ
2404 1764 2541 1833 πρὸς
2570 1763 2666 1833 τὴν
2699 1764 2911 1832 ὑγίειαν
2957 1764 3212 1835 ἐπανήξει
3234 1780 3247 1794 ⁸
3279 1763 3309 1814 ό
3338 1763 3518 1832 μέντοι

1947 1841 2045 1912 τῆς
2079 1845 2299 1898 συνόδου
2325 1845 2527 1914 ταύτης
2562 1847 2750 1900 ἐαυτὸν
2783 1847 3121 1918 ἀπορρήξας,
3154 1846 3374 1917 καὶτῆς
3408 1846 3518 1898 τῶν

1950 1926 2200 1996 πατέρων
2247 1927 2596 1990 διδασκαλίας
2651 1927 3032 1997 ὑπεξαγαγὼν,
3077 1930 3170 1982 καὶ
3199 1929 3260 1982 τὸ
3290 1931 3520 1998 ίατρεῖον

1948 2009 2157 2076 φυγὼν,
2209 2011 2314 2062 κᾶν
2350 2011 2616 2079 ὑγιαίνειν
2649 2011 2803 2083 δοκῇ,
2839 2012 3048 2081 ταχέως
3086 2013 3168 2074 είς
3209 2011 3522 2078 άρῤωστίαν

1947 2095 2210 2147 πεσεῖται.
2244 2093 2355 2147 Καὶ
2396 2093 2648 2164 καθάπερ
2691 2095 2872 2166 ἰατρὸς
2911 2094 3133 2166 ἀριστος
3170 2095 3259 2148 τὸν
3288 2095 3520 2164 πυρετὸν
3565 2083 3591 2097 ⁸

1948 2176 2164 2246 πρῶτον
2211 2178 2431 2242 σϐέσας,
2465 2179 2587 2230 τότε
2629 2179 2699 2230 τὰ
2736 2179 2867 2250 ἐλκη
2909 2179 3004 2232 καὶ
3041 2178 3113 2232 τά
3143 2180 3399 2250 ῥήγματα
3439 2177 3520 2230 δι⁸

1945 2258 2233 2329 ορθοῦταιο
2260 2261 2405 2314 οὓτω
2443 2262 2536 2314 καὶ
2576 2261 2786 2324 Παῦλος
2815 2263 3062 2329 ἐποίησε,
3108 2262 3372 2335 πρότερον
3421 2261 3521 2332 τὴν

1943 2341 2224 2396 διάστασιν
2267 2342 2492 2409 ἀνελὼν,
2535 2345 2657 2396 τότε
2695 2343 2764 2397 τά
2794 2343 2916 2397 καθ’
2951 2345 3179 2398 ἐκαστον
3215 2345 3373 2415 μέλος
3399 2343 3522 2398 ἐθε-

1948 2427 2190 2494 ράπευσε
2227 2425 2538 2496 τραύματα.
2573 2425 2672 2478 Διά
2702 2426 2860 2479 τοῦτο
2886 2428 2978 2480 καὶ
3011 2427 3152 2498 ὑπὲρ
3189 2427 3378 2480 τούτου
3407 2428 3523 2481 δια-ο

1943 2507 2159 2578 λέγεται
2184 2510 2290 2580 πρὸ
2321 2511 2545 2574 τούτων,
2582 2511 2718 2582 μηδὲ
2742 2512 3053 2576 στασιάζειν
3081 2511 3218 2580 πρὸς
3234 2512 3518 2583 ἀλλήλους,

1948 2593 2082 2663 μηδὲ
2111 2595 2344 2659 οἰκείους
2366 2597 2633 2666 ἄρχοντας
2651 2595 3073 2667 ἐπιγράφεσθαι,
3095 2596 3228 2666 μηδὲ
3253 2598 3332 2658 εις
3354 2595 3522 2649 πολλὰ

1944 2681 2271 2748 κατατεμεῖν
2307 2679 2447 2750 μέρη
2499 2678 2736 2750 Χριστοῦ
2775 2679 2834 2731 τὸ
2880 2679 3059 2749 σῶμα.
3106 2677 3290 2732 Ταῦτα
3316 2678 3374 2731 δὲ
3421 2678 3521 2730 οὑκ

1945 2759 2171 2824 ἐκείνοις
2206 2761 2356 2829 ἔλεγε
2391 2761 2574 2832 μόνον,
2611 2761 2746 2814 ἀλλὰ
2784 2764 2877 2816 καὶ
2902 2761 3112 2825 τούτοις
3140 2763 3255 2832 μετ’
3281 2761 3521 2824 ἐκείνους

1942 2842 2013 2895 τὰ
2045 2843 2184 2896 αύτά
2213 2844 2457 2896 νοσοῦσιν
2482 2845 2738 2907 ἐκείνοιςο
2772 2844 2866 2908 οὓς
2895 2845 3064 2916 ἡδέως
3089 2845 3262 2912 ἔγωγε
3284 2843 3349 2897 ἂν
3375 2845 3520 2916 ἐροί-

1949 2943 2078 2997 μην,
2115 2927 2167 2978 τί
2201 2928 2331 2979 ποτέ
2373 2930 2491 2981 ἐστι
2526 2930 2732 2999 πάσχα,
2773 2929 2826 2981 τί
2858 2930 2988 2980 ποτέ
3023 2931 3140 2981 ἐστι
3187 2945 3514 2998 τεσσαρακο⁹

1945 3012 2044 3080 στή
2075 3019 2122 3039 ⁸·
2158 3010 2252 3062 καὶ
2280 3011 2332 3063 τί
2363 3012 2461 3081 μὲν
2493 3011 2552 3064 τὸ
2593 3011 2906 3072 Ἰουδαϊκὸν,
2939 3011 2988 3062 τί
3027 3010 3084 3063 δὲ
3115 3010 3174 3063 τὺ
3217 3011 3516 3082 ἡμέτερον·

1944 3094 2038 3145 καὶ
2076 3093 2220 3156 τίνος
2249 3093 2436 3147 ἐνεκεν
2467 3095 2644 3146 ἐκεῖνο
2677 3093 2774 3164 μὲν
2800 3091 2949 3157 ἅπαξ
2980 3092 3074 3146 τοῦ
3107 3094 3350 3147 ἐνιαυτοῦ
3383 3112 3518 3146 παν-

1943 3177 2033 3240 τὸς
2069 3177 2304 3245 ἐγένετο,
2333 3178 2491 3231 τοῦτο
2510 3179 2566 3232 δὲ
2588 3177 2711 3232 καθ’
2743 3180 2978 3250 ἑκάστην
3008 3179 3242 3232 τελεῖται
3266 3179 3479 3245 σύναξιν
3500 3194 3517 3212 ο

1942 3261 1994 3314 τί
2020 3261 2266 3330 βούλεται
2297 3261 2362 3314 τὰ
2390 3261 2572 3331 ἄζυμα
2589 3279 2601 3290 ·
2639 3263 2735 3314 καὶ
2758 3261 2922 3332 ἕτερα
2950 3261 3128 3330 πολλῷ
3156 3261 3377 3314 πλείονα
3399 3261 3521 3314 τού-

1943 3361 2053 3396 των
2073 3345 2152 3405 είς
2173 3344 2342 3416 αὑτὴν
2371 3344 2577 3414 ταύτην
2599 3342 2955 3397 συντελοῦντα
2985 3342 3082 3412 τὴν
3109 3343 3382 3396 ὑπόθεσιν.
3411 3346 3520 3398 Καὶ

1944 3427 2064 3480 τότε
2097 3426 2163 3480 ἂν
2201 3427 2404 3495 ἔγνωτε
2457 3427 2637 3491 καλῶς
2685 3426 2864 3480 αὑτῶν
2903 3428 3002 3496 τὴν
3028 3427 3256 3499 ἄκαιρον
3287 3427 3519 3496 φιλονει-

1945 3511 2090 3576 κίαν,
2117 3510 2166 3564 οἳ
2205 3509 2340 3581 μηδὲ
2362 3510 2520 3577 λόγον
2561 3511 2690 3578 περὶ
2728 3504 2803 3563 ὧν
2829 3508 3073 3563 ποιοῦσιν
3111 3509 3404 3563 ἀποδοῦναι
3432 3510 3519 3562 δυ-

1945 3595 2186 3665 νάμενοι,
2230 3594 2483 3665 καθάπερ
2509 3595 2536 3633 ³
2568 3595 2823 3648 ἁπάντων
2853 3594 3005 3656 ὅντες
3037 3592 3356 3665 σοφώτεροι,
3395 3593 3519 3648 οὔτε

1948 3678 2077 3748 παρ’
2108 3677 2311 3748 ἐτέρων
2359 3677 2742 3746 μανθάνουσιν,
2775 3680 2913 3748 ὅπερ
2940 3679 3176 3748 ἐσχάτης
3207 3678 3323 3730 ἐστὶ
3354 3696 3520 3733 κατα-

1945 3761 2200 3829 γνώσεως
2235 3762 2372 3830 μήτε
2399 3760 2597 3823 αὐτοὺς
2621 3761 2841 3822 εἰδέναι,
2871 3763 3006 3831 μήτε
3028 3763 3140 3822 τοῖς
3166 3761 3522 3831 ἐπιτεταγμέ⁴

1947 3860 2057 3905 νοις
2089 3842 2338 3908 ἐπεσθαι,
2387 3843 2500 3894 ἀλλ’
2541 3844 2726 3907 ἁπλῶς
2775 3844 2952 3914 ἀλόγῳ
2993 3843 3251 3913 συνηθείᾳ
3280 3846 3350 3896 τὰ
3396 3843 3519 3897 καθ’

1948 3925 2170 3986 ἑαυτοὺς
2197 3925 2610 3996 ἐπιτρέψαντες,
2638 3927 2778 3980 κατά
2813 3925 3100 3996 βαράθρων
3128 3926 3383 3995 φέρονται
3425 3926 3522 3981 καὶ

1948 4025 2054 4080 κρη
2062 4025 2228 4079 μνων.

2016 4182 2085 4244 γ’.
2118 4174 2272 4227 ’Λλλά
2287 4174 2368 4238 τίς
2385 4175 2414 4226 6
2431 4173 2591 4242 σοφὸς
2617 4174 2795 4228 αὑτῶν
2810 4174 2985 4244 λόγος,
3001 4175 3128 4230 ὅταν
3146 4175 3316 4231 ταῦτα
3339 4178 3523 4244 αὑτοῖς

1947 4258 2349 4328 ἀντιλέγωμενς
2395 4257 2604 4327 Ὑμεῖς,
2642 4259 2826 4330 φησιν,
2859 4259 2920 4311 ού
2969 4259 3173 4331 ταύτην
3204 4263 3520 4333 ἐνηστεύετε

1947 4342 2044 4413 τὴν
2078 4341 2333 4412 νηστείαν
2381 4341 2678 4411 πρότερον;
2731 4341 2901 4393 Τοῦτο
2932 4343 2994 4396 οὑ
3042 4343 3132 4395 σόν
3173 4346 3319 4396 ἐστιν
3349 4348 3524 4400 εἰπεῖν

1947 4425 2085 4495 πρός
2115 4441 2206 4494 με,
2236 4423 2348 4477 ἀλλ’
2385 4424 2484 4493 ἐμὲ
2510 4423 2716 4476 δίκαιον
2747 4423 2811 4478 ἂν
2839 4425 2924 4495 εἴη
2959 4425 3094 4496 πρὸς
3128 4427 3184 4479 σὲ
3219 4427 3415 4496 λέγειν,
3441 4429 3524 4483 ὃτι

1947 4511 2041 4562 καὶ
2081 4509 2240 4578 ἡμεῖς
2277 4505 2450 4568 οὕτως
2497 4507 2858 4576 ἐνηστεύομεν
2897 4507 3184 4578 πρότερον,
3231 4509 3344 4563 ἀλλ’
3376 4511 3525 4580 ὅμως

1948 4591 2395 4662 προετιμήσαμεν
2413 4588 2511 4657 τὴν
2537 4589 2852 4658 συμφωνίαν
2871 4588 2969 4658 τῆς
2989 4589 3098 4641 τῶν
3125 4590 3332 4660 χρόνων
3349 4609 3424 4646 πα
3433 4609 3525 4663 ραφ

1947 4673 2249 4743 τηρήσεως.
2291 4671 2399 4723 Καὶ
2426 4672 2562 4740 ὅπερ
2588 4673 2614 4723 6
2648 4669 2858 4733 Παῦλος
2904 4671 3039 4742 πρὸς
3088 4672 3329 4737 Γαλάτας
3373 4673 3523 4748 [609]

1948 4755 2121 4823 ἔλεγε,
2149 4754 2307 4806 τοῦτο
2349 4754 2442 4807 καὶ
2484 4751 2594 4820 ἐγὼ
2623 4753 2750 4822 ὑμῖν
2779 4754 2920 4821 λέγω
2939 4770 2953 4784 ο
2989 4756 3245 4809 Γίνεσθε
3275 4758 3356 4821 ὡς
3385 4758 3522 4826 ἐγὼ,

1947 4839 2037 4892 ὅτι
2073 4836 2234 4906 κάγὼ
2270 4837 2351 4902 ὡς
2385 4836 2573 4904 ὑμεῖς.
2618 4836 2682 4888 Τί
2728 4836 2784 4888 δέ
2829 4836 2984 4890 τοῦτό
3034 4839 3215 4892 ἐστινι
3270 4841 3526 4895 Ἔπειθεν

1947 4922 2142 4984 αὑτοὺς
2175 4920 2478 4990 ἀποστῆναι
2510 4920 2829 4990 περιτομῆς,
2865 4923 3276 4995 καταφρονῆσαι
3313 4923 3536 4977 mssa.

1946 5022 2055 5058 των
2085 5003 2178 5058 καὶ
2202 5002 2426 5074 ἡμερῶν
2457 5003 2552 5056 καὶ
2584 5002 2695 5055 τῶν
2729 5003 2903 5056 ἄλλων
2945 5003 3055 5056 τῶν
3083 5006 3332 5074 νομίμων
3356 5006 3529 5060 ἀπάν-

1946 5105 2073 5141 των.
2111 5083 2264 5149 Εἷτα,
2289 5085 2476 5153 ἐπειδὴ
2502 5085 2806 5149 δεδοικότας
2841 5086 2989 5158 ἐώρα
3017 5089 3112 5140 καὶ
3139 5088 3302 5158 φοὸου
3312 5089 3524 5160 μένους,

1953 5172 2161 5240 μήποτε
2205 5168 2568 5240 παραϋάσεως
2598 5169 2818 5221 κόλασιν
2856 5170 3191 5241 ὑπομείνωσι
3223 5173 3315 5224 καὶ
3352 5189 3528 5243 τιμω-

1951 5256 2095 5324 ρίαν,
2132 5254 2239 5307 ἀπδ
2263 5252 2370 5305 τῶν
2398 5252 2521 5305 καθ’
2545 5253 2733 5304 ἐαυτὸν
2759 5255 3099 5324 πραγμάτων
3122 5257 3201 5318 είς
3223 5256 3283 5306 τὸ
3305 5254 3530 5325 θαρρεῖν

1949 5339 2145 5402 αὑτοὺς
2174 5337 2376 5404 ἐνάγει,
2423 5335 2596 5404 λέγων
2619 5351 2632 5365 ο
2668 5336 2922 5390 Γίνεσθε
2957 5337 3038 5402 ὡς
3069 5335 3204 5405 ἐγὼ,
3237 5334 3325 5389 ὅτι
3367 5335 3529 5405 κάγὼ

1950 5423 2031 5486 ὡς
2057 5420 2245 5491 ὑμεῖς.
2295 5419 2387 5490 Μὴ
2429 5418 2540 5489 γάρ
2570 5418 2628 5485 ἐξ
2678 5417 2846 5472 ἐθνῶν
2871 5415 3068 5490 ﬁmo»);
3116 5419 3278 5489 φησί·
3325 5414 3400 5488 μὴ
3429 5421 3537 5488 γὰρ

2017 5594 2044 5623 ⁸
2077 5593 2248 5643 Μίνωι.
2270 5593 2597 5649 πεντηκοστῆς
2622 5591 2773 5640 Savll.
2800 5590 2979 5638 melius
2997 5590 3380 5648 τισσαραιιοστή.

2018 5655 2047 5695 ι)
2069 5657 2148 5705 Sic
2175 5662 2309 5704 recte
2336 5653 2448 5703 Sav.
2479 5652 2641 5702 Monll'.
2660 5653 2850 5712 καίπερ.
2884 5652 3013 5701 Ευιτ.
