  <div class='ocr_page' id='page_1' title='image "/cluster/home/n/w/nwhite01/storage/ocr_20150623/48/nnc1.0046978267/345.png"; bbox 0 0 3826 6222; ppageno 0'>
   <div class='ocr_carea' id='block_1_1' title="bbox 364 306 469 362">
    <p class='ocr_par' dir='ltr' id='par_1_1' title="bbox 364 306 469 362">
     <span class='ocr_line' id='line_1_1' title="bbox 364 306 469 362; baseline 0 0"><span class='ocrx_word' id='word_1_1' title='bbox 364 306 469 362; x_wconf 80' lang='lat'><strong>865</strong></span> 
     </span>
    </p>
   </div>
   <div class='ocr_carea' id='block_1_2' title="bbox 1032 292 2961 357">
    <p class='ocr_par' dir='ltr' id='par_1_2' title="bbox 1032 292 2961 357">
     <span class='ocr_line' id='line_1_2' title="bbox 1032 292 2961 357; baseline -0.005 0"><span class='ocrx_word' id='word_1_2' title='bbox 1032 300 1089 357; x_wconf 89' lang='lat' dir='ltr'><strong>S.</strong></span> <span class='ocrx_word' id='word_1_3' title='bbox 1128 296 1415 356; x_wconf 65' lang='lat' dir='ltr'><strong>IOANNIS</strong></span> <span class='ocrx_word' id='word_1_4' title='bbox 1450 292 1944 352; x_wconf 72' lang='lat' dir='ltr'><strong>CIIRYSOSTOMI</strong></span> <span class='ocrx_word' id='word_1_5' title='bbox 1983 292 2302 348; x_wconf 67' lang='lat' dir='ltr'><strong>ARCHIEI’.</strong></span> <span class='ocrx_word' id='word_1_6' title='bbox 2337 293 2885 350; x_wconf 57' lang='lat' dir='ltr'><strong>CONSTANTINOR</strong></span> <span class='ocrx_word' id='word_1_7' title='bbox 2954 328 2961 333; x_wconf 92' lang='lat'><strong>-</strong></span> 
     </span>
    </p>
   </div>
   <div class='ocr_carea' id='block_1_3' title="bbox 3524 290 3627 347">
    <p class='ocr_par' dir='ltr' id='par_1_3' title="bbox 3524 290 3627 347">
     <span class='ocr_line' id='line_1_3' title="bbox 3524 290 3627 347; baseline 0.01 -1"><span class='ocrx_word' id='word_1_8' title='bbox 3524 290 3627 347; x_wconf 73' lang='lat'><strong>866</strong></span> 
     </span>
    </p>
   </div>
   <div class='ocr_carea' id='block_1_4' title="bbox 367 387 3632 492">
    <p class='ocr_par' dir='ltr' id='par_1_4' title="bbox 367 387 3632 492">
     <span class='ocr_line' id='line_1_4' title="bbox 367 387 3632 492; baseline -0.007 -18"><span class='ocrx_word' id='word_1_9' title='bbox 367 420 591 490; x_wconf 73' lang='grc' dir='ltr'><strong>ἄπειρος</strong></span> <span class='ocrx_word' id='word_1_10' title='bbox 619 416 767 492; x_wconf 73' lang='grc' dir='ltr'><strong>ἤμην</strong></span> <span class='ocrx_word' id='word_1_11' title='bbox 795 417 897 486; x_wconf 81' lang='grc' dir='ltr'><strong>τῆς</strong></span> <span class='ocrx_word' id='word_1_12' title='bbox 932 387 1161 487; x_wconf 78' lang='grc' dir='ltr'><strong>νομικῆς</strong></span> <span class='ocrx_word' id='word_1_13' title='bbox 1200 411 1494 475; x_wconf 83' lang='grc' dir='ltr'><strong>πολιτείας,</strong></span> <span class='ocrx_word' id='word_1_14' title='bbox 1527 412 1620 464; x_wconf 74' lang='grc' dir='ltr'><strong>καὶ</strong></span> <span class='ocrx_word' id='word_1_15' title='bbox 1642 409 1738 479; x_wconf 71' lang='grc' dir='ltr'><strong>τῆς</strong></span> <span class='ocrx_word' id='word_1_16' title='bbox 1769 425 1942 492; x_wconf 82' lang='grc' dir='ltr'><strong>τιμω-</strong></span> <span class='ocrx_word' id='word_1_17' title='bbox 2044 407 2339 477; x_wconf 66' lang='grc' dir='ltr'><strong>ἐπαληθῇ</strong></span> <span class='ocrx_word' id='word_1_18' title='bbox 2380 409 2448 462; x_wconf 72' lang='grc' dir='ltr'><strong>τὸ</strong></span> <span class='ocrx_word' id='word_1_19' title='bbox 2484 410 2669 479; x_wconf 81' lang='grc' dir='ltr'><strong>ὄνομα</strong></span> <span class='ocrx_word' id='word_1_20' title='bbox 2696 409 2918 464; x_wconf 79' lang='grc' dir='ltr'><strong>αὐτοῦ’</strong></span> <span class='ocrx_word' id='word_1_21' title='bbox 2956 409 3081 479; x_wconf 81' lang='grc' dir='ltr'><strong>περὶ</strong></span> <span class='ocrx_word' id='word_1_22' title='bbox 3122 408 3218 479; x_wconf 70' lang='grc' dir='ltr'><strong>τῆς</strong></span> <span class='ocrx_word' id='word_1_23' title='bbox 3266 407 3632 479; x_wconf 61' lang='grc' dir='ltr'><strong>ἰερουσαὶῂμ</strong></span> 
     </span>
    </p>
   </div>
   <div class='ocr_carea' id='block_1_5' title="bbox 373 491 1944 574">
    <p class='ocr_par' dir='ltr' id='par_1_5' title="bbox 373 491 1944 574">
     <span class='ocr_line' id='line_1_5' title="bbox 373 491 1944 574; baseline -0.007 -20"><span class='ocrx_word' id='word_1_24' title='bbox 373 503 493 574; x_wconf 90' lang='grc' dir='ltr'><strong>ρίας</strong></span> <span class='ocrx_word' id='word_1_25' title='bbox 537 500 639 570; x_wconf 78' lang='grc' dir='ltr'><strong>τῆς</strong></span> <span class='ocrx_word' id='word_1_26' title='bbox 682 500 942 571; x_wconf 78' lang='grc' dir='ltr'><strong>κειμένης</strong></span> <span class='ocrx_word' id='word_1_27' title='bbox 997 501 1108 562; x_wconf 89' lang='grc' dir='ltr'><strong>τοῖς</strong></span> <span class='ocrx_word' id='word_1_28' title='bbox 1156 495 1553 567; x_wconf 81' lang='grc' dir='ltr'><strong>παραϐαίνουσι</strong></span> <span class='ocrx_word' id='word_1_29' title='bbox 1598 492 1691 545; x_wconf 85' lang='grc' dir='ltr'><strong>τὸν</strong></span> <span class='ocrx_word' id='word_1_30' title='bbox 1745 491 1944 574; x_wconf 84' lang='grc' dir='ltr'><strong>νόμον;</strong></span> 
     </span>
    </p>
   </div>
   <div class='ocr_carea' id='block_1_6' title="bbox 383 572 1944 653">
    <p class='ocr_par' dir='ltr' id='par_1_6' title="bbox 383 572 1944 653">
     <span class='ocr_line' id='line_1_6' title="bbox 383 572 1944 653; baseline -0.01 -14"><span class='ocrx_word' id='word_1_31' title='bbox 383 582 649 653; x_wconf 78' lang='grc' dir='ltr'><strong>Ἐϐραῖος</strong></span> <span class='ocrx_word' id='word_1_32' title='bbox 697 582 765 647; x_wconf 85' lang='grc' dir='ltr'><strong>ἐξ</strong></span> <span class='ocrx_word' id='word_1_33' title='bbox 818 583 1116 649; x_wconf 76' lang='grc' dir='ltr'><strong>Ἑϐραίων,</strong></span> <span class='ocrx_word' id='word_1_34' title='bbox 1168 577 1320 632; x_wconf 82' lang='grc' dir='ltr'><strong>κατὰ</strong></span> <span class='ocrx_word' id='word_1_35' title='bbox 1359 578 1547 645; x_wconf 71' lang='grc' dir='ltr'><strong>νόμον</strong></span> <span class='ocrx_word' id='word_1_36' title='bbox 1603 572 1944 642; x_wconf 77' lang='grc' dir='ltr'><strong>Φαρισαῖος,</strong></span> 
     </span>
    </p>
   </div>
   <div class='ocr_carea' id='block_1_7' title="bbox 372 654 1948 733">
    <p class='ocr_par' dir='ltr' id='par_1_7' title="bbox 372 654 1948 733">
     <span class='ocr_line' id='line_1_7' title="bbox 372 654 1948 733; baseline -0.01 -12"><span class='ocrx_word' id='word_1_37' title='bbox 372 667 523 721; x_wconf 80' lang='grc' dir='ltr'><strong>κατὰ</strong></span> <span class='ocrx_word' id='word_1_38' title='bbox 571 664 754 733; x_wconf 74' lang='grc' dir='ltr'><strong>ζῆλον</strong></span> <span class='ocrx_word' id='word_1_39' title='bbox 780 663 1008 717; x_wconf 78' lang='grc' dir='ltr'><em>διώκων</em></span> <span class='ocrx_word' id='word_1_40' title='bbox 1049 662 1165 728; x_wconf 79' lang='grc' dir='ltr'><strong>τὴν</strong></span> <span class='ocrx_word' id='word_1_41' title='bbox 1212 659 1594 726; x_wconf 71' lang='grc' dir='ltr'><strong>Ἐκκλησίαν.</strong></span> <span class='ocrx_word' id='word_1_42' title='bbox 1642 655 1820 711; x_wconf 68' lang='grc' dir='ltr'><strong>Ἀλλά</strong></span> <span class='ocrx_word' id='word_1_43' title='bbox 1852 654 1948 707; x_wconf 83' lang='grc' dir='ltr'><strong>καί</strong></span> 
     </span>
    </p>
   </div>
   <div class='ocr_carea' id='block_1_8' title="bbox 373 739 1950 817">
    <p class='ocr_par' dir='ltr' id='par_1_8' title="bbox 373 739 1950 817">
     <span class='ocr_line' id='line_1_8' title="bbox 373 739 1950 817; baseline -0.01 -12"><span class='ocrx_word' id='word_1_44' title='bbox 373 750 547 805; x_wconf 79' lang='grc' dir='ltr'><strong>ἅτινα</strong></span> <span class='ocrx_word' id='word_1_45' title='bbox 581 743 660 817; x_wconf 82' lang='grc' dir='ltr'><strong>ἦν</strong></span> <span class='ocrx_word' id='word_1_46' title='bbox 689 764 791 816; x_wconf 85' lang='grc' dir='ltr'><strong>μοι</strong></span> <span class='ocrx_word' id='word_1_47' title='bbox 822 745 1022 815; x_wconf 81' lang='grc' dir='ltr'><strong>κέρδη.</strong></span> <span class='ocrx_word' id='word_1_48' title='bbox 1055 745 1243 798; x_wconf 87' lang='grc' dir='ltr'><strong>ταῦτα</strong></span> <span class='ocrx_word' id='word_1_49' title='bbox 1275 743 1497 811; x_wconf 80' lang='grc' dir='ltr'><strong>ἥγημαι</strong></span> <span class='ocrx_word' id='word_1_50' title='bbox 1540 740 1636 794; x_wconf 76' lang='grc' dir='ltr'><strong>διὰ</strong></span> <span class='ocrx_word' id='word_1_51' title='bbox 1674 739 1779 792; x_wconf 86' lang='grc' dir='ltr'><strong>τὸν</strong></span> <span class='ocrx_word' id='word_1_52' title='bbox 1814 740 1950 804; x_wconf 80' lang='grc' dir='ltr'><strong>Χρι-</strong></span> 
     </span>
    </p>
   </div>
   <div class='ocr_carea' id='block_1_9' title="bbox 373 819 1945 898">
    <p class='ocr_par' dir='ltr' id='par_1_9' title="bbox 373 819 1945 898">
     <span class='ocr_line' id='line_1_9' title="bbox 373 819 1945 898; baseline -0.009 -12"><span class='ocrx_word' id='word_1_53' title='bbox 373 831 526 886; x_wconf 84' lang='grc' dir='ltr'><strong>στὸν</strong></span> <span class='ocrx_word' id='word_1_54' title='bbox 561 831 803 898; x_wconf 77' lang='grc' dir='ltr'><strong>ζημίαν·</strong></span> <span class='ocrx_word' id='word_1_55' title='bbox 832 828 1128 893; x_wconf 79' lang='grc' dir='ltr'><strong>τουτέστιν,</strong></span> <span class='ocrx_word' id='word_1_56' title='bbox 1172 827 1438 896; x_wconf 80' lang='grc' dir='ltr'><strong>Ἀπέστην</strong></span> <span class='ocrx_word' id='word_1_57' title='bbox 1464 823 1645 880; x_wconf 76' lang='grc' dir='ltr'><strong>αὐτῶν</strong></span> <span class='ocrx_word' id='word_1_58' title='bbox 1673 819 1945 885; x_wconf 79' lang='grc' dir='ltr'><strong>καθάπαξ.</strong></span> 
     </span>
    </p>
   </div>
   <div class='ocr_carea' id='block_1_10' title="bbox 376 905 1950 981">
    <p class='ocr_par' dir='ltr' id='par_1_10' title="bbox 376 905 1950 981">
     <span class='ocr_line' id='line_1_10' title="bbox 376 905 1950 981; baseline -0.008 -13"><span class='ocrx_word' id='word_1_59' title='bbox 376 913 594 967; x_wconf 77' lang='grc' dir='ltr'><strong>Γίνεσθε</strong></span> <span class='ocrx_word' id='word_1_60' title='bbox 653 909 746 967; x_wconf 79' lang='grc' dir='ltr'><strong>οὖν</strong></span> <span class='ocrx_word' id='word_1_61' title='bbox 794 912 870 977; x_wconf 86' lang='grc' dir='ltr'><strong>ὡς</strong></span> <span class='ocrx_word' id='word_1_62' title='bbox 922 910 1114 980; x_wconf 87' lang='grc' dir='ltr'><strong>κάγώ·</strong></span> <span class='ocrx_word' id='word_1_63' title='bbox 1171 911 1265 963; x_wconf 74' lang='grc' dir='ltr'><strong>καὶ</strong></span> <span class='ocrx_word' id='word_1_64' title='bbox 1311 910 1421 981; x_wconf 83' lang='grc' dir='ltr'><strong>γὰρ</strong></span> <span class='ocrx_word' id='word_1_65' title='bbox 1464 906 1623 978; x_wconf 85' lang='grc' dir='ltr'><strong>κάγὼ</strong></span> <span class='ocrx_word' id='word_1_66' title='bbox 1669 906 1744 970; x_wconf 87' lang='grc' dir='ltr'><strong>ὼς</strong></span> <span class='ocrx_word' id='word_1_67' title='bbox 1794 905 1950 976; x_wconf 81' lang='grc' dir='ltr'>ὑμεῖς</span> 
     </span>
    </p>
   </div>
   <div class='ocr_carea' id='block_1_11' title="bbox 375 998 542 1069">
    <p class='ocr_par' dir='ltr' id='par_1_11' title="bbox 375 998 542 1069">
     <span class='ocr_line' id='line_1_11' title="bbox 375 998 542 1069; baseline -0.006 0"><span class='ocrx_word' id='word_1_68' title='bbox 375 998 542 1069; x_wconf 71' lang='grc' dir='ltr'><strong>ήμην-</strong></span> 
     </span>
    </p>
   </div>
   <div class='ocr_carea' id='block_1_12' title="bbox 447 1116 1952 1195">
    <p class='ocr_par' dir='ltr' id='par_1_12' title="bbox 447 1116 1952 1195">
     <span class='ocr_line' id='line_1_12' title="bbox 447 1116 1952 1195; baseline -0.007 -17"><span class='ocrx_word' id='word_1_69' title='bbox 447 1125 559 1179; x_wconf 73' lang='grc' dir='ltr'><strong>Καὶ</strong></span> <span class='ocrx_word' id='word_1_70' title='bbox 585 1125 638 1178; x_wconf 90' lang='grc' dir='ltr'><strong>τί</strong></span> <span class='ocrx_word' id='word_1_71' title='bbox 668 1124 812 1193; x_wconf 81' lang='grc' dir='ltr'><strong>λέγω</strong></span> <span class='ocrx_word' id='word_1_72' title='bbox 860 1122 988 1195; x_wconf 70' lang='grc' dir='ltr'><strong>περὶ</strong></span> <span class='ocrx_word' id='word_1_73' title='bbox 1033 1119 1306 1192; x_wconf 80' lang='grc' dir='ltr'><strong>ἐμαυτοῦ;</strong></span> <span class='ocrx_word' id='word_1_74' title='bbox 1354 1118 1655 1191; x_wconf 81' lang='grc' dir='ltr'><strong>τριακόσιοι</strong></span> <span class='ocrx_word' id='word_1_75' title='bbox 1695 1116 1952 1185; x_wconf 81' lang='grc' dir='ltr'><strong>πατέρες,</strong></span> 
     </span>
    </p>
   </div>
   <div class='ocr_carea' id='block_1_13' title="bbox 377 1199 1954 1280">
    <p class='ocr_par' dir='ltr' id='par_1_13' title="bbox 377 1199 1954 1280">
     <span class='ocr_line' id='line_1_13' title="bbox 377 1199 1954 1280; baseline -0.008 -17"><span class='ocrx_word' id='word_1_76' title='bbox 377 1209 410 1280; x_wconf 84' lang='grc' dir='ltr'>ἢ</span> <span class='ocrx_word' id='word_1_77' title='bbox 445 1211 539 1262; x_wconf 77' lang='grc' dir='ltr'><strong>καὶ</strong></span> <span class='ocrx_word' id='word_1_78' title='bbox 584 1208 825 1270; x_wconf 89' lang='grc' dir='ltr'><strong>πλείους,</strong></span> <span class='ocrx_word' id='word_1_79' title='bbox 870 1208 949 1268; x_wconf 86' lang='grc' dir='ltr'><strong>είς</strong></span> <span class='ocrx_word' id='word_1_80' title='bbox 980 1205 1081 1277; x_wconf 76' lang='grc' dir='ltr'><strong>τὴν</strong></span> <span class='ocrx_word' id='word_1_81' title='bbox 1114 1203 1355 1258; x_wconf 77' lang='grc' dir='ltr'><strong>Βιθυνῶν</strong></span> <span class='ocrx_word' id='word_1_82' title='bbox 1391 1202 1574 1273; x_wconf 87' lang='grc' dir='ltr'><strong>χώραν</strong></span> <span class='ocrx_word' id='word_1_83' title='bbox 1610 1199 1954 1263; x_wconf 82' lang='grc' dir='ltr'><strong>συνελθόντες</strong></span> 
     </span>
    </p>
   </div>
   <div class='ocr_carea' id='block_1_14' title="bbox 376 1283 1951 1362">
    <p class='ocr_par' dir='ltr' id='par_1_14' title="bbox 376 1283 1951 1362">
     <span class='ocr_line' id='line_1_14' title="bbox 376 1283 1951 1362; baseline -0.006 -18"><span class='ocrx_word' id='word_1_84' title='bbox 376 1290 548 1345; x_wconf 81' lang='grc' dir='ltr'><strong>ταῦτα</strong></span> <span class='ocrx_word' id='word_1_85' title='bbox 568 1291 961 1362; x_wconf 75' lang='grc' dir='ltr'><strong>ἐνομοθέτησαν</strong></span> <span class='ocrx_word' id='word_1_86' title='bbox 979 1306 990 1318; x_wconf 95' lang='grc'><strong>·</strong></span> <span class='ocrx_word' id='word_1_87' title='bbox 1018 1287 1111 1341; x_wconf 78' lang='grc' dir='ltr'><strong>καὶ</strong></span> <span class='ocrx_word' id='word_1_88' title='bbox 1144 1288 1348 1350; x_wconf 79' lang='grc' dir='ltr'><strong>πάντας</strong></span> <span class='ocrx_word' id='word_1_89' title='bbox 1367 1283 1652 1355; x_wconf 74' lang='grc' dir='ltr'><strong>ἀτιμάζεις</strong></span> <span class='ocrx_word' id='word_1_90' title='bbox 1679 1285 1951 1349; x_wconf 75' lang='grc' dir='ltr'><strong>ἐκείνουςς</strong></span> 
     </span>
    </p>
   </div>
   <div class='ocr_carea' id='block_1_15' title="bbox 379 1364 1956 1443">
    <p class='ocr_par' dir='ltr' id='par_1_15' title="bbox 379 1364 1956 1443">
     <span class='ocr_line' id='line_1_15' title="bbox 379 1364 1956 1443; baseline -0.004 -18"><span class='ocrx_word' id='word_1_91' title='bbox 379 1375 535 1426; x_wconf 82' lang='grc' dir='ltr'><strong>Δυοῖν</strong></span> <span class='ocrx_word' id='word_1_92' title='bbox 561 1374 669 1443; x_wconf 85' lang='grc' dir='ltr'><strong>γὰρ</strong></span> <span class='ocrx_word' id='word_1_93' title='bbox 706 1374 957 1441; x_wconf 84' lang='grc' dir='ltr'><strong>θάτερον,</strong></span> <span class='ocrx_word' id='word_1_94' title='bbox 984 1370 1017 1440; x_wconf 82' lang='grc' dir='ltr'>ἢ</span> <span class='ocrx_word' id='word_1_95' title='bbox 1050 1371 1233 1425; x_wconf 80' lang='grc' dir='ltr'><strong>ἄνοιαν</strong></span> <span class='ocrx_word' id='word_1_96' title='bbox 1259 1367 1441 1423; x_wconf 84' lang='grc' dir='ltr'><strong>αὐτῶν</strong></span> <span class='ocrx_word' id='word_1_97' title='bbox 1472 1368 1547 1432; x_wconf 79' lang='grc' dir='ltr'><strong>ὡς</strong></span> <span class='ocrx_word' id='word_1_98' title='bbox 1581 1368 1683 1420; x_wconf 80' lang='grc' dir='ltr'><strong>οὐκ</strong></span> <span class='ocrx_word' id='word_1_99' title='bbox 1713 1364 1956 1438; x_wconf 81' lang='grc' dir='ltr'><strong>ἀκριϐῶς</strong></span> 
     </span>
    </p>
   </div>
   <div class='ocr_carea' id='block_1_16' title="bbox 381 1448 1957 1525">
    <p class='ocr_par' dir='ltr' id='par_1_16' title="bbox 381 1448 1957 1525">
     <span class='ocr_line' id='line_1_16' title="bbox 381 1448 1957 1525; baseline -0.004 -18"><span class='ocrx_word' id='word_1_100' title='bbox 381 1456 601 1509; x_wconf 77' lang='grc' dir='ltr'><strong>εἰδότων</strong></span> <span class='ocrx_word' id='word_1_101' title='bbox 634 1453 1084 1523; x_wconf 81' lang='grc' dir='ltr'><strong>καταγινώσκεις.</strong></span> <span class='ocrx_word' id='word_1_102' title='bbox 1134 1453 1167 1525; x_wconf 80' lang='grc' dir='ltr'><strong>ἢ</strong></span> <span class='ocrx_word' id='word_1_103' title='bbox 1212 1451 1435 1515; x_wconf 84' lang='grc' dir='ltr'><strong>δειλίαν,</strong></span> <span class='ocrx_word' id='word_1_104' title='bbox 1455 1450 1531 1513; x_wconf 86' lang='grc' dir='ltr'><strong>ὼς</strong></span> <span class='ocrx_word' id='word_1_105' title='bbox 1579 1449 1805 1504; x_wconf 79' lang='grc' dir='ltr'><strong>εἰδότων</strong></span> <span class='ocrx_word' id='word_1_106' title='bbox 1837 1448 1957 1518; x_wconf 68' lang='grc' dir='ltr'><strong>μὲν,</strong></span> 
     </span>
    </p>
   </div>
   <div class='ocr_carea' id='block_1_17' title="bbox 382 1532 1958 1611">
    <p class='ocr_par' dir='ltr' id='par_1_17' title="bbox 382 1532 1958 1611">
     <span class='ocr_line' id='line_1_17' title="bbox 382 1532 1958 1611; baseline -0.005 -18"><span class='ocrx_word' id='word_1_107' title='bbox 382 1538 828 1611; x_wconf 82' lang='grc' dir='ltr'><strong>ὑποκριναμένων</strong></span> <span class='ocrx_word' id='word_1_108' title='bbox 892 1537 948 1590; x_wconf 78' lang='grc' dir='ltr'><strong>δὲ</strong></span> <span class='ocrx_word' id='word_1_109' title='bbox 1000 1535 1095 1589; x_wconf 77' lang='grc' dir='ltr'><strong>καὶ</strong></span> <span class='ocrx_word' id='word_1_110' title='bbox 1152 1535 1457 1605; x_wconf 85' lang='grc' dir='ltr'><strong>προδόντων</strong></span> <span class='ocrx_word' id='word_1_111' title='bbox 1511 1533 1609 1604; x_wconf 83' lang='grc' dir='ltr'><strong>τὴν</strong></span> <span class='ocrx_word' id='word_1_112' title='bbox 1675 1532 1958 1603; x_wconf 79' lang='grc' dir='ltr'><strong>ἀλήθειαν.</strong></span> 
     </span>
    </p>
   </div>
   <div class='ocr_carea' id='block_1_18' title="bbox 384 1613 1956 1692">
    <p class='ocr_par' dir='ltr' id='par_1_18' title="bbox 384 1613 1956 1692">
     <span class='ocr_line' id='line_1_18' title="bbox 384 1613 1956 1692; baseline -0.006 -17"><span class='ocrx_word' id='word_1_113' title='bbox 384 1622 552 1675; x_wconf 83' lang='grc' dir='ltr'><strong>Ὅταν</strong></span> <span class='ocrx_word' id='word_1_114' title='bbox 597 1620 704 1692; x_wconf 80' lang='lat'><strong>7&amp;9</strong></span> <span class='ocrx_word' id='word_1_115' title='bbox 746 1620 818 1690; x_wconf 83' lang='grc' dir='ltr'><strong>μὴ</strong></span> <span class='ocrx_word' id='word_1_116' title='bbox 867 1619 1033 1690; x_wconf 76' lang='grc' dir='ltr'><strong>μένῃς</strong></span> <span class='ocrx_word' id='word_1_117' title='bbox 1067 1617 1151 1686; x_wconf 82' lang='grc' dir='ltr'><strong>ἐφ’</strong></span> <span class='ocrx_word' id='word_1_118' title='bbox 1195 1613 1277 1681; x_wconf 72' lang='grc' dir='ltr'><strong>οἷς</strong></span> <span class='ocrx_word' id='word_1_119' title='bbox 1310 1616 1709 1687; x_wconf 70' lang='grc' dir='ltr'><strong>ἐνομοθέτησαν</strong></span> <span class='ocrx_word' id='word_1_120' title='bbox 1738 1615 1956 1676; x_wconf 83' lang='grc' dir='ltr'><strong>ἐκεῖνοι,</strong></span> 
     </span>
    </p>
   </div>
   <div class='ocr_carea' id='block_1_19' title="bbox 380 1696 1963 1768">
    <p class='ocr_par' dir='ltr' id='par_1_19' title="bbox 380 1696 1963 1768">
     <span class='ocr_line' id='line_1_19' title="bbox 380 1696 1963 1768; baseline -0.005 -11"><span class='ocrx_word' id='word_1_121' title='bbox 380 1703 554 1757; x_wconf 81' lang='grc' dir='ltr'><strong>ταῦτα</strong></span> <span class='ocrx_word' id='word_1_122' title='bbox 587 1704 779 1756; x_wconf 85' lang='grc' dir='ltr'><strong>ἐπεται</strong></span> <span class='ocrx_word' id='word_1_123' title='bbox 800 1701 1037 1763; x_wconf 85' lang='grc' dir='ltr'><strong>πάντως.</strong></span> <span class='ocrx_word' id='word_1_124' title='bbox 1070 1701 1189 1753; x_wconf 87' lang='grc' dir='ltr'><strong>Ὅτι</strong></span> <span class='ocrx_word' id='word_1_125' title='bbox 1232 1699 1290 1752; x_wconf 81' lang='grc' dir='ltr'><strong>δὲ</strong></span> <span class='ocrx_word' id='word_1_126' title='bbox 1319 1699 1417 1754; x_wconf 74' lang='grc' dir='ltr'><strong>καὶ</strong></span> <span class='ocrx_word' id='word_1_127' title='bbox 1436 1699 1630 1768; x_wconf 84' lang='grc' dir='ltr'><strong>σοφίαν</strong></span> <span class='ocrx_word' id='word_1_128' title='bbox 1647 1696 1844 1768; x_wconf 77' lang='grc' dir='ltr'><strong>πολλὴν</strong></span> <span class='ocrx_word' id='word_1_129' title='bbox 1867 1696 1963 1750; x_wconf 72' lang='grc' dir='ltr'><strong>καὶ</strong></span> 
     </span>
    </p>
   </div>
   <div class='ocr_carea' id='block_1_20' title="bbox 382 1778 1965 1856">
    <p class='ocr_par' dir='ltr' id='par_1_20' title="bbox 382 1778 1965 1856">
     <span class='ocr_line' id='line_1_20' title="bbox 382 1778 1965 1856; baseline -0.004 -17"><span class='ocrx_word' id='word_1_130' title='bbox 382 1786 635 1856; x_wconf 83' lang='grc' dir='ltr'>ἀνδρείαν</span> <span class='ocrx_word' id='word_1_131' title='bbox 648 1783 988 1850; x_wconf 74' lang='grc' dir='ltr'><strong>ἐπεδείξαντο</strong></span> <span class='ocrx_word' id='word_1_132' title='bbox 1009 1783 1151 1849; x_wconf 78' lang='grc' dir='ltr'><strong>τότε,</strong></span> <span class='ocrx_word' id='word_1_133' title='bbox 1166 1781 1235 1836; x_wconf 83' lang='grc' dir='ltr'><strong>τὰ</strong></span> <span class='ocrx_word' id='word_1_134' title='bbox 1248 1781 1590 1853; x_wconf 75' lang='grc' dir='ltr'><strong>γεγενημένα</strong></span> <span class='ocrx_word' id='word_1_135' title='bbox 1623 1780 1840 1835; x_wconf 80' lang='grc' dir='ltr'><strong>ᾶπαντα</strong></span> <span class='ocrx_word' id='word_1_136' title='bbox 1868 1778 1965 1850; x_wconf 89' lang='grc' dir='ltr'><strong>δη-</strong></span> 
     </span>
    </p>
   </div>
   <div class='ocr_carea' id='block_1_21' title="bbox 383 1864 1965 1940">
    <p class='ocr_par' dir='ltr' id='par_1_21' title="bbox 383 1864 1965 1940">
     <span class='ocr_line' id='line_1_21' title="bbox 383 1864 1965 1940; baseline -0.003 -19"><span class='ocrx_word' id='word_1_137' title='bbox 383 1868 484 1922; x_wconf 87' lang='grc' dir='ltr'><strong>λοῖ.</strong></span> <span class='ocrx_word' id='word_1_138' title='bbox 513 1869 625 1940; x_wconf 84' lang='grc' dir='ltr'><strong>Τὴν</strong></span> <span class='ocrx_word' id='word_1_139' title='bbox 662 1869 761 1938; x_wconf 80' lang='grc' dir='ltr'><strong>μὲν</strong></span> <span class='ocrx_word' id='word_1_140' title='bbox 793 1867 902 1937; x_wconf 88' lang='grc' dir='ltr'><strong>γάρ</strong></span> <span class='ocrx_word' id='word_1_141' title='bbox 917 1865 1109 1935; x_wconf 81' lang='grc' dir='ltr'><strong>σοφίαν</strong></span> <span class='ocrx_word' id='word_1_142' title='bbox 1128 1865 1309 1919; x_wconf 81' lang='grc' dir='ltr'><strong>αὐτῶν</strong></span> <span class='ocrx_word' id='word_1_143' title='bbox 1334 1864 1649 1934; x_wconf 83' lang='grc' dir='ltr'><strong>δείκνυσινή</strong></span> <span class='ocrx_word' id='word_1_144' title='bbox 1668 1864 1792 1917; x_wconf 86' lang='grc' dir='ltr'><strong>τότε</strong></span> <span class='ocrx_word' id='word_1_145' title='bbox 1811 1864 1965 1917; x_wconf 78' lang='grc' dir='ltr'><strong>ἐκτε-</strong></span> 
     </span>
    </p>
   </div>
   <div class='ocr_carea' id='block_1_22' title="bbox 384 1944 1965 2019">
    <p class='ocr_par' dir='ltr' id='par_1_22' title="bbox 384 1944 1965 2019">
     <span class='ocr_line' id='line_1_22' title="bbox 384 1944 1965 2019; baseline -0.003 -15"><span class='ocrx_word' id='word_1_146' title='bbox 384 1951 538 2004; x_wconf 82' lang='grc' dir='ltr'><strong>θεῖσα</strong></span> <span class='ocrx_word' id='word_1_147' title='bbox 565 1951 769 2014; x_wconf 83' lang='grc' dir='ltr'><strong>πίστις,</strong></span> <span class='ocrx_word' id='word_1_148' title='bbox 803 1950 896 2003; x_wconf 75' lang='grc' dir='ltr'><strong>καὶ</strong></span> <span class='ocrx_word' id='word_1_149' title='bbox 919 1950 990 2003; x_wconf 86' lang='grc' dir='ltr'><strong>τά</strong></span> <span class='ocrx_word' id='word_1_150' title='bbox 1012 1949 1122 2001; x_wconf 85' lang='grc' dir='ltr'><strong>τῶν</strong></span> <span class='ocrx_word' id='word_1_151' title='bbox 1154 1946 1447 2019; x_wconf 84' lang='grc' dir='ltr'><strong>αίρετικῶν</strong></span> <span class='ocrx_word' id='word_1_152' title='bbox 1474 1945 1805 2017; x_wconf 76' lang='grc' dir='ltr'><strong>ἐμφράξασα</strong></span> <span class='ocrx_word' id='word_1_153' title='bbox 1844 1944 1965 1999; x_wconf 84' lang='grc' dir='ltr'><strong>στό-</strong></span> 
     </span>
    </p>
   </div>
   <div class='ocr_carea' id='block_1_23' title="bbox 388 2029 1968 2107">
    <p class='ocr_par' dir='ltr' id='par_1_23' title="bbox 388 2029 1968 2107">
     <span class='ocr_line' id='line_1_23' title="bbox 388 2029 1968 2107; baseline -0.004 -18"><span class='ocrx_word' id='word_1_154' title='bbox 388 2051 553 2107; x_wconf 90' lang='grc' dir='ltr'><strong>ματα,</strong></span> <span class='ocrx_word' id='word_1_155' title='bbox 587 2036 681 2088; x_wconf 71' lang='grc' dir='ltr'><strong>καὶ</strong></span> <span class='ocrx_word' id='word_1_156' title='bbox 726 2034 976 2104; x_wconf 85' lang='grc' dir='ltr'><strong>καθάπερ</strong></span> <span class='ocrx_word' id='word_1_157' title='bbox 1015 2036 1194 2103; x_wconf 84' lang='grc' dir='ltr'><strong>τεῖχος</strong></span> <span class='ocrx_word' id='word_1_158' title='bbox 1230 2032 1472 2105; x_wconf 79' lang='grc' dir='ltr'><strong>ἀρῤαγές</strong></span> <span class='ocrx_word' id='word_1_159' title='bbox 1518 2029 1618 2093; x_wconf 85' lang='grc' dir='ltr'><strong>τάς</strong></span> <span class='ocrx_word' id='word_1_160' title='bbox 1672 2029 1968 2092; x_wconf 76' lang='grc' dir='ltr'><strong>ἐπιϐουλὰς</strong></span> 
     </span>
    </p>
   </div>
   <div class='ocr_carea' id='block_1_24' title="bbox 383 2114 1968 2188">
    <p class='ocr_par' dir='ltr' id='par_1_24' title="bbox 383 2114 1968 2188">
     <span class='ocr_line' id='line_1_24' title="bbox 383 2114 1968 2188; baseline -0.003 -16"><span class='ocrx_word' id='word_1_161' title='bbox 383 2117 564 2172; x_wconf 80' lang='grc' dir='ltr'><strong>αὐτῶν</strong></span> <span class='ocrx_word' id='word_1_162' title='bbox 611 2117 1071 2188; x_wconf 87' lang='grc' dir='ltr'><strong>ἀποκρουσαμένη</strong></span> <span class='ocrx_word' id='word_1_163' title='bbox 1126 2117 1339 2181; x_wconf 78' lang='grc' dir='ltr'><strong>πάσαςο</strong></span> <span class='ocrx_word' id='word_1_164' title='bbox 1392 2116 1493 2186; x_wconf 83' lang='grc' dir='ltr'><strong>τὴν</strong></span> <span class='ocrx_word' id='word_1_165' title='bbox 1534 2115 1592 2169; x_wconf 75' lang='grc' dir='ltr'><strong>δέ</strong></span> <span class='ocrx_word' id='word_1_166' title='bbox 1639 2114 1892 2186; x_wconf 79' lang='grc' dir='ltr'><strong>ἀνδρείαν</strong></span> <span class='ocrx_word' id='word_1_167' title='bbox 1937 2114 1968 2167; x_wconf 97' lang='lat'><strong>6</strong></span> 
     </span>
    </p>
   </div>
   <div class='ocr_carea' id='block_1_25' title="bbox 385 2197 1970 2273">
    <p class='ocr_par' dir='ltr' id='par_1_25' title="bbox 385 2197 1970 2273">
     <span class='ocr_line' id='line_1_25' title="bbox 385 2197 1970 2273; baseline -0.001 -20"><span class='ocrx_word' id='word_1_168' title='bbox 385 2201 714 2271; x_wconf 81' lang='grc' dir='ltr'><strong>προσφάτως</strong></span> <span class='ocrx_word' id='word_1_169' title='bbox 744 2199 1093 2271; x_wconf 77' lang='grc' dir='ltr'><strong>παυσάμενος</strong></span> <span class='ocrx_word' id='word_1_170' title='bbox 1118 2201 1378 2273; x_wconf 81' lang='grc' dir='ltr'><strong>διωγμὸς,</strong></span> <span class='ocrx_word' id='word_1_171' title='bbox 1406 2200 1501 2255; x_wconf 74' lang='grc' dir='ltr'><strong>καὶ</strong></span> <span class='ocrx_word' id='word_1_172' title='bbox 1528 2201 1558 2253; x_wconf 89' lang='grc' dir='ltr'><strong>ό</strong></span> <span class='ocrx_word' id='word_1_173' title='bbox 1588 2198 1698 2253; x_wconf 87' lang='grc' dir='ltr'><strong>τῶν</strong></span> <span class='ocrx_word' id='word_1_174' title='bbox 1742 2197 1970 2271; x_wconf 87' lang='grc' dir='ltr'><strong>Ἐκκλη-</strong></span> 
     </span>
    </p>
   </div>
   <div class='ocr_carea' id='block_1_26' title="bbox 388 2282 814 2353">
    <p class='ocr_par' dir='ltr' id='par_1_26' title="bbox 388 2282 814 2353">
     <span class='ocr_line' id='line_1_26' title="bbox 388 2282 814 2353; baseline 0.002 -17"><span class='ocrx_word' id='word_1_175' title='bbox 388 2282 521 2336; x_wconf 80' lang='grc' dir='ltr'><strong>σιῶν</strong></span> <span class='ocrx_word' id='word_1_176' title='bbox 556 2282 814 2353; x_wconf 88' lang='grc' dir='ltr'><strong>πόλεμος.</strong></span> 
     </span>
    </p>
   </div>
   <div class='ocr_carea' id='block_1_27' title="bbox 458 2391 1968 2465">
    <p class='ocr_par' dir='ltr' id='par_1_27' title="bbox 458 2391 1968 2465">
     <span class='ocr_line' id='line_1_27' title="bbox 458 2391 1968 2465; baseline -0.003 -18"><span class='ocrx_word' id='word_1_177' title='bbox 458 2391 727 2465; x_wconf 81' lang='grc' dir='ltr'><strong>Καθάπερ</strong></span> <span class='ocrx_word' id='word_1_178' title='bbox 788 2391 898 2463; x_wconf 84' lang='lat'><strong>7&amp;9</strong></span> <span class='ocrx_word' id='word_1_179' title='bbox 948 2391 1191 2463; x_wconf 80' lang='grc' dir='ltr'><strong>ἀριστεῖς</strong></span> <span class='ocrx_word' id='word_1_180' title='bbox 1239 2407 1386 2455; x_wconf 89' lang='grc' dir='ltr'><strong>τινες</strong></span> <span class='ocrx_word' id='word_1_181' title='bbox 1446 2391 1616 2463; x_wconf 89' lang='grc' dir='ltr'><strong>μυρία</strong></span> <span class='ocrx_word' id='word_1_182' title='bbox 1669 2391 1968 2463; x_wconf 81' lang='grc' dir='ltr'><strong>στήσαντες</strong></span> 
     </span>
    </p>
   </div>
   <div class='ocr_carea' id='block_1_28' title="bbox 387 2472 1970 2547">
    <p class='ocr_par' dir='ltr' id='par_1_28' title="bbox 387 2472 1970 2547">
     <span class='ocr_line' id='line_1_28' title="bbox 387 2472 1970 2547; baseline -0.003 -19"><span class='ocrx_word' id='word_1_183' title='bbox 387 2475 648 2547; x_wconf 86' lang='grc' dir='ltr'><strong>τρόπαια,</strong></span> <span class='ocrx_word' id='word_1_184' title='bbox 680 2476 775 2529; x_wconf 73' lang='grc' dir='ltr'><strong>καὶ</strong></span> <span class='ocrx_word' id='word_1_185' title='bbox 803 2473 973 2528; x_wconf 89' lang='grc' dir='ltr'><strong>πολλά</strong></span> <span class='ocrx_word' id='word_1_186' title='bbox 1001 2474 1285 2546; x_wconf 82' lang='grc' dir='ltr'><strong>δεξάμενοι</strong></span> <span class='ocrx_word' id='word_1_187' title='bbox 1316 2473 1629 2547; x_wconf 89' lang='grc' dir='ltr'><strong>τραύματα,</strong></span> <span class='ocrx_word' id='word_1_188' title='bbox 1657 2472 1803 2527; x_wconf 77' lang='grc' dir='ltr'><strong>οὕτω</strong></span> <span class='ocrx_word' id='word_1_189' title='bbox 1834 2489 1970 2525; x_wconf 89' lang='grc' dir='ltr'><strong>παν-</strong></span> 
     </span>
    </p>
   </div>
   <div class='ocr_carea' id='block_1_29' title="bbox 388 2556 1972 2629">
    <p class='ocr_par' dir='ltr' id='par_1_29' title="bbox 388 2556 1972 2629">
     <span class='ocr_line' id='line_1_29' title="bbox 388 2556 1972 2629; baseline -0.002 -18"><span class='ocrx_word' id='word_1_190' title='bbox 388 2558 618 2629; x_wconf 85' lang='grc' dir='ltr'><strong>ταχόθεν</strong></span> <span class='ocrx_word' id='word_1_191' title='bbox 662 2556 974 2629; x_wconf 74' lang='grc' dir='ltr'><strong>ἐπανῄεσαν</strong></span> <span class='ocrx_word' id='word_1_192' title='bbox 1020 2558 1143 2611; x_wconf 87' lang='grc' dir='ltr'><strong>τότε</strong></span> <span class='ocrx_word' id='word_1_193' title='bbox 1184 2557 1293 2611; x_wconf 87' lang='grc' dir='ltr'><strong>τῶν</strong></span> <span class='ocrx_word' id='word_1_194' title='bbox 1360 2556 1697 2629; x_wconf 74' lang='grc' dir='ltr'><strong>Ἐκκλησιῶν</strong></span> <span class='ocrx_word' id='word_1_195' title='bbox 1741 2557 1792 2609; x_wconf 91' lang='grc' dir='ltr'><strong>οί</strong></span> <span class='ocrx_word' id='word_1_196' title='bbox 1841 2573 1972 2626; x_wconf 84' lang='grc' dir='ltr'><strong>προ-</strong></span> 
     </span>
    </p>
   </div>
   <div class='ocr_carea' id='block_1_30' title="bbox 392 2639 1972 2712">
    <p class='ocr_par' dir='ltr' id='par_1_30' title="bbox 392 2639 1972 2712">
     <span class='ocr_line' id='line_1_30' title="bbox 392 2639 1972 2712; baseline -0.001 -18"><span class='ocrx_word' id='word_1_197' title='bbox 392 2641 582 2695; x_wconf 86' lang='grc' dir='ltr'><strong>στάται</strong></span> <span class='ocrx_word' id='word_1_198' title='bbox 615 2640 682 2695; x_wconf 82' lang='grc' dir='ltr'><strong>τά</strong></span> <span class='ocrx_word' id='word_1_199' title='bbox 713 2641 984 2711; x_wconf 78' lang='grc' dir='ltr'><strong>στίγματα</strong></span> <span class='ocrx_word' id='word_1_200' title='bbox 1033 2639 1129 2693; x_wconf 80' lang='grc' dir='ltr'><strong>τοῦ</strong></span> <span class='ocrx_word' id='word_1_201' title='bbox 1176 2639 1413 2712; x_wconf 79' lang='grc' dir='ltr'><strong>Χριστοῦ</strong></span> <span class='ocrx_word' id='word_1_202' title='bbox 1465 2640 1847 2711; x_wconf 75' lang='grc' dir='ltr'><strong>βαστάζοντες,</strong></span> <span class='ocrx_word' id='word_1_203' title='bbox 1878 2639 1972 2693; x_wconf 75' lang='grc' dir='ltr'><strong>καὶ</strong></span> 
     </span>
    </p>
   </div>
   <div class='ocr_carea' id='block_1_31' title="bbox 391 2722 1971 2795">
    <p class='ocr_par' dir='ltr' id='par_1_31' title="bbox 391 2722 1971 2795">
     <span class='ocr_line' id='line_1_31' title="bbox 391 2722 1971 2795; baseline -0.001 -18"><span class='ocrx_word' id='word_1_204' title='bbox 391 2724 592 2788; x_wconf 82' lang='grc' dir='ltr'><strong>πολλὰς</strong></span> <span class='ocrx_word' id='word_1_205' title='bbox 631 2723 845 2795; x_wconf 68' lang='grc' dir='ltr'><strong>ἔχοντες</strong></span> <span class='ocrx_word' id='word_1_206' title='bbox 882 2723 1134 2795; x_wconf 80' lang='grc' dir='ltr'><strong>ἀριθμεῖν</strong></span> <span class='ocrx_word' id='word_1_207' title='bbox 1165 2722 1456 2793; x_wconf 87' lang='grc' dir='ltr'><strong>τιμωρίας,</strong></span> <span class='ocrx_word' id='word_1_208' title='bbox 1485 2722 1552 2786; x_wconf 81' lang='grc' dir='ltr'><strong>ἀς</strong></span> <span class='ocrx_word' id='word_1_209' title='bbox 1584 2723 1671 2776; x_wconf 81' lang='grc' dir='ltr'><strong>διά</strong></span> <span class='ocrx_word' id='word_1_210' title='bbox 1715 2723 1814 2793; x_wconf 80' lang='grc' dir='ltr'><strong>τὴν</strong></span> <span class='ocrx_word' id='word_1_211' title='bbox 1841 2725 1971 2793; x_wconf 85' lang='grc' dir='ltr'><strong>δμο-</strong></span> 
     </span>
    </p>
   </div>
   <div class='ocr_carea' id='block_1_32' title="bbox 390 2802 1970 2878">
    <p class='ocr_par' dir='ltr' id='par_1_32' title="bbox 390 2802 1970 2878">
     <span class='ocr_line' id='line_1_32' title="bbox 390 2802 1970 2878; baseline 0 -18"><span class='ocrx_word' id='word_1_212' title='bbox 390 2806 578 2875; x_wconf 83' lang='grc' dir='ltr'><strong>λογίαν</strong></span> <span class='ocrx_word' id='word_1_213' title='bbox 606 2807 926 2878; x_wconf 79' lang='grc' dir='ltr'><strong>ύπέμειναν.</strong></span> <span class='ocrx_word' id='word_1_214' title='bbox 972 2807 1036 2858; x_wconf 73' lang='lat' dir='ltr'><strong>Ol</strong></span> <span class='ocrx_word' id='word_1_215' title='bbox 1069 2806 1166 2877; x_wconf 81' lang='grc' dir='ltr'><strong>μὲν</strong></span> <span class='ocrx_word' id='word_1_216' title='bbox 1192 2806 1302 2877; x_wconf 75' lang='grc' dir='ltr'><strong>γάρ</strong></span> <span class='ocrx_word' id='word_1_217' title='bbox 1348 2802 1493 2875; x_wconf 79' lang='grc' dir='ltr'><strong>εἶχον</strong></span> <span class='ocrx_word' id='word_1_218' title='bbox 1528 2807 1701 2859; x_wconf 81' lang='grc' dir='ltr'><strong>εἰπεῖν</strong></span> <span class='ocrx_word' id='word_1_219' title='bbox 1733 2806 1970 2875; x_wconf 84' lang='grc' dir='ltr'><strong>μέταλλα</strong></span> 
     </span>
    </p>
   </div>
   <div class='ocr_carea' id='block_1_33' title="bbox 392 2889 1969 2963">
    <p class='ocr_par' dir='ltr' id='par_1_33' title="bbox 392 2889 1969 2963">
     <span class='ocr_line' id='line_1_33' title="bbox 392 2889 1969 2963; baseline 0.001 -21"><span class='ocrx_word' id='word_1_220' title='bbox 392 2890 488 2942; x_wconf 74' lang='grc' dir='ltr'><strong>καὶ</strong></span> <span class='ocrx_word' id='word_1_221' title='bbox 518 2889 617 2963; x_wconf 81' lang='grc' dir='ltr'><strong>τὴν</strong></span> <span class='ocrx_word' id='word_1_222' title='bbox 649 2891 706 2942; x_wconf 86' lang='grc' dir='ltr'><strong>ἐν</strong></span> <span class='ocrx_word' id='word_1_223' title='bbox 734 2890 917 2953; x_wconf 81' lang='grc' dir='ltr'><strong>αὐτοῖς</strong></span> <span class='ocrx_word' id='word_1_224' title='bbox 949 2889 1345 2959; x_wconf 88' lang='grc' dir='ltr'><strong>ταλαιπωρίαν,</strong></span> <span class='ocrx_word' id='word_1_225' title='bbox 1373 2891 1422 2942; x_wconf 70' lang='lat' dir='ltr'><strong>ot</strong></span> <span class='ocrx_word' id='word_1_226' title='bbox 1454 2889 1511 2941; x_wconf 83' lang='grc' dir='ltr'><strong>δὲ</strong></span> <span class='ocrx_word' id='word_1_227' title='bbox 1534 2889 1829 2960; x_wconf 78' lang='grc' dir='ltr'><strong>δημεύσεις</strong></span> <span class='ocrx_word' id='word_1_228' title='bbox 1861 2889 1969 2943; x_wconf 87' lang='grc' dir='ltr'><strong>τῶν</strong></span> 
     </span>
    </p>
   </div>
   <div class='ocr_carea' id='block_1_34' title="bbox 391 2970 1968 3043">
    <p class='ocr_par' dir='ltr' id='par_1_34' title="bbox 391 2970 1968 3043">
     <span class='ocr_line' id='line_1_34' title="bbox 391 2970 1968 3043; baseline -0.002 -17"><span class='ocrx_word' id='word_1_229' title='bbox 391 2971 560 3026; x_wconf 71' lang='grc' dir='ltr'><strong>ὄντων</strong></span> <span class='ocrx_word' id='word_1_230' title='bbox 580 2972 856 3037; x_wconf 85' lang='grc' dir='ltr'><strong>ἀπάντων,</strong></span> <span class='ocrx_word' id='word_1_231' title='bbox 892 2973 940 3025; x_wconf 90' lang='grc' dir='ltr'><strong>οί</strong></span> <span class='ocrx_word' id='word_1_232' title='bbox 968 2971 1024 3025; x_wconf 85' lang='grc' dir='ltr'><strong>δὲ</strong></span> <span class='ocrx_word' id='word_1_233' title='bbox 1043 2971 1257 3043; x_wconf 79' lang='grc' dir='ltr'><strong>λιμοὺς,</strong></span> <span class='ocrx_word' id='word_1_234' title='bbox 1288 2974 1338 3025; x_wconf 89' lang='grc' dir='ltr'><strong>οί</strong></span> <span class='ocrx_word' id='word_1_235' title='bbox 1368 2970 1424 3025; x_wconf 78' lang='grc' dir='ltr'><strong>δὲ</strong></span> <span class='ocrx_word' id='word_1_236' title='bbox 1449 2971 1663 3041; x_wconf 82' lang='grc' dir='ltr'><strong>πληγάς</strong></span> <span class='ocrx_word' id='word_1_237' title='bbox 1691 2974 1934 3042; x_wconf 85' lang='grc' dir='ltr'><strong>συνεχεῖς</strong></span> <span class='ocrx_word' id='word_1_238' title='bbox 1951 2989 1968 3007; x_wconf 79' lang='grc' dir='ltr'><strong>ο</strong></span> 
     </span>
    </p>
   </div>
   <div class='ocr_carea' id='block_1_35' title="bbox 394 3054 1970 3128">
    <p class='ocr_par' dir='ltr' id='par_1_35' title="bbox 394 3054 1970 3128">
     <span class='ocr_line' id='line_1_35' title="bbox 394 3054 1970 3128; baseline -0.001 -17"><span class='ocrx_word' id='word_1_239' title='bbox 394 3058 487 3111; x_wconf 78' lang='grc' dir='ltr'><strong>καὶ</strong></span> <span class='ocrx_word' id='word_1_240' title='bbox 519 3057 571 3109; x_wconf 87' lang='grc' dir='ltr'><strong>οί</strong></span> <span class='ocrx_word' id='word_1_241' title='bbox 601 3058 699 3128; x_wconf 80' lang='grc' dir='ltr'><strong>μὲν</strong></span> <span class='ocrx_word' id='word_1_242' title='bbox 724 3056 822 3120; x_wconf 81' lang='grc' dir='ltr'><strong>τὰς</strong></span> <span class='ocrx_word' id='word_1_243' title='bbox 853 3055 1094 3126; x_wconf 83' lang='grc' dir='ltr'><strong>πλευράς</strong></span> <span class='ocrx_word' id='word_1_244' title='bbox 1122 3055 1539 3126; x_wconf 77' lang='grc' dir='ltr'><strong>κατεξεσμένας.</strong></span> <span class='ocrx_word' id='word_1_245' title='bbox 1566 3057 1614 3108; x_wconf 90' lang='grc' dir='ltr'><strong>οἱ</strong></span> <span class='ocrx_word' id='word_1_246' title='bbox 1646 3054 1703 3108; x_wconf 86' lang='grc' dir='ltr'><strong>δὲ</strong></span> <span class='ocrx_word' id='word_1_247' title='bbox 1729 3055 1797 3109; x_wconf 90' lang='grc' dir='ltr'><strong>τά</strong></span> <span class='ocrx_word' id='word_1_248' title='bbox 1826 3054 1970 3109; x_wconf 85' lang='grc' dir='ltr'><strong>νῶτα</strong></span> 
     </span>
    </p>
   </div>
   <div class='ocr_carea' id='block_1_36' title="bbox 395 3138 1970 3212">
    <p class='ocr_par' dir='ltr' id='par_1_36' title="bbox 395 3138 1970 3212">
     <span class='ocr_line' id='line_1_36' title="bbox 395 3138 1970 3212; baseline -0.001 -19"><span class='ocrx_word' id='word_1_249' title='bbox 395 3139 766 3212; x_wconf 76' lang='grc' dir='ltr'><strong>συντριϐέντα,</strong></span> <span class='ocrx_word' id='word_1_250' title='bbox 813 3140 861 3192; x_wconf 85' lang='grc' dir='ltr'><strong>οἱ</strong></span> <span class='ocrx_word' id='word_1_251' title='bbox 904 3138 962 3192; x_wconf 86' lang='grc' dir='ltr'><strong>δέ</strong></span> <span class='ocrx_word' id='word_1_252' title='bbox 1002 3139 1127 3203; x_wconf 84' lang='grc' dir='ltr'><strong>τοὺς</strong></span> <span class='ocrx_word' id='word_1_253' title='bbox 1159 3138 1469 3208; x_wconf 78' lang='grc' dir='ltr'><strong>ὀφθαλμοὺς</strong></span> <span class='ocrx_word' id='word_1_254' title='bbox 1510 3138 1891 3209; x_wconf 80' lang='grc' dir='ltr'><strong>ἐξορυγέντας,</strong></span> <span class='ocrx_word' id='word_1_255' title='bbox 1922 3139 1970 3192; x_wconf 87' lang='grc' dir='ltr'><strong>οί</strong></span> 
     </span>
    </p>
   </div>
   <div class='ocr_carea' id='block_1_37' title="bbox 391 3219 1973 3293">
    <p class='ocr_par' dir='ltr' id='par_1_37' title="bbox 391 3219 1973 3293">
     <span class='ocr_line' id='line_1_37' title="bbox 391 3219 1973 3293; baseline -0.003 -15"><span class='ocrx_word' id='word_1_256' title='bbox 391 3222 451 3277; x_wconf 74' lang='grc' dir='ltr'><strong>δὲ</strong></span> <span class='ocrx_word' id='word_1_257' title='bbox 480 3222 608 3278; x_wconf 88' lang='grc' dir='ltr'><strong>ἀλλο</strong></span> <span class='ocrx_word' id='word_1_258' title='bbox 633 3239 688 3275; x_wconf 91' lang='grc' dir='ltr'><strong>τι</strong></span> <span class='ocrx_word' id='word_1_259' title='bbox 716 3221 811 3275; x_wconf 81' lang='grc' dir='ltr'><strong>τοῦ</strong></span> <span class='ocrx_word' id='word_1_260' title='bbox 838 3219 1089 3291; x_wconf 86' lang='grc' dir='ltr'><strong>σώματος</strong></span> <span class='ocrx_word' id='word_1_261' title='bbox 1124 3221 1289 3291; x_wconf 81' lang='grc' dir='ltr'><strong>μέρος</strong></span> <span class='ocrx_word' id='word_1_262' title='bbox 1311 3222 1702 3293; x_wconf 83' lang='grc' dir='ltr'><strong>ἀφῃρημένους</strong></span> <span class='ocrx_word' id='word_1_263' title='bbox 1744 3221 1973 3285; x_wconf 77' lang='grc' dir='ltr'><strong>ἑαυτοὺς</strong></span> 
     </span>
    </p>
   </div>
   <div class='ocr_carea' id='block_1_38' title="bbox 392 3301 1973 3375">
    <p class='ocr_par' dir='ltr' id='par_1_38' title="bbox 392 3301 1973 3375">
     <span class='ocr_line' id='line_1_38' title="bbox 392 3301 1973 3375; baseline -0.001 -16"><span class='ocrx_word' id='word_1_264' title='bbox 392 3304 480 3359; x_wconf 71' lang='grc' dir='ltr'><strong>διὰ</strong></span> <span class='ocrx_word' id='word_1_265' title='bbox 521 3306 612 3359; x_wconf 89' lang='grc' dir='ltr'><strong>τὸν</strong></span> <span class='ocrx_word' id='word_1_266' title='bbox 654 3305 888 3375; x_wconf 81' lang='grc' dir='ltr'><strong>Χριστὸν</strong></span> <span class='ocrx_word' id='word_1_267' title='bbox 928 3304 1338 3357; x_wconf 78' lang='grc' dir='ltr'><strong>ἐπιδείκνυσθαι</strong></span> <span class='ocrx_word' id='word_1_268' title='bbox 1371 3301 1537 3374; x_wconf 79' lang='grc' dir='ltr'><strong>εἶχον.</strong></span> <span class='ocrx_word' id='word_1_269' title='bbox 1573 3304 1684 3358; x_wconf 73' lang='grc' dir='ltr'><strong>Καὶ</strong></span> <span class='ocrx_word' id='word_1_270' title='bbox 1724 3303 1833 3358; x_wconf 82' lang='grc' dir='ltr'><strong>ἀπὸ</strong></span> <span class='ocrx_word' id='word_1_271' title='bbox 1862 3305 1973 3359; x_wconf 83' lang='grc' dir='ltr'><strong>τῶν</strong></span> 
     </span>
    </p>
   </div>
   <div class='ocr_carea' id='block_1_39' title="bbox 392 3386 1969 3459">
    <p class='ocr_par' dir='ltr' id='par_1_39' title="bbox 392 3386 1969 3459">
     <span class='ocr_line' id='line_1_39' title="bbox 392 3386 1969 3459; baseline -0.001 -18"><span class='ocrx_word' id='word_1_272' title='bbox 392 3387 641 3459; x_wconf 82' lang='grc' dir='ltr'><strong>ἀθλητῶν</strong></span> <span class='ocrx_word' id='word_1_273' title='bbox 657 3388 913 3457; x_wconf 86' lang='grc' dir='ltr'><strong>τούτωνή</strong></span> <span class='ocrx_word' id='word_1_274' title='bbox 944 3386 1158 3449; x_wconf 82' lang='grc' dir='ltr'><strong>σύνοδος</strong></span> <span class='ocrx_word' id='word_1_275' title='bbox 1185 3386 1371 3439; x_wconf 83' lang='grc' dir='ltr'><strong>ἀπασα</strong></span> <span class='ocrx_word' id='word_1_276' title='bbox 1392 3386 1800 3457; x_wconf 87' lang='grc' dir='ltr'><strong>συγκεκρότητο</strong></span> <span class='ocrx_word' id='word_1_277' title='bbox 1826 3387 1969 3451; x_wconf 86' lang='grc' dir='ltr'><strong>τότε,</strong></span> 
     </span>
    </p>
   </div>
   <div class='ocr_carea' id='block_1_40' title="bbox 395 3466 1972 3541">
    <p class='ocr_par' dir='ltr' id='par_1_40' title="bbox 395 3466 1972 3541">
     <span class='ocr_line' id='line_1_40' title="bbox 395 3466 1972 3541; baseline -0.002 -16"><span class='ocrx_word' id='word_1_278' title='bbox 395 3471 491 3525; x_wconf 72' lang='grc' dir='ltr'><strong>καὶ</strong></span> <span class='ocrx_word' id='word_1_279' title='bbox 525 3470 663 3541; x_wconf 90' lang='grc' dir='ltr'><strong>μετά</strong></span> <span class='ocrx_word' id='word_1_280' title='bbox 688 3471 786 3537; x_wconf 83' lang='grc' dir='ltr'><strong>τῆς</strong></span> <span class='ocrx_word' id='word_1_281' title='bbox 818 3469 1054 3531; x_wconf 88' lang='grc' dir='ltr'><strong>πίστεως</strong></span> <span class='ocrx_word' id='word_1_282' title='bbox 1086 3469 1179 3521; x_wconf 80' lang='grc' dir='ltr'><strong>καὶ</strong></span> <span class='ocrx_word' id='word_1_283' title='bbox 1209 3467 1367 3521; x_wconf 82' lang='grc' dir='ltr'><strong>τοῦτο</strong></span> <span class='ocrx_word' id='word_1_284' title='bbox 1392 3466 1809 3538; x_wconf 74' lang='grc' dir='ltr'><strong>ἐνομοθέτησαν,</strong></span> <span class='ocrx_word' id='word_1_285' title='bbox 1832 3469 1972 3522; x_wconf 82' lang='grc' dir='ltr'><strong>ὥστε</strong></span> 
     </span>
    </p>
   </div>
   <div class='ocr_carea' id='block_1_41' title="bbox 396 3550 1969 3624">
    <p class='ocr_par' dir='ltr' id='par_1_41' title="bbox 396 3550 1969 3624">
     <span class='ocr_line' id='line_1_41' title="bbox 396 3550 1969 3624; baseline -0.001 -17"><span class='ocrx_word' id='word_1_286' title='bbox 396 3556 550 3624; x_wconf 79' lang='grc' dir='ltr'><strong>κοινῇ</strong></span> <span class='ocrx_word' id='word_1_287' title='bbox 600 3553 696 3607; x_wconf 78' lang='grc' dir='ltr'><strong>καὶ</strong></span> <span class='ocrx_word' id='word_1_288' title='bbox 742 3550 1046 3623; x_wconf 80' lang='grc' dir='ltr'><strong>συμφώνως</strong></span> <span class='ocrx_word' id='word_1_289' title='bbox 1080 3553 1181 3623; x_wconf 84' lang='grc' dir='ltr'><strong>τὴν</strong></span> <span class='ocrx_word' id='word_1_290' title='bbox 1212 3550 1403 3622; x_wconf 78' lang='grc' dir='ltr'><strong>ἑορτὴν</strong></span> <span class='ocrx_word' id='word_1_291' title='bbox 1434 3551 1640 3622; x_wconf 88' lang='grc' dir='ltr'><strong>ταύτην</strong></span> <span class='ocrx_word' id='word_1_292' title='bbox 1682 3552 1969 3606; x_wconf 82' lang='grc' dir='ltr'><strong>ἐπιτελεῖν.</strong></span> 
     </span>
    </p>
   </div>
   <div class='ocr_carea' id='block_1_42' title="bbox 396 3633 1975 3707">
    <p class='ocr_par' dir='ltr' id='par_1_42' title="bbox 396 3633 1975 3707">
     <span class='ocr_line' id='line_1_42' title="bbox 396 3633 1975 3707; baseline 0 -17"><span class='ocrx_word' id='word_1_293' title='bbox 396 3639 459 3691; x_wconf 87' lang='grc' dir='ltr'><strong>Οἱ</strong></span> <span class='ocrx_word' id='word_1_294' title='bbox 489 3637 666 3689; x_wconf 89' lang='grc' dir='ltr'><strong>τοίνυν</strong></span> <span class='ocrx_word' id='word_1_295' title='bbox 701 3635 801 3707; x_wconf 80' lang='grc' dir='ltr'><strong>τὴν</strong></span> <span class='ocrx_word' id='word_1_296' title='bbox 831 3635 1016 3689; x_wconf 87' lang='grc' dir='ltr'><strong>πίστιν</strong></span> <span class='ocrx_word' id='word_1_297' title='bbox 1049 3635 1123 3705; x_wconf 80' lang='grc' dir='ltr'><strong>μὴ</strong></span> <span class='ocrx_word' id='word_1_298' title='bbox 1154 3634 1440 3705; x_wconf 87' lang='grc' dir='ltr'><strong>προδόντες</strong></span> <span class='ocrx_word' id='word_1_299' title='bbox 1468 3635 1527 3688; x_wconf 86' lang='grc' dir='ltr'><strong>ἐν</strong></span> <span class='ocrx_word' id='word_1_300' title='bbox 1556 3633 1698 3687; x_wconf 73' lang='grc' dir='ltr'><strong>οὕτω</strong></span> <span class='ocrx_word' id='word_1_301' title='bbox 1728 3634 1975 3705; x_wconf 85' lang='grc' dir='ltr'><strong>χαλεπω-</strong></span> 
     </span>
    </p>
   </div>
   <div class='ocr_carea' id='block_1_43' title="bbox 395 3712 1974 3790">
    <p class='ocr_par' dir='ltr' id='par_1_43' title="bbox 395 3712 1974 3790">
     <span class='ocr_line' id='line_1_43' title="bbox 395 3712 1974 3790; baseline -0.001 -18"><span class='ocrx_word' id='word_1_302' title='bbox 395 3720 578 3782; x_wconf 85' lang='grc' dir='ltr'><strong>τάτοις</strong></span> <span class='ocrx_word' id='word_1_303' title='bbox 604 3721 834 3789; x_wconf 77' lang='grc' dir='ltr'><strong>καιροῖς,</strong></span> <span class='ocrx_word' id='word_1_304' title='bbox 868 3712 1011 3772; x_wconf 78' lang='grc' dir='ltr'><strong>οὗτοι</strong></span> <span class='ocrx_word' id='word_1_305' title='bbox 1045 3718 1113 3772; x_wconf 87' lang='grc' dir='ltr'><strong>δι’</strong></span> <span class='ocrx_word' id='word_1_306' title='bbox 1137 3718 1361 3790; x_wconf 76' lang='grc' dir='ltr'><strong>ἡμερῶν</strong></span> <span class='ocrx_word' id='word_1_307' title='bbox 1398 3719 1780 3790; x_wconf 84' lang='grc' dir='ltr'><strong>παρατήρησιν</strong></span> <span class='ocrx_word' id='word_1_308' title='bbox 1839 3718 1974 3772; x_wconf 90' lang='grc' dir='ltr'><strong>καθ-</strong></span> 
     </span>
    </p>
   </div>
   <div class='ocr_carea' id='block_1_44' title="bbox 398 3799 1972 3873">
    <p class='ocr_par' dir='ltr' id='par_1_44' title="bbox 398 3799 1972 3873">
     <span class='ocr_line' id='line_1_44' title="bbox 398 3799 1972 3873; baseline 0.001 -19"><span class='ocrx_word' id='word_1_309' title='bbox 398 3800 786 3872; x_wconf 87' lang='grc' dir='ltr'><strong>υποκρίνεσθαι</strong></span> <span class='ocrx_word' id='word_1_310' title='bbox 818 3799 1075 3871; x_wconf 73' lang='grc' dir='ltr'><strong>ἐμελλονς</strong></span> <span class='ocrx_word' id='word_1_311' title='bbox 1112 3801 1255 3873; x_wconf 89' lang='grc' dir='ltr'><strong>Ὅρα</strong></span> <span class='ocrx_word' id='word_1_312' title='bbox 1280 3800 1334 3853; x_wconf 89' lang='grc' dir='ltr'><strong>τί</strong></span> <span class='ocrx_word' id='word_1_313' title='bbox 1354 3804 1526 3865; x_wconf 80' lang='grc' dir='ltr'><strong>ποιεῖς</strong></span> <span class='ocrx_word' id='word_1_314' title='bbox 1558 3801 1845 3864; x_wconf 87' lang='grc' dir='ltr'><strong>τοσούτους</strong></span> <span class='ocrx_word' id='word_1_315' title='bbox 1871 3819 1972 3856; x_wconf 87' lang='grc' dir='ltr'><strong>κα-</strong></span> 
     </span>
    </p>
   </div>
   <div class='ocr_carea' id='block_1_45' title="bbox 395 3884 1973 3958">
    <p class='ocr_par' dir='ltr' id='par_1_45' title="bbox 395 3884 1973 3958">
     <span class='ocr_line' id='line_1_45' title="bbox 395 3884 1973 3958; baseline 0 -19"><span class='ocrx_word' id='word_1_316' title='bbox 395 3887 667 3958; x_wconf 88' lang='grc' dir='ltr'><strong>τακρίνων</strong></span> <span class='ocrx_word' id='word_1_317' title='bbox 694 3884 955 3957; x_wconf 81' lang='grc' dir='ltr'><strong>πατέρας,</strong></span> <span class='ocrx_word' id='word_1_318' title='bbox 1000 3884 1173 3949; x_wconf 74' lang='grc' dir='ltr'><strong>οὕτως</strong></span> <span class='ocrx_word' id='word_1_319' title='bbox 1213 3884 1491 3957; x_wconf 88' lang='grc' dir='ltr'><strong>ἀνδρείους</strong></span> <span class='ocrx_word' id='word_1_320' title='bbox 1531 3885 1626 3940; x_wconf 76' lang='grc' dir='ltr'><strong>καὶ</strong></span> <span class='ocrx_word' id='word_1_321' title='bbox 1656 3885 1871 3956; x_wconf 87' lang='grc' dir='ltr'><strong>σοφούς.</strong></span> <span class='ocrx_word' id='word_1_322' title='bbox 1910 3886 1973 3939; x_wconf 83' lang='grc' dir='ltr'><strong>Εἰ</strong></span> 
     </span>
    </p>
   </div>
   <div class='ocr_carea' id='block_1_46' title="bbox 395 3969 1975 4043">
    <p class='ocr_par' dir='ltr' id='par_1_46' title="bbox 395 3969 1975 4043">
     <span class='ocr_line' id='line_1_46' title="bbox 395 3969 1975 4043; baseline -0.002 -18"><span class='ocrx_word' id='word_1_323' title='bbox 395 3972 505 4043; x_wconf 84' lang='grc' dir='ltr'><strong>γὰρ</strong></span> <span class='ocrx_word' id='word_1_324' title='bbox 532 3969 773 4042; x_wconf 83' lang='grc' dir='ltr'><strong>τελώνην</strong></span> <span class='ocrx_word' id='word_1_325' title='bbox 802 3969 1136 4041; x_wconf 86' lang='grc' dir='ltr'><strong>κατακρίνας</strong></span> <span class='ocrx_word' id='word_1_326' title='bbox 1159 3972 1188 4024; x_wconf 91' lang='grc' dir='ltr'><strong>ό</strong></span> <span class='ocrx_word' id='word_1_327' title='bbox 1213 3971 1521 4041; x_wconf 67' lang='grc' dir='ltr'><strong>⁴Ιιαρισαῖος,</strong></span> <span class='ocrx_word' id='word_1_328' title='bbox 1553 3970 1733 4025; x_wconf 88' lang='grc' dir='ltr'><strong>πάντα</strong></span> <span class='ocrx_word' id='word_1_329' title='bbox 1761 3969 1975 4025; x_wconf 86' lang='grc' dir='ltr'><strong>ἀπώλε-</strong></span> 
     </span>
    </p>
   </div>
   <div class='ocr_carea' id='block_1_47' title="bbox 398 4050 1974 4126">
    <p class='ocr_par' dir='ltr' id='par_1_47' title="bbox 398 4050 1974 4126">
     <span class='ocr_line' id='line_1_47' title="bbox 398 4050 1974 4126; baseline -0.002 -17"><span class='ocrx_word' id='word_1_330' title='bbox 398 4068 490 4109; x_wconf 85' lang='grc' dir='ltr'><strong>σεν</strong></span> <span class='ocrx_word' id='word_1_331' title='bbox 516 4054 659 4126; x_wconf 75' lang='grc' dir='ltr'><strong>ἅπερ</strong></span> <span class='ocrx_word' id='word_1_332' title='bbox 682 4050 827 4123; x_wconf 75' lang='grc' dir='ltr'><strong>εἶχεν</strong></span> <span class='ocrx_word' id='word_1_333' title='bbox 864 4053 1063 4122; x_wconf 84' lang='grc' dir='ltr'><strong>ἀγαθά,</strong></span> <span class='ocrx_word' id='word_1_334' title='bbox 1090 4054 1214 4107; x_wconf 89' lang='grc' dir='ltr'><strong>τίνα</strong></span> <span class='ocrx_word' id='word_1_335' title='bbox 1235 4053 1321 4121; x_wconf 77' lang='grc' dir='ltr'><strong>ἐξε</strong></span> <span class='ocrx_word' id='word_1_336' title='bbox 1331 4071 1378 4118; x_wconf 92' lang='grc' dir='ltr'><strong>ις</strong></span> <span class='ocrx_word' id='word_1_337' title='bbox 1425 4054 1777 4126; x_wconf 87' lang='grc' dir='ltr'><strong>συγγνώμην,</strong></span> <span class='ocrx_word' id='word_1_338' title='bbox 1814 4055 1974 4108; x_wconf 90' lang='grc' dir='ltr'><strong>ποίαν</strong></span> 
     </span>
    </p>
   </div>
   <div class='ocr_carea' id='block_1_48' title="bbox 395 4135 1974 4208">
    <p class='ocr_par' dir='ltr' id='par_1_48' title="bbox 395 4135 1974 4208">
     <span class='ocr_line' id='line_1_48' title="bbox 395 4135 1974 4208; baseline -0.002 -15"><span class='ocrx_word' id='word_1_339' title='bbox 395 4139 454 4193; x_wconf 83' lang='grc' dir='ltr'><strong>δέ</strong></span> <span class='ocrx_word' id='word_1_340' title='bbox 479 4137 773 4206; x_wconf 86' lang='grc' dir='ltr'><strong>ἀπολογίαν</strong></span> <span class='ocrx_word' id='word_1_341' title='bbox 798 4135 1067 4190; x_wconf 82' lang='grc' dir='ltr'><strong>τοσούτων</strong></span> <span class='ocrx_word' id='word_1_342' title='bbox 1091 4136 1615 4208; x_wconf 83' lang='grc' dir='ltr'><strong>κατεξανιστάμενος</strong></span> <span class='ocrx_word' id='word_1_343' title='bbox 1640 4137 1974 4191; x_wconf 85' lang='grc' dir='ltr'><strong>διδασκάλων</strong></span> 
     </span>
    </p>
   </div>
   <div class='ocr_carea' id='block_1_49' title="bbox 394 4217 1974 4291">
    <p class='ocr_par' dir='ltr' id='par_1_49' title="bbox 394 4217 1974 4291">
     <span class='ocr_line' id='line_1_49' title="bbox 394 4217 1974 4291; baseline -0.001 -17"><span class='ocrx_word' id='word_1_344' title='bbox 394 4220 505 4274; x_wconf 85' lang='grc' dir='ltr'><strong>τῶν</strong></span> <span class='ocrx_word' id='word_1_345' title='bbox 531 4220 610 4291; x_wconf 83' lang='grc' dir='ltr'><strong>τῷ</strong></span> <span class='ocrx_word' id='word_1_346' title='bbox 636 4219 755 4290; x_wconf 84' lang='grc' dir='ltr'><strong>Θεῷ</strong></span> <span class='ocrx_word' id='word_1_347' title='bbox 784 4219 975 4289; x_wconf 81' lang='grc' dir='ltr'><strong>φίλων,</strong></span> <span class='ocrx_word' id='word_1_348' title='bbox 1009 4219 1104 4271; x_wconf 72' lang='grc' dir='ltr'><strong>καὶ</strong></span> <span class='ocrx_word' id='word_1_349' title='bbox 1132 4217 1308 4271; x_wconf 84' lang='grc' dir='ltr'><strong>ταῦτα</strong></span> <span class='ocrx_word' id='word_1_350' title='bbox 1331 4218 1532 4282; x_wconf 85' lang='grc' dir='ltr'><strong>ἀδίκως</strong></span> <span class='ocrx_word' id='word_1_351' title='bbox 1560 4220 1816 4289; x_wconf 85' lang='grc' dir='ltr'><strong>καὶμετά</strong></span> <span class='ocrx_word' id='word_1_352' title='bbox 1840 4219 1974 4273; x_wconf 86' lang='grc' dir='ltr'><strong>πολ-</strong></span> 
     </span>
    </p>
   </div>
   <div class='ocr_carea' id='block_1_50' title="bbox 397 4300 1978 4377">
    <p class='ocr_par' dir='ltr' id='par_1_50' title="bbox 397 4300 1978 4377">
     <span class='ocr_line' id='line_1_50' title="bbox 397 4300 1978 4377; baseline -0.001 -21"><span class='ocrx_word' id='word_1_353' title='bbox 397 4300 1555 4373; x_wconf 59' lang='grc' dir='ltr'><strong>λῆςτῆςάλσγίαςςούκῆωωςώωὗ</strong></span> <span class='ocrx_word' id='word_1_354' title='bbox 1598 4300 1978 4377; x_wconf 73' lang='grc' dir='ltr'><strong>τσῦΧρισωῦ</strong></span> 
     </span>
    </p>
   </div>
   <div class='ocr_carea' id='block_1_51' title="bbox 398 4382 1976 4455">
    <p class='ocr_par' dir='ltr' id='par_1_51' title="bbox 398 4382 1976 4455">
     <span class='ocr_line' id='line_1_51' title="bbox 398 4382 1976 4455; baseline 0.001 -18"><span class='ocrx_word' id='word_1_355' title='bbox 398 4385 649 4454; x_wconf 76' lang='grc' dir='ltr'><strong>λιτοντος</strong></span> <span class='ocrx_word' id='word_1_356' title='bbox 683 4385 786 4452; x_wconf 77' lang='grc' dir='ltr'><strong>ὅτι,</strong></span> <span class='ocrx_word' id='word_1_357' title='bbox 818 4385 1012 4437; x_wconf 80' lang='grc' dir='ltr'><strong>Ὅπου</strong></span> <span class='ocrx_word' id='word_1_358' title='bbox 1051 4382 1164 4437; x_wconf 85' lang='grc' dir='ltr'><strong>δύο</strong></span> <span class='ocrx_word' id='word_1_359' title='bbox 1189 4383 1230 4452; x_wconf 77' lang='grc' dir='ltr'><strong><em>ἦ</em></strong></span> <span class='ocrx_word' id='word_1_360' title='bbox 1267 4383 1429 4451; x_wconf 81' lang='grc' dir='ltr'><strong>τρεῖς</strong></span> <span class='ocrx_word' id='word_1_361' title='bbox 1460 4386 1579 4437; x_wconf 82' lang='grc' dir='ltr'><strong>εισι</strong></span> <span class='ocrx_word' id='word_1_362' title='bbox 1604 4385 1976 4455; x_wconf 77' lang='grc' dir='ltr'><strong>συνηγμένοι</strong></span> 
     </span>
    </p>
   </div>
   <div class='ocr_carea' id='block_1_52' title="bbox 396 4465 1975 4537">
    <p class='ocr_par' dir='ltr' id='par_1_52' title="bbox 396 4465 1975 4537">
     <span class='ocr_line' id='line_1_52' title="bbox 396 4465 1975 4537; baseline -0.001 -14"><span class='ocrx_word' id='word_1_363' title='bbox 396 4470 487 4534; x_wconf 78' lang='grc' dir='ltr'><strong>εις</strong></span> <span class='ocrx_word' id='word_1_364' title='bbox 528 4468 594 4521; x_wconf 83' lang='grc' dir='ltr'><strong>τὸ</strong></span> <span class='ocrx_word' id='word_1_365' title='bbox 639 4465 789 4536; x_wconf 78' lang='grc' dir='ltr'><strong>ἐμὸν</strong></span> <span class='ocrx_word' id='word_1_366' title='bbox 833 4466 1039 4536; x_wconf 81' lang='grc' dir='ltr'><strong>ὄνομα,</strong></span> <span class='ocrx_word' id='word_1_367' title='bbox 1089 4465 1214 4520; x_wconf 77' lang='grc' dir='ltr'><strong>ἐκεῖ</strong></span> <span class='ocrx_word' id='word_1_368' title='bbox 1260 4468 1375 4536; x_wconf 79' lang='grc' dir='ltr'><strong>ειμι</strong></span> <span class='ocrx_word' id='word_1_369' title='bbox 1416 4466 1487 4521; x_wconf 79' lang='grc' dir='ltr'><strong>ἐν</strong></span> <span class='ocrx_word' id='word_1_370' title='bbox 1526 4467 1695 4537; x_wconf 75' lang='grc' dir='ltr'><strong>μέσφ</strong></span> <span class='ocrx_word' id='word_1_371' title='bbox 1736 4466 1975 4532; x_wconf 84' lang='grc' dir='ltr'><strong>αὐτῶν;</strong></span> 
     </span>
    </p>
   </div>
   <div class='ocr_carea' id='block_1_53' title="bbox 397 4547 1974 4622">
    <p class='ocr_par' dir='ltr' id='par_1_53' title="bbox 397 4547 1974 4622">
     <span class='ocr_line' id='line_1_53' title="bbox 397 4547 1974 4622; baseline 0 -18"><span class='ocrx_word' id='word_1_372' title='bbox 397 4550 537 4604; x_wconf 78' lang='grc' dir='ltr'><strong>Είδὲ</strong></span> <span class='ocrx_word' id='word_1_373' title='bbox 566 4551 700 4603; x_wconf 84' lang='grc' dir='ltr'><strong>ὅπου</strong></span> <span class='ocrx_word' id='word_1_374' title='bbox 728 4547 823 4603; x_wconf 89' lang='grc' dir='ltr'><strong>δύο</strong></span> <span class='ocrx_word' id='word_1_375' title='bbox 854 4549 887 4620; x_wconf 81' lang='grc' dir='ltr'>ἢ</span> <span class='ocrx_word' id='word_1_376' title='bbox 912 4550 1084 4622; x_wconf 88' lang='grc' dir='ltr'><strong>τρεῖς,</strong></span> <span class='ocrx_word' id='word_1_377' title='bbox 1129 4548 1292 4620; x_wconf 84' lang='grc' dir='ltr'><strong>μέσος</strong></span> <span class='ocrx_word' id='word_1_378' title='bbox 1331 4550 1479 4604; x_wconf 75' lang='grc' dir='ltr'><strong>ἐστὶν</strong></span> <span class='ocrx_word' id='word_1_379' title='bbox 1504 4550 1533 4602; x_wconf 87' lang='lat'><strong>6</strong></span> <span class='ocrx_word' id='word_1_380' title='bbox 1556 4550 1809 4621; x_wconf 84' lang='grc' dir='ltr'><strong>Χριστὸς,</strong></span> <span class='ocrx_word' id='word_1_381' title='bbox 1840 4551 1974 4605; x_wconf 83' lang='grc' dir='ltr'><strong>ὅπου</strong></span> 
     </span>
    </p>
   </div>
   <div class='ocr_carea' id='block_1_54' title="bbox 396 4631 1977 4705">
    <p class='ocr_par' dir='ltr' id='par_1_54' title="bbox 396 4631 1977 4705">
     <span class='ocr_line' id='line_1_54' title="bbox 396 4631 1977 4705; baseline 0.001 -20"><span class='ocrx_word' id='word_1_382' title='bbox 396 4633 696 4704; x_wconf 88' lang='grc' dir='ltr'><strong>τριακόσιοι</strong></span> <span class='ocrx_word' id='word_1_383' title='bbox 726 4633 821 4687; x_wconf 73' lang='grc' dir='ltr'><strong>καὶ</strong></span> <span class='ocrx_word' id='word_1_384' title='bbox 847 4631 1027 4703; x_wconf 82' lang='grc' dir='ltr'><strong>πολλῷ</strong></span> <span class='ocrx_word' id='word_1_385' title='bbox 1060 4632 1276 4696; x_wconf 88' lang='grc' dir='ltr'><strong>πλείους</strong></span> <span class='ocrx_word' id='word_1_386' title='bbox 1307 4633 1578 4705; x_wconf 81' lang='grc' dir='ltr'><strong>παρῆσαν,</strong></span> <span class='ocrx_word' id='word_1_387' title='bbox 1612 4631 1758 4705; x_wconf 77' lang='grc'><strong>[610]</strong></span> <span class='ocrx_word' id='word_1_388' title='bbox 1797 4634 1977 4705; x_wconf 86' lang='grc' dir='ltr'><strong>πολλῷ</strong></span> 
     </span>
    </p>
   </div>
   <div class='ocr_carea' id='block_1_55' title="bbox 402 4714 1973 4787">
    <p class='ocr_par' dir='ltr' id='par_1_55' title="bbox 402 4714 1973 4787">
     <span class='ocr_line' id='line_1_55' title="bbox 402 4714 1973 4787; baseline 0.002 -19"><span class='ocrx_word' id='word_1_389' title='bbox 402 4714 600 4785; x_wconf 78' lang='grc' dir='ltr'><strong>μᾶλλον</strong></span> <span class='ocrx_word' id='word_1_390' title='bbox 635 4714 839 4787; x_wconf 83' lang='grc' dir='ltr'><strong>παρῆν,</strong></span> <span class='ocrx_word' id='word_1_391' title='bbox 866 4715 958 4769; x_wconf 79' lang='grc' dir='ltr'><strong>καὶ</strong></span> <span class='ocrx_word' id='word_1_392' title='bbox 983 4716 1162 4771; x_wconf 87' lang='grc' dir='ltr'><strong>πάντα</strong></span> <span class='ocrx_word' id='word_1_393' title='bbox 1190 4715 1389 4769; x_wconf 85' lang='grc' dir='ltr'><strong>ἐτύπου</strong></span> <span class='ocrx_word' id='word_1_394' title='bbox 1417 4716 1511 4770; x_wconf 75' lang='grc' dir='ltr'><strong>καὶ</strong></span> <span class='ocrx_word' id='word_1_395' title='bbox 1538 4716 1866 4785; x_wconf 84' lang='grc' dir='ltr'><strong>ἐνομοθέτει.</strong></span> <span class='ocrx_word' id='word_1_396' title='bbox 1902 4719 1973 4771; x_wconf 82' lang='grc' dir='ltr'>Σὺ</span> 
     </span>
    </p>
   </div>
   <div class='ocr_carea' id='block_1_56' title="bbox 397 4798 1976 4871">
    <p class='ocr_par' dir='ltr' id='par_1_56' title="bbox 397 4798 1976 4871">
     <span class='ocr_line' id='line_1_56' title="bbox 397 4798 1976 4871; baseline 0.001 -19"><span class='ocrx_word' id='word_1_397' title='bbox 397 4798 457 4853; x_wconf 77' lang='grc' dir='ltr'><strong>δὲ</strong></span> <span class='ocrx_word' id='word_1_398' title='bbox 498 4799 559 4853; x_wconf 80' lang='grc' dir='ltr'><strong>οὐ</strong></span> <span class='ocrx_word' id='word_1_399' title='bbox 593 4799 752 4869; x_wconf 86' lang='grc' dir='ltr'><strong>μόνον</strong></span> <span class='ocrx_word' id='word_1_400' title='bbox 788 4799 1010 4855; x_wconf 81' lang='grc' dir='ltr'><strong>ἐκείνων</strong></span> <span class='ocrx_word' id='word_1_401' title='bbox 1055 4798 1509 4869; x_wconf 82' lang='grc' dir='ltr'><strong>καταγινώσκεις,</strong></span> <span class='ocrx_word' id='word_1_402' title='bbox 1557 4799 1692 4853; x_wconf 90' lang='grc' dir='ltr'><strong>ἀλλά</strong></span> <span class='ocrx_word' id='word_1_403' title='bbox 1739 4801 1831 4853; x_wconf 82' lang='grc' dir='ltr'><strong>καὶ</strong></span> <span class='ocrx_word' id='word_1_404' title='bbox 1877 4802 1976 4871; x_wconf 79' lang='grc' dir='ltr'><strong>τῆς</strong></span> 
     </span>
    </p>
   </div>
   <div class='ocr_carea' id='block_1_57' title="bbox 399 4882 1973 4957">
    <p class='ocr_par' dir='ltr' id='par_1_57' title="bbox 399 4882 1973 4957">
     <span class='ocr_line' id='line_1_57' title="bbox 399 4882 1973 4957; baseline -0.006 -10"><span class='ocrx_word' id='word_1_405' title='bbox 399 4882 721 4953; x_wconf 72' lang='grc' dir='ltr'><strong>οἰκουμένης</strong></span> <span class='ocrx_word' id='word_1_406' title='bbox 750 4882 985 4955; x_wconf 87' lang='grc' dir='ltr'><strong>ἀπάσης,</strong></span> <span class='ocrx_word' id='word_1_407' title='bbox 1019 4884 1054 4956; x_wconf 79' lang='grc' dir='ltr'>ἢ</span> <span class='ocrx_word' id='word_1_408' title='bbox 1087 4883 1183 4938; x_wconf 71' lang='grc' dir='ltr'><strong>καὶ</strong></span> <span class='ocrx_word' id='word_1_409' title='bbox 1204 4884 1304 4954; x_wconf 77' lang='grc' dir='ltr'><strong>τὴν</strong></span> <span class='ocrx_word' id='word_1_410' title='bbox 1333 4884 1555 4937; x_wconf 80' lang='grc' dir='ltr'><strong>ἐκείνων</strong></span> <span class='ocrx_word' id='word_1_411' title='bbox 1586 4883 1809 4956; x_wconf 89' lang='grc' dir='ltr'><strong>γνώμην</strong></span> <span class='ocrx_word' id='word_1_412' title='bbox 1838 4886 1973 4957; x_wconf 61' lang='grc' dir='ltr'><strong>ἐπῄ-</strong></span> 
     </span>
    </p>
   </div>
   <div class='ocr_carea' id='block_1_58' title="bbox 399 4964 1976 5037">
    <p class='ocr_par' dir='ltr' id='par_1_58' title="bbox 399 4964 1976 5037">
     <span class='ocr_line' id='line_1_58' title="bbox 399 4964 1976 5037; baseline 0.003 -21"><span class='ocrx_word' id='word_1_413' title='bbox 399 4979 573 5017; x_wconf 80' lang='grc' dir='ltr'><strong>νεσεν.</strong></span> <span class='ocrx_word' id='word_1_414' title='bbox 606 4964 679 5017; x_wconf 85' lang='grc' dir='ltr'><strong>Ἢ</strong></span> <span class='ocrx_word' id='word_1_415' title='bbox 701 4966 797 5018; x_wconf 75' lang='grc' dir='ltr'><strong>καὶ</strong></span> <span class='ocrx_word' id='word_1_416' title='bbox 834 4966 946 5019; x_wconf 85' lang='grc' dir='ltr'><strong>τῶν</strong></span> <span class='ocrx_word' id='word_1_417' title='bbox 988 4965 1300 5037; x_wconf 85' lang='grc' dir='ltr'><strong>ἀπανταχοῦ</strong></span> <span class='ocrx_word' id='word_1_418' title='bbox 1328 4966 1427 5037; x_wconf 81' lang='grc' dir='ltr'><strong>τῆς</strong></span> <span class='ocrx_word' id='word_1_419' title='bbox 1465 4966 1571 5037; x_wconf 86' lang='grc' dir='ltr'><strong>γῆς</strong></span> <span class='ocrx_word' id='word_1_420' title='bbox 1609 4968 1859 5037; x_wconf 89' lang='grc' dir='ltr'><strong>πατέρων</strong></span> <span class='ocrx_word' id='word_1_421' title='bbox 1889 4984 1976 5020; x_wconf 86' lang='grc' dir='ltr'><strong>σο-</strong></span> 
     </span>
    </p>
   </div>
   <div class='ocr_carea' id='block_1_59' title="bbox 401 5045 1976 5122">
    <p class='ocr_par' dir='ltr' id='par_1_59' title="bbox 401 5045 1976 5122">
     <span class='ocr_line' id='line_1_59' title="bbox 401 5045 1976 5122; baseline 0.004 -23"><span class='ocrx_word' id='word_1_422' title='bbox 401 5048 677 5120; x_wconf 81' lang='grc' dir='ltr'><strong>φωτέρους</strong></span> <span class='ocrx_word' id='word_1_423' title='bbox 732 5047 1017 5114; x_wconf 89' lang='grc' dir='ltr'><strong>Ἰουδαίους</strong></span> <span class='ocrx_word' id='word_1_424' title='bbox 1051 5045 1190 5104; x_wconf 77' lang='grc' dir='ltr'><strong>εῖναι</strong></span> <span class='ocrx_word' id='word_1_425' title='bbox 1228 5049 1492 5120; x_wconf 76' lang='grc' dir='ltr'><strong>νομίζεις,</strong></span> <span class='ocrx_word' id='word_1_426' title='bbox 1538 5050 1832 5105; x_wconf 74' lang='grc' dir='ltr'><strong>καὶταῦτα</strong></span> <span class='ocrx_word' id='word_1_427' title='bbox 1876 5053 1976 5122; x_wconf 83' lang='grc' dir='ltr'><strong>τῆς</strong></span> 
     </span>
    </p>
   </div>
   <div class='ocr_carea' id='block_1_60' title="bbox 402 5130 1974 5205">
    <p class='ocr_par' dir='ltr' id='par_1_60' title="bbox 402 5130 1974 5205">
     <span class='ocr_line' id='line_1_60' title="bbox 402 5130 1974 5205; baseline 0.001 -20"><span class='ocrx_word' id='word_1_428' title='bbox 402 5130 659 5202; x_wconf 84' lang='grc' dir='ltr'><strong>πατρῴας</strong></span> <span class='ocrx_word' id='word_1_429' title='bbox 684 5132 1015 5197; x_wconf 78' lang='grc' dir='ltr'><strong>ἐκπεσόντας</strong></span> <span class='ocrx_word' id='word_1_430' title='bbox 1043 5132 1335 5196; x_wconf 88' lang='grc' dir='ltr'><strong>πολιτείας,</strong></span> <span class='ocrx_word' id='word_1_431' title='bbox 1365 5133 1459 5187; x_wconf 74' lang='grc' dir='ltr'><strong>καὶ</strong></span> <span class='ocrx_word' id='word_1_432' title='bbox 1501 5132 1693 5205; x_wconf 78' lang='grc' dir='ltr'><strong>ἑορτὴν</strong></span> <span class='ocrx_word' id='word_1_433' title='bbox 1718 5134 1974 5204; x_wconf 78' lang='grc' dir='ltr'><strong>οὐδεμίαν</strong></span> 
     </span>
    </p>
   </div>
   <div class='ocr_carea' id='block_1_61' title="bbox 400 5215 1972 5289">
    <p class='ocr_par' dir='ltr' id='par_1_61' title="bbox 400 5215 1972 5289">
     <span class='ocr_line' id='line_1_61' title="bbox 400 5215 1972 5289; baseline 0.002 -20"><span class='ocrx_word' id='word_1_434' title='bbox 400 5215 722 5281; x_wconf 77' lang='grc' dir='ltr'><strong>τελοῦντας;</strong></span> <span class='ocrx_word' id='word_1_435' title='bbox 756 5218 881 5270; x_wconf 87' lang='grc' dir='ltr'><strong>Ὅτι</strong></span> <span class='ocrx_word' id='word_1_436' title='bbox 913 5216 1023 5288; x_wconf 88' lang='lat'><strong>7&amp;9</strong></span> <span class='ocrx_word' id='word_1_437' title='bbox 1054 5218 1155 5270; x_wconf 85' lang='grc' dir='ltr'><strong>οὐκ</strong></span> <span class='ocrx_word' id='word_1_438' title='bbox 1189 5215 1335 5268; x_wconf 77' lang='grc' dir='ltr'><strong>ἐστιν</strong></span> <span class='ocrx_word' id='word_1_439' title='bbox 1380 5215 1566 5286; x_wconf 77' lang='grc' dir='ltr'><strong>ἀζυμα</strong></span> <span class='ocrx_word' id='word_1_440' title='bbox 1599 5217 1729 5289; x_wconf 80' lang='grc' dir='ltr'><strong>παρ’</strong></span> <span class='ocrx_word' id='word_1_441' title='bbox 1768 5218 1972 5284; x_wconf 83' lang='grc' dir='ltr'><strong>αὐτοῖς,</strong></span> 
     </span>
    </p>
   </div>
   <div class='ocr_carea' id='block_1_62' title="bbox 399 5297 1975 5371">
    <p class='ocr_par' dir='ltr' id='par_1_62' title="bbox 399 5297 1975 5371">
     <span class='ocr_line' id='line_1_62' title="bbox 399 5297 1975 5371; baseline 0.002 -19"><span class='ocrx_word' id='word_1_442' title='bbox 399 5297 521 5352; x_wconf 76' lang='grc' dir='ltr'><strong>οὐδὲ</strong></span> <span class='ocrx_word' id='word_1_443' title='bbox 564 5298 747 5369; x_wconf 87' lang='grc' dir='ltr'><strong>πάσχα</strong></span> <span class='ocrx_word' id='word_1_444' title='bbox 798 5300 914 5368; x_wconf 78' lang='grc' dir='ltr'><strong>(καὶ</strong></span> <span class='ocrx_word' id='word_1_445' title='bbox 968 5298 1079 5371; x_wconf 86' lang='lat'><strong>7&amp;9</strong></span> <span class='ocrx_word' id='word_1_446' title='bbox 1135 5300 1227 5352; x_wconf 77' lang='grc' dir='ltr'><strong>καὶ</strong></span> <span class='ocrx_word' id='word_1_447' title='bbox 1272 5298 1431 5352; x_wconf 81' lang='grc' dir='ltr'><strong>τοῦτο</strong></span> <span class='ocrx_word' id='word_1_448' title='bbox 1482 5299 1665 5352; x_wconf 86' lang='grc' dir='ltr'><strong>ἀκούω</strong></span> <span class='ocrx_word' id='word_1_449' title='bbox 1710 5301 1975 5370; x_wconf 86' lang='grc' dir='ltr'><strong>λεγόντων</strong></span> 
     </span>
    </p>
   </div>
   <div class='ocr_carea' id='block_1_63' title="bbox 403 5381 1972 5453">
    <p class='ocr_par' dir='ltr' id='par_1_63' title="bbox 403 5381 1972 5453">
     <span class='ocr_line' id='line_1_63' title="bbox 403 5381 1972 5453; baseline 0.002 -18"><span class='ocrx_word' id='word_1_450' title='bbox 403 5382 631 5449; x_wconf 80' lang='grc' dir='ltr'><strong>πολλῶν,</strong></span> <span class='ocrx_word' id='word_1_451' title='bbox 661 5384 743 5436; x_wconf 81' lang='grc' dir='ltr'><strong>ὅτι</strong></span> <span class='ocrx_word' id='word_1_452' title='bbox 778 5383 915 5453; x_wconf 88' lang='grc' dir='ltr'><strong>μετά</strong></span> <span class='ocrx_word' id='word_1_453' title='bbox 956 5383 1051 5436; x_wconf 77' lang='grc' dir='ltr'><strong>τοῦ</strong></span> <span class='ocrx_word' id='word_1_454' title='bbox 1090 5381 1300 5450; x_wconf 74' lang='grc' dir='ltr'><strong>ἀζύμου</strong></span> <span class='ocrx_word' id='word_1_455' title='bbox 1329 5381 1391 5434; x_wconf 87' lang='grc' dir='ltr'><strong>τὸ</strong></span> <span class='ocrx_word' id='word_1_456' title='bbox 1425 5384 1611 5451; x_wconf 80' lang='grc' dir='ltr'><strong>πάσχα</strong></span> <span class='ocrx_word' id='word_1_457' title='bbox 1638 5383 1827 5453; x_wconf 85' lang='grc' dir='ltr'><strong>ἐστίν),</strong></span> <span class='ocrx_word' id='word_1_458' title='bbox 1858 5384 1972 5439; x_wconf 86' lang='grc' dir='ltr'><strong>ἀλλ’</strong></span> 
     </span>
    </p>
   </div>
   <div class='ocr_carea' id='block_1_64' title="bbox 400 5462 1972 5537">
    <p class='ocr_par' dir='ltr' id='par_1_64' title="bbox 400 5462 1972 5537">
     <span class='ocr_line' id='line_1_64' title="bbox 400 5462 1972 5537; baseline 0.002 -20"><span class='ocrx_word' id='word_1_459' title='bbox 400 5465 483 5517; x_wconf 78' lang='grc' dir='ltr'><strong>ὅτι</strong></span> <span class='ocrx_word' id='word_1_460' title='bbox 511 5466 610 5519; x_wconf 85' lang='grc' dir='ltr'><strong>οὐκ</strong></span> <span class='ocrx_word' id='word_1_461' title='bbox 638 5465 753 5519; x_wconf 79' lang='grc' dir='ltr'><strong>ἔστι</strong></span> <span class='ocrx_word' id='word_1_462' title='bbox 781 5468 911 5537; x_wconf 88' lang='grc' dir='ltr'><strong>παρ’</strong></span> <span class='ocrx_word' id='word_1_463' title='bbox 956 5467 1139 5528; x_wconf 84' lang='grc' dir='ltr'><strong>αὐτοῖς</strong></span> <span class='ocrx_word' id='word_1_464' title='bbox 1183 5462 1388 5533; x_wconf 78' lang='grc' dir='ltr'><strong>ἄζυμα,</strong></span> <span class='ocrx_word' id='word_1_465' title='bbox 1417 5464 1646 5518; x_wconf 85' lang='grc' dir='ltr'><strong>ἀκουσον</strong></span> <span class='ocrx_word' id='word_1_466' title='bbox 1689 5465 1784 5519; x_wconf 81' lang='grc' dir='ltr'><strong>τοῦ</strong></span> <span class='ocrx_word' id='word_1_467' title='bbox 1811 5484 1972 5537; x_wconf 89' lang='grc' dir='ltr'><strong>νομο-</strong></span> 
     </span>
    </p>
   </div>
   <div class='ocr_carea' id='block_1_65' title="bbox 402 5544 1974 5618">
    <p class='ocr_par' dir='ltr' id='par_1_65' title="bbox 402 5544 1974 5618">
     <span class='ocr_line' id='line_1_65' title="bbox 402 5544 1974 5618; baseline 0.004 -20"><span class='ocrx_word' id='word_1_468' title='bbox 402 5546 556 5599; x_wconf 90' lang='grc' dir='ltr'><strong>θέτου</strong></span> <span class='ocrx_word' id='word_1_469' title='bbox 582 5548 853 5617; x_wconf 88' lang='grc' dir='ltr'><strong>λέγοντος,</strong></span> <span class='ocrx_word' id='word_1_470' title='bbox 890 5550 972 5602; x_wconf 89' lang='grc' dir='ltr'><strong>Οὐ</strong></span> <span class='ocrx_word' id='word_1_471' title='bbox 998 5545 1341 5611; x_wconf 80' lang='grc' dir='ltr'><strong>δυνήσεσθε</strong></span> <span class='ocrx_word' id='word_1_472' title='bbox 1367 5544 1617 5613; x_wconf 77' lang='grc' dir='ltr'><strong>ποιῆσαι</strong></span> <span class='ocrx_word' id='word_1_473' title='bbox 1646 5548 1713 5600; x_wconf 90' lang='grc' dir='ltr'><strong>τὸ</strong></span> <span class='ocrx_word' id='word_1_474' title='bbox 1757 5549 1974 5618; x_wconf 84' lang='grc' dir='ltr'><strong>Πάσχα</strong></span> 
     </span>
    </p>
   </div>
   <div class='ocr_carea' id='block_1_66' title="bbox 398 5622 1972 5699">
    <p class='ocr_par' dir='ltr' id='par_1_66' title="bbox 398 5622 1972 5699">
     <span class='ocr_line' id='line_1_66' title="bbox 398 5622 1972 5699; baseline 0.006 -21"><span class='ocrx_word' id='word_1_475' title='bbox 398 5626 470 5678; x_wconf 72' lang='grc' dir='ltr'><strong>ἐν</strong></span> <span class='ocrx_word' id='word_1_476' title='bbox 508 5627 753 5695; x_wconf 80' lang='grc' dir='ltr'><strong>οὐδεμιᾷ</strong></span> <span class='ocrx_word' id='word_1_477' title='bbox 790 5626 910 5682; x_wconf 84' lang='grc' dir='ltr'><strong>τῶν</strong></span> <span class='ocrx_word' id='word_1_478' title='bbox 943 5626 1181 5683; x_wconf 77' lang='grc' dir='ltr'><strong>πόλεών</strong></span> <span class='ocrx_word' id='word_1_479' title='bbox 1218 5643 1357 5693; x_wconf 88' lang='grc' dir='ltr'><strong>σου,</strong></span> <span class='ocrx_word' id='word_1_480' title='bbox 1387 5622 1475 5683; x_wconf 80' lang='grc' dir='ltr'>ὧν</span> <span class='ocrx_word' id='word_1_481' title='bbox 1504 5630 1717 5696; x_wconf 82' lang='grc' dir='ltr'><strong>Κύριος</strong></span> <span class='ocrx_word' id='word_1_482' title='bbox 1764 5636 1796 5685; x_wconf 87' lang='grc' dir='ltr'><strong>ό</strong></span> <span class='ocrx_word' id='word_1_483' title='bbox 1829 5635 1972 5699; x_wconf 81' lang='grc' dir='ltr'><strong>Θεός</strong></span> 
     </span>
    </p>
   </div>
   <div class='ocr_carea' id='block_1_67' title="bbox 403 5708 1974 5787">
    <p class='ocr_par' dir='ltr' id='par_1_67' title="bbox 403 5708 1974 5787">
     <span class='ocr_line' id='line_1_67' title="bbox 403 5708 1974 5787; baseline 0.009 -29"><span class='ocrx_word' id='word_1_484' title='bbox 403 5724 519 5763; x_wconf 89' lang='grc' dir='ltr'><strong>σου</strong></span> <span class='ocrx_word' id='word_1_485' title='bbox 562 5708 773 5765; x_wconf 80' lang='grc' dir='ltr'><strong>δίδωσί</strong></span> <span class='ocrx_word' id='word_1_486' title='bbox 818 5725 937 5779; x_wconf 91' lang='grc' dir='ltr'><strong>σοι,</strong></span> <span class='ocrx_word' id='word_1_487' title='bbox 960 5708 1113 5764; x_wconf 70' lang='grc' dir='ltr'><strong>’ἀλλ’</strong></span> <span class='ocrx_word' id='word_1_488' title='bbox 1147 5709 1186 5778; x_wconf 80' lang='grc' dir='ltr'>ἢ</span> <span class='ocrx_word' id='word_1_489' title='bbox 1223 5712 1309 5775; x_wconf 84' lang='grc' dir='ltr'><strong>είς</strong></span> <span class='ocrx_word' id='word_1_490' title='bbox 1341 5711 1447 5767; x_wconf 82' lang='grc' dir='ltr'><strong>τὸν</strong></span> <span class='ocrx_word' id='word_1_491' title='bbox 1484 5712 1691 5779; x_wconf 81' lang='grc' dir='ltr'><strong>τόπον,</strong></span> <span class='ocrx_word' id='word_1_492' title='bbox 1725 5714 1816 5786; x_wconf 44' lang='grc' dir='ltr'><strong>,ὃν</strong></span> <span class='ocrx_word' id='word_1_493' title='bbox 1850 5716 1974 5787; x_wconf 28' lang='grc' dir='ltr'><strong>,ἐὰν</strong></span> 
     </span>
    </p>
   </div>
   <div class='ocr_carea' id='block_1_68' title="bbox 2046 500 3633 574">
    <p class='ocr_par' dir='ltr' id='par_1_68' title="bbox 2046 500 3633 574">
     <span class='ocr_line' id='line_1_68' title="bbox 2046 500 3633 574; baseline -0.001 -19"><span class='ocrx_word' id='word_1_494' title='bbox 2046 500 2240 570; x_wconf 87' lang='grc' dir='ltr'><strong>λέγων.</strong></span> <span class='ocrx_word' id='word_1_495' title='bbox 2284 503 2448 574; x_wconf 80' lang='grc' dir='ltr'><strong>Ὁρᾷς</strong></span> <span class='ocrx_word' id='word_1_496' title='bbox 2496 504 2613 569; x_wconf 83' lang='grc' dir='ltr'><strong>πῶς</strong></span> <span class='ocrx_word' id='word_1_497' title='bbox 2664 508 2744 567; x_wconf 88' lang='grc' dir='ltr'><strong>εἰς</strong></span> <span class='ocrx_word' id='word_1_498' title='bbox 2796 504 2924 573; x_wconf 89' lang='grc' dir='ltr'><strong>μίαν</strong></span> <span class='ocrx_word' id='word_1_499' title='bbox 2972 504 3126 556; x_wconf 82' lang='grc' dir='ltr'><strong>πόλιν</strong></span> <span class='ocrx_word' id='word_1_500' title='bbox 3168 504 3505 572; x_wconf 79' lang='grc' dir='ltr'><strong>συγκλείσας</strong></span> <span class='ocrx_word' id='word_1_501' title='bbox 3537 500 3633 570; x_wconf 77' lang='grc' dir='ltr'><strong>τὴν</strong></span> 
     </span>
    </p>
   </div>
   <div class='ocr_carea' id='block_1_69' title="bbox 2048 594 3635 668">
    <p class='ocr_par' dir='ltr' id='par_1_69' title="bbox 2048 594 3635 668">
     <span class='ocr_line' id='line_1_69' title="bbox 2048 594 3635 668; baseline -0.001 -21"><span class='ocrx_word' id='word_1_502' title='bbox 2048 595 2264 665; x_wconf 78' lang='grc' dir='ltr'><strong>ἑορτὴν,</strong></span> <span class='ocrx_word' id='word_1_503' title='bbox 2302 594 2529 667; x_wconf 78' lang='grc' dir='ltr'><strong>ὕστερον</strong></span> <span class='ocrx_word' id='word_1_504' title='bbox 2563 599 2657 651; x_wconf 76' lang='grc' dir='ltr'><strong>καὶ</strong></span> <span class='ocrx_word' id='word_1_505' title='bbox 2686 599 2787 668; x_wconf 79' lang='grc' dir='ltr'><strong>τὴν</strong></span> <span class='ocrx_word' id='word_1_506' title='bbox 2820 599 2973 652; x_wconf 86' lang='grc' dir='ltr'><strong>πόλιν</strong></span> <span class='ocrx_word' id='word_1_507' title='bbox 3021 597 3266 651; x_wconf 82' lang='grc' dir='ltr'><strong>καθεῖλεν</strong></span> <span class='ocrx_word' id='word_1_508' title='bbox 3297 597 3502 666; x_wconf 77' lang='grc' dir='ltr'><strong>αὐτὴν.</strong></span> <span class='ocrx_word' id='word_1_509' title='bbox 3551 595 3635 647; x_wconf 74' lang='grc' dir='ltr'><strong>ἵνα</strong></span> 
     </span>
    </p>
   </div>
   <div class='ocr_carea' id='block_1_70' title="bbox 2048 687 3635 762">
    <p class='ocr_par' dir='ltr' id='par_1_70' title="bbox 2048 687 3635 762">
     <span class='ocr_line' id='line_1_70' title="bbox 2048 687 3635 762; baseline 0.001 -23"><span class='ocrx_word' id='word_1_510' title='bbox 2048 688 2143 741; x_wconf 77' lang='grc' dir='ltr'><strong>καὶ</strong></span> <span class='ocrx_word' id='word_1_511' title='bbox 2168 688 2401 752; x_wconf 79' lang='grc' dir='ltr'><strong>ἄκοντας</strong></span> <span class='ocrx_word' id='word_1_512' title='bbox 2430 689 2628 753; x_wconf 75' lang='grc' dir='ltr'><strong>αὐτοὺς</strong></span> <span class='ocrx_word' id='word_1_513' title='bbox 2653 690 2917 762; x_wconf 78' lang='grc' dir='ltr'><strong>ἀπαγάγῃ</strong></span> <span class='ocrx_word' id='word_1_514' title='bbox 2948 691 3049 761; x_wconf 82' lang='grc' dir='ltr'><strong>τῆς</strong></span> <span class='ocrx_word' id='word_1_515' title='bbox 3074 689 3347 752; x_wconf 82' lang='grc' dir='ltr'><strong>πολιτείας</strong></span> <span class='ocrx_word' id='word_1_516' title='bbox 3371 691 3469 741; x_wconf 84' lang='grc' dir='ltr'><strong>ἐκε</strong></span> <span class='ocrx_word' id='word_1_517' title='bbox 3479 687 3635 758; x_wconf 84' lang='grc' dir='ltr'><strong>ίνης;</strong></span> 
     </span>
    </p>
   </div>
   <div class='ocr_carea' id='block_1_71' title="bbox 2052 779 3639 853">
    <p class='ocr_par' dir='ltr' id='par_1_71' title="bbox 2052 779 3639 853">
     <span class='ocr_line' id='line_1_71' title="bbox 2052 779 3639 853; baseline -0.002 -20"><span class='ocrx_word' id='word_1_518' title='bbox 2052 780 2174 833; x_wconf 84' lang='grc' dir='ltr'><strong>Ὀτι</strong></span> <span class='ocrx_word' id='word_1_519' title='bbox 2219 779 2326 853; x_wconf 89' lang='lat'><strong>7&amp;9</strong></span> <span class='ocrx_word' id='word_1_520' title='bbox 2376 780 2590 851; x_wconf 81' lang='grc' dir='ltr'><strong>προεῖδε</strong></span> <span class='ocrx_word' id='word_1_521' title='bbox 2623 782 2684 834; x_wconf 92' lang='grc' dir='ltr'><strong>τὸ</strong></span> <span class='ocrx_word' id='word_1_522' title='bbox 2715 783 2980 853; x_wconf 82' lang='grc' dir='ltr'><strong>ἑπόμενον</strong></span> <span class='ocrx_word' id='word_1_523' title='bbox 3013 795 3041 824; x_wconf 72' lang='grc'><strong>⁸</strong></span> <span class='ocrx_word' id='word_1_524' title='bbox 3076 785 3107 836; x_wconf 89' lang='lat'><strong>6</strong></span> <span class='ocrx_word' id='word_1_525' title='bbox 3140 782 3292 846; x_wconf 85' lang='grc' dir='ltr'><strong>Θεὸς,</strong></span> <span class='ocrx_word' id='word_1_526' title='bbox 3324 780 3498 835; x_wconf 82' lang='grc' dir='ltr'><strong>παντί</strong></span> <span class='ocrx_word' id='word_1_527' title='bbox 3535 795 3639 831; x_wconf 74' lang='grc' dir='ltr'><strong>που</strong></span> 
     </span>
    </p>
   </div>
   <div class='ocr_carea' id='block_1_72' title="bbox 2049 869 3641 945">
    <p class='ocr_par' dir='ltr' id='par_1_72' title="bbox 2049 869 3641 945">
     <span class='ocr_line' id='line_1_72' title="bbox 2049 869 3641 945; baseline 0.001 -21"><span class='ocrx_word' id='word_1_528' title='bbox 2049 869 2206 942; x_wconf 83' lang='grc' dir='ltr'><strong>δῆλόν</strong></span> <span class='ocrx_word' id='word_1_529' title='bbox 2237 873 2373 926; x_wconf 86' lang='grc' dir='ltr'><strong>ἐστι.</strong></span> <span class='ocrx_word' id='word_1_530' title='bbox 2420 873 2574 937; x_wconf 88' lang='grc' dir='ltr'><strong>Τίνος</strong></span> <span class='ocrx_word' id='word_1_531' title='bbox 2606 869 2699 927; x_wconf 76' lang='grc' dir='ltr'><strong>οὖν</strong></span> <span class='ocrx_word' id='word_1_532' title='bbox 2733 877 2915 931; x_wconf 71' lang='grc' dir='ltr'><strong>ἕνεκεν</strong></span> <span class='ocrx_word' id='word_1_533' title='bbox 2948 878 3066 929; x_wconf 87' lang='grc' dir='ltr'><strong>ἐκεῖ</strong></span> <span class='ocrx_word' id='word_1_534' title='bbox 3109 874 3400 945; x_wconf 81' lang='grc' dir='ltr'><strong>συνήλασεν</strong></span> <span class='ocrx_word' id='word_1_535' title='bbox 3424 871 3641 935; x_wconf 79' lang='grc' dir='ltr'><strong>αὐτοὺς</strong></span> 
     </span>
    </p>
   </div>
   <div class='ocr_carea' id='block_1_73' title="bbox 2052 964 3642 1039">
    <p class='ocr_par' dir='ltr' id='par_1_73' title="bbox 2052 964 3642 1039">
     <span class='ocr_line' id='line_1_73' title="bbox 2052 964 3642 1039; baseline -0.002 -20"><span class='ocrx_word' id='word_1_536' title='bbox 2052 964 2160 1019; x_wconf 82' lang='grc' dir='ltr'><strong>ἀπὸ</strong></span> <span class='ocrx_word' id='word_1_537' title='bbox 2184 964 2282 1034; x_wconf 83' lang='grc' dir='ltr'><strong>τῆς</strong></span> <span class='ocrx_word' id='word_1_538' title='bbox 2306 966 2629 1036; x_wconf 76' lang='grc' dir='ltr'><strong>οἰκουμένης</strong></span> <span class='ocrx_word' id='word_1_539' title='bbox 2666 968 2902 1036; x_wconf 87' lang='grc' dir='ltr'><strong>ἀπάσης,</strong></span> <span class='ocrx_word' id='word_1_540' title='bbox 2934 967 3198 1039; x_wconf 83' lang='grc' dir='ltr'><strong>προειδὼς</strong></span> <span class='ocrx_word' id='word_1_541' title='bbox 3237 967 3317 1019; x_wconf 85' lang='grc' dir='ltr'><strong>δτι</strong></span> <span class='ocrx_word' id='word_1_542' title='bbox 3342 965 3642 1020; x_wconf 81' lang='grc' dir='ltr'><strong>ἀπολεῖται</strong></span> 
     </span>
    </p>
   </div>
   <div class='ocr_carea' id='block_1_74' title="bbox 2051 1056 3643 1132">
    <p class='ocr_par' dir='ltr' id='par_1_74' title="bbox 2051 1056 3643 1132">
     <span class='ocr_line' id='line_1_74' title="bbox 2051 1056 3643 1132; baseline 0.001 -21"><span class='ocrx_word' id='word_1_543' title='bbox 2051 1059 2086 1128; x_wconf 79' lang='grc' dir='ltr'>ἡ</span> <span class='ocrx_word' id='word_1_544' title='bbox 2135 1056 2323 1124; x_wconf 91' lang='grc' dir='ltr'><strong>πόλις;</strong></span> <span class='ocrx_word' id='word_1_545' title='bbox 2363 1057 2464 1112; x_wconf 82' lang='grc' dir='ltr'><strong>οὐκ</strong></span> <span class='ocrx_word' id='word_1_546' title='bbox 2499 1059 2740 1131; x_wconf 73' lang='grc' dir='ltr'><strong>εὔδηλον,</strong></span> <span class='ocrx_word' id='word_1_547' title='bbox 2785 1062 2867 1114; x_wconf 86' lang='grc' dir='ltr'><strong>ὅτι</strong></span> <span class='ocrx_word' id='word_1_548' title='bbox 2905 1061 3268 1132; x_wconf 78' lang='grc' dir='ltr'><strong>καταλυθῆναι</strong></span> <span class='ocrx_word' id='word_1_549' title='bbox 3307 1058 3643 1130; x_wconf 79' lang='grc' dir='ltr'><strong>βουλόμενος</strong></span> 
     </span>
    </p>
   </div>
   <div class='ocr_carea' id='block_1_75' title="bbox 2053 1150 3644 1224">
    <p class='ocr_par' dir='ltr' id='par_1_75' title="bbox 2053 1150 3644 1224">
     <span class='ocr_line' id='line_1_75' title="bbox 2053 1150 3644 1224; baseline 0.001 -23"><span class='ocrx_word' id='word_1_550' title='bbox 2053 1150 2152 1222; x_wconf 83' lang='grc' dir='ltr'><strong>τὴν</strong></span> <span class='ocrx_word' id='word_1_551' title='bbox 2186 1151 2411 1221; x_wconf 84' lang='grc' dir='ltr'><strong>ἐορτήν;</strong></span> <span class='ocrx_word' id='word_1_552' title='bbox 2456 1151 2514 1202; x_wconf 86' lang='grc' dir='ltr'>ὐ</span> <span class='ocrx_word' id='word_1_553' title='bbox 2541 1151 2672 1215; x_wconf 84' lang='grc' dir='ltr'><strong>Θεὸς</strong></span> <span class='ocrx_word' id='word_1_554' title='bbox 2707 1152 2875 1224; x_wconf 75' lang='grc' dir='ltr'><strong>αὐτὴν</strong></span> <span class='ocrx_word' id='word_1_555' title='bbox 2904 1151 3187 1216; x_wconf 86' lang='grc' dir='ltr'><strong>κατέλυσε,</strong></span> <span class='ocrx_word' id='word_1_556' title='bbox 3218 1152 3309 1205; x_wconf 74' lang='grc' dir='ltr'><strong>καὶ</strong></span> <span class='ocrx_word' id='word_1_557' title='bbox 3354 1150 3644 1211; x_wconf 79' lang='grc' dir='ltr'><strong>Ἰουδαίοις</strong></span> 
     </span>
    </p>
   </div>
   <div class='ocr_carea' id='block_1_76' title="bbox 2055 1237 3644 1317">
    <p class='ocr_par' dir='ltr' id='par_1_76' title="bbox 2055 1237 3644 1317">
     <span class='ocr_line' id='line_1_76' title="bbox 2055 1237 3644 1317; baseline 0 -21"><span class='ocrx_word' id='word_1_558' title='bbox 2055 1242 2388 1306; x_wconf 79' lang='grc' dir='ltr'><strong>ἀκολουθεὶς,</strong></span> <span class='ocrx_word' id='word_1_559' title='bbox 2422 1245 2550 1316; x_wconf 82' lang='grc' dir='ltr'><strong>περὶ</strong></span> <span class='ocrx_word' id='word_1_560' title='bbox 2579 1237 2654 1299; x_wconf 84' lang='grc' dir='ltr'><strong>ὧν</strong></span> <span class='ocrx_word' id='word_1_561' title='bbox 2682 1263 2845 1316; x_wconf 82' lang='grc' dir='ltr'><strong>φησιν</strong></span> <span class='ocrx_word' id='word_1_562' title='bbox 2879 1245 2907 1297; x_wconf 90' lang='lat'><strong>6</strong></span> <span class='ocrx_word' id='word_1_563' title='bbox 2936 1247 3250 1317; x_wconf 82' lang='grc' dir='ltr'><strong>προφήτης·</strong></span> <span class='ocrx_word' id='word_1_564' title='bbox 3282 1245 3387 1299; x_wconf 82' lang='grc' dir='ltr'><strong>Καί</strong></span> <span class='ocrx_word' id='word_1_565' title='bbox 3414 1245 3513 1309; x_wconf 84' lang='grc' dir='ltr'><strong>τίς</strong></span> <span class='ocrx_word' id='word_1_566' title='bbox 3539 1260 3644 1296; x_wconf 84' lang='grc' dir='ltr'><strong>τυ-</strong></span> 
     </span>
    </p>
   </div>
   <div class='ocr_carea' id='block_1_77' title="bbox 2058 1335 3640 1407">
    <p class='ocr_par' dir='ltr' id='par_1_77' title="bbox 2058 1335 3640 1407">
     <span class='ocr_line' id='line_1_77' title="bbox 2058 1335 3640 1407; baseline -0.003 -14"><span class='ocrx_word' id='word_1_567' title='bbox 2058 1335 2232 1406; x_wconf 68' lang='grc' dir='ltr'><strong>φλὸς,</strong></span> <span class='ocrx_word' id='word_1_568' title='bbox 2261 1335 2400 1391; x_wconf 72' lang='grc' dir='ltr'><strong>ἀλλ’</strong></span> <span class='ocrx_word' id='word_1_569' title='bbox 2449 1336 2487 1405; x_wconf 83' lang='grc' dir='ltr'><strong><em>ἣ</em></strong></span> <span class='ocrx_word' id='word_1_570' title='bbox 2518 1340 2575 1392; x_wconf 82' lang='grc' dir='ltr'><strong>οἱ</strong></span> <span class='ocrx_word' id='word_1_571' title='bbox 2604 1337 2813 1405; x_wconf 80' lang='grc' dir='ltr'><strong>παῖδές</strong></span> <span class='ocrx_word' id='word_1_572' title='bbox 2837 1356 2980 1407; x_wconf 85' lang='grc' dir='ltr'><strong>μου,</strong></span> <span class='ocrx_word' id='word_1_573' title='bbox 3022 1338 3119 1393; x_wconf 83' lang='grc' dir='ltr'><strong>καί</strong></span> <span class='ocrx_word' id='word_1_574' title='bbox 3157 1337 3374 1406; x_wconf 63' lang='grc' dir='ltr'><strong>κωφὸς,</strong></span> <span class='ocrx_word' id='word_1_575' title='bbox 3409 1335 3561 1391; x_wconf 67' lang='grc' dir='ltr'><strong>ἀλλ’</strong></span> <span class='ocrx_word' id='word_1_576' title='bbox 3600 1335 3640 1402; x_wconf 76' lang='grc' dir='ltr'><strong>ἦ</strong></span> 
     </span>
    </p>
   </div>
   <div class='ocr_carea' id='block_1_78' title="bbox 2059 1426 3643 1500">
    <p class='ocr_par' dir='ltr' id='par_1_78' title="bbox 2059 1426 3643 1500">
     <span class='ocr_line' id='line_1_78' title="bbox 2059 1426 3643 1500; baseline -0.002 -17"><span class='ocrx_word' id='word_1_577' title='bbox 2059 1431 2113 1483; x_wconf 88' lang='grc' dir='ltr'><strong>οί</strong></span> <span class='ocrx_word' id='word_1_578' title='bbox 2147 1429 2526 1496; x_wconf 77' lang='grc' dir='ltr'><strong>κυριεύοντες</strong></span> <span class='ocrx_word' id='word_1_579' title='bbox 2548 1428 2779 1495; x_wconf 83' lang='grc' dir='ltr'><strong>αὺτῶν;</strong></span> <span class='ocrx_word' id='word_1_580' title='bbox 2808 1430 2941 1500; x_wconf 73' lang='grc' dir='ltr'><strong>Περὶ</strong></span> <span class='ocrx_word' id='word_1_581' title='bbox 2970 1430 3091 1484; x_wconf 89' lang='grc' dir='ltr'><strong>τίνα</strong></span> <span class='ocrx_word' id='word_1_582' title='bbox 3117 1428 3226 1500; x_wconf 91' lang='grc' dir='ltr'><strong>γάρ</strong></span> <span class='ocrx_word' id='word_1_583' title='bbox 3251 1430 3350 1482; x_wconf 75' lang='grc' dir='ltr'><strong>οὐκ</strong></span> <span class='ocrx_word' id='word_1_584' title='bbox 3382 1426 3643 1496; x_wconf 85' lang='grc' dir='ltr'><strong>ἐγένοντο</strong></span> 
     </span>
    </p>
   </div>
   <div class='ocr_carea' id='block_1_79' title="bbox 2059 1520 3644 1592">
    <p class='ocr_par' dir='ltr' id='par_1_79' title="bbox 2059 1520 3644 1592">
     <span class='ocr_line' id='line_1_79' title="bbox 2059 1520 3644 1592; baseline -0.001 -18"><span class='ocrx_word' id='word_1_585' title='bbox 2059 1520 2376 1590; x_wconf 81' lang='grc' dir='ltr'><strong>ἀγνώμονες</strong></span> <span class='ocrx_word' id='word_1_586' title='bbox 2416 1522 2615 1575; x_wconf 86' lang='grc' dir='ltr'><strong>ἐκεῖνοι</strong></span> <span class='ocrx_word' id='word_1_587' title='bbox 2649 1524 2744 1576; x_wconf 76' lang='grc' dir='ltr'><strong>καὶ</strong></span> <span class='ocrx_word' id='word_1_588' title='bbox 2787 1522 3104 1592; x_wconf 88' lang='grc' dir='ltr'><strong>ἀναίσθητοι</strong></span> <span class='ocrx_word' id='word_1_589' title='bbox 3128 1538 3141 1551; x_wconf 85' lang='lat'><strong><em>°</em></strong></span> <span class='ocrx_word' id='word_1_590' title='bbox 3179 1523 3307 1592; x_wconf 76' lang='grc' dir='ltr'><strong>περὶ</strong></span> <span class='ocrx_word' id='word_1_591' title='bbox 3337 1522 3462 1585; x_wconf 80' lang='grc' dir='ltr'><strong>τοὺς</strong></span> <span class='ocrx_word' id='word_1_592' title='bbox 3497 1521 3644 1573; x_wconf 86' lang='grc' dir='ltr'><strong>ἀπο-</strong></span> 
     </span>
    </p>
   </div>
   <div class='ocr_carea' id='block_1_80' title="bbox 2064 1612 3645 1686">
    <p class='ocr_par' dir='ltr' id='par_1_80' title="bbox 2064 1612 3645 1686">
     <span class='ocr_line' id='line_1_80' title="bbox 2064 1612 3645 1686; baseline -0.003 -19"><span class='ocrx_word' id='word_1_593' title='bbox 2064 1612 2304 1680; x_wconf 84' lang='grc' dir='ltr'><strong>στόλους,</strong></span> <span class='ocrx_word' id='word_1_594' title='bbox 2339 1615 2469 1684; x_wconf 78' lang='grc' dir='ltr'><strong>περὶ</strong></span> <span class='ocrx_word' id='word_1_595' title='bbox 2498 1613 2626 1678; x_wconf 82' lang='grc' dir='ltr'><strong>τοὺς</strong></span> <span class='ocrx_word' id='word_1_596' title='bbox 2657 1615 2961 1686; x_wconf 81' lang='grc' dir='ltr'><strong>προφήτας,</strong></span> <span class='ocrx_word' id='word_1_597' title='bbox 2999 1615 3130 1685; x_wconf 81' lang='grc' dir='ltr'><strong>περὶ</strong></span> <span class='ocrx_word' id='word_1_598' title='bbox 3166 1614 3292 1678; x_wconf 77' lang='grc' dir='ltr'><strong>τοὺς</strong></span> <span class='ocrx_word' id='word_1_599' title='bbox 3340 1612 3521 1668; x_wconf 80' lang='grc' dir='ltr'><strong>αὐτῶν</strong></span> <span class='ocrx_word' id='word_1_600' title='bbox 3563 1612 3645 1665; x_wconf 81' lang='grc' dir='ltr'><strong>διο</strong></span> 
     </span>
    </p>
   </div>
   <div class='ocr_carea' id='block_1_81' title="bbox 2061 1705 3645 1779">
    <p class='ocr_par' dir='ltr' id='par_1_81' title="bbox 2061 1705 3645 1779">
     <span class='ocr_line' id='line_1_81' title="bbox 2061 1705 3645 1779; baseline -0.004 -17"><span class='ocrx_word' id='word_1_601' title='bbox 2061 1706 2396 1771; x_wconf 78' lang='grc' dir='ltr'><strong>δασκάλουςς</strong></span> <span class='ocrx_word' id='word_1_602' title='bbox 2432 1705 2536 1760; x_wconf 78' lang='grc' dir='ltr'><strong>Καὶ</strong></span> <span class='ocrx_word' id='word_1_603' title='bbox 2564 1706 2619 1761; x_wconf 90' lang='grc' dir='ltr'><strong>τί</strong></span> <span class='ocrx_word' id='word_1_604' title='bbox 2651 1708 2757 1779; x_wconf 79' lang='grc' dir='ltr'><strong>χρὴ</strong></span> <span class='ocrx_word' id='word_1_605' title='bbox 2795 1708 2977 1776; x_wconf 79' lang='grc' dir='ltr'><strong>λέγειν</strong></span> <span class='ocrx_word' id='word_1_606' title='bbox 3004 1707 3352 1769; x_wconf 83' lang='grc' dir='ltr'><strong>διδασκάλους</strong></span> <span class='ocrx_word' id='word_1_607' title='bbox 3378 1706 3474 1759; x_wconf 74' lang='grc' dir='ltr'><strong>καὶ</strong></span> <span class='ocrx_word' id='word_1_608' title='bbox 3501 1720 3645 1776; x_wconf 83' lang='grc' dir='ltr'><strong>προ-</strong></span> 
     </span>
    </p>
   </div>
   <div class='ocr_carea' id='block_1_82' title="bbox 2063 1796 3643 1873">
    <p class='ocr_par' dir='ltr' id='par_1_82' title="bbox 2063 1796 3643 1873">
     <span class='ocr_line' id='line_1_82' title="bbox 2063 1796 3643 1873; baseline -0.002 -20"><span class='ocrx_word' id='word_1_609' title='bbox 2063 1800 2260 1873; x_wconf 80' lang='grc' dir='ltr'><strong>φήτας,</strong></span> <span class='ocrx_word' id='word_1_610' title='bbox 2303 1799 2506 1867; x_wconf 83' lang='grc' dir='ltr'><strong>δπουγε</strong></span> <span class='ocrx_word' id='word_1_611' title='bbox 2540 1799 2632 1852; x_wconf 68' lang='grc' dir='ltr'><strong>καὶ</strong></span> <span class='ocrx_word' id='word_1_612' title='bbox 2662 1799 2861 1863; x_wconf 78' lang='grc' dir='ltr'><strong>αὐτοὺς</strong></span> <span class='ocrx_word' id='word_1_613' title='bbox 2891 1800 3017 1863; x_wconf 71' lang='grc' dir='ltr'><strong>τοὺς</strong></span> <span class='ocrx_word' id='word_1_614' title='bbox 3065 1800 3216 1863; x_wconf 72' lang='grc' dir='ltr'><strong>υἱοὺς</strong></span> <span class='ocrx_word' id='word_1_615' title='bbox 3256 1798 3437 1852; x_wconf 80' lang='grc' dir='ltr'><strong>αὐτῶν</strong></span> <span class='ocrx_word' id='word_1_616' title='bbox 3468 1796 3643 1851; x_wconf 81' lang='grc' dir='ltr'><strong>κατέ-</strong></span> 
     </span>
    </p>
   </div>
   <div class='ocr_carea' id='block_1_83' title="bbox 2064 1877 3645 1964">
    <p class='ocr_par' dir='ltr' id='par_1_83' title="bbox 2064 1877 3645 1964">
     <span class='ocr_line' id='line_1_83' title="bbox 2064 1877 3645 1964; baseline -0.004 -17"><span class='ocrx_word' id='word_1_617' title='bbox 2064 1889 2307 1961; x_wconf 75' lang='grc' dir='ltr'><strong>σφαξανς</strong></span> <span class='ocrx_word' id='word_1_618' title='bbox 2368 1890 2610 1945; x_wconf 83' lang='grc' dir='ltr'><strong>Ἔθυσαν</strong></span> <span class='ocrx_word' id='word_1_619' title='bbox 2651 1892 2763 1964; x_wconf 84' lang='grc' dir='ltr'><strong>γὰρ</strong></span> <span class='ocrx_word' id='word_1_620' title='bbox 2802 1877 2928 1955; x_wconf 70' lang='grc' dir='ltr'><strong>τοὺς</strong></span> <span class='ocrx_word' id='word_1_621' title='bbox 2974 1893 3122 1956; x_wconf 75' lang='grc' dir='ltr'><strong>υἱοὺς</strong></span> <span class='ocrx_word' id='word_1_622' title='bbox 3172 1889 3350 1944; x_wconf 76' lang='grc' dir='ltr'><strong>αὐτῶν</strong></span> <span class='ocrx_word' id='word_1_623' title='bbox 3394 1889 3492 1943; x_wconf 77' lang='grc' dir='ltr'><strong>καὶ</strong></span> <span class='ocrx_word' id='word_1_624' title='bbox 3541 1888 3645 1950; x_wconf 84' lang='grc' dir='ltr'><strong>τάς</strong></span> 
     </span>
    </p>
   </div>
   <div class='ocr_carea' id='block_1_84' title="bbox 2064 1981 3646 2056">
    <p class='ocr_par' dir='ltr' id='par_1_84' title="bbox 2064 1981 3646 2056">
     <span class='ocr_line' id='line_1_84' title="bbox 2064 1981 3646 2056; baseline -0.001 -17"><span class='ocrx_word' id='word_1_625' title='bbox 2064 1984 2370 2056; x_wconf 87' lang='grc' dir='ltr'><strong>θυγατέρας</strong></span> <span class='ocrx_word' id='word_1_626' title='bbox 2398 1983 2576 2038; x_wconf 83' lang='grc' dir='ltr'><strong>αὐτῶν</strong></span> <span class='ocrx_word' id='word_1_627' title='bbox 2606 1987 2717 2049; x_wconf 89' lang='grc' dir='ltr'><strong>τοῖς</strong></span> <span class='ocrx_word' id='word_1_628' title='bbox 2756 1983 3066 2055; x_wconf 86' lang='grc' dir='ltr'><strong>δαιμονίοις.</strong></span> <span class='ocrx_word' id='word_1_629' title='bbox 3111 1983 3221 2054; x_wconf 78' lang='grc' dir='ltr'><strong>Τὴν</strong></span> <span class='ocrx_word' id='word_1_630' title='bbox 3252 1983 3413 2052; x_wconf 85' lang='grc' dir='ltr'><strong>φύσιν</strong></span> <span class='ocrx_word' id='word_1_631' title='bbox 3439 1981 3646 2052; x_wconf 76' lang='grc' dir='ltr'><strong>ἠγνόη-</strong></span> 
     </span>
    </p>
   </div>
   <div class='ocr_carea' id='block_1_85' title="bbox 2066 2074 3649 2147">
    <p class='ocr_par' dir='ltr' id='par_1_85' title="bbox 2066 2074 3649 2147">
     <span class='ocr_line' id='line_1_85' title="bbox 2066 2074 3649 2147; baseline -0.002 -18"><span class='ocrx_word' id='word_1_632' title='bbox 2066 2093 2186 2142; x_wconf 91' lang='grc' dir='ltr'><strong>σαν,</strong></span> <span class='ocrx_word' id='word_1_633' title='bbox 2246 2078 2343 2130; x_wconf 72' lang='grc' dir='ltr'><strong>καὶ</strong></span> <span class='ocrx_word' id='word_1_634' title='bbox 2388 2075 2605 2147; x_wconf 76' lang='grc' dir='ltr'><strong>ἡμέρας</strong></span> <span class='ocrx_word' id='word_1_635' title='bbox 2652 2075 2887 2146; x_wconf 73' lang='grc' dir='ltr'><strong>ἤμελλον</strong></span> <span class='ocrx_word' id='word_1_636' title='bbox 2933 2077 3310 2146; x_wconf 82' lang='grc' dir='ltr'><strong>παρατηρεῖν;</strong></span> <span class='ocrx_word' id='word_1_637' title='bbox 3348 2074 3471 2127; x_wconf 78' lang='grc' dir='ltr'><strong>εἰπέ</strong></span> <span class='ocrx_word' id='word_1_638' title='bbox 3514 2090 3609 2144; x_wconf 88' lang='grc' dir='ltr'><strong>μοι</strong></span> <span class='ocrx_word' id='word_1_639' title='bbox 3636 2083 3649 2095; x_wconf 85' lang='grc'><em>’</em></span> 
     </span>
    </p>
   </div>
   <div class='ocr_carea' id='block_1_86' title="bbox 2064 2167 3646 2243">
    <p class='ocr_par' dir='ltr' id='par_1_86' title="bbox 2064 2167 3646 2243">
     <span class='ocr_line' id='line_1_86' title="bbox 2064 2167 3646 2243; baseline -0.001 -19"><span class='ocrx_word' id='word_1_640' title='bbox 2064 2170 2163 2243; x_wconf 81' lang='grc' dir='ltr'><strong>τὴν</strong></span> <span class='ocrx_word' id='word_1_641' title='bbox 2202 2170 2523 2239; x_wconf 86' lang='grc' dir='ltr'><strong>συγγένειαν</strong></span> <span class='ocrx_word' id='word_1_642' title='bbox 2571 2169 2977 2241; x_wconf 88' lang='grc' dir='ltr'><strong>κατεπάτησαν,</strong></span> <span class='ocrx_word' id='word_1_643' title='bbox 3032 2168 3140 2223; x_wconf 81' lang='grc' dir='ltr'><strong>τῶν</strong></span> <span class='ocrx_word' id='word_1_644' title='bbox 3190 2167 3397 2222; x_wconf 86' lang='grc' dir='ltr'><strong>τέκνων</strong></span> <span class='ocrx_word' id='word_1_645' title='bbox 3448 2167 3646 2223; x_wconf 84' lang='grc' dir='ltr'><strong>ἐπελά-</strong></span> 
     </span>
    </p>
   </div>
   <div class='ocr_carea' id='block_1_87' title="bbox 2067 2259 3648 2330">
    <p class='ocr_par' dir='ltr' id='par_1_87' title="bbox 2067 2259 3648 2330">
     <span class='ocr_line' id='line_1_87' title="bbox 2067 2259 3648 2330; baseline -0.003 -12"><span class='ocrx_word' id='word_1_646' title='bbox 2067 2263 2248 2329; x_wconf 90' lang='grc' dir='ltr'><strong>θοντο,</strong></span> <span class='ocrx_word' id='word_1_647' title='bbox 2288 2260 2455 2315; x_wconf 82' lang='grc' dir='ltr'><strong>αύτοῦ</strong></span> <span class='ocrx_word' id='word_1_648' title='bbox 2506 2260 2598 2316; x_wconf 80' lang='grc' dir='ltr'><strong>τοῦ</strong></span> <span class='ocrx_word' id='word_1_649' title='bbox 2642 2261 3002 2330; x_wconf 83' lang='grc' dir='ltr'><strong>πεποιηκότος</strong></span> <span class='ocrx_word' id='word_1_650' title='bbox 3041 2260 3240 2325; x_wconf 71' lang='grc' dir='ltr'><strong>αὐτοὺς</strong></span> <span class='ocrx_word' id='word_1_651' title='bbox 3273 2259 3407 2314; x_wconf 85' lang='grc' dir='ltr'><strong>Θεοῦ</strong></span> <span class='ocrx_word' id='word_1_652' title='bbox 3449 2260 3648 2314; x_wconf 80' lang='grc' dir='ltr'><strong>ἐπελά-</strong></span> 
     </span>
    </p>
   </div>
   <div class='ocr_carea' id='block_1_88' title="bbox 2067 2351 3645 2423">
    <p class='ocr_par' dir='ltr' id='par_1_88' title="bbox 2067 2351 3645 2423">
     <span class='ocr_line' id='line_1_88' title="bbox 2067 2351 3645 2423; baseline 0.001 -17"><span class='ocrx_word' id='word_1_653' title='bbox 2067 2352 2222 2407; x_wconf 90' lang='grc' dir='ltr'><strong>θοντο</strong></span> <span class='ocrx_word' id='word_1_654' title='bbox 2243 2370 2257 2385; x_wconf 81' lang='grc'><strong>’</strong></span> <span class='ocrx_word' id='word_1_655' title='bbox 2278 2353 2428 2408; x_wconf 78' lang='grc' dir='ltr'><strong>Θεὸν</strong></span> <span class='ocrx_word' id='word_1_656' title='bbox 2443 2351 2571 2423; x_wconf 77' lang='grc' dir='ltr'><strong>γὰρ,</strong></span> <span class='ocrx_word' id='word_1_657' title='bbox 2596 2352 2750 2423; x_wconf 79' lang='grc' dir='ltr'><strong>φησὶ,</strong></span> <span class='ocrx_word' id='word_1_658' title='bbox 2783 2353 2889 2406; x_wconf 77' lang='grc' dir='ltr'><strong>τὸν</strong></span> <span class='ocrx_word' id='word_1_659' title='bbox 2915 2352 3298 2422; x_wconf 65' lang='grc' dir='ltr'><strong>τεννηξσαντά</strong></span> <span class='ocrx_word' id='word_1_660' title='bbox 3323 2370 3398 2408; x_wconf 83' lang='grc' dir='ltr'><strong>σε</strong></span> <span class='ocrx_word' id='word_1_661' title='bbox 3427 2354 3645 2422; x_wconf 76' lang='grc' dir='ltr'><strong>ἐγκατο</strong></span> 
     </span>
    </p>
   </div>
   <div class='ocr_carea' id='block_1_89' title="bbox 2066 2443 3644 2513">
    <p class='ocr_par' dir='ltr' id='par_1_89' title="bbox 2066 2443 3644 2513">
     <span class='ocr_line' id='line_1_89' title="bbox 2066 2443 3644 2513; baseline -0.001 -15"><span class='ocrx_word' id='word_1_662' title='bbox 2066 2444 2291 2511; x_wconf 75' lang='grc' dir='ltr'><strong>έλιπες,</strong></span> <span class='ocrx_word' id='word_1_663' title='bbox 2336 2444 2435 2499; x_wconf 82' lang='grc' dir='ltr'><strong>καί</strong></span> <span class='ocrx_word' id='word_1_664' title='bbox 2465 2443 2764 2499; x_wconf 72' lang='grc' dir='ltr'><strong>ἐπελάθου</strong></span> <span class='ocrx_word' id='word_1_665' title='bbox 2813 2445 2961 2498; x_wconf 84' lang='grc' dir='ltr'><strong>Θεοῦ</strong></span> <span class='ocrx_word' id='word_1_666' title='bbox 3016 2444 3123 2498; x_wconf 87' lang='grc' dir='ltr'><strong>τοῦ</strong></span> <span class='ocrx_word' id='word_1_667' title='bbox 3168 2445 3493 2513; x_wconf 66' lang='grc' dir='ltr'><strong>τρέφοντος</strong></span> <span class='ocrx_word' id='word_1_668' title='bbox 3532 2460 3612 2499; x_wconf 88' lang='grc' dir='ltr'><strong>σε</strong></span> <span class='ocrx_word' id='word_1_669' title='bbox 3628 2464 3644 2476; x_wconf 88' lang='grc'>·</span> 
     </span>
    </p>
   </div>
   <div class='ocr_carea' id='block_1_90' title="bbox 2067 2534 3645 2607">
    <p class='ocr_par' dir='ltr' id='par_1_90' title="bbox 2067 2534 3645 2607">
     <span class='ocr_line' id='line_1_90' title="bbox 2067 2534 3645 2607; baseline -0.001 -18"><span class='ocrx_word' id='word_1_670' title='bbox 2067 2536 2159 2589; x_wconf 91' lang='grc' dir='ltr'><strong>τὸν</strong></span> <span class='ocrx_word' id='word_1_671' title='bbox 2196 2536 2332 2590; x_wconf 84' lang='grc' dir='ltr'><strong>Θεὸν</strong></span> <span class='ocrx_word' id='word_1_672' title='bbox 2362 2536 2741 2604; x_wconf 80' lang='grc' dir='ltr'><strong>ἐγκατέλιπον,</strong></span> <span class='ocrx_word' id='word_1_673' title='bbox 2773 2536 2868 2588; x_wconf 83' lang='grc' dir='ltr'><strong>καὶ</strong></span> <span class='ocrx_word' id='word_1_674' title='bbox 2898 2534 3093 2605; x_wconf 78' lang='grc' dir='ltr'><strong>ἑορτὰς</strong></span> <span class='ocrx_word' id='word_1_675' title='bbox 3140 2535 3426 2603; x_wconf 83' lang='grc' dir='ltr'><strong>φυλάττειν</strong></span> <span class='ocrx_word' id='word_1_676' title='bbox 3475 2537 3645 2607; x_wconf 70' lang='grc' dir='ltr'><strong>ἧμελ-</strong></span> 
     </span>
    </p>
   </div>
   <div class='ocr_carea' id='block_1_91' title="bbox 2068 2627 3650 2697">
    <p class='ocr_par' dir='ltr' id='par_1_91' title="bbox 2068 2627 3650 2697">
     <span class='ocr_line' id='line_1_91' title="bbox 2068 2627 3650 2697; baseline 0.001 -17"><span class='ocrx_word' id='word_1_677' title='bbox 2068 2628 2187 2691; x_wconf 86' lang='grc' dir='ltr'><strong>λον;</strong></span> <span class='ocrx_word' id='word_1_678' title='bbox 2218 2628 2312 2681; x_wconf 80' lang='grc' dir='ltr'><strong>καὶ</strong></span> <span class='ocrx_word' id='word_1_679' title='bbox 2335 2628 2418 2691; x_wconf 86' lang='grc' dir='ltr'><strong>τίς</strong></span> <span class='ocrx_word' id='word_1_680' title='bbox 2444 2628 2511 2681; x_wconf 79' lang='grc' dir='ltr'><strong>ἂν</strong></span> <span class='ocrx_word' id='word_1_681' title='bbox 2531 2627 2690 2680; x_wconf 82' lang='grc' dir='ltr'><strong>τοῦτο</strong></span> <span class='ocrx_word' id='word_1_682' title='bbox 2719 2628 2896 2692; x_wconf 83' lang='grc' dir='ltr'><strong>εἴποι;</strong></span> <span class='ocrx_word' id='word_1_683' title='bbox 2940 2627 3092 2681; x_wconf 77' lang='grc' dir='ltr'><strong>Ἐπεὶ</strong></span> <span class='ocrx_word' id='word_1_684' title='bbox 3125 2629 3220 2682; x_wconf 76' lang='grc' dir='ltr'><strong>καὶ</strong></span> <span class='ocrx_word' id='word_1_685' title='bbox 3243 2630 3273 2683; x_wconf 90' lang='lat'><strong>6</strong></span> <span class='ocrx_word' id='word_1_686' title='bbox 3301 2629 3534 2697; x_wconf 78' lang='grc' dir='ltr'><strong>Χριστὸς</strong></span> <span class='ocrx_word' id='word_1_687' title='bbox 3560 2629 3650 2682; x_wconf 70' lang='grc' dir='ltr'><strong>διὰ</strong></span> 
     </span>
    </p>
   </div>
   <div class='ocr_carea' id='block_1_92' title="bbox 2067 2719 3767 2791">
    <p class='ocr_par' dir='ltr' id='par_1_92' title="bbox 2067 2719 3767 2791">
     <span class='ocr_line' id='line_1_92' title="bbox 2067 2719 3767 2791; baseline 0.002 -18"><span class='ocrx_word' id='word_1_688' title='bbox 2067 2719 2227 2773; x_wconf 76' lang='grc' dir='ltr'><strong>τοῦτο</strong></span> <span class='ocrx_word' id='word_1_689' title='bbox 2263 2721 2377 2791; x_wconf 85' lang='grc' dir='ltr'><strong>μετ’</strong></span> <span class='ocrx_word' id='word_1_690' title='bbox 2411 2719 2587 2773; x_wconf 75' lang='grc' dir='ltr'><strong>αὐτῶν</strong></span> <span class='ocrx_word' id='word_1_691' title='bbox 2614 2719 2677 2773; x_wconf 92' lang='grc' dir='ltr'><strong>τὸ</strong></span> <span class='ocrx_word' id='word_1_692' title='bbox 2707 2720 2890 2791; x_wconf 88' lang='grc' dir='ltr'><strong>πάσχα</strong></span> <span class='ocrx_word' id='word_1_693' title='bbox 2919 2719 3193 2789; x_wconf 75' lang='grc' dir='ltr'><strong>ἐποίησεν,</strong></span> <span class='ocrx_word' id='word_1_694' title='bbox 3220 2722 3318 2790; x_wconf 78' lang='grc' dir='ltr'><strong>οὐχ</strong></span> <span class='ocrx_word' id='word_1_695' title='bbox 3357 2721 3447 2774; x_wconf 81' lang='grc' dir='ltr'><strong>ἵνα</strong></span> <span class='ocrx_word' id='word_1_696' title='bbox 3481 2721 3651 2774; x_wconf 74' lang='grc' dir='ltr'><strong>ποιῶ·</strong></span> <span class='ocrx_word' id='word_1_697' title='bbox 3758 2769 3767 2778; x_wconf 90' lang='grc'><strong>.</strong></span> 
     </span>
    </p>
   </div>
   <div class='ocr_carea' id='block_1_93' title="bbox 2072 2810 3652 2883">
    <p class='ocr_par' dir='ltr' id='par_1_93' title="bbox 2072 2810 3652 2883">
     <span class='ocr_line' id='line_1_93' title="bbox 2072 2810 3652 2883; baseline 0.001 -19"><span class='ocrx_word' id='word_1_698' title='bbox 2072 2829 2170 2881; x_wconf 83' lang='grc' dir='ltr'><strong>μεν</strong></span> <span class='ocrx_word' id='word_1_699' title='bbox 2202 2814 2362 2883; x_wconf 84' lang='grc' dir='ltr'><strong>ἡμεῖς</strong></span> <span class='ocrx_word' id='word_1_700' title='bbox 2411 2812 2527 2881; x_wconf 78' lang='grc' dir='ltr'><strong>μετ’</strong></span> <span class='ocrx_word' id='word_1_701' title='bbox 2561 2811 2807 2872; x_wconf 86' lang='grc' dir='ltr'><strong>ἐκείνων,</strong></span> <span class='ocrx_word' id='word_1_702' title='bbox 2841 2810 2954 2865; x_wconf 81' lang='grc' dir='ltr'><strong>ἀλλ’</strong></span> <span class='ocrx_word' id='word_1_703' title='bbox 2985 2811 3073 2865; x_wconf 78' lang='grc' dir='ltr'><strong>ἵνα</strong></span> <span class='ocrx_word' id='word_1_704' title='bbox 3101 2815 3167 2883; x_wconf 81' lang='grc' dir='ltr'><strong>τῇ</strong></span> <span class='ocrx_word' id='word_1_705' title='bbox 3210 2814 3337 2883; x_wconf 75' lang='grc' dir='ltr'><strong>σκιᾷ</strong></span> <span class='ocrx_word' id='word_1_706' title='bbox 3381 2813 3481 2880; x_wconf 79' lang='grc' dir='ltr'><strong>τὴν</strong></span> <span class='ocrx_word' id='word_1_707' title='bbox 3517 2813 3652 2883; x_wconf 75' lang='grc' dir='ltr'><strong>ἀλή-</strong></span> 
     </span>
    </p>
   </div>
   <div class='ocr_carea' id='block_1_94' title="bbox 2070 2902 3650 2974">
    <p class='ocr_par' dir='ltr' id='par_1_94' title="bbox 2070 2902 3650 2974">
     <span class='ocr_line' id='line_1_94' title="bbox 2070 2902 3650 2974; baseline -0.001 -18"><span class='ocrx_word' id='word_1_708' title='bbox 2070 2902 2221 2956; x_wconf 87' lang='grc' dir='ltr'><strong>θειαν</strong></span> <span class='ocrx_word' id='word_1_709' title='bbox 2259 2903 2533 2973; x_wconf 81' lang='grc' dir='ltr'><strong>ἐπαγάγῃ.</strong></span> <span class='ocrx_word' id='word_1_710' title='bbox 2580 2903 2689 2955; x_wconf 71' lang='grc' dir='ltr'><strong>Καὶ</strong></span> <span class='ocrx_word' id='word_1_711' title='bbox 2723 2903 2830 2974; x_wconf 86' lang='grc' dir='ltr'><strong>γάρ</strong></span> <span class='ocrx_word' id='word_1_712' title='bbox 2876 2903 2971 2957; x_wconf 77' lang='grc' dir='ltr'><strong>καὶ</strong></span> <span class='ocrx_word' id='word_1_713' title='bbox 3021 2904 3320 2974; x_wconf 83' lang='grc' dir='ltr'><strong>περιτομὴν</strong></span> <span class='ocrx_word' id='word_1_714' title='bbox 3366 2903 3650 2973; x_wconf 83' lang='grc' dir='ltr'><strong>ὑπέμεινε,</strong></span> 
     </span>
    </p>
   </div>
   <div class='ocr_carea' id='block_1_95' title="bbox 2068 2994 3653 3064">
    <p class='ocr_par' dir='ltr' id='par_1_95' title="bbox 2068 2994 3653 3064">
     <span class='ocr_line' id='line_1_95' title="bbox 2068 2994 3653 3064; baseline -0.001 -16"><span class='ocrx_word' id='word_1_715' title='bbox 2068 2994 2165 3048; x_wconf 72' lang='grc' dir='ltr'><strong>καὶ</strong></span> <span class='ocrx_word' id='word_1_716' title='bbox 2215 2994 2459 3048; x_wconf 81' lang='grc' dir='ltr'><strong>σάϐϐατα</strong></span> <span class='ocrx_word' id='word_1_717' title='bbox 2498 2994 2757 3063; x_wconf 82' lang='grc' dir='ltr'><strong>ἐτήρησε,</strong></span> <span class='ocrx_word' id='word_1_718' title='bbox 2811 2996 2907 3047; x_wconf 71' lang='grc' dir='ltr'><strong>καὶ</strong></span> <span class='ocrx_word' id='word_1_719' title='bbox 2957 2994 3150 3064; x_wconf 84' lang='grc' dir='ltr'><strong>ἐορτάς</strong></span> <span class='ocrx_word' id='word_1_720' title='bbox 3200 2995 3507 3057; x_wconf 83' lang='grc' dir='ltr'><strong>ἐπετέλεσε,</strong></span> <span class='ocrx_word' id='word_1_721' title='bbox 3558 2998 3653 3049; x_wconf 68' lang='grc' dir='ltr'><strong>καὶ</strong></span> 
     </span>
    </p>
   </div>
   <div class='ocr_carea' id='block_1_96' title="bbox 2069 3084 3654 3157">
    <p class='ocr_par' dir='ltr' id='par_1_96' title="bbox 2069 3084 3654 3157">
     <span class='ocr_line' id='line_1_96' title="bbox 2069 3084 3654 3157; baseline 0 -18"><span class='ocrx_word' id='word_1_722' title='bbox 2069 3086 2254 3157; x_wconf 78' lang='grc' dir='ltr'><strong>ἄζυμα</strong></span> <span class='ocrx_word' id='word_1_723' title='bbox 2298 3085 2490 3153; x_wconf 81' lang='grc' dir='ltr'><strong>ἔφαγε,</strong></span> <span class='ocrx_word' id='word_1_724' title='bbox 2527 3085 2620 3138; x_wconf 74' lang='grc' dir='ltr'><strong>καὶ</strong></span> <span class='ocrx_word' id='word_1_725' title='bbox 2669 3087 2726 3139; x_wconf 85' lang='grc' dir='ltr'><strong>ἐν</strong></span> <span class='ocrx_word' id='word_1_726' title='bbox 2768 3084 3161 3156; x_wconf 82' lang='grc' dir='ltr'><strong>Ἱεροσολύμοις</strong></span> <span class='ocrx_word' id='word_1_727' title='bbox 3198 3085 3373 3140; x_wconf 76' lang='grc' dir='ltr'><strong>ταῦτα</strong></span> <span class='ocrx_word' id='word_1_728' title='bbox 3415 3086 3654 3157; x_wconf 77' lang='grc' dir='ltr'><strong>ἔπραξεν</strong></span> 
     </span>
    </p>
   </div>
   <div class='ocr_carea' id='block_1_97' title="bbox 2072 3176 3653 3248">
    <p class='ocr_par' dir='ltr' id='par_1_97' title="bbox 2072 3176 3653 3248">
     <span class='ocr_line' id='line_1_97' title="bbox 2072 3176 3653 3248; baseline 0.001 -18"><span class='ocrx_word' id='word_1_729' title='bbox 2072 3176 2305 3231; x_wconf 75' lang='grc' dir='ltr'><strong>ἅπαντα.</strong></span> <span class='ocrx_word' id='word_1_730' title='bbox 2352 3176 2490 3230; x_wconf 80' lang='grc' dir='ltr'><strong>Ἀλλ’</strong></span> <span class='ocrx_word' id='word_1_731' title='bbox 2519 3177 2695 3230; x_wconf 69' lang='grc' dir='ltr'><strong>οὐδενὶ</strong></span> <span class='ocrx_word' id='word_1_732' title='bbox 2716 3177 2920 3230; x_wconf 86' lang='grc' dir='ltr'><strong>τούτων</strong></span> <span class='ocrx_word' id='word_1_733' title='bbox 2943 3179 3104 3248; x_wconf 77' lang='grc' dir='ltr'><strong>ἡμεῖς</strong></span> <span class='ocrx_word' id='word_1_734' title='bbox 3131 3176 3494 3247; x_wconf 86' lang='grc' dir='ltr'><strong>ὑποκείμεθα,</strong></span> <span class='ocrx_word' id='word_1_735' title='bbox 3517 3179 3653 3232; x_wconf 80' lang='grc' dir='ltr'><strong>ἀλλά</strong></span> 
     </span>
    </p>
   </div>
   <div class='ocr_carea' id='block_1_98' title="bbox 2075 3266 3655 3339">
    <p class='ocr_par' dir='ltr' id='par_1_98' title="bbox 2075 3266 3655 3339">
     <span class='ocr_line' id='line_1_98' title="bbox 2075 3266 3655 3339; baseline -0.003 -16"><span class='ocrx_word' id='word_1_736' title='bbox 2075 3266 2173 3339; x_wconf 80' lang='grc' dir='ltr'><strong>βοᾷ</strong></span> <span class='ocrx_word' id='word_1_737' title='bbox 2202 3268 2411 3330; x_wconf 74' lang='grc' dir='ltr'><strong>Παῦλος</strong></span> <span class='ocrx_word' id='word_1_738' title='bbox 2442 3268 2616 3335; x_wconf 82' lang='grc' dir='ltr'><strong>λέγων</strong></span> <span class='ocrx_word' id='word_1_739' title='bbox 2636 3284 2651 3298; x_wconf 69' lang='grc'>⁸</span> <span class='ocrx_word' id='word_1_740' title='bbox 2714 3267 2855 3322; x_wconf 80' lang='grc' dir='ltr'><strong>Ἐὰν</strong></span> <span class='ocrx_word' id='word_1_741' title='bbox 2894 3269 3346 3337; x_wconf 80' lang='grc' dir='ltr'><strong>περιτέμνησθε,</strong></span> <span class='ocrx_word' id='word_1_742' title='bbox 3400 3272 3655 3337; x_wconf 71' lang='grc' dir='ltr'><strong>Χριστὸς</strong></span> 
     </span>
    </p>
   </div>
   <div class='ocr_carea' id='block_1_99' title="bbox 2071 3358 3657 3431">
    <p class='ocr_par' dir='ltr' id='par_1_99' title="bbox 2071 3358 3657 3431">
     <span class='ocr_line' id='line_1_99' title="bbox 2071 3358 3657 3431; baseline 0 -17"><span class='ocrx_word' id='word_1_743' title='bbox 2071 3358 2230 3427; x_wconf 82' lang='grc' dir='ltr'><strong>ὑμᾶς</strong></span> <span class='ocrx_word' id='word_1_744' title='bbox 2273 3359 2453 3412; x_wconf 84' lang='grc' dir='ltr'><strong>οὐδὲν</strong></span> <span class='ocrx_word' id='word_1_745' title='bbox 2479 3359 2802 3429; x_wconf 65' lang='grc' dir='ltr'><strong>ὠφελήσει.</strong></span> <span class='ocrx_word' id='word_1_746' title='bbox 2838 3359 2949 3414; x_wconf 78' lang='grc' dir='ltr'><strong>Καὶ</strong></span> <span class='ocrx_word' id='word_1_747' title='bbox 2987 3360 3114 3431; x_wconf 79' lang='grc' dir='ltr'><strong>περὶ</strong></span> <span class='ocrx_word' id='word_1_748' title='bbox 3140 3358 3249 3412; x_wconf 85' lang='grc' dir='ltr'><strong>τῶν</strong></span> <span class='ocrx_word' id='word_1_749' title='bbox 3281 3359 3509 3429; x_wconf 76' lang='grc' dir='ltr'><strong>ἀζύμων</strong></span> <span class='ocrx_word' id='word_1_750' title='bbox 3552 3363 3657 3414; x_wconf 80' lang='grc' dir='ltr'><strong>πά-</strong></span> 
     </span>
    </p>
   </div>
   <div class='ocr_carea' id='block_1_100' title="bbox 2073 3449 3658 3521">
    <p class='ocr_par' dir='ltr' id='par_1_100' title="bbox 2073 3449 3658 3521">
     <span class='ocr_line' id='line_1_100' title="bbox 2073 3449 3658 3521; baseline 0.001 -18"><span class='ocrx_word' id='word_1_751' title='bbox 2073 3451 2154 3504; x_wconf 93' lang='grc' dir='ltr'><strong>λιν</strong></span> <span class='ocrx_word' id='word_1_752' title='bbox 2182 3472 2185 3475; x_wconf 57' lang='grc' dir='ltr'><strong>λ</strong></span> <span class='ocrx_word' id='word_1_753' title='bbox 2216 3452 2400 3505; x_wconf 84' lang='grc' dir='ltr'><strong>Ὥστε</strong></span> <span class='ocrx_word' id='word_1_754' title='bbox 2429 3449 2809 3519; x_wconf 79' lang='grc' dir='ltr'><strong>ἑορτάζωμεν,</strong></span> <span class='ocrx_word' id='word_1_755' title='bbox 2832 3451 2919 3519; x_wconf 74' lang='grc' dir='ltr'><strong>μὴ</strong></span> <span class='ocrx_word' id='word_1_756' title='bbox 2941 3452 3011 3504; x_wconf 83' lang='grc' dir='ltr'><strong>ἐν</strong></span> <span class='ocrx_word' id='word_1_757' title='bbox 3042 3452 3188 3520; x_wconf 79' lang='grc' dir='ltr'><strong>ζύμῃ</strong></span> <span class='ocrx_word' id='word_1_758' title='bbox 3223 3451 3471 3518; x_wconf 69' lang='grc' dir='ltr'><strong>παλαιᾷ,</strong></span> <span class='ocrx_word' id='word_1_759' title='bbox 3502 3453 3658 3521; x_wconf 77' lang='grc' dir='ltr'><strong>μηδὲ</strong></span> 
     </span>
    </p>
   </div>
   <div class='ocr_carea' id='block_1_101' title="bbox 2072 3541 3656 3613">
    <p class='ocr_par' dir='ltr' id='par_1_101' title="bbox 2072 3541 3656 3613">
     <span class='ocr_line' id='line_1_101' title="bbox 2072 3541 3656 3613; baseline 0.001 -18"><span class='ocrx_word' id='word_1_760' title='bbox 2072 3542 2142 3595; x_wconf 86' lang='grc' dir='ltr'><strong>ὲν</strong></span> <span class='ocrx_word' id='word_1_761' title='bbox 2168 3541 2313 3612; x_wconf 79' lang='grc' dir='ltr'><strong>ζύμῃ</strong></span> <span class='ocrx_word' id='word_1_762' title='bbox 2345 3544 2558 3609; x_wconf 83' lang='grc' dir='ltr'><strong>κακίας</strong></span> <span class='ocrx_word' id='word_1_763' title='bbox 2591 3543 2690 3596; x_wconf 81' lang='grc' dir='ltr'><strong>καί</strong></span> <span class='ocrx_word' id='word_1_764' title='bbox 2727 3545 3036 3610; x_wconf 75' lang='grc' dir='ltr'><strong>πονηρίας,</strong></span> <span class='ocrx_word' id='word_1_765' title='bbox 3072 3545 3211 3598; x_wconf 73' lang='grc' dir='ltr'><strong>ἀλλ’</strong></span> <span class='ocrx_word' id='word_1_766' title='bbox 3231 3544 3557 3613; x_wconf 71' lang='grc' dir='ltr'><strong>ὲνάζῢμοις</strong></span> <span class='ocrx_word' id='word_1_767' title='bbox 3576 3550 3656 3598; x_wconf 79' lang='grc' dir='ltr'><strong>εί-</strong></span> 
     </span>
    </p>
   </div>
   <div class='ocr_carea' id='block_1_102' title="bbox 2071 3635 3656 3708">
    <p class='ocr_par' dir='ltr' id='par_1_102' title="bbox 2071 3635 3656 3708">
     <span class='ocr_line' id='line_1_102' title="bbox 2071 3635 3656 3708; baseline 0.002 -20"><span class='ocrx_word' id='word_1_768' title='bbox 2071 3636 2403 3703; x_wconf 78' lang='grc' dir='ltr'><strong>λικρινειάς</strong></span> <span class='ocrx_word' id='word_1_769' title='bbox 2432 3635 2531 3689; x_wconf 85' lang='grc' dir='ltr'><strong>καὶ</strong></span> <span class='ocrx_word' id='word_1_770' title='bbox 2560 3635 2860 3704; x_wconf 74' lang='grc' dir='ltr'><strong>ἀληθείας.</strong></span> <span class='ocrx_word' id='word_1_771' title='bbox 2910 3636 2969 3688; x_wconf 79' lang='grc'><strong>’11</strong></span> <span class='ocrx_word' id='word_1_772' title='bbox 2980 3637 3094 3707; x_wconf 80' lang='grc' dir='ltr'><strong>μῶν</strong></span> <span class='ocrx_word' id='word_1_773' title='bbox 3123 3636 3233 3708; x_wconf 89' lang='lat'><strong>7&amp;9</strong></span> <span class='ocrx_word' id='word_1_774' title='bbox 3251 3636 3321 3689; x_wconf 87' lang='grc' dir='ltr'><strong>τά</strong></span> <span class='ocrx_word' id='word_1_775' title='bbox 3342 3636 3530 3707; x_wconf 78' lang='grc' dir='ltr'><strong>ἄζυμα</strong></span> <span class='ocrx_word' id='word_1_776' title='bbox 3557 3639 3656 3691; x_wconf 76' lang='grc' dir='ltr'><strong>οὐκ</strong></span> 
     </span>
    </p>
   </div>
   <div class='ocr_carea' id='block_1_103' title="bbox 2074 3724 3659 3799">
    <p class='ocr_par' dir='ltr' id='par_1_103' title="bbox 2074 3724 3659 3799">
     <span class='ocr_line' id='line_1_103' title="bbox 2074 3724 3659 3799; baseline 0 -20"><span class='ocrx_word' id='word_1_777' title='bbox 2074 3726 2299 3795; x_wconf 83' lang='grc' dir='ltr'><strong>ἄλευρον</strong></span> <span class='ocrx_word' id='word_1_778' title='bbox 2329 3724 2737 3796; x_wconf 81' lang='grc' dir='ltr'><strong>πεφυραμένον,</strong></span> <span class='ocrx_word' id='word_1_779' title='bbox 2777 3725 2890 3778; x_wconf 79' lang='grc' dir='ltr'><strong>ἀλλ’</strong></span> <span class='ocrx_word' id='word_1_780' title='bbox 2922 3728 3223 3799; x_wconf 76' lang='grc' dir='ltr'><strong>εἰλικρινὴς</strong></span> <span class='ocrx_word' id='word_1_781' title='bbox 3264 3728 3536 3792; x_wconf 83' lang='grc' dir='ltr'><strong>πολιτεία,</strong></span> <span class='ocrx_word' id='word_1_782' title='bbox 3565 3729 3659 3781; x_wconf 75' lang='grc' dir='ltr'><strong>καὶ</strong></span> 
     </span>
    </p>
   </div>
   <div class='ocr_carea' id='block_1_104' title="bbox 2076 3817 2495 3890">
    <p class='ocr_par' dir='ltr' id='par_1_104' title="bbox 2076 3817 2495 3890">
     <span class='ocr_line' id='line_1_104' title="bbox 2076 3817 2495 3890; baseline 0.005 -20"><span class='ocrx_word' id='word_1_783' title='bbox 2076 3817 2188 3888; x_wconf 85' lang='grc' dir='ltr'><strong>βίος</strong></span> <span class='ocrx_word' id='word_1_784' title='bbox 2221 3818 2495 3890; x_wconf 86' lang='grc' dir='ltr'><strong>ἐνάρετος.</strong></span> 
     </span>
    </p>
   </div>
   <div class='ocr_carea' id='block_1_105' title="bbox 2142 3952 3661 4029">
    <p class='ocr_par' dir='ltr' id='par_1_105' title="bbox 2142 3952 3661 4029">
     <span class='ocr_line' id='line_1_105' title="bbox 2142 3952 3661 4029; baseline 0.001 -19"><span class='ocrx_word' id='word_1_785' title='bbox 2142 3955 2205 4012; x_wconf 73' lang='grc' dir='ltr'><strong>δι.</strong></span> <span class='ocrx_word' id='word_1_786' title='bbox 2230 3956 2388 4018; x_wconf 90' lang='grc' dir='ltr'><strong>Τίνος</strong></span> <span class='ocrx_word' id='word_1_787' title='bbox 2412 3952 2504 4009; x_wconf 77' lang='grc' dir='ltr'><strong>οὖν</strong></span> <span class='ocrx_word' id='word_1_788' title='bbox 2524 3956 2710 4010; x_wconf 72' lang='grc' dir='ltr'><strong>ἕνεκεν</strong></span> <span class='ocrx_word' id='word_1_789' title='bbox 2736 3956 2988 4027; x_wconf 82' lang='grc' dir='ltr'><strong>ἐποίησεν</strong></span> <span class='ocrx_word' id='word_1_790' title='bbox 3006 3959 3033 4011; x_wconf 94' lang='grc' dir='ltr'><strong>ό</strong></span> <span class='ocrx_word' id='word_1_791' title='bbox 3051 3958 3284 4029; x_wconf 89' lang='grc' dir='ltr'><strong>Χριστὸς</strong></span> <span class='ocrx_word' id='word_1_792' title='bbox 3305 3958 3459 4025; x_wconf 83' lang='grc' dir='ltr'><strong>τότε;</strong></span> <span class='ocrx_word' id='word_1_793' title='bbox 3489 3959 3661 4012; x_wconf 85' lang='grc' dir='ltr'><strong>Ἐπει-</strong></span> 
     </span>
    </p>
   </div>
   <div class='ocr_carea' id='block_1_106' title="bbox 2072 4043 3659 4120">
    <p class='ocr_par' dir='ltr' id='par_1_106' title="bbox 2072 4043 3659 4120">
     <span class='ocr_line' id='line_1_106' title="bbox 2072 4043 3659 4120; baseline 0.002 -21"><span class='ocrx_word' id='word_1_794' title='bbox 2072 4046 2138 4117; x_wconf 83' lang='grc' dir='ltr'><strong>δὴ</strong></span> <span class='ocrx_word' id='word_1_795' title='bbox 2158 4045 2218 4098; x_wconf 85' lang='grc' dir='ltr'><strong>τὸ</strong></span> <span class='ocrx_word' id='word_1_796' title='bbox 2246 4046 2476 4100; x_wconf 83' lang='grc' dir='ltr'><strong>παλαιὸν</strong></span> <span class='ocrx_word' id='word_1_797' title='bbox 2511 4047 2693 4118; x_wconf 86' lang='grc' dir='ltr'><strong>πάσχα</strong></span> <span class='ocrx_word' id='word_1_798' title='bbox 2718 4046 2887 4112; x_wconf 89' lang='grc' dir='ltr'><strong>τύπος</strong></span> <span class='ocrx_word' id='word_1_799' title='bbox 2904 4043 2971 4118; x_wconf 75' lang='grc' dir='ltr'><strong>ἦν</strong></span> <span class='ocrx_word' id='word_1_800' title='bbox 2994 4047 3084 4101; x_wconf 77' lang='grc' dir='ltr'><strong>τοῦ</strong></span> <span class='ocrx_word' id='word_1_801' title='bbox 3113 4048 3396 4119; x_wconf 84' lang='grc' dir='ltr'><strong>μέλλοντος</strong></span> <span class='ocrx_word' id='word_1_802' title='bbox 3415 4050 3659 4120; x_wconf 76' lang='grc' dir='ltr'><strong>ἔσεσθαι,</strong></span> 
     </span>
    </p>
   </div>
   <div class='ocr_carea' id='block_1_107' title="bbox 2074 4136 3660 4215">
    <p class='ocr_par' dir='ltr' id='par_1_107' title="bbox 2074 4136 3660 4215">
     <span class='ocr_line' id='line_1_107' title="bbox 2074 4136 3660 4215; baseline 0.003 -25"><span class='ocrx_word' id='word_1_803' title='bbox 2074 4136 2180 4191; x_wconf 72' lang='grc' dir='ltr'><strong>ἔδει</strong></span> <span class='ocrx_word' id='word_1_804' title='bbox 2220 4137 2276 4190; x_wconf 87' lang='grc' dir='ltr'><strong>δὲ</strong></span> <span class='ocrx_word' id='word_1_805' title='bbox 2308 4138 2407 4211; x_wconf 80' lang='grc' dir='ltr'><strong>τὴν</strong></span> <span class='ocrx_word' id='word_1_806' title='bbox 2444 4136 2699 4209; x_wconf 81' lang='grc' dir='ltr'><strong>ἀλήθειαν</strong></span> <span class='ocrx_word' id='word_1_807' title='bbox 2727 4138 3044 4209; x_wconf 80' lang='grc' dir='ltr'><strong>ἐπιτεθῆναι</strong></span> <span class='ocrx_word' id='word_1_808' title='bbox 3074 4138 3151 4209; x_wconf 82' lang='grc' dir='ltr'><strong>τῷ</strong></span> <span class='ocrx_word' id='word_1_809' title='bbox 3174 4138 3354 4210; x_wconf 86' lang='grc' dir='ltr'><strong>τύπῳ,</strong></span> <span class='ocrx_word' id='word_1_810' title='bbox 3396 4141 3660 4215; x_wconf 88' lang='grc' dir='ltr'><strong>πρότερον</strong></span> 
     </span>
    </p>
   </div>
   <div class='ocr_carea' id='block_1_108' title="bbox 2073 4226 3663 4302">
    <p class='ocr_par' dir='ltr' id='par_1_108' title="bbox 2073 4226 3663 4302">
     <span class='ocr_line' id='line_1_108' title="bbox 2073 4226 3663 4302; baseline 0.003 -20"><span class='ocrx_word' id='word_1_811' title='bbox 2073 4226 2253 4296; x_wconf 79' lang='grc' dir='ltr'><strong>δείξας</strong></span> <span class='ocrx_word' id='word_1_812' title='bbox 2296 4229 2395 4299; x_wconf 76' lang='grc' dir='ltr'><strong>τὴν</strong></span> <span class='ocrx_word' id='word_1_813' title='bbox 2436 4230 2613 4292; x_wconf 85' lang='grc' dir='ltr'><strong>σκιὰν,</strong></span> <span class='ocrx_word' id='word_1_814' title='bbox 2650 4230 2772 4283; x_wconf 90' lang='grc' dir='ltr'><strong>τότε</strong></span> <span class='ocrx_word' id='word_1_815' title='bbox 2820 4231 3068 4300; x_wconf 83' lang='grc' dir='ltr'><strong>ἐπήγαγε</strong></span> <span class='ocrx_word' id='word_1_816' title='bbox 3114 4229 3213 4302; x_wconf 75' lang='grc' dir='ltr'><strong>τὴν</strong></span> <span class='ocrx_word' id='word_1_817' title='bbox 3258 4231 3523 4302; x_wconf 74' lang='grc' dir='ltr'><strong>ἀλήθειαν</strong></span> <span class='ocrx_word' id='word_1_818' title='bbox 3568 4234 3663 4286; x_wconf 78' lang='grc' dir='ltr'><strong>ἐπὶ</strong></span> 
     </span>
    </p>
   </div>
   <div class='ocr_carea' id='block_1_109' title="bbox 2073 4320 3664 4395">
    <p class='ocr_par' dir='ltr' id='par_1_109' title="bbox 2073 4320 3664 4395">
     <span class='ocr_line' id='line_1_109' title="bbox 2073 4320 3664 4395; baseline 0.003 -21"><span class='ocrx_word' id='word_1_819' title='bbox 2073 4320 2179 4390; x_wconf 70' lang='grc' dir='ltr'><strong>τῆς</strong></span> <span class='ocrx_word' id='word_1_820' title='bbox 2200 4322 2482 4393; x_wconf 75' lang='grc' dir='ltr'><strong>τραπέζης</strong></span> <span class='ocrx_word' id='word_1_821' title='bbox 2500 4337 2515 4352; x_wconf 87' lang='grc'><strong>·</strong></span> <span class='ocrx_word' id='word_1_822' title='bbox 2546 4321 2649 4392; x_wconf 81' lang='grc' dir='ltr'><strong>τῆς</strong></span> <span class='ocrx_word' id='word_1_823' title='bbox 2670 4320 2926 4392; x_wconf 87' lang='grc' dir='ltr'><strong>ἀληθείας</strong></span> <span class='ocrx_word' id='word_1_824' title='bbox 2954 4321 3011 4374; x_wconf 81' lang='grc' dir='ltr'><strong>δὲ</strong></span> <span class='ocrx_word' id='word_1_825' title='bbox 3031 4322 3441 4394; x_wconf 84' lang='grc' dir='ltr'><strong>ἐπενεχθείσης.</strong></span> <span class='ocrx_word' id='word_1_826' title='bbox 3471 4326 3506 4395; x_wconf 84' lang='grc' dir='ltr'><strong>ή</strong></span> <span class='ocrx_word' id='word_1_827' title='bbox 3534 4325 3664 4379; x_wconf 85' lang='grc' dir='ltr'><strong>σκιά</strong></span> 
     </span>
    </p>
   </div>
   <div class='ocr_carea' id='block_1_110' title="bbox 2074 4412 3664 4489">
    <p class='ocr_par' dir='ltr' id='par_1_110' title="bbox 2074 4412 3664 4489">
     <span class='ocr_line' id='line_1_110' title="bbox 2074 4412 3664 4489; baseline 0.004 -24"><span class='ocrx_word' id='word_1_828' title='bbox 2074 4412 2261 4467; x_wconf 89' lang='grc' dir='ltr'><strong>λοιπὸν</strong></span> <span class='ocrx_word' id='word_1_829' title='bbox 2311 4415 2765 4485; x_wconf 80' lang='grc' dir='ltr'><strong>ἀποκρύπτεται,</strong></span> <span class='ocrx_word' id='word_1_830' title='bbox 2818 4415 2915 4468; x_wconf 73' lang='grc' dir='ltr'><strong>καὶ</strong></span> <span class='ocrx_word' id='word_1_831' title='bbox 2956 4414 3079 4468; x_wconf 76' lang='grc' dir='ltr'><strong>οὐδὲ</strong></span> <span class='ocrx_word' id='word_1_832' title='bbox 3131 4414 3322 4486; x_wconf 74' lang='grc' dir='ltr'><strong>καιρὸν</strong></span> <span class='ocrx_word' id='word_1_833' title='bbox 3372 4415 3513 4486; x_wconf 76' lang='grc' dir='ltr'><strong>ἔχει.</strong></span> <span class='ocrx_word' id='word_1_834' title='bbox 3570 4418 3664 4489; x_wconf 77' lang='grc' dir='ltr'><strong>Μὴ</strong></span> 
     </span>
    </p>
   </div>
   <div class='ocr_carea' id='block_1_111' title="bbox 2075 4505 3664 4578">
    <p class='ocr_par' dir='ltr' id='par_1_111' title="bbox 2075 4505 3664 4578">
     <span class='ocr_line' id='line_1_111' title="bbox 2075 4505 3664 4578; baseline 0.003 -18"><span class='ocrx_word' id='word_1_835' title='bbox 2075 4506 2252 4560; x_wconf 91' lang='grc' dir='ltr'><strong>τοίνυν</strong></span> <span class='ocrx_word' id='word_1_836' title='bbox 2279 4505 2438 4559; x_wconf 82' lang='grc' dir='ltr'><strong>τοῦτο</strong></span> <span class='ocrx_word' id='word_1_837' title='bbox 2483 4506 2811 4577; x_wconf 84' lang='grc' dir='ltr'><strong>προϐάλλου,</strong></span> <span class='ocrx_word' id='word_1_838' title='bbox 2857 4506 2974 4560; x_wconf 83' lang='grc' dir='ltr'><strong>ἀλλ’</strong></span> <span class='ocrx_word' id='word_1_839' title='bbox 3000 4507 3179 4560; x_wconf 78' lang='grc' dir='ltr'><strong>ἐκεῖνό</strong></span> <span class='ocrx_word' id='word_1_840' title='bbox 3211 4525 3305 4578; x_wconf 76' lang='grc' dir='ltr'><strong>μοι</strong></span> <span class='ocrx_word' id='word_1_841' title='bbox 3347 4509 3551 4575; x_wconf 70' lang='grc' dir='ltr'><strong>δεῖξον,</strong></span> <span class='ocrx_word' id='word_1_842' title='bbox 3579 4512 3664 4565; x_wconf 81' lang='grc' dir='ltr'><strong>ὅτι</strong></span> 
     </span>
    </p>
   </div>
   <div class='ocr_carea' id='block_1_112' title="bbox 2074 4596 3664 4672">
    <p class='ocr_par' dir='ltr' id='par_1_112' title="bbox 2074 4596 3664 4672">
     <span class='ocr_line' id='line_1_112' title="bbox 2074 4596 3664 4672; baseline -0.001 -21"><span class='ocrx_word' id='word_1_843' title='bbox 2074 4596 2247 4661; x_wconf 76' lang='grc' dir='ltr'><strong>οὕτως</strong></span> <span class='ocrx_word' id='word_1_844' title='bbox 2271 4598 2520 4651; x_wconf 83' lang='grc' dir='ltr'><strong>ἐκέλευσε</strong></span> <span class='ocrx_word' id='word_1_845' title='bbox 2545 4601 2718 4652; x_wconf 84' lang='grc' dir='ltr'><strong>ποιεῖν</strong></span> <span class='ocrx_word' id='word_1_846' title='bbox 2747 4599 2777 4650; x_wconf 88' lang='grc' dir='ltr'><strong>ό</strong></span> <span class='ocrx_word' id='word_1_847' title='bbox 2805 4600 3059 4670; x_wconf 80' lang='grc' dir='ltr'><strong>Χριστός.</strong></span> <span class='ocrx_word' id='word_1_848' title='bbox 3108 4598 3248 4668; x_wconf 83' lang='grc' dir='ltr'><strong>Ἐγὼ</strong></span> <span class='ocrx_word' id='word_1_849' title='bbox 3294 4600 3406 4672; x_wconf 74' lang='grc' dir='ltr'><strong>γὰρ</strong></span> <span class='ocrx_word' id='word_1_850' title='bbox 3435 4603 3664 4658; x_wconf 73' lang='grc' dir='ltr'><strong>τούναν-</strong></span> 
     </span>
    </p>
   </div>
   <div class='ocr_carea' id='block_1_113' title="bbox 2073 4687 3660 4767">
    <p class='ocr_par' dir='ltr' id='par_1_113' title="bbox 2073 4687 3660 4767">
     <span class='ocr_line' id='line_1_113' title="bbox 2073 4687 3660 4767; baseline 0.006 -27"><span class='ocrx_word' id='word_1_851' title='bbox 2073 4688 2186 4741; x_wconf 90' lang='grc' dir='ltr'><strong>τίον</strong></span> <span class='ocrx_word' id='word_1_852' title='bbox 2213 4687 2479 4758; x_wconf 85' lang='grc' dir='ltr'><strong>δείκνυμι,</strong></span> <span class='ocrx_word' id='word_1_853' title='bbox 2512 4688 2592 4742; x_wconf 84' lang='grc' dir='ltr'><strong>ὅτι</strong></span> <span class='ocrx_word' id='word_1_854' title='bbox 2618 4691 2680 4745; x_wconf 84' lang='grc' dir='ltr'><strong>ού</strong></span> <span class='ocrx_word' id='word_1_855' title='bbox 2714 4689 2873 4761; x_wconf 90' lang='grc' dir='ltr'><strong>μόνον</strong></span> <span class='ocrx_word' id='word_1_856' title='bbox 2904 4691 3005 4744; x_wconf 80' lang='grc' dir='ltr'><strong>οὐκ</strong></span> <span class='ocrx_word' id='word_1_857' title='bbox 3035 4690 3286 4745; x_wconf 84' lang='grc' dir='ltr'><strong>ἐκέλευσε</strong></span> <span class='ocrx_word' id='word_1_858' title='bbox 3316 4700 3660 4767; x_wconf 72' lang='grc' dir='ltr'><strong>παρατηρεῖν</strong></span> 
     </span>
    </p>
   </div>
   <div class='ocr_carea' id='block_1_114' title="bbox 2076 4778 3658 4857">
    <p class='ocr_par' dir='ltr' id='par_1_114' title="bbox 2076 4778 3658 4857">
     <span class='ocr_line' id='line_1_114' title="bbox 2076 4778 3658 4857; baseline 0.008 -27"><span class='ocrx_word' id='word_1_859' title='bbox 2076 4778 2322 4851; x_wconf 70' lang='grc' dir='ltr'><strong>ἡμέρας,</strong></span> <span class='ocrx_word' id='word_1_860' title='bbox 2375 4779 2509 4833; x_wconf 90' lang='grc' dir='ltr'><strong>ἀλλά</strong></span> <span class='ocrx_word' id='word_1_861' title='bbox 2570 4780 2669 4835; x_wconf 76' lang='grc' dir='ltr'><strong>καὶ</strong></span> <span class='ocrx_word' id='word_1_862' title='bbox 2722 4780 2990 4836; x_wconf 85' lang='grc' dir='ltr'><strong>ἀπέλυσεν</strong></span> <span class='ocrx_word' id='word_1_863' title='bbox 3045 4784 3193 4854; x_wconf 83' lang='grc' dir='ltr'><strong>ἡμᾶς</strong></span> <span class='ocrx_word' id='word_1_864' title='bbox 3242 4784 3345 4854; x_wconf 78' lang='grc' dir='ltr'><strong>τῆς</strong></span> <span class='ocrx_word' id='word_1_865' title='bbox 3406 4786 3658 4857; x_wconf 84' lang='grc' dir='ltr'><strong>ἀνάγκης</strong></span> 
     </span>
    </p>
   </div>
   <div class='ocr_carea' id='block_1_115' title="bbox 2074 4871 3658 4945">
    <p class='ocr_par' dir='ltr' id='par_1_115' title="bbox 2074 4871 3658 4945">
     <span class='ocr_line' id='line_1_115' title="bbox 2074 4871 3658 4945; baseline 0.006 -22"><span class='ocrx_word' id='word_1_866' title='bbox 2074 4871 2296 4941; x_wconf 85' lang='grc' dir='ltr'><strong>ταύτης.</strong></span> <span class='ocrx_word' id='word_1_867' title='bbox 2337 4873 2600 4925; x_wconf 72' lang='grc' dir='ltr'><strong>Ἄκουσον</strong></span> <span class='ocrx_word' id='word_1_868' title='bbox 2634 4873 2763 4941; x_wconf 82' lang='grc' dir='ltr'><strong>γοῦν</strong></span> <span class='ocrx_word' id='word_1_869' title='bbox 2800 4874 2853 4927; x_wconf 90' lang='grc' dir='ltr'><strong>τί</strong></span> <span class='ocrx_word' id='word_1_870' title='bbox 2887 4892 3052 4945; x_wconf 89' lang='grc' dir='ltr'><strong>φησιν</strong></span> <span class='ocrx_word' id='word_1_871' title='bbox 3094 4877 3123 4928; x_wconf 88' lang='lat'><strong>6</strong></span> <span class='ocrx_word' id='word_1_872' title='bbox 3156 4875 3405 4939; x_wconf 74' lang='grc' dir='ltr'><strong>Παῦλος·</strong></span> <span class='ocrx_word' id='word_1_873' title='bbox 3447 4879 3579 4931; x_wconf 84' lang='grc' dir='ltr'><strong>ὅταν</strong></span> <span class='ocrx_word' id='word_1_874' title='bbox 3603 4879 3658 4932; x_wconf 75' lang='grc' dir='ltr'><strong>δὲ</strong></span> 
     </span>
    </p>
   </div>
   <div class='ocr_carea' id='block_1_116' title="bbox 2075 4958 3658 5037">
    <p class='ocr_par' dir='ltr' id='par_1_116' title="bbox 2075 4958 3658 5037">
     <span class='ocr_line' id='line_1_116' title="bbox 2075 4958 3658 5037; baseline 0.005 -22"><span class='ocrx_word' id='word_1_875' title='bbox 2075 4964 2165 5016; x_wconf 92' lang='grc' dir='ltr'><strong>τὸν</strong></span> <span class='ocrx_word' id='word_1_876' title='bbox 2203 4963 2411 5017; x_wconf 80' lang='grc' dir='ltr'><strong>Παῦλον</strong></span> <span class='ocrx_word' id='word_1_877' title='bbox 2455 4958 2615 5028; x_wconf 73' lang='grc' dir='ltr'><strong>εἴπω,</strong></span> <span class='ocrx_word' id='word_1_878' title='bbox 2665 4963 2757 5018; x_wconf 83' lang='grc' dir='ltr'><strong>τὸν</strong></span> <span class='ocrx_word' id='word_1_879' title='bbox 2807 4966 3042 5037; x_wconf 80' lang='grc' dir='ltr'><strong>Χριστὸν</strong></span> <span class='ocrx_word' id='word_1_880' title='bbox 3090 4966 3265 5034; x_wconf 89' lang='grc' dir='ltr'><strong>λέγω·</strong></span> <span class='ocrx_word' id='word_1_881' title='bbox 3302 4969 3515 5033; x_wconf 84' lang='grc' dir='ltr'><strong>ἐκεῖνος</strong></span> <span class='ocrx_word' id='word_1_882' title='bbox 3552 4971 3658 5037; x_wconf 81' lang='grc' dir='ltr'><strong>γάρ</strong></span> 
     </span>
    </p>
   </div>
   <div class='ocr_carea' id='block_1_117' title="bbox 2077 5053 3659 5129">
    <p class='ocr_par' dir='ltr' id='par_1_117' title="bbox 2077 5053 3659 5129">
     <span class='ocr_line' id='line_1_117' title="bbox 2077 5053 3659 5129; baseline 0.006 -23"><span class='ocrx_word' id='word_1_883' title='bbox 2077 5053 2159 5125; x_wconf 84' lang='grc'><strong>[61</strong></span> <span class='ocrx_word' id='word_1_884' title='bbox 2179 5053 2227 5125; x_wconf 89' lang='grc' dir='ltr'><strong>Ι]</strong></span> <span class='ocrx_word' id='word_1_885' title='bbox 2263 5056 2409 5108; x_wconf 87' lang='grc' dir='ltr'><strong>ἐστιν</strong></span> <span class='ocrx_word' id='word_1_886' title='bbox 2437 5056 2466 5108; x_wconf 89' lang='grc' dir='ltr'><strong>ό</strong></span> <span class='ocrx_word' id='word_1_887' title='bbox 2494 5055 2591 5126; x_wconf 76' lang='grc' dir='ltr'><strong>τὴν</strong></span> <span class='ocrx_word' id='word_1_888' title='bbox 2623 5054 2836 5109; x_wconf 84' lang='grc' dir='ltr'><strong>Παύλου</strong></span> <span class='ocrx_word' id='word_1_889' title='bbox 2864 5056 3029 5111; x_wconf 79' lang='grc' dir='ltr'><strong>κινῶν</strong></span> <span class='ocrx_word' id='word_1_890' title='bbox 3054 5057 3254 5129; x_wconf 77' lang='grc' dir='ltr'><strong>ψυχήν.</strong></span> <span class='ocrx_word' id='word_1_891' title='bbox 3285 5057 3353 5112; x_wconf 89' lang='grc' dir='ltr'><strong>Τί</strong></span> <span class='ocrx_word' id='word_1_892' title='bbox 3377 5055 3474 5113; x_wconf 78' lang='grc' dir='ltr'><strong>οὖν</strong></span> <span class='ocrx_word' id='word_1_893' title='bbox 3503 5055 3659 5127; x_wconf 72' lang='grc' dir='ltr'><strong>οὗτός</strong></span> 
     </span>
    </p>
   </div>
   <div class='ocr_carea' id='block_1_118' title="bbox 2076 5147 3659 5220">
    <p class='ocr_par' dir='ltr' id='par_1_118' title="bbox 2076 5147 3659 5220">
     <span class='ocr_line' id='line_1_118' title="bbox 2076 5147 3659 5220; baseline 0.006 -23"><span class='ocrx_word' id='word_1_894' title='bbox 2076 5163 2275 5217; x_wconf 84' lang='grc' dir='ltr'><strong>φησιν;</strong></span> <span class='ocrx_word' id='word_1_895' title='bbox 2349 5147 2604 5216; x_wconf 81' lang='grc' dir='ltr'><strong>Ἡμέρας</strong></span> <span class='ocrx_word' id='word_1_896' title='bbox 2656 5147 3096 5216; x_wconf 80' lang='grc' dir='ltr'><strong>παρατηρεῖσθε</strong></span> <span class='ocrx_word' id='word_1_897' title='bbox 3153 5150 3252 5202; x_wconf 80' lang='grc' dir='ltr'><strong>καί</strong></span> <span class='ocrx_word' id='word_1_898' title='bbox 3296 5150 3504 5220; x_wconf 80' lang='grc' dir='ltr'><strong>μῆνας</strong></span> <span class='ocrx_word' id='word_1_899' title='bbox 3562 5155 3659 5206; x_wconf 73' lang='grc' dir='ltr'><strong>καί</strong></span> 
     </span>
    </p>
   </div>
   <div class='ocr_carea' id='block_1_119' title="bbox 2074 5238 3657 5312">
    <p class='ocr_par' dir='ltr' id='par_1_119' title="bbox 2074 5238 3657 5312">
     <span class='ocr_line' id='line_1_119' title="bbox 2074 5238 3657 5312; baseline 0.003 -22"><span class='ocrx_word' id='word_1_900' title='bbox 2074 5238 2318 5305; x_wconf 78' lang='grc' dir='ltr'><strong>καιροὺς</strong></span> <span class='ocrx_word' id='word_1_901' title='bbox 2368 5238 2467 5291; x_wconf 82' lang='grc' dir='ltr'><strong>καὶ</strong></span> <span class='ocrx_word' id='word_1_902' title='bbox 2499 5239 2834 5304; x_wconf 79' lang='grc' dir='ltr'><strong>ἐνιαυτούς.</strong></span> <span class='ocrx_word' id='word_1_903' title='bbox 2887 5239 3185 5310; x_wconf 77' lang='grc' dir='ltr'><strong>Φοϐοῦμαι</strong></span> <span class='ocrx_word' id='word_1_904' title='bbox 3218 5239 3396 5311; x_wconf 83' lang='grc' dir='ltr'><strong>ὑμᾶς,</strong></span> <span class='ocrx_word' id='word_1_905' title='bbox 3439 5242 3657 5312; x_wconf 79' lang='grc' dir='ltr'><strong>μήπως</strong></span> 
     </span>
    </p>
   </div>
   <div class='ocr_carea' id='block_1_120' title="bbox 2074 5326 3664 5400">
    <p class='ocr_par' dir='ltr' id='par_1_120' title="bbox 2074 5326 3664 5400">
     <span class='ocr_line' id='line_1_120' title="bbox 2074 5326 3664 5400; baseline 0.005 -20"><span class='ocrx_word' id='word_1_906' title='bbox 2074 5326 2203 5395; x_wconf 83' lang='grc' dir='ltr'><strong>είκῆ</strong></span> <span class='ocrx_word' id='word_1_907' title='bbox 2236 5330 2563 5384; x_wconf 80' lang='grc' dir='ltr'><strong>κεκοπίακα</strong></span> <span class='ocrx_word' id='word_1_908' title='bbox 2597 5332 2685 5397; x_wconf 84' lang='grc' dir='ltr'><strong>είς</strong></span> <span class='ocrx_word' id='word_1_909' title='bbox 2715 5329 2894 5400; x_wconf 79' lang='grc' dir='ltr'><strong>ὑμᾶς.</strong></span> <span class='ocrx_word' id='word_1_910' title='bbox 2934 5330 3047 5386; x_wconf 78' lang='grc' dir='ltr'><strong>Καὶ</strong></span> <span class='ocrx_word' id='word_1_911' title='bbox 3081 5332 3264 5394; x_wconf 86' lang='grc' dir='ltr'><strong>πάλιν,</strong></span> <span class='ocrx_word' id='word_1_912' title='bbox 3305 5332 3560 5399; x_wconf 78' lang='grc' dir='ltr'><strong>Ὁσάκις</strong></span> <span class='ocrx_word' id='word_1_913' title='bbox 3582 5333 3664 5388; x_wconf 79' lang='grc' dir='ltr'><strong>ἂν</strong></span> 
     </span>
    </p>
   </div>
   <div class='ocr_carea' id='block_1_121' title="bbox 2073 5420 3661 5491">
    <p class='ocr_par' dir='ltr' id='par_1_121' title="bbox 2073 5420 3661 5491">
     <span class='ocr_line' id='line_1_121' title="bbox 2073 5420 3661 5491; baseline 0.003 -17"><span class='ocrx_word' id='word_1_914' title='bbox 2073 5420 2313 5488; x_wconf 79' lang='grc' dir='ltr'><strong>ἐσθίητε</strong></span> <span class='ocrx_word' id='word_1_915' title='bbox 2334 5420 2440 5474; x_wconf 82' lang='grc' dir='ltr'><strong>τὸν</strong></span> <span class='ocrx_word' id='word_1_916' title='bbox 2467 5421 2649 5488; x_wconf 78' lang='grc' dir='ltr'><strong>ἄρτον</strong></span> <span class='ocrx_word' id='word_1_917' title='bbox 2674 5421 2910 5487; x_wconf 82' lang='grc' dir='ltr'><strong>τοῦτον,</strong></span> <span class='ocrx_word' id='word_1_918' title='bbox 2945 5422 3045 5476; x_wconf 83' lang='grc' dir='ltr'><strong>καί</strong></span> <span class='ocrx_word' id='word_1_919' title='bbox 3072 5421 3139 5475; x_wconf 85' lang='grc' dir='ltr'><strong>τὸ</strong></span> <span class='ocrx_word' id='word_1_920' title='bbox 3168 5422 3458 5491; x_wconf 82' lang='grc' dir='ltr'><strong>ποτήριον</strong></span> <span class='ocrx_word' id='word_1_921' title='bbox 3480 5424 3661 5479; x_wconf 87' lang='grc' dir='ltr'><strong>τοῦτο</strong></span> 
     </span>
    </p>
   </div>
   <div class='ocr_carea' id='block_1_122' title="bbox 2074 5513 3655 5585">
    <p class='ocr_par' dir='ltr' id='par_1_122' title="bbox 2074 5513 3655 5585">
     <span class='ocr_line' id='line_1_122' title="bbox 2074 5513 3655 5585; baseline 0.004 -21"><span class='ocrx_word' id='word_1_922' title='bbox 2074 5513 2302 5578; x_wconf 75' lang='grc' dir='ltr'><strong>πίνητε,</strong></span> <span class='ocrx_word' id='word_1_923' title='bbox 2343 5513 2451 5567; x_wconf 80' lang='grc' dir='ltr'><strong>τὸν</strong></span> <span class='ocrx_word' id='word_1_924' title='bbox 2481 5514 2742 5569; x_wconf 78' lang='grc' dir='ltr'><strong>θάνατον</strong></span> <span class='ocrx_word' id='word_1_925' title='bbox 2789 5514 2896 5568; x_wconf 86' lang='grc' dir='ltr'><strong>τοῦ</strong></span> <span class='ocrx_word' id='word_1_926' title='bbox 2940 5517 3162 5584; x_wconf 81' lang='grc' dir='ltr'><strong>Κυρίου</strong></span> <span class='ocrx_word' id='word_1_927' title='bbox 3196 5516 3655 5585; x_wconf 69' lang='grc' dir='ltr'><strong>καταγγέλλετε.</strong></span> 
     </span>
    </p>
   </div>
   <div class='ocr_carea' id='block_1_123' title="bbox 2086 5600 3657 5682">
    <p class='ocr_par' dir='ltr' id='par_1_123' title="bbox 2086 5600 3657 5682">
     <span class='ocr_line' id='line_1_123' title="bbox 2086 5600 3657 5682; baseline 0.004 -28"><span class='ocrx_word' id='word_1_928' title='bbox 2086 5600 2318 5668; x_wconf 82' lang='grc' dir='ltr'><strong>Ὁσάκις</strong></span> <span class='ocrx_word' id='word_1_929' title='bbox 2354 5604 2411 5657; x_wconf 80' lang='grc' dir='ltr'><strong>δὲ</strong></span> <span class='ocrx_word' id='word_1_930' title='bbox 2457 5603 2656 5669; x_wconf 77' lang='grc' dir='ltr'><strong>εἰπὼν,</strong></span> <span class='ocrx_word' id='word_1_931' title='bbox 2702 5606 2891 5679; x_wconf 87' lang='grc' dir='ltr'><strong>κύριον</strong></span> <span class='ocrx_word' id='word_1_932' title='bbox 2930 5607 3151 5680; x_wconf 77' lang='grc' dir='ltr'><strong>ἐποίησε</strong></span> <span class='ocrx_word' id='word_1_933' title='bbox 3197 5607 3287 5663; x_wconf 88' lang='grc' dir='ltr'><strong>τὸν</strong></span> <span class='ocrx_word' id='word_1_934' title='bbox 3333 5607 3657 5682; x_wconf 83' lang='grc' dir='ltr'><strong>προσιόντα,</strong></span> 
     </span>
    </p>
   </div>
   <div class='ocr_carea' id='block_1_124' title="bbox 2141 5726 2652 5793">
    <p class='ocr_par' dir='ltr' id='par_1_124' title="bbox 2141 5726 2652 5793">
     <span class='ocr_line' id='line_1_124' title="bbox 2141 5726 2652 5793; baseline 0.006 -14"><span class='ocrx_word' id='word_1_935' title='bbox 2141 5730 2165 5759; x_wconf 81' lang='grc'><strong><em>⁸</em></strong></span> <span class='ocrx_word' id='word_1_936' title='bbox 2192 5728 2314 5793; x_wconf 70' lang='lat' dir='ltr'><strong>Rrg.</strong></span> <span class='ocrx_word' id='word_1_937' title='bbox 2335 5730 2391 5779; x_wconf 88' lang='grc' dir='ltr'><strong>τὸ</strong></span> <span class='ocrx_word' id='word_1_938' title='bbox 2415 5726 2652 5792; x_wconf 75' lang='grc' dir='ltr'><strong>ἐσόμενον.</strong></span> 
     </span>
    </p>
   </div>
  </div>
