3866 6226
239 273 348 327 865

241 392 382 449 Num
412 394 556 450 enim
590 410 656 450 ex
699 373 976 466 gentibus,
1025 398 1218 468 inquit,
1264 399 1424 452 veni?
1467 397 1601 452 Nunt
1648 398 1831 466 legalis

243 490 666 543 conversationis
695 490 969 560 imperitus
995 506 1140 545 erant
1168 532 1182 556 ,
1221 501 1314 545 aut
1349 507 1520 561 poma:
1562 507 1680 562 qua:
1721 493 1834 559 lege

247 581 763 648 transgredientibus
818 591 901 636 est
952 583 1277 652 proposita?
1331 581 1572 636 Hebrwus
1616 599 1726 634 sum
1771 597 1835 634 ex

249 672 498 738 Met-raris,
530 675 802 727 secundum
831 675 989 744 legem
1025 673 1316 728 Phariswus
1335 716 1350 740 ,
1379 675 1650 727 secundum
1673 690 1832 726 tentu-

248 765 485 819 futionem
528 782 825 836 persequens
859 764 1185 822 Ecclesium:
1218 767 1306 820 sed
1334 783 1445 836 qua:
1474 767 1594 819 mihi
1627 771 1831 836 [uerunt

248 857 390 910 lucra
409 894 425 921 ,
455 857 562 909 lucc
591 857 863 910 arbitratus
889 875 998 911 sum
1025 869 1228 929 promer
1253 858 1509 912 Christum
1539 859 1834 910 detrimenta

253 935 525 1016 (PP/iiiipp.
551 948 604 1002 5.
629 949 729 1002 5-7
837 949 949 1003 Hoc
980 961 1078 1015 est,
1129 950 1293 1004 Semel
1324 950 1391 1002 ab
1441 950 1544 1003 illis
1589 949 1831 1003 discessi.

253 1037 436 1120 Estote
463 1058 592 1113 ergo
617 1043 752 1097 sicut
779 1053 832 1097 et
854 1059 953 1112 ego
983 1061 997 1097 :
1025 1060 1142 1097 nam
1169 1053 1222 1097 et
1243 1045 1380 1096 sicut
1405 1059 1498 1096 vos
1523 1059 1690 1096 erant.

326 1134 541 1187 Nica'na
593 1135 832 1206 Synodus
876 1140 938 1189 de
989 1136 1242 1190 Paschute
1285 1137 1538 1190 decretum
1587 1138 1721 1206 fecit.
1764 1165 1836 1176 -—-

251 1224 388 1292 Quid
416 1235 592 1278 autem
620 1226 686 1279 de
713 1242 796 1278 me
827 1227 1057 1296 loquor?
1085 1226 1327 1280 Trecenti
1367 1224 1550 1279 Patres
1571 1229 1652 1281 vel
1674 1227 1832 1280 etiam

256 1318 455 1385 plures,
488 1333 608 1371 cum
638 1321 690 1370 itt
734 1319 949 1386 regione
981 1318 1240 1389 Bithynite
1280 1319 1687 1383 convenissent,
1722 1316 1836 1372 lurc

253 1407 606 1463 decreverunt
637 1426 650 1461 :
685 1419 738 1462 et
769 1421 818 1462 ut
855 1409 974 1463 illos
1003 1425 1191 1462 onmes
1223 1409 1418 1478 probro
1446 1406 1616 1461 afticis
1642 1410 1654 1460 !
1691 1408 1834 1460 Duo-

254 1517 373 1556 rum
417 1501 561 1556 enim
600 1501 862 1565 alterum,
909 1510 1000 1554 aut
1047 1501 1166 1555 illos
1215 1500 1438 1554 inscitia:
1485 1500 1833 1564 condemnas,

254 1596 403 1663 quasi
453 1609 557 1647 non
602 1596 732 1648 satis
760 1605 1009 1649 accurate
1052 1595 1358 1660 novissent,
1390 1605 1481 1648 aut
1521 1592 1834 1660 timiditatis,

253 1687 401 1756 quasi
435 1688 708 1741 novissent
737 1689 948 1758 quidem
967 1730 980 1753 ,
1027 1688 1118 1743 sed
1151 1687 1445 1742 dissimula:
1459 1696 1579 1742 sent
1606 1703 1669 1742 ac
1698 1687 1837 1741 veri-

257 1767 418 1834 tatem
449 1780 825 1848 prodidissent.
858 1782 988 1833 Cum
1027 1781 1168 1833 enini
1209 1795 1312 1833 non
1341 1790 1450 1834 stes
1480 1780 1542 1833 iis
1565 1822 1578 1843 ,
1626 1796 1743 1848 qute
1771 1780 1838 1833 ab

257 1870 359 1924 illis
388 1871 600 1925 decteta
631 1881 755 1924 sunt
774 1912 790 1936 ,
824 1871 936 1925 hac
961 1871 1137 1925 omnia
1169 1879 1479 1940 sequuntur.
1509 1870 1683 1924 Multae
1713 1886 1838 1924 vero

255 1965 529 2030 sapientia:
579 1979 641 2016 ac
685 1964 1007 2018 fortitudinis
1053 1963 1330 2031 Speciuteu
1380 1963 1448 2018 ab
1487 1963 1592 2017 illis
1635 1963 1835 2017 editum

259 2053 416 2108 fuisse
451 2063 560 2108 tum
603 2055 888 2124 temporis,
931 2057 1106 2109 omn?a
1137 2071 1256 2124 qua:
1284 2055 1528 2110 accidere
1555 2063 1836 2110 testantur.

256 2146 386 2200 Nam
415 2147 729 2212 sapientiam
770 2147 982 2216 quidem
1014 2148 1223 2201 illorum
1249 2188 1262 2211 ,
1305 2163 1422 2218 qua:
1452 2156 1563 2202 tum
1592 2147 1729 2201 edita
1757 2156 1841 2201 est

260 2239 390 2291 tides
421 2239 647 2302 indicat,
691 2254 811 2308 qua:
840 2249 893 2292 ct
923 2239 1293 2293 lnereticorum
1340 2254 1400 2293 os
1437 2239 1740 2304 obturavit,
1786 2247 1842 2293 et

261 2339 527 2398 tamquam
574 2344 760 2383 murus
792 2329 1211 2399 inexpugnabilis
1243 2345 1428 2384 omnes
1459 2331 1669 2384 illorum
1707 2329 1840 2384 insi-

257 2420 374 2474 dias
420 2421 746 2490 propulsavit
786 2437 801 2475 :
845 2421 1208 2476 fortitudinem
1251 2431 1428 2476 autem
1473 2421 1834 2492 perSequutio,

256 2527 374 2580 quae
401 2512 560 2582 paulo
585 2523 709 2566 autc
738 2513 921 2566 sedata
951 2512 1154 2575 fuerat,
1184 2523 1236 2567 ct
1267 2513 1407 2580 quod
1437 2512 1691 2567 Ecclesiis
1719 2510 1839 2568 fue-

257 2609 339 2655 rat
369 2602 570 2655 illatum
602 2603 817 2656 bellum.

330 2694 543 2748 Patrum
587 2694 915 2749 Nicwnorum
963 2695 1204 2766 dignitas.
1249 2725 1323 2736 —
1358 2695 1648 2766 Tamquam
1696 2696 1838 2750 enim

255 2789 461 2860 SlfCulll
491 2789 702 2858 quidam
732 2789 1035 2848 bellatores,
1067 2789 1358 2842 innumeris
1388 2790 1602 2858 tropwis
1621 2788 1836 2855 erectis,

257 2894 318 2934 ac
347 2880 525 2933 multis
552 2883 789 2948 exceptis
818 2881 1154 2943 vulneribus,
1186 2881 1417 2949 undique
1443 2891 1550 2934 tum
1574 2880 1841 2934 Ecclesia-

257 2989 373 3027 rtun
393 2973 645 3042 pra-sules
666 2975 1062 3027 revertebantur
1079 2973 1319 3042 stigmata
1334 2972 1528 3026 Christi
1546 2980 1836 3042 portantes,

254 3064 344 3132 qui
378 3065 600 3131 plurima
630 3073 874 3133 poterunt
917 3079 1234 3118 enumerare
1260 3063 1536 3132 supplicia,
1567 3079 1683 3132 quae
1711 3077 1836 3116 con-

254 3155 504 3210 fessionis
552 3171 678 3225 ergo
725 3157 1101 3210 toleraverant.
1149 3156 1419 3224 Siquidem
1464 3155 1550 3207 alii
1593 3163 1840 3222 poterant

255 3251 470 3304 metalla
511 3265 748 3311 narrare,
779 3263 842 3301 ac
869 3250 1141 3311 miserias,
1175 3262 1305 3318 quas
1334 3248 1403 3301 ibi
1435 3248 1575 3316 passi
1605 3249 1834 3312 fuerant,

254 3343 344 3396 alii
370 3342 630 3396 bonorum
657 3341 892 3394 outnium
927 3341 1310 3409 publicationes
1329 3381 1344 3404 ,
1373 3339 1458 3391 alii
1489 3339 1715 3401 famem,
1747 3337 1836 3389 alii

255 3433 550 3504 frequentia
580 3434 833 3494 vulnera,
880 3433 1005 3486 dum
1056 3433 1174 3487 aliis
1218 3433 1380 3484 latera
1427 3428 1832 3495 deradereutur,

253 3528 372 3582 aliis
414 3535 556 3595 terga
587 3525 1045 3580 contunderentur
1067 3566 1080 3588 ,
1114 3525 1199 3578 alii
1238 3524 1461 3578 etfossos
1488 3523 1672 3576 oculos
1696 3565 1712 3589 ,
1745 3523 1834 3577 alii

253 3628 404 3688 parte
429 3619 602 3688 aliqua
629 3617 868 3687 corporis
899 3626 1112 3685 propter
1139 3615 1406 3670 Christum
1433 3631 1492 3669 se
1520 3613 1686 3668 fuisse
1715 3631 1834 3668 Illu-

255 3710 433 3764 tilalos
477 3718 722 3779 poterant
762 3709 1016 3763 indicare.
1047 3712 1218 3778 Atque
1259 3724 1323 3760 ex
1367 3707 1448 3761 his
1475 3708 1690 3761 athletis
1719 3707 1834 3760 eol-

255 3803 388 3857 lccta
417 3811 526 3855 tutu
556 3801 725 3855 fuerat
757 3800 995 3872 synodus
1026 3801 1288 3861 universa,
1335 3799 1711 3868 communique
1738 3798 1835 3852 dc-

253 3895 495 3951 fiuitioue
544 3895 663 3949 ﬁdei
719 3896 819 3949 hoc
866 3910 1077 3964 quoque
1133 3893 1522 3956 decreverunt,
1574 3901 1628 3944 ut
1678 3890 1833 3943 simul

254 4004 466 4059 unoque
489 4005 754 4044 consensu
795 3987 987 4043 festum
1029 3985 1167 4041 istud
1209 3985 1589 4040 celebraretur.
1627 3984 1835 4052 Ergone

251 4083 341 4152 qui
387 4081 544 4135 ﬁdem
577 4080 903 4149 temporibus
945 4079 1080 4133 adeo
1107 4076 1415 4133 diflicilibus
1445 4091 1550 4128 non
1582 4074 1832 4144 prodide-

254 4183 412 4239 runt,
455 4171 510 4226 hi
555 4181 774 4241 propter
812 4171 1016 4226 dierum
1058 4167 1486 4224 observationem
1529 4167 1833 4220 dissimula-

254 4264 399 4319 tione
443 4265 518 4318 uti
564 4263 892 4333 potuerunt?
937 4261 1067 4316 Vide
1106 4261 1230 4332 quid
1279 4275 1442 4330 agas,
1483 4258 1609 4312 dum
1659 4269 1836 4311 tantos

253 4355 440 4410 Patres
469 4355 796 4410 condemnas
815 4395 832 4421 ,
863 4353 997 4407 adeo
1041 4352 1236 4415 fortes,
1267 4352 1505 4420 adeoque
1544 4350 1832 4418 sapientes.

251 4447 386 4503 Nam
431 4447 478 4502 si
523 4447 861 4517 publicamuu
907 4443 1268 4499 condeumans
1312 4443 1614 4497 Pharisaius
1656 4440 1834 4493 onmia

252 4538 392 4593 bona
423 4537 672 4608 perdidit,
715 4553 833 4606 qua:
861 4535 1088 4589 habebat
1115 4552 1127 4586 :
1160 4551 1262 4603 qua
1293 4536 1444 4587 venia
1476 4534 1665 4602 dignus
1685 4573 1698 4597 ,
1729 4548 1832 4599 qua

251 4628 563 4683 defensione
590 4628 916 4687 ceuscberis.
949 4627 1036 4696 qui
1065 4627 1322 4679 adversus
1351 4635 1426 4677 tot
1455 4626 1703 4678 doctores
1730 4625 1836 4676 Deo

252 4705 428 4787 caros,
476 4722 634 4792 idque
682 4721 872 4791 injuria
911 4730 965 4774 et
1012 4730 1194 4774 contra
1241 4722 1500 4772 rationem
1552 4717 1836 4786 insui-gas?

253 4813 366 4868 Non
392 4813 586 4868 audisti
612 4812 881 4868 Christum
913 4812 1198 4876 dicentem,
1236 4810 1333 4863 Ubi
1361 4812 1462 4863 duo
1490 4810 1564 4862 ret
1593 4820 1692 4862 tres
1719 4818 1835 4862 sunt

252 4908 302 4961 in
333 4908 535 4961 nomine
579 4924 689 4960 meo
733 4907 1042 4977 congregati,
1093 4904 1160 4956 ibi
1203 4920 1316 4956 sum
1359 4905 1410 4955 in
1456 4905 1620 4957 medio
1663 4919 1836 4955 eorum

255 4997 467 5069 (Matth.
498 4997 584 5052 18.
606 4995 738 5068 9.0)"
763 4997 911 5064 Quod
939 4997 983 5049 si
1011 4996 1097 5049 tibi
1124 4995 1228 5048 duo
1258 5004 1430 5049 tresve
1453 5004 1596 5057 sunt,
1627 4993 1834 5048 medius

251 5101 331 5144 est
362 5090 606 5142 tiluistus
638 5107 651 5142 :
685 5089 770 5142 ubi
817 5074 1037 5142 trecenti
1081 5102 1143 5140 ac
1173 5088 1338 5140 multo
1381 5085 1561 5155 plures
1589 5085 1830 5149 aderant,

251 5184 420 5236 multo
449 5182 616 5252 magis
642 5183 829 5236 aderat
851 5223 864 5244 ,
897 5183 1182 5252 omniaque
1211 5181 1523 5250 designabat
1551 5196 1615 5235 ac
1642 5181 1833 5235 decer-

250 5272 432 5327 nebat.
465 5275 534 5326 At
577 5281 629 5324 tu
677 5286 782 5326 non
827 5273 946 5326 illos
995 5280 1198 5325 tantum
1239 5272 1600 5336 condemnas,
1646 5271 1740 5326 sed
1778 5279 1835 5326 et

248 5367 436 5420 orbem
467 5376 728 5423 terrarum
758 5371 1093 5433 universum,
1125 5370 1212 5439 qui
1259 5370 1576 5424 sententiam
1621 5371 1829 5424 illorum

249 5461 636 5530 comprobavit.
679 5463 761 5516 Au
807 5478 930 5516 vero
969 5463 1184 5517 Judazos
1230 5463 1389 5517 etiam
1423 5462 1652 5516 universi
1683 5464 1830 5518 orbis

252 5562 515 5608 t-rrarum
543 5553 788 5609 Patrihus
817 5555 1165 5622 sapientiores
1203 5555 1476 5608 arbitraris
1500 5594 1514 5619 ,
1563 5553 1828 5618 homines,

252 5646 492 5714 inquam,
522 5645 707 5716 patriis
737 5646 924 5700 ritibus
950 5647 1198 5710 Orbatos,
1231 5657 1286 5702 et
1311 5647 1399 5716 qui
1429 5662 1499 5701 ne
1529 5647 1690 5700 ullum
1717 5647 1834 5714 qui-

251 5739 370 5792 dem
403 5742 593 5795 festum
623 5739 935 5794 celebrant?
985 5738 1112 5793 Nam
1164 5754 1259 5792 nec
1303 5738 1441 5808 apud
1489 5738 1609 5795 illos
1648 5753 1832 5810 azyma

897 349 904 357 _
985 286 1050 341 IN
1091 286 1215 342 l‘LOS
1251 285 1366 354 QUI
1407 286 1666 343 P;\SCll.-\
1707 287 2069 344 JEJUNANT.
2114 290 2482 349 ADVERSUS
2522 293 2667 350 JUD.
2710 295 2790 350 lll.
3419 291 3522 341 35.5

1943 415 2090 466 esse,
2133 419 2230 456 nee
2261 403 2458 458 Pascha
2495 405 2712 475 (multos
2737 406 2930 476 quippe
2955 406 3130 460 dicere
3176 408 3310 461 istud
3361 413 3519 461 audio

1940 492 2135 546 l’ast-ha
2165 510 2284 548 es~e
2325 512 2444 549 cum
2488 497 2720 567 azymo),
2763 497 2856 552 sed
2906 500 3042 567 apud
3091 500 3204 552 illa.-
3253 517 3354 552 nou
3399 515 3519 554 e~se

1936 600 2142 655 azyma,
2172 603 2233 638 ex
2266 586 2347 639 liis
2377 586 2692 652 legislatoris
2720 589 2893 643 verbis
2921 589 3113 658 collige
3132 631 3146 653 ,
3178 588 3297 641 Non
3330 590 3519 656 poteri-

1937 676 2000 727 tis
2027 675 2191 744 facere
2215 676 2411 730 Pascha
2441 679 2490 730 in
2523 679 2625 731 ulla
2652 680 2845 732 urbium
2878 690 3098 746 tuarum,
3127 698 3248 746 quas
3275 680 3521 732 Dominus

1939 767 2073 821 Deus
2103 779 2216 821 tuus
2239 769 2322 821 tlut
2349 769 2433 822 tibi
2453 812 2466 833 ,
2496 771 2584 823 sed
2613 771 2663 824 in
2695 770 2821 835 loco,
2852 772 2902 824 in
2931 788 3027 840 quo
3055 775 3339 824 invocatum
3367 772 3520 842 fuerit

1938 877 2116 913 nomen
2159 863 2268 929 ejus
2308 861 2479 933 (Deut.
2507 863 2592 917 16.
2619 865 2672 916 5.
2695 866 2750 932 6)
2782 882 2793 915 :
2822 864 2889 917 de
2929 865 3226 919 Jerusalem
3274 867 3515 934 loquens.

1942 952 2097 1004 Vides
2128 969 2232 1022 qtto
2261 963 2434 1022 pacto,
2462 969 2580 1008 cum
2622 955 2673 1008 in
2707 972 2860 1008 unam
2909 956 3091 1009 tubein
3133 955 3322 1010 festum
3357 957 3522 1008 lllt'lll-

1937 1043 2114 1108 sisset,
2160 1045 2410 1112 deinceps
2437 1056 2486 1098 et
2521 1045 2686 1114 ipsam
2719 1047 2903 1100 urbem
2932 1048 3218 1108 everterit,
3252 1057 3306 1099 ιη
3335 1049 3412 1099 vel
3443 1048 3526 1100 in-

1939 1137 2073 1189 vitos
2122 1136 2239 1190 illos
2286 1138 2354 1190 ah
2399 1137 2482 1190 illa
2531 1138 2785 1207 religione
2833 1140 3149 1193 revocaret?
3196 1140 3332 1194 Nulli
3381 1141 3522 1192 enim

1937 1227 2153 1281 dubium
2180 1269 2192 1292 ,
2239 1229 2365 1298 quin
2412 1230 2549 1284 Deus
2578 1246 2694 1298 quze
2735 1241 2888 1284 erant
2916 1243 3304 1300 consequutnra
3337 1232 3527 1300 pra-vi-

1939 1319 2106 1374 deret.
2137 1320 2303 1386 Quam
2337 1320 2496 1388 igitur
2524 1320 2592 1374 ob
2619 1336 2831 1374 causam
2861 1321 2966 1374 illic
2995 1338 3090 1376 eos
3118 1337 3181 1374 ex
3215 1331 3324 1375 toto
3355 1329 3525 1373 terra-

1939 1427 2059 1465 rum
2085 1411 2216 1464 orhe
2241 1414 2600 1481 congregavit,
2621 1427 2742 1467 cum
2767 1411 2878 1465 fore
2901 1411 3172 1480 praevidert
3197 1420 3234 1476 t,
3260 1421 3315 1464 ut
3340 1411 3528 1464 civitas

1939 1505 2271 1559 vastaretur?
2305 1507 2497 1559 Annon
2526 1505 2650 1559 hinc
2679 1505 2842 1574 liquet
2868 1505 3015 1558 illum
3047 1505 3154 1558 tolli
3188 1505 3523 1557 festivitatem

1941 1595 2213 1649 voluisse?
2247 1597 2384 1649 Deus
2424 1596 2565 1650 illam
2588 1595 2835 1660 sustulit,
2869 1605 2922 1649 et
2951 1605 3004 1648 tu
3029 1595 3240 1649 .ludaios
3280 1595 3522 1660 Sectaris,

1939 1687 2006 1740 de
2034 1687 2224 1756 quibus
2253 1687 2328 1741 ait
2354 1686 2631 1757 propheta,
2663 1685 2731 1740 Et
2757 1688 2867 1756 quis
2892 1703 3084 1750 cwcus,
3113 1687 3211 1739 nisi
3238 1687 3380 1755 pueri
3408 1686 3524 1752 mei,

1939 1789 1985 1833 et
2011 1779 2194 1834 surdus
2215 1821 2230 1844 ,
2263 1781 2358 1834 nisi
2401 1781 2488 1850 qui
2529 1780 2856 1834 dominantur
2892 1796 3062 1833 eorum
3095 1777 3246 1852 (lsai.
3271 1777 3360 1832 «12.
3394 1777 3526 1845 l9)?

1942 1871 2078 1944 Erga
2111 1890 2268 1944 quem
2296 1872 2440 1926 enim
2471 1874 2544 1927 illi
2587 1889 2692 1927 non
2739 1871 2952 1927 fuerunt
2981 1872 3169 1942 ingrati
3201 1887 3262 1924 ac
3288 1868 3528 1940 stupidi?

1940 1984 2064 2036 erga
2096 1966 2397 2037 apostolos,
2429 1981 2552 2036 erga
2580 1965 2898 2036 prophetas,
2931 1980 3052 2033 erga
3083 1963 3333 2016 doctores
3357 1961 3526 2014 suos?

1940 2059 2074 2126 Quid
2103 2068 2277 2112 autem
2305 2073 2436 2126 opus
2461 2057 2629 2112 estde
2655 2055 2962 2111 doctoribus
2984 2071 3045 2108 ac
3073 2054 3344 2122 prophetis
3366 2053 3525 2108 verba

1943 2151 2115 2202 facere
2135 2190 2149 2213 ,
2191 2165 2310 2201 cum
2341 2158 2395 2202 et
2422 2149 2566 2217 ipsos
2595 2148 2791 2202 liberos
2819 2161 2943 2201 suos
2970 2145 3303 2201 occiderint?
3335 2146 3526 2198 Immo-

1942 2241 2114 2293 larunt
2143 2240 2284 2292 enim
2318 2239 2456 2292 titius
2485 2254 2610 2292 suos
2639 2248 2693 2294 et
2733 2238 2867 2292 ﬁlias
2897 2253 3021 2292 suas
3049 2238 3326 2292 daauoaiis
3354 2237 3524 2310 (Psal.

1944 2335 2065 2389 105.
2092 2334 2157 2388 57
2180 2336 2219 2402 ).
2262 2331 2514 2387 Naturam
2550 2333 2896 2400 ignorarunt,
2942 2347 3067 2386 num
3100 2333 3292 2401 igitur,
3324 2348 3526 2402 (ιυίιιεςι,

1942 2427 2057 2481 dies
2077 2435 2226 2480 erant
2248 2425 2623 2480 observaturi?
2653 2425 3104 2494 Propinquitatem
3127 2427 3526 2490 eouculraruut,

1942 2529 1995 2572 et
2026 2518 2253 2572 filiorum
2283 2517 2432 2571 obliti
2460 2526 2618 2581 sunt,
2651 2517 2741 2571 Dei
2772 2518 2958 2587 ipsius,
2989 2533 3018 2571 a
3049 2533 3154 2586 qtto
3180 2517 3376 2570 conditi
3410 2515 3526 2570 fue-

1943 2619 2082 2670 rant.
2111 2620 2234 2663 sunt
2263 2608 2430 2663 obliti.
2461 2607 2627 2662 Deum
2653 2607 2821 2672 enim,
2854 2609 3042 2678 inquit,
3071 2608 3378 2678 dereliquisli
3396 2649 3410 2668 ,
3442 2607 3528 2677 qui

1943 2713 1990 2755 te
2014 2711 2287 2772 genuerat,
2333 2710 2381 2754 et
2417 2701 2599 2754 oblitus
2627 2717 2678 2754 es
2713 2698 2808 2752 Dei
2838 2700 3102 2754 nutrientis
3132 2711 3177 2753 te
3214 2698 3409 2768 (Deut.
3435 2698 3525 2752 5‘2.

1943 2794 2068 2862 18).
2107 2793 2273 2846 Deum
2304 2792 2736 2861 dereliquerunt,
2777 2799 2832 2845 et
2860 2790 3224 2845 solenmitates
3251 2799 3403 2843 erant
3428 2791 3523 2843 oh~

1941 2886 2245 2941 servaturi?
2285 2885 2414 2954 Quis
2441 2883 2542 2938 hoc
2569 2883 2752 2938 dicat?
2791 2883 3062 2953 Siquidem
3097 2882 3340 2938 Christus
3365 2888 3522 2936 etiam

1940 2979 2137 3032 ideirco
2165 2993 2284 3031 cum
2317 2978 2421 3031 illis
2464 2976 2666 3031 Pascha
2711 2976 2868 3041 fecit,
2911 2991 3015 3029 non
3057 2984 3111 3029 ut
3150 2991 3246 3029 nos
3276 2991 3394 3028 cum
3424 2975 3527 3028 illis

1944 3069 2219 3133 faciamus,
2246 3069 2338 3123 sed
2369 3078 2425 3122 ut
2451 3083 2544 3136 per
2567 3067 2806 3121 umbram
2832 3067 3105 3120 veritatem
3140 3065 3523 3118 introduceret.

1941 3159 2070 3212 Nam
2099 3168 2152 3212 ct
2178 3157 2634 3213 cireumcisioncm
2665 3171 2850 3226 passus
2876 3166 2991 3219 est,
3023 3165 3076 3210 et
3101 3155 3315 3209 sabbata
3346 3171 3527 3208 scrva-

1940 3253 2050 3316 vit,
2098 3261 2151 3306 et
2194 3251 2321 3306 festa
2368 3251 2688 3313 celebravit,
2722 3259 2776 3304 et
2803 3265 2987 3320 azyma
3017 3249 3279 3308 comedit,
3313 3257 3366 3300 et
3411 3247 3524 3299 lia-e

1939 3345 2117 3398 omnia
2155 3344 2501 3414 Jerosolymis
2542 3345 2780 3412 peregit;
2827 3343 2920 3396 sed
2954 3342 3081 3394 nulli
3127 3351 3300 3394 tamen
3334 3341 3521 3394 horum

1941 3453 2038 3491 nos
2066 3437 2278 3490 obnoxii
2309 3452 2493 3490 sumus
2513 3478 2528 3502 ,
2557 3453 2618 3490 ac
2645 3438 2838 3490 clamat
2867 3434 3062 3488 Paulus
3091 3433 3301 3495 dicens,
3335 3431 3396 3486 Si
3424 3435 3524 3484 cir-

1937 3527 2293 3580 cumcidamiui
2313 3568 2328 3592 ,
2359 3526 2587 3581 Christus
2613 3525 2751 3579 vobis
2779 3525 2908 3578 nihil
2948 3524 3170 3592 proderit
3198 3522 3340 3591 (Gal.
3364 3523 3415 3578 5.
3442 3521 3522 3593 2).

1943 3621 2006 3674 Et
2031 3621 2097 3675 de
2124 3622 2326 3691 azymis
2353 3635 2557 3681 rursus,
2588 3619 2612 3672 1
2623 3630 2768 3687 taque
2791 3621 2971 3688 festum
2995 3617 3318 3682 celebremus,
3347 3632 3445 3669 non
3469 3616 3520 3668 in

1937 3717 2181 3783 [ennento
2205 3712 2384 3777 veteri,
2418 3728 2574 3781 neque
2606 3712 2658 3763 in
2690 3713 2933 3782 fermento
2961 3709 3168 3761 malitia
3192 3717 3238 3760 et
3266 3707 3519 3774 nequitiar,

1938 3806 2025 3857 sed
2063 3806 2115 3858 in
2153 3805 2344 3874 azymis
2384 3804 2686 3857 sinceritatis
2729 3813 2774 3852 et
2814 3801 3038 3854 veritatis
3081 3799 3176 3869 (1.
3199 3797 3317 3851 Cor.
3341 3799 3395 3852 5.
3425 3798 3523 3864 8).

1938 3899 2125 3951 Nostra
2155 3897 2298 3952 enim
2339 3911 2523 3965 azyma
2562 3904 2686 3949 sunt
2717 3908 2821 3946 non
2855 3891 3022 3944 farina
3067 3889 3386 3951 commixta,
3430 3887 3526 3941 sed

1937 3987 2272 4044 conversatio
2297 3987 2502 4040 sincera
2532 3997 2584 4038 et
2615 3985 2717 4038 vita
2746 4000 2840 4052 per
2868 3982 3116 4036 virtutem
3147 3987 3432 4034 transacta.

2007 4081 2064 4134 4.
2102 4077 2206 4132 Cur
2248 4078 2473 4130 Christus
2515 4074 2718 4129 Pascha
2763 4072 3022 4126 celebrarit
3063 4069 3155 4124 illo
3203 4081 3526 4138 tempore.—

1938 4173 2103 4237 Quani
2139 4170 2294 4237 igitur
2319 4169 2386 4220 ob
2415 4182 2631 4220 causam
2669 4175 2777 4218 tum
2807 4162 3060 4232 temporis
3088 4161 3208 4215 fecit
3236 4160 3522 4215 Christus?

1937 4262 2196 4329 Quoniam
2227 4270 2374 4315 vetus
2418 4259 2617 4313 Past-ha
2651 4257 2806 4311 fttturi
2850 4265 2964 4310 erat
3012 4255 3199 4324 figura,
3243 4253 3520 4308 veritatem

1938 4363 2112 4406 autem
2141 4352 2374 4421 oportuit
2399 4351 2518 4403 addi
2545 4350 2744 4418 ligone,
2767 4363 2886 4403 cum
2913 4347 3060 4416 prius
3087 4346 3327 4400 umbram
3350 4355 3524 4399 osten-

1938 4445 2126 4506 disset,
2159 4440 2433 4497 veritatem
2475 4441 2670 4494 deinde
2715 4441 2766 4493 in
2813 4439 2999 4494 eadetu
3045 4452 3227 4490 mensa
3279 4436 3520 4490 induxit:

1943 4553 2100 4606 porro
2124 4536 2231 4605 jam
2266 4536 2408 4589 illata
2439 4534 2682 4596 veritate,
2714 4532 2902 4585 umbra
2947 4529 3202 4596 deinceps
3243 4529 3526 4582 abscondi-

1941 4642 2044 4692 tur,
2075 4643 2246 4698 neque
2269 4628 2378 4698 jam
2405 4625 2633 4694 amplius
2660 4623 2969 4693 tempestiva
2999 4632 3100 4676 est.
3133 4621 3248 4674 Noli
3274 4635 3402 4689 ergo
3423 4619 3526 4674 hoc

1940 4721 2250 4781 obtendere,
2277 4721 2370 4772 sed
2414 4716 2544 4771 mihi
2572 4714 2700 4770 illud
2730 4712 2973 4777 ostende,
3008 4712 3075 4764 ita
3107 4711 3218 4765 fieri
3248 4710 3521 4765 Christum

1933 4813 2176 4882 juSsisse.
2223 4811 2352 4864 Nam
2400 4824 2498 4878 ego
2537 4807 2750 4878 quidem
2777 4805 3099 4860 contrarium
3137 4802 3381 4867 ostendo,
3417 4817 3519 4856 non

1939 4907 2098 4960 modo
2128 4920 2232 4960 non
2269 4905 2494 4971 jussisse
2524 4901 2639 4956 dies
2665 4899 2960 4962 observari,
3006 4896 3100 4952 sed
3131 4898 3290 4960 etiam
3328 4897 3394 4950 ab
3426 4897 3524 4950 hac

1941 5014 2038 5053 nos
2070 4996 2388 5052 necessitate
2417 4993 2693 5048 liberasse.
2722 4991 2857 5045 Audi
2886 5005 3014 5044 sane
3039 4977 3163 5058 quid
3207 4988 3348 5041 dicat
3390 4987 3524 5041 Pau-
3586 4989 3596 4995 '

1941 5091 2045 5156 lus,
2077 5104 2195 5143 cum
2225 5103 2350 5140 vero
2377 5085 2596 5140 Paulum
2614 5084 2754 5149 dico,
2775 5083 2894 5136 dico
2915 5080 3180 5135 Christum
3208 5097 3220 5132 :
3251 5080 3363 5148 ipse
3381 5079 3520 5130 enim

1939 5181 2134 5250 estqui
2166 5179 2312 5232 Pauli
2341 5177 2570 5230 animam
2602 5183 2812 5229 movet:
2842 5173 2967 5243 quid
3017 5172 3174 5241 igitur
3218 5170 3316 5222 iste.
3359 5169 3522 5221 dicit?

1937 5272 2059 5326 Dies
2087 5272 2356 5326 observatis
2382 5281 2426 5323 et
2461 5285 2672 5334 menses,
2718 5276 2764 5320 et
2794 5276 3038 5334 tempora,
3067 5272 3113 5317 et
3140 5277 3317 5315 annos.
3348 5257 3522 5312 Timeo

1938 5383 2042 5429 vos,
2074 5383 2135 5418 ne
2162 5365 2291 5434 forte
2315 5364 2423 5417 sine
2450 5379 2602 5415 causa
2643 5359 2972 5414 laboraverim
3018 5359 3070 5410 in
3115 5357 3251 5409 vobis
3289 5351 3432 5418 (Gal.
3464 5353 3518 5405 ιι.

1941 5460 2028 5515 10.
2059 5460 2145 5531 11)
2172 5477 2184 5513 :
2208 5469 2260 5512 et
2283 5472 2484 5520 rursus,
2517 5455 2931 5522 Quotiescumque
2946 5450 3325 5505 manducabitis
3340 5462 3520 5513 panem

1939 5555 2088 5613 hunc.
2119 5563 2165 5606 et
2191 5552 2396 5605 calicem
2426 5551 2616 5610 bibetis,
2665 5556 2873 5600 mortem
2916 5546 3118 5597 Donum
3159 5539 3518 5592 annuntiabftis

1943 5647 2018 5718 (I.
2063 5645 2179 5700 Cor.
2215 5645 2299 5699 11.
2331 5642 2446 5712 ‘26).
2490 5641 2924 5706 Quotiescumque
2974 5648 3102 5688 vero
3148 5647 3268 5687 cum
3300 5630 3512 5692 dixerit,

1939 5738 2177 5810 permisit
2211 5738 2312 5793 hoc
2339 5735 2457 5805 ejus
2483 5732 2722 5800 arbitrio,
2750 5730 2835 5802 qui
2863 5727 3087 5792 accedit,
3115 5737 3344 5794 eumque
3371 5720 3516 5776 omni
