  <div class='ocr_page' id='page_1' title='image "/cluster/home/n/w/nwhite01/storage/ocr_20150623/48/nnc1.0046978267/347.png"; bbox 0 0 3866 6226; ppageno 0'>
   <div class='ocr_carea' id='block_1_1' title="bbox 367 240 472 296">
    <p class='ocr_par' dir='ltr' id='par_1_1' title="bbox 367 240 472 296">
     <span class='ocr_line' id='line_1_1' title="bbox 367 240 472 296; baseline -0.038 0"><span class='ocrx_word' id='word_1_1' title='bbox 367 240 472 296; x_wconf 76' lang='grc'><strong>807</strong></span> 
     </span>
    </p>
   </div>
   <div class='ocr_carea' id='block_1_2' title="bbox 361 337 1940 394">
    <p class='ocr_par' dir='ltr' id='par_1_2' title="bbox 361 337 1940 394">
     <span class='ocr_line' id='line_1_2' title="bbox 361 337 1940 394; baseline -0.002 -1"><span class='ocrx_word' id='word_1_2' title='bbox 361 342 566 394; x_wconf 87' lang='lat' dir='ltr'><strong>dierum</strong></span> <span class='ocrx_word' id='word_1_3' title='bbox 595 339 964 394; x_wconf 86' lang='lat' dir='ltr'><strong>observatione</strong></span> <span class='ocrx_word' id='word_1_4' title='bbox 988 339 1261 394; x_wconf 90' lang='lat' dir='ltr'><strong>liberavit.</strong></span> <span class='ocrx_word' id='word_1_5' title='bbox 1313 338 1425 394; x_wconf 82' lang='lat' dir='ltr'><strong>Non</strong></span> <span class='ocrx_word' id='word_1_6' title='bbox 1473 339 1614 392; x_wconf 93' lang='lat' dir='ltr'><strong>enim</strong></span> <span class='ocrx_word' id='word_1_7' title='bbox 1647 337 1786 392; x_wconf 89' lang='lat' dir='ltr'><strong>idem</strong></span> <span class='ocrx_word' id='word_1_8' title='bbox 1817 345 1940 391; x_wconf 91' lang='lat' dir='ltr'><strong>sunt</strong></span> 
     </span>
    </p>
   </div>
   <div class='ocr_carea' id='block_1_3' title="bbox 366 428 1940 500">
    <p class='ocr_par' dir='ltr' id='par_1_3' title="bbox 366 428 1940 500">
     <span class='ocr_line' id='line_1_3' title="bbox 366 428 1940 500; baseline -0.003 -15"><span class='ocrx_word' id='word_1_9' title='bbox 366 431 565 485; x_wconf 81' lang='lat' dir='ltr'><strong>Pascha</strong></span> <span class='ocrx_word' id='word_1_10' title='bbox 604 441 657 484; x_wconf 92' lang='lat' dir='ltr'><strong>et</strong></span> <span class='ocrx_word' id='word_1_11' title='bbox 702 431 1114 500; x_wconf 85' lang='lat' dir='ltr'><strong>Quadragesuna</strong></span> <span class='ocrx_word' id='word_1_12' title='bbox 1156 429 1290 484; x_wconf 89' lang='lat' dir='ltr'><strong>:sed</strong></span> <span class='ocrx_word' id='word_1_13' title='bbox 1336 429 1476 484; x_wconf 80' lang='lat' dir='ltr'><strong>aliud</strong></span> <span class='ocrx_word' id='word_1_14' title='bbox 1527 429 1749 494; x_wconf 82' lang='lat' dir='ltr'><strong>Pascha,</strong></span> <span class='ocrx_word' id='word_1_15' title='bbox 1797 428 1940 482; x_wconf 83' lang='lat' dir='ltr'><strong>aliud</strong></span> 
     </span>
    </p>
   </div>
   <div class='ocr_carea' id='block_1_4' title="bbox 363 521 1940 592">
    <p class='ocr_par' dir='ltr' id='par_1_4' title="bbox 363 521 1940 592">
     <span class='ocr_line' id='line_1_4' title="bbox 363 521 1940 592; baseline -0.002 -16"><span class='ocrx_word' id='word_1_16' title='bbox 363 521 776 592; x_wconf 83' lang='lat' dir='ltr'><strong>Quadragesima</strong></span> <span class='ocrx_word' id='word_1_17' title='bbox 799 541 814 577; x_wconf 84' lang='lat'><strong>:</strong></span> <span class='ocrx_word' id='word_1_18' title='bbox 840 521 1097 592; x_wconf 85' lang='lat' dir='ltr'><strong>siquidem</strong></span> <span class='ocrx_word' id='word_1_19' title='bbox 1114 521 1522 590; x_wconf 87' lang='lat' dir='ltr'><strong>Quadragesima</strong></span> <span class='ocrx_word' id='word_1_20' title='bbox 1538 521 1705 577; x_wconf 84' lang='lat' dir='ltr'><strong>semel</strong></span> <span class='ocrx_word' id='word_1_21' title='bbox 1725 521 1775 575; x_wconf 89' lang='lat' dir='ltr'><strong>itt</strong></span> <span class='ocrx_word' id='word_1_22' title='bbox 1801 535 1940 574; x_wconf 90' lang='lat' dir='ltr'><strong>anno</strong></span> 
     </span>
    </p>
   </div>
   <div class='ocr_carea' id='block_1_5' title="bbox 366 613 1940 686">
    <p class='ocr_par' dir='ltr' id='par_1_5' title="bbox 366 613 1940 686">
     <span class='ocr_line' id='line_1_5' title="bbox 366 613 1940 686; baseline -0.001 -18"><span class='ocrx_word' id='word_1_23' title='bbox 366 614 444 680; x_wconf 82' lang='lat' dir='ltr'><strong>ﬁt,</strong></span> <span class='ocrx_word' id='word_1_24' title='bbox 477 615 679 670; x_wconf 86' lang='lat' dir='ltr'><strong>Pascha</strong></span> <span class='ocrx_word' id='word_1_25' title='bbox 709 615 782 686; x_wconf 86' lang='lat' dir='ltr'><strong>(a)</strong></span> <span class='ocrx_word' id='word_1_26' title='bbox 804 631 930 669; x_wconf 91' lang='lat' dir='ltr'><strong>vero</strong></span> <span class='ocrx_word' id='word_1_27' title='bbox 956 625 1035 670; x_wconf 90' lang='lat' dir='ltr'><strong>ter</strong></span> <span class='ocrx_word' id='word_1_28' title='bbox 1063 617 1114 669; x_wconf 93' lang='lat' dir='ltr'><strong>in</strong></span> <span class='ocrx_word' id='word_1_29' title='bbox 1145 613 1470 669; x_wconf 86' lang='lat' dir='ltr'><strong>hebdomada</strong></span> <span class='ocrx_word' id='word_1_30' title='bbox 1496 654 1511 681; x_wconf 89' lang='lat'><strong>,</strong></span> <span class='ocrx_word' id='word_1_31' title='bbox 1544 629 1940 683; x_wconf 82' lang='lat' dir='ltr'><strong>nonnumquam</strong></span> 
     </span>
    </p>
   </div>
   <div class='ocr_carea' id='block_1_6' title="bbox 361 704 1944 776">
    <p class='ocr_par' dir='ltr' id='par_1_6' title="bbox 361 704 1944 776">
     <span class='ocr_line' id='line_1_6' title="bbox 361 704 1944 776; baseline -0.003 -14"><span class='ocrx_word' id='word_1_32' title='bbox 361 707 524 762; x_wconf 88' lang='lat' dir='ltr'><strong>etiam</strong></span> <span class='ocrx_word' id='word_1_33' title='bbox 545 714 752 776; x_wconf 80' lang='lat' dir='ltr'><strong>quater,</strong></span> <span class='ocrx_word' id='word_1_34' title='bbox 776 705 860 761; x_wconf 87' lang='lat' dir='ltr'><strong>vel</strong></span> <span class='ocrx_word' id='word_1_35' title='bbox 891 707 1064 774; x_wconf 79' lang='lat' dir='ltr'><strong>potius</strong></span> <span class='ocrx_word' id='word_1_36' title='bbox 1088 707 1526 776; x_wconf 90' lang='lat' dir='ltr'><strong>quotiescumque</strong></span> <span class='ocrx_word' id='word_1_37' title='bbox 1552 705 1816 760; x_wconf 92' lang='lat' dir='ltr'><strong>volumus.</strong></span> <span class='ocrx_word' id='word_1_38' title='bbox 1846 704 1944 758; x_wconf 87' lang='lat' dir='ltr'><strong>Est</strong></span> 
     </span>
    </p>
   </div>
   <div class='ocr_carea' id='block_1_7' title="bbox 362 792 1938 864">
    <p class='ocr_par' dir='ltr' id='par_1_7' title="bbox 362 792 1938 864">
     <span class='ocr_line' id='line_1_7' title="bbox 362 792 1938 864; baseline -0.004 -12"><span class='ocrx_word' id='word_1_39' title='bbox 362 796 503 852; x_wconf 85' lang='lat' dir='ltr'><strong>enim</strong></span> <span class='ocrx_word' id='word_1_40' title='bbox 525 796 724 850; x_wconf 85' lang='lat' dir='ltr'><strong>Pascha</strong></span> <span class='ocrx_word' id='word_1_41' title='bbox 743 810 848 849; x_wconf 92' lang='lat' dir='ltr'><strong>non</strong></span> <span class='ocrx_word' id='word_1_42' title='bbox 867 795 1149 864; x_wconf 77' lang='lat' dir='ltr'><strong>jejunium,</strong></span> <span class='ocrx_word' id='word_1_43' title='bbox 1169 794 1264 849; x_wconf 93' lang='lat' dir='ltr'><strong>sed</strong></span> <span class='ocrx_word' id='word_1_44' title='bbox 1281 795 1502 860; x_wconf 90' lang='lat' dir='ltr'><strong>oblatio,</strong></span> <span class='ocrx_word' id='word_1_45' title='bbox 1520 802 1576 849; x_wconf 90' lang='lat' dir='ltr'><strong>et</strong></span> <span class='ocrx_word' id='word_1_46' title='bbox 1593 792 1938 860; x_wconf 81' lang='lat' dir='ltr'><strong>sacriﬁcium,</strong></span> 
     </span>
    </p>
   </div>
   <div class='ocr_carea' id='block_1_8' title="bbox 360 886 1940 957">
    <p class='ocr_par' dir='ltr' id='par_1_8' title="bbox 360 886 1940 957">
     <span class='ocr_line' id='line_1_8' title="bbox 360 886 1940 957; baseline -0.001 -18"><span class='ocrx_word' id='word_1_47' title='bbox 360 888 502 957; x_wconf 87' lang='lat' dir='ltr'><strong>quod</strong></span> <span class='ocrx_word' id='word_1_48' title='bbox 535 888 585 941; x_wconf 89' lang='lat' dir='ltr'><strong>in</strong></span> <span class='ocrx_word' id='word_1_49' title='bbox 616 889 836 956; x_wconf 80' lang='lat' dir='ltr'><strong>singulis</strong></span> <span class='ocrx_word' id='word_1_50' title='bbox 864 888 919 940; x_wconf 87' lang='lat' dir='ltr'><strong>lit</strong></span> <span class='ocrx_word' id='word_1_51' title='bbox 941 887 1201 941; x_wconf 84' lang='lat' dir='ltr'><strong>collectis.</strong></span> <span class='ocrx_word' id='word_1_52' title='bbox 1233 887 1344 942; x_wconf 87' lang='lat' dir='ltr'><strong>Hoc</strong></span> <span class='ocrx_word' id='word_1_53' title='bbox 1367 895 1544 942; x_wconf 88' lang='lat' dir='ltr'><strong>autem</strong></span> <span class='ocrx_word' id='word_1_54' title='bbox 1576 887 1646 941; x_wconf 87' lang='lat' dir='ltr'><strong>ita</strong></span> <span class='ocrx_word' id='word_1_55' title='bbox 1675 900 1815 951; x_wconf 88' lang='lat' dir='ltr'><strong>esse,</strong></span> <span class='ocrx_word' id='word_1_56' title='bbox 1835 886 1940 940; x_wconf 90' lang='lat' dir='ltr'><strong>col-</strong></span> 
     </span>
    </p>
   </div>
   <div class='ocr_carea' id='block_1_9' title="bbox 363 976 1942 1049">
    <p class='ocr_par' dir='ltr' id='par_1_9' title="bbox 363 976 1942 1049">
     <span class='ocr_line' id='line_1_9' title="bbox 363 976 1942 1049; baseline -0.003 -16"><span class='ocrx_word' id='word_1_57' title='bbox 363 980 463 1049; x_wconf 87' lang='lat' dir='ltr'><strong>lige</strong></span> <span class='ocrx_word' id='word_1_58' title='bbox 485 995 550 1034; x_wconf 81' lang='lat' dir='ltr'><strong>ex</strong></span> <span class='ocrx_word' id='word_1_59' title='bbox 581 977 664 1032; x_wconf 91' lang='lat' dir='ltr'><strong>his</strong></span> <span class='ocrx_word' id='word_1_60' title='bbox 687 978 832 1032; x_wconf 84' lang='lat' dir='ltr'><strong>Pauli</strong></span> <span class='ocrx_word' id='word_1_61' title='bbox 861 979 1055 1043; x_wconf 78' lang='lat' dir='ltr'><strong>verbis,</strong></span> <span class='ocrx_word' id='word_1_62' title='bbox 1086 977 1288 1032; x_wconf 86' lang='lat' dir='ltr'><strong>Pascha</strong></span> <span class='ocrx_word' id='word_1_63' title='bbox 1306 987 1532 1032; x_wconf 86' lang='lat' dir='ltr'><strong>nostrum</strong></span> <span class='ocrx_word' id='word_1_64' title='bbox 1557 993 1648 1046; x_wconf 88' lang='lat' dir='ltr'><strong>pro</strong></span> <span class='ocrx_word' id='word_1_65' title='bbox 1676 976 1817 1032; x_wconf 82' lang='lat' dir='ltr'><strong>nobis</strong></span> <span class='ocrx_word' id='word_1_66' title='bbox 1845 977 1942 1030; x_wconf 86' lang='lat' dir='ltr'><strong>im-</strong></span> 
     </span>
    </p>
   </div>
   <div class='ocr_carea' id='block_1_10' title="bbox 361 1068 1942 1142">
    <p class='ocr_par' dir='ltr' id='par_1_10' title="bbox 361 1068 1942 1142">
     <span class='ocr_line' id='line_1_10' title="bbox 361 1068 1942 1142; baseline 0.001 -19"><span class='ocrx_word' id='word_1_67' title='bbox 361 1072 577 1126; x_wconf 87' lang='lat' dir='ltr'><strong>molatus</strong></span> <span class='ocrx_word' id='word_1_68' title='bbox 601 1081 673 1125; x_wconf 89' lang='lat' dir='ltr'><strong>est</strong></span> <span class='ocrx_word' id='word_1_69' title='bbox 697 1068 926 1126; x_wconf 85' lang='lat' dir='ltr'><strong>Christus</strong></span> <span class='ocrx_word' id='word_1_70' title='bbox 968 1072 1042 1142; x_wconf 87' lang='grc' dir='ltr'><strong>(Ι.</strong></span> <span class='ocrx_word' id='word_1_71' title='bbox 1083 1071 1199 1126; x_wconf 87' lang='lat' dir='ltr'><strong>Cor.</strong></span> <span class='ocrx_word' id='word_1_72' title='bbox 1240 1071 1292 1126; x_wconf 85' lang='lat'><strong>5.</strong></span> <span class='ocrx_word' id='word_1_73' title='bbox 1318 1071 1396 1140; x_wconf 89' lang='lat'><strong>7),</strong></span> <span class='ocrx_word' id='word_1_74' title='bbox 1439 1080 1492 1126; x_wconf 88' lang='lat' dir='ltr'><strong>et</strong></span> <span class='ocrx_word' id='word_1_75' title='bbox 1523 1069 1942 1142; x_wconf 75' lang='lat' dir='ltr'><strong>Quotiescumque</strong></span> 
     </span>
    </p>
   </div>
   <div class='ocr_carea' id='block_1_11' title="bbox 361 1161 1941 1232">
    <p class='ocr_par' dir='ltr' id='par_1_11' title="bbox 361 1161 1941 1232">
     <span class='ocr_line' id='line_1_11' title="bbox 361 1161 1941 1232; baseline 0.001 -19"><span class='ocrx_word' id='word_1_76' title='bbox 361 1161 727 1216; x_wconf 86' lang='lat' dir='ltr'><strong>manducabitis</strong></span> <span class='ocrx_word' id='word_1_77' title='bbox 773 1179 954 1232; x_wconf 78' lang='lat' dir='ltr'><strong>panem</strong></span> <span class='ocrx_word' id='word_1_78' title='bbox 996 1163 1148 1228; x_wconf 86' lang='lat' dir='ltr'><strong>hunc,</strong></span> <span class='ocrx_word' id='word_1_79' title='bbox 1192 1172 1240 1216; x_wconf 88' lang='lat' dir='ltr'><strong>et</strong></span> <span class='ocrx_word' id='word_1_80' title='bbox 1270 1162 1475 1217; x_wconf 82' lang='lat' dir='ltr'><strong>calicem</strong></span> <span class='ocrx_word' id='word_1_81' title='bbox 1512 1161 1703 1228; x_wconf 83' lang='lat' dir='ltr'><strong>bibetis,</strong></span> <span class='ocrx_word' id='word_1_82' title='bbox 1729 1171 1941 1215; x_wconf 88' lang='lat' dir='ltr'><strong>mortem</strong></span> 
     </span>
    </p>
   </div>
   <div class='ocr_carea' id='block_1_12' title="bbox 367 1252 1940 1324">
    <p class='ocr_par' dir='ltr' id='par_1_12' title="bbox 367 1252 1940 1324">
     <span class='ocr_line' id='line_1_12' title="bbox 367 1252 1940 1324; baseline -0.001 -19"><span class='ocrx_word' id='word_1_83' title='bbox 367 1252 570 1306; x_wconf 83' lang='lat' dir='ltr'><strong>Domini</strong></span> <span class='ocrx_word' id='word_1_84' title='bbox 614 1254 978 1307; x_wconf 86' lang='lat' dir='ltr'><strong>annuntiabitis</strong></span> <span class='ocrx_word' id='word_1_85' title='bbox 1025 1253 1132 1324; x_wconf 89' lang='lat' dir='ltr'><strong>(Ib.</strong></span> <span class='ocrx_word' id='word_1_86' title='bbox 1185 1254 1271 1308; x_wconf 80' lang='grc' dir='ltr'><strong>Η.</strong></span> <span class='ocrx_word' id='word_1_87' title='bbox 1312 1253 1428 1324; x_wconf 70' lang='grc'><strong>26).</strong></span> <span class='ocrx_word' id='word_1_88' title='bbox 1481 1252 1659 1323; x_wconf 78' lang='lat' dir='ltr'><strong>Itaque</strong></span> <span class='ocrx_word' id='word_1_89' title='bbox 1699 1253 1940 1321; x_wconf 84' lang='lat' dir='ltr'><strong>quoties-</strong></span> 
     </span>
    </p>
   </div>
   <div class='ocr_carea' id='block_1_13' title="bbox 361 1343 1941 1413">
    <p class='ocr_par' dir='ltr' id='par_1_13' title="bbox 361 1343 1941 1413">
     <span class='ocr_line' id='line_1_13' title="bbox 361 1343 1941 1413; baseline 0.001 -17"><span class='ocrx_word' id='word_1_90' title='bbox 361 1357 588 1413; x_wconf 87' lang='lat' dir='ltr'><strong>cumque</strong></span> <span class='ocrx_word' id='word_1_91' title='bbox 625 1359 746 1398; x_wconf 91' lang='lat' dir='ltr'><strong>cum</strong></span> <span class='ocrx_word' id='word_1_92' title='bbox 775 1344 1096 1399; x_wconf 84' lang='lat' dir='ltr'><strong>conscientia</strong></span> <span class='ocrx_word' id='word_1_93' title='bbox 1127 1345 1318 1399; x_wconf 90' lang='lat' dir='ltr'><strong>munda</strong></span> <span class='ocrx_word' id='word_1_94' title='bbox 1349 1344 1576 1408; x_wconf 83' lang='lat' dir='ltr'><strong>accedis,</strong></span> <span class='ocrx_word' id='word_1_95' title='bbox 1614 1343 1812 1398; x_wconf 88' lang='lat' dir='ltr'><strong>Pascha</strong></span> <span class='ocrx_word' id='word_1_96' title='bbox 1853 1357 1941 1397; x_wconf 90' lang='lat' dir='ltr'><strong>ce—</strong></span> 
     </span>
    </p>
   </div>
   <div class='ocr_carea' id='block_1_14' title="bbox 364 1433 1936 1505">
    <p class='ocr_par' dir='ltr' id='par_1_14' title="bbox 364 1433 1936 1505">
     <span class='ocr_line' id='line_1_14' title="bbox 364 1433 1936 1505; baseline 0 -17"><span class='ocrx_word' id='word_1_97' title='bbox 364 1435 557 1502; x_wconf 88' lang='lat' dir='ltr'><strong>lebras,</strong></span> <span class='ocrx_word' id='word_1_98' title='bbox 592 1451 697 1491; x_wconf 89' lang='lat' dir='ltr'><strong>non</strong></span> <span class='ocrx_word' id='word_1_99' title='bbox 723 1436 936 1505; x_wconf 84' lang='lat' dir='ltr'><strong>quando</strong></span> <span class='ocrx_word' id='word_1_100' title='bbox 961 1435 1188 1505; x_wconf 89' lang='lat' dir='ltr'><strong>jejunas,</strong></span> <span class='ocrx_word' id='word_1_101' title='bbox 1220 1435 1313 1490; x_wconf 91' lang='lat' dir='ltr'><strong>sed</strong></span> <span class='ocrx_word' id='word_1_102' title='bbox 1357 1435 1570 1505; x_wconf 91' lang='lat' dir='ltr'><strong>quando</strong></span> <span class='ocrx_word' id='word_1_103' title='bbox 1597 1433 1842 1490; x_wconf 85' lang='lat' dir='ltr'><strong>sacriﬁcii</strong></span> <span class='ocrx_word' id='word_1_104' title='bbox 1871 1435 1936 1489; x_wconf 89' lang='lat' dir='ltr'><strong>il-</strong></span> 
     </span>
    </p>
   </div>
   <div class='ocr_carea' id='block_1_15' title="bbox 361 1524 1939 1596">
    <p class='ocr_par' dir='ltr' id='par_1_15' title="bbox 361 1524 1939 1596">
     <span class='ocr_line' id='line_1_15' title="bbox 361 1524 1939 1596; baseline 0.001 -18"><span class='ocrx_word' id='word_1_105' title='bbox 361 1524 462 1580; x_wconf 87' lang='lat' dir='ltr'><strong>lius</strong></span> <span class='ocrx_word' id='word_1_106' title='bbox 483 1525 544 1579; x_wconf 76' lang='lat' dir='ltr'><strong>iis</strong></span> <span class='ocrx_word' id='word_1_107' title='bbox 562 1527 843 1595; x_wconf 81' lang='lat' dir='ltr'><strong>particeps.</strong></span> <span class='ocrx_word' id='word_1_108' title='bbox 865 1525 1281 1596; x_wconf 77' lang='lat' dir='ltr'><strong>Quotiescumque</strong></span> <span class='ocrx_word' id='word_1_109' title='bbox 1303 1527 1434 1579; x_wconf 89' lang='lat' dir='ltr'><strong>enim</strong></span> <span class='ocrx_word' id='word_1_110' title='bbox 1457 1525 1827 1580; x_wconf 86' lang='lat' dir='ltr'><strong>manducabilis</strong></span> <span class='ocrx_word' id='word_1_111' title='bbox 1848 1543 1939 1594; x_wconf 86' lang='lat' dir='ltr'><strong>pa-</strong></span> 
     </span>
    </p>
   </div>
   <div class='ocr_carea' id='block_1_16' title="bbox 363 1618 1937 1683">
    <p class='ocr_par' dir='ltr' id='par_1_16' title="bbox 363 1618 1937 1683">
     <span class='ocr_line' id='line_1_16' title="bbox 363 1618 1937 1683; baseline -0.001 -10"><span class='ocrx_word' id='word_1_112' title='bbox 363 1635 474 1673; x_wconf 84' lang='lat' dir='ltr'><strong>nem</strong></span> <span class='ocrx_word' id='word_1_113' title='bbox 505 1620 658 1681; x_wconf 88' lang='lat' dir='ltr'><strong>hunc,</strong></span> <span class='ocrx_word' id='word_1_114' title='bbox 682 1630 728 1674; x_wconf 90' lang='lat' dir='ltr'><strong>et</strong></span> <span class='ocrx_word' id='word_1_115' title='bbox 753 1619 958 1673; x_wconf 82' lang='lat' dir='ltr'><strong>calicem</strong></span> <span class='ocrx_word' id='word_1_116' title='bbox 988 1621 1175 1683; x_wconf 84' lang='lat' dir='ltr'><strong>bibetis,</strong></span> <span class='ocrx_word' id='word_1_117' title='bbox 1206 1629 1416 1673; x_wconf 89' lang='lat' dir='ltr'><strong>mortem</strong></span> <span class='ocrx_word' id='word_1_118' title='bbox 1441 1618 1648 1674; x_wconf 87' lang='lat' dir='ltr'><strong>Domini</strong></span> <span class='ocrx_word' id='word_1_119' title='bbox 1665 1620 1937 1672; x_wconf 87' lang='lat' dir='ltr'><strong>annuntia-</strong></span> 
     </span>
    </p>
   </div>
   <div class='ocr_carea' id='block_1_17' title="bbox 360 1708 1937 1785">
    <p class='ocr_par' dir='ltr' id='par_1_17' title="bbox 360 1708 1937 1785">
     <span class='ocr_line' id='line_1_17' title="bbox 360 1708 1937 1785; baseline 0.001 -23"><span class='ocrx_word' id='word_1_120' title='bbox 360 1709 492 1762; x_wconf 80' lang='lat' dir='ltr'><strong>bitis.</strong></span> <span class='ocrx_word' id='word_1_121' title='bbox 523 1709 723 1764; x_wconf 87' lang='lat' dir='ltr'><strong>Pascha</strong></span> <span class='ocrx_word' id='word_1_122' title='bbox 757 1725 884 1766; x_wconf 91' lang='lat' dir='ltr'><strong>vero</strong></span> <span class='ocrx_word' id='word_1_123' title='bbox 929 1721 1010 1764; x_wconf 89' lang='lat' dir='ltr'><strong>est</strong></span> <span class='ocrx_word' id='word_1_124' title='bbox 1041 1719 1266 1765; x_wconf 89' lang='lat' dir='ltr'><strong>mortem</strong></span> <span class='ocrx_word' id='word_1_125' title='bbox 1293 1711 1630 1785; x_wconf 82' lang='lat' dir='ltr'><strong>annuntiare.</strong></span> <span class='ocrx_word' id='word_1_126' title='bbox 1660 1708 1791 1764; x_wconf 90' lang='lat' dir='ltr'><strong>Nam</strong></span> <span class='ocrx_word' id='word_1_127' title='bbox 1817 1725 1937 1779; x_wconf 64' lang='lat' dir='ltr'><strong>quas</strong></span> 
     </span>
    </p>
   </div>
   <div class='ocr_carea' id='block_1_18' title="bbox 361 1797 1932 1871">
    <p class='ocr_par' dir='ltr' id='par_1_18' title="bbox 361 1797 1932 1871">
     <span class='ocr_line' id='line_1_18' title="bbox 361 1797 1932 1871; baseline 0.001 -19"><span class='ocrx_word' id='word_1_128' title='bbox 361 1797 518 1854; x_wconf 85' lang='lat' dir='ltr'><strong>hodie</strong></span> <span class='ocrx_word' id='word_1_129' title='bbox 541 1800 599 1854; x_wconf 80' lang='lat' dir='ltr'><strong>iit</strong></span> <span class='ocrx_word' id='word_1_130' title='bbox 623 1801 840 1862; x_wconf 81' lang='lat' dir='ltr'><strong>oblatio,</strong></span> <span class='ocrx_word' id='word_1_131' title='bbox 873 1817 1097 1871; x_wconf 88' lang='lat' dir='ltr'><strong>qua-que</strong></span> <span class='ocrx_word' id='word_1_132' title='bbox 1141 1801 1391 1857; x_wconf 90' lang='lat' dir='ltr'><strong>hesterno</strong></span> <span class='ocrx_word' id='word_1_133' title='bbox 1414 1801 1502 1856; x_wconf 91' lang='lat' dir='ltr'><strong>die</strong></span> <span class='ocrx_word' id='word_1_134' title='bbox 1542 1799 1805 1856; x_wconf 83' lang='lat' dir='ltr'><strong>celebrata</strong></span> <span class='ocrx_word' id='word_1_135' title='bbox 1830 1808 1932 1866; x_wconf 91' lang='lat' dir='ltr'><strong>est,</strong></span> 
     </span>
    </p>
   </div>
   <div class='ocr_carea' id='block_1_19' title="bbox 358 1891 1933 1961">
    <p class='ocr_par' dir='ltr' id='par_1_19' title="bbox 358 1891 1933 1961">
     <span class='ocr_line' id='line_1_19' title="bbox 358 1891 1933 1961; baseline 0.001 -16"><span class='ocrx_word' id='word_1_136' title='bbox 358 1899 414 1945; x_wconf 89' lang='lat' dir='ltr'><strong>et</strong></span> <span class='ocrx_word' id='word_1_137' title='bbox 441 1906 559 1960; x_wconf 66' lang='lat' dir='ltr'><strong>qua:</strong></span> <span class='ocrx_word' id='word_1_138' title='bbox 587 1892 806 1961; x_wconf 81' lang='lat' dir='ltr'><strong>singulis</strong></span> <span class='ocrx_word' id='word_1_139' title='bbox 831 1891 1036 1954; x_wconf 85' lang='lat' dir='ltr'><strong>diebus,</strong></span> <span class='ocrx_word' id='word_1_140' title='bbox 1065 1892 1252 1948; x_wconf 89' lang='lat' dir='ltr'><strong>similis</strong></span> <span class='ocrx_word' id='word_1_141' title='bbox 1277 1900 1360 1947; x_wconf 89' lang='lat' dir='ltr'><strong>est</strong></span> <span class='ocrx_word' id='word_1_142' title='bbox 1403 1901 1456 1947; x_wconf 91' lang='lat' dir='ltr'><strong>et</strong></span> <span class='ocrx_word' id='word_1_143' title='bbox 1493 1891 1680 1947; x_wconf 89' lang='lat' dir='ltr'><strong>eadem</strong></span> <span class='ocrx_word' id='word_1_144' title='bbox 1707 1905 1827 1946; x_wconf 91' lang='lat' dir='ltr'><strong>cum</strong></span> <span class='ocrx_word' id='word_1_145' title='bbox 1848 1906 1933 1958; x_wconf 91' lang='lat' dir='ltr'><strong>ea,</strong></span> 
     </span>
    </p>
   </div>
   <div class='ocr_carea' id='block_1_20' title="bbox 358 1983 1935 2052">
    <p class='ocr_par' dir='ltr' id='par_1_20' title="bbox 358 1983 1935 2052">
     <span class='ocr_line' id='line_1_20' title="bbox 358 1983 1935 2052; baseline 0.003 -17"><span class='ocrx_word' id='word_1_146' title='bbox 358 1999 476 2052; x_wconf 68' lang='lat' dir='ltr'><strong>quae</strong></span> <span class='ocrx_word' id='word_1_147' title='bbox 505 1983 592 2039; x_wconf 90' lang='lat' dir='ltr'><strong>die</strong></span> <span class='ocrx_word' id='word_1_148' title='bbox 619 1985 703 2038; x_wconf 91' lang='lat' dir='ltr'><strong>illa</strong></span> <span class='ocrx_word' id='word_1_149' title='bbox 742 1985 944 2040; x_wconf 82' lang='lat' dir='ltr'><strong>sabbati</strong></span> <span class='ocrx_word' id='word_1_150' title='bbox 975 1989 1107 2040; x_wconf 80' lang='lat' dir='ltr'><strong>tacta</strong></span> <span class='ocrx_word' id='word_1_151' title='bbox 1137 1997 1238 2052; x_wconf 87' lang='lat' dir='ltr'><strong>est,</strong></span> <span class='ocrx_word' id='word_1_152' title='bbox 1262 1997 1313 2041; x_wconf 91' lang='lat' dir='ltr'><strong>et</strong></span> <span class='ocrx_word' id='word_1_153' title='bbox 1341 1985 1507 2041; x_wconf 91' lang='lat' dir='ltr'><strong>nihilo</strong></span> <span class='ocrx_word' id='word_1_154' title='bbox 1537 1985 1630 2041; x_wconf 80' lang='lat' dir='ltr'><strong>fuit</strong></span> <span class='ocrx_word' id='word_1_155' title='bbox 1658 1985 1744 2040; x_wconf 91' lang='lat' dir='ltr'><strong>illa</strong></span> <span class='ocrx_word' id='word_1_156' title='bbox 1770 2001 1935 2041; x_wconf 88' lang='lat' dir='ltr'><strong>vene-</strong></span> 
     </span>
    </p>
   </div>
   <div class='ocr_carea' id='block_1_21' title="bbox 361 2074 1934 2147">
    <p class='ocr_par' dir='ltr' id='par_1_21' title="bbox 361 2074 1934 2147">
     <span class='ocr_line' id='line_1_21' title="bbox 361 2074 1934 2147; baseline 0.003 -20"><span class='ocrx_word' id='word_1_157' title='bbox 361 2074 578 2129; x_wconf 91' lang='lat' dir='ltr'><strong>rabilior</strong></span> <span class='ocrx_word' id='word_1_158' title='bbox 599 2075 718 2139; x_wconf 87' lang='lat' dir='ltr'><strong>ista,</strong></span> <span class='ocrx_word' id='word_1_159' title='bbox 753 2091 920 2146; x_wconf 89' lang='lat' dir='ltr'><strong>neque</strong></span> <span class='ocrx_word' id='word_1_160' title='bbox 948 2078 1101 2130; x_wconf 78' lang='lat' dir='ltr'><strong>vilior</strong></span> <span class='ocrx_word' id='word_1_161' title='bbox 1125 2079 1237 2132; x_wconf 78' lang='lat' dir='ltr'><strong>hzcc</strong></span> <span class='ocrx_word' id='word_1_162' title='bbox 1259 2093 1416 2147; x_wconf 82' lang='lat' dir='ltr'><strong>quam</strong></span> <span class='ocrx_word' id='word_1_163' title='bbox 1445 2077 1556 2144; x_wconf 83' lang='lat' dir='ltr'><strong>illa,</strong></span> <span class='ocrx_word' id='word_1_164' title='bbox 1583 2077 1676 2134; x_wconf 91' lang='lat' dir='ltr'><strong>sed</strong></span> <span class='ocrx_word' id='word_1_165' title='bbox 1704 2092 1806 2132; x_wconf 90' lang='lat' dir='ltr'><strong>una</strong></span> <span class='ocrx_word' id='word_1_166' title='bbox 1837 2092 1934 2134; x_wconf 81' lang='lat' dir='ltr'><strong>ea-</strong></span> 
     </span>
    </p>
   </div>
   <div class='ocr_carea' id='block_1_22' title="bbox 358 2161 1472 2234">
    <p class='ocr_par' dir='ltr' id='par_1_22' title="bbox 358 2161 1472 2234">
     <span class='ocr_line' id='line_1_22' title="bbox 358 2161 1472 2234; baseline 0.001 -16"><span class='ocrx_word' id='word_1_167' title='bbox 358 2161 589 2234; x_wconf 87' lang='lat' dir='ltr'><strong>demque</strong></span> <span class='ocrx_word' id='word_1_168' title='bbox 609 2167 805 2231; x_wconf 85' lang='lat' dir='ltr'><strong>pariter</strong></span> <span class='ocrx_word' id='word_1_169' title='bbox 829 2167 1098 2221; x_wconf 88' lang='lat' dir='ltr'><strong>tremenda</strong></span> <span class='ocrx_word' id='word_1_170' title='bbox 1132 2177 1186 2222; x_wconf 89' lang='lat' dir='ltr'><strong>et</strong></span> <span class='ocrx_word' id='word_1_171' title='bbox 1209 2168 1472 2222; x_wconf 90' lang='lat' dir='ltr'><strong>salutaris.</strong></span> 
     </span>
    </p>
   </div>
   <div class='ocr_carea' id='block_1_23' title="bbox 429 2253 1934 2329">
    <p class='ocr_par' dir='ltr' id='par_1_23' title="bbox 429 2253 1934 2329">
     <span class='ocr_line' id='line_1_23' title="bbox 429 2253 1934 2329; baseline 0.004 -21"><span class='ocrx_word' id='word_1_172' title='bbox 429 2253 532 2308; x_wconf 87' lang='lat' dir='ltr'><strong>Cur</strong></span> <span class='ocrx_word' id='word_1_173' title='bbox 553 2272 640 2322; x_wconf 88' lang='lat' dir='ltr'><strong>per</strong></span> <span class='ocrx_word' id='word_1_174' title='bbox 664 2255 734 2310; x_wconf 69' lang='grc'>40</span> <span class='ocrx_word' id='word_1_175' title='bbox 753 2257 858 2310; x_wconf 87' lang='lat' dir='ltr'><strong>dies</strong></span> <span class='ocrx_word' id='word_1_176' title='bbox 871 2258 1232 2327; x_wconf 86' lang='lat' dir='ltr'><strong>jejunetur.—</strong></span> <span class='ocrx_word' id='word_1_177' title='bbox 1255 2258 1422 2325; x_wconf 86' lang='lat' dir='ltr'><strong>Quam</strong></span> <span class='ocrx_word' id='word_1_178' title='bbox 1456 2259 1614 2329; x_wconf 79' lang='lat' dir='ltr'><strong>igitur</strong></span> <span class='ocrx_word' id='word_1_179' title='bbox 1631 2258 1701 2314; x_wconf 88' lang='lat' dir='ltr'><strong>ob</strong></span> <span class='ocrx_word' id='word_1_180' title='bbox 1719 2274 1934 2315; x_wconf 84' lang='lat' dir='ltr'><strong>causam</strong></span> 
     </span>
    </p>
   </div>
   <div class='ocr_carea' id='block_1_24' title="bbox 357 2344 1934 2420">
    <p class='ocr_par' dir='ltr' id='par_1_24' title="bbox 357 2344 1934 2420">
     <span class='ocr_line' id='line_1_24' title="bbox 357 2344 1934 2420; baseline 0.003 -22"><span class='ocrx_word' id='word_1_181' title='bbox 357 2344 678 2412; x_wconf 82' lang='lat' dir='ltr'><strong>jejunamus,</strong></span> <span class='ocrx_word' id='word_1_182' title='bbox 733 2346 920 2416; x_wconf 88' lang='lat' dir='ltr'><strong>inquit,</strong></span> <span class='ocrx_word' id='word_1_183' title='bbox 969 2363 1063 2417; x_wconf 86' lang='lat' dir='ltr'><strong>per</strong></span> <span class='ocrx_word' id='word_1_184' title='bbox 1103 2347 1201 2403; x_wconf 90' lang='lat' dir='ltr'><strong>hos</strong></span> <span class='ocrx_word' id='word_1_185' title='bbox 1239 2349 1352 2404; x_wconf 90' lang='lat' dir='ltr'><strong>dies</strong></span> <span class='ocrx_word' id='word_1_186' title='bbox 1377 2348 1761 2420; x_wconf 81' lang='lat' dir='ltr'><strong>quadraginta?</strong></span> <span class='ocrx_word' id='word_1_187' title='bbox 1786 2348 1934 2404; x_wconf 87' lang='lat' dir='ltr'><strong>Multi</strong></span> 
     </span>
    </p>
   </div>
   <div class='ocr_carea' id='block_1_25' title="bbox 359 2433 1935 2508">
    <p class='ocr_par' dir='ltr' id='par_1_25' title="bbox 359 2433 1935 2508">
     <span class='ocr_line' id='line_1_25' title="bbox 359 2433 1935 2508; baseline 0.008 -27"><span class='ocrx_word' id='word_1_188' title='bbox 359 2433 622 2501; x_wconf 83' lang='lat' dir='ltr'><strong>quondam</strong></span> <span class='ocrx_word' id='word_1_189' title='bbox 671 2445 868 2490; x_wconf 88' lang='lat' dir='ltr'><strong>temere</strong></span> <span class='ocrx_word' id='word_1_190' title='bbox 903 2451 966 2491; x_wconf 91' lang='lat' dir='ltr'><strong>ac</strong></span> <span class='ocrx_word' id='word_1_191' title='bbox 992 2438 1109 2492; x_wconf 90' lang='lat' dir='ltr'><strong>sine</strong></span> <span class='ocrx_word' id='word_1_192' title='bbox 1131 2437 1352 2506; x_wconf 89' lang='lat' dir='ltr'><strong>judicio,</strong></span> <span class='ocrx_word' id='word_1_193' title='bbox 1392 2439 1652 2508; x_wconf 68' lang='grc' dir='ltr'><strong>ιιτωςὶρυε</strong></span> <span class='ocrx_word' id='word_1_194' title='bbox 1679 2455 1806 2494; x_wconf 90' lang='lat' dir='ltr'><strong>vero</strong></span> <span class='ocrx_word' id='word_1_195' title='bbox 1835 2441 1935 2494; x_wconf 88' lang='lat' dir='ltr'><strong>hoc</strong></span> 
     </span>
    </p>
   </div>
   <div class='ocr_carea' id='block_1_26' title="bbox 359 2527 1932 2603">
    <p class='ocr_par' dir='ltr' id='par_1_26' title="bbox 359 2527 1932 2603">
     <span class='ocr_line' id='line_1_26' title="bbox 359 2527 1932 2603; baseline 0.006 -24"><span class='ocrx_word' id='word_1_196' title='bbox 359 2535 600 2595; x_wconf 88' lang='lat' dir='ltr'><strong>tempore</strong></span> <span class='ocrx_word' id='word_1_197' title='bbox 628 2542 734 2596; x_wconf 87' lang='lat' dir='ltr'><strong>quo</strong></span> <span class='ocrx_word' id='word_1_198' title='bbox 759 2527 998 2583; x_wconf 90' lang='lat' dir='ltr'><strong>Christus</strong></span> <span class='ocrx_word' id='word_1_199' title='bbox 1038 2544 1098 2583; x_wconf 85' lang='lat' dir='ltr'><strong>ea</strong></span> <span class='ocrx_word' id='word_1_200' title='bbox 1140 2531 1379 2596; x_wconf 85' lang='lat' dir='ltr'><strong>tradidit,</strong></span> <span class='ocrx_word' id='word_1_201' title='bbox 1408 2531 1474 2586; x_wconf 89' lang='lat' dir='ltr'><strong>ad</strong></span> <span class='ocrx_word' id='word_1_202' title='bbox 1503 2546 1653 2588; x_wconf 91' lang='lat' dir='ltr'><strong>sacra</strong></span> <span class='ocrx_word' id='word_1_203' title='bbox 1682 2534 1932 2603; x_wconf 76' lang='lat' dir='ltr'><strong>mysteria</strong></span> 
     </span>
    </p>
   </div>
   <div class='ocr_carea' id='block_1_27' title="bbox 353 2615 1932 2694">
    <p class='ocr_par' dir='ltr' id='par_1_27' title="bbox 353 2615 1932 2694">
     <span class='ocr_line' id='line_1_27' title="bbox 353 2615 1932 2694; baseline 0.007 -25"><span class='ocrx_word' id='word_1_204' title='bbox 353 2615 695 2672; x_wconf 80' lang='lat' dir='ltr'><strong>accedebant.</strong></span> <span class='ocrx_word' id='word_1_205' title='bbox 723 2619 856 2673; x_wconf 90' lang='lat' dir='ltr'><strong>Cum</strong></span> <span class='ocrx_word' id='word_1_206' title='bbox 882 2619 1041 2688; x_wconf 84' lang='lat' dir='ltr'><strong>igitur</strong></span> <span class='ocrx_word' id='word_1_207' title='bbox 1069 2621 1418 2692; x_wconf 78' lang='lat' dir='ltr'><strong>intelligerent</strong></span> <span class='ocrx_word' id='word_1_208' title='bbox 1445 2623 1649 2690; x_wconf 88' lang='lat' dir='ltr'><strong>Patres,</strong></span> <span class='ocrx_word' id='word_1_209' title='bbox 1676 2633 1932 2694; x_wconf 90' lang='lat' dir='ltr'><strong>quantutn</strong></span> 
     </span>
    </p>
   </div>
   <div class='ocr_carea' id='block_1_28' title="bbox 361 2710 1932 2784">
    <p class='ocr_par' dir='ltr' id='par_1_28' title="bbox 361 2710 1932 2784">
     <span class='ocr_line' id='line_1_28' title="bbox 361 2710 1932 2784; baseline 0.007 -24"><span class='ocrx_word' id='word_1_210' title='bbox 361 2721 425 2760; x_wconf 83' lang='lat' dir='ltr'><strong>ex</strong></span> <span class='ocrx_word' id='word_1_211' title='bbox 453 2710 738 2764; x_wconf 86' lang='lat' dir='ltr'><strong>temerario</strong></span> <span class='ocrx_word' id='word_1_212' title='bbox 785 2725 1002 2766; x_wconf 88' lang='lat' dir='ltr'><strong>accessu</strong></span> <span class='ocrx_word' id='word_1_213' title='bbox 1051 2712 1353 2768; x_wconf 84' lang='lat' dir='ltr'><strong>detrimenti</strong></span> <span class='ocrx_word' id='word_1_214' title='bbox 1394 2723 1689 2784; x_wconf 86' lang='lat' dir='ltr'><strong>caperetur,</strong></span> <span class='ocrx_word' id='word_1_215' title='bbox 1737 2731 1932 2772; x_wconf 86' lang='lat' dir='ltr'><strong>conve-</strong></span> 
     </span>
    </p>
   </div>
   <div class='ocr_carea' id='block_1_29' title="bbox 355 2799 1932 2876">
    <p class='ocr_par' dir='ltr' id='par_1_29' title="bbox 355 2799 1932 2876">
     <span class='ocr_line' id='line_1_29' title="bbox 355 2799 1932 2876; baseline 0.007 -25"><span class='ocrx_word' id='word_1_216' title='bbox 355 2799 561 2854; x_wconf 91' lang='lat' dir='ltr'><strong>nientes</strong></span> <span class='ocrx_word' id='word_1_217' title='bbox 599 2801 949 2873; x_wconf 90' lang='lat' dir='ltr'><strong>quadraginta</strong></span> <span class='ocrx_word' id='word_1_218' title='bbox 994 2803 1109 2859; x_wconf 90' lang='lat' dir='ltr'><strong>dies</strong></span> <span class='ocrx_word' id='word_1_219' title='bbox 1133 2804 1341 2874; x_wconf 82' lang='lat' dir='ltr'><strong>jejunii,</strong></span> <span class='ocrx_word' id='word_1_220' title='bbox 1371 2821 1612 2876; x_wconf 85' lang='lat' dir='ltr'><strong>precum,</strong></span> <span class='ocrx_word' id='word_1_221' title='bbox 1645 2807 1932 2863; x_wconf 84' lang='lat' dir='ltr'><strong>auditionis</strong></span> 
     </span>
    </p>
   </div>
   <div class='ocr_carea' id='block_1_30' title="bbox 353 2890 1931 2968">
    <p class='ocr_par' dir='ltr' id='par_1_30' title="bbox 353 2890 1931 2968">
     <span class='ocr_line' id='line_1_30' title="bbox 353 2890 1931 2968; baseline 0.006 -25"><span class='ocrx_word' id='word_1_222' title='bbox 353 2890 500 2946; x_wconf 91' lang='lat' dir='ltr'><strong>verbi</strong></span> <span class='ocrx_word' id='word_1_223' title='bbox 528 2891 642 2960; x_wconf 89' lang='lat' dir='ltr'><strong>Dei,</strong></span> <span class='ocrx_word' id='word_1_224' title='bbox 675 2903 728 2948; x_wconf 90' lang='lat' dir='ltr'><strong>et</strong></span> <span class='ocrx_word' id='word_1_225' title='bbox 754 2905 1108 2950; x_wconf 90' lang='lat' dir='ltr'><strong>couveutuum</strong></span> <span class='ocrx_word' id='word_1_226' title='bbox 1131 2896 1500 2968; x_wconf 88' lang='lat' dir='ltr'><strong>designarunt,</strong></span> <span class='ocrx_word' id='word_1_227' title='bbox 1531 2909 1589 2954; x_wconf 93' lang='lat' dir='ltr'><strong>ut</strong></span> <span class='ocrx_word' id='word_1_228' title='bbox 1615 2900 1666 2953; x_wconf 93' lang='lat' dir='ltr'><strong>in</strong></span> <span class='ocrx_word' id='word_1_229' title='bbox 1707 2899 1788 2954; x_wconf 90' lang='lat' dir='ltr'><strong>his</strong></span> <span class='ocrx_word' id='word_1_230' title='bbox 1816 2901 1931 2955; x_wconf 84' lang='lat' dir='ltr'><strong>die-</strong></span> 
     </span>
    </p>
   </div>
   <div class='ocr_carea' id='block_1_31' title="bbox 352 2983 1927 3062">
    <p class='ocr_par' dir='ltr' id='par_1_31' title="bbox 352 2983 1927 3062">
     <span class='ocr_line' id='line_1_31' title="bbox 352 2983 1927 3062; baseline 0.006 -25"><span class='ocrx_word' id='word_1_231' title='bbox 352 2983 451 3038; x_wconf 91' lang='lat' dir='ltr'><strong>bus</strong></span> <span class='ocrx_word' id='word_1_232' title='bbox 476 2998 662 3040; x_wconf 87' lang='lat' dir='ltr'><strong>omnes</strong></span> <span class='ocrx_word' id='word_1_233' title='bbox 690 3001 785 3055; x_wconf 91' lang='lat' dir='ltr'><strong>per</strong></span> <span class='ocrx_word' id='word_1_234' title='bbox 823 3001 1032 3056; x_wconf 88' lang='lat' dir='ltr'><strong>preces,</strong></span> <span class='ocrx_word' id='word_1_235' title='bbox 1067 3003 1162 3057; x_wconf 89' lang='lat' dir='ltr'><strong>per</strong></span> <span class='ocrx_word' id='word_1_236' title='bbox 1203 2988 1620 3061; x_wconf 87' lang='lat' dir='ltr'><strong>eleemosynam,</strong></span> <span class='ocrx_word' id='word_1_237' title='bbox 1653 3007 1749 3062; x_wconf 89' lang='lat' dir='ltr'><strong>per</strong></span> <span class='ocrx_word' id='word_1_238' title='bbox 1782 2992 1927 3062; x_wconf 85' lang='lat' dir='ltr'><strong>jeju-</strong></span> 
     </span>
    </p>
   </div>
   <div class='ocr_carea' id='block_1_32' title="bbox 349 3076 1930 3149">
    <p class='ocr_par' dir='ltr' id='par_1_32' title="bbox 349 3076 1930 3149">
     <span class='ocr_line' id='line_1_32' title="bbox 349 3076 1930 3149; baseline 0.005 -21"><span class='ocrx_word' id='word_1_239' title='bbox 349 3076 516 3142; x_wconf 91' lang='lat' dir='ltr'><strong>nium,</strong></span> <span class='ocrx_word' id='word_1_240' title='bbox 546 3091 640 3145; x_wconf 86' lang='lat' dir='ltr'><strong>per</strong></span> <span class='ocrx_word' id='word_1_241' title='bbox 666 3078 885 3146; x_wconf 75' lang='lat' dir='ltr'><strong>vigilias,</strong></span> <span class='ocrx_word' id='word_1_242' title='bbox 917 3093 1010 3146; x_wconf 90' lang='lat' dir='ltr'><strong>per</strong></span> <span class='ocrx_word' id='word_1_243' title='bbox 1036 3079 1316 3149; x_wconf 86' lang='lat' dir='ltr'><strong>iacrymas,</strong></span> <span class='ocrx_word' id='word_1_244' title='bbox 1339 3096 1430 3148; x_wconf 71' lang='grc' dir='ltr'>ρει·</span> <span class='ocrx_word' id='word_1_245' title='bbox 1450 3079 1838 3135; x_wconf 81' lang='lat' dir='ltr'><strong>confessionem</strong></span> <span class='ocrx_word' id='word_1_246' title='bbox 1865 3097 1930 3136; x_wconf 87' lang='lat' dir='ltr'><strong>ac</strong></span> 
     </span>
    </p>
   </div>
   <div class='ocr_carea' id='block_1_33' title="bbox 350 3168 1928 3242">
    <p class='ocr_par' dir='ltr' id='par_1_33' title="bbox 350 3168 1928 3242">
     <span class='ocr_line' id='line_1_33' title="bbox 350 3168 1928 3242; baseline 0.006 -26"><span class='ocrx_word' id='word_1_247' title='bbox 350 3179 446 3234; x_wconf 89' lang='lat' dir='ltr'><strong>per</strong></span> <span class='ocrx_word' id='word_1_248' title='bbox 472 3175 661 3221; x_wconf 57' lang='lat' dir='ltr'><strong>caetera</strong></span> <span class='ocrx_word' id='word_1_249' title='bbox 689 3169 864 3222; x_wconf 90' lang='lat' dir='ltr'><strong>omnia</strong></span> <span class='ocrx_word' id='word_1_250' title='bbox 891 3168 1171 3238; x_wconf 87' lang='lat' dir='ltr'><strong>diligenter</strong></span> <span class='ocrx_word' id='word_1_251' title='bbox 1210 3170 1506 3240; x_wconf 79' lang='lat' dir='ltr'><strong>expurgati,</strong></span> <span class='ocrx_word' id='word_1_252' title='bbox 1549 3171 1617 3225; x_wconf 93' lang='lat' dir='ltr'><strong>ita</strong></span> <span class='ocrx_word' id='word_1_253' title='bbox 1648 3188 1742 3240; x_wconf 90' lang='lat' dir='ltr'><strong>pro</strong></span> <span class='ocrx_word' id='word_1_254' title='bbox 1770 3182 1928 3242; x_wconf 90' lang='lat' dir='ltr'><strong>captu</strong></span> 
     </span>
    </p>
   </div>
   <div class='ocr_carea' id='block_1_34' title="bbox 347 3260 1926 3330">
    <p class='ocr_par' dir='ltr' id='par_1_34' title="bbox 347 3260 1926 3330">
     <span class='ocr_line' id='line_1_34' title="bbox 347 3260 1926 3330; baseline 0.007 -22"><span class='ocrx_word' id='word_1_255' title='bbox 347 3265 530 3309; x_wconf 88' lang='lat' dir='ltr'><strong>nostro</strong></span> <span class='ocrx_word' id='word_1_256' title='bbox 568 3272 687 3311; x_wconf 90' lang='lat' dir='ltr'><strong>cum</strong></span> <span class='ocrx_word' id='word_1_257' title='bbox 731 3260 1049 3314; x_wconf 89' lang='lat' dir='ltr'><strong>conscientia</strong></span> <span class='ocrx_word' id='word_1_258' title='bbox 1081 3276 1211 3330; x_wconf 87' lang='lat' dir='ltr'><strong>pura</strong></span> <span class='ocrx_word' id='word_1_259' title='bbox 1251 3263 1584 3316; x_wconf 83' lang='lat' dir='ltr'><strong>accedamus.</strong></span> <span class='ocrx_word' id='word_1_260' title='bbox 1619 3263 1779 3317; x_wconf 88' lang='lat' dir='ltr'><strong>Porro</strong></span> <span class='ocrx_word' id='word_1_261' title='bbox 1810 3264 1926 3318; x_wconf 89' lang='lat' dir='ltr'><strong>illos</strong></span> 
     </span>
    </p>
   </div>
   <div class='ocr_carea' id='block_1_35' title="bbox 347 3345 1921 3422">
    <p class='ocr_par' dir='ltr' id='par_1_35' title="bbox 347 3345 1921 3422">
     <span class='ocr_line' id='line_1_35' title="bbox 347 3345 1921 3422; baseline 0.007 -25"><span class='ocrx_word' id='word_1_262' title='bbox 347 3345 448 3401; x_wconf 89' lang='lat' dir='ltr'><strong>hac</strong></span> <span class='ocrx_word' id='word_1_263' title='bbox 474 3361 570 3401; x_wconf 88' lang='lat' dir='ltr'><strong>sua</strong></span> <span class='ocrx_word' id='word_1_264' title='bbox 600 3348 1054 3404; x_wconf 87' lang='lat' dir='ltr'><strong>condescensione</strong></span> <span class='ocrx_word' id='word_1_265' title='bbox 1105 3366 1351 3420; x_wconf 89' lang='lat' dir='ltr'><strong>magnum</strong></span> <span class='ocrx_word' id='word_1_266' title='bbox 1382 3351 1505 3420; x_wconf 87' lang='lat' dir='ltr'><strong>qttid</strong></span> <span class='ocrx_word' id='word_1_267' title='bbox 1557 3361 1612 3406; x_wconf 91' lang='lat' dir='ltr'><strong>et</strong></span> <span class='ocrx_word' id='word_1_268' title='bbox 1653 3357 1921 3422; x_wconf 84' lang='lat' dir='ltr'><strong>egregium</strong></span> 
     </span>
    </p>
   </div>
   <div class='ocr_carea' id='block_1_36' title="bbox 347 3439 1925 3513">
    <p class='ocr_par' dir='ltr' id='par_1_36' title="bbox 347 3439 1925 3513">
     <span class='ocr_line' id='line_1_36' title="bbox 347 3439 1925 3513; baseline 0.006 -22"><span class='ocrx_word' id='word_1_269' title='bbox 347 3439 681 3507; x_wconf 64' lang='lat' dir='ltr'><strong>praestitisse,</strong></span> <span class='ocrx_word' id='word_1_270' title='bbox 715 3441 841 3494; x_wconf 91' lang='lat' dir='ltr'><strong>dum</strong></span> <span class='ocrx_word' id='word_1_271' title='bbox 872 3441 1180 3507; x_wconf 78' lang='lat' dir='ltr'><strong>effecerunt,</strong></span> <span class='ocrx_word' id='word_1_272' title='bbox 1215 3453 1272 3497; x_wconf 91' lang='lat' dir='ltr'><strong>ut</strong></span> <span class='ocrx_word' id='word_1_273' title='bbox 1301 3443 1352 3498; x_wconf 91' lang='lat' dir='ltr'><strong>in</strong></span> <span class='ocrx_word' id='word_1_274' title='bbox 1375 3444 1562 3513; x_wconf 91' lang='lat' dir='ltr'><strong>jejunii</strong></span> <span class='ocrx_word' id='word_1_275' title='bbox 1584 3446 1925 3501; x_wconf 87' lang='lat' dir='ltr'><strong>consuetudi-</strong></span> 
     </span>
    </p>
   </div>
   <div class='ocr_carea' id='block_1_37' title="bbox 348 3532 1922 3610">
    <p class='ocr_par' dir='ltr' id='par_1_37' title="bbox 348 3532 1922 3610">
     <span class='ocr_line' id='line_1_37' title="bbox 348 3532 1922 3610; baseline 0.008 -27"><span class='ocrx_word' id='word_1_276' title='bbox 348 3545 470 3584; x_wconf 89' lang='lat' dir='ltr'><strong>nem</strong></span> <span class='ocrx_word' id='word_1_277' title='bbox 510 3532 832 3598; x_wconf 86' lang='lat' dir='ltr'><strong>veniremus,</strong></span> <span class='ocrx_word' id='word_1_278' title='bbox 888 3534 1011 3588; x_wconf 90' lang='lat' dir='ltr'><strong>iudc</strong></span> <span class='ocrx_word' id='word_1_279' title='bbox 1055 3545 1286 3590; x_wconf 87' lang='lat' dir='ltr'><strong>constat.</strong></span> <span class='ocrx_word' id='word_1_280' title='bbox 1337 3536 1468 3592; x_wconf 85' lang='lat' dir='ltr'><strong>Nam</strong></span> <span class='ocrx_word' id='word_1_281' title='bbox 1517 3553 1615 3593; x_wconf 91' lang='lat' dir='ltr'><strong>nos</strong></span> <span class='ocrx_word' id='word_1_282' title='bbox 1636 3540 1848 3610; x_wconf 90' lang='lat' dir='ltr'><strong>quidem</strong></span> <span class='ocrx_word' id='word_1_283' title='bbox 1879 3542 1922 3595; x_wconf 89' lang='lat' dir='ltr'><strong>si</strong></span> 
     </span>
    </p>
   </div>
   <div class='ocr_carea' id='block_1_38' title="bbox 347 3622 1921 3697">
    <p class='ocr_par' dir='ltr' id='par_1_38' title="bbox 347 3622 1921 3697">
     <span class='ocr_line' id='line_1_38' title="bbox 347 3622 1921 3697; baseline 0.009 -25"><span class='ocrx_word' id='word_1_284' title='bbox 347 3629 457 3673; x_wconf 91' lang='lat' dir='ltr'><strong>toto</strong></span> <span class='ocrx_word' id='word_1_285' title='bbox 483 3636 624 3674; x_wconf 90' lang='lat' dir='ltr'><strong>anno</strong></span> <span class='ocrx_word' id='word_1_286' title='bbox 650 3622 882 3678; x_wconf 90' lang='lat' dir='ltr'><strong>clamare</strong></span> <span class='ocrx_word' id='word_1_287' title='bbox 916 3639 979 3680; x_wconf 91' lang='lat' dir='ltr'><strong>ac</strong></span> <span class='ocrx_word' id='word_1_288' title='bbox 1002 3624 1265 3695; x_wconf 87' lang='lat' dir='ltr'><strong>jejunium</strong></span> <span class='ocrx_word' id='word_1_289' title='bbox 1291 3628 1578 3697; x_wconf 72' lang='lat' dir='ltr'><strong>prmdicare</strong></span> <span class='ocrx_word' id='word_1_290' title='bbox 1609 3645 1711 3684; x_wconf 91' lang='lat' dir='ltr'><strong>non</strong></span> <span class='ocrx_word' id='word_1_291' title='bbox 1740 3646 1921 3686; x_wconf 87' lang='lat' dir='ltr'><strong>cesse-</strong></span> 
     </span>
    </p>
   </div>
   <div class='ocr_carea' id='block_1_39' title="bbox 345 3715 1921 3792">
    <p class='ocr_par' dir='ltr' id='par_1_39' title="bbox 345 3715 1921 3792">
     <span class='ocr_line' id='line_1_39' title="bbox 345 3715 1921 3792; baseline 0.006 -26"><span class='ocrx_word' id='word_1_292' title='bbox 345 3727 484 3774; x_wconf 87' lang='lat' dir='ltr'><strong>mus,</strong></span> <span class='ocrx_word' id='word_1_293' title='bbox 533 3729 690 3768; x_wconf 89' lang='lat' dir='ltr'><strong>nemo</strong></span> <span class='ocrx_word' id='word_1_294' title='bbox 715 3715 890 3770; x_wconf 88' lang='lat' dir='ltr'><strong>verbis</strong></span> <span class='ocrx_word' id='word_1_295' title='bbox 929 3719 1124 3772; x_wconf 88' lang='lat' dir='ltr'><strong>nostris</strong></span> <span class='ocrx_word' id='word_1_296' title='bbox 1150 3720 1384 3774; x_wconf 90' lang='lat' dir='ltr'><strong>animum</strong></span> <span class='ocrx_word' id='word_1_297' title='bbox 1415 3721 1637 3777; x_wconf 89' lang='lat' dir='ltr'><strong>attendit</strong></span> <span class='ocrx_word' id='word_1_298' title='bbox 1665 3739 1677 3772; x_wconf 91' lang='lat'><strong>:</strong></span> <span class='ocrx_word' id='word_1_299' title='bbox 1709 3723 1848 3792; x_wconf 92' lang='lat' dir='ltr'><strong>quod</strong></span> <span class='ocrx_word' id='word_1_300' title='bbox 1877 3724 1921 3778; x_wconf 93' lang='lat' dir='ltr'><strong>si</strong></span> 
     </span>
    </p>
   </div>
   <div class='ocr_carea' id='block_1_40' title="bbox 345 3803 1922 3880">
    <p class='ocr_par' dir='ltr' id='par_1_40' title="bbox 345 3803 1922 3880">
     <span class='ocr_line' id='line_1_40' title="bbox 345 3803 1922 3880; baseline 0.008 -26"><span class='ocrx_word' id='word_1_301' title='bbox 345 3809 546 3855; x_wconf 91' lang='lat' dir='ltr'><strong>tantum</strong></span> <span class='ocrx_word' id='word_1_302' title='bbox 574 3803 1000 3874; x_wconf 67' lang='lat' dir='ltr'><strong>Quadragesimaa</strong></span> <span class='ocrx_word' id='word_1_303' title='bbox 1023 3817 1232 3880; x_wconf 90' lang='lat' dir='ltr'><strong>tempus</strong></span> <span class='ocrx_word' id='word_1_304' title='bbox 1253 3811 1547 3878; x_wconf 87' lang='lat' dir='ltr'><strong>advenerit,</strong></span> <span class='ocrx_word' id='word_1_305' title='bbox 1581 3813 1704 3868; x_wconf 90' lang='lat' dir='ltr'><strong>licet</strong></span> <span class='ocrx_word' id='word_1_306' title='bbox 1731 3813 1922 3868; x_wconf 91' lang='lat' dir='ltr'><strong>cohor-</strong></span> 
     </span>
    </p>
   </div>
   <div class='ocr_carea' id='block_1_41' title="bbox 345 3899 1919 3976">
    <p class='ocr_par' dir='ltr' id='par_1_41' title="bbox 345 3899 1919 3976">
     <span class='ocr_line' id='line_1_41' title="bbox 345 3899 1919 3976; baseline 0.005 -24"><span class='ocrx_word' id='word_1_307' title='bbox 345 3905 483 3955; x_wconf 84' lang='lat' dir='ltr'><strong>tetur</strong></span> <span class='ocrx_word' id='word_1_308' title='bbox 511 3912 688 3963; x_wconf 89' lang='lat' dir='ltr'><strong>nemo,</strong></span> <span class='ocrx_word' id='word_1_309' title='bbox 736 3899 858 3954; x_wconf 83' lang='lat' dir='ltr'><strong>licet</strong></span> <span class='ocrx_word' id='word_1_310' title='bbox 893 3900 1173 3956; x_wconf 91' lang='lat' dir='ltr'><strong>consilium</strong></span> <span class='ocrx_word' id='word_1_311' title='bbox 1203 3903 1294 3957; x_wconf 91' lang='lat' dir='ltr'><strong>det</strong></span> <span class='ocrx_word' id='word_1_312' title='bbox 1323 3918 1499 3968; x_wconf 85' lang='lat' dir='ltr'><strong>nemo,</strong></span> <span class='ocrx_word' id='word_1_313' title='bbox 1531 3907 1690 3960; x_wconf 90' lang='lat' dir='ltr'><strong>etiam</strong></span> <span class='ocrx_word' id='word_1_314' title='bbox 1735 3906 1799 3972; x_wconf 88' lang='lat' dir='ltr'><strong>is,</strong></span> <span class='ocrx_word' id='word_1_315' title='bbox 1831 3906 1919 3976; x_wconf 90' lang='lat' dir='ltr'><strong>qui</strong></span> 
     </span>
    </p>
   </div>
   <div class='ocr_carea' id='block_1_42' title="bbox 344 3989 1921 4065">
    <p class='ocr_par' dir='ltr' id='par_1_42' title="bbox 344 3989 1921 4065">
     <span class='ocr_line' id='line_1_42' title="bbox 344 3989 1921 4065; baseline 0.003 -21"><span class='ocrx_word' id='word_1_316' title='bbox 344 3989 826 4062; x_wconf 87' lang='lat' dir='ltr'><strong>negligentissimtts</strong></span> <span class='ocrx_word' id='word_1_317' title='bbox 853 3989 1031 4058; x_wconf 79' lang='lat' dir='ltr'><strong>fuerit,</strong></span> <span class='ocrx_word' id='word_1_318' title='bbox 1058 3994 1341 4059; x_wconf 89' lang='lat' dir='ltr'><strong>excitatur,</strong></span> <span class='ocrx_word' id='word_1_319' title='bbox 1365 4004 1419 4050; x_wconf 92' lang='lat' dir='ltr'><strong>et</strong></span> <span class='ocrx_word' id='word_1_320' title='bbox 1447 3995 1681 4050; x_wconf 89' lang='lat' dir='ltr'><strong>oblatum</strong></span> <span class='ocrx_word' id='word_1_321' title='bbox 1709 3996 1777 4051; x_wconf 89' lang='lat' dir='ltr'><strong>ab</strong></span> <span class='ocrx_word' id='word_1_322' title='bbox 1804 3997 1921 4065; x_wconf 92' lang='lat' dir='ltr'><strong>ipso</strong></span> 
     </span>
    </p>
   </div>
   <div class='ocr_carea' id='block_1_43' title="bbox 341 4085 1920 4157">
    <p class='ocr_par' dir='ltr' id='par_1_43' title="bbox 341 4085 1920 4157">
     <span class='ocr_line' id='line_1_43' title="bbox 341 4085 1920 4157; baseline 0.003 -20"><span class='ocrx_word' id='word_1_323' title='bbox 341 4092 578 4152; x_wconf 85' lang='lat' dir='ltr'><strong>tempore</strong></span> <span class='ocrx_word' id='word_1_324' title='bbox 605 4085 885 4139; x_wconf 88' lang='lat' dir='ltr'><strong>consilium</strong></span> <span class='ocrx_word' id='word_1_325' title='bbox 916 4092 970 4138; x_wconf 90' lang='lat' dir='ltr'><strong>et</strong></span> <span class='ocrx_word' id='word_1_326' title='bbox 999 4085 1417 4141; x_wconf 84' lang='lat' dir='ltr'><strong>cobet-tationem</strong></span> <span class='ocrx_word' id='word_1_327' title='bbox 1445 4086 1697 4143; x_wconf 87' lang='lat' dir='ltr'><strong>admittit.</strong></span> <span class='ocrx_word' id='word_1_328' title='bbox 1731 4087 1786 4143; x_wconf 91' lang='lat' dir='ltr'><strong>Si</strong></span> <span class='ocrx_word' id='word_1_329' title='bbox 1818 4088 1920 4157; x_wconf 86' lang='lat' dir='ltr'><strong>igi-</strong></span> 
     </span>
    </p>
   </div>
   <div class='ocr_carea' id='block_1_44' title="bbox 341 4173 1918 4247">
    <p class='ocr_par' dir='ltr' id='par_1_44' title="bbox 341 4173 1918 4247">
     <span class='ocr_line' id='line_1_44' title="bbox 341 4173 1918 4247; baseline 0.004 -19"><span class='ocrx_word' id='word_1_330' title='bbox 341 4182 426 4228; x_wconf 86' lang='lat' dir='ltr'><strong>tur</strong></span> <span class='ocrx_word' id='word_1_331' title='bbox 450 4173 739 4243; x_wconf 88' lang='lat' dir='ltr'><strong>iuterroget</strong></span> <span class='ocrx_word' id='word_1_332' title='bbox 770 4185 822 4230; x_wconf 90' lang='lat' dir='ltr'><strong>te</strong></span> <span class='ocrx_word' id='word_1_333' title='bbox 843 4173 1058 4230; x_wconf 70' lang='lat' dir='ltr'><strong>Judteus</strong></span> <span class='ocrx_word' id='word_1_334' title='bbox 1085 4183 1140 4232; x_wconf 86' lang='lat' dir='ltr'><strong>et</strong></span> <span class='ocrx_word' id='word_1_335' title='bbox 1166 4173 1394 4232; x_wconf 88' lang='lat' dir='ltr'><strong>Gentilis</strong></span> <span class='ocrx_word' id='word_1_336' title='bbox 1417 4193 1518 4246; x_wconf 91' lang='lat' dir='ltr'><strong>qua</strong></span> <span class='ocrx_word' id='word_1_337' title='bbox 1547 4177 1616 4234; x_wconf 88' lang='lat' dir='ltr'><strong>de</strong></span> <span class='ocrx_word' id='word_1_338' title='bbox 1654 4193 1813 4234; x_wconf 86' lang='lat' dir='ltr'><strong>causa</strong></span> <span class='ocrx_word' id='word_1_339' title='bbox 1837 4178 1918 4247; x_wconf 88' lang='lat' dir='ltr'><strong>je-</strong></span> 
     </span>
    </p>
   </div>
   <div class='ocr_carea' id='block_1_45' title="bbox 332 4263 1918 4338">
    <p class='ocr_par' dir='ltr' id='par_1_45' title="bbox 332 4263 1918 4338">
     <span class='ocr_line' id='line_1_45' title="bbox 332 4263 1918 4338; baseline 0.004 -20"><span class='ocrx_word' id='word_1_340' title='bbox 332 4263 514 4336; x_wconf 85' lang='lat' dir='ltr'><strong>juues,</strong></span> <span class='ocrx_word' id='word_1_341' title='bbox 547 4281 614 4319; x_wconf 91' lang='lat' dir='ltr'><strong>ne</strong></span> <span class='ocrx_word' id='word_1_342' title='bbox 638 4265 783 4320; x_wconf 89' lang='lat' dir='ltr'><strong>dicas</strong></span> <span class='ocrx_word' id='word_1_343' title='bbox 821 4276 1037 4336; x_wconf 89' lang='lat' dir='ltr'><strong>propter</strong></span> <span class='ocrx_word' id='word_1_344' title='bbox 1059 4267 1280 4333; x_wconf 88' lang='lat' dir='ltr'><strong>Pascha,</strong></span> <span class='ocrx_word' id='word_1_345' title='bbox 1331 4283 1504 4337; x_wconf 89' lang='lat' dir='ltr'><strong>neque</strong></span> <span class='ocrx_word' id='word_1_346' title='bbox 1552 4277 1767 4338; x_wconf 87' lang='lat' dir='ltr'><strong>propter</strong></span> <span class='ocrx_word' id='word_1_347' title='bbox 1793 4284 1918 4324; x_wconf 87' lang='lat' dir='ltr'><strong>cru-</strong></span> 
     </span>
    </p>
   </div>
   <div class='ocr_carea' id='block_1_46' title="bbox 335 4357 1918 4430">
    <p class='ocr_par' dir='ltr' id='par_1_46' title="bbox 335 4357 1918 4430">
     <span class='ocr_line' id='line_1_46' title="bbox 335 4357 1918 4430; baseline 0.004 -21"><span class='ocrx_word' id='word_1_348' title='bbox 335 4369 490 4410; x_wconf 89' lang='lat' dir='ltr'><strong>cem:</strong></span> <span class='ocrx_word' id='word_1_349' title='bbox 516 4357 592 4410; x_wconf 91' lang='lat' dir='ltr'><strong>sic</strong></span> <span class='ocrx_word' id='word_1_350' title='bbox 615 4357 758 4410; x_wconf 89' lang='lat' dir='ltr'><strong>enim</strong></span> <span class='ocrx_word' id='word_1_351' title='bbox 784 4371 967 4412; x_wconf 88' lang='lat' dir='ltr'><strong>ansam</strong></span> <span class='ocrx_word' id='word_1_352' title='bbox 997 4358 1073 4412; x_wconf 90' lang='lat' dir='ltr'><strong>illi</strong></span> <span class='ocrx_word' id='word_1_353' title='bbox 1103 4373 1201 4413; x_wconf 91' lang='lat' dir='ltr'><strong>nos</strong></span> <span class='ocrx_word' id='word_1_354' title='bbox 1225 4360 1478 4430; x_wconf 78' lang='lat' dir='ltr'><strong>arguendi</strong></span> <span class='ocrx_word' id='word_1_355' title='bbox 1507 4361 1794 4430; x_wconf 76' lang='lat' dir='ltr'><strong>przeberes.</strong></span> <span class='ocrx_word' id='word_1_356' title='bbox 1813 4360 1918 4416; x_wconf 85' lang='lat' dir='ltr'><strong>Ne-</strong></span> 
     </span>
    </p>
   </div>
   <div class='ocr_carea' id='block_1_47' title="bbox 335 4447 1918 4523">
    <p class='ocr_par' dir='ltr' id='par_1_47' title="bbox 335 4447 1918 4523">
     <span class='ocr_line' id='line_1_47' title="bbox 335 4447 1918 4523; baseline 0.005 -21"><span class='ocrx_word' id='word_1_357' title='bbox 335 4462 440 4518; x_wconf 88' lang='lat' dir='ltr'><strong>que</strong></span> <span class='ocrx_word' id='word_1_358' title='bbox 455 4447 597 4503; x_wconf 91' lang='lat' dir='ltr'><strong>enim</strong></span> <span class='ocrx_word' id='word_1_359' title='bbox 619 4448 689 4505; x_wconf 90' lang='lat' dir='ltr'><strong>ob</strong></span> <span class='ocrx_word' id='word_1_360' title='bbox 710 4449 1246 4522; x_wconf 86' lang='lat' dir='ltr'><strong>Paschajejunatnus,</strong></span> <span class='ocrx_word' id='word_1_361' title='bbox 1273 4467 1444 4523; x_wconf 88' lang='lat' dir='ltr'><strong>neque</strong></span> <span class='ocrx_word' id='word_1_362' title='bbox 1471 4453 1541 4508; x_wconf 94' lang='lat' dir='ltr'><strong>ob</strong></span> <span class='ocrx_word' id='word_1_363' title='bbox 1563 4469 1798 4520; x_wconf 89' lang='lat' dir='ltr'><strong>crucem,</strong></span> <span class='ocrx_word' id='word_1_364' title='bbox 1822 4454 1918 4510; x_wconf 89' lang='lat' dir='ltr'><strong>sed</strong></span> 
     </span>
    </p>
   </div>
   <div class='ocr_carea' id='block_1_48' title="bbox 337 4540 1919 4617">
    <p class='ocr_par' dir='ltr' id='par_1_48' title="bbox 337 4540 1919 4617">
     <span class='ocr_line' id='line_1_48' title="bbox 337 4540 1919 4617; baseline 0.006 -22"><span class='ocrx_word' id='word_1_365' title='bbox 337 4540 409 4596; x_wconf 89' lang='lat' dir='ltr'><strong>ob</strong></span> <span class='ocrx_word' id='word_1_366' title='bbox 430 4549 648 4610; x_wconf 87' lang='lat' dir='ltr'><strong>peccata</strong></span> <span class='ocrx_word' id='word_1_367' title='bbox 669 4553 870 4612; x_wconf 92' lang='lat' dir='ltr'><strong>nostra,</strong></span> <span class='ocrx_word' id='word_1_368' title='bbox 893 4545 1143 4615; x_wconf 91' lang='lat' dir='ltr'><strong>quoniam</strong></span> <span class='ocrx_word' id='word_1_369' title='bbox 1163 4545 1231 4601; x_wconf 90' lang='lat' dir='ltr'><strong>ad</strong></span> <span class='ocrx_word' id='word_1_370' title='bbox 1253 4547 1504 4617; x_wconf 86' lang='lat' dir='ltr'><strong>mysteria</strong></span> <span class='ocrx_word' id='word_1_371' title='bbox 1527 4562 1712 4602; x_wconf 88' lang='lat' dir='ltr'><strong>sumus</strong></span> <span class='ocrx_word' id='word_1_372' title='bbox 1737 4563 1919 4604; x_wconf 68' lang='lat' dir='ltr'><strong>acces-</strong></span> 
     </span>
    </p>
   </div>
   <div class='ocr_carea' id='block_1_49' title="bbox 335 4631 1915 4708">
    <p class='ocr_par' dir='ltr' id='par_1_49' title="bbox 335 4631 1915 4708">
     <span class='ocr_line' id='line_1_49' title="bbox 335 4631 1915 4708; baseline 0.004 -21"><span class='ocrx_word' id='word_1_373' title='bbox 335 4631 448 4687; x_wconf 85' lang='lat' dir='ltr'><strong>suri</strong></span> <span class='ocrx_word' id='word_1_374' title='bbox 481 4649 494 4685; x_wconf 89' lang='lat'><strong>:</strong></span> <span class='ocrx_word' id='word_1_375' title='bbox 525 4648 648 4688; x_wconf 90' lang='lat' dir='ltr'><strong>nam</strong></span> <span class='ocrx_word' id='word_1_376' title='bbox 677 4633 872 4705; x_wconf 87' lang='lat' dir='ltr'><strong>alioqui</strong></span> <span class='ocrx_word' id='word_1_377' title='bbox 901 4634 1104 4691; x_wconf 90' lang='lat' dir='ltr'><strong>Pascha</strong></span> <span class='ocrx_word' id='word_1_378' title='bbox 1139 4652 1244 4691; x_wconf 91' lang='lat' dir='ltr'><strong>non</strong></span> <span class='ocrx_word' id='word_1_379' title='bbox 1269 4637 1477 4707; x_wconf 86' lang='lat' dir='ltr'><strong>jejunii,</strong></span> <span class='ocrx_word' id='word_1_380' title='bbox 1507 4653 1682 4708; x_wconf 84' lang='lat' dir='ltr'><strong>neque</strong></span> <span class='ocrx_word' id='word_1_381' title='bbox 1723 4639 1915 4707; x_wconf 87' lang='lat' dir='ltr'><strong>luctus,</strong></span> 
     </span>
    </p>
   </div>
   <div class='ocr_carea' id='block_1_50' title="bbox 335 4723 1917 4802">
    <p class='ocr_par' dir='ltr' id='par_1_50' title="bbox 335 4723 1917 4802">
     <span class='ocr_line' id='line_1_50' title="bbox 335 4723 1917 4802; baseline 0.006 -24"><span class='ocrx_word' id='word_1_382' title='bbox 335 4723 430 4779; x_wconf 83' lang='lat' dir='ltr'><strong>sed</strong></span> <span class='ocrx_word' id='word_1_383' title='bbox 451 4725 627 4795; x_wconf 83' lang='lat' dir='ltr'><strong>gaudii</strong></span> <span class='ocrx_word' id='word_1_384' title='bbox 650 4736 704 4782; x_wconf 90' lang='lat' dir='ltr'><strong>et</strong></span> <span class='ocrx_word' id='word_1_385' title='bbox 723 4727 1094 4782; x_wconf 78' lang='lat' dir='ltr'><strong>exsultationis</strong></span> <span class='ocrx_word' id='word_1_386' title='bbox 1111 4738 1194 4784; x_wconf 84' lang='lat' dir='ltr'><strong>est</strong></span> <span class='ocrx_word' id='word_1_387' title='bbox 1213 4731 1444 4785; x_wconf 91' lang='lat' dir='ltr'><strong>occasio.</strong></span> <span class='ocrx_word' id='word_1_388' title='bbox 1467 4731 1608 4786; x_wconf 80' lang='lat' dir='ltr'><strong>Crux</strong></span> <span class='ocrx_word' id='word_1_389' title='bbox 1627 4733 1768 4787; x_wconf 92' lang='lat' dir='ltr'><strong>enim</strong></span> <span class='ocrx_word' id='word_1_390' title='bbox 1791 4748 1917 4802; x_wconf 89' lang='lat' dir='ltr'><strong>pec-</strong></span> 
     </span>
    </p>
   </div>
   <div class='ocr_carea' id='block_1_51' title="bbox 333 4815 1915 4889">
    <p class='ocr_par' dir='ltr' id='par_1_51' title="bbox 333 4815 1915 4889">
     <span class='ocr_line' id='line_1_51' title="bbox 333 4815 1915 4889; baseline 0.007 -20"><span class='ocrx_word' id='word_1_391' title='bbox 333 4822 512 4870; x_wconf 86' lang='lat' dir='ltr'><strong>catum</strong></span> <span class='ocrx_word' id='word_1_392' title='bbox 529 4815 762 4882; x_wconf 88' lang='lat' dir='ltr'><strong>sustulit,</strong></span> <span class='ocrx_word' id='word_1_393' title='bbox 793 4818 1022 4887; x_wconf 83' lang='lat' dir='ltr'><strong>expiatio</strong></span> <span class='ocrx_word' id='word_1_394' title='bbox 1050 4819 1303 4875; x_wconf 83' lang='lat' dir='ltr'><strong>fuitorbis</strong></span> <span class='ocrx_word' id='word_1_395' title='bbox 1324 4830 1605 4889; x_wconf 89' lang='lat' dir='ltr'><strong>terrarum,</strong></span> <span class='ocrx_word' id='word_1_396' title='bbox 1635 4824 1915 4880; x_wconf 90' lang='lat' dir='ltr'><strong>inveterati</strong></span> 
     </span>
    </p>
   </div>
   <div class='ocr_carea' id='block_1_52' title="bbox 333 4904 1916 4984">
    <p class='ocr_par' dir='ltr' id='par_1_52' title="bbox 333 4904 1916 4984">
     <span class='ocr_line' id='line_1_52' title="bbox 333 4904 1916 4984; baseline 0.007 -24"><span class='ocrx_word' id='word_1_397' title='bbox 333 4904 443 4960; x_wconf 90' lang='lat' dir='ltr'><strong>odii</strong></span> <span class='ocrx_word' id='word_1_398' title='bbox 473 4906 852 4974; x_wconf 88' lang='lat' dir='ltr'><strong>reconciliatio,</strong></span> <span class='ocrx_word' id='word_1_399' title='bbox 881 4908 1072 4978; x_wconf 88' lang='lat' dir='ltr'><strong>januas</strong></span> <span class='ocrx_word' id='word_1_400' title='bbox 1102 4911 1216 4966; x_wconf 67' lang='lat' dir='ltr'><strong>caeli</strong></span> <span class='ocrx_word' id='word_1_401' title='bbox 1254 4913 1482 4980; x_wconf 90' lang='lat' dir='ltr'><strong>aperuit,</strong></span> <span class='ocrx_word' id='word_1_402' title='bbox 1511 4928 1606 4969; x_wconf 89' lang='lat' dir='ltr'><strong>eos</strong></span> <span class='ocrx_word' id='word_1_403' title='bbox 1631 4915 1718 4984; x_wconf 91' lang='lat' dir='ltr'><strong>qui</strong></span> <span class='ocrx_word' id='word_1_404' title='bbox 1748 4915 1916 4971; x_wconf 92' lang='lat' dir='ltr'><strong>odiosi</strong></span> 
     </span>
    </p>
   </div>
   <div class='ocr_carea' id='block_1_53' title="bbox 333 4999 1918 5069">
    <p class='ocr_par' dir='ltr' id='par_1_53' title="bbox 333 4999 1918 5069">
     <span class='ocr_line' id='line_1_53' title="bbox 333 4999 1918 5069; baseline 0.006 -15"><span class='ocrx_word' id='word_1_405' title='bbox 333 5007 508 5066; x_wconf 87' lang='lat' dir='ltr'><strong>erant,</strong></span> <span class='ocrx_word' id='word_1_406' title='bbox 525 4999 726 5055; x_wconf 90' lang='lat' dir='ltr'><strong>amicos</strong></span> <span class='ocrx_word' id='word_1_407' title='bbox 747 5001 996 5068; x_wconf 85' lang='lat' dir='ltr'><strong>reddidit,</strong></span> <span class='ocrx_word' id='word_1_408' title='bbox 1019 5001 1071 5057; x_wconf 93' lang='lat' dir='ltr'><strong>in</strong></span> <span class='ocrx_word' id='word_1_409' title='bbox 1101 5003 1287 5059; x_wconf 69' lang='lat' dir='ltr'><strong>caelum</strong></span> <span class='ocrx_word' id='word_1_410' title='bbox 1303 5005 1534 5069; x_wconf 83' lang='lat' dir='ltr'><strong>reduxit,</strong></span> <span class='ocrx_word' id='word_1_411' title='bbox 1561 5015 1801 5062; x_wconf 86' lang='lat' dir='ltr'><strong>naturam</strong></span> <span class='ocrx_word' id='word_1_412' title='bbox 1829 5023 1918 5064; x_wconf 91' lang='lat' dir='ltr'><strong>no-</strong></span> 
     </span>
    </p>
   </div>
   <div class='ocr_carea' id='block_1_54' title="bbox 335 5093 1914 5165">
    <p class='ocr_par' dir='ltr' id='par_1_54' title="bbox 335 5093 1914 5165">
     <span class='ocr_line' id='line_1_54' title="bbox 335 5093 1914 5165; baseline 0.007 -17"><span class='ocrx_word' id='word_1_413' title='bbox 335 5102 501 5149; x_wconf 81' lang='lat' dir='ltr'><strong>stram</strong></span> <span class='ocrx_word' id='word_1_414' title='bbox 529 5094 582 5149; x_wconf 92' lang='lat' dir='ltr'><strong>in</strong></span> <span class='ocrx_word' id='word_1_415' title='bbox 598 5093 772 5149; x_wconf 90' lang='lat' dir='ltr'><strong>throni</strong></span> <span class='ocrx_word' id='word_1_416' title='bbox 796 5093 1011 5150; x_wconf 81' lang='lat' dir='ltr'><strong>dextera</strong></span> <span class='ocrx_word' id='word_1_417' title='bbox 1029 5097 1325 5165; x_wconf 84' lang='lat' dir='ltr'><strong>collocavit,</strong></span> <span class='ocrx_word' id='word_1_418' title='bbox 1343 5099 1445 5154; x_wconf 91' lang='lat' dir='ltr'><strong>alia</strong></span> <span class='ocrx_word' id='word_1_419' title='bbox 1469 5099 1622 5155; x_wconf 90' lang='lat' dir='ltr'><strong>nobis</strong></span> <span class='ocrx_word' id='word_1_420' title='bbox 1638 5100 1914 5159; x_wconf 90' lang='lat' dir='ltr'><strong>innumera</strong></span> 
     </span>
    </p>
   </div>
   <div class='ocr_carea' id='block_1_55' title="bbox 333 5186 1914 5261">
    <p class='ocr_par' dir='ltr' id='par_1_55' title="bbox 333 5186 1914 5261">
     <span class='ocr_line' id='line_1_55' title="bbox 333 5186 1914 5261; baseline 0.007 -19"><span class='ocrx_word' id='word_1_421' title='bbox 333 5187 469 5242; x_wconf 88' lang='lat' dir='ltr'><strong>bona</strong></span> <span class='ocrx_word' id='word_1_422' title='bbox 495 5186 679 5258; x_wconf 89' lang='lat' dir='ltr'><strong>largita</strong></span> <span class='ocrx_word' id='word_1_423' title='bbox 698 5197 800 5243; x_wconf 89' lang='lat' dir='ltr'><strong>est.</strong></span> <span class='ocrx_word' id='word_1_424' title='bbox 817 5186 934 5243; x_wconf 85' lang='lat' dir='ltr'><strong>Non</strong></span> <span class='ocrx_word' id='word_1_425' title='bbox 962 5190 1121 5260; x_wconf 85' lang='lat' dir='ltr'><strong>igitur</strong></span> <span class='ocrx_word' id='word_1_426' title='bbox 1140 5191 1320 5261; x_wconf 86' lang='lat' dir='ltr'><strong>lugere</strong></span> <span class='ocrx_word' id='word_1_427' title='bbox 1335 5207 1396 5246; x_wconf 90' lang='lat' dir='ltr'><strong>ac</strong></span> <span class='ocrx_word' id='word_1_428' title='bbox 1418 5207 1650 5249; x_wconf 73' lang='lat' dir='ltr'><strong>mterore</strong></span> <span class='ocrx_word' id='word_1_429' title='bbox 1670 5197 1914 5253; x_wconf 89' lang='lat' dir='ltr'><strong>contrahi</strong></span> 
     </span>
    </p>
   </div>
   <div class='ocr_carea' id='block_1_56' title="bbox 331 5278 1914 5354">
    <p class='ocr_par' dir='ltr' id='par_1_56' title="bbox 331 5278 1914 5354">
     <span class='ocr_line' id='line_1_56' title="bbox 331 5278 1914 5354; baseline 0.007 -21"><span class='ocrx_word' id='word_1_430' title='bbox 331 5288 561 5348; x_wconf 90' lang='lat' dir='ltr'><strong>oportet,</strong></span> <span class='ocrx_word' id='word_1_431' title='bbox 617 5278 712 5336; x_wconf 86' lang='lat' dir='ltr'><strong>sed</strong></span> <span class='ocrx_word' id='word_1_432' title='bbox 759 5279 950 5336; x_wconf 91' lang='lat' dir='ltr'><strong>horum</strong></span> <span class='ocrx_word' id='word_1_433' title='bbox 987 5283 1223 5338; x_wconf 91' lang='lat' dir='ltr'><strong>omnium</strong></span> <span class='ocrx_word' id='word_1_434' title='bbox 1253 5298 1412 5339; x_wconf 88' lang='lat' dir='ltr'><strong>causa</strong></span> <span class='ocrx_word' id='word_1_435' title='bbox 1440 5285 1674 5354; x_wconf 87' lang='lat' dir='ltr'><strong>gaudere</strong></span> <span class='ocrx_word' id='word_1_436' title='bbox 1710 5298 1775 5342; x_wconf 87' lang='lat' dir='ltr'><strong>ac</strong></span> <span class='ocrx_word' id='word_1_437' title='bbox 1819 5288 1914 5344; x_wconf 78' lang='lat' dir='ltr'><strong>lae-</strong></span> 
     </span>
    </p>
   </div>
   <div class='ocr_carea' id='block_1_57' title="bbox 391 5457 1914 5528">
    <p class='ocr_par' dir='ltr' id='par_1_57' title="bbox 391 5457 1914 5528">
     <span class='ocr_line' id='line_1_57' title="bbox 391 5457 1914 5528; baseline 0.005 -21"><span class='ocrx_word' id='word_1_438' title='bbox 391 5457 463 5518; x_wconf 86' lang='lat' dir='ltr'><strong>(a)</strong></span> <span class='ocrx_word' id='word_1_439' title='bbox 483 5458 654 5528; x_wconf 74' lang='lat' dir='ltr'><strong>Pascha</strong></span> <span class='ocrx_word' id='word_1_440' title='bbox 676 5458 770 5528; x_wconf 82' lang='lat' dir='ltr'><strong>hoc</strong></span> <span class='ocrx_word' id='word_1_441' title='bbox 787 5457 893 5528; x_wconf 74' lang='lat' dir='ltr'><strong>loco</strong></span> <span class='ocrx_word' id='word_1_442' title='bbox 910 5457 1196 5528; x_wconf 77' lang='lat' dir='ltr'><strong>intelligitur</strong></span> <span class='ocrx_word' id='word_1_443' title='bbox 1211 5460 1490 5528; x_wconf 79' lang='lat' dir='ltr'><strong>sacriﬁcium</strong></span> <span class='ocrx_word' id='word_1_444' title='bbox 1515 5469 1568 5513; x_wconf 87' lang='lat' dir='ltr'><strong>et</strong></span> <span class='ocrx_word' id='word_1_445' title='bbox 1583 5461 1914 5528; x_wconf 78' lang='lat' dir='ltr'><strong>liturgia,qu:e</strong></span> 
     </span>
    </p>
   </div>
   <div class='ocr_carea' id='block_1_58' title="bbox 330 5518 1915 5588">
    <p class='ocr_par' dir='ltr' id='par_1_58' title="bbox 330 5518 1915 5588">
     <span class='ocr_line' id='line_1_58' title="bbox 330 5518 1915 5588; baseline 0.006 -22"><span class='ocrx_word' id='word_1_446' title='bbox 330 5518 629 5569; x_wconf 65' lang='lat' dir='ltr'><strong>Alexandriae</strong></span> <span class='ocrx_word' id='word_1_447' title='bbox 653 5530 731 5588; x_wconf 82' lang='lat' dir='ltr'><strong>ter</strong></span> <span class='ocrx_word' id='word_1_448' title='bbox 756 5523 807 5569; x_wconf 91' lang='lat' dir='ltr'><strong>in</strong></span> <span class='ocrx_word' id='word_1_449' title='bbox 843 5518 1142 5588; x_wconf 75' lang='lat' dir='ltr'><strong>hebdpmada</strong></span> <span class='ocrx_word' id='word_1_450' title='bbox 1177 5521 1534 5588; x_wconf 75' lang='lat' dir='ltr'><strong>celebrabatur,</strong></span> <span class='ocrx_word' id='word_1_451' title='bbox 1576 5533 1628 5574; x_wconf 83' lang='lat' dir='ltr'><strong>et</strong></span> <span class='ocrx_word' id='word_1_452' title='bbox 1661 5518 1915 5588; x_wconf 77' lang='lat' dir='ltr'><strong>aiiquaitdo</strong></span> 
     </span>
    </p>
   </div>
   <div class='ocr_carea' id='block_1_59' title="bbox 327 5581 1914 5648">
    <p class='ocr_par' dir='ltr' id='par_1_59' title="bbox 327 5581 1914 5648">
     <span class='ocr_line' id='line_1_59' title="bbox 327 5581 1914 5648; baseline 0.009 -24"><span class='ocrx_word' id='word_1_453' title='bbox 327 5589 516 5648; x_wconf 81' lang='lat' dir='ltr'><strong>quater.</strong></span> <span class='ocrx_word' id='word_1_454' title='bbox 541 5581 886 5648; x_wconf 76' lang='lat' dir='ltr'><strong>Qua_de_re_ad</strong></span> <span class='ocrx_word' id='word_1_455' title='bbox 910 5581 1091 5648; x_wconf 86' lang='lat' dir='ltr'><strong>calcem</strong></span> <span class='ocrx_word' id='word_1_456' title='bbox 1123 5595 1326 5648; x_wconf 81' lang='lat' dir='ltr'><strong>Operuttt</strong></span> <span class='ocrx_word' id='word_1_457' title='bbox 1347 5583 1662 5648; x_wconf 78' lang='lat' dir='ltr'><strong>Chrysostomi</strong></span> <span class='ocrx_word' id='word_1_458' title='bbox 1687 5581 1793 5637; x_wconf 72' lang='lat' dir='ltr'><strong>fuse</strong></span> <span class='ocrx_word' id='word_1_459' title='bbox 1815 5589 1914 5638; x_wconf 85' lang='lat' dir='ltr'><strong>dis-</strong></span> 
     </span>
    </p>
   </div>
   <div class='ocr_carea' id='block_1_60' title="bbox 329 5641 1299 5713">
    <p class='ocr_par' dir='ltr' id='par_1_60' title="bbox 329 5641 1299 5713">
     <span class='ocr_line' id='line_1_60' title="bbox 329 5641 1299 5713; baseline 0.005 -26"><span class='ocrx_word' id='word_1_460' title='bbox 329 5643 588 5701; x_wconf 74' lang='lat' dir='ltr'><strong>putabitur,</strong></span> <span class='ocrx_word' id='word_1_461' title='bbox 611 5643 692 5691; x_wconf 91' lang='lat' dir='ltr'><strong>ubi</strong></span> <span class='ocrx_word' id='word_1_462' title='bbox 714 5641 777 5691; x_wconf 89' lang='lat' dir='ltr'><strong>de</strong></span> <span class='ocrx_word' id='word_1_463' title='bbox 796 5643 988 5706; x_wconf 82' lang='lat' dir='ltr'><strong>liturgia</strong></span> <span class='ocrx_word' id='word_1_464' title='bbox 1006 5641 1168 5713; x_wconf 65' lang='lat' dir='ltr'><strong>set-tuo</strong></span> <span class='ocrx_word' id='word_1_465' title='bbox 1192 5646 1299 5693; x_wconf 89' lang='lat' dir='ltr'><strong>erit.</strong></span> 
     </span>
    </p>
   </div>
   <div class='ocr_carea' id='block_1_61' title="bbox 1104 174 2914 282">
    <p class='ocr_par' dir='ltr' id='par_1_61' title="bbox 1104 174 2914 282">
     <span class='ocr_line' id='line_1_61' title="bbox 1104 174 2914 282; baseline -0.004 0"><span class='ocrx_word' id='word_1_466' title='bbox 1104 224 1160 282; x_wconf 90' lang='lat' dir='ltr'><strong>S.</strong></span> <span class='ocrx_word' id='word_1_467' title='bbox 1201 224 1477 281; x_wconf 66' lang='lat' dir='ltr'><strong>JOANNIS</strong></span> <span class='ocrx_word' id='word_1_468' title='bbox 1513 222 1979 280; x_wconf 72' lang='lat' dir='ltr'><strong>CHRYSOSTOMI</strong></span> <span class='ocrx_word' id='word_1_469' title='bbox 2021 174 2346 278; x_wconf 64' lang='lat' dir='ltr'><strong>ARCﬂlEP.</strong></span> <span class='ocrx_word' id='word_1_470' title='bbox 2381 219 2914 280; x_wconf 67' lang='lat' dir='ltr'><strong>COXSTAN&#39;HNOP.</strong></span> 
     </span>
    </p>
   </div>
   <div class='ocr_carea' id='block_1_62' title="bbox 3527 221 3637 278">
    <p class='ocr_par' dir='ltr' id='par_1_62' title="bbox 3527 221 3637 278">
     <span class='ocr_line' id='line_1_62' title="bbox 3527 221 3637 278; baseline -0.009 0"><span class='ocrx_word' id='word_1_471' title='bbox 3527 221 3637 278; x_wconf 79' lang='lat'><strong>868</strong></span> 
     </span>
    </p>
   </div>
   <div class='ocr_carea' id='block_1_63' title="bbox 2048 331 3634 405">
    <p class='ocr_par' dir='ltr' id='par_1_63' title="bbox 2048 331 3634 405">
     <span class='ocr_line' id='line_1_63' title="bbox 2048 331 3634 405; baseline -0.005 -16"><span class='ocrx_word' id='word_1_472' title='bbox 2048 335 2167 389; x_wconf 92' lang='lat' dir='ltr'><strong>tari.</strong></span> <span class='ocrx_word' id='word_1_473' title='bbox 2193 335 2484 404; x_wconf 87' lang='lat' dir='ltr'><strong>Propterea</strong></span> <span class='ocrx_word' id='word_1_474' title='bbox 2506 351 2715 405; x_wconf 84' lang='lat' dir='ltr'><strong>quoque</strong></span> <span class='ocrx_word' id='word_1_475' title='bbox 2738 335 2869 387; x_wconf 65' lang='lat' dir='ltr'><strong>dixit</strong></span> <span class='ocrx_word' id='word_1_476' title='bbox 2901 332 3126 387; x_wconf 87' lang='lat' dir='ltr'><strong>Paulus:</strong></span> <span class='ocrx_word' id='word_1_477' title='bbox 3152 331 3282 386; x_wconf 77' lang='lat' dir='ltr'><strong>Mihi</strong></span> <span class='ocrx_word' id='word_1_478' title='bbox 3309 341 3475 402; x_wconf 62' lang='lat' dir='ltr'><strong>autent</strong></span> <span class='ocrx_word' id='word_1_479' title='bbox 3499 334 3634 386; x_wconf 71' lang='lat' dir='ltr'><strong>absit</strong></span> 
     </span>
    </p>
   </div>
   <div class='ocr_carea' id='block_1_64' title="bbox 2044 421 3625 496">
    <p class='ocr_par' dir='ltr' id='par_1_64' title="bbox 2044 421 3625 496">
     <span class='ocr_line' id='line_1_64' title="bbox 2044 421 3625 496; baseline -0.003 -17"><span class='ocrx_word' id='word_1_480' title='bbox 2044 423 2274 496; x_wconf 85' lang='lat' dir='ltr'><strong>gloriari,</strong></span> <span class='ocrx_word' id='word_1_481' title='bbox 2306 425 2403 480; x_wconf 82' lang='lat' dir='ltr'><strong>nisi</strong></span> <span class='ocrx_word' id='word_1_482' title='bbox 2431 427 2482 479; x_wconf 89' lang='lat' dir='ltr'><strong>in</strong></span> <span class='ocrx_word' id='word_1_483' title='bbox 2507 443 2654 479; x_wconf 81' lang='lat' dir='ltr'><strong>cruce</strong></span> <span class='ocrx_word' id='word_1_484' title='bbox 2693 425 2892 478; x_wconf 87' lang='lat' dir='ltr'><strong>Dommi</strong></span> <span class='ocrx_word' id='word_1_485' title='bbox 2926 425 3086 477; x_wconf 85' lang='lat' dir='ltr'><strong>nostri</strong></span> <span class='ocrx_word' id='word_1_486' title='bbox 3109 421 3234 476; x_wconf 85' lang='lat' dir='ltr'><strong>Jesu</strong></span> <span class='ocrx_word' id='word_1_487' title='bbox 3269 423 3455 478; x_wconf 77' lang='lat' dir='ltr'><strong>Christi</strong></span> <span class='ocrx_word' id='word_1_488' title='bbox 3482 424 3625 494; x_wconf 82' lang='lat' dir='ltr'><strong>(Cal.</strong></span> 
     </span>
    </p>
   </div>
   <div class='ocr_carea' id='block_1_65' title="bbox 2046 517 3629 587">
    <p class='ocr_par' dir='ltr' id='par_1_65' title="bbox 2046 517 3629 587">
     <span class='ocr_line' id='line_1_65' title="bbox 2046 517 3629 587; baseline -0.002 -15"><span class='ocrx_word' id='word_1_489' title='bbox 2046 517 2100 572; x_wconf 88' lang='lat'><strong>6.</strong></span> <span class='ocrx_word' id='word_1_490' title='bbox 2147 518 2265 587; x_wconf 60' lang='lat' dir='ltr'><strong>id):</strong></span> <span class='ocrx_word' id='word_1_491' title='bbox 2296 526 2350 572; x_wconf 90' lang='lat' dir='ltr'><strong>et</strong></span> <span class='ocrx_word' id='word_1_492' title='bbox 2389 532 2573 572; x_wconf 86' lang='lat' dir='ltr'><strong>rursus</strong></span> <span class='ocrx_word' id='word_1_493' title='bbox 2601 535 2614 570; x_wconf 89' lang='lat'><strong>:</strong></span> <span class='ocrx_word' id='word_1_494' title='bbox 2645 517 2976 570; x_wconf 80' lang='lat' dir='ltr'><strong>Commendat</strong></span> <span class='ocrx_word' id='word_1_495' title='bbox 3003 527 3169 570; x_wconf 84' lang='lat' dir='ltr'><strong>autent</strong></span> <span class='ocrx_word' id='word_1_496' title='bbox 3199 518 3458 571; x_wconf 82' lang='lat' dir='ltr'><strong>caritatem</strong></span> <span class='ocrx_word' id='word_1_497' title='bbox 3483 534 3629 571; x_wconf 85' lang='lat' dir='ltr'><strong>suam</strong></span> 
     </span>
    </p>
   </div>
   <div class='ocr_carea' id='block_1_66' title="bbox 2045 603 3627 677">
    <p class='ocr_par' dir='ltr' id='par_1_66' title="bbox 2045 603 3627 677">
     <span class='ocr_line' id='line_1_66' title="bbox 2045 603 3627 677; baseline 0.002 -18"><span class='ocrx_word' id='word_1_498' title='bbox 2045 603 2185 661; x_wconf 87' lang='lat' dir='ltr'><strong>Deus</strong></span> <span class='ocrx_word' id='word_1_499' title='bbox 2213 622 2330 677; x_wconf 85' lang='lat' dir='ltr'><strong>erga</strong></span> <span class='ocrx_word' id='word_1_500' title='bbox 2360 623 2490 662; x_wconf 88' lang='lat' dir='ltr'><strong>nos:</strong></span> <span class='ocrx_word' id='word_1_501' title='bbox 2521 609 2758 676; x_wconf 86' lang='lat' dir='ltr'><strong>quoniam</strong></span> <span class='ocrx_word' id='word_1_502' title='bbox 2798 623 2914 661; x_wconf 89' lang='lat' dir='ltr'><strong>cum</strong></span> <span class='ocrx_word' id='word_1_503' title='bbox 2954 608 3121 660; x_wconf 89' lang='lat' dir='ltr'><strong>adhuc</strong></span> <span class='ocrx_word' id='word_1_504' title='bbox 3167 618 3448 675; x_wconf 80' lang='lat' dir='ltr'><strong>peccatores</strong></span> <span class='ocrx_word' id='word_1_505' title='bbox 3491 625 3627 662; x_wconf 74' lang='lat' dir='ltr'><strong>csse-</strong></span> 
     </span>
    </p>
   </div>
   <div class='ocr_carea' id='block_1_67' title="bbox 2046 697 3627 769">
    <p class='ocr_par' dir='ltr' id='par_1_67' title="bbox 2046 697 3627 769">
     <span class='ocr_line' id='line_1_67' title="bbox 2046 697 3627 769; baseline 0.003 -19"><span class='ocrx_word' id='word_1_506' title='bbox 2046 715 2178 760; x_wconf 88' lang='lat' dir='ltr'><strong>mus,</strong></span> <span class='ocrx_word' id='word_1_507' title='bbox 2209 698 2439 752; x_wconf 76' lang='lat' dir='ltr'><strong>Christus</strong></span> <span class='ocrx_word' id='word_1_508' title='bbox 2479 716 2570 768; x_wconf 82' lang='lat' dir='ltr'><strong>pro</strong></span> <span class='ocrx_word' id='word_1_509' title='bbox 2614 698 2756 754; x_wconf 81' lang='lat' dir='ltr'><strong>nobis</strong></span> <span class='ocrx_word' id='word_1_510' title='bbox 2790 709 3016 752; x_wconf 85' lang='lat' dir='ltr'><strong>mortuus</strong></span> <span class='ocrx_word' id='word_1_511' title='bbox 3044 708 3118 752; x_wconf 88' lang='lat' dir='ltr'><strong>est</strong></span> <span class='ocrx_word' id='word_1_512' title='bbox 3155 697 3331 765; x_wconf 85' lang='lat' dir='ltr'><strong>(Rom.</strong></span> <span class='ocrx_word' id='word_1_513' title='bbox 3363 699 3414 754; x_wconf 87' lang='lat'><strong>5.</strong></span> <span class='ocrx_word' id='word_1_514' title='bbox 3451 699 3544 769; x_wconf 88' lang='lat'><strong>8):</strong></span> <span class='ocrx_word' id='word_1_515' title='bbox 3573 710 3627 755; x_wconf 84' lang='lat' dir='ltr'><strong>et</strong></span> 
     </span>
    </p>
   </div>
   <div class='ocr_carea' id='block_1_68' title="bbox 2045 788 3622 859">
    <p class='ocr_par' dir='ltr' id='par_1_68' title="bbox 2045 788 3622 859">
     <span class='ocr_line' id='line_1_68' title="bbox 2045 788 3622 859; baseline 0 -15"><span class='ocrx_word' id='word_1_516' title='bbox 2045 789 2276 844; x_wconf 86' lang='lat' dir='ltr'><strong>Joannes</strong></span> <span class='ocrx_word' id='word_1_517' title='bbox 2297 791 2364 844; x_wconf 92' lang='lat' dir='ltr'><strong>ita</strong></span> <span class='ocrx_word' id='word_1_518' title='bbox 2387 788 2540 858; x_wconf 81' lang='lat' dir='ltr'><strong>plane</strong></span> <span class='ocrx_word' id='word_1_519' title='bbox 2562 791 2796 859; x_wconf 79' lang='lat' dir='ltr'><strong>loquitur</strong></span> <span class='ocrx_word' id='word_1_520' title='bbox 2819 809 2830 844; x_wconf 92' lang='lat'><strong>:</strong></span> <span class='ocrx_word' id='word_1_521' title='bbox 2857 788 2948 845; x_wconf 86' lang='lat' dir='ltr'><strong>Sic</strong></span> <span class='ocrx_word' id='word_1_522' title='bbox 2966 791 3099 845; x_wconf 87' lang='lat' dir='ltr'><strong>enim</strong></span> <span class='ocrx_word' id='word_1_523' title='bbox 3120 789 3253 844; x_wconf 88' lang='lat' dir='ltr'><strong>Deus</strong></span> <span class='ocrx_word' id='word_1_524' title='bbox 3275 790 3456 844; x_wconf 70' lang='lat' dir='ltr'><strong>dilexit</strong></span> <span class='ocrx_word' id='word_1_525' title='bbox 3473 809 3622 844; x_wconf 83' lang='lat' dir='ltr'><strong>mun-</strong></span> 
     </span>
    </p>
   </div>
   <div class='ocr_carea' id='block_1_69' title="bbox 2046 879 3626 951">
    <p class='ocr_par' dir='ltr' id='par_1_69' title="bbox 2046 879 3626 951">
     <span class='ocr_line' id='line_1_69' title="bbox 2046 879 3626 951; baseline 0.003 -20"><span class='ocrx_word' id='word_1_526' title='bbox 2046 879 2168 932; x_wconf 87' lang='lat' dir='ltr'><strong>dunt</strong></span> <span class='ocrx_word' id='word_1_527' title='bbox 2192 879 2372 949; x_wconf 84' lang='lat' dir='ltr'><strong>(Joun.</strong></span> <span class='ocrx_word' id='word_1_528' title='bbox 2407 881 2460 934; x_wconf 79' lang='grc'><strong>5.</strong></span> <span class='ocrx_word' id='word_1_529' title='bbox 2487 879 2600 951; x_wconf 77' lang='grc'><strong>16).</strong></span> <span class='ocrx_word' id='word_1_530' title='bbox 2631 880 2932 948; x_wconf 82' lang='lat' dir='ltr'><strong>Quomodo,</strong></span> <span class='ocrx_word' id='word_1_531' title='bbox 2965 879 3181 950; x_wconf 60' lang='lat' dir='ltr'><strong>quaeso?</strong></span> <span class='ocrx_word' id='word_1_532' title='bbox 3213 881 3278 935; x_wconf 87' lang='lat' dir='ltr'><strong>Et</strong></span> <span class='ocrx_word' id='word_1_533' title='bbox 3305 881 3420 935; x_wconf 88' lang='lat' dir='ltr'><strong>aliis</strong></span> <span class='ocrx_word' id='word_1_534' title='bbox 3446 883 3626 935; x_wconf 82' lang='lat' dir='ltr'><strong>omni-</strong></span> 
     </span>
    </p>
   </div>
   <div class='ocr_carea' id='block_1_70' title="bbox 2044 963 3621 1040">
    <p class='ocr_par' dir='ltr' id='par_1_70' title="bbox 2044 963 3621 1040">
     <span class='ocr_line' id='line_1_70' title="bbox 2044 963 3621 1040; baseline 0.001 -16"><span class='ocrx_word' id='word_1_535' title='bbox 2044 969 2145 1024; x_wconf 86' lang='lat' dir='ltr'><strong>bus</strong></span> <span class='ocrx_word' id='word_1_536' title='bbox 2175 967 2546 1038; x_wconf 69' lang='lat' dir='ltr'><strong>praetermissis</strong></span> <span class='ocrx_word' id='word_1_537' title='bbox 2571 985 2782 1026; x_wconf 88' lang='lat' dir='ltr'><strong>crucem</strong></span> <span class='ocrx_word' id='word_1_538' title='bbox 2812 963 3006 1040; x_wconf 68' lang='lat' dir='ltr'><strong>pos&#39;uit.</strong></span> <span class='ocrx_word' id='word_1_539' title='bbox 3047 971 3182 1024; x_wconf 88' lang='lat' dir='ltr'><strong>Cum</strong></span> <span class='ocrx_word' id='word_1_540' title='bbox 3208 971 3351 1025; x_wconf 90' lang='lat' dir='ltr'><strong>enim</strong></span> <span class='ocrx_word' id='word_1_541' title='bbox 3381 970 3621 1037; x_wconf 80' lang='lat' dir='ltr'><strong>dixisset,</strong></span> 
     </span>
    </p>
   </div>
   <div class='ocr_carea' id='block_1_71' title="bbox 2044 1059 3626 1131">
    <p class='ocr_par' dir='ltr' id='par_1_71' title="bbox 2044 1059 3626 1131">
     <span class='ocr_line' id='line_1_71' title="bbox 2044 1059 3626 1131; baseline 0.001 -16"><span class='ocrx_word' id='word_1_542' title='bbox 2044 1059 2136 1116; x_wconf 86' lang='lat' dir='ltr'><strong>Sic</strong></span> <span class='ocrx_word' id='word_1_543' title='bbox 2160 1059 2299 1115; x_wconf 87' lang='lat' dir='ltr'><strong>Deus</strong></span> <span class='ocrx_word' id='word_1_544' title='bbox 2317 1060 2492 1114; x_wconf 72' lang='lat' dir='ltr'><strong>ditarit</strong></span> <span class='ocrx_word' id='word_1_545' title='bbox 2516 1062 2778 1127; x_wconf 87' lang='lat' dir='ltr'><strong>mundum,</strong></span> <span class='ocrx_word' id='word_1_546' title='bbox 2805 1061 3016 1131; x_wconf 88' lang='lat' dir='ltr'><strong>adjecit,</strong></span> <span class='ocrx_word' id='word_1_547' title='bbox 3043 1061 3110 1116; x_wconf 84' lang='lat' dir='ltr'><strong>Ut</strong></span> <span class='ocrx_word' id='word_1_548' title='bbox 3127 1061 3175 1115; x_wconf 85' lang='lat' dir='ltr'><em>F</em></span> <span class='ocrx_word' id='word_1_549' title='bbox 3175 1062 3318 1118; x_wconf 82' lang='lat' dir='ltr'><strong>ilium</strong></span> <span class='ocrx_word' id='word_1_550' title='bbox 3341 1079 3486 1116; x_wconf 87' lang='lat' dir='ltr'><strong>suum</strong></span> <span class='ocrx_word' id='word_1_551' title='bbox 3505 1066 3626 1116; x_wconf 72' lang='lat' dir='ltr'><strong>uni-</strong></span> 
     </span>
    </p>
   </div>
   <div class='ocr_carea' id='block_1_72' title="bbox 2043 1153 3624 1225">
    <p class='ocr_par' dir='ltr' id='par_1_72' title="bbox 2043 1153 3624 1225">
     <span class='ocr_line' id='line_1_72' title="bbox 2043 1153 3624 1225; baseline -0.001 -17"><span class='ocrx_word' id='word_1_552' title='bbox 2043 1155 2264 1224; x_wconf 83' lang='lat' dir='ltr'><strong>genitum</strong></span> <span class='ocrx_word' id='word_1_553' title='bbox 2291 1153 2454 1219; x_wconf 87' lang='lat' dir='ltr'><strong>daret,</strong></span> <span class='ocrx_word' id='word_1_554' title='bbox 2480 1163 2539 1208; x_wconf 90' lang='lat' dir='ltr'><strong>ut</strong></span> <span class='ocrx_word' id='word_1_555' title='bbox 2557 1153 2972 1223; x_wconf 74' lang='lat' dir='ltr'><strong>crucifigeretur,</strong></span> <span class='ocrx_word' id='word_1_556' title='bbox 2997 1164 3054 1207; x_wconf 90' lang='lat' dir='ltr'><strong>ut</strong></span> <span class='ocrx_word' id='word_1_557' title='bbox 3083 1155 3267 1223; x_wconf 89' lang='lat' dir='ltr'><strong>omnis,</strong></span> <span class='ocrx_word' id='word_1_558' title='bbox 3287 1155 3374 1225; x_wconf 88' lang='lat' dir='ltr'><strong>qui</strong></span> <span class='ocrx_word' id='word_1_559' title='bbox 3393 1154 3548 1207; x_wconf 83' lang='lat' dir='ltr'><strong>credit</strong></span> <span class='ocrx_word' id='word_1_560' title='bbox 3572 1156 3624 1208; x_wconf 85' lang='lat' dir='ltr'><strong>in</strong></span> 
     </span>
    </p>
   </div>
   <div class='ocr_carea' id='block_1_73' title="bbox 2044 1243 3628 1317">
    <p class='ocr_par' dir='ltr' id='par_1_73' title="bbox 2044 1243 3628 1317">
     <span class='ocr_line' id='line_1_73' title="bbox 2044 1243 3628 1317; baseline -0.001 -17"><span class='ocrx_word' id='word_1_561' title='bbox 2044 1262 2175 1310; x_wconf 87' lang='lat' dir='ltr'><strong>eum,</strong></span> <span class='ocrx_word' id='word_1_562' title='bbox 2206 1262 2306 1300; x_wconf 88' lang='lat' dir='ltr'><strong>non</strong></span> <span class='ocrx_word' id='word_1_563' title='bbox 2333 1255 2521 1317; x_wconf 84' lang='lat' dir='ltr'><strong>pereat,</strong></span> <span class='ocrx_word' id='word_1_564' title='bbox 2559 1245 2648 1299; x_wconf 83' lang='lat' dir='ltr'><strong>sed</strong></span> <span class='ocrx_word' id='word_1_565' title='bbox 2687 1246 2865 1300; x_wconf 84' lang='lat' dir='ltr'><strong>habeat</strong></span> <span class='ocrx_word' id='word_1_566' title='bbox 2907 1246 3058 1300; x_wconf 76' lang='lat' dir='ltr'><strong>vitam</strong></span> <span class='ocrx_word' id='word_1_567' title='bbox 3099 1258 3356 1300; x_wconf 76' lang='lat' dir='ltr'><strong>a&#39;ternmn.</strong></span> <span class='ocrx_word' id='word_1_568' title='bbox 3397 1243 3454 1301; x_wconf 90' lang='lat' dir='ltr'><strong>Si</strong></span> <span class='ocrx_word' id='word_1_569' title='bbox 3495 1260 3628 1314; x_wconf 79' lang='lat' dir='ltr'><strong>ergo</strong></span> 
     </span>
    </p>
   </div>
   <div class='ocr_carea' id='block_1_74' title="bbox 2043 1335 3627 1407">
    <p class='ocr_par' dir='ltr' id='par_1_74' title="bbox 2043 1335 3627 1407">
     <span class='ocr_line' id='line_1_74' title="bbox 2043 1335 3627 1407; baseline 0.001 -17"><span class='ocrx_word' id='word_1_570' title='bbox 2043 1336 2280 1391; x_wconf 88' lang='lat' dir='ltr'><strong>caritatis</strong></span> <span class='ocrx_word' id='word_1_571' title='bbox 2305 1337 2516 1391; x_wconf 89' lang='lat' dir='ltr'><strong>occasio</strong></span> <span class='ocrx_word' id='word_1_572' title='bbox 2543 1351 2671 1391; x_wconf 81' lang='lat' dir='ltr'><strong>crux</strong></span> <span class='ocrx_word' id='word_1_573' title='bbox 2702 1345 2804 1401; x_wconf 87' lang='lat' dir='ltr'><strong>est,</strong></span> <span class='ocrx_word' id='word_1_574' title='bbox 2833 1346 2885 1391; x_wconf 90' lang='lat' dir='ltr'><strong>et</strong></span> <span class='ocrx_word' id='word_1_575' title='bbox 2905 1337 3167 1407; x_wconf 87' lang='lat' dir='ltr'><strong>gloriatio,</strong></span> <span class='ocrx_word' id='word_1_576' title='bbox 3188 1352 3255 1391; x_wconf 88' lang='lat' dir='ltr'><strong>ne</strong></span> <span class='ocrx_word' id='word_1_577' title='bbox 3273 1335 3512 1392; x_wconf 86' lang='lat' dir='ltr'><strong>dicamus</strong></span> <span class='ocrx_word' id='word_1_578' title='bbox 3529 1351 3627 1391; x_wconf 86' lang='lat' dir='ltr'><strong>nos</strong></span> 
     </span>
    </p>
   </div>
   <div class='ocr_carea' id='block_1_75' title="bbox 2043 1425 3622 1498">
    <p class='ocr_par' dir='ltr' id='par_1_75' title="bbox 2043 1425 3622 1498">
     <span class='ocr_line' id='line_1_75' title="bbox 2043 1425 3622 1498; baseline -0.002 -16"><span class='ocrx_word' id='word_1_579' title='bbox 2043 1427 2160 1496; x_wconf 85' lang='lat' dir='ltr'><strong>ejus</strong></span> <span class='ocrx_word' id='word_1_580' title='bbox 2187 1442 2346 1481; x_wconf 90' lang='lat' dir='ltr'><strong>causa</strong></span> <span class='ocrx_word' id='word_1_581' title='bbox 2368 1429 2566 1498; x_wconf 88' lang='lat' dir='ltr'><strong>lugere.</strong></span> <span class='ocrx_word' id='word_1_582' title='bbox 2599 1426 2712 1482; x_wconf 89' lang='lat' dir='ltr'><strong>Non</strong></span> <span class='ocrx_word' id='word_1_583' title='bbox 2744 1429 2888 1482; x_wconf 89' lang='lat' dir='ltr'><strong>enim</strong></span> <span class='ocrx_word' id='word_1_584' title='bbox 2912 1427 2978 1482; x_wconf 91' lang='lat' dir='ltr'><strong>ob</strong></span> <span class='ocrx_word' id='word_1_585' title='bbox 3005 1428 3145 1481; x_wconf 92' lang='lat' dir='ltr'><strong>illam</strong></span> <span class='ocrx_word' id='word_1_586' title='bbox 3171 1428 3430 1498; x_wconf 88' lang='lat' dir='ltr'><strong>lugemus,</strong></span> <span class='ocrx_word' id='word_1_587' title='bbox 3464 1425 3622 1492; x_wconf 89' lang='lat' dir='ltr'><strong>absit,</strong></span> 
     </span>
    </p>
   </div>
   <div class='ocr_carea' id='block_1_76' title="bbox 2041 1517 3253 1589">
    <p class='ocr_par' dir='ltr' id='par_1_76' title="bbox 2041 1517 3253 1589">
     <span class='ocr_line' id='line_1_76' title="bbox 2041 1517 3253 1589; baseline 0.001 -17"><span class='ocrx_word' id='word_1_588' title='bbox 2041 1517 2136 1572; x_wconf 87' lang='lat' dir='ltr'><strong>sed</strong></span> <span class='ocrx_word' id='word_1_589' title='bbox 2157 1519 2225 1573; x_wconf 91' lang='lat' dir='ltr'><strong>ob</strong></span> <span class='ocrx_word' id='word_1_590' title='bbox 2245 1525 2428 1573; x_wconf 90' lang='lat' dir='ltr'><strong>nostra</strong></span> <span class='ocrx_word' id='word_1_591' title='bbox 2459 1528 2691 1588; x_wconf 86' lang='lat' dir='ltr'><strong>peccata.</strong></span> <span class='ocrx_word' id='word_1_592' title='bbox 2714 1519 2917 1574; x_wconf 87' lang='lat' dir='ltr'><strong>idcirco</strong></span> <span class='ocrx_word' id='word_1_593' title='bbox 2935 1519 3253 1589; x_wconf 85' lang='lat' dir='ltr'><strong>jejunamus.</strong></span> 
     </span>
    </p>
   </div>
   <div class='ocr_carea' id='block_1_77' title="bbox 2113 1608 3629 1665">
    <p class='ocr_par' dir='ltr' id='par_1_77' title="bbox 2113 1608 3629 1665">
     <span class='ocr_line' id='line_1_77' title="bbox 2113 1608 3629 1665; baseline 0.001 -3"><span class='ocrx_word' id='word_1_594' title='bbox 2113 1609 2166 1662; x_wconf 82' lang='lat'><strong>5.</strong></span> <span class='ocrx_word' id='word_1_595' title='bbox 2207 1608 2558 1664; x_wconf 87' lang='lat' dir='ltr'><strong>Catechumeni</strong></span> <span class='ocrx_word' id='word_1_596' title='bbox 2577 1626 2676 1663; x_wconf 85' lang='lat' dir='ltr'><strong>non</strong></span> <span class='ocrx_word' id='word_1_597' title='bbox 2702 1610 2951 1664; x_wconf 75' lang='lat' dir='ltr'><strong>celebrant</strong></span> <span class='ocrx_word' id='word_1_598' title='bbox 2979 1609 3200 1664; x_wconf 88' lang='lat' dir='ltr'><strong>Pascha.</strong></span> <span class='ocrx_word' id='word_1_599' title='bbox 3225 1639 3297 1650; x_wconf 89' lang='lat'><strong>—-</strong></span> <span class='ocrx_word' id='word_1_600' title='bbox 3316 1609 3458 1665; x_wconf 89' lang='lat' dir='ltr'><strong>Sane</strong></span> <span class='ocrx_word' id='word_1_601' title='bbox 3479 1610 3629 1664; x_wconf 82' lang='lat' dir='ltr'><strong>Cate-</strong></span> 
     </span>
    </p>
   </div>
   <div class='ocr_carea' id='block_1_78' title="bbox 2041 1701 3628 1774">
    <p class='ocr_par' dir='ltr' id='par_1_78' title="bbox 2041 1701 3628 1774">
     <span class='ocr_line' id='line_1_78' title="bbox 2041 1701 3628 1774; baseline 0.003 -20"><span class='ocrx_word' id='word_1_602' title='bbox 2041 1701 2339 1756; x_wconf 90' lang='lat' dir='ltr'><strong>chumenus</strong></span> <span class='ocrx_word' id='word_1_603' title='bbox 2363 1717 2649 1774; x_wconf 91' lang='lat' dir='ltr'><strong>numquam</strong></span> <span class='ocrx_word' id='word_1_604' title='bbox 2673 1701 2872 1758; x_wconf 86' lang='lat' dir='ltr'><strong>Pascha</strong></span> <span class='ocrx_word' id='word_1_605' title='bbox 2898 1703 3149 1764; x_wconf 83' lang='lat' dir='ltr'><strong>celebrat,</strong></span> <span class='ocrx_word' id='word_1_606' title='bbox 3169 1703 3408 1772; x_wconf 89' lang='lat' dir='ltr'><strong>quamvis</strong></span> <span class='ocrx_word' id='word_1_607' title='bbox 3418 1703 3628 1772; x_wconf 84' lang='lat' dir='ltr'><strong>jejunct</strong></span> 
     </span>
    </p>
   </div>
   <div class='ocr_carea' id='block_1_79' title="bbox 2042 1792 3624 1863">
    <p class='ocr_par' dir='ltr' id='par_1_79' title="bbox 2042 1792 3624 1863">
     <span class='ocr_line' id='line_1_79' title="bbox 2042 1792 3624 1863; baseline 0.001 -18"><span class='ocrx_word' id='word_1_608' title='bbox 2042 1792 2264 1860; x_wconf 89' lang='lat' dir='ltr'><strong>singulis</strong></span> <span class='ocrx_word' id='word_1_609' title='bbox 2304 1794 2478 1856; x_wconf 89' lang='lat' dir='ltr'><strong>annis,</strong></span> <span class='ocrx_word' id='word_1_610' title='bbox 2526 1795 2776 1863; x_wconf 91' lang='lat' dir='ltr'><strong>quoniam</strong></span> <span class='ocrx_word' id='word_1_611' title='bbox 2806 1792 3058 1847; x_wconf 90' lang='lat' dir='ltr'><strong>oblationi</strong></span> <span class='ocrx_word' id='word_1_612' title='bbox 3091 1809 3193 1847; x_wconf 91' lang='lat' dir='ltr'><strong>non</strong></span> <span class='ocrx_word' id='word_1_613' title='bbox 3238 1795 3624 1860; x_wconf 87' lang='lat' dir='ltr'><strong>communicat,</strong></span> 
     </span>
    </p>
   </div>
   <div class='ocr_carea' id='block_1_80' title="bbox 2041 1881 3628 1952">
    <p class='ocr_par' dir='ltr' id='par_1_80' title="bbox 2041 1881 3628 1952">
     <span class='ocr_line' id='line_1_80' title="bbox 2041 1881 3628 1952; baseline 0.001 -15"><span class='ocrx_word' id='word_1_614' title='bbox 2041 1881 2487 1951; x_wconf 85' lang='lat' dir='ltr'><strong>quemadmodum</strong></span> <span class='ocrx_word' id='word_1_615' title='bbox 2517 1891 2571 1937; x_wconf 91' lang='lat' dir='ltr'><strong>et</strong></span> <span class='ocrx_word' id='word_1_616' title='bbox 2589 1884 2679 1952; x_wconf 91' lang='lat' dir='ltr'><strong>qui</strong></span> <span class='ocrx_word' id='word_1_617' title='bbox 2705 1898 2811 1936; x_wconf 92' lang='lat' dir='ltr'><strong>non</strong></span> <span class='ocrx_word' id='word_1_618' title='bbox 2841 1882 3068 1952; x_wconf 83' lang='lat' dir='ltr'><strong>jejuuat.</strong></span> <span class='ocrx_word' id='word_1_619' title='bbox 3099 1886 3140 1935; x_wconf 93' lang='lat' dir='ltr'><strong>si</strong></span> <span class='ocrx_word' id='word_1_620' title='bbox 3171 1899 3290 1936; x_wconf 87' lang='lat' dir='ltr'><strong>cum</strong></span> <span class='ocrx_word' id='word_1_621' title='bbox 3320 1898 3450 1952; x_wconf 91' lang='lat' dir='ltr'><strong>pura</strong></span> <span class='ocrx_word' id='word_1_622' title='bbox 3478 1899 3628 1938; x_wconf 73' lang='lat' dir='ltr'><strong>acce~</strong></span> 
     </span>
    </p>
   </div>
   <div class='ocr_carea' id='block_1_81' title="bbox 2040 1971 3622 2040">
    <p class='ocr_par' dir='ltr' id='par_1_81' title="bbox 2040 1971 3622 2040">
     <span class='ocr_line' id='line_1_81' title="bbox 2040 1971 3622 2040; baseline 0 -13"><span class='ocrx_word' id='word_1_623' title='bbox 2040 1971 2133 2027; x_wconf 89' lang='lat' dir='ltr'><strong>dat</strong></span> <span class='ocrx_word' id='word_1_624' title='bbox 2147 1972 2495 2036; x_wconf 87' lang='lat' dir='ltr'><strong>conscientia,</strong></span> <span class='ocrx_word' id='word_1_625' title='bbox 2513 1972 2718 2028; x_wconf 91' lang='lat' dir='ltr'><strong>Pascha</strong></span> <span class='ocrx_word' id='word_1_626' title='bbox 2745 1973 2999 2036; x_wconf 85' lang='lat' dir='ltr'><strong>celebrat,</strong></span> <span class='ocrx_word' id='word_1_627' title='bbox 3023 1975 3134 2028; x_wconf 91' lang='lat' dir='ltr'><strong>sive</strong></span> <span class='ocrx_word' id='word_1_628' title='bbox 3155 1973 3333 2040; x_wconf 84' lang='lat' dir='ltr'><strong>hodie,</strong></span> <span class='ocrx_word' id='word_1_629' title='bbox 3351 1973 3465 2028; x_wconf 83' lang='lat' dir='ltr'><strong>sive</strong></span> <span class='ocrx_word' id='word_1_630' title='bbox 3479 1989 3622 2040; x_wconf 81' lang='lat' dir='ltr'><strong>cras,</strong></span> 
     </span>
    </p>
   </div>
   <div class='ocr_carea' id='block_1_82' title="bbox 2041 2062 3621 2134">
    <p class='ocr_par' dir='ltr' id='par_1_82' title="bbox 2041 2062 3621 2134">
     <span class='ocr_line' id='line_1_82' title="bbox 2041 2062 3621 2134; baseline 0.001 -17"><span class='ocrx_word' id='word_1_631' title='bbox 2041 2063 2154 2119; x_wconf 87' lang='lat' dir='ltr'><strong>sive</strong></span> <span class='ocrx_word' id='word_1_632' title='bbox 2183 2062 2288 2118; x_wconf 90' lang='lat' dir='ltr'><strong>alio</strong></span> <span class='ocrx_word' id='word_1_633' title='bbox 2315 2066 2504 2134; x_wconf 91' lang='lat' dir='ltr'><strong>quovis</strong></span> <span class='ocrx_word' id='word_1_634' title='bbox 2535 2071 2775 2133; x_wconf 90' lang='lat' dir='ltr'><strong>tempore</strong></span> <span class='ocrx_word' id='word_1_635' title='bbox 2803 2063 3189 2118; x_wconf 89' lang='lat' dir='ltr'><strong>communionis</strong></span> <span class='ocrx_word' id='word_1_636' title='bbox 3218 2065 3304 2117; x_wconf 89' lang='lat' dir='ltr'><strong>liat</strong></span> <span class='ocrx_word' id='word_1_637' title='bbox 3333 2065 3621 2133; x_wconf 77' lang='lat' dir='ltr'><strong>[&#39;articcps.</strong></span> 
     </span>
    </p>
   </div>
   <div class='ocr_carea' id='block_1_83' title="bbox 2041 2155 3625 2228">
    <p class='ocr_par' dir='ltr' id='par_1_83' title="bbox 2041 2155 3625 2228">
     <span class='ocr_line' id='line_1_83' title="bbox 2041 2155 3625 2228; baseline 0.003 -18"><span class='ocrx_word' id='word_1_638' title='bbox 2041 2155 2156 2210; x_wconf 86' lang='lat' dir='ltr'><strong>Non</strong></span> <span class='ocrx_word' id='word_1_639' title='bbox 2200 2156 2342 2212; x_wconf 91' lang='lat' dir='ltr'><strong>enim</strong></span> <span class='ocrx_word' id='word_1_640' title='bbox 2384 2171 2452 2212; x_wconf 79' lang='lat' dir='ltr'><strong>ex</strong></span> <span class='ocrx_word' id='word_1_641' title='bbox 2493 2166 2791 2226; x_wconf 91' lang='lat' dir='ltr'><strong>temporum</strong></span> <span class='ocrx_word' id='word_1_642' title='bbox 2836 2157 3226 2224; x_wconf 90' lang='lat' dir='ltr'><strong>observatione,</strong></span> <span class='ocrx_word' id='word_1_643' title='bbox 3259 2159 3350 2213; x_wconf 88' lang='lat' dir='ltr'><strong>sed</strong></span> <span class='ocrx_word' id='word_1_644' title='bbox 3382 2174 3449 2213; x_wconf 80' lang='lat' dir='ltr'><strong>ex</strong></span> <span class='ocrx_word' id='word_1_645' title='bbox 3490 2175 3625 2228; x_wconf 86' lang='lat' dir='ltr'><strong>pura</strong></span> 
     </span>
    </p>
   </div>
   <div class='ocr_carea' id='block_1_84' title="bbox 2041 2245 3625 2316">
    <p class='ocr_par' dir='ltr' id='par_1_84' title="bbox 2041 2245 3625 2316">
     <span class='ocr_line' id='line_1_84' title="bbox 2041 2245 3625 2316; baseline 0.003 -16"><span class='ocrx_word' id='word_1_646' title='bbox 2041 2245 2362 2302; x_wconf 87' lang='lat' dir='ltr'><strong>conscientia</strong></span> <span class='ocrx_word' id='word_1_647' title='bbox 2389 2247 2620 2316; x_wconf 89' lang='lat' dir='ltr'><strong>optimus</strong></span> <span class='ocrx_word' id='word_1_648' title='bbox 2645 2247 2912 2316; x_wconf 77' lang='lat' dir='ltr'><strong>iudicatur</strong></span> <span class='ocrx_word' id='word_1_649' title='bbox 2946 2263 3212 2303; x_wconf 88' lang='lat' dir='ltr'><strong>accessus.</strong></span> <span class='ocrx_word' id='word_1_650' title='bbox 3258 2251 3327 2303; x_wconf 87' lang='lat' dir='ltr'><strong>At</strong></span> <span class='ocrx_word' id='word_1_651' title='bbox 3369 2264 3468 2303; x_wconf 91' lang='lat' dir='ltr'><strong>nos</strong></span> <span class='ocrx_word' id='word_1_652' title='bbox 3502 2265 3625 2304; x_wconf 86' lang='lat' dir='ltr'><strong>ron-</strong></span> 
     </span>
    </p>
   </div>
   <div class='ocr_carea' id='block_1_85' title="bbox 2042 2337 3623 2409">
    <p class='ocr_par' dir='ltr' id='par_1_85' title="bbox 2042 2337 3623 2409">
     <span class='ocr_line' id='line_1_85' title="bbox 2042 2337 3623 2409; baseline 0.003 -19"><span class='ocrx_word' id='word_1_653' title='bbox 2042 2337 2257 2392; x_wconf 88' lang='lat' dir='ltr'><strong>trarium</strong></span> <span class='ocrx_word' id='word_1_654' title='bbox 2283 2338 2508 2408; x_wconf 90' lang='lat' dir='ltr'><strong>agimus,</strong></span> <span class='ocrx_word' id='word_1_655' title='bbox 2527 2347 2756 2394; x_wconf 88' lang='lat' dir='ltr'><strong>mentem</strong></span> <span class='ocrx_word' id='word_1_656' title='bbox 2779 2340 2991 2408; x_wconf 90' lang='lat' dir='ltr'><strong>quidem</strong></span> <span class='ocrx_word' id='word_1_657' title='bbox 3010 2355 3111 2394; x_wconf 94' lang='lat' dir='ltr'><strong>non</strong></span> <span class='ocrx_word' id='word_1_658' title='bbox 3129 2355 3192 2396; x_wconf 84' lang='lat' dir='ltr'><strong>ex</strong></span> <span class='ocrx_word' id='word_1_659' title='bbox 3201 2355 3500 2409; x_wconf 86' lang='lat' dir='ltr'><strong>purgamus.</strong></span> <span class='ocrx_word' id='word_1_660' title='bbox 3525 2342 3623 2396; x_wconf 87' lang='lat' dir='ltr'><strong>sed</strong></span> 
     </span>
    </p>
   </div>
   <div class='ocr_carea' id='block_1_86' title="bbox 2039 2427 3621 2495">
    <p class='ocr_par' dir='ltr' id='par_1_86' title="bbox 2039 2427 3621 2495">
     <span class='ocr_line' id='line_1_86' title="bbox 2039 2427 3621 2495; baseline -0.003 -10"><span class='ocrx_word' id='word_1_661' title='bbox 2039 2427 2186 2486; x_wconf 86' lang='lat' dir='ltr'><strong>sidie</strong></span> <span class='ocrx_word' id='word_1_662' title='bbox 2211 2427 2300 2482; x_wconf 90' lang='lat' dir='ltr'><strong>illo</strong></span> <span class='ocrx_word' id='word_1_663' title='bbox 2321 2429 2650 2493; x_wconf 89' lang='lat' dir='ltr'><strong>accedamus,</strong></span> <span class='ocrx_word' id='word_1_664' title='bbox 2675 2429 2946 2484; x_wconf 90' lang='lat' dir='ltr'><strong>celebrare</strong></span> <span class='ocrx_word' id='word_1_665' title='bbox 2971 2445 3067 2484; x_wconf 92' lang='lat' dir='ltr'><strong>nos</strong></span> <span class='ocrx_word' id='word_1_666' title='bbox 3089 2429 3286 2484; x_wconf 87' lang='lat' dir='ltr'><strong>Pascha</strong></span> <span class='ocrx_word' id='word_1_667' title='bbox 3314 2445 3621 2495; x_wconf 84' lang='lat' dir='ltr'><strong>censemus,</strong></span> 
     </span>
    </p>
   </div>
   <div class='ocr_carea' id='block_1_87' title="bbox 2039 2521 3624 2591">
    <p class='ocr_par' dir='ltr' id='par_1_87' title="bbox 2039 2521 3624 2591">
     <span class='ocr_line' id='line_1_87' title="bbox 2039 2521 3624 2591; baseline 0.003 -17"><span class='ocrx_word' id='word_1_668' title='bbox 2039 2521 2378 2590; x_wconf 87' lang='lat' dir='ltr'><strong>quantumvis</strong></span> <span class='ocrx_word' id='word_1_669' title='bbox 2408 2523 2639 2591; x_wconf 89' lang='lat' dir='ltr'><strong>peccatis</strong></span> <span class='ocrx_word' id='word_1_670' title='bbox 2667 2522 3044 2578; x_wconf 88' lang='lat' dir='ltr'><strong>redundemus.</strong></span> <span class='ocrx_word' id='word_1_671' title='bbox 3071 2524 3174 2579; x_wconf 81' lang='lat' dir='ltr'><strong>Sed</strong></span> <span class='ocrx_word' id='word_1_672' title='bbox 3207 2541 3310 2578; x_wconf 88' lang='lat' dir='ltr'><strong>non</strong></span> <span class='ocrx_word' id='word_1_673' title='bbox 3351 2526 3421 2578; x_wconf 90' lang='lat' dir='ltr'><strong>ita</strong></span> <span class='ocrx_word' id='word_1_674' title='bbox 3451 2539 3510 2577; x_wconf 86' lang='lat' dir='ltr'><strong>se</strong></span> <span class='ocrx_word' id='word_1_675' title='bbox 3537 2540 3624 2578; x_wconf 88' lang='lat' dir='ltr'><strong>rcs</strong></span> 
     </span>
    </p>
   </div>
   <div class='ocr_carea' id='block_1_88' title="bbox 2039 2611 3625 2688">
    <p class='ocr_par' dir='ltr' id='par_1_88' title="bbox 2039 2611 3625 2688">
     <span class='ocr_line' id='line_1_88' title="bbox 2039 2611 3625 2688; baseline 0.005 -22"><span class='ocrx_word' id='word_1_676' title='bbox 2039 2611 2220 2677; x_wconf 88' lang='lat' dir='ltr'><strong>habet,</strong></span> <span class='ocrx_word' id='word_1_677' title='bbox 2247 2629 2352 2668; x_wconf 87' lang='lat' dir='ltr'><strong>non</strong></span> <span class='ocrx_word' id='word_1_678' title='bbox 2381 2615 2449 2669; x_wconf 91' lang='lat' dir='ltr'><strong>ita</strong></span> <span class='ocrx_word' id='word_1_679' title='bbox 2475 2615 2650 2684; x_wconf 87' lang='lat' dir='ltr'><strong>plane,</strong></span> <span class='ocrx_word' id='word_1_680' title='bbox 2673 2632 2856 2671; x_wconf 89' lang='lat' dir='ltr'><strong>verum</strong></span> <span class='ocrx_word' id='word_1_681' title='bbox 2885 2616 3008 2672; x_wconf 90' lang='lat' dir='ltr'><strong>licet</strong></span> <span class='ocrx_word' id='word_1_682' title='bbox 3036 2618 3120 2673; x_wconf 92' lang='lat' dir='ltr'><strong>vel</strong></span> <span class='ocrx_word' id='word_1_683' title='bbox 3160 2617 3211 2671; x_wconf 93' lang='lat' dir='ltr'><strong>iu</strong></span> <span class='ocrx_word' id='word_1_684' title='bbox 3242 2619 3356 2688; x_wconf 91' lang='lat' dir='ltr'><strong>ipso</strong></span> <span class='ocrx_word' id='word_1_685' title='bbox 3398 2618 3625 2674; x_wconf 86' lang='lat' dir='ltr'><strong>sabbato</strong></span> 
     </span>
    </p>
   </div>
   <div class='ocr_carea' id='block_1_89' title="bbox 2038 2709 3623 2775">
    <p class='ocr_par' dir='ltr' id='par_1_89' title="bbox 2038 2709 3623 2775">
     <span class='ocr_line' id='line_1_89' title="bbox 2038 2709 3623 2775; baseline 0.004 -17"><span class='ocrx_word' id='word_1_686' title='bbox 2038 2718 2158 2758; x_wconf 92' lang='lat' dir='ltr'><strong>cum</strong></span> <span class='ocrx_word' id='word_1_687' title='bbox 2191 2720 2348 2774; x_wconf 88' lang='lat' dir='ltr'><strong>prava</strong></span> <span class='ocrx_word' id='word_1_688' title='bbox 2389 2709 2678 2762; x_wconf 89' lang='lat' dir='ltr'><strong>accesseris</strong></span> <span class='ocrx_word' id='word_1_689' title='bbox 2701 2709 3045 2775; x_wconf 86' lang='lat' dir='ltr'><strong>conscientia,</strong></span> <span class='ocrx_word' id='word_1_690' title='bbox 3074 2710 3313 2766; x_wconf 78' lang='lat' dir='ltr'><strong>excidisti</strong></span> <span class='ocrx_word' id='word_1_691' title='bbox 3335 2726 3365 2764; x_wconf 89' lang='lat' dir='ltr'><strong>a</strong></span> <span class='ocrx_word' id='word_1_692' title='bbox 3387 2726 3623 2765; x_wconf 84' lang='lat' dir='ltr'><strong>commu-</strong></span> 
     </span>
    </p>
   </div>
   <div class='ocr_carea' id='block_1_90' title="bbox 2037 2796 3623 2874">
    <p class='ocr_par' dir='ltr' id='par_1_90' title="bbox 2037 2796 3623 2874">
     <span class='ocr_line' id='line_1_90' title="bbox 2037 2796 3623 2874; baseline 0.004 -24"><span class='ocrx_word' id='word_1_693' title='bbox 2037 2796 2218 2865; x_wconf 91' lang='lat' dir='ltr'><strong>nione,</strong></span> <span class='ocrx_word' id='word_1_694' title='bbox 2242 2807 2295 2854; x_wconf 88' lang='lat' dir='ltr'><strong>et</strong></span> <span class='ocrx_word' id='word_1_695' title='bbox 2315 2814 2419 2853; x_wconf 91' lang='lat' dir='ltr'><strong>non</strong></span> <span class='ocrx_word' id='word_1_696' title='bbox 2447 2800 2714 2855; x_wconf 82' lang='lat' dir='ltr'><strong>celebrato</strong></span> <span class='ocrx_word' id='word_1_697' title='bbox 2738 2801 2937 2857; x_wconf 87' lang='lat' dir='ltr'><strong>Pascha</strong></span> <span class='ocrx_word' id='word_1_698' title='bbox 2959 2803 3225 2858; x_wconf 88' lang='lat' dir='ltr'><strong>recessisti</strong></span> <span class='ocrx_word' id='word_1_699' title='bbox 3245 2820 3260 2859; x_wconf 85' lang='lat'>:</span> <span class='ocrx_word' id='word_1_700' title='bbox 3281 2803 3623 2874; x_wconf 87' lang='lat' dir='ltr'><strong>quemadmo-</strong></span> 
     </span>
    </p>
   </div>
   <div class='ocr_carea' id='block_1_91' title="bbox 2036 2887 3623 2965">
    <p class='ocr_par' dir='ltr' id='par_1_91' title="bbox 2036 2887 3623 2965">
     <span class='ocr_line' id='line_1_91' title="bbox 2036 2887 3623 2965; baseline 0.004 -21"><span class='ocrx_word' id='word_1_701' title='bbox 2036 2887 2162 2944; x_wconf 90' lang='lat' dir='ltr'><strong>dum</strong></span> <span class='ocrx_word' id='word_1_702' title='bbox 2195 2900 2398 2957; x_wconf 89' lang='lat' dir='ltr'><strong>coutra,</strong></span> <span class='ocrx_word' id='word_1_703' title='bbox 2441 2891 2562 2946; x_wconf 88' lang='lat' dir='ltr'><strong>licet</strong></span> <span class='ocrx_word' id='word_1_704' title='bbox 2589 2891 2744 2948; x_wconf 88' lang='lat' dir='ltr'><strong>hodie</strong></span> <span class='ocrx_word' id='word_1_705' title='bbox 2770 2894 3129 2949; x_wconf 71' lang='lat' dir='ltr'><strong>communiees</strong></span> <span class='ocrx_word' id='word_1_706' title='bbox 3155 2894 3410 2949; x_wconf 83' lang='lat' dir='ltr'><strong>abstersis</strong></span> <span class='ocrx_word' id='word_1_707' title='bbox 3441 2908 3623 2965; x_wconf 78' lang='lat' dir='ltr'><strong>pecea-</strong></span> 
     </span>
    </p>
   </div>
   <div class='ocr_carea' id='block_1_92' title="bbox 2037 2979 3622 3055">
    <p class='ocr_par' dir='ltr' id='par_1_92' title="bbox 2037 2979 3622 3055">
     <span class='ocr_line' id='line_1_92' title="bbox 2037 2979 3622 3055; baseline 0.004 -22"><span class='ocrx_word' id='word_1_708' title='bbox 2037 2979 2124 3045; x_wconf 89' lang='lat' dir='ltr'><strong>tis,</strong></span> <span class='ocrx_word' id='word_1_709' title='bbox 2147 2981 2426 3051; x_wconf 85' lang='lat' dir='ltr'><strong>diligenter</strong></span> <span class='ocrx_word' id='word_1_710' title='bbox 2463 2982 2664 3038; x_wconf 85' lang='lat' dir='ltr'><strong>Pascha</strong></span> <span class='ocrx_word' id='word_1_711' title='bbox 2693 2983 2994 3038; x_wconf 88' lang='lat' dir='ltr'><strong>eclebrasti.</strong></span> <span class='ocrx_word' id='word_1_712' title='bbox 3039 2984 3186 3038; x_wconf 88' lang='lat' dir='ltr'><strong>lianc</strong></span> <span class='ocrx_word' id='word_1_713' title='bbox 3217 2985 3374 3054; x_wconf 83' lang='lat' dir='ltr'><strong>igitur</strong></span> <span class='ocrx_word' id='word_1_714' title='bbox 3397 2984 3622 3055; x_wconf 83' lang='lat' dir='ltr'><strong>diligen-</strong></span> 
     </span>
    </p>
   </div>
   <div class='ocr_carea' id='block_1_93' title="bbox 2035 3071 3623 3143">
    <p class='ocr_par' dir='ltr' id='par_1_93' title="bbox 2035 3071 3623 3143">
     <span class='ocr_line' id='line_1_93' title="bbox 2035 3071 3623 3143; baseline 0.004 -20"><span class='ocrx_word' id='word_1_715' title='bbox 2035 3071 2162 3125; x_wconf 91' lang='lat' dir='ltr'><strong>tiam</strong></span> <span class='ocrx_word' id='word_1_716' title='bbox 2183 3081 2452 3140; x_wconf 89' lang='lat' dir='ltr'><strong>oporteret</strong></span> <span class='ocrx_word' id='word_1_717' title='bbox 2478 3087 2540 3126; x_wconf 91' lang='lat' dir='ltr'><strong>ae</strong></span> <span class='ocrx_word' id='word_1_718' title='bbox 2567 3072 2953 3128; x_wconf 86' lang='lat' dir='ltr'><strong>vehementiam</strong></span> <span class='ocrx_word' id='word_1_719' title='bbox 2981 3089 3086 3128; x_wconf 90' lang='lat' dir='ltr'><strong>nou</strong></span> <span class='ocrx_word' id='word_1_720' title='bbox 3113 3076 3162 3129; x_wconf 90' lang='lat' dir='ltr'><strong>in</strong></span> <span class='ocrx_word' id='word_1_721' title='bbox 3196 3084 3490 3143; x_wconf 87' lang='lat' dir='ltr'><strong>tempormn</strong></span> <span class='ocrx_word' id='word_1_722' title='bbox 3521 3075 3623 3129; x_wconf 86' lang='lat' dir='ltr'><strong>ob-</strong></span> 
     </span>
    </p>
   </div>
   <div class='ocr_carea' id='block_1_94' title="bbox 2033 3163 3617 3236">
    <p class='ocr_par' dir='ltr' id='par_1_94' title="bbox 2033 3163 3617 3236">
     <span class='ocr_line' id='line_1_94' title="bbox 2033 3163 3617 3236; baseline 0.001 -19"><span class='ocrx_word' id='word_1_723' title='bbox 2033 3163 2354 3229; x_wconf 86' lang='lat' dir='ltr'><strong>servatione,</strong></span> <span class='ocrx_word' id='word_1_724' title='bbox 2386 3163 2480 3219; x_wconf 89' lang='lat' dir='ltr'><strong>sed</strong></span> <span class='ocrx_word' id='word_1_725' title='bbox 2505 3165 2554 3217; x_wconf 89' lang='lat' dir='ltr'><strong>in</strong></span> <span class='ocrx_word' id='word_1_726' title='bbox 2581 3180 2799 3219; x_wconf 90' lang='lat' dir='ltr'><strong>accessu</strong></span> <span class='ocrx_word' id='word_1_727' title='bbox 2821 3179 3066 3220; x_wconf 88' lang='lat' dir='ltr'><strong>servare:</strong></span> <span class='ocrx_word' id='word_1_728' title='bbox 3091 3177 3144 3220; x_wconf 92' lang='lat' dir='ltr'><strong>et</strong></span> <span class='ocrx_word' id='word_1_729' title='bbox 3166 3166 3617 3236; x_wconf 86' lang='lat' dir='ltr'><strong>quemadmodum</strong></span> 
     </span>
    </p>
   </div>
   <div class='ocr_carea' id='block_1_95' title="bbox 2034 3254 3622 3325">
    <p class='ocr_par' dir='ltr' id='par_1_95' title="bbox 2034 3254 3622 3325">
     <span class='ocr_line' id='line_1_95' title="bbox 2034 3254 3622 3325; baseline 0 -17"><span class='ocrx_word' id='word_1_730' title='bbox 2034 3254 2243 3322; x_wconf 84' lang='lat' dir='ltr'><strong>quidvis</strong></span> <span class='ocrx_word' id='word_1_731' title='bbox 2269 3255 2470 3324; x_wconf 86' lang='lat' dir='ltr'><strong>perpeti</strong></span> <span class='ocrx_word' id='word_1_732' title='bbox 2501 3255 2745 3319; x_wconf 91' lang='lat' dir='ltr'><strong>malletis,</strong></span> <span class='ocrx_word' id='word_1_733' title='bbox 2777 3270 2937 3325; x_wconf 89' lang='lat' dir='ltr'><strong>quam</strong></span> <span class='ocrx_word' id='word_1_734' title='bbox 2962 3255 3397 3310; x_wconf 88' lang='lat' dir='ltr'><strong>consuetudinem</strong></span> <span class='ocrx_word' id='word_1_735' title='bbox 3425 3257 3622 3308; x_wconf 85' lang='lat' dir='ltr'><strong>immu-</strong></span> 
     </span>
    </p>
   </div>
   <div class='ocr_carea' id='block_1_96' title="bbox 2035 3347 3624 3420">
    <p class='ocr_par' dir='ltr' id='par_1_96' title="bbox 2035 3347 3624 3420">
     <span class='ocr_line' id='line_1_96' title="bbox 2035 3347 3624 3420; baseline 0.003 -20"><span class='ocrx_word' id='word_1_736' title='bbox 2035 3356 2178 3401; x_wconf 90' lang='lat' dir='ltr'><strong>tare:</strong></span> <span class='ocrx_word' id='word_1_737' title='bbox 2207 3348 2277 3401; x_wconf 90' lang='lat' dir='ltr'><strong>ita</strong></span> <span class='ocrx_word' id='word_1_738' title='bbox 2307 3347 2574 3418; x_wconf 80' lang='lat' dir='ltr'><strong>negligere</strong></span> <span class='ocrx_word' id='word_1_739' title='bbox 2594 3347 2805 3417; x_wconf 88' lang='lat' dir='ltr'><strong>quidem</strong></span> <span class='ocrx_word' id='word_1_740' title='bbox 2829 3348 2930 3404; x_wconf 93' lang='lat' dir='ltr'><strong>hoc</strong></span> <span class='ocrx_word' id='word_1_741' title='bbox 2957 3359 3248 3418; x_wconf 86' lang='lat' dir='ltr'><strong>oporteret,</strong></span> <span class='ocrx_word' id='word_1_742' title='bbox 3270 3350 3477 3420; x_wconf 86' lang='lat' dir='ltr'><strong>quidvis</strong></span> <span class='ocrx_word' id='word_1_743' title='bbox 3522 3366 3624 3404; x_wconf 84' lang='lat' dir='ltr'><strong>au-</strong></span> 
     </span>
    </p>
   </div>
   <div class='ocr_carea' id='block_1_97' title="bbox 2035 3440 3619 3510">
    <p class='ocr_par' dir='ltr' id='par_1_97' title="bbox 2035 3440 3619 3510">
     <span class='ocr_line' id='line_1_97' title="bbox 2035 3440 3619 3510; baseline 0.003 -18"><span class='ocrx_word' id='word_1_744' title='bbox 2035 3449 2140 3494; x_wconf 90' lang='lat' dir='ltr'><strong>tem</strong></span> <span class='ocrx_word' id='word_1_745' title='bbox 2169 3440 2371 3509; x_wconf 85' lang='lat' dir='ltr'><strong>perpeti</strong></span> <span class='ocrx_word' id='word_1_746' title='bbox 2402 3456 2464 3496; x_wconf 90' lang='lat' dir='ltr'><strong>ac</strong></span> <span class='ocrx_word' id='word_1_747' title='bbox 2493 3441 2767 3510; x_wconf 80' lang='lat' dir='ltr'><strong>perlicere,</strong></span> <span class='ocrx_word' id='word_1_748' title='bbox 2798 3451 2855 3495; x_wconf 80' lang='grc' dir='ltr'><strong>ιιι</strong></span> <span class='ocrx_word' id='word_1_749' title='bbox 2879 3457 2947 3497; x_wconf 85' lang='grc' dir='ltr'>ηε</span> <span class='ocrx_word' id='word_1_750' title='bbox 2969 3457 3090 3497; x_wconf 91' lang='lat' dir='ltr'><strong>cum</strong></span> <span class='ocrx_word' id='word_1_751' title='bbox 3119 3443 3350 3510; x_wconf 86' lang='lat' dir='ltr'><strong>peccatis</strong></span> <span class='ocrx_word' id='word_1_752' title='bbox 3384 3443 3619 3498; x_wconf 83' lang='lat' dir='ltr'><strong>accede-</strong></span> 
     </span>
    </p>
   </div>
   <div class='ocr_carea' id='block_1_98' title="bbox 2030 3531 3620 3603">
    <p class='ocr_par' dir='ltr' id='par_1_98' title="bbox 2030 3531 3620 3603">
     <span class='ocr_line' id='line_1_98' title="bbox 2030 3531 3620 3603; baseline 0.001 -18"><span class='ocrx_word' id='word_1_753' title='bbox 2030 3532 2179 3586; x_wconf 88' lang='lat' dir='ltr'><strong>retis.</strong></span> <span class='ocrx_word' id='word_1_754' title='bbox 2211 3531 2280 3587; x_wconf 91' lang='lat' dir='ltr'><strong>Ut</strong></span> <span class='ocrx_word' id='word_1_755' title='bbox 2320 3531 2462 3587; x_wconf 88' lang='lat' dir='ltr'><strong>enim</strong></span> <span class='ocrx_word' id='word_1_756' title='bbox 2495 3532 2757 3603; x_wconf 89' lang='lat' dir='ltr'><strong>intelligas</strong></span> <span class='ocrx_word' id='word_1_757' title='bbox 2799 3533 2965 3588; x_wconf 89' lang='lat' dir='ltr'><strong>Deum</strong></span> <span class='ocrx_word' id='word_1_758' title='bbox 3007 3531 3203 3587; x_wconf 88' lang='lat' dir='ltr'><strong>nullam</strong></span> <span class='ocrx_word' id='word_1_759' title='bbox 3237 3541 3533 3602; x_wconf 89' lang='lat' dir='ltr'><strong>temporum</strong></span> <span class='ocrx_word' id='word_1_760' title='bbox 3564 3543 3620 3587; x_wconf 82' lang='lat' dir='ltr'><strong>et</strong></span> 
     </span>
    </p>
   </div>
   <div class='ocr_carea' id='block_1_99' title="bbox 2029 3622 3620 3694">
    <p class='ocr_par' dir='ltr' id='par_1_99' title="bbox 2029 3622 3620 3694">
     <span class='ocr_line' id='line_1_99' title="bbox 2029 3622 3620 3694; baseline 0 -18"><span class='ocrx_word' id='word_1_761' title='bbox 2029 3622 2420 3677; x_wconf 88' lang='lat' dir='ltr'><strong>observationis</strong></span> <span class='ocrx_word' id='word_1_762' title='bbox 2458 3623 2609 3678; x_wconf 89' lang='lat' dir='ltr'><strong>istius</strong></span> <span class='ocrx_word' id='word_1_763' title='bbox 2640 3623 2834 3678; x_wconf 90' lang='lat' dir='ltr'><strong>habere</strong></span> <span class='ocrx_word' id='word_1_764' title='bbox 2860 3624 3141 3690; x_wconf 88' lang='lat' dir='ltr'><strong>rationem,</strong></span> <span class='ocrx_word' id='word_1_765' title='bbox 3170 3625 3290 3678; x_wconf 92' lang='lat' dir='ltr'><strong>audi</strong></span> <span class='ocrx_word' id='word_1_766' title='bbox 3317 3640 3439 3680; x_wconf 90' lang='lat' dir='ltr'><strong>eum</strong></span> <span class='ocrx_word' id='word_1_767' title='bbox 3468 3625 3620 3694; x_wconf 80' lang='lat' dir='ltr'><strong>judi-</strong></span> 
     </span>
    </p>
   </div>
   <div class='ocr_carea' id='block_1_100' title="bbox 2020 3715 3619 3786">
    <p class='ocr_par' dir='ltr' id='par_1_100' title="bbox 2020 3715 3619 3786">
     <span class='ocr_line' id='line_1_100' title="bbox 2020 3715 3619 3786; baseline 0 -16"><span class='ocrx_word' id='word_1_768' title='bbox 2020 3716 2167 3770; x_wconf 82' lang='lat' dir='ltr'><strong>cium</strong></span> <span class='ocrx_word' id='word_1_769' title='bbox 2215 3725 2558 3771; x_wconf 82' lang='lat' dir='ltr'><strong>exercentem</strong></span> <span class='ocrx_word' id='word_1_770' title='bbox 2587 3733 2598 3768; x_wconf 89' lang='lat'><strong>:</strong></span> <span class='ocrx_word' id='word_1_771' title='bbox 2626 3715 2940 3770; x_wconf 85' lang='lat' dir='ltr'><strong>Esuricntem</strong></span> <span class='ocrx_word' id='word_1_772' title='bbox 2977 3733 3056 3770; x_wconf 90' lang='lat' dir='ltr'><strong>me</strong></span> <span class='ocrx_word' id='word_1_773' title='bbox 3089 3717 3296 3775; x_wconf 77' lang='lat' dir='ltr'><strong>vidistis.</strong></span> <span class='ocrx_word' id='word_1_774' title='bbox 3341 3717 3535 3786; x_wconf 91' lang='lat' dir='ltr'><strong>inquit,</strong></span> <span class='ocrx_word' id='word_1_775' title='bbox 3569 3728 3619 3771; x_wconf 83' lang='lat' dir='ltr'><strong>et</strong></span> 
     </span>
    </p>
   </div>
   <div class='ocr_carea' id='block_1_101' title="bbox 2027 3805 3619 3877">
    <p class='ocr_par' dir='ltr' id='par_1_101' title="bbox 2027 3805 3619 3877">
     <span class='ocr_line' id='line_1_101' title="bbox 2027 3805 3619 3877; baseline 0.003 -19"><span class='ocrx_word' id='word_1_776' title='bbox 2027 3805 2225 3859; x_wconf 84' lang='lat' dir='ltr'><strong>aluistis</strong></span> <span class='ocrx_word' id='word_1_777' title='bbox 2244 3822 2321 3859; x_wconf 90' lang='lat' dir='ltr'><strong>me</strong></span> <span class='ocrx_word' id='word_1_778' title='bbox 2336 3821 2358 3861; x_wconf 91' lang='lat'><strong><em>:</em></strong></span> <span class='ocrx_word' id='word_1_779' title='bbox 2373 3807 2639 3870; x_wconf 86' lang='lat' dir='ltr'><strong>sitientem,</strong></span> <span class='ocrx_word' id='word_1_780' title='bbox 2661 3815 2708 3860; x_wconf 91' lang='lat' dir='ltr'><strong>et</strong></span> <span class='ocrx_word' id='word_1_781' title='bbox 2728 3806 2933 3862; x_wconf 85' lang='lat' dir='ltr'><strong>dedistis</strong></span> <span class='ocrx_word' id='word_1_782' title='bbox 2954 3809 3076 3861; x_wconf 88' lang='lat' dir='ltr'><strong>mihi</strong></span> <span class='ocrx_word' id='word_1_783' title='bbox 3098 3819 3269 3877; x_wconf 80' lang='lat' dir='ltr'><strong>potum</strong></span> <span class='ocrx_word' id='word_1_784' title='bbox 3289 3824 3307 3861; x_wconf 92' lang='lat'><em>:</em></span> <span class='ocrx_word' id='word_1_785' title='bbox 3327 3809 3542 3874; x_wconf 87' lang='lat' dir='ltr'><strong>nudum,</strong></span> <span class='ocrx_word' id='word_1_786' title='bbox 3569 3819 3619 3862; x_wconf 86' lang='lat' dir='ltr'><strong>ct</strong></span> 
     </span>
    </p>
   </div>
   <div class='ocr_carea' id='block_1_102' title="bbox 2027 3897 3616 3970">
    <p class='ocr_par' dir='ltr' id='par_1_102' title="bbox 2027 3897 3616 3970">
     <span class='ocr_line' id='line_1_102' title="bbox 2027 3897 3616 3970; baseline 0.002 -20"><span class='ocrx_word' id='word_1_787' title='bbox 2027 3899 2294 3966; x_wconf 87' lang='lat' dir='ltr'><strong>operuistis</strong></span> <span class='ocrx_word' id='word_1_788' title='bbox 2340 3915 2418 3952; x_wconf 87' lang='lat' dir='ltr'><strong>me</strong></span> <span class='ocrx_word' id='word_1_789' title='bbox 2463 3897 2673 3970; x_wconf 75' lang='lat' dir='ltr'><strong>(Matth.</strong></span> <span class='ocrx_word' id='word_1_790' title='bbox 2699 3897 2787 3954; x_wconf 72' lang='lat'><strong>25.</strong></span> <span class='ocrx_word' id='word_1_791' title='bbox 2823 3899 2951 3966; x_wconf 78' lang='lat'><strong>55):</strong></span> <span class='ocrx_word' id='word_1_792' title='bbox 2981 3909 3036 3954; x_wconf 87' lang='lat' dir='ltr'><strong>et</strong></span> <span class='ocrx_word' id='word_1_793' title='bbox 3079 3899 3162 3953; x_wconf 90' lang='lat' dir='ltr'><strong>his</strong></span> <span class='ocrx_word' id='word_1_794' title='bbox 3203 3901 3346 3967; x_wconf 88' lang='lat' dir='ltr'><strong>quia</strong></span> <span class='ocrx_word' id='word_1_795' title='bbox 3378 3901 3616 3954; x_wconf 83' lang='lat' dir='ltr'><strong>sinistris</strong></span> 
     </span>
    </p>
   </div>
   <div class='ocr_carea' id='block_1_103' title="bbox 2025 3987 3616 4058">
    <p class='ocr_par' dir='ltr' id='par_1_103' title="bbox 2025 3987 3616 4058">
     <span class='ocr_line' id='line_1_103' title="bbox 2025 3987 3616 4058; baseline 0.004 -16"><span class='ocrx_word' id='word_1_796' title='bbox 2025 3996 2151 4042; x_wconf 85' lang='lat' dir='ltr'><strong>sunt</strong></span> <span class='ocrx_word' id='word_1_797' title='bbox 2177 3988 2439 4043; x_wconf 88' lang='lat' dir='ltr'><strong>contraria</strong></span> <span class='ocrx_word' id='word_1_798' title='bbox 2460 3989 2760 4058; x_wconf 75' lang='lat' dir='ltr'><strong>exprobrat.</strong></span> <span class='ocrx_word' id='word_1_799' title='bbox 2782 3987 2851 4043; x_wconf 86' lang='lat' dir='ltr'><strong>Et</strong></span> <span class='ocrx_word' id='word_1_800' title='bbox 2878 4004 3063 4044; x_wconf 87' lang='lat' dir='ltr'><strong>rursus</strong></span> <span class='ocrx_word' id='word_1_801' title='bbox 3083 3990 3244 4044; x_wconf 88' lang='lat' dir='ltr'><strong>alium</strong></span> <span class='ocrx_word' id='word_1_802' title='bbox 3270 3990 3616 4048; x_wconf 87' lang='lat' dir='ltr'><strong>introducens</strong></span> 
     </span>
    </p>
   </div>
   <div class='ocr_carea' id='block_1_104' title="bbox 2026 4080 3614 4152">
    <p class='ocr_par' dir='ltr' id='par_1_104' title="bbox 2026 4080 3614 4152">
     <span class='ocr_line' id='line_1_104' title="bbox 2026 4080 3614 4152; baseline 0.001 -18"><span class='ocrx_word' id='word_1_803' title='bbox 2026 4082 2097 4136; x_wconf 89' lang='lat' dir='ltr'><strong>ob</strong></span> <span class='ocrx_word' id='word_1_804' title='bbox 2125 4080 2548 4136; x_wconf 89' lang='lat' dir='ltr'><strong>recordationem</strong></span> <span class='ocrx_word' id='word_1_805' title='bbox 2581 4081 2889 4149; x_wconf 89' lang='lat' dir='ltr'><strong>injuriarutn</strong></span> <span class='ocrx_word' id='word_1_806' title='bbox 2931 4081 3152 4151; x_wconf 88' lang='lat' dir='ltr'><strong>castigat</strong></span> <span class='ocrx_word' id='word_1_807' title='bbox 3188 4098 3203 4138; x_wconf 85' lang='lat'><strong>:</strong></span> <span class='ocrx_word' id='word_1_808' title='bbox 3247 4081 3399 4136; x_wconf 79' lang='lat' dir='ltr'><strong>Serve</strong></span> <span class='ocrx_word' id='word_1_809' title='bbox 3439 4086 3614 4152; x_wconf 64' lang='lat' dir='ltr'><strong>cuitu,</strong></span> 
     </span>
    </p>
   </div>
   <div class='ocr_carea' id='block_1_105' title="bbox 2025 4173 3620 4245">
    <p class='ocr_par' dir='ltr' id='par_1_105' title="bbox 2025 4173 3620 4245">
     <span class='ocr_line' id='line_1_105' title="bbox 2025 4173 3620 4245; baseline 0.001 -17"><span class='ocrx_word' id='word_1_810' title='bbox 2025 4173 2215 4244; x_wconf 89' lang='lat' dir='ltr'><strong>inquit,</strong></span> <span class='ocrx_word' id='word_1_811' title='bbox 2248 4191 2481 4245; x_wconf 86' lang='lat' dir='ltr'><strong>nequam,</strong></span> <span class='ocrx_word' id='word_1_812' title='bbox 2511 4191 2656 4229; x_wconf 80' lang='lat' dir='ltr'><strong>omne</strong></span> <span class='ocrx_word' id='word_1_813' title='bbox 2685 4175 2907 4228; x_wconf 88' lang='lat' dir='ltr'><strong>debitum</strong></span> <span class='ocrx_word' id='word_1_814' title='bbox 2936 4173 3066 4228; x_wconf 82' lang='lat' dir='ltr'><strong>illud</strong></span> <span class='ocrx_word' id='word_1_815' title='bbox 3102 4174 3272 4228; x_wconf 83' lang='lat' dir='ltr'><strong>dimisi</strong></span> <span class='ocrx_word' id='word_1_816' title='bbox 3299 4175 3417 4240; x_wconf 83' lang='lat' dir='ltr'><strong>tibi;</strong></span> <span class='ocrx_word' id='word_1_817' title='bbox 3444 4193 3620 4232; x_wconf 82' lang='lat' dir='ltr'><strong>nonne</strong></span> 
     </span>
    </p>
   </div>
   <div class='ocr_carea' id='block_1_106' title="bbox 2025 4267 3614 4340">
    <p class='ocr_par' dir='ltr' id='par_1_106' title="bbox 2025 4267 3614 4340">
     <span class='ocr_line' id='line_1_106' title="bbox 2025 4267 3614 4340; baseline -0.001 -19"><span class='ocrx_word' id='word_1_818' title='bbox 2025 4268 2246 4340; x_wconf 88' lang='lat' dir='ltr'><strong>oportuit</strong></span> <span class='ocrx_word' id='word_1_819' title='bbox 2267 4277 2315 4321; x_wconf 86' lang='lat' dir='ltr'><strong>et</strong></span> <span class='ocrx_word' id='word_1_820' title='bbox 2343 4279 2388 4321; x_wconf 86' lang='lat' dir='ltr'><strong>te</strong></span> <span class='ocrx_word' id='word_1_821' title='bbox 2416 4268 2636 4321; x_wconf 88' lang='lat' dir='ltr'><strong>misereri</strong></span> <span class='ocrx_word' id='word_1_822' title='bbox 2664 4268 2887 4320; x_wconf 82' lang='lat' dir='ltr'><strong>conservi</strong></span> <span class='ocrx_word' id='word_1_823' title='bbox 2930 4268 3023 4331; x_wconf 88' lang='lat' dir='ltr'><strong>tui,</strong></span> <span class='ocrx_word' id='word_1_824' title='bbox 3063 4267 3193 4320; x_wconf 84' lang='lat' dir='ltr'><strong>sicut</strong></span> <span class='ocrx_word' id='word_1_825' title='bbox 3219 4277 3266 4320; x_wconf 88' lang='lat' dir='ltr'><strong>et</strong></span> <span class='ocrx_word' id='word_1_826' title='bbox 3295 4284 3384 4338; x_wconf 86' lang='lat' dir='ltr'><strong>ego</strong></span> <span class='ocrx_word' id='word_1_827' title='bbox 3412 4269 3484 4320; x_wconf 88' lang='lat' dir='ltr'><strong>tui</strong></span> <span class='ocrx_word' id='word_1_828' title='bbox 3516 4272 3614 4320; x_wconf 82' lang='lat' dir='ltr'><strong>mi-</strong></span> 
     </span>
    </p>
   </div>
   <div class='ocr_carea' id='block_1_107' title="bbox 2023 4359 3617 4431">
    <p class='ocr_par' dir='ltr' id='par_1_107' title="bbox 2023 4359 3617 4431">
     <span class='ocr_line' id='line_1_107' title="bbox 2023 4359 3617 4431; baseline 0.001 -17"><span class='ocrx_word' id='word_1_829' title='bbox 2023 4370 2185 4415; x_wconf 88' lang='lat' dir='ltr'><strong>sertus</strong></span> <span class='ocrx_word' id='word_1_830' title='bbox 2225 4378 2337 4415; x_wconf 83' lang='lat' dir='ltr'><strong>sum</strong></span> <span class='ocrx_word' id='word_1_831' title='bbox 2364 4359 2478 4428; x_wconf 83' lang='lat' dir='ltr'><strong>(Id.</strong></span> <span class='ocrx_word' id='word_1_832' title='bbox 2537 4359 2622 4415; x_wconf 76' lang='lat'><strong>18.</strong></span> <span class='ocrx_word' id='word_1_833' title='bbox 2657 4360 2783 4429; x_wconf 75' lang='lat'><strong>&#39;52)?</strong></span> <span class='ocrx_word' id='word_1_834' title='bbox 2813 4361 3014 4414; x_wconf 80' lang='lat' dir='ltr'><strong>Rursus</strong></span> <span class='ocrx_word' id='word_1_835' title='bbox 3055 4361 3308 4430; x_wconf 84' lang='lat' dir='ltr'><strong>virgines,</strong></span> <span class='ocrx_word' id='word_1_836' title='bbox 3357 4363 3617 4431; x_wconf 88' lang='lat' dir='ltr'><strong>quoniam</strong></span> 
     </span>
    </p>
   </div>
   <div class='ocr_carea' id='block_1_108' title="bbox 2023 4451 3614 4524">
    <p class='ocr_par' dir='ltr' id='par_1_108' title="bbox 2023 4451 3614 4524">
     <span class='ocr_line' id='line_1_108' title="bbox 2023 4451 3614 4524; baseline 0 -16"><span class='ocrx_word' id='word_1_837' title='bbox 2023 4453 2200 4508; x_wconf 92' lang='lat' dir='ltr'><strong>oleum</strong></span> <span class='ocrx_word' id='word_1_838' title='bbox 2233 4455 2282 4506; x_wconf 91' lang='lat' dir='ltr'><strong>in</strong></span> <span class='ocrx_word' id='word_1_839' title='bbox 2309 4452 2642 4522; x_wconf 90' lang='lat' dir='ltr'><strong>lampadibus</strong></span> <span class='ocrx_word' id='word_1_840' title='bbox 2685 4466 2789 4506; x_wconf 94' lang='lat' dir='ltr'><strong>non</strong></span> <span class='ocrx_word' id='word_1_841' title='bbox 2818 4452 3082 4507; x_wconf 91' lang='lat' dir='ltr'><strong>habebant</strong></span> <span class='ocrx_word' id='word_1_842' title='bbox 3110 4451 3221 4524; x_wconf 88' lang='lat' dir='ltr'><strong>(Id.</strong></span> <span class='ocrx_word' id='word_1_843' title='bbox 3243 4453 3333 4509; x_wconf 73' lang='lat'><strong>25.</strong></span> <span class='ocrx_word' id='word_1_844' title='bbox 3363 4453 3416 4508; x_wconf 88' lang='lat'><strong>7.</strong></span> <span class='ocrx_word' id='word_1_845' title='bbox 3447 4456 3614 4522; x_wconf 58' lang='grc' dir='ltr'><strong>ηιμ),</strong></span> 
     </span>
    </p>
   </div>
   <div class='ocr_carea' id='block_1_109' title="bbox 2022 4543 3619 4613">
    <p class='ocr_par' dir='ltr' id='par_1_109' title="bbox 2022 4543 3619 4613">
     <span class='ocr_line' id='line_1_109' title="bbox 2022 4543 3619 4613; baseline -0.001 -13"><span class='ocrx_word' id='word_1_846' title='bbox 2022 4560 2054 4600; x_wconf 85' lang='lat' dir='ltr'><strong>a</strong></span> <span class='ocrx_word' id='word_1_847' title='bbox 2076 4545 2309 4600; x_wconf 89' lang='lat' dir='ltr'><strong>thalamo</strong></span> <span class='ocrx_word' id='word_1_848' title='bbox 2329 4544 2508 4613; x_wconf 90' lang='lat' dir='ltr'><strong>sponsi</strong></span> <span class='ocrx_word' id='word_1_849' title='bbox 2535 4544 2759 4597; x_wconf 79' lang='lat' dir='ltr'><strong>exclusit</strong></span> <span class='ocrx_word' id='word_1_850' title='bbox 2783 4560 2796 4596; x_wconf 91' lang='lat'><strong>:</strong></span> <span class='ocrx_word' id='word_1_851' title='bbox 2829 4545 3010 4604; x_wconf 86' lang='lat' dir='ltr'><strong>alium,</strong></span> <span class='ocrx_word' id='word_1_852' title='bbox 3039 4543 3179 4612; x_wconf 90' lang='lat' dir='ltr'><strong>quod</strong></span> <span class='ocrx_word' id='word_1_853' title='bbox 3204 4544 3491 4612; x_wconf 91' lang='lat' dir='ltr'><strong>nuptialem</strong></span> <span class='ocrx_word' id='word_1_854' title='bbox 3519 4560 3619 4599; x_wconf 86' lang='lat' dir='ltr'><strong>ve-</strong></span> 
     </span>
    </p>
   </div>
   <div class='ocr_carea' id='block_1_110' title="bbox 2023 4633 3614 4704">
    <p class='ocr_par' dir='ltr' id='par_1_110' title="bbox 2023 4633 3614 4704">
     <span class='ocr_line' id='line_1_110' title="bbox 2023 4633 3614 4704; baseline -0.001 -14"><span class='ocrx_word' id='word_1_855' title='bbox 2023 4643 2157 4690; x_wconf 89' lang='lat' dir='ltr'><strong>stem</strong></span> <span class='ocrx_word' id='word_1_856' title='bbox 2189 4650 2294 4689; x_wconf 91' lang='lat' dir='ltr'><strong>non</strong></span> <span class='ocrx_word' id='word_1_857' title='bbox 2327 4635 2526 4689; x_wconf 90' lang='lat' dir='ltr'><strong>habens</strong></span> <span class='ocrx_word' id='word_1_858' title='bbox 2565 4643 2709 4689; x_wconf 90' lang='lat' dir='ltr'><strong>esset</strong></span> <span class='ocrx_word' id='word_1_859' title='bbox 2751 4633 3020 4704; x_wconf 86' lang='lat' dir='ltr'><strong>ingressus</strong></span> <span class='ocrx_word' id='word_1_860' title='bbox 3059 4633 3170 4704; x_wconf 87' lang='lat' dir='ltr'><strong>(Id.</strong></span> <span class='ocrx_word' id='word_1_861' title='bbox 3222 4634 3312 4688; x_wconf 74' lang='lat'><strong>2&#39;2.</strong></span> <span class='ocrx_word' id='word_1_862' title='bbox 3338 4635 3394 4689; x_wconf 82' lang='grc' dir='ltr'>Η</span> <span class='ocrx_word' id='word_1_863' title='bbox 3417 4677 3423 4683; x_wconf 93' lang='grc'><strong>.</strong></span> <span class='ocrx_word' id='word_1_864' title='bbox 3446 4639 3614 4704; x_wconf 81' lang='lat' dir='ltr'><strong>sqq.),</strong></span> 
     </span>
    </p>
   </div>
   <div class='ocr_carea' id='block_1_111' title="bbox 2022 4725 3617 4786">
    <p class='ocr_par' dir='ltr' id='par_1_111' title="bbox 2022 4725 3617 4786">
     <span class='ocr_line' id='line_1_111' title="bbox 2022 4725 3617 4786; baseline 0.001 -5"><span class='ocrx_word' id='word_1_865' title='bbox 2022 4727 2115 4782; x_wconf 87' lang='lat' dir='ltr'><strong>sed</strong></span> <span class='ocrx_word' id='word_1_866' title='bbox 2137 4726 2364 4782; x_wconf 88' lang='lat' dir='ltr'><strong>sordidis</strong></span> <span class='ocrx_word' id='word_1_867' title='bbox 2393 4734 2535 4780; x_wconf 89' lang='lat' dir='ltr'><strong>esset</strong></span> <span class='ocrx_word' id='word_1_868' title='bbox 2568 4727 2895 4781; x_wconf 85' lang='lat' dir='ltr'><strong>vestimentis</strong></span> <span class='ocrx_word' id='word_1_869' title='bbox 2920 4726 3153 4786; x_wconf 89' lang='lat' dir='ltr'><strong>indutus.</strong></span> <span class='ocrx_word' id='word_1_870' title='bbox 3185 4725 3537 4782; x_wconf 81' lang='lat' dir='ltr'><strong>fornicatione</strong></span> <span class='ocrx_word' id='word_1_871' title='bbox 3561 4738 3617 4782; x_wconf 72' lang='lat' dir='ltr'><strong>rt</strong></span> 
     </span>
    </p>
   </div>
   <div class='ocr_carea' id='block_1_112' title="bbox 2024 4815 3615 4889">
    <p class='ocr_par' dir='ltr' id='par_1_112' title="bbox 2024 4815 3615 4889">
     <span class='ocr_line' id='line_1_112' title="bbox 2024 4815 3615 4889; baseline 0.001 -17"><span class='ocrx_word' id='word_1_872' title='bbox 2024 4819 2328 4889; x_wconf 90' lang='lat' dir='ltr'><strong>impuritate</strong></span> <span class='ocrx_word' id='word_1_873' title='bbox 2355 4827 2674 4886; x_wconf 84' lang='lat' dir='ltr'><strong>coopertus:</strong></span> <span class='ocrx_word' id='word_1_874' title='bbox 2699 4816 2838 4887; x_wconf 89' lang='lat' dir='ltr'><strong>quod</strong></span> <span class='ocrx_word' id='word_1_875' title='bbox 2864 4826 3041 4871; x_wconf 90' lang='lat' dir='ltr'><strong>autem</strong></span> <span class='ocrx_word' id='word_1_876' title='bbox 3073 4815 3173 4871; x_wconf 92' lang='lat' dir='ltr'><strong>hoc</strong></span> <span class='ocrx_word' id='word_1_877' title='bbox 3201 4817 3284 4871; x_wconf 83' lang='lat' dir='ltr'><strong>vel</strong></span> <span class='ocrx_word' id='word_1_878' title='bbox 3310 4817 3402 4872; x_wconf 90' lang='lat' dir='ltr'><strong>illo</strong></span> <span class='ocrx_word' id='word_1_879' title='bbox 3425 4833 3615 4874; x_wconf 87' lang='lat' dir='ltr'><strong>mense</strong></span> 
     </span>
    </p>
   </div>
   <div class='ocr_carea' id='block_1_113' title="bbox 2023 4910 3616 4980">
    <p class='ocr_par' dir='ltr' id='par_1_113' title="bbox 2023 4910 3616 4980">
     <span class='ocr_line' id='line_1_113' title="bbox 2023 4910 3616 4980; baseline -0.002 -14"><span class='ocrx_word' id='word_1_880' title='bbox 2023 4910 2222 4966; x_wconf 90' lang='lat' dir='ltr'><strong>Pascha</strong></span> <span class='ocrx_word' id='word_1_881' title='bbox 2253 4910 2460 4975; x_wconf 81' lang='lat' dir='ltr'><strong>fecerit,</strong></span> <span class='ocrx_word' id='word_1_882' title='bbox 2487 4925 2645 4964; x_wconf 89' lang='lat' dir='ltr'><strong>nemo</strong></span> <span class='ocrx_word' id='word_1_883' title='bbox 2674 4925 2920 4980; x_wconf 91' lang='lat' dir='ltr'><strong>umquam</strong></span> <span class='ocrx_word' id='word_1_884' title='bbox 2949 4910 3162 4980; x_wconf 85' lang='lat' dir='ltr'><strong>punitus</strong></span> <span class='ocrx_word' id='word_1_885' title='bbox 3183 4919 3283 4974; x_wconf 89' lang='lat' dir='ltr'><strong>est,</strong></span> <span class='ocrx_word' id='word_1_886' title='bbox 3307 4919 3397 4964; x_wconf 86' lang='lat' dir='ltr'><strong>aut</strong></span> <span class='ocrx_word' id='word_1_887' title='bbox 3427 4923 3616 4980; x_wconf 65' lang='lat' dir='ltr'><strong>l‘t‘pt‘c-</strong></span> 
     </span>
    </p>
   </div>
   <div class='ocr_carea' id='block_1_114' title="bbox 2024 5000 3615 5071">
    <p class='ocr_par' dir='ltr' id='par_1_114' title="bbox 2024 5000 3615 5071">
     <span class='ocr_line' id='line_1_114' title="bbox 2024 5000 3615 5071; baseline -0.001 -15"><span class='ocrx_word' id='word_1_888' title='bbox 2024 5001 2240 5056; x_wconf 87' lang='lat' dir='ltr'><strong>henstts.</strong></span> <span class='ocrx_word' id='word_1_889' title='bbox 2269 5001 2372 5056; x_wconf 85' lang='lat' dir='ltr'><strong>Sed</strong></span> <span class='ocrx_word' id='word_1_890' title='bbox 2401 5000 2525 5071; x_wconf 90' lang='lat' dir='ltr'><strong>quid</strong></span> <span class='ocrx_word' id='word_1_891' title='bbox 2554 5016 2651 5070; x_wconf 88' lang='lat' dir='ltr'><strong>ego</strong></span> <span class='ocrx_word' id='word_1_892' title='bbox 2679 5000 2747 5055; x_wconf 92' lang='lat' dir='ltr'><strong>de</strong></span> <span class='ocrx_word' id='word_1_893' title='bbox 2785 5001 2934 5056; x_wconf 89' lang='lat' dir='ltr'><strong>nobis</strong></span> <span class='ocrx_word' id='word_1_894' title='bbox 2965 5001 3152 5070; x_wconf 90' lang='lat' dir='ltr'><strong>loquor</strong></span> <span class='ocrx_word' id='word_1_895' title='bbox 3190 5001 3259 5054; x_wconf 91' lang='lat' dir='ltr'><strong>ab</strong></span> <span class='ocrx_word' id='word_1_896' title='bbox 3286 5005 3431 5056; x_wconf 89' lang='lat' dir='ltr'><strong>omni</strong></span> <span class='ocrx_word' id='word_1_897' title='bbox 3462 5002 3615 5070; x_wconf 74' lang='lat' dir='ltr'><strong>ejus-</strong></span> 
     </span>
    </p>
   </div>
   <div class='ocr_carea' id='block_1_115' title="bbox 2023 5093 3612 5163">
    <p class='ocr_par' dir='ltr' id='par_1_115' title="bbox 2023 5093 3612 5163">
     <span class='ocr_line' id='line_1_115' title="bbox 2023 5093 3612 5163; baseline -0.001 -15"><span class='ocrx_word' id='word_1_898' title='bbox 2023 5093 2165 5148; x_wconf 90' lang='lat' dir='ltr'><strong>modi</strong></span> <span class='ocrx_word' id='word_1_899' title='bbox 2187 5093 2374 5163; x_wconf 89' lang='lat' dir='ltr'><strong>quavis</strong></span> <span class='ocrx_word' id='word_1_900' title='bbox 2397 5093 2711 5148; x_wconf 88' lang='lat' dir='ltr'><strong>necessitate</strong></span> <span class='ocrx_word' id='word_1_901' title='bbox 2745 5093 3001 5154; x_wconf 86' lang='lat' dir='ltr'><strong>liberatis.</strong></span> <span class='ocrx_word' id='word_1_902' title='bbox 3033 5102 3086 5147; x_wconf 89' lang='lat' dir='ltr'><strong>et</strong></span> <span class='ocrx_word' id='word_1_903' title='bbox 3111 5107 3335 5162; x_wconf 86' lang='lat' dir='ltr'><strong>quorum</strong></span> <span class='ocrx_word' id='word_1_904' title='bbox 3373 5107 3612 5147; x_wconf 84' lang='lat' dir='ltr'><strong>conver-</strong></span> 
     </span>
    </p>
   </div>
   <div class='ocr_carea' id='block_1_116' title="bbox 2021 5182 3608 5249">
    <p class='ocr_par' dir='ltr' id='par_1_116' title="bbox 2021 5182 3608 5249">
     <span class='ocr_line' id='line_1_116' title="bbox 2021 5182 3608 5249; baseline -0.002 -11"><span class='ocrx_word' id='word_1_905' title='bbox 2021 5185 2158 5238; x_wconf 89' lang='lat' dir='ltr'><strong>satio</strong></span> <span class='ocrx_word' id='word_1_906' title='bbox 2181 5199 2389 5238; x_wconf 89' lang='lat' dir='ltr'><strong>sursum</strong></span> <span class='ocrx_word' id='word_1_907' title='bbox 2437 5185 2487 5238; x_wconf 90' lang='lat' dir='ltr'><strong>in</strong></span> <span class='ocrx_word' id='word_1_908' title='bbox 2517 5185 2661 5239; x_wconf 73' lang='lat' dir='ltr'><strong>etelis</strong></span> <span class='ocrx_word' id='word_1_909' title='bbox 2689 5193 2790 5249; x_wconf 89' lang='lat' dir='ltr'><strong>est,</strong></span> <span class='ocrx_word' id='word_1_910' title='bbox 2822 5184 2911 5238; x_wconf 90' lang='lat' dir='ltr'><strong>ubi</strong></span> <span class='ocrx_word' id='word_1_911' title='bbox 2943 5199 3152 5239; x_wconf 89' lang='lat' dir='ltr'><strong>menses</strong></span> <span class='ocrx_word' id='word_1_912' title='bbox 3181 5193 3235 5238; x_wconf 90' lang='lat' dir='ltr'><strong>et</strong></span> <span class='ocrx_word' id='word_1_913' title='bbox 3262 5182 3342 5238; x_wconf 82' lang='lat' dir='ltr'><strong>sol</strong></span> <span class='ocrx_word' id='word_1_914' title='bbox 3373 5193 3428 5237; x_wconf 88' lang='lat' dir='ltr'><strong>et</strong></span> <span class='ocrx_word' id='word_1_915' title='bbox 3457 5184 3608 5247; x_wconf 80' lang='lat' dir='ltr'><strong>Imm,</strong></span> 
     </span>
    </p>
   </div>
   <div class='ocr_carea' id='block_1_117' title="bbox 2021 5275 3608 5346">
    <p class='ocr_par' dir='ltr' id='par_1_117' title="bbox 2021 5275 3608 5346">
     <span class='ocr_line' id='line_1_117' title="bbox 2021 5275 3608 5346; baseline 0 -16"><span class='ocrx_word' id='word_1_916' title='bbox 2021 5285 2075 5330; x_wconf 91' lang='lat' dir='ltr'><strong>et</strong></span> <span class='ocrx_word' id='word_1_917' title='bbox 2100 5291 2357 5330; x_wconf 90' lang='lat' dir='ltr'><strong>annorum</strong></span> <span class='ocrx_word' id='word_1_918' title='bbox 2389 5291 2492 5330; x_wconf 83' lang='lat' dir='ltr'><strong>neu</strong></span> <span class='ocrx_word' id='word_1_919' title='bbox 2521 5286 2604 5330; x_wconf 89' lang='lat' dir='ltr'><strong>est</strong></span> <span class='ocrx_word' id='word_1_920' title='bbox 2632 5276 2923 5332; x_wconf 83' lang='lat' dir='ltr'><strong>circuitus?</strong></span> <span class='ocrx_word' id='word_1_921' title='bbox 2945 5276 3023 5332; x_wconf 83' lang='lat' dir='ltr'><strong>Ne</strong></span> <span class='ocrx_word' id='word_1_922' title='bbox 3063 5276 3201 5346; x_wconf 88' lang='lat' dir='ltr'><strong>apud</strong></span> <span class='ocrx_word' id='word_1_923' title='bbox 3244 5275 3459 5331; x_wconf 69' lang='lat' dir='ltr'><strong>Judwos</strong></span> <span class='ocrx_word' id='word_1_924' title='bbox 3487 5281 3608 5344; x_wconf 84' lang='lat' dir='ltr'><strong>qui-</strong></span> 
     </span>
    </p>
   </div>
   <div class='ocr_carea' id='block_1_118' title="bbox 2021 5367 3608 5439">
    <p class='ocr_par' dir='ltr' id='par_1_118' title="bbox 2021 5367 3608 5439">
     <span class='ocr_line' id='line_1_118' title="bbox 2021 5367 3608 5439; baseline -0.001 -18"><span class='ocrx_word' id='word_1_925' title='bbox 2021 5367 2163 5432; x_wconf 85' lang='lat' dir='ltr'><strong>dem,</strong></span> <span class='ocrx_word' id='word_1_926' title='bbox 2214 5368 2258 5422; x_wconf 90' lang='lat' dir='ltr'><strong>si</strong></span> <span class='ocrx_word' id='word_1_927' title='bbox 2303 5369 2421 5437; x_wconf 85' lang='lat' dir='ltr'><strong>quis</strong></span> <span class='ocrx_word' id='word_1_928' title='bbox 2465 5368 2750 5439; x_wconf 81' lang='lat' dir='ltr'><strong>diligenter</strong></span> <span class='ocrx_word' id='word_1_929' title='bbox 2787 5369 3020 5423; x_wconf 91' lang='lat' dir='ltr'><strong>animum</strong></span> <span class='ocrx_word' id='word_1_930' title='bbox 3048 5367 3323 5421; x_wconf 83' lang='lat' dir='ltr'><strong>attendere</strong></span> <span class='ocrx_word' id='word_1_931' title='bbox 3352 5367 3608 5428; x_wconf 73' lang='lat' dir='ltr'><strong>Volucrit.</strong></span> 
     </span>
    </p>
   </div>
   <div class='ocr_carea' id='block_1_119' title="bbox 2022 5458 3609 5530">
    <p class='ocr_par' dir='ltr' id='par_1_119' title="bbox 2022 5458 3609 5530">
     <span class='ocr_line' id='line_1_119' title="bbox 2022 5458 3609 5530; baseline -0.001 -16"><span class='ocrx_word' id='word_1_932' title='bbox 2022 5460 2275 5530; x_wconf 89' lang='lat' dir='ltr'><strong>temporis</strong></span> <span class='ocrx_word' id='word_1_933' title='bbox 2304 5474 2547 5529; x_wconf 84' lang='lat' dir='ltr'><strong>magnam</strong></span> <span class='ocrx_word' id='word_1_934' title='bbox 2575 5460 2803 5514; x_wconf 88' lang='lat' dir='ltr'><strong>habitam</strong></span> <span class='ocrx_word' id='word_1_935' title='bbox 2832 5475 2951 5516; x_wconf 91' lang='lat' dir='ltr'><strong>esse</strong></span> <span class='ocrx_word' id='word_1_936' title='bbox 2975 5461 3234 5515; x_wconf 79' lang='lat' dir='ltr'><strong>rationem</strong></span> <span class='ocrx_word' id='word_1_937' title='bbox 3264 5458 3486 5518; x_wconf 84' lang='lat' dir='ltr'><strong>videbit.</strong></span> <span class='ocrx_word' id='word_1_938' title='bbox 3504 5461 3609 5513; x_wconf 84' lang='lat' dir='ltr'><strong>sed</strong></span> 
     </span>
    </p>
   </div>
   <div class='ocr_carea' id='block_1_120' title="bbox 2021 5551 3610 5622">
    <p class='ocr_par' dir='ltr' id='par_1_120' title="bbox 2021 5551 3610 5622">
     <span class='ocr_line' id='line_1_120' title="bbox 2021 5551 3610 5622; baseline -0.002 -16"><span class='ocrx_word' id='word_1_939' title='bbox 2021 5551 2474 5622; x_wconf 71' lang='lat' dir='ltr'><strong>Jerosolymorum</strong></span> <span class='ocrx_word' id='word_1_940' title='bbox 2499 5551 2574 5607; x_wconf 91' lang='lat' dir='ltr'><strong>illi</strong></span> <span class='ocrx_word' id='word_1_941' title='bbox 2600 5552 2762 5608; x_wconf 81' lang='lat' dir='ltr'><strong>fuisse</strong></span> <span class='ocrx_word' id='word_1_942' title='bbox 2783 5553 2954 5608; x_wconf 90' lang='lat' dir='ltr'><strong>locum</strong></span> <span class='ocrx_word' id='word_1_943' title='bbox 2981 5554 3287 5608; x_wconf 76' lang='lat' dir='ltr'><strong>antelatum.</strong></span> <span class='ocrx_word' id='word_1_944' title='bbox 3315 5551 3449 5605; x_wconf 82' lang='lat' dir='ltr'><strong>Nam</strong></span> <span class='ocrx_word' id='word_1_945' title='bbox 3469 5566 3610 5621; x_wconf 77' lang='lat' dir='ltr'><strong>quo-</strong></span> 
     </span>
    </p>
   </div>
   <div class='ocr_carea' id='block_1_121' title="bbox 2024 5643 3610 5710">
    <p class='ocr_par' dir='ltr' id='par_1_121' title="bbox 2024 5643 3610 5710">
     <span class='ocr_line' id='line_1_121' title="bbox 2024 5643 3610 5710; baseline 0.003 -12"><span class='ocrx_word' id='word_1_946' title='bbox 2024 5644 2166 5698; x_wconf 88' lang='lat' dir='ltr'><strong>niam</strong></span> <span class='ocrx_word' id='word_1_947' title='bbox 2196 5654 2260 5698; x_wconf 88' lang='lat' dir='ltr'><strong>ao</strong></span> <span class='ocrx_word' id='word_1_948' title='bbox 2290 5643 2525 5708; x_wconf 79' lang='lat' dir='ltr'><strong>Movsem</strong></span> <span class='ocrx_word' id='word_1_949' title='bbox 2552 5649 2868 5709; x_wconf 71' lang='lat' dir='ltr'><strong>accedentes</strong></span> <span class='ocrx_word' id='word_1_950' title='bbox 2883 5651 3136 5710; x_wconf 86' lang='lat' dir='ltr'><strong>dicebant</strong></span> <span class='ocrx_word' id='word_1_951' title='bbox 3160 5671 3173 5708; x_wconf 91' lang='lat'>:</span> <span class='ocrx_word' id='word_1_952' title='bbox 3201 5647 3473 5706; x_wconf 81' lang='lat' dir='ltr'><strong>Immundi</strong></span> <span class='ocrx_word' id='word_1_953' title='bbox 3508 5661 3610 5702; x_wconf 70' lang='lat' dir='ltr'><strong>su-</strong></span> 
     </span>
    </p>
   </div>
  </div>
