3866 6226
213 302 311 363 867

214 438 396 503 πάσης
442 425 665 498 ἡμερῶν
691 421 1124 494 παρατηρήσεως
1157 421 1468 485 ἀπαλλάξας
1503 421 1682 475 αὐτόν.
1719 422 1794 472 Οὐ

219 517 324 585 γάρ
357 508 551 567 ταύτὸν
598 509 785 578 πάσχα
834 506 926 558 καὶ
973 504 1408 574 τεσσαρακοστὴ,
1456 504 1568 556 ἀλλ’
1611 506 1798 574 ἓτερον

219 603 421 667 πάσχα,
450 595 543 647 καὶ
570 594 756 662 ἕτερον
778 589 1212 658 τεσσαρακοστή.
1246 586 1671 659 Τεσσαρακοστὴ
1697 587 1797 658 μὲν

217 685 322 754 γάρ
379 677 525 742 ἅπαξ
565 675 660 729 τοῦ
705 672 950 726 ἐνιαυτοῦ
995 673 1242 740 γίνεται,
1299 671 1484 740 πάσχα
1525 670 1579 722 δὲ
1617 670 1798 740 τρίτον

215 751 313 835 τῆς
353 760 674 830 ἑϐδομάδος·
704 756 818 808 ἐστι
849 756 894 808 δ’
925 757 1014 808 ὅτε
1050 756 1142 806 καὶ
1182 753 1462 823 τέταρτον,
1511 752 1708 822 μᾶλλον
1739 751 1798 803 δὲ

217 853 405 912 όσάκις
437 848 502 901 άν
532 841 846 915 βουλώμεθα
872 857 886 870 ο
925 841 1106 908 πάσχα
1131 837 1240 908 γάρ
1275 838 1340 889 οὐ
1379 837 1601 908 νηστεία
1630 836 1798 898 ἐστὶν,

219 936 332 989 ἀλλ’
367 936 402 1003 ὴ
437 926 722 1000 προσφορά
764 925 856 978 καὶ
889 924 921 993 ἡ
965 923 1126 976 θυσία
1157 924 1191 994 ἡ
1225 922 1346 976 καθ’
1376 923 1612 991 ἑκάστην
1652 937 1798 988 γινο-

221 1021 356 1090 μένη
386 1013 626 1078 σύναξιν.
658 1011 766 1063 Καὶ
787 1009 868 1061 ὅτι
897 1006 1053 1059 τοῦτό
1079 1009 1248 1065 ἐστιν,
1277 1006 1509 1059 ἄκουσον
1535 1003 1629 1057 τοῦ
1655 1003 1800 1055 Παύ-

218 1085 310 1154 λου
341 1085 610 1164 λέγοντος,
650 1091 720 1146 Τὸ
763 1090 972 1158 πάσχα
1017 1087 1186 1156 ἡμῶν
1238 1088 1386 1154 ὑπὲρ
1417 1085 1583 1155 ἡμῶν
1619 1086 1799 1150 ἑ·τύοη

220 1181 472 1252 Xpw’tdc
494 1194 508 1208 °
541 1177 654 1240 καὶ,
696 1173 934 1238 Ὁσάκις
966 1170 1042 1225 ἂν
1069 1172 1308 1238 ἐσθίητε
1330 1170 1436 1222 τὸν
1464 1169 1645 1236 ἄρτον
1667 1167 1800 1252 τοῦ,⁴

218 1250 344 1327 τὸν,
377 1261 475 1316 καὶ
523 1259 590 1313 τὸ
621 1255 908 1322 ποτήριον
953 1255 1186 1320 πίνητε,
1237 1253 1345 1306 τὸν
1392 1251 1652 1305 θάνατον
1692 1250 1799 1303 τοῦ

220 1351 442 1419 Κυρίου
491 1341 942 1411 καταγγέλλετε.
1005 1340 1168 1392 Ὥστε
1217 1339 1408 1401 ὁσάκις
1457 1337 1524 1390 ἂν
1567 1334 1799 1406 προσίῃς

223 1435 360 1504 μετὰ
388 1426 630 1499 καθαροῦ
662 1423 978 1485 συνειδότος,
1015 1423 1196 1491 πάσχα
1223 1419 1511 1482 ἐπιτελεῖς,
1548 1419 1646 1488 οὐχ
1671 1419 1798 1469 ὃταν

219 1501 516 1586 νηστεύῃς,
569 1507 681 1562 ἀλλ’
726 1508 852 1560 ὃταν
901 1505 1002 1573 τῆς
1048 1504 1239 1567 Θυσίας
1285 1501 1794 1586 ἐκείνηςᾲμετέχης.

227 1584 468 1661 ὀσὰκις
503 1593 611 1662 γὰρ
657 1591 734 1644 ἂν
779 1588 1021 1651 ἐσθίητε
1061 1586 1168 1638 τόν
1205 1586 1383 1653 ἄρτον
1433 1584 1669 1647 τοῦτον,
1699 1584 1796 1635 καί

221 1683 284 1736 τὸ
315 1678 602 1747 ποτήριον
633 1673 804 1728 τοῦτο
839 1673 1072 1736 πίνητε.
1107 1671 1213 1722 τὸν
1246 1669 1504 1723 θάνατον
1539 1667 1644 1719 τοῦ
1687 1670 1799 1719 Κυ-

215 1765 350 1832 ριόυ
387 1758 838 1828 καταγγέλλετε.
889 1755 1080 1823 Πάσχα
1111 1752 1167 1804 δέ
1202 1753 1317 1804 ἐστι
1355 1751 1416 1803 τὸ
1447 1751 1538 1802 τὸν
1573 1749 1798 1802 θάνατον

220 1845 626 1914 καταγγέλλειν.
672 1841 783 1893 Καὶ
826 1841 934 1908 γάρ
977 1839 1008 1908 ἡ
1057 1839 1294 1907 σήμερον
1340 1834 1599 1903 γινομένη
1631 1849 1800 1904 προσ-

220 1931 386 2000 φορὰ,
417 1928 511 1981 καὶ
544 1929 576 1996 ὴ
605 1926 731 1996 χθὲς
759 1921 1184 1981 ἐπιτελεσθεῖσα,
1219 1922 1312 1972 καὶ
1347 1922 1380 1988 ὴ
1416 1918 1537 1971 καθ’
1565 1918 1798 1985 ἑκάστην

217 2014 437 2084 ἡμέραν
463 2009 624 2080 ὁμοία
650 2008 766 2060 ἐστί
796 2009 887 2058 καὶ
912 2008 943 2074 ή
985 2005 1120 2074 αὐτη
1154 2007 1218 2073 τῇ
1254 2006 1512 2073 γινομένῃ
1538 2001 1678 2054 κατὰ
1700 2000 1798 2069 τὴν
1829 2039 1832 2050 ς

219 2097 436 2167 ἡμέραν
464 2093 678 2160 ἐκείνην
707 2091 806 2160 τὴν
837 2089 931 2142 τοῦ
965 2089 1262 2148 Σαϐϐάτου,
1310 2089 1403 2140 καὶ
1429 2088 1582 2140 οὐδὲν
1615 2086 1798 2154 ἐκείνη

221 2180 424 2248 ταύτης
455 2174 772 2246 σεμνοτέρα,
819 2174 939 2226 οὐδὲ
983 2173 1120 2242 αῦτη
1163 2173 1378 2240 ἐκείνης
1426 2170 1797 2238 εὐτελεστέρα,

220 2262 358 2314 ἀλλὰ
388 2259 487 2330 μία
511 2258 603 2311 καὶ
633 2261 666 2326 ἠ
709 2257 868 2326 αὐτὴ,
908 2255 1107 2326 ὁμοίως
1140 2256 1338 2324 φρικτὴ
1388 2256 1481 2305 καὶ
1514 2254 1796 2322 σωτήριος.

293 2435 450 2494 Τίνος
478 2427 568 2484 οὖν
600 2430 785 2482 ’ένεκεν
830 2427 1178 2497 νηστεύομεν,
1218 2433 1368 2496 φησι,
1410 2429 1504 2490 τὰς
1539 2429 1803 2497 τεσσαρά-

219 2533 387 2570 κοντα
417 2514 617 2575 ταύτας
645 2512 883 2583 ήμέρας;
919 2510 1109 2562 Πολλοὶ
1132 2510 1190 2563 τὸ
1217 2511 1440 2564 παλαιὸν
1461 2514 1570 2574 τοῖς
1598 2528 1804 2582 μυστη-

225 2601 361 2672 ρίοις
395 2596 703 2666 προσῄεσαν
750 2593 934 2656 ἁπλῶς
980 2593 1074 2645 καὶ
1119 2593 1193 2655 ὼς
1223 2593 1398 2662 ἔτυχε,
1432 2594 1524 2646 καὶ
1573 2593 1803 2664 μάλιστα

217 2686 365 2736 κατά
391 2681 481 2732 τὸν
509 2679 696 2749 καιρὶν
716 2676 924 2739 τοῦτον,
950 2675 1071 2729 καθ’
1098 2676 1198 2729 ὃνό
1226 2677 1458 2748 Χριστὸς
1493 2677 1632 2730 αὐτά
1659 2694 1802 2748 παρα

221 2767 413 2820 έδωκε.
441 2763 748 2824 Συνειδότες
764 2759 854 2815 οῦν
879 2765 927 2816 oi
952 2761 1185 2832 πατέρες
1203 2763 1300 2831 τήν
1315 2762 1517 2832 βλάϐην
1547 2763 1642 2834 τὴν
1659 2779 1805 2830 γινο-

223 2849 396 2917 μένην
427 2849 490 2898 ἐκ
513 2845 974 2915 τῆςὴμελημένης
993 2846 1273 2916 προσόδου,
1311 2845 1652 2906 συνελθόντες
1680 2845 1802 2897 ἐτύ-

221 2947 416 2983 πωσαν
437 2929 648 2998 ἡμέρας
663 2928 1068 2998 τεσσαράκοντα
1084 2929 1357 2999 νηστείας.
1382 2930 1578 2999 εὐχῶν,
1600 2929 1802 3000 ἀκροά-

221 3030 388 3076 σεως,
416 3012 666 3073 συνόδων,
697 3012 760 3063 ἵν’
784 3013 840 3064 ἐν
869 3014 988 3074 ταῖς
1018 3012 1249 3082 ἡμέραις
1267 3012 1485 3075 ταύταις
1506 3013 1808 3084 καθαρθέν-

221 3113 316 3158 τες
373 3096 486 3166 μετ’
532 3095 815 3166 ἀκριϐείας
860 3095 1096 3158 ἅπαντες
1131 3096 1219 3147 καὶ
1265 3095 1330 3147 δι’
1380 3096 1574 3166 εὐχῶν,
1617 3098 1709 3148 καὶ
1736 3095 1804 3148 δι’

222 3177 616 3248 ἐλεημοσύνης,
650 3178 741 3230 καὶ
775 3177 862 3229 διά
894 3177 1168 3247 νηστείας,
1202 3176 1290 3229 καὶ
1328 3178 1416 3230 διὰ
1450 3177 1804 3248 παννυχίδων,

222 3263 324 3314 καὶ
355 3261 440 3313 διά
470 3259 740 3330 δακρύων,
772 3261 867 3312 καὶ
888 3260 954 3312 δι’
984 3259 1440 3330 ἐξομολογήσεως,
1477 3263 1570 3314 καὶ
1591 3261 1680 3314 διὰ
1699 3261 1808 3313 τῶν

220 3346 403 3402 ἀλλων
417 3347 688 3406 ἁπάντων,
705 3343 844 3396 οὕτω
860 3345 998 3396 κατά
1015 3343 1239 3413 δύναμιν
1256 3344 1352 3414 τὴν
1376 3345 1646 3414 ἡμετέραν
1671 3345 1808 3416 μετὰ

227 3427 471 3498 καθαροῦ
524 3426 818 3488 συνειδότος
851 3426 1184 3496 προσίωμεν.
1233 3427 1340 3479 Καὶ
1372 3427 1451 3479 ὅτι
1502 3427 1644 3497 μέγα
1678 3445 1810 3482 κατ-

223 3512 516 3582 ὤρθωσαν,
553 3511 640 3564 διὰ
667 3511 763 3580 τῆς
803 3511 1257 3578 συγκαταϐάσεως
1311 3511 1514 3581 ταύτης
1557 3515 1638 3576 εἰς
1688 3530 1810 3565 συν-

225 3595 422 3664 ήθειαν
453 3595 599 3663 ἡμᾶς
635 3594 887 3663 νηστείας
913 3596 1371 3664 καταστήσαντες,
1397 3595 1553 3664 δῆλον
1580 3595 1806 3650 ἐκεῖθεν.

237 3678 434 3747 Ἡμεῖς
468 3677 563 3746 μὲν
591 3675 698 3745 γὰρ
729 3675 792 3728 ἂν
826 3675 913 3728 διὰ
939 3676 1139 3739 παντὸς
1164 3676 1257 3729 τοῦ
1287 3678 1534 3732 ἐνιαυτοῦ
1563 3680 1808 3749 μένωμεν

225 3761 464 3831 βοῶντες
493 3759 585 3812 καὶ
616 3759 976 3828 κηρύττοντες
1017 3760 1291 3828 νηστείαν,
1333 3761 1506 3824 οὐδεὶς
1552 3763 1808 3834 προσέχει

227 3846 344 3905 τοῖς
365 3841 698 3912 λεγομένοις·
729 3842 794 3894 ἂν
817 3842 874 3894 δὲ
899 3844 1092 3912 ἐπιστῇ
1121 3843 1278 3912 μόνον
1307 3845 1334 3895 ὁ
1363 3843 1461 3912 τῆς
1482 3861 1810 3913 τεσσαρακο·

230 3925 366 3994 στῆς
387 3925 594 3996 καιρὸς,
619 3927 711 3978 καὶ
750 3925 973 3994 μηδενὸς
1004 3925 1390 3994 παραινοῦντος
1424 3926 1556 3996 μηδέ
1581 3927 1810 3997 συμϐου-

228 4008 499 4072 λεύοντος,
527 4009 620 4060 καὶ
652 4010 680 4060 6
721 4008 925 4080 σφόδρα
959 4009 1293 4077 νωθρότατος
1319 4008 1680 4074 διανίσταται,
1710 4011 1808 4080 τὴν

231 4090 388 4161 παρά
406 4090 499 4142 τοῦ
523 4090 712 4161 καιροῦ
725 4090 1013 4160 λαμϐάνων
1031 4108 1094 4142 συ
1101 4091 1337 4160 μϐουλὴν
1358 4094 1450 4145 καὶ
1469 4094 1806 4162 παραίνεσιν.

235 4175 337 4226 Ἂν
365 4169 456 4226 οὖν
484 4173 674 4242 ἔρηταί
701 4190 759 4226 σε
787 4173 1038 4236 Ἰουδαῖος
1072 4173 1167 4226 καὶ
1201 4173 1422 4244 Ἕλλην,
1447 4174 1589 4238 τίνος
1623 4175 1809 4227 ἕνεκεν

231 4255 536 4324 νηστεύεις,
569 4255 641 4325 μὴ
679 4257 857 4325 εἴπῃς,
893 4257 973 4308 ὅτι
1007 4255 1095 4308 διὰ
1121 4257 1180 4307 τὸ
1216 4257 1418 4326 πάσχα,
1455 4257 1589 4326 μηδὲ
1615 4260 1694 4310 ὅτι
1725 4257 1812 4310 διὰ

231 4342 325 4390 τὸν
354 4339 605 4410 σταυρὶν,
646 4340 766 4391 ἐπεὶ
801 4339 999 4409 πολλὴν
1027 4339 1173 4408 αὐτῷ
1199 4339 1351 4402 δίδως
1379 4342 1476 4409 τὴν
1506 4341 1675 4411 λαϐήν
1693 4358 1704 4370 ⁸
1749 4342 1810 4392 οὐ

233 4424 346 4492 γὰρ
377 4421 465 4474 διόι
496 4422 553 4474 τὸ
580 4422 764 4492 πάσχα
795 4421 1144 4492 νηστεύομεν,
1168 4422 1290 4474 οὐδέ
1319 4422 1406 4473 διά
1432 4424 1523 4475 τὸν
1558 4425 1808 4494 σταυρὸν.

234 4506 379 4560 ἀλλά
403 4503 572 4559 διάτά
589 4504 961 4576 ἁμαρτήματα
974 4504 1318 4576 τάήμέτερα,
1342 4505 1526 4578 ἐπειδὴ
1549 4507 1811 4578 μέλλομεν

240 4589 562 4661 μυστηρίοις
585 4589 893 4658 προσιέναι“
931 4589 1051 4639 ἐπεὶ
1081 4587 1141 4639 τό
1168 4605 1229 4656 γε
1259 4588 1442 4659 πάσχα
1477 4593 1537 4644 οὐ
1564 4593 1811 4659 νηστείας

234 4672 390 4725 ἐστὶν
415 4671 535 4723 οὐδὲ
566 4669 816 4732 πένθους,
849 4669 983 4722 ἀλλά
1011 4669 1346 4742 εὐφροσύνης
1369 4674 1462 4726 καὶ
1487 4676 1660 4744 χαρᾶς
1681 4675 1812 4726 ὐπό-

237 4754 412 4815 θεσις.
461 4753 519 4804 Ὃ
562 4752 671 4823 γάρ
705 4752 934 4823 σταυρὸς
980 4752 1154 4804 ἀνεῖλε
1185 4753 1284 4823 τὴν
1332 4755 1620 4825 ἁμαρτίαν,
1661 4755 1809 4828 [612]

235 4835 540 4904 καθάρσιον
574 4835 672 4903 τῆς
702 4835 1023 4904 οἰκουμένης
1055 4835 1293 4903 ἐγένετο,
1328 4838 1639 4909 καταλλαγὴ
1682 4857 1811 4911 χρο-

235 4919 361 4980 νίας
404 4915 622 4987 έχθρας,
659 4916 860 4986 ἀνέῳξε
891 4917 985 4968 τοῦ
1033 4918 1261 4986 οὐρανοῦ
1305 4918 1403 4982 τάς
1447 4919 1638 4982 πύλας,
1689 4924 1814 4984 τούς

236 5001 604 5070 μισουμένους
627 4999 812 5067 φίλους
836 5000 1109 5070 ἐποίησεν,
1140 5001 1221 5063 είς
1239 5000 1328 5055 τὸν
1356 5003 1580 5073 οὐρανὸν
1611 5005 1814 5073 ἐπανή-

235 5100 429 5152 γαγεν,
471 5085 528 5135 ἐν
577 5083 726 5153 δεξιᾷ
765 5085 857 5136 τοῦ
905 5084 1094 5154 θρόνου
1143 5087 1364 5139 ἐκάθισε
1399 5087 1497 5158 τὴν
1542 5089 1812 5158 ἡμετέραν

237 5168 426 5236 φύσιν.
457 5165 627 5234 μυρία
652 5167 814 5237 ἐτερα
846 5167 1116 5236 παρέσχεν
1139 5169 1268 5238 ἡμῖν
1297 5169 1494 5237 ἀγαθά.
1529 5173 1604 5223 Οὐ
1637 5174 1812 5224 τοίνυν

241 5252 458 5305 πενθεῖν
495 5252 614 5306 ούδέ
661 5252 1018 5305 κατεστάλθαι
1066 5253 1193 5322 χρὴ,
1240 5253 1564 5319 ἀγάλλεσθαι
1608 5255 1664 5307 δὲ
1720 5257 1813 5308 καὶ

238 5337 455 5408 χαίρειν
492 5338 630 5408 ὑπὲρ
673 5337 873 5390 τούτων
902 5337 1174 5390 ἁπάντων.
1212 5337 1309 5390 Διά
1345 5338 1504 5391 τοῦτο
1532 5343 1625 5394 καὶ
1662 5340 1811 5393 Παῦ-

237 5419 332 5482 λός
365 5437 545 5488 φησιν,
593 5420 744 5488 Ἐμοί
778 5419 844 5470 δὲ
865 5419 951 5487 μὴ
994 5418 1220 5486 γένοιτο
1263 5421 1622 5491 καυχᾶσθαι,
1649 5427 1701 5475 εί
1724 5423 1810 5492 μὴ

237 5505 313 5556 ἐν
341 5503 418 5568 τῷ
444 5502 685 5570 σταυρῷ
707 5501 811 5556 τοῦ
854 5505 1070 5570 Κυρίου
1098 5501 1267 5570 ἡμῶν
1305 5505 1508 5571 Ἰησοῦ
1535 5507 1810 5573 Χριστοῦ.

243 5589 356 5641 Καὶ
391 5587 574 5643 πάλιν.
610 5587 942 5650 Συνίστησι
970 5585 1038 5636 δὲ
1067 5585 1181 5652 τὴν
1207 5587 1424 5642 ἑαυτοῦ
1453 5591 1692 5653 ἀγάπην
1724 5595 1812 5656 είς

247 5669 406 5736 ἡμᾶς
453 5676 484 5727 ὁ
531 5671 694 5736 Θεὸς,
731 5670 818 5722 ὅτι
864 5669 948 5722 ἔτι
999 5669 1358 5738 ἁμαρτωλῶν
1405 5677 1593 5727 ὄντων
1635 5677 1803 5745 ἡμῶν

579 5789 846 5847 ΡΑτιιοι..
897 5788 1011 5846 Gn.
1060 5786 1117 5844 Χ
1133 5787 1342 5866 LVIII.

929 304 993 352 IN
1038 303 1167 356 EUS
1207 302 1324 368 QUI
1369 302 1638 355 PASCII—A
1671 301 2044 361 JEJUNANT.
2088 309 2455 366 ADVERSUS
2491 308 2638 365 JUD.
2685 308 2770 363 ΙΙΙ.

3373 308 3480 366 868

1910 428 2153 493 Χρισιοες
2211 430 2360 497 ὑπὲρ
2412 429 2579 498 ἡμῶν
2625 429 2906 484 ἀπέθανε.
2961 431 3068 484 Καὶ
3127 431 3154 483 6
3225 419 3480 500 ’Ῐωάννης

1902 520 2044 573 οῦτω
2092 521 2207 586 πώς
2243 541 2426 594 φησιν’
2465 523 2629 576 Οὕτω
2657 521 2767 592 γὰρ
2795 522 3115 592 ἠγάπησεν
3140 525 3173 575 ό
3199 522 3343 588 Θεὸς
3373 522 3483 574 τόν

1902 615 2153 684 κόσμον.
2183 615 2332 679 Πῶςς
2356 615 2497 668 εἰπέ.
2544 616 2650 668 Καὶ
2676 615 2850 668 πάντα
2889 614 3260 687 παραδραμὼν
3289 613 3479 675 τᾶλλα,

1903 706 1991 758 τὸν
2015 707 2243 778 σταυρὸν
2268 707 2532 761 τέθεικεν.
2566 706 2749 760 Εἰπὼν
2774 707 2904 778 γάρ,
2935 708 3132 773 Οὕτως
3162 706 3483 775 ἠγάπησεν

1902 799 1935 849 ό
1967 798 2109 862 Θεὸς
2139 799 2244 852 τὸν
2275 803 2526 868 κόσμον,
2556 800 2852 870 ἐπήγαγεν,
2888 801 3016 850 ’Ὁτι
3050 800 3155 851 τὸν
3181 795 3482 868 μονογενῆ

1903 890 2087 944 αὑτοῦ
2127 890 2525 958 Υίόνὲδωκεν,
2548 892 2634 945 ἵνα
2673 891 2982 963 σταυρωθῇ,
3011 893 3112 945 ἵνα
3149 891 3269 955 πᾶς
3319 894 3352 944 ὁ
3384 907 3481 944 πι-

1903 982 2134 1033 στεύων
2165 983 2251 1047 είς
2289 982 2476 1034 αὑτὸν
2500 982 2586 1049 μὴ
2632 983 2952 1048 ἀπόληται,
2983 983 3123 1035 ἀλλ’
3169 982 3282 1050 ἔχῃ
3331 980 3483 1050 ζωὴν

1901 1071 2159 1126 αἰώνιον.
2201 1073 2263 1124 ΕΞ
2293 1073 2473 1125 τοίνυν
2503 1075 2720 1144 ἀγάπης
2749 1073 3004 1137 ὑπόθεσις
3034 1073 3126 1127 καὶ
3169 1074 3428 1145 καύχημα
3452 1075 3483 1126 6

1907 1163 2158 1232 σταυρὸς,
2197 1164 2272 1234 μὴ
2309 1163 2556 1235 λέγωμεν
2604 1165 2684 1216 ὅτι
2723 1164 2790 1217 δι’
2819 1165 2984 1218 αὐτὸν
3031 1164 3368 1236 πενθοῦμεν·
3419 1166 3481 1218 οὐ

1902 1255 2010 1324 γάρ
2044 1253 2348 1325 πενθοῦμεν
2377 1256 2446 1308 δι’
2480 1256 2704 1318 ἐκεῖνον,
2741 1255 2816 1326 μὴ
2847 1256 3089 1324 γένοιτοῑ
3121 1257 3258 1309 ἀλλά
3286 1255 3376 1309 διὰ
3413 1257 3482 1310 τά

1901 1349 2075 1400 οίκεῖα
2111 1347 2504 1418 ἁμαρτήματα.
2535 1349 2632 1399 Διά
2660 1347 2817 1400 τοῦτο
2849 1346 3200 1416 νηστεύομεν.

1983 1521 2042 1567 ε’.
2082 1515 2138 1566 '0
2159 1515 2286 1582 γοῦν
2316 1514 2720 1584 κατηχούμενος
2743 1515 2997 1568 οὐδέποτε
3019 1517 3206 1585 πάσχα
3227 1515 3481 1579 ἐπιτελεῖ,

1905 1607 2080 1660 καίτοι
2110 1606 2385 1677 νηστεύων
2415 1609 2534 1659 κατ’
2567 1606 2830 1671 ἐνιαυτὸν,
2868 1607 3056 1678 ἐπειδὴ
3079 1610 3394 1678 προσφορᾶς
3421 1609 3482 1661 οὐ

1904 1701 2187 1765 κοινωνεῖ,
2223 1700 2410 1768 ὥσπερ
2456 1695 2547 1751 οὖν
2578 1700 2688 1758 ¹καὶ
2731 1700 2759 1750 ό
2790 1697 2864 1768 μὴ
2897 1698 3205 1768 νηστεύων,
3241 1696 3308 1751 ἂν
3341 1699 3483 1768 μετὰ

1903 1791 2140 1862 καθαροῦ
2178 1791 2448 1863 προσέλθῃ
2480 1792 2779 1852 συνειδότος
2802 1830 2816 1852 ,
2848 1790 3034 1859 πάσχα
3065 1790 3340 1854 ἐπιτελεῖ,
3376 1790 3480 1844 κᾶν

1905 1885 2140 1953 σήμερον
2165 1924 2179 1946 ,
2212 1882 2312 1936 κᾶν
2364 1882 2543 1956 αὐριοι
2574 1925 2588 1950 ,
2621 1883 2724 1936 κᾶν
2771 1880 3029 1936 ὁποτεοῦν
3085 1880 3329 1952 μετάσχῃ
3379 1881 3482 1952 τῆς

1905 1975 2203 2037 κοινωνίας.
2237 1976 2310 2027 Οὐ
2341 1975 2449 2046 γὰρ
2492 1977 2547 2028 ἐν
2592 1976 2971 2047 παρατηρήσει
3007 1973 3249 2045 καιρῶν,
3283 1973 3398 2028 ἀλλ’
3425 1976 3484 2027 ἐν

1906 2067 2167 2120 συνειδότι
2185 2067 2408 2139 καθαρῷ
2433 2069 2465 2137 ἡ
2491 2067 2686 2138 ἀρίστη
2716 2068 2958 2136 κρίνεται
2984 2067 3262 2138 πρόσοδος.
3293 2069 3486 2138 Ἡμεῖς

1899 2159 1957 2210 δὲ
1985 2159 2292 2214 τούναντίον
2335 2160 2616 2230 ποιοῦμεν.
2646 2160 2757 2230 Τὴν
2791 2160 2890 2230 μὲν
2926 2159 3167 2212 διάνοιαν
3194 2159 3256 2212 οὐ
3291 2159 3485 2213 καθαί·

1906 2268 2070 2320 ρομεν
2092 2291 2106 2312 ,
2139 2254 2186 2303 εἱ
2221 2251 2281 2304 δὲ
2328 2255 2393 2322 τῇ
2427 2239 2617 2323 ἡμέρᾳ
2649 2251 3041 2322 προσέλθοιμεν
3085 2251 3269 2323 ἐκείνῃ
3290 2291 3304 2316 ,
3330 2254 3486 2323 νομί-

1906 2341 2069 2412 ζομεν
2098 2343 2283 2412 πάσχα
2311 2343 2596 2407 ἐπιτελεῖν,
2639 2343 2742 2396 κᾶν
2773 2343 2979 2414 μυρίων
3017 2341 3276 2413 γέμωμεν
3307 2343 3486 2413 ἀμαρ-

1907 2436 2183 2504 τημάτων.
2235 2434 2374 2487 Ἀλλ’
2413 2436 2512 2488 οὐκ
2560 2435 2676 2488 ἔστι
2714 2435 2921 2498 ταῦτα,
2964 2436 3066 2488 οὐκ
3117 2434 3302 2498 ἐστιν,
3351 2434 3488 2489 ἀλλά

1905 2528 2008 2580 κᾶν
2036 2529 2092 2579 ἐν
2134 2527 2280 2598 αὐτῷ
2317 2527 2392 2596 τῷ
2443 2527 2705 2598 Σαϐϐάτῳ
2736 2527 3036 2598 προσέλθῃς
3079 2525 3214 2595 μετὰ
3248 2524 3487 2598 πονηροῦ

2285 2620 2541 2686 ἐξέπεσες
2591 2622 2688 2691 τῆς
2725 2620 3042 2683 κοινωνίας,
3103 2618 3344 2688 ἀπῆλθες
3386 2619 3488 2672 οὐκ

1904 2713 2221 2776 ἐπιτελέσας
2270 2713 2330 2765 τὸ
2378 2714 2592 2783 πάσχω
2623 2713 2812 2783 ὥσπερ
2844 2707 2937 2765 οὖν
2971 2712 3072 2764 κᾶν
3104 2713 3340 2782 σήμερον
3373 2727 3489 2764 κοι-

1904 2807 2116 2875 νωνῇς,
2166 2805 2233 2858 τὰ
2284 2805 2658 2875 ἁμαρτήματα
2705 2803 3141 2876 ἀπονιψάμενος,
3191 2803 3252 2857 τὸ
3303 2805 3490 2873 πάσχα

1904 2897 2228 2960 ἐπετέλεσας
2273 2897 2537 2968 ἀκριϐῶς.
2576 2898 2770 2967 Ἐχρῆν
2825 2897 3004 2949 τοίνυν
3052 2896 3150 2968 τὴν
3201 2896 3490 2968 ἀκρίϐειαν

1905 2991 2107 3059 ταύτην
2142 2991 2284 3060 ὑμᾶς
2320 2989 2414 3042 καὶ
2445 2991 2544 3059 τὴν
2585 2989 2827 3041 εὐτονίαν
2858 2989 2932 3058 μὴ
2964 2990 3024 3041 ἐν
3050 2992 3116 3059 τῇ
3146 2988 3254 3040 τῶν
3279 2989 3490 3060 καιρῶν

1907 3082 2322 3153 παρατηρήσει,
2359 3081 2472 3134 ἀλλ’
2526 3083 2584 3134 ἐν
2626 3083 2692 3152 τῇ
2743 3080 2990 3152 προσόδῳ
3021 3079 3328 3148 φυλάττειν.
3377 3080 3492 3133 Καὶ

1908 3173 2157 3244 καθάπερ
2188 3172 2430 3244 αἱρεῖσθε
2455 3173 2549 3226 νῦν
2577 3173 2750 3226 πάντα
2777 3173 3088 3244 ὑπομεῖναι,
3115 3172 3148 3242 ἢ
3176 3173 3488 3243 μεταθεῖναι

1908 3267 2006 3336 τήν
2041 3265 2328 3336 συνήθειαν
2351 3305 2364 3328 ,
2399 3263 2570 3327 οὕτως
2615 3263 2720 3317 ἔδει
2754 3263 2942 3317 τούτου
2975 3265 3074 3334 μὲν
3107 3267 3487 3336 καταφρονεῖν,

1909 3357 2086 3410 πάντα
2138 3357 2194 3409 δὲ
2243 3355 2514 3427 αἱρεῖσθαι
2557 3355 2785 3426 πάσχειν
2832 3357 2926 3409 καὶ
2966 3359 3174 3421 ποιεῖν,
3217 3357 3361 3410 ὥστε
3415 3360 3488 3428 μὴ

1911 3449 2027 3519 μεθ’
2051 3448 2464 3520 ἁμαρτημάτων
2497 3448 2801 3518 προσιέναι.
2837 3449 2956 3501 Ὂτι
2990 3451 3099 3522 γὰρ
3130 3450 3304 3513 οὐδεὶς
3335 3451 3492 3518 λόγος

1909 3541 2116 3614 καιρῶν
2160 3539 2236 3610 τῷ
2263 3539 2382 3609 Θεῷ
2416 3541 2509 3594 καὶ
2539 3541 2975 3610 παρατηρήσεως
3002 3539 3259 3611 τοιαύτης
3282 3580 3297 3604 ,
3327 3539 3493 3594 ἀκου-

1910 3649 2000 3684 σον
2047 3632 2211 3684 αὐτοῦ
2247 3631 2554 3695 δικάζοντος
2580 3647 2592 3660 ·
2632 3630 2935 3684 Πεινῶντά
2959 3649 3037 3700 με
3079 3631 3269 3685 εἰδετε
3290 3673 3305 3697 ,
3335 3634 3490 3703 φησὶ,

1909 3723 2007 3777 καὶ
2033 3724 2350 3791 ἐθρέψατε,
2381 3720 2669 3790 διψῶντα.
2709 3722 2809 3775 καί
2843 3723 3164 3776 ἐστοτίσατε
3187 3763 3202 3787 ,
3233 3724 3489 3791 γυμνὸν,

1908 3818 2005 3870 καὶ
2036 3818 2440 3884 λεριεϐάλετε·
2469 3817 2699 3878 καὶτοῖς
2739 3816 2799 3880 ἐξ
2843 3814 3139 3886 εὐωνύμων
3172 3815 3241 3868 τά
3274 3815 3491 3868 ἐναντία

1907 3909 2118 3972 τούτοις
2155 3908 2392 3976 ἐγκαλεῖ.
2426 3910 2534 3961 Καὶ
2582 3907 2744 3960 πάλιν
2791 3907 2948 3961 ἄλλον
2982 3905 3366 3974 ἐπεισαγαγὼν
3401 3907 3493 3959 ἐπὶ

1914 4002 2250 4073 μνησικακίᾳ
2301 4000 2552 4064 κολάζει·
2609 3999 2841 4068 Πονηρὲ
2885 3999 3028 4069 γὰρ,
3064 3999 3240 4068 φησὶ,
3283 3997 3490 4061 δοῦλε,

1912 4097 2119 4150 πᾶσαν
2147 4096 2262 4162 τὴν
2285 4094 2537 4163 ὀφειλὴν
2565 4093 2808 4160 ἐκείνην
2830 4089 3037 4159 ἀφῆκά
3069 4107 3167 4144 σοι
3190 4106 3204 4122 ·
3237 4092 3348 4144 οὐκ
3372 4090 3494 4147 ἔδει

1913 4188 2008 4240 καί
2031 4187 2108 4240 σὲ
2130 4185 2382 4254 ἐλεῆσαι
2410 4187 2516 4239 τόν
2537 4183 2883 4240 σύνδουλόν
2903 4196 3039 4247 σου,
3063 4182 3143 4247 ὠς
3167 4181 3264 4236 καὶ
3284 4181 3398 4251 ἐτιῦ
3419 4200 3493 4237 σε

1911 4280 2186 4348 ἡςιέησας
2230 4280 2398 4334 Πάλιν
2449 4277 2547 4341 τὰς
2585 4275 2916 4348 παρθένους,
2950 4274 3134 4343 ἐπειδὴ
3170 4273 3348 4327 ἔλαιον
3392 4275 3495 4330 οὐκ

1914 4367 2057 4440 εἶχον
2090 4374 2148 4425 ἐν
2179 4374 2300 4434 ταῖς
2332 4371 2582 4440 λαμπάσι
2605 4411 2618 4434 ,
2663 4368 2758 4422 τοῦ
2807 4367 3090 4437 νυμφῶνος
3129 4367 3450 4422 ἀπέκλεισεν
3474 4384 3489 4398 ο

1915 4461 2120 4532 ἕτερον,
2147 4463 2330 4533 ἐπειδὴ
2350 4462 2552 4531 ἔνδυμα
2575 4461 2755 4529 γάμου
2781 4459 2881 4511 οὐκ
2907 4457 3044 4527 ἔχων
3070 4457 3338 4526 εἰσῆλθεν,
3359 4458 3494 4512 ἀλλά

1919 4553 2140 4626 ρυπαρά
2170 4555 2440 4624 ἠμφίεστο
2477 4553 2664 4622 ἱμάτια
2687 4591 2702 4611 ,
2727 4550 2981 4621 πορνείαν
3009 4550 3104 4602 καὶ
3153 4547 3497 4620 ἀκαθαρσίαν

1919 4645 2411 4716 περιϐεϐλημένος·
2439 4646 2522 4698 δτι
2561 4643 2617 4695 δὲ
2662 4639 2742 4711 τῷ
2789 4641 2918 4693 δεῖνι
2956 4640 3085 4710 μηνὶ
3113 4640 3205 4692 καὶ
3248 4641 3326 4710 τῷ
3363 4641 3494 4693 δεῖνι

1917 4739 2138 4808 ἐποίησε
2172 4739 2232 4792 τὸ
2275 4739 2492 4806 πάσχα,
2532 4734 2707 4798 οὐδεὶς
2745 4732 3012 4803 ἐκολάσθη
3045 4733 3173 4786 ποτε
3214 4731 3335 4785 οὐδὲ
3380 4734 3492 4786 ἐνε-

1916 4831 2108 4900 κλήθη.
2144 4829 2254 4883 Καὶ
2287 4831 2338 4882 τί
2385 4828 2528 4896 λέγω
2559 4827 2688 4898 περὶ
2739 4827 2894 4898 ήμῶν
2921 4825 3031 4878 τῶν
3061 4824 3495 4898 ἀπηλλαγμένων

1916 4925 2096 4994 πάσης
2132 4923 2384 4996 τοιαύτης
2434 4921 2678 4991 ἀνάγκης
2703 4960 2718 4984 ,
2757 4920 2851 4973 καὶ
2898 4919 3011 4974 ἄνω
3064 4918 3494 4990 πολιτευομένων

1915 5021 1972 5072 ὲν
2019 5021 2130 5081 τοῖς
2167 5017 2316 5090 [615]
2342 5016 2588 5088 οὐρανοῖς
2609 5053 2624 5078 ,
2659 5013 2786 5066 ινθα
2816 5012 2986 5084 μῆνες
3007 5054 3022 5078 ,
3057 5013 3149 5066 καὶ
3187 5012 3367 5082 ἥλιος,
3403 5013 3493 5066 καὶ

1917 5109 2108 5180 σελήνη
2127 5149 2140 5171 ,
2169 5113 2261 5162 καὶ
2292 5108 2555 5163 ἐνιαυτῶν
2586 5107 2830 5178 περίοδος
2876 5108 2975 5159 οὐκ
2999 5107 3177 5169 ἐστινς
3209 5105 3344 5159 Οὐδὲ
3383 5110 3493 5176 γὰρ

1915 5203 2000 5254 ἐπ’
2023 5201 2199 5255 αὐτῶν
2223 5201 2332 5255 τῶν
2377 5201 2664 5264 Ἰουδαίων,
2697 5199 2762 5253 ἂν
2786 5198 3030 5270 ἀκριϐῶς
3055 5198 3346 5268 ἐπιστῆσαι
3376 5196 3492 5248 ἐθε-

1915 5296 2054 5368 λήσῃ
2082 5313 2165 5358 τις
2187 5337 2200 5354 ,
2229 5295 2291 5348 οὐ
2321 5295 2488 5348 πολὺν
2513 5294 2702 5362 όψεται
2743 5291 2836 5346 τοῦ
2865 5293 3058 5363 χρόνου
3093 5292 3376 5362 γινόμενον
3404 5289 3492 5341 λό-

1915 5405 2030 5456 γον,
2064 5388 2198 5441 ἀλλά
2228 5387 2320 5440 τὸν
2348 5386 2455 5440 τῶν
2490 5385 2874 5457 Ἰεροσολύμων
2903 5382 3067 5437 αὐτοῦ
3109 5384 3271 5436 τόπον
3306 5398 3492 5452 προτι·

1919 5461 2189 5552 μώμενον.
2231 5481 2445 5554 Ἐπειδὴ
2492 5480 2600 5552 γὰρ
2653 5479 3040 5552 προσελθόντες
3098 5475 3373 5544 ἄνθρωποι
3413 5475 3492 5545 τῷ

1916 5575 2124 5645 Μωῦσῇ
2158 5573 2371 5642 ἔλεγον,
2414 5572 2748 5640 Ἀκάθαρτοί
2775 5573 2962 5640 ἐσμεν
3003 5569 3101 5620 ἐπὶ
3128 5567 3330 5637 ψυχῇ*
3370 5568 3494 5633 πῶς

1906 2620 2204 2684 συνειδότος
2229 2661 2244 2685 ,

3129 5784 3208 5844 22
