3866 6226
369 280 473 336 84:9
1082 282 1152 347 ‘S.
1192 280 1474 340 JOANNIS
1501 280 1993 342 CHRYSOSTOMI
2027 282 2349 343 ARCIIIEP.
2388 286 2945 346 CONSTANTINOP.

367 401 469 454 Ira
487 400 573 469 μὴ
604 399 1031 472 ὑστερήσωμεν
1058 403 1175 457 ἀπὸ
1201 403 1322 457 τῶν
1339 403 1542 472 δώρων
1566 403 1671 457 τοῦ
1684 401 1941 470 Kvpc'ov;

367 483 556 550 Στῆτε
584 484 768 538 αὐτοῦ
788 525 803 548 ,
836 487 989 557 φησὶ,
1023 486 1119 539 καὶ
1154 484 1493 556 ἁνοίσωμεν
1519 486 1616 539 ἐπὶ
1643 484 1750 539 τόν
1774 486 1942 538 Θεόν.

370 564 505 621 Εἶτα
525 569 710 639 ἐπειδὴ
743 570 1027 640 ἀνήνεγκε,
1061 572 1364 640 κατήνεγκε
1394 570 1555 640 νόμον
1586 569 1833 637 λέγοντα,
1865 568 1946 619 ὅτι

3510 294 3630 355 870

2052 404 2489 474 θυσιαστήριον
2512 450 2527 473 ,
2586 406 2764 461 κάκεῖ
2801 404 3116 476 μνησθῇς,
3152 404 3241 459 ὅτι
3288 408 3322 459 ὁ
3358 405 3630 477 ἀδελφός

2048 502 2165 541 σου
2184 492 2308 558 ἔχει
2336 508 2391 543 τι
2426 491 2575 545 κατὰ
2594 491 2732 556 σοῦ,
2761 492 2973 560 ὕπαγε,
3007 489 3242 558 πρῶτον
3271 488 3631 559 διαλλάγηθι

2047 568 2127 634 τῷ
2145 569 2386 638 ἀδελφῷ
2412 590 2550 634 σου,
2581 575 2677 626 καὶ
2717 575 2850 627 τότε
2879 574 3073 627 ἐλθάη“
3099 572 3403 641 πρόσφερε
3425 574 3488 625 τὸ
3514 571 3627 625 δῶ-

375 653 479 703 "Ar
506 667 594 717 τις
622 650 956 719 ἀκάθαρτος
990 652 1088 704 ἐπὶ
1117 650 1290 720 ψυχῇ
1316 647 1360 723 ᾖ
1378 692 1391 711 .
1417 652 1453 720 ἢ
1486 653 1555 705 ἐν
1581 652 1698 716 ὀδῷ
1723 648 1944 720 μακρᾷ,
2039 656 2145 722 pd»
2194 670 2312 707 σου
2338 674 2348 683 ·
2378 656 2442 707 Τί
2473 655 2684 723 λέγειςξ
2734 656 2800 710 ἂν
2831 657 2930 726 μὲν
2977 658 3008 709 ὁ
3037 654 3264 725 ἀδελφός
3289 671 3385 707 σου
3427 653 3529 727 ἔχῃ
3569 671 3631 708 τι

371 735 471 789 καὶ
512 736 598 803 μὴ
650 736 900 802 δύνηται
949 733 1195 801 ποιῆσαι
1226 736 1296 788 ἐν
1324 734 1403 801 τῷ
1450 737 1655 805 πρώτῳ
1700 734 1846 803 μηνὶ
1880 732 1948 785 τὸ

373 818 601 885 πάσχα,
636 817 873 883 ποιήσει
908 817 979 870 ἐν
1009 817 1089 883 τῷ
1113 818 1387 885 δευτέρῳ.
1423 812 1556 871 Εἶτα
1583 819 1674 871 ἐπὶ
1718 817 1815 886 μὲν
1840 815 1946 868 τῶν

387 900 651 955 Ἰουδαίων
684 902 717 971 ἠ
750 901 845 954 τοῦ
875 902 1067 974 χρόνου
1098 900 1281 955 λύεται
1308 904 1686 973 παρατήρησις
1708 943 1721 962 ,
1751 901 1836 952 ἵνα
1869 900 1946 962 εἰς

373 986 444 1036 τά
482 982 828 1055 Ἱεροσόλυμα
854 984 916 1037 τὸ
953 984 1137 1055 πάσχα
1165 983 1425 1055 γένηται·
1462 986 1525 1038 σὺ
1556 984 1613 1036 δέ
1653 984 1714 1035 ού
1765 999 1951 1053 προτιο

378 1067 488 1136 μᾷς
517 1064 613 1119 τοῦ
642 1065 836 1137 χρόνου
866 1067 963 1138 τῆς
999 1066 1325 1136 Ἐκκλησίας
1346 1067 1444 1138 τὴν
1468 1067 1806 1135 συμφωνίαν,
1835 1064 1947 1118 ἀλλ’

376 1147 466 1201 ἵνα
490 1147 648 1219 δόξῃς
677 1149 890 1220 ἡμέρας
925 1153 1290 1221 παρατηρεῖν,
1330 1150 1410 1213 εἰς
1437 1149 1535 1219 τὴν
1567 1148 1749 1220 κοινὴν
1773 1147 1949 1202 ἀπάν-

376 1247 486 1284 των
519 1232 675 1303 ημῶν
712 1234 1066 1303 ἐμπαροινεῖς
1110 1233 1321 1303 μητέρα
1340 1274 1354 1297 ,
1385 1234 1479 1286 καὶ
1506 1232 1603 1303 τὴν
1652 1232 1812 1302 ἀγίαν
1839 1231 1952 1285 δια-

376 1316 594 1385 τέμνεις
618 1315 865 1381 σύνοδον;
894 1317 990 1371 καὶ
1024 1317 1142 1380 πῶς
1171 1317 1237 1371 ἂν
1262 1317 1409 1381 ἄξιος
1438 1317 1553 1385 εἴης
1599 1315 1949 1386 συγγνώμης,

380 1398 521 1469 ὑπὲρ
557 1399 651 1453 τοῦ
689 1400 913 1471 μηδενὸς
938 1400 1175 1454 τοσαῦτα
1203 1401 1538 1472 ἁμαρτάνειν
1561 1399 1914 1470 αἱρούμενος;

448 1480 561 1535 Kal
612 1479 662 1534 τί
690 1481 793 1552 χρὴ
826 1483 1005 1550 λέγειν
1048 1482 1175 1553 περὶ
1216 1482 1514 1547 ἰουδαιων;
1549 1482 1671 1536 Ὅτι
1698 1482 1805 1553 γάρ
1830 1483 1951 1535 οὐδὲ

382 1565 583 1637 σφόδρα
639 1565 983 1635 βουλομένοις
1028 1567 1158 1635 ἡμῖν
1201 1565 1295 1618 καὶ
1328 1565 1683 1627 σπουδάζουσι
1732 1565 1952 1619 δυνατὸν

384 1648 598 1711 πάντως
619 1648 856 1719 τηρῆσαι
884 1647 979 1718 τὴν
1004 1647 1213 1718 ἡμέραν
1248 1647 1488 1717 ἐκείνην,
1518 1647 1637 1700 καθ’
1664 1648 1731 1717 ἦν
1758 1648 1951 1699 ἐσταυ-

385 1730 553 1800 ρώθη,
584 1730 743 1796 δῆλον
764 1731 992 1787 ἐκεῖθεν.
1028 1734 1089 1785 Εἰ
1112 1731 1219 1803 γάρ
1252 1733 1347 1785 καὶ
1375 1730 1448 1800 μὴ
1475 1730 1800 1802 παρέϐαινον
1827 1731 1955 1783 ἰου-

380 1811 538 1878 δαῖοι,
584 1811 714 1886 μηδέ
736 1813 1046 1882 ἀγνώμονες
1066 1810 1205 1885 ἦσαν
1228 1856 1243 1880 ,
1275 1813 1408 1884 μηδέ
1436 1812 1748 1883 ἀναίσθητοι
1774 1852 1786 1873 ,
1821 1811 1952 1881 μῃῶ

384 1894 619 1965 ρᾴθυμοι
667 1896 761 1948 καὶ
816 1898 1225 1967 καταφρονηταὶ
1255 1910 1280 1938 α
1302 1936 1316 1960 ,
1371 1896 1500 1967 μηδὲ
1529 1894 1953 1949 ἐκπεπτώκεσαν

379 1977 481 2047 τῆς
502 1977 760 2049 πατρῴας
788 1978 1061 2044 πολιτείας
1079 2021 1094 2043 ,
1127 1979 1242 2032 ἀλλ’
1269 1978 1511 2050 ἀκριϐῶς
1535 1979 1702 2050 αὐτὴν
1729 1981 1954 2050 ἐτήρουν

382 2058 500 2124 νῦν,
528 2059 648 2113 οὐδὲ
672 2058 814 2113 οὕτω
847 2060 1068 2116 δυνατὸν
1095 2058 1162 2134 ἦν
1189 2065 1323 2132 ἡμῖν
1356 2061 1736 2115 ἀκολουθοῦσιν
1775 2063 1955 2122 αὐτοῖς

381 2142 733 2197 ἐπιλαϐέσθαι
761 2145 859 2214 τῆς
901 2145 1113 2214 ἡμέρας
1140 2146 1336 2214 αὐτῆς.
1374 2142 1494 2199 καθ’
1528 2144 1595 2214 ἣν
1619 2142 1954 2213 ἐσταυρώθη,

383 2226 479 2278 καὶ
501 2225 561 2279 τὸ
590 2226 774 2297 πάσχα
804 2228 1106 2281 ἐπετέλεσε.
1125 2227 1229 2281 Kal
1260 2227 1377 2291 πιῖις
1397 2265 1412 2287 ,
1439 2225 1548 2296 ἐγὼ
1579 2224 1744 2295 λέγω.
1769 2225 1958 2279 Ἡνίκα

385 2308 714 2380 ἐσταυροῦτο
736 2350 751 2375 ,
785 2310 903 2363 τότε
937 2312 971 2382 ἡ
1002 2310 1192 2382 πρώτη
1214 2311 1321 2364 τῶν
1345 2310 1571 2383 ἀζύμων
1602 2308 1670 2384 ἦν
1691 2349 1708 2375 ,
1741 2310 1835 2365 καί
1866 2327 1959 2363 πα·

385 2393 626 2463 ρασκευή
656 2407 670 2422 ⁶
701 2392 985 2464 ἀμφότερα
1013 2393 1070 2447 δέ
1095 2394 1266 2449 ταῦτα
1291 2394 1353 2448 ού
1388 2395 1611 2449 δυνατὸν
1637 2394 1723 2449 ἀεὶ
1752 2410 1961 2464 συμπε-

385 2475 517 2527 σεῖν.
561 2474 690 2528 Ἰδοὺ
724 2475 854 2544 γοῦν
881 2475 1022 2529 κατά
1044 2475 1137 2529 τὸν
1165 2478 1407 2546 παρόντα
1434 2477 1680 2533 ἐνιαυτὸν
1703 2480 1737 2548 ἡ
1768 2476 1958 2548 πρώτη

382 2558 494 2611 τῶν
541 2555 767 2629 ἀζύμων
815 2562 896 2621 εἰς
940 2560 1208 2631 κυριακὴν
1260 2562 1471 2632 ἡμέραν
1520 2562 1820 2633 ἐμπίπτει,
1866 2562 1961 2615 καὶ

383 2642 598 2713 ἀνάγκη
624 2644 802 2697 πᾶσαν
828 2642 1118 2713 νηστεῦσαι
1146 2645 1243 2715 τὴν
1273 2644 1542 2716 ἑϐδομάδα
1566 2685 1581 2709 ,
1616 2645 1710 2699 καὶ
1737 2644 1829 2699 τοῦ
1857 2646 1963 2698 πά-

384 2730 516 2794 θους
551 2729 914 2800 παρελθόντος
940 2772 953 2793 ,
990 2728 1086 2782 καὶ
1122 2728 1215 2781 τοῦ
1265 2728 1496 2800 σταυροῦ
1541 2727 1831 2799 γενομένου
1866 2745 1962 2781 και

385 2816 486 2885 τῆς
518 2814 867 2877 ἀναστάσεως
891 2852 906 2875 ,
941 2814 1100 2882 ἡμεῖς
1153 2812 1387 2883 μένομεν
1436 2812 1802 2881 νηστεύοντες.
1852 2812 1963 2864 Kal

387 2898 647 2961 πολλάκις
669 2897 827 2950 τοῦτο
855 2896 1048 2966 συνέϐη
1073 2937 1089 2960 ,
1124 2897 1261 2966 μετὰ
1289 2896 1380 2949 τὸν
1414 2897 1664 2967 σταυρὸν,
1700 2895 1838 2966 μετά
1863 2896 1962 2964 τὴν

385 2981 681 3035 ἀνάστασιν
708 3020 723 3041 ,
776 2980 1000 3050 μηδέπω
1031 2979 1130 3050 τῆς
1174 2978 1465 3049 ἑϐδομάδος
1513 2977 1958 3049 ἀπαρτισθείσης,

385 3064 487 3136 τὴν
535 3064 787 3134 νηστείαν
841 3063 1239 3118 ἐπιτελεῖσθαιο
1276 3061 1446 3125 οὕτως
1495 3061 1714 3132 οὐδεμία
1770 3059 1962 3132 καιροῦ

388 3148 770 3220 παρατήρησίς
809 3151 944 3200 ἐστι.

461 3296 552 3364 Μὴ
586 3294 763 3347 τοίνυν
820 3292 1247 3362 φιλονεικῶμεν,
1288 3292 1421 3363 μηδὲ
1474 3294 1647 3345 ἐκεῖνο
1696 3290 1961 3360 λέγωμεν,

391 3378 656 3432 Τοσοῦτον
690 3379 991 3447 ἐνήστευσα
1025 3376 1239 3447 χρόνον,
1280 3377 1373 3427 καὶ
1401 3375 1496 3427 νῦν
1543 3373 1918 3444 μεταθήσομαι
1948 3389 1963 3437 ;

391 3461 471 3513 Δι’
498 3461 630 3513 αὐτὸ
676 3460 775 3529 μὲν
823 3455 918 3511 οὖν
954 3459 1112 3511 τοῦτο
1159 3457 1390 3527 μετάθου
1416 3473 1430 3487 ’
1479 3455 1664 3525 ἐπειδὴ
1713 3456 1967 3509 τοσοῦτον

393 3543 730 3613 ἀπεσχίσθης
760 3542 950 3613 χρόνον
979 3530 1085 3611 τῆξ
1108 3540 1462 3610 Ἐκκλησίας,
1494 3539 1753 3593 ἐπάνελθε
1784 3539 1966 3593 λοιπὸν

395 3626 529 3698 πρὸς
582 3626 681 3695 τὴν
730 3626 959 3696 μητέρα.
1008 3624 1195 3687 υύδεὶς
1226 3624 1371 3691 λέγει
1394 3663 1409 3683 .
1454 3623 1669 3694 Ἐπειδὴ
1718 3622 1967 3677 τοσοῦτον

395 3711 585 3780 χρόνον
618 3711 675 3762 ἐν
701 3709 870 3781 ἔχθρα
898 3709 1140 3779 διέμεινα
1173 3749 1187 3768 ,
1215 3707 1538 3779 αἰσχύνομαι
1569 3706 1967 3777 καταλλαγῆναι

396 3796 508 3848 νῦν.
545 3794 784 3866 Αἰσχύνη
810 3794 917 3865 γάρ
946 3796 1093 3847 ἐστιν
1113 3832 1128 3855 ,
1154 3792 1215 3845 ού
1255 3792 1316 3845 τὸ
1360 3790 1790 3862 μεταϐάλλεσθαι
1834 3793 1968 3861 πρὸς

394 3878 457 3930 τὸ
500 3878 702 3947 βέλτιον
727 3917 741 3939 ,
789 3876 926 3930 άλλά
961 3879 1021 3928 τὸ
1054 3876 1232 3946 μένειν
1278 3874 1371 3928 ἐπὶ
1416 3873 1517 3944 τῆς
1545 3874 1771 3945 ἀκαίρου
1819 3873 1967 3943 φιλο-

397 3962 623 4025 νεικίας.
652 3961 820 4014 Τοῦτο
848 3961 944 4015 καὶ
980 3958 1263 4021 Ἰουδαίους
1290 3957 1595 4023 ἀπώλεσεν,
1640 3958 1690 4012 οἳ
1732 3957 1831 4029 τὴν
1862 3973 1967 4010 παρ

398 4046 553 4101 λαιὰν
604 4042 986 4115 ἐπιζητοῦντες
1032 4043 1119 4096 ἀεὶ
1173 4041 1496 4113 συνήθειαν,
1533 4039 1968 4111 πρὸς.ἀσέϐειαν

399 4128 572 4182 ἀπεσύ
581 4144 750 4199 ροντο.

472 4274 583 4325 Kal
621 4270 674 4323 τί
708 4270 850 4337 λέγω
881 4270 1009 4339 περὶ
1052 4270 1299 4339 νηστείας
1331 4270 1423 4321 καὶ
1468 4269 1691 4338 ἡμερῶν
1724 4287 1972 4342 παρατη-

401 4357 642 4426 ρήσεως;
671 4357 700 4408 ὁ
724 4354 932 4416 Παῦλος
956 4355 1047 4406 τὸν
1072 4353 1235 4423 νόμον
1265 4352 1485 4406 διετέλει
1520 4354 1802 4423 φυλάττων
1825 4393 1840 4417 ,
1878 4355 1972 4409 καὶ

399 4440 568 4492 πολὺν
596 4438 886 4506 ὑπέμεινεν
921 4435 1141 4507 ἱδρῶτα,
1165 4436 1260 4489 καὶ
1293 4435 1493 4499 πολλὰς
1521 4436 1619 4507 μὲν
1644 4436 1970 4507 ὁδοιπορίας,

402 4522 601 4586 πολλάς
622 4522 680 4576 δὲ
708 4521 966 4591 ἠνέσχετο
991 4519 1363 4590 ταλαιπωρίας
1388 4520 1579 4591 ἐτέρας
1597 4561 1610 4583 ,
1637 4521 1731 4574 καὶ
1757 4521 1973 4575 πάντων

400 4608 622 4677 ἐκράτει
660 4605 767 4659 τῶν
795 4604 1072 4675 ὁμηλίκων
1102 4603 1244 4659 κατὰ
1271 4604 1371 4675 τὴν
1400 4604 1500 4674 τῆς
1532 4604 1806 4670 πολιτείας
1833 4605 1976 4658 ὲκεί-

401 4708 499 4759 νης
543 4689 853 4761 ἀκρίϐειαν·
894 4687 1007 4741 ἀλλ’
1030 4689 1180 4759 ὅμως
1230 4686 1369 4758 μετὰ
1418 4688 1479 4741 τὸ
1511 4687 1646 4758 πρὸς
1693 4688 1755 4742 τὸ
1806 4689 1974 4760 ἄκρον

403 4772 590 4826 ἐλάσαι
637 4772 733 4842 τῆς
785 4770 1058 4833 πολιτείας
1105 4770 1354 4841 ἐκείνης,
1396 4769 1581 4840 ἐπειδὴ
1617 4770 1851 4823 συνεῖδεν
1893 4772 1975 4823 ὅτι

403 4852 493 4907 ἐπ’
538 4852 744 4923 ὀλέθρῳ
808 4852 901 4905 καὶ
959 4850 1129 4922 βλάϐῃ
1187 4852 1363 4905 πάντα
1418 4850 1683 4921 ἔπραττεν
1704 4893 1720 4915 ,
1774 4852 1974 4916 εὐθέως

408 4935 677 5007 μετέθετο.
705 4936 815 4989 Kal
845 4936 946 4988 ούκ
976 4931 1097 4988 εἰπε
1126 4935 1261 5005 πρὸς
1286 4934 1494 4999 ἐαυτὸν,
1527 4934 1676 5008 [614]
1699 4937 1764 4988 Τί
1790 4936 1975 5001 τοῦτο;

403 5017 673 5088 τοσαύτην
721 5017 1020 5089 ζημιοῢμαι
1055 5019 1326 5089 σπουδήν;
1359 5018 1610 5073 τοσοῦτον
1654 5021 1840 5074 ἀπολῶ
1881 5022 1978 5075 πό·

404 5118 528 5166 νον;
560 5101 695 5154 ἀλλὰ
729 5100 795 5179 δι’
827 5100 961 5154 αὐτὸ
1002 5100 1102 5170 μὲν
1144 5099 1238 5155 οὖν
1288 5101 1446 5155 τοῦτο
1473 5103 1769 5173 ταχύτερον
1820 5120 1977 5172 μετε-

405 5185 535 5255 τέθη
556 5223 572 5247 ,
603 5185 687 5237 ἴνα
713 5183 786 5254 μὴ
820 5182 957 5253 μένῃ
990 5182 1149 5241 πάλιν
1181 5183 1277 5237 ἐπὶ
1299 5183 1396 5254 τῆς
1417 5184 1590 5254 αὐτῆς
1618 5183 1821 5255 ζημίας
1839 5227 1855 5251 ,
1884 5186 1978 5241 καὶ

405 5268 505 5338 τῆς
537 5269 594 5320 ἐν
624 5266 702 5338 τῷ
742 5266 891 5336 νόμῳ
921 5266 1263 5337 δικαιοσύνης
1296 5268 1726 5339 κατεφρόνησεν,
1759 5271 1844 5323 ἵνα
1879 5271 1978 5340 τὴν

406 5353 472 5405 ἐκ
509 5353 742 5413 πίστεως
788 5350 959 5421 λάϐῃ·
1009 5350 1100 5404 xal
1133 5350 1232 5420 βοᾷ
1262 5350 1435 5418 λέγων
1459 5393 1475 5417 ,
1506 5352 1707 5406 "Aura
1754 5350 1835 5423 ἦν
1875 5371 1979 5423 μοι

406 5433 587 5501 κέρδη
607 5474 622 5498 ,
655 5432 842 5487 ταῦτα
887 5431 1107 5501 ἥγημαι
1153 5430 1253 5486 διὰ
1292 5432 1399 5485 τὸν
1446 5434 1705 5505 Χριστόν
1748 5432 1977 5505 ζημίαν.

419 5516 558 5570 ἐὰν
589 5515 945 5585 προσφέρῃς
997 5514 1065 5569 τὸ
1114 5513 1309 5583 δῶρόν
1343 5529 1489 5582 σου,
1540 5519 1705 5589 φησὶν
1726 5557 1741 5583 ,
1779 5518 1875 5573 ἐπὶ
1911 5519 1978 5571 τὸ

470 5697 502 5731 ⁸
523 5700 602 5749 Sic
623 5700 742 5758 Reg.
771 5697 899 5749 ἰξύίιὶ
921 5710 1038 5747 vero
1062 5703 1420 5760 καταφρόνητοι.

2050 736 2190 790 κατά
2220 738 2336 798 σοῦ,
2368 737 2430 790 ού
2464 740 2738 808 συγχωρεῖ
2760 756 2844 791 σοι
2865 740 3253 809 προσενεγκεῖν
3280 738 3381 806 τὴν
3411 736 3627 801 θυσίαν,

2047 820 2153 883 ἕως
2180 820 2247 872 ἀν
2278 819 2427 890 αὐτῷ
2454 821 2797 892 καταλλαγῆς
2815 839 2831 853 ·
2865 820 3191 891 Ἐκκλησίας
3218 819 3275 872 δὲ
3302 820 3628 890 ὁλοκλήρου.

2050 904 2144 957 καὶ
2166 903 2432 957 τοσούτων
2465 904 2717 975 πατέρων
2745 904 2976 975 ἐχόντων
2999 904 3140 958 κατά
3163 902 3279 967 σοῦ,
3301 903 3504 974 τολμᾷς
3531 904 3631 956 καὶ

2050 986 2344 1057 ὑπομένεις
2365 1028 2380 1052 ,
2409 987 2483 1058 μὴ
2529 986 2839 1051 καταλύσας
2883 987 2984 1057 τὴν
3029 986 3230 1057 ἔχθραν
3257 986 3360 1055 τὴν
3399 986 3632 1055 ἄκαιρον

2050 1069 2253 1141 ταύτην
2275 1111 2290 1133 ,
2319 1074 2431 1133 τοῖς
2464 1070 2629 1132 θείοις
2662 1069 2976 1139 προσελθεῖν
3008 1068 3365 1139 μυστηρίοις;
3388 1068 3482 1120 καὶ
3512 1066 3633 1130 πῶς

2052 1153 2119 1206 ἂν
2145 1152 2329 1207 δύναιο
2361 1153 2546 1223 πάσχα
2579 1152 2845 1205 ἐπιτελεῖν
2875 1152 3018 1205 οὕτω
3043 1152 3416 1222 διακείμενοςς
3444 1143 3631 1202 Ταῦτα

2051 1236 2170 1306 οὐχὶ
2195 1236 2331 1306 πρὸς
2356 1236 2596 1298 ἐκείνους
2619 1235 2760 1301 λέγω
2792 1236 3013 1304 μόνους,
3035 1234 3171 1289 ἀλλά
3202 1232 3299 1287 καὶ
3322 1232 3460 1302 πρὸς
3486 1231 3632 1301 ὑμᾶς

2052 1319 2177 1382 τοὺς
2208 1319 2564 1387 ὑγιαίνοντας,
2595 1318 2682 1371 ἵνα
2701 1318 2858 1380 ὅσους
2887 1317 2953 1371 ἂν
2986 1317 3131 1389 ἴδητε
3156 1315 3427 1378 τοιούτους
3448 1315 3630 1376 δντας,

2057 1402 2195 1472 μετά
2222 1402 2509 1473 ἀκριϐείας
2554 1400 2754 1471 πολλῆς
2793 1401 2889 1453 καὶ
2937 1399 3268 1471 προσηνείας
3317 1396 3632 1464 ἐκλέγοντες

2056 1484 2437 1556 συναγάγητε,
2484 1483 2579 1538 καὶ
2631 1481 2768 1553 πρὸς
2811 1481 2910 1553 τὴν
2960 1482 3174 1553 μητέρα
3220 1478 3631 1548 ἐπαναγάγητε.

2054 1566 2171 1621 Κᾶν
2200 1565 2534 1620 ἀντιτείνωσι
2559 1604 2574 1629 ,
2616 1564 2721 1618 κᾶν
2759 1561 3046 1635 σκιρτῶσι,
3088 1563 3191 1617 κᾶν
3234 1561 3412 1615 ὁτιοῦν
3445 1561 3635 1631 ἕτερον

2055 1650 2372 1719 πράττωσι,
2408 1648 2483 1720 μὴ
2522 1646 2931 1717 ἀποκάμωμεν,
2964 1646 3071 1709 ἕως
3098 1645 3163 1699 ἂν
3187 1645 3383 1706 αὐτοὺς
3430 1642 3632 1695 πείσω.

2057 1750 2192 1803 μεν·
2227 1732 2379 1786 οὐδὲν
2432 1730 2541 1803 γὰρ
2594 1731 2815 1801 εἰρήνης
2863 1727 2977 1781 ῖσον
3020 1728 3113 1781 καὶ
3151 1726 3489 1797 συμφωνίας.
3534 1724 3635 1778 Διά

2053 1814 2211 1868 τοῦτο
2241 1815 2336 1869 καὶ
2359 1813 2543 1868 εἰσιὼν
2569 1815 2600 1867 ὁ
2629 1812 2813 1883 πατὴρ
2837 1851 2853 1875 ,
2878 1811 2939 1865 οὐ
2963 1810 3225 1882 προτερον
3252 1809 3346 1861 ἐπὶ
3380 1807 3472 1861 τὸν
3505 1805 3634 1878 096-

2054 1913 2145 1950 νον
2188 1896 2469 1951 ἀναϐαίνει
2498 1897 2685 1950 τοῦτον
2703 1936 2718 1957 ,
2765 1895 2871 1958 ἕως
2900 1894 2967 1948 ἂν
3014 1894 3216 1947 ἅπασιν
3247 1892 3378 1961 ὑμῖν
3407 1890 3637 1960 εἰρήνην

2057 1980 2390 2053 ἐπεύξηται,
2421 1982 2516 2035 καὶ
2556 1980 2795 2043 ἀναστὰς
2843 1979 2905 2032 ού
2958 1977 3221 2048 πρότερον
3259 1974 3487 2047 ἄρχεται
3535 1974 3637 2043 τῆς

2056 2063 2193 2134 πρὸς
2223 2064 2366 2134 ὑμᾶς
2394 2062 2740 2126 διδασκαλίας
2766 2098 2780 2122 ,
2812 2061 2916 2124 ἓως
2948 2061 3013 2115 ἂν
3038 2061 3210 2113 άπασι
3237 2056 3312 2127 δῷ
3337 2057 3439 2126 τὴν
3475 2056 3635 2126 εἰρή-

2056 2162 2172 2217 νην.
2220 2147 2327 2200 Kal
2385 2146 2668 2217 μέλλοντες
2718 2144 2958 2213 εὐλογεῖν
3011 2144 3060 2195 οἱ
3114 2142 3316 2212 ἱερεῖς,
3368 2137 3637 2211 πρότερον

2056 2227 2215 2283 τοῦτο
2271 2230 2398 2300 ύμῖν
2445 2229 2832 2298 ἐπευξάμενοι,
2887 2225 3027 2278 οὕτω
3077 2224 3175 2293 τῆς
3233 2221 3481 2290 εὐλογίας
3534 2221 3631 2292 ἂρ-

2058 2327 2259 2381 χονται.

2130 2457 2240 2510 Kal
2267 2458 2295 2510 6
2325 2454 2569 2517 διάκονος
2601 2453 2655 2507 δὲ
2682 2453 2915 2507 κελεύων
2942 2450 3196 2522 εὔχεσθαι
3242 2448 3377 2521 μετά
3400 2447 3511 2499 τῶν
3542 2445 3637 2500 ἀλ-

2061 2538 2187 2602 λων,
2218 2538 2494 2592 καὶτοῦτο
2526 2538 2801 2590 ἐπιτάττει
2832 2536 2975 2589 κατά
3002 2535 3098 2605 τὴν
3133 2534 3319 2603 εὐχὴν,
3350 2533 3523 2585 αἰτεῖν
3546 2528 3644 2581 τὸν

2060 2621 2289 2690 ἄγγελον
2341 2620 2440 2691 τῆς
2494 2621 2715 2691 εἰρήνης
2741 2660 2755 2679 ,
2806 2620 2901 2671 καὶ
2950 2618 3019 2670 τά
3070 2615 3405 2688 προκείμενα
3459 2612 3642 2665 πάντα

2062 2703 2350 2775 εἰρηνικά,
2384 2704 2476 2756 καὶ
2520 2703 2618 2772 τῆς
2658 2700 2876 2754 συνόδου
2916 2698 3119 2764 ταύτης
3165 2696 3416 2752 ἀπολύων
3464 2693 3642 2764 ὑμᾶς,

2062 2787 2217 2840 τοῦτο
2245 2788 2372 2858 ὑμῖν
2397 2786 2691 2856 ἐπεύχεται
2721 2785 2916 2853 λέγων,
2948 2783 3281 2851 Πορεύεσθε
3306 2781 3376 2833 ἐν
3406 2776 3637 2847 εἰρήνῃ·

2064 2871 2156 2922 καὶ
2184 2870 2335 2923 ούδέν
2362 2869 2495 2931 ὅλως
2531 2869 2609 2921 ἔνι
2645 2866 2766 2920 οὔτε
2799 2868 2971 2919 εἰπεῖν
2995 2907 3010 2926 ,
3051 2864 3173 2917 οὔτε
3210 2863 3416 2935 πρᾶξαι
3438 2862 3642 2928 ταύτης

2064 2953 2249 3022 χωρίς.
2286 2953 2434 3024 Αὕτη
2472 2952 2579 3020 γάρ
2618 2952 2764 3004 ἐστιν
2791 2952 2826 3020 ἡ
2856 2949 3053 3019 τροφὸς
3103 2947 3260 3019 ήμῶν
3310 2946 3405 2999 καὶ
3437 2946 3641 3015 μήτηρ.

2065 3036 2343 3089 θάλπουσα
2372 3034 2509 3105 μετά
2532 3034 2732 3104 πολλῆς
2756 3033 2854 3103 τῆς
2883 3030 3165 3102 ἀκριϐείας
3203 3030 3369 3100 ἡμᾶς.
3405 3028 3654 3097 Εἰρήνην

2064 3118 2120 3171 δὲ
2148 3118 2382 3185 λέγω,ού
2410 3118 2511 3187 τὴν
2542 3116 2648 3168 ἀπὸ
2671 3115 3028 3186 προσρήσεως
3047 3112 3210 3183 ψιλῆς
3227 3153 3242 3174 ,
3265 3111 3387 3166 ούδέ
3412 3110 3511 3181 τὴν
3540 3110 3647 3162 ἀπδ

2064 3201 2165 3271 τῆς
2196 3200 2478 3262 κοινωνίας
2530 3198 2636 3251 τῶν
2664 3197 2952 3269 τραπεζῶν
2972 3236 2987 3254 .
3039 3194 3175 3250 ἀλλά
3206 3194 3303 3265 τὴν
3335 3194 3477 3247 κατά
3511 3191 3650 3243 Θεὸν

2066 3286 2288 3356 εἰρήνην
2313 3324 2326 3345 ,
2357 3283 2455 3353 τὴν
2486 3283 2550 3334 ἐκ
2598 3281 2699 3350 τῆς
2738 3280 3054 3351 συμφωνίας
3094 3280 3193 3348 τῆς
3243 3277 3645 3347 πνευματικῆς.

2064 3369 2132 3439 ην
2162 3367 2344 3421 πολλοί
2371 3365 2638 3419 διασπῶσι
2660 3364 2775 3430 νῦν,
2807 3365 2948 3436 ὑπὲρ
2977 3363 3204 3433 ἀκαίιωυ
3228 3361 3652 3430 φιλονεικίαςτά

2068 3451 2309 3522 ἡμέτερα
2340 3449 2756 3520 καθαιροῦντες,
2806 3450 2898 3501 καὶ
2943 3446 3011 3499 τά
3062 3445 3332 3499 Ἰουδαίων
3367 3443 3647 3507 αὔξοντες,

2067 3533 2307 3596 ἐκείνους
2355 3531 2826 3602 ἀξιοπιστοτέρους
2872 3528 3220 3590 διδασκάλους
3271 3526 3379 3580 τῶν
3428 3525 3649 3578 οἰκείων

2069 3615 2320 3687 πατέρων
2346 3615 2660 3687 ἡγούμενοι,
2685 3614 2780 3667 καὶ
2816 3616 2929 3677 τοῖς
2959 3611 3360 3683 χριστοκτόνοις
3392 3609 3526 3679 περὶ
3554 3607 3653 3661 τοῦ

2068 3698 2274 3761 πάθους
2311 3699 2693 3761 πιστεύοντες·
2734 3691 2795 3750 οὗ
2844 3696 2897 3749 τί
2943 3694 3136 3764 γένοιτ’
3165 3693 3232 3748 ἂν
3271 3691 3646 3761 ἀλογώτερον;

2070 3785 2184 3837 Οὐκ
2213 3780 2358 3849 οἶδας
2385 3786 2466 3838 ὅτι
2495 3785 2672 3836 ἐκεῖιο
2695 3781 2892 3845 τύπος,
2919 3780 3079 3833 τοῦτο
3109 3780 3165 3832 δὲ
3207 3777 3465 3848 ἀλήθεια;
3504 3777 3651 3846 Ὅρα

2072 3868 2183 3936 γὰρ
2206 3867 2366 3920 πόσον
2396 3865 2456 3919 τὸ
2485 3865 2759 3936 διάφορον.
2803 3864 3007 3916 Ἐκεῖνο
3042 3862 3268 3915 θάνατον
3296 3860 3499 3914 ἐκώλυε
3540 3876 3649 3911 σω,

2083 3950 2327 4021 ματικδν,
2350 3948 2510 4002 τοῦτο
2535 3949 2702 4020 ὀργὴν
2730 3946 2886 3999 ἔλυσε
2908 3947 3007 4016 τὴν
3037 3944 3173 3999 κατά
3200 3945 3297 4014 τῆς
3324 3942 3649 4011 οἰκουμένης

2080 4034 2386 4105 φερομένην
2410 4033 2629 4103 ἀπάσης
2653 4047 2667 4060 ·
2696 4031 2870 4083 ἐκεῖνο
2897 4031 3171 4098 Αἰγύπτου
3196 4030 3315 4081 τότε
3349 4026 3651 4097 ἀπήλλαξε,

2078 4116 2238 4169 τοῦτο
2281 4113 2719 4185 εἰδωλολατρείας
2753 4111 3156 4183 ἠλευθέρωσεν·
3188 4112 3361 4164 ἐκεῖνο
3408 4110 3501 4162 τὸν
3544 4111 3626 4162 Φα

2079 4197 2227 4270 ραὼ,
2271 4198 2427 4250 τοῦτο
2464 4197 2554 4249 τὸν
2584 4195 2828 4250 διάϐολον
2859 4194 3156 4261 ἀπέπνιξε“
3188 4194 3305 4265 μετ’
3333 4195 3508 4247 ἐκεῖνο
3543 4193 3659 4247 Πα-

2074 4278 2350 4351 λαιστίνη,
2385 4279 2523 4351 μετὰ
2549 4278 2707 4332 τοῦτο
2738 4278 2983 4350 οὐρανός.

2148 4422 2213 4475 Τί
2242 4422 2422 4476 τοίνυν
2455 4423 2534 4494 τῷ
2561 4422 2741 4494 λύχνῳ
2770 4420 3183 4494 προσεδρεύεις,
3216 4418 3309 4474 τοῦ
3340 4419 3494 4492 ηλίου
3546 4438 3656 4491 φα-

2074 4513 2291 4577 νέντοςς
2318 4514 2370 4567 τί
2399 4513 2457 4568 δέ
2484 4512 2564 4584 τῷ
2594 4513 2829 4583 γάλακτι
2859 4510 3154 4582 τρέφεσθαι
3184 4510 3396 4582 βούλει,
3425 4512 3658 4583 στερεᾶς

2082 4621 2163 4657 σοι
2194 4604 2474 4676 διδομένης
2504 4578 2746 4677 τ’ροξρῆςς
2788 4578 3082 4657 Διά-τούτο
3109 4578 3350 4674 ἐτράφης
3394 4578 3653 4672 γάλακτι,
3750 4606 3757 4617 ’
3806 4578 3807 4587 ί

2076 4695 2163 4748 ῖνα
2197 4695 2271 4766 μὴ
2308 4695 2473 4769 μένῃς
2502 4697 2560 4750 ἐν
2591 4694 2667 4766 τῷ
2694 4695 2926 4764 γάλακτι
2949 4712 2962 4725 ·
2998 4693 3088 4749 διά
3110 4693 3266 4748 τοῦτό
3295 4710 3379 4747 σοι
3405 4695 3436 4749 ὁ
3461 4694 3657 4766 λύχνος

2076 4786 2281 4857 ἐφάνη,
2312 4786 2398 4839 ἶνα
2440 4785 2576 4856 πρὸς
2611 4784 2701 4839 τὸν
2734 4784 2882 4855 ἥλιον
2905 4783 3340 4856 χειραγωγηθῇς.
3372 4784 3524 4857 [615]
3563 4785 3659 4857 Μὴ

2076 4877 2276 4943 τοίνυν,
2314 4877 2422 4931 τῶν
2445 4876 2790 4947 τελειοτέρων
2812 4878 3267 4948 παραγενομένων
3288 4876 3654 4947 πραγμάτων,

2079 4964 2215 5037 πρὸς
2243 4965 2312 5020 τά
2355 4967 2596 5039 πρότερα
2619 4966 3107 5038 ἐπανατρέχωμεν,
3145 4966 3281 5037 μηδὲ
3308 4967 3522 5037 ἡμέρας
3560 4967 3655 5022 καὶ

2079 5058 2303 5128 καιροὺς
2345 5058 2438 5111 καὶ
2490 5059 2768 5122 ἐνιαυτοὺς
2798 5057 3207 5129 παρατηρῶμεν
3228 5098 3244 5121 ,
3274 5058 3412 5113 ἀλλά
3449 5075 3654 5113 παναι-

2079 5147 2176 5220 χοῦ
2228 5150 2293 5219 τῇ
2342 5148 2636 5221 Ἐκκλησία
2694 5151 2810 5220 μετ’
2858 5149 3141 5221 ἀκριϐείας
3196 5149 3499 5221 ἐπώμεθα,
3552 5152 3656 5223 τὴν

2079 5242 2299 5311 ἀγάπην
2360 5242 2454 5295 καὶ
2512 5241 2610 5313 τὴν
2677 5243 2901 5313 εἰρήνην
2954 5241 3336 5313 προτιμῶντες
3373 5243 3652 5298 ἁπάντων.

2081 5332 2142 5385 Εἰ
2172 5330 2280 5403 γὰρ
2310 5331 2405 5384 καὶ
2434 5330 2728 5400 ἐσφάλλετο
2752 5330 3115 5403 ήἙκκλησία,
3139 5333 3200 5387 ού
3237 5333 3489 5387 τοσοῦτον
3515 5350 3652 5387 τιατ⁸

2078 5422 2305 5494 όροωμα
2347 5422 2455 5476 ἀπὸ
2502 5422 2600 5493 τῆς
2646 5421 2756 5475 τῶν
2814 5424 3022 5493 χρόνων
3055 5422 3341 5496 ἀκριϐείας
3373 5418 3475 5494 ἦν,
3526 5423 3683 5478 ὃων⁸

2082 5513 2327 5584 ἔγκλημα
2357 5512 2464 5566 ἀπὸ
2486 5513 2584 5584 τῆς
2606 5513 2919 5586 διαιρέσεως
2956 5516 3048 5571 καὶ
3073 5514 3163 5569 τοῦ
3203 5516 3502 5587 σχίσματος
3535 5515 3659 5568 τού,

3802 5680 3805 5781 ι
