3866 6226
288 289 394 339 869

285 418 399 454 ntus
429 417 581 471 super
606 400 848 463 animam,
878 396 1125 466 quomodo
1155 412 1253 447 non
1278 393 1630 464 fraudabimur
1654 392 1723 447 ad
1747 389 1873 459 olfe-

287 492 500 545 reudum
517 491 655 544 dona
674 489 886 542 Dantiho
904 486 1087 558 (Num.
1111 488 1162 542 9.
1181 487 1272 554 7)?
1295 486 1438 540 State
1462 484 1592 549 istic,
1617 482 1807 553 inquit,
1830 490 1875 535 et

288 584 561 650 olferemus
607 582 675 634 ad
725 580 885 633 Deum
940 578 1048 649 (Ib.
1077 597 1127 633 υ.
1160 579 1241 645 8).
1284 576 1482 631 Deinde
1511 590 1630 629 cum
1661 572 1875 629 retulis-

289 682 393 735 set,
425 675 593 743 legem
626 672 832 735 detulit,
866 687 983 740 qua:
1011 670 1351 739 prrcipiebat
1373 686 1386 721 :
1412 667 1473 722 Si
1509 666 1620 737 quis
1651 666 1875 718 immutu-

290 767 387 816 dus
408 763 559 832 fuerit
579 779 732 832 super
751 762 970 814 animam
990 760 1067 814 vel
1089 764 1139 813 in
1160 763 1239 812 via
1260 759 1433 829 longa,
1456 766 1500 812 et
1518 756 1680 827 primo
1709 770 1878 809 mense

294 854 496 908 Pascha
521 858 686 925 facere
712 871 812 907 non
837 856 1072 924 poluerit,
1103 854 1250 923 faciet
1278 853 1330 905 in
1356 851 1572 905 secunda
1600 847 1877 916 (Ib.v.10).

296 946 505 1015 Ergone
532 945 671 1014 apud
697 944 911 999 Judaeos
943 945 1194 1014 temporis
1218 943 1442 998 solvitur
1466 941 1788 1009 observatio,
1819 949 1878 994 ut

294 1036 643 1106 Jerosolymis
666 1034 867 1089 Pascha
886 1036 1219 1090 celebretur:
1242 1043 1295 1088 et
1318 1042 1372 1087 tn
1392 1031 1733 1088 concordiam
1755 1046 1875 1086 cum

298 1128 538 1184 Erclesia
570 1128 792 1196 tempori
820 1143 922 1180 non
949 1126 1233 1189 anteferes,
1260 1125 1352 1179 sed
1378 1132 1432 1178 ut
1453 1124 1568 1179 dies
1593 1123 1880 1178 observare

297 1220 547 1285 videaris,
577 1234 914 1273 communem
944 1220 1180 1272 omnium
1203 1227 1444 1271 nostrum
1487 1224 1710 1269 matrem
1742 1214 1879 1282 inju-

296 1312 375 1366 ria
401 1312 622 1376 al'licies,
648 1321 703 1366 ct
724 1321 1043 1367 conventum
1072 1324 1282 1365 sacrum
1304 1306 1547 1363 divides?
1568 1307 1696 1373 Quis
1722 1307 1882 1376 igitur

297 1404 450 1455 venia
485 1410 536 1456 te
577 1402 794 1471 dignum
837 1400 1097 1467 censebit,
1148 1400 1237 1471 qui
1282 1400 1425 1454 nulla
1464 1399 1531 1454 de
1568 1412 1727 1453 causa
1758 1396 1880 1452 talia

299 1501 520 1561 peccare
551 1492 716 1545 velis?

375 1581 578 1635 Pascha
607 1598 705 1635 non
737 1597 999 1651 possumus
1023 1581 1302 1643 obseruare,
1354 1597 1453 1649 quo
1491 1580 1573 1633 die
1608 1550 1883 1647 cruciﬁxus

301 1686 373 1726 est
396 1673 641 1727 Christus.
670 1703 741 1713 —
764 1673 899 1739 Quid
930 1684 1107 1727 autem
1145 1673 1214 1726 dc
1251 1670 1450 1726 Iudaeis
1486 1670 1713 1739 loquor?
1749 1668 1881 1723 Nam

302 1783 371 1820 ne
403 1782 499 1821 nos
526 1766 739 1836 quidem
765 1767 924 1820 etiam
948 1766 993 1819 si
1021 1764 1364 1819 vehementer
1390 1763 1669 1831 cupiamus
1698 1770 1753 1817 et
1785 1776 1883 1815 an—

303 1858 560 1923 nitamnr,
589 1857 728 1911 diem
761 1857 908 1910 illum
955 1856 1173 1909 omnino
1221 1856 1510 1910 observare
1554 1867 1730 1923 posse,
1776 1867 1884 1922 quo

302 1948 593 2003 cruciﬁxus
635 1957 735 2005 est.
770 1948 892 2003 inde
919 1955 1145 2001 constat.
1174 1946 1322 2000 Licet
1347 1946 1487 2001 enim
1521 1953 1883 2014 transgresso-

304 2054 393 2093 res
420 2038 588 2093 Judzei
614 2056 719 2092 non
749 2039 990 2101 fuissent,
1019 2054 1193 2109 neque
1222 2039 1410 2108 ingrati
1443 2036 1683 2100 fuissent,
1712 2052 1886 2106 neque

303 2129 521 2197 stupidi,
558 2144 729 2198 neque
754 2128 965 2183 desides
994 2144 1057 2183 ac
1081 2138 1500 2197 eontemptores,
1533 2141 1704 2197 neque
1731 2142 1761 2180 a
1790 2143 1885 2193 pa-

302 2220 470 2273 ternis
490 2219 676 2275 ritibus
699 2220 1037 2286 excidissent,
1064 2219 1156 2275 sed
1182 2234 1275 2275 eos
1296 2220 1583 2274 etiamnum
1604 2219 1887 2288 diligenter

304 2311 670 2372 observarent,
703 2327 769 2366 ne
797 2312 873 2365 sic
900 2311 1113 2381 quidem
1144 2310 1257 2365 ﬁeri
1289 2319 1487 2381 posset,
1540 2320 1599 2364 ut
1639 2325 1738 2365 nos
1765 2310 1888 2365 illo-

304 2418 423 2455 rum
446 2403 681 2472 vestigiis
702 2403 993 2458 insistendo
1012 2404 1152 2458 diem
1176 2404 1331 2458 istum
1353 2419 1461 2473 qtto
1483 2402 1765 2459 cruciﬁxus
1780 2414 1881 2465 εει,

304 2502 361 2545 et
392 2492 587 2546 Pascha
616 2494 926 2555 celebravit,
949 2509 1375 2564 assequeremur.
1410 2494 1526 2560 Quo
1557 2509 1684 2548 vero
1708 2503 1883 2563 pacto,

303 2598 405 2651 ego
433 2583 623 2636 dicant.
671 2584 892 2650 Quando
933 2587 1215 2639 cruciﬁxus
1242 2595 1345 2651 est,
1392 2594 1501 2639 tum
1544 2586 1743 2655 primus
1771 2585 1888 2640 dies

303 2688 611 2743 azymorum
637 2684 771 2740 erat,
795 2685 849 2729 et
880 2690 1194 2744 parasceve:
1229 2676 1343 2730 haec
1368 2676 1508 2730 enim
1535 2685 1755 2746 utraque
1773 2676 1887 2731 ﬁeri

304 2764 508 2833 nequit,
542 2773 598 2818 ut
625 2774 879 2835 perpetuo
900 2776 1242 2821 concurrant.
1276 2767 1409 2822 Ecce
1431 2781 1658 2835 namque
1686 2768 1889 2836 primus

304 2856 421 2911 dies
446 2871 755 2927 azymorum
780 2856 882 2912 hoc
910 2873 1050 2912 anno
1076 2859 1129 2913 in
1154 2858 1474 2913 dominicum
1505 2858 1645 2913 diem
1678 2858 1884 2925 incidit,

306 2957 363 3001 et
387 2949 606 3003 omnino
636 2963 854 3004 necesse
872 2960 971 3015 est,
994 2958 1053 3002 ut
1078 2958 1185 3004 tota
1207 2950 1537 3004 hebdomada
1562 2950 1885 3021 jejunemus,

307 3049 357 3093 et
382 3055 502 3094 cum
526 3040 701 3109 passio
727 3040 1062 3109 praeterierit,
1085 3050 1138 3095 et
1158 3055 1287 3095 crux
1308 3040 1603 3107 advenerit,
1630 3050 1685 3096 et
1711 3056 1886 3096 resur-

307 3130 498 3195 rectio,
531 3144 627 3183 nos
657 3129 833 3183 adhuc
858 3129 1162 3199 jejunantcs
1192 3145 1519 3185 maneamus.
1553 3131 1616 3185 Et
1645 3146 1891 3200 saepenu-

307 3238 458 3276 mero
486 3222 621 3277 istud
648 3223 860 3289 accidit,
892 3234 949 3278 ut
977 3232 1096 3293 post
1119 3238 1355 3288 crucem,
1399 3234 1515 3293 post
1543 3225 1891 3282 resurrectio-

308 3328 454 3378 nem,
487 3311 815 3368 bebdomada
857 3314 1089 3369 nondum
1119 3315 1381 3383 absoluta,
1406 3317 1664 3385 jejunium
1707 3317 1889 3374 obser-

307 3420 515 3458 vemus.
545 3405 617 3459 Ita
647 3406 790 3460 nulla
818 3409 1072 3476 temporis
1097 3416 1179 3462 est
1206 3409 1530 3463 observatio.

380 3497 433 3551 6.
476 3497 551 3551 Ne
598 3497 756 3567 igitur
797 3499 1200 3563 contendamus,
1256 3515 1391 3555 neve
1441 3500 1571 3555 illud
1616 3499 1887 3569 dicamus,

310 3598 461 3644 tanto
484 3589 990 3659 temporejcjunavi,
1013 3600 1067 3645 et
1092 3606 1232 3646 nunc
1258 3607 1459 3646 morem
1488 3593 1739 3648 mutabo?
1760 3594 1890 3649 Pro-

310 3692 429 3750 pter
450 3679 551 3735 hoc
577 3681 746 3749 ipsum
773 3692 915 3735 muta
938 3699 950 3733 :
974 3682 1113 3750 quod
1138 3694 1242 3737 tam
1270 3684 1440 3737 multo
1466 3693 1705 3755 tempore
1730 3686 1891 3740 lueris

310 3774 381 3827 ab
413 3772 645 3829 Ecclesia
672 3773 894 3839 divisus,
938 3774 1004 3828 ad
1050 3783 1273 3829 matrem
1305 3776 1555 3846 deinceps
1598 3788 1887 3832 revertere.

309 3864 480 3920 Nemo
508 3864 657 3930 dicit,
689 3864 1115 3935 quandoquidem
1144 3874 1289 3920 tanto
1320 3874 1561 3935 tempore
1588 3867 1892 3922 inimicitias

312 3956 550 4023 exercui,
586 3970 728 4009 nunc
753 3956 1082 4010 reconciliari
1110 3971 1195 4011 me
1224 3956 1404 4026 pudet.
1436 3957 1527 4011 Est
1552 3957 1694 4013 enim
1723 3957 1893 4027 pudor

313 4055 367 4101 et
394 4045 679 4116 ignominia
702 4060 807 4099 non
830 4046 882 4099 in
911 4046 1101 4100 melius
1136 4046 1353 4112 mutari,
1383 4046 1476 4102 sed
1508 4048 1560 4101 in
1588 4048 1892 4117 importuna

313 4139 657 4193 contentione
685 4137 989 4208 persistere.
1037 4138 1148 4193 lloc
1186 4138 1400 4194 Judteos
1430 4139 1588 4194 etiam
1641 4139 1890 4209 perdidit,

314 4231 403 4299 qui
431 4231 555 4283 dum
598 4238 829 4283 veterem
872 4230 1308 4284 consuetudinem
1354 4245 1568 4300 semper
1597 4230 1891 4301 inquirunt,

315 4320 382 4375 ad
399 4321 722 4389 impietatem
752 4319 1184 4375 devolvebantur.
1839 4311 1850 4322 ’

388 4413 546 4468 Pauli
594 4413 881 4483 exemplum
911 4414 1166 4483 prapouit.
1189 4412 1385 4468 —Scd
1423 4412 1549 4482 qttid
1583 4428 1683 4482 ego
1707 4411 1775 4467 de
1812 4411 1895 4481 je-

313 4506 464 4574 junio
504 4505 814 4573 dierumque
854 4507 1227 4559 observatione
1271 4506 1432 4560 verba
1476 4505 1654 4560 facio?
1705 4506 1896 4560 Paulus

317 4598 488 4665 legem
530 4610 743 4649 servare
773 4610 877 4649 non
907 4595 1216 4663 desinebat,
1259 4607 1312 4650 et
1341 4598 1537 4651 multos
1582 4596 1791 4651 labores
1835 4612 1898 4652 ac

316 4684 543 4739 sudores
572 4685 895 4749 sustinebat,
924 4693 979 4739 et
1009 4686 1203 4740 multas
1235 4687 1717 4756 peregrinationes,
1760 4688 1898 4741 mul-

321 4786 512 4842 tasque
538 4776 670 4829 alias
700 4791 963 4829 a'rumnas
992 4776 1271 4841 tolerabat,
1303 4786 1463 4846 atque
1491 4792 1679 4831 omnes
1707 4786 1898 4832 comta-

318 4883 449 4921 ueos
477 4882 601 4921 suos
622 4866 856 4935 diligenti
884 4867 1152 4935 religionis
1181 4867 1326 4921 illius
1349 4869 1721 4923 observatione
1738 4883 1899 4938 supe-

320 4956 471 5009 rabat
495 4973 506 5007 :
560 4964 922 5009 verumtamen
950 4965 1227 5026 postquam
1253 4956 1318 5010 ad
1345 4972 1608 5011 summum
1630 4959 1901 5029 religionis

320 5047 459 5099 illius
489 5045 749 5114 quIigium
783 5056 1131 5114 pervenerat,
1174 5062 1293 5102 cum
1324 5048 1670 5106 intellexisset
1700 5052 1750 5104 in
1780 5066 1903 5119 per-

321 5139 511 5191 niciem
537 5153 597 5190 ac
623 5137 995 5191 detrimentum
1023 5152 1082 5193 se
1104 5147 1290 5193 cuncta
1304 5150 1585 5209 praestare.
1608 5142 1883 5196 confestim

324 5236 557 5280 mutatus
600 5237 700 5281 est.
726 5227 835 5282 Nec
883 5228 1022 5298 apud
1051 5244 1111 5283 se
1135 5229 1269 5284 dixit
1298 5248 1311 5285 :
1360 5230 1486 5299 quid
1516 5230 1618 5285 hoc
1648 5232 1723 5286 rei
1774 5235 1899 5287 est?

322 5317 494 5370 Tanto
515 5317 692 5370 studio
720 5316 971 5372 fraudor?
997 5318 1224 5375 Tantum
1253 5319 1488 5374 laborem
1518 5321 1745 5375 amitto?
1792 5322 1904 5376 lino

326 5425 454 5463 vero
483 5420 699 5478 propter
726 5409 826 5464 hoc
856 5411 1026 5478 ipsum
1055 5411 1212 5466 citius
1234 5421 1318 5467 est
1345 5421 1577 5467 mutatus
1596 5455 1612 5479 ,
1648 5430 1715 5469 ne
1739 5414 1903 5468 detri-

329 5509 564 5554 mentum
594 5499 721 5555 illud
749 5502 938 5555 iterum
967 5510 1257 5570 pateretur,
1306 5518 1370 5557 ac
1410 5504 1665 5572 justitiam
1693 5521 1757 5561 ex
1787 5505 1905 5575 lege

335 5592 670 5655 contempsit,
703 5598 759 5643 ut
784 5589 901 5645 ﬁdei
924 5591 1182 5659 justitiam
1210 5594 1493 5663 acciperet,
1522 5605 1577 5649 et
1595 5596 1793 5652 'clamat
1817 5597 1902 5652 di-

335 5688 492 5735 cens:
522 5679 646 5746 Qua:
666 5681 787 5735 mihi
806 5684 1009 5752 [uerunt
1034 5688 1197 5750 lucra,
1227 5685 1333 5738 hac
1355 5685 1623 5741 arbitratus
1641 5702 1751 5741 sum
1781 5706 1901 5758 pro-

1076 274 1142 337 ιδ
1178 279 1305 336 eos
1330 280 1445 347 QUI
1486 279 1746 335 pascua
1788 275 2147 333 musam.
2190 275 2548 335 ADvEItsus
2582 240 2725 333 tuo.
2767 276 2853 332 ιιι.

3458 257 3566 316 870

1983 402 2094 461 pter
2141 390 2394 447 Christum
2440 393 2738 448 detrimenta
2782 393 3018 465 (Philip.
3065 394 3119 450 5.
3162 394 3256 468 τ).
3306 395 3366 450 Si
3403 396 3571 465 oﬁ'ers

1984 498 2171 537 munus
2201 492 2343 536 tuum
2381 484 2449 536 ad
2474 485 2636 537 altare
2657 525 2673 551 ,
2706 494 2753 539 et
2793 485 2861 539 ibi
2887 485 3182 541 recordatus
3224 487 3377 557 fueris
3401 528 3417 553 ,
3443 488 3565 557 quia

1980 580 2141 645 frater
2158 586 2273 630 tuus
2294 577 2438 630 habet
2452 578 2648 649 aliquid
2668 578 2930 632 adversum
2945 588 3012 646 te,
3031 578 3176 643 uade,
3196 580 3336 649 prius
3351 580 3566 634 reconci-

1979 667 2106 721 liare
2123 667 2270 736 fratri
2295 676 2400 731 tuo,
2424 677 2469 722 et
2489 678 2605 722 tunc
2623 670 2823 723 veniens
2838 667 2967 737 offer
2986 685 3167 725 munus
3182 680 3321 729 tuum
3348 670 3562 742 (Matth.

1982 757 2039 813 5.
2065 757 2178 830 25).
2208 758 2345 824 Quid
2367 758 2481 813 ais?
2510 758 2565 814 Si
2590 759 2754 814 frater
2772 760 2985 829 quidem
3013 769 3134 814 tuus
3159 760 3351 816 habeat
3371 761 3566 831 aliquid

1981 850 2262 905 adversum
2288 858 2361 916 te,
2389 850 2707 905 sacriﬁcium
2737 861 2796 905 ut
2816 850 3009 906 olTeras
3033 851 3127 905 tibi
3153 868 3259 906 non
3287 853 3564 920 permittit,

1981 940 2153 996 donec
2173 940 2544 996 reconciliatus
2570 940 2640 994 illi
2663 939 2826 994 fueris
2844 978 2861 1008 ,
2883 956 3004 995 cum
3025 956 3154 996 vero
3174 950 3283 996 tota
3305 942 3568 1005 Ecclesia,

1982 1043 2037 1089 et
2063 1041 2168 1087 tam
2201 1033 2351 1086 multi
2396 1032 2579 1086 Patres
2610 1031 2841 1085 habeant
2868 1031 3149 1085 adversum
3183 1041 3269 1099 te,
3316 1030 3482 1087 audes
3506 1046 3570 1085 ac

1983 1126 2214 1179 sustines
2244 1138 2351 1178 non
2395 1123 2639 1193 deposito
2680 1123 2825 1192 prius
2867 1124 3168 1190 importuno
3226 1122 3328 1178 hoc
3354 1122 3478 1177 odio
3502 1122 3569 1176 ad

1986 1230 2261 1270 sacrorum
2285 1215 2743 1284 participationem
2772 1214 3149 1285 mysteriorum
3176 1213 3472 1268 accedere?
3501 1213 3570 1267 Et

1983 1323 2091 1377 quo
2112 1316 2265 1377 pacto
2296 1307 2493 1375 poteris
2515 1306 2593 1359 sic
2628 1304 2844 1359 allectus
2873 1304 3074 1359 Pascha
3103 1303 3418 1359 celebrare?
3446 1302 3573 1357 Hice

1984 1417 2013 1453 a
2046 1414 2131 1455 me
2159 1415 2262 1455 non
2294 1399 2359 1453 ad
2398 1399 2516 1452 illos
2546 1406 2748 1452 tantum
2775 1397 3041 1463 dicuntur,
3072 1396 3165 1450 sed
3194 1396 3353 1450 etiam
3383 1394 3450 1449 ad
3480 1409 3573 1449 vos

1986 1494 2073 1562 qui
2100 1493 2214 1548 sani
2257 1492 2385 1545 estis
2405 1534 2419 1556 ,
2454 1500 2511 1545 ut
2546 1500 2806 1560 quotquot
2836 1491 2967 1544 tales
2991 1504 3110 1543 esse
3149 1488 3385 1541 videritis
3405 1529 3420 1551 ,
3450 1501 3572 1541 cum

1988 1587 2150 1640 multa
2171 1585 2442 1655 diligentia
2466 1594 2515 1640 et
2550 1584 2764 1639 lenitate
2789 1583 3015 1637 selectos
3034 1580 3387 1650 congregetis,
3414 1587 3574 1648 atque

1986 1678 2051 1731 ad
2078 1685 2301 1731 matrem
2330 1676 2473 1744 ipsos
2496 1673 2781 1729 reducatis.
2810 1672 2958 1727 Licet
2983 1672 3257 1734 resistant,
3284 1670 3411 1725 licet
3434 1668 3574 1719 resi-

1988 1768 2138 1833 liant,
2167 1767 2291 1822 licet
2312 1766 2454 1820 aliud
2485 1765 2694 1835 quidvis
2723 1763 2934 1827 faciant,
2968 1778 3034 1817 ne
3058 1762 3441 1831 defatigemur,
3472 1758 3576 1814 do—

1987 1874 2089 1915 nec
2112 1861 2190 1914 eis
2217 1857 2656 1928 persuaserimus.
2681 1855 2819 1909 Nihil
2844 1855 2986 1910 enim
3014 1864 3114 1917 est,
3138 1853 3278 1923 quod
3299 1868 3418 1908 cum
3441 1865 3575 1922 pace

1993 1953 2163 2006 valeat
2191 1960 2245 2005 et
2269 1950 2551 2005 concordia
2571 1949 2887 2015 comparari.
2911 1948 3194 2016 Propterea
3220 1961 3430 2016 quoque
3449 1959 3575 2001 cum

1960 2028 1967 2039 ί
1991 2041 2286 2112 ingreditur
2314 2041 2487 2107 Pater,
2520 2055 2625 2094 non
2652 2040 2796 2109 prius
2822 2038 2886 2091 ad
2917 2038 3052 2092 hanc
3077 2036 3263 2092 sedem
3293 2034 3569 2099 ascendit,

1988 2146 2145 2202 quam
2187 2131 2337 2185 vobis
2362 2129 2608 2184 omnibus
2650 2143 2829 2197 pacem
2862 2127 3020 2181 fuerit
3064 2134 3306 2196 precatus
3326 2167 3340 2191 ,
3371 2134 3425 2180 et
3452 2139 3575 2180 cum

1987 2222 2156 2292 Surgit
2182 2263 2197 2287 ,
2229 2236 2333 2275 non
2367 2220 2516 2290 prius
2553 2220 2749 2275 docere
2776 2233 2869 2272 vos
2900 2219 3114 2288 incipit,
3142 2232 3299 2288 quam
3329 2216 3575 2271 omnibus

1994 2330 2176 2383 pacem
2215 2313 2443 2369 dederit.
2475 2312 2793 2369 Sacerdotes
2835 2312 2994 2366 etiam
3025 2326 3146 2365 cum
3189 2309 3381 2364 fuerint
3409 2307 3576 2363 bene-

1988 2410 2198 2473 dict'tri,
2224 2409 2310 2463 ubi
2333 2409 2478 2478 prius
2501 2406 2601 2462 hoc
2621 2406 2768 2461 vobis
2789 2405 3052 2476 apprecati
3083 2402 3297 2467 iuerint,
3323 2401 3571 2473 deinceps

1992 2502 2247 2568 incipiunt
2294 2498 2628 2553 benedicere.

2062 2592 2279 2646 Diacoui
2316 2609 2412 2646 vos:
2449 2593 2501 2644 in
2544 2590 2773 2661 Liturgia
2817 2589 3061 2658 populum
3089 2586 3397 2641 dimittentis.
3418 2615 3488 2626 --
3512 2584 3579 2643 Et

1992 2698 2118 2738 vero
2151 2683 2412 2737 Diaconos
2441 2683 2566 2737 dum
2594 2697 2715 2735 cmn
2746 2681 2865 2735 aliis
2891 2680 3094 2749 precari
3114 2679 3287 2749 jubet,
3317 2678 3418 2733 hoc
3438 2692 3576 2748 quo-

1989 2788 2097 2846 que
2122 2774 2347 2843 imperat
2376 2773 2426 2827 in
2456 2773 2695 2827 oratione
2716 2815 2730 2837 ,
2756 2783 2812 2826 ut
2836 2771 3081 2841 angelum
3119 2769 3267 2841 pacis
3291 2781 3573 2838 rogemus,

1991 2875 2043 2922 et
2072 2882 2191 2935 qua:
2218 2866 2486 2935 proposita
2516 2874 2639 2919 sunt
2667 2874 2855 2919 cuncta
2881 2862 3121 2931 paciﬁca.
3151 2872 3201 2916 et
3232 2861 3300 2914 ab
3325 2860 3426 2915 hoc
3449 2873 3579 2915 con-

1994 2966 2154 3014 ventu
2199 2972 2297 3011 vos
2337 2957 2609 3012 dimittens
2654 2956 2754 3009 hoc
2784 2954 2935 3009 vobis
2984 2963 3232 3023 precatur
3272 2952 3487 3006 dicens:
3514 2949 3578 3003 lu

1994 3065 2117 3119 pace
2143 3048 2419 3102 discedite:
2445 3056 2498 3101 et
2542 3046 2673 3101 nihil
2715 3046 2767 3099 in
2800 3046 3105 3100 universum
3152 3052 3328 3112 potest
3344 3042 3438 3096 .vel
3472 3040 3577 3096 dici

1992 3140 2077 3195 vel
2105 3140 2219 3195 ﬁeri
2243 3139 2359 3194 sine
2383 3139 2501 3193 ista.
2543 3138 2635 3191 Est
2659 3138 2802 3192 enim
2842 3136 2957 3191 hate
2983 3135 3159 3190 nutrix
3184 3150 3248 3190 ac
3286 3141 3458 3189 mater
3484 3149 3579 3187 uo-

1994 3240 2103 3286 stra
2121 3272 2137 3297 ,
2166 3245 2287 3301 quae
2316 3229 2484 3283 multo
2513 3244 2631 3283 cum
2675 3228 2851 3282 studio
2879 3242 2942 3281 ac
2967 3227 3239 3297 diligentia
3285 3238 3384 3280 nos
3412 3223 3578 3281 fovet.

1992 3318 2185 3375 Pacem
2217 3334 2378 3388 porro
2399 3318 2520 3373 dico
2547 3334 2651 3372 non
2681 3318 2817 3372 hanc
2849 3332 2878 3371 a
2924 3316 3037 3370 sola
3078 3316 3453 3386 appellatione,
3484 3330 3580 3370 ne-

1994 3426 2098 3481 que
2125 3410 2269 3465 illam
2295 3426 2415 3479 qua:
2441 3410 2491 3463 in
2521 3423 2719 3464 mensa:
2760 3408 3136 3463 communione
3176 3405 3455 3471 consistit,
3485 3405 3578 3461 sed

1997 3520 2180 3576 pacem
2206 3505 2499 3559 secundum
2531 3503 2697 3558 Deum
2723 3543 2736 3566 ,
2768 3516 2889 3570 quae
2917 3517 2981 3556 ex
3014 3499 3270 3569 spirituali
3297 3498 3581 3553 concordia

1996 3596 2231 3651 nascitur
2255 3636 2271 3659 ,
2302 3610 2462 3665 quam
2517 3594 2667 3649 multi
2698 3608 2836 3647 nunc
2881 3591 3139 3662 dissipant
3162 3632 3177 3657 ,
3221 3605 3247 3643 a
3278 3590 3468 3660 quibus
3497 3604 3583 3645 res

1997 3698 2192 3745 nostra:
2214 3688 2581 3758 intempestiva
2605 3686 2831 3756 quadam
2853 3686 3194 3741 contentione
3215 3682 3578 3745 destt-nnntur.

1995 3790 2051 3837 et
2088 3796 2176 3835 res
2216 3779 2517 3835 Judmortun
2561 3788 2855 3847 augentur,
2884 3777 3007 3830 dum
3040 3791 3134 3831 eos
3178 3775 3277 3828 lide
3313 3775 3583 3843 digniores

1998 3871 2250 3927 doctores
2275 3885 2431 3939 quam
2456 3883 2580 3923 suos
2607 3869 2789 3922 Patres
2816 3868 3157 3931 arbitrantur,
3175 3876 3224 3919 et
3245 3865 3443 3921 Christi
3472 3881 3574 3935 pan

1997 3962 2179 4018 ricidis
2220 3960 2286 4015 de
2318 3959 2561 4027 passione
2586 3958 2826 4022 credunt,
2853 3973 2960 4027 quo
2994 3958 3119 4026 quid
3145 3956 3425 4011 absurdius
3469 3956 3577 4011 ﬁeri

1996 4051 2197 4122 possit?
2241 4050 2467 4104 Nescitis
2496 4048 2623 4103 illud
2654 4048 2872 4117 ﬁguram
2892 4090 2905 4109 .
2939 4048 3038 4102 hoc
3065 4048 3337 4101 veritatem
3380 4047 3582 4102 fuisse?

1999 4141 2134 4197 Vide
2163 4154 2392 4209 namque
2413 4147 2670 4208 quantum
2699 4138 2770 4192 sit
2810 4137 3124 4192 discrimen.
3162 4137 3293 4191 Illud
3330 4152 3564 4207 corpora.

1999 4236 2102 4290 lem
2134 4242 2358 4287 mortem
2391 4230 2711 4301 prohibebat
2731 4271 2745 4293 ,
2784 4229 2887 4284 hoc
2916 4230 3047 4283 iram
3071 4228 3310 4295 sedavit,
3341 4243 3462 4298 quae
3487 4227 3575 4281 ad-

1998 4341 2187 4382 versus
2226 4325 2532 4379 universum
2574 4332 2836 4378 terrarum
2866 4322 3051 4378 orbem
3093 4322 3357 4376 ferebatur
3393 4337 3408 4374 :
3454 4317 3580 4375 illud

2001 4420 2068 4473 ab
2106 4418 2339 4488 Egypto
2378 4414 2702 4478 vindicavit,
2734 4413 2837 4468 hoc
2880 4414 2948 4467 ab
2977 4413 3272 4467 idololatria
3303 4411 3576 4466 liberavit:

2002 4511 2126 4564 illud
2155 4510 2483 4563 Pharaonem
2507 4547 2521 4569 ,
2555 4506 2655 4559 hoc
2679 4504 2947 4558 diabolum
2974 4502 3281 4557 sullocavit:
3310 4508 3430 4571 post
3454 4498 3586 4555 illud

2004 4600 2302 4661 Palaestina,
2330 4606 2450 4667 post
2476 4596 2577 4650 hoc
2600 4596 2809 4650 ert-lum.

2074 4691 2147 4743 Ab
2168 4688 2506 4743 observatione
2531 4686 2719 4738 rituum
2742 4681 3073 4735 Iudaicarum
3101 4682 3333 4733 deterret.
3357 4709 3429 4720 —
3446 4678 3586 4745 Quid

2004 4781 2163 4851 igitur
2198 4780 2429 4833 lucerna:
2473 4775 2713 4835 assides,
2744 4789 2864 4827 cum
2914 4773 2994 4827 sol
3047 4771 3395 4841 apparuerit?
3440 4770 3583 4837 Cur,

2004 4886 2205 4941 quaeso,
2233 4870 2370 4923 lacte
2397 4867 2476 4920 vis
2504 4866 2732 4931 nutriri,
2764 4880 2883 4918 cum
2906 4864 3056 4917 cibus
3096 4864 3185 4916 tibi
3222 4862 3424 4916 solidus
3450 4877 3590 4933 prae-

2007 4961 2238 5017 beatur?
2265 4961 2549 5029 Propterea
2580 4958 2717 5011 lat-te
2743 4957 2968 5010 nutritus
2994 4971 3073 5016 es.
3108 4972 3174 5009 ne
3204 4955 3341 5010 laete
3363 4966 3587 5009 conten-

2005 5062 2090 5107 tus
2109 5066 2288 5107 esses:
2320 5060 2599 5120 propterea
2622 5048 2710 5102 tibi
2738 5047 2949 5102 lucerna
2970 5046 3231 5116 apparuit,
3255 5055 3313 5099 ut
3331 5045 3399 5100 ad
3420 5045 3589 5099 solem

2004 5144 2365 5199 deduéereris.
2396 5141 2528 5196 Cum
2560 5140 2718 5209 igitur
2755 5154 2841 5194 res
2876 5138 3219 5206 perfectiores
3255 5136 3587 5197 advenerim,

2007 5235 2072 5290 ad
2103 5235 2304 5302 priores
2330 5249 2396 5287 ne.
2425 5246 2760 5288 recurramus
2783 5272 2797 5294 ,
2828 5245 3001 5298 neque
3025 5230 3141 5284 dies
3164 5237 3220 5283 et
3256 5237 3495 5296 tempora
3536 5237 3590 5281 et

2007 5342 2173 5381 annos
2199 5326 2542 5380 observemus
2566 5366 2581 5389 ,
2630 5325 2721 5379 sel
2753 5322 2944 5391 ubique
2990 5320 3267 5390 diligenter
3297 5316 3588 5371 Ecclesiam

2008 5433 2293 5487 sequamur
2312 5429 2363 5472 et
2380 5416 2652 5478 caritatem
2669 5429 2732 5468 ac
2752 5429 2934 5483 pacem
2956 5411 3200 5465 omnibus
3218 5408 3581 5479 pra-feramus.

2013 5508 2159 5563 Licet
2184 5507 2326 5562 enim
2355 5505 2591 5561 Ecclesia
2620 5506 2887 5560 falleretur
2907 5545 2921 5567 .
2962 5518 3066 5559 non
3096 5509 3297 5557 tantum
3324 5498 3497 5554 laudis
3524 5514 3588 5556 ac

2011 5600 2140 5656 lucri
2169 5614 2234 5654 ex
2262 5608 2558 5667 temporum
2589 5606 2772 5653 exacta
2797 5597 3022 5661 ratione,
3055 5604 3307 5665 quantum
3339 5590 3589 5663 vituperii
3652 5647 3660 5657 _

2011 5707 2077 5745 ex
2108 5689 2363 5746 divisione
2389 5702 2451 5743 ac
2484 5688 2768 5743 Sibismate
2797 5694 3104 5741 nasceretur
3128 5702 3141 5751 ;
3168 5685 3277 5756 jam
3309 5697 3439 5738 vero
3469 5681 3587 5738 nul-
