3866 6226
328 301 423 358 871

337 428 440 481 Ιςση
492 439 596 501 ego
630 423 891 494 temporis
921 423 1189 478 rationem
1241 420 1446 486 habeo,
1496 416 1923 488 quandoquidem

336 532 507 586 neque
534 515 693 571 habet
724 514 862 569 Deus
884 554 898 576 ,
929 510 1376 583 quemadmodum
1401 507 1887 567 demonstravimus
1904 546 1921 572 ,

336 624 455 672 cum
490 612 590 665 hac
616 607 686 663 de
714 621 772 664 re
808 607 957 662 multi
991 605 1154 665 habiti
1193 604 1389 661 fuerint
1429 617 1460 657 a
1485 616 1572 657 me
1608 613 1919 656 sermones:

335 700 433 756 ard
468 716 633 757 unum
672 700 724 757 id
763 715 967 770 qumro,
998 709 1055 754 ut
1081 698 1135 753 in
1167 713 1295 769 pace
1318 694 1711 765 concordiaque
1734 702 1922 755 cuncta

334 793 614 858 faciamus,
651 809 719 849 ne
743 792 869 854 dum
907 806 1006 848 nos
1025 791 1350 862 jejunamus,
1380 802 1444 843 ac
1472 788 1699 859 populus
1726 785 1920 853 omnis,

334 893 389 938 et
420 898 608 963 preces
642 898 738 955 pro
770 894 1031 947 terrarum
1058 882 1191 948 orbe
1231 880 1456 936 fundunt
1489 878 1833 944 Sacerdotes,
1867 886 1924 932 tu

336 973 582 1041 ebrietati
609 974 752 1028 domi
780 989 953 1035 vaces.
988 974 1175 1042 Cogita
1197 987 1355 1043 quam
1373 970 1476 1026 hoc
1504 970 1574 1025 sit
1597 968 1924 1040 operationis

337 1064 613 1125 diabolica:
636 1104 654 1133 ,
682 1080 781 1123 nec
807 1080 969 1125 utinm
997 1064 1171 1130 solum
1195 1104 1211 1131 ,
1240 1077 1340 1119 nec
1361 1062 1469 1118 duo
1491 1102 1507 1129 ,
1535 1076 1636 1116 nec
1660 1059 1759 1117 tria
1782 1100 1798 1125 ,
1827 1057 1924 1121 sed

337 1157 504 1212 multo
533 1159 680 1228 plura
712 1169 926 1228 peccata
947 1172 1128 1213 secum
1160 1157 1352 1213 trahat.
1375 1157 1419 1211 A
1441 1169 1602 1226 grege
1628 1163 1680 1209 te
1700 1152 1921 1217 divellit,

337 1260 391 1302 et
417 1246 616 1315 efficit,
644 1258 701 1305 ιιι
744 1259 851 1305 tam
890 1249 1088 1304 multos
1115 1247 1306 1303 Patres
1323 1247 1679 1310 condemnes,
1709 1246 1759 1301 in
1790 1259 1923 1300 eon-

339 1338 604 1399 tentiones
635 1339 957 1411 pra'cipitat,
996 1339 1062 1392 ad
1087 1338 1303 1395 Judaeos
1338 1334 1588 1406 expellit,
1616 1335 1922 1391 scandalum

339 1440 393 1487 te
422 1447 607 1487 rursus
630 1441 685 1487 ct
710 1430 1017 1487 domesticis
1058 1441 1111 1486 et
1137 1430 1324 1487 alienis
1352 1430 1618 1500 proponit.
1647 1428 1748 1497 Qui
1776 1444 1924 1483 nam.

338 1536 443 1591 que
473 1523 764 1591 poterimus
790 1521 909 1579 illos
935 1521 1325 1591 reprehendere
1348 1561 1364 1587 ,
1393 1521 1437 1575 si
1463 1519 1609 1585 domi
1636 1529 1921 1583 maneant,

338 1626 459 1677 cum
489 1620 543 1665 tu
569 1612 635 1665 ad
665 1611 786 1671 illos
810 1612 1038 1673 curras?
1072 1611 1256 1683 Neque
1296 1625 1427 1666 vero
1449 1609 1567 1666 hinc
1603 1611 1773 1667 solum
1797 1624 1924 1680 pec-

337 1711 458 1767 cata
485 1712 644 1766 sunt,
674 1703 770 1761 sed
796 1704 938 1775 quod
966 1719 1216 1774 magnum
1241 1704 1621 1759 detrimentum
1647 1704 1920 1774 capiatur.

336 1808 459 1855 cum
486 1809 658 1866 neque
683 1795 972 1865 Scripturis
989 1837 1005 1861 ,
1039 1811 1211 1867 neque
1235 1795 1602 1860 concionibus,
1628 1810 1800 1865 neque
1829 1795 1923 1849 be-

338 1886 642 1943 nedictione
665 1927 683 1955 ,
728 1902 905 1958 neque
940 1887 1313 1956 communibus
1356 1885 1603 1955 precibus
1630 1886 1682 1940 in
1706 1885 1925 1955 jejuniis

342 1977 449 2033 illis
475 1978 666 2035 fruaris
689 2019 705 2043 ,
746 1978 841 2045 sed
870 1992 992 2034 cum
1021 1993 1178 2051 prava
1221 1977 1552 2033 conscientia
1594 1985 1762 2033 telum
1799 1976 1924 2031 illud

337 2074 549 2141 tempus
576 2068 824 2125 traducas
842 2107 859 2134 ,
890 2075 1133 2124 metuens
1155 2082 1218 2122 ac
1242 2079 1505 2133 tremens,
1532 2084 1598 2123 ne
1623 2061 1958 2137 deprehen-'

336 2156 482 2214 daris
503 2166 774 2233 tamquam
798 2157 1098 2229 alienigena
1122 2157 1337 2230 quidam
1363 2167 1417 2213 et
1442 2159 1772 2229 peregrinus,
1803 2173 1925 2214 cum

339 2259 393 2317 te
416 2258 690 2320 oporteret
713 2265 836 2311 cum
877 2250 1066 2306 fiducia
1117 2261 1173 2306 ct
1201 2251 1471 2322 voluptate
1493 2293 1509 2318 ,
1541 2265 1664 2307 cum
1703 2250 1885 2307 laetitia
1908 2293 1924 2316 ,

339 2356 460 2409 cum
489 2341 639 2396 omni
664 2341 910 2403 libertate
939 2342 1095 2405 simul
1117 2384 1130 2405 ,
1159 2357 1281 2399 cum
1310 2343 1549 2407 Ecclesia
1570 2351 1763 2399 cuncta
1802 2358 1923 2413 per-

341 2430 521 2487 licere.
568 2430 751 2502 Neque
793 2431 935 2487 enim
965 2431 1206 2488 Ecclesia
1234 2443 1474 2488 essetam
1506 2432 1765 2489 rationem
1796 2440 1930 2486 tem-

339 2535 531 2592 porum
571 2522 747 2575 novit:
780 2521 1150 2593 sedquoniam
1193 2523 1261 2578 ab
1287 2523 1436 2578 initio
1464 2522 1711 2579 Patribus
1754 2522 1924 2578 visum

1042 305 1084 359 ς
1139 298 1418 375 JOANNIS
1454 300 1932 360 CllllYSOSTOMI
1969 299 2286 356 [\RCIHIIP.
2328 297 2862 357 CONSTAN'I’INOP.

3511 300 3623 354 57‘?

2031 423 2114 469 est
2142 412 2261 467 loco
2297 412 2498 467 dissitis
2537 411 2692 467 simul
2721 411 3010 469 convenire
3033 454 3048 476 ,
3097 422 3252 478 atque
3301 412 3439 466 hunc
3471 413 3615 467 dicit!

2028 506 2255 563 delinire
2275 546 2292 572 ,
2322 519 2645 561 consensum
2677 505 2873 574 ultique
2901 504 3110 574 plurimi
3139 502 3340 560 faciens
3359 545 3374 570 ,
3406 513 3461 560 et
3488 521 3622 559 con—

2026 600 2266 657 cordiam
2293 600 2522 671 diligens
2545 641 2560 661 ,
2591 599 2731 668 quod
2762 597 3072 655 mandatum
3115 596 3213 653 fuit
3240 597 3485 667 amplexa
3515 607 3621 651 cst.

2026 693 2168 749 Fieri
2197 692 2393 763 quippe
2418 707 2521 746 non
2553 706 2710 760 posse
2730 731 2746 756 ,
2777 699 2836 744 ut
2864 689 2947 744 vel
2978 704 3076 745 nos
3109 688 3199 744 vel
3222 703 3345 754 vos,
3375 689 3457 742 vel
3480 687 3625 741 alius

2025 785 2199 856 quivis
2222 786 2392 854 ipsum
2418 783 2743 839 dominicum
2766 782 2908 838 diem
2930 789 3263 850 assequatur,
3292 779 3624 834 sufficienter

2028 878 2198 933 estin
2228 875 2653 946 pmcedentibtts
2697 875 3145 929 demonstratum.
3187 872 3265 926 Ne
3293 872 3450 942 igitur
3495 885 3622 925 eum

2029 967 2218 1026 utnbra
2246 965 2599 1037 digladiemur
2620 1007 2634 1029 ,
2664 981 2839 1034 neque
2866 964 2936 1020 de
2964 964 3126 1019 rebus
3154 963 3456 1034 vulgaribus
3481 977 3622 1017 con-

2028 1058 2305 1115 tcndentes
2331 1060 2384 1113 itt
2418 1060 2621 1127 magnis
2647 1072 2746 1113 nos
2771 1057 2913 1125 ipsos
2942 1055 3219 1111 ltedamus.
3247 1054 3377 1109 Nam
3406 1054 3507 1108 hoc
3531 1056 3620 1107 vel

2028 1148 2120 1211 illo
2148 1159 2386 1217 tempore
2423 1148 2666 1219 ieiunare
2695 1147 2897 1203 nullum
2924 1157 3006 1202 est
3043 1147 3245 1202 crimen
3283 1164 3296 1199 :
3327 1145 3622 1201 Ecclesiam

2031 1249 2215 1299 autem
2242 1239 2482 1295 dividere
2500 1280 2517 1303 ,
2545 1254 2609 1295 ac
2634 1240 3066 1295 contentionibus
3093 1252 3308 1302 vacare,
3333 1246 3387 1291 et
3414 1237 3624 1292 discere

2027 1333 2141 1389 dias
2165 1346 2346 1388 serere
2370 1375 2384 1397 ,
2419 1348 2583 1403 seque
2616 1347 2769 1387 sacro
2792 1340 3056 1388 conventu
3084 1340 3338 1401 perpetuo
3369 1331 3577 1399 privare
3602 1380 3616 1394 ,

2028 1425 2183 1480 venia
2214 1434 2385 1489 caret,
2413 1424 2787 1479 criminatione
2813 1424 3052 1494 dignum,
3085 1432 3140 1478 et
3164 1422 3332 1477 multo
3360 1421 3621 1490 supplicia

2028 1524 2111 1569 est
2137 1514 2445 1584 obnoxium.
2477 1518 2551 1569 Ac
2581 1522 2825 1583 poterant
2851 1514 3063 1584 quidem
3101 1513 3249 1583 plura
3277 1512 3403 1575 dici,
3433 1526 3619 1565 verum

2028 1609 2096 1663 iis
2119 1583 2207 1677 qiii
2234 1608 2423 1662 attenti
2466 1606 2699 1671 fuerint,
2730 1621 2794 1660 ea
2837 1583 2956 1677 quae
2985 1604 3095 1675 jam
3125 1612 3252 1659 sunt
3284 1604 3434 1659 dicta
3470 1604 3621 1657 suffi-

2028 1699 2205 1756 ciunt:
2237 1697 2410 1753 minus
2434 1698 2651 1753 attentis
2677 1707 2880 1766 autem,
2907 1711 3080 1767 neque
3106 1696 3151 1751 si
3182 1696 3331 1765 plura
3354 1695 3622 1757 dicantur,

2028 1791 2313 1860 quidquam
2345 1790 2604 1859 proderit.
2648 1791 2907 1859 Quocirca
2953 1790 3112 1845 finem
3158 1791 3245 1845 hic
3287 1788 3497 1843 dicendi
3546 1786 3625 1840 fa-

2029 1882 2233 1939 cientes
2257 1897 2444 1938 omnes
2469 1881 2628 1938 simul
2657 1881 2848 1936 fratres
2871 1892 3086 1936 nostros
3108 1896 3324 1935 oremus
3351 1888 3411 1934 ut
3430 1877 3497 1933 ad
3523 1893 3622 1932 nos

2032 1975 2289 2042 redeant,
2320 1985 2378 2031 et
2403 1990 2587 2046 pacem
2618 1974 3035 2044 amplectantur,
3065 1974 3135 2029 ab
3162 1974 3461 2042 importuna
3485 1985 3623 2026 con-

2032 2067 2266 2121 tentione
2291 2066 2587 2131 discedant,
2619 2075 2673 2121 et
2702 2067 2783 2121 his
2823 2066 3035 2134 ineptiis
3077 2065 3335 2135 neglectis
3381 2072 3620 2118 mentem

2031 2167 2086 2213 et
2115 2158 2488 2226 cogitationem
2533 2158 2816 2221 attollant,
2867 2169 3025 2228 atquc
3053 2173 3082 2212 a
3111 2168 3408 2226 temporum
3439 2156 3623 2211 obscr-

2035 2249 2245 2303 vatione
2288 2250 2578 2305 liberentur
2600 2291 2613 2314 ,
2660 2260 2717 2305 ut
2760 2264 2864 2304 uno
2896 2265 3081 2305 omnes
3106 2250 3287 2303 animo
3324 2256 3486 2317 atque
3516 2263 3626 2300 uno

2033 2358 2128 2398 ore
2155 2343 2516 2413 glorificamus
2541 2344 2707 2398 Deum
2736 2354 2790 2399 et
2817 2344 3027 2399 Patrem
3062 2344 3270 2398 Domini
3300 2343 3465 2396 nostri
3491 2341 3627 2396 Jeso

2035 2433 2263 2499 Christi,
2290 2435 2373 2490 cui
2398 2435 2568 2504 gloria
2594 2445 2650 2490 et
2675 2436 2955 2504 imperium
2987 2450 3126 2490 nunc
3162 2445 3215 2490 et
3243 2449 3458 2503 semper
3482 2443 3538 2486 et
3569 2432 3622 2484 in

2035 2524 2227 2585 saecula
2250 2526 2591 2582 saeculorum.
2631 2528 2823 2581 Amen.

401 2729 724 2793 CONTRA
751 2732 1074 2796 JUDIEOS
1102 2733 1185 2794 IN
1228 2732 1483 2796 TUBAS
1525 2731 1961 2794 PASCHATIS
2003 2732 2305 2809 EORUM,
2354 2736 2819 2802 ANTIOCHUE
2861 2719 3166 2804 HABITA
3211 2744 3290 2804 IN
3332 2743 3621 2807 MAGNA

1738 2832 2120 2894 ECCLESIA
2149 2833 2189 2893 ⁸.

912 3129 1110 3170 ons'rto
1139 3130 1365 3179 oti/tun.

413 3265 467 3323 ί.
500 3267 708 3329 Rursus
735 3270 975 3327 infelices
994 3270 1076 3327 illi
1099 3272 1508 3341 murtaliumque
1546 3274 1786 3328 omnium
1829 3276 1928 3329 mi-

341 3359 553 3416 serrimi
573 3358 1054 3436 Juda‘ijejunatnri
1079 3369 1204 3415 sunt
1234 3378 1248 3415 :
1281 3376 1465 3416 rursus
1487 3361 1682 3417 Christi
1713 3378 1930 3434 gregem

342 3449 648 3513 muniamus
668 3465 895 3509 necesse
933 3459 1046 3511 est.
1085 3450 1525 3522 Quandoquidem
1571 3462 1626 3508 et
1665 3465 1927 3522 pastores,

342 3538 598 3610 quamdiu
628 3538 787 3599 noxia
814 3540 1232 3609 bestiamolesta
1256 3558 1361 3597 non
1383 3552 1485 3610 est,
1518 3544 1620 3600 sub
1643 3546 1818 3601 ilicem
1840 3557 1933 3602 aut

344 3629 602 3703 populum
632 3630 888 3699 porrecti,
906 3629 1081 3686 fistula
1111 3634 1588 3699 eanttnt,sinentcs
1612 3650 1741 3691 oves
1767 3637 1934 3695 libere

346 3736 445 3790 pro
467 3736 565 3776 suo
586 3722 844 3783 arbitratu
875 3738 1095 3793 pascere
1121 3741 1135 3778 :
1165 3740 1346 3781 verum
1367 3726 1526 3782 simul
1554 3736 1713 3798 atque
1737 3744 1925 3785 sense-

341 3813 453 3871 rint
494 3812 740 3873 alicunde
779 3813 1022 3884 luporum
1060 3815 1418 3872 incursionem
1467 3818 1768 3879 imminere.
1808 3836 1933 3875 mox

342 3903 551 3977 abiecta,
578 3904 772 3971 fistula,
798 3905 1013 3967 fundam
1049 3907 1332 3977 arripiunt,
1369 3918 1424 3963 et
1459 3910 1660 3967 omisso
1699 3912 1931 3977 calamo,

342 3996 571 4059 hstibus
593 4006 650 4052 ct
671 3999 815 4057 saxis
843 3997 1121 4063 obarmant
1148 4014 1287 4067 sese,
1331 4016 1532 4071 proque
1581 4002 1705 4056 ovili
1753 4003 1930 4058 consi-

343 4096 566 4154 stentes.
589 4103 785 4158 magno
809 4088 1065 4158 chmorc,
1091 4092 1398 4162 ingentique
1417 4093 1618 4147 ululatu
1639 4095 1935 4169 vociferari»

345 4189 446 4241 tes.
477 4182 785 4249 frequenter
804 4179 925 4249 ipso
947 4181 1186 4237 cla-tuere
1204 4180 1397 4250 feram,
1415 4184 1722 4253 priusquam
1751 4186 1935 4240 irrum-

344 4278 456 4339 pat,
482 4269 732 4340 abigunt.
776 4269 966 4329 itidem
1002 4280 1059 4329 ct
1099 4285 1197 4332 nos
1241 4273 1609 4342 superioribus
1642 4273 1833 4332 diebus
1881 4277 1933 4331 in

345 4358 641 4432 Scriptura,
671 4359 819 4416 velut
855 4361 908 4417 in
957 4369 1132 4431 prato.
1174 4361 1420 4420 ludentes
1465 4364 1797 4436 cher-easque
1834 4365 1935 4421 du-

345 4462 551 4519 centes,
581 4451 711 4511 nihil
739 4453 793 4519 in
818 4454 1155 4515 enarratione
1177 4455 1448 4526 attigimus
1479 4460 1796 4514 cor-tentiosi
1821 4476 1935 4515 ser-

348 4543 525 4609 monis
544 4560 558 4598 :
590 4558 659 4600 eo
675 4543 823 4614 quod
844 4543 1025 4605 nullus
1054 4554 1222 4611 esset,
1259 4545 1351 4617 qui
1400 4546 1558 4602 nobis
1600 4549 1930 4617 obturbaret,

345 4643 438 4687 aut
482 4634 739 4689 molestus
775 4644 939 4690 esset.
983 4634 1250 4693 Cmterum
1293 4639 1546 4708 quoniam
1596 4639 1752 4696 hodie
1797 4642 1934 4711 lupis

347 4724 596 4787 nuutilms
616 4725 868 4785 szeviores
899 4724 1075 4809 {mimi
1114 4741 1245 4785 oves
1288 4728 1442 4784 nobis
1483 4730 1931 4787 circumvallaturi

346 4824 494 4881 sunt,
511 4814 580 4877 ad
607 4830 813 4886 pugnos
836 4825 892 4871 et
931 4830 1160 4887 pugnam
1203 4819 1545 4890 accingamur
1580 4830 1818 4890 oportet,
1864 4838 1934 4880 ne

345 4904 477 4975 quid
504 4905 657 4967 nobis
690 4916 929 4976 ereptum
977 4909 1133 4965 cedat
1178 4910 1233 4969 in
1278 4911 1515 4980 predum
1556 4912 1811 4968 ferarum.
1856 4914 1934 4972 Ne

345 5010 479 5053 vero
510 4997 703 5060 mirum
746 4997 898 5055 vobis
942 4999 1219 5066 videatur,
1258 5002 1301 5056 si
1341 5017 1463 5058 cum
1506 5003 1763 5074 jejunium
1803 5005 1930 5061 illtnl

348 5095 470 5156 post
495 5087 681 5147 decent
710 5097 765 5153 et
792 5104 863 5147 cc
883 5090 1113 5160 amplius
1132 5092 1249 5148 dies
1274 5102 1560 5149 venturum
1604 5096 1695 5160 sit,
1728 5113 1824 5153 nos
1864 5098 1938 5153 ab

347 5178 452 5247 hoc
479 5178 659 5241 statim
681 5189 920 5252 tempore
937 5185 1206 5240 mouimus
1225 5194 1280 5240 et
1302 5201 1571 5242 artnamus
1598 5189 1804 5245 animas
1839 5208 1932 5247 vc-

346 5281 489 5331 stras
514 5289 530 5327 :
555 5273 985 5348 quandoquidem
1011 5285 1066 5331 et
1092 5276 1230 5333 inter
1256 5279 1517 5349 agricolas
1535 5280 1625 5350 qui
1653 5281 1933 5352 vigilantes

345 5374 400 5427 ει
428 5364 672 5425 industrii
701 5375 845 5433 sunt,
879 5381 1001 5422 cum
1030 5367 1226 5423 habent
1247 5369 1476 5424 vicinum
1505 5379 1818 5440 torrentem,
1842 5375 1931 5444 qui

412 5541 546 5605 usus
561 5548 667 5593 ιι-εε
691 5548 821 5602 ως
843 5547 1137 5605 postremum
1153 5554 1273 5605 vero
1303 5550 1493 5605 partem
1515 5544 1657 5605 tituli,
1677 5546 1936 5599 Antiochia

346 5599 507 5667 habitu
526 5603 581 5667 in
616 5616 791 5667 magna
807 5599 1051 5667 licclca'a,
1090 5603 1241 5657 habet
1276 5599 1422 5667 eitum
1449 5604 1588 5657 savii.
1627 5599 1680 5658 in
1721 5609 1935 5658 editione

525 5662 738 5726 legitur]
781 5662 1000 5727 ejusdem
1021 5662 1190 5716 Contra
1208 5665 1408 5718 Judrcos
1425 5668 1577 5719 oratio
1600 5677 1677 5731 Η,
1719 5677 1772 5721 et
1818 5669 1935 5720 nihil

510 5741 617 5778 rea.
1532 5765 1539 5769 ρ

2038 3128 2213 3186 vexat,
2241 3120 2495 3191 larditque
2516 3133 2772 3192 srgctetn,
2797 3139 2901 3184 non
2926 3123 3243 3183 adventante
3289 3125 3487 3191 hieme,
3528 3126 3624 3180 sed

2034 3221 2244 3284 tempus
2267 3204 2395 3268 illud
2424 3223 2807 3286 prtcvertentes
2837 3227 2892 3273 ct
2919 3217 3061 3286 ripas
3098 3218 3404 3289 obsepittnt,
3438 3230 3493 3275 et
3530 3235 3621 3289 ag-

2031 3320 2187 3375 geres
2211 3305 2440 3389 erigunt,
2470 3316 2524 3361 et
2553 3306 2723 3363 fossas
2749 3317 2930 3379 agunt,
2973 3308 3203 3381 denique
3238 3311 3414 3366 modis
3443 3313 3621 3370 omni-

2035 3396 2135 3451 bus
2162 3413 2281 3453 sese
2313 3407 2616 3469 przeparant
2639 3398 2894 3454 adversus
2934 3401 3187 3455 torrentis
3230 3399 3460 3456 futuram
3502 3403 3619 3456 rio~

2034 3488 2273 3544 lentiam.
2309 3489 2442 3571 Dum
2470 3490 2612 3545 enim
2641 3491 2961 3565 tranquillus
2998 3501 3101 3555 est.
3140 3501 3300 3563 atque
3335 3504 3616 3566 angustus,

2037 3579 2192 3636 facile
2218 3588 2302 3636 est
2326 3580 2398 3635 illi
2438 3581 2684 3636 admoliri
2734 3598 2924 3643 manus
2979 3600 2993 3636 :
3044 3598 3229 3643 verum
3272 3594 3625 3656 posteaquam

2034 3671 2281 3738 increvit,
2300 3671 2574 3742 multoque
2601 3688 2860 3747 aquarum
2893 3674 3090 3743 impetu
3129 3673 3295 3733 fertur
3327 3676 3615 3742 violentus,

2036 3780 2142 3818 non
2194 3764 2417 3835 perinde
2459 3764 2614 3821 facile
2652 3776 2734 3821 est
2779 3768 3066 3823 exundanti
3107 3768 3389 3824 obsistere.
3431 3769 3621 3839 quue

2036 3858 2207 3913 multo
2232 3866 2358 3913 ante
2402 3867 2642 3929 tempore
2692 3860 3025 3929 prrcveniunt
3070 3861 3211 3916 illius
3254 3862 3617 3931 eruptionem,

2036 3949 2387 4020 undequaqne
2415 3961 2777 4020 praeparantes
2810 3950 3064 4021 quidquid
3090 3967 3246 4021 agros
3282 3953 3450 4024 possit
3476 3962 3619 4009 tutos

2035 4041 2282 4096 reddere.
2302 4042 2390 4097 Sic
2409 4051 2463 4096 et
2483 4043 2682 4098 milites
2703 4052 2757 4096 et
2787 4052 2985 4107 nautae,
3013 4051 3069 4101 ct
3092 4043 3360 4115 agricolae,
3390 4054 3447 4100 et
3473 4061 3613 4100 mes-

2035 4150 2186 4190 sores
2218 4134 2395 4190 facere
2435 4145 2848 4193 consueverunt.
2887 4135 3159 4206 Siquidem
3206 4137 3405 4193 milites
3438 4138 3614 4207 prius-

2036 4241 2194 4294 quam
2223 4226 2400 4291 vcniat
2439 4225 2704 4300 pugnandi
2747 4234 2977 4296 tempus,
3014 4238 3068 4281 et
3098 4227 3370 4282 thoracem
3404 4228 3617 4285 ab5ter-

2034 4328 2187 4389 gunt,
2221 4329 2273 4373 et
2297 4328 2504 4373 scutum
2535 4318 2997 4387 circumspit-innt,
3029 4327 3084 4373 et
3127 4317 3307 4375 frenos
3335 4330 3618 4388 apparant,

2035 4419 2089 4466 ct
2117 4424 2284 4482 equos
2311 4410 2455 4467 omni
2492 4410 2767 4479 diligentia
2803 4410 3062 4482 nutriunt,
3102 4419 3405 4480 cmteraque
3440 4412 3621 4466 omnia

2038 4510 2181 4556 recte
2207 4501 2595 4570 diligenterque
2619 4509 2829 4577 curant.
2861 4485 3117 4557 Similiter
3144 4509 3198 4557 et
3228 4509 3405 4557 nauta:
3443 4505 3626 4570 prius-

2035 4608 2193 4663 quam
2219 4593 2395 4648 navim
2418 4596 2470 4648 in
2504 4602 2712 4662 portum
2735 4592 3037 4660 detrahant,
3072 4601 3127 4647 et
3167 4593 3403 4648 carinam
3452 4609 3624 4665 appa-

2037 4696 2179 4753 rant,
2202 4696 2253 4741 et
2282 4686 2582 4743 instaurant
2618 4685 2806 4747 latera,
2843 4693 2904 4739 et
2946 4699 3123 4741 remos
3159 4684 3364 4750 dolent,
3402 4694 3461 4741 et
3506 4686 3631 4741 vela

2035 4779 2429 4842 consaminant,
2464 4776 2698 4846 denique
2737 4775 2992 4849 quidquid
3037 4783 3293 4845 praeterea
3340 4775 3410 4830 ad
3460 4776 3627 4831 totius

2038 4869 2187 4923 navis
2209 4876 2533 4924 armaturam
2559 4866 2810 4937 pertinet,
2841 4865 3124 4935 diligenter
3150 4874 3443 4920 accurant:
3475 4881 3623 4922 mes-

2035 4975 2187 5016 sorcs
2222 4959 2348 5019 item
2391 4959 2571 5019 multis
2607 4968 2732 5014 ante
2764 4954 2953 5013 diebus
2993 4966 3049 5013 et
3088 4955 3257 5012 falces
3301 4968 3525 5021 acuunt,
3571 4969 3619 5013 et

2035 5069 2217 5111 arcam
2245 5060 2572 5131 prmparaut,
2626 5051 2792 5109 boves
2841 5051 2970 5122 item
3007 5059 3063 5105 et
3097 5064 3338 5116 currum,
3388 5051 3622 5107 breviter

2035 5144 2291 5217 quidquid
2316 5143 2445 5215 ipsis
2467 5142 2535 5199 ad
2560 5156 2795 5201 messem
2819 5151 2881 5197 et
2901 5136 3140 5205 trituram
3169 5139 3517 5197 conducibile
3533 5141 3620 5212 ju-

2035 5238 2233 5293 dicant.
2262 5235 2373 5291 lmo
2400 5234 2582 5293 videas
2633 5249 2823 5290 omnes
2870 5231 3137 5298 homines,
3183 5230 3394 5302 siquid
3441 5246 3622 5288 rerum

2036 5331 2303 5404 agendum
2324 5338 2429 5393 est,
2456 5331 2605 5399 prius
2625 5327 2802 5389 adeas
2832 5334 3144 5396 apparatum
3185 5323 3383 5391 facere,
3416 5335 3477 5382 ut
3498 5340 3624 5383 cum

2037 5425 2317 5482 advenerit
2344 5424 2419 5479 rei
2447 5420 2697 5494 gerendae
2719 5434 2949 5491 tempus,
2972 5419 3126 5503 facile
3153 5418 3463 5487 conﬁciant,
3478 5418 3627 5493 quod

2037 5526 2120 5579 ea
2142 5529 2299 5586 opus.

2107 5628 2406 5685 Iudaeorum
2426 5628 2685 5701 jejunium
2709 5627 2942 5695 raptum.
2983 5651 3053 5667 -—
3091 5622 3200 5678 llos
3234 5622 3395 5695 igitur
3429 5633 3485 5678 et
3524 5634 3623 5676 nos

2042 5722 2332 5786 imitantes,
2363 5720 2546 5775 multis
2589 5731 2717 5776 ante
2761 5716 2957 5772 diebus
2987 5713 3379 5786 prmmunimus
3411 5716 3623 5766 animas
