3866 6226
290 304 400 360 8'25

249 420 475 483 vestras,
503 417 851 473 exhortantes
880 431 997 483 vos,
1027 425 1084 472 ut
1118 417 1338 487 impimn
1388 417 1489 473 hoc
1530 418 1838 475 Judzeorum

251 520 308 563 et
351 511 669 564 sceleratum
689 508 951 579 jejunium
983 509 1215 579 fugiatis.
1245 509 1432 579 Neque
1475 511 1617 565 enim
1659 512 1728 566 ita
1756 514 1840 568 di-

250 602 423 665 xeris,
442 600 689 671 jejuuaut
714 619 726 653 :
762 600 889 670 quin
917 602 1089 670 potius
1118 600 1248 655 illud
1274 602 1402 655 mihi
1426 603 1715 667 ostendito,
1743 618 1840 658 eos

248 710 317 748 ex
368 693 459 748 Dei
505 696 766 748 sententia
816 694 1082 763 jejuuare.
1123 694 1274 760 Quod
1329 694 1381 748 ni
1431 696 1479 749 id
1511 696 1621 761 liat,
1653 700 1840 767 quavis

251 784 509 839 ebrietate
535 782 851 839 sceleratius
873 796 953 839 est
973 786 1257 855 jejunium.
1283 785 1469 856 Neque
1494 786 1636 842 enim
1664 790 1837 845 solum

250 875 701 930 considerandum
743 888 822 931 cst
868 877 996 947 quid
1041 878 1110 931 ab
1156 878 1274 931 istis
1319 879 1431 943 fiat,
1479 894 1665 935 verum
1710 881 1836 937 illud

249 966 411 1021 etiam
437 968 850 1034 observandum,
882 985 1039 1038 quam
1065 969 1133 1022 ob
1157 984 1369 1024 causam
1402 971 1619 1026 faciant.

326 1058 410 1111 Ea:
436 1059 692 1113 voluntate
722 1056 816 1113 Dei
846 1069 951 1112 tum
979 1061 1164 1114 bonum
1208 1071 1312 1113 tum
1349 1062 1543 1116 malum
1580 1064 1835 1133 penditur.

250 1180 322 1189 ——
346 1150 557 1205 Etenim
597 1151 739 1219 quod
781 1152 838 1204 lit
874 1152 1024 1219 juxta
1064 1151 1155 1205 Dei
1199 1151 1551 1220 voluntatem,
1596 1154 1839 1223 quamvis

254 1243 494 1296 videatur
526 1243 821 1311 improbum
856 1258 995 1305 esse,
1019 1242 1254 1296 omnium
1280 1245 1538 1311 optimum
1566 1253 1665 1298 est.
1695 1246 1837 1299 Coti-

254 1345 357 1397 tra,
382 1334 520 1403 quod
553 1335 609 1387 fit
636 1343 828 1403 pra-ter
857 1334 948 1387 Dei
987 1335 1312 1387 voluntatem
1354 1347 1408 1389 et
1439 1337 1709 1404 placitum,
1738 1337 1837 1392 etsi

253 1434 473 1493 putetur
497 1424 777 1493 optimum,
817 1436 991 1478 tamen
1042 1436 1124 1479 est
1168 1427 1405 1478 onmintn
1446 1427 1737 1496 pessimum
1785 1435 1841 1481 et

254 1516 665 1586 iniquissimum.
698 1518 865 1571 Etiam
890 1518 931 1570 si
956 1517 1073 1585 quis
1101 1517 1309 1572 occidat
1331 1518 1622 1582 hominem,
1649 1520 1718 1573 ita
1747 1535 1842 1574 vo-

253 1612 399 1663 lente
422 1610 548 1671 Deo,
582 1613 767 1679 quavis
796 1609 1121 1663 humanitate
1149 1612 1337 1665 melius
1365 1621 1447 1666 est
1482 1611 1583 1667 hoc
1612 1612 1839 1668 homici-

251 1703 423 1757 dium.
456 1703 661 1756 Rursus
692 1703 734 1755 si
767 1719 885 1772 quis
918 1713 1117 1771 parcat,
1149 1714 1203 1758 et
1231 1703 1575 1759 humanitatis
1603 1707 1837 1761 officium

251 1796 527 1850 Collocarit
557 1796 607 1848 in
637 1797 939 1864 quempiam
965 1804 1157 1865 praeter
1192 1796 1282 1849 Dei
1329 1798 1669 1861 sententiam,
1702 1813 1836 1865 qua-

253 1890 335 1943 vis
355 1889 503 1944 etrde
529 1889 843 1944 sceleratior
868 1898 950 1942 est
988 1889 1103 1944 hinc
1141 1889 1486 1959 indulgentia.
1532 1889 1647 1944 Non
1694 1891 1837 1945 enim

252 1982 366 2051 ipsa
396 1998 572 2036 rerum
605 1994 789 2035 natura
825 1982 945 2035 facit
986 1990 1043 2035 ut
1086 1982 1271 2036 eadem
1312 1984 1393 2034 vel
1436 1982 1570 2036 bona
1611 1984 1718 2036 sint
1755 1984 1836 2038 vel

251 2075 412 2136 ttiala,
442 2074 533 2128 sed
568 2074 659 2127 Dei
686 2073 954 2141 placitum.

323 2164 379 2215 2!.
422 2163 490 2218 Ut
533 2173 710 2216 autent
778 2164 1039 2230 intelligas
1096 2162 1196 2217 hoc
1249 2178 1369 2217 esse
1416 2179 1637 2227 vermn,
1690 2162 1835 2215 amli.

254 2257 458 2320 Achab,
484 2271 605 2309 cum
635 2271 811 2324 regem
837 2254 1119 2325 quemdam
1145 2254 1401 2325 Syrorum
1432 2252 1678 2322 cepisset.
1703 2267 1836 2308 con-

251 2359 333 2402 tra
360 2349 451 2403 Dei
478 2349 801 2403 voluntatem
828 2348 976 2401 dedit
1004 2348 1196 2410 vitam,
1245 2355 1300 2400 ct
1334 2361 1551 2401 assessu
1593 2346 1841 2415 dignatus

252 2451 358 2503 est,
384 2441 616 2508 denique
644 2441 807 2494 multa
838 2456 961 2494 cmn
1008 2437 1407 2493 honoriﬁcnntia
1450 2438 1671 2491 dimisit.
1719 2437 1838 2491 Mox

253 2532 513 2601 propheta
540 2531 800 2601 quispiam
820 2531 1100 2594 accedens,
1120 2530 1252 2584 dixit
1279 2533 1343 2583 ad
1371 2529 1472 2583 sibi
1502 2529 1799 2599 proximum
1822 2543 1835 2581 :

254 2624 320 2678 In
346 2642 572 2679 sermone
604 2625 807 2677 Domini
834 2633 1032 2694 percute
1070 2638 1186 2686 me;
1232 2621 1319 2676 ille
1362 2637 1474 2675 vero
1518 2620 1680 2675 noluit
1727 2637 1841 2673 eum

255 2729 531 2785 percutere.
567 2717 707 2770 Dixit
736 2718 891 2788 igitur
917 2717 985 2769 ad
1019 2716 1165 2770 illum
1191 2714 1306 2770 :Eo
1325 2715 1460 2785 quod
1502 2731 1603 2768 non
1650 2713 1841 2767 audisti

252 2824 423 2860 vocem
448 2806 673 2871 Domini,
701 2825 812 2862 ecce
840 2818 893 2859 tu
921 2807 1116 2859 reci-des
1140 2823 1171 2858 a
1196 2822 1295 2867 me,
1324 2815 1370 2858 et
1396 2805 1638 2875 percutiet
1668 2814 1713 2857 te
1738 2803 1837 2857 leo.

258 2901 495 2953 Discessit
524 2902 586 2951 ab
614 2901 720 2963 illo,
748 2910 794 2951 et
822 2900 1004 2968 reperit
1031 2916 1139 2952 cum
1164 2898 1259 2962 leo,
1292 2907 1339 2951 et
1365 2898 1627 2966 percussit.
1659 2897 1729 2949 Ac
1756 2913 1839 2950 re-

254 2992 381 3060 perit
408 2992 569 3043 alium
598 2991 881 3053 hominem,
912 2990 992 3041 cui
1020 2990 1146 3041 dixit
1172 3006 1186 3043 .'
1225 2993 1442 3046 Pcrcutc
1462 3004 1557 3041 me.
1611 2987 1677 3039 Et
1721 3004 1838 3055 pcr-

252 3083 410 3134 cnssit
447 3098 563 3136 eum
603 3082 753 3135 homo
793 3082 900 3145 ille,
946 3082 1321 3151 vnlneravitque
1355 3097 1488 3143 cum,
1528 3097 1589 3133 ac
1623 3080 1709 3134 ille
1749 3081 1841 3134 sibi

251 3171 488 3242 obligavit
535 3173 715 3242 facient
758 3171 833 3243 (3.
870 3171 993 3241 Reg.
1023 3171 1112 3226 20.
1162 3172 1379 3240 εἰεί-58).
1419 3172 1555 3237 Quid
1592 3171 1695 3226 hoc
1724 3183 1841 3225 stu-

254 3277 385 3331 pure
407 3260 619 3330 dignius
649 3262 759 3315 fieri
810 3262 1015 3332 possit?
1056 3261 1155 3328 Qui
1199 3264 1463 3332 percussit
1500 3261 1837 3331 prophetam,

250 3352 426 3407 evasit
453 3353 883 3422 incolumis:qui
926 3354 1184 3423 pepercit,
1227 3354 1375 3407 dedit
1422 3368 1606 3422 pmnas
1634 3369 1649 3407 :
1680 3353 1837 3407 uimi-

251 3459 372 3498 rum
405 3452 462 3497 ut
506 3443 865 3513 intelligeres,
910 3445 959 3497 in
997 3444 1161 3513 jussis
1206 3444 1399 3497 divinis
1441 3460 1546 3496 non
1588 3454 1839 3512 oportere

250 3535 524 3589 curiosum
547 3551 689 3599 esse,
712 3537 1128 3606 examinarequc
1150 3551 1330 3589 rerum
1370 3552 1489 3603 qua)
1518 3535 1837 3605 prtecipinn-

252 3638 345 3680 tur
391 3637 668 3692 naturam,
717 3629 809 3683 sed
868 3628 997 3682 nihil
1047 3610 1189 3683 aliud
1242 3645 1398 3698 quam
1445 3630 1839 3698 obtemperare.

253 3720 467 3774 Etenim
501 3737 567 3774 ne
600 3721 746 3789 prior
771 3720 861 3777 ille
892 3724 1093 3775 veritus
1123 3730 1369 3789 parceret
1402 3722 1696 3791 propheue,
1734 3736 1838 3775 non

250 3812 386 3867 dixit
409 3812 480 3866 illi
502 3812 833 3882 simpliciter,
878 3816 1099 3880 Percute
1124 3831 1226 3879 me,
1257 3811 1350 3867 sed
1382 3812 1606 3876 addidit,
1636 3811 1705 3865 In
1732 3828 1839 3866 ser-

250 3920 401 3958 mone
427 3902 628 3957 Domini
655 3918 673 3957 :
696 3904 798 3958 boe
822 3911 924 3968 est,
958 3903 1100 3958 Deus
1128 3904 1401 3973 percepit,
1432 3904 1512 3960 Ne
1537 3917 1718 3973 quzere
1753 3902 1838 3959 ul-

252 3995 423 4048 terius
458 4012 471 4047 :
503 3994 616 4048 Rex
635 4005 717 4048 est
741 3993 831 4064 qui
856 3994 997 4050 hanc
1017 3993 1319 4064 praescribit
1345 3994 1512 4063 legem
1544 3994 1842 4049 :fteverere

246 4087 487 4157 jubentis
512 4088 911 4154 auctoritatem,
935 4101 1252 4156 summaque
1283 4100 1406 4140 cum
1452 4085 1616 4139 animi
1660 4099 1840 4155 prom-

252 4179 515 4248 ptitudiuc
529 4180 862 4248 obtempera.
882 4180 950 4232 At
966 4178 1018 4231 id
1049 4177 1222 4232 facere
1244 4191 1352 4232 non
1372 4174 1645 4239 sustinuit,
1668 4189 1840 4244 eoque

253 4288 440 4343 poenas
468 4271 613 4327 dedit
635 4272 1000 4342 gravissimas,
1032 4284 1130 4325 suo
1159 4268 1411 4338 exemplo
1450 4275 1695 4336 posteros
1741 4264 1839 4318 ad-

254 4365 497 4430 hortans,
521 4372 581 4417 ut
604 4362 858 4433 quidquid
888 4360 1205 4433 praeceperit
1242 4360 1381 4415 Deus
1402 4401 1417 4423 ,
1447 4358 1497 4413 ei
1531 4372 1628 4427 per
1659 4358 1838 4411 omnia

249 4456 685 4525 obtemperarent
713 4469 1024 4525 moremque
1048 4466 1317 4525 gererent.
1351 4453 1481 4508 Dein
1507 4467 1627 4508 cum
1657 4460 1840 4522 poste-

250 4550 362 4603 rior
400 4548 489 4602 ille
531 4547 884 4617 percussisset
916 4562 1039 4601 eum
1079 4555 1135 4601 et
1172 4545 1534 4607 vulnerasset,
1579 4542 1838 4613 propheta

245 4639 352 4694 sibi
380 4648 541 4708 caput
564 4638 808 4692 obvinxit
835 4639 973 4703 loro,
995 4647 1051 4692 et
1070 4636 1255 4693 oculos
1275 4635 1504 4698 obtexit,
1533 4636 1763 4707 denique
1783 4633 1838 4689 in

242 4748 365 4785 eam
394 4732 627 4800 speciem
656 4746 776 4786 sese
818 4730 1235 4793 transformat/it,
1272 4738 1331 4783 ut
1355 4745 1386 4783 a
1415 4729 1628 4783 nemine
1657 4736 1838 4797 posset

241 4824 483 4888 agitusci.
514 4822 675 4891 Cujus
699 4823 771 4875 rei
804 4823 970 4892 gratia
997 4821 1101 4876 hoc
1127 4821 1429 4876 fecit?Erat
1454 4820 1836 4889 redarguturus

246 4916 471 4984 lin-gem,
493 4924 547 4967 et
575 4916 893 4969 sententiam
928 4914 980 4968 in
1003 4930 1126 4969 eum
1160 4914 1365 4968 laturus
1392 4913 1461 4968 de
1496 4913 1667 4967 salute
1697 4913 1838 4983 regis

241 5008 442 5079 Syria).
473 5007 524 5062 ls
550 5007 712 5077 igitur
737 5024 880 5073 cum,
917 5019 968 5061 ut
992 5017 1108 5063 erat
1146 5007 1362 5078 impius,
1393 5020 1610 5077 semper
1652 5006 1833 5061 odium

236 5100 497 5169 gessisset
533 5100 789 5155 adversus
818 5099 1106 5170 prophetas
1125 5141 1139 5163 ,
1171 5115 1239 5154 ne
1268 5108 1611 5170 conspectum
1658 5100 1833 5169 ipsum

141 5190 155 5259 ξ
237 5200 297 5243 et
338 5191 575 5260 agnitum
614 5193 682 5247 ab
722 5191 892 5247 oculis
931 5193 1042 5247 suis
1079 5191 1440 5254 submoveret,
1485 5207 1656 5261 eoque
1695 5190 1834 5245 facto

238 5299 350 5338 non
389 5284 650 5353 reciperet
678 5286 1096 5351 correctionem,
1126 5284 1271 5340 velut
1298 5283 1553 5354 propheta
1594 5283 1751 5338 simul
1780 5292 1836 5339 et

240 5375 432 5429 faciem
454 5391 625 5439 suam,
650 5385 703 5430 ct
728 5376 924 5445 negotii
951 5376 1335 5443 narrationem,
1358 5383 1489 5431 utet
1512 5374 1612 5445 ipsi
1631 5374 1833 5429 coutin-

236 5474 391 5535 geret
430 5475 664 5535 potestas
701 5466 911 5520 dicendi
938 5482 1058 5536 quze
1085 5466 1320 5532 volebat,
1350 5475 1405 5521 et
1433 5466 1592 5537 Regis
1619 5466 1831 5521 confes-

237 5556 446 5611 sionem
470 5565 831 5626 extorqueret.
861 5557 1066 5611 Etenim
1089 5572 1209 5612 cum
1240 5557 1349 5611 Rex
1384 5558 1698 5625 pnnteriret,
1725 5557 1833 5612 cla-

242 5663 395 5703 more
419 5648 749 5718 ctnnpellans
778 5664 921 5713 eum,
948 5648 1082 5702 diuit
1112 5665 1124 5702 :
1151 5648 1341 5703 Servus
1369 5659 1483 5703 tuus
1509 5667 1734 5720 egressus
1757 5660 1832 5705 est

242 5743 315 5797 ad
346 5743 595 5799 exercitus
616 5746 807 5810 aciem,
838 5753 885 5797 et
918 5758 1029 5798 ecce
1066 5742 1139 5797 vir
1164 5742 1372 5811 quidam
1414 5744 1629 5798 adduxit
1658 5745 1725 5798 ad
1754 5760 1833 5799 me

1483 305 1846 363 ADVEllSUS
1881 307 2180 366 “ID/EOS.
2224 309 2311 365 IV.

3419 320 3520 372 δη

1950 424 2132 491 virum,
2165 426 2422 499 dixitque:
2438 425 2595 482 Serra
2626 430 2751 483 nti/ti
2775 430 2907 483 [tunc
2935 448 2953 484 .'
2975 432 3109 502 quod
3132 434 3173 486 si
3194 436 3393 504 elapsus
3418 453 3533 490 ert»

1945 518 2087 581 serit,
2119 520 2216 571 erit
2241 520 2409 573 anima
2431 530 2518 575 tua
2545 538 2640 592 pro
2667 523 2839 577 anima
2864 524 3025 589 illius,
3054 536 3142 579 aut
3172 527 3422 596 dependes
3447 546 3533 581 ar-

1944 609 2081 681 genti
2111 612 2373 665 talentum.
2407 611 2473 666 Et
2510 615 2698 669 accidit
2734 615 2855 669 dunt
2889 632 3059 670 servus
3090 628 3204 671 tuus
3238 619 3536 689 circumspi-

1945 715 2075 758 ceret
2108 704 2206 759 huc
2229 714 2277 757 et
2311 706 2454 772 illuc,
2483 717 2529 759 et
2555 723 2666 762 ecce
2691 708 2766 761 vir
2790 726 2889 762 non
2928 711 3265 773 comparebat.
3298 709 3365 763 Et
3404 710 3535 764 dixit

1946 795 2058 851 Rea:
2085 795 2250 851 Israel
2274 791 2445 852 :Ecce
2471 799 2634 869 judca:
2674 796 2727 853 tu
2761 801 2901 871 apud
2939 818 3016 853 me
3046 818 3066 854 :
3092 802 3337 855 occidisti.
3370 801 3435 855 Et
3466 803 3532 855 il-

1943 886 2042 942 lico
2073 889 2319 959 pr0plteta
2346 889 2565 944 detraxit
2588 892 2809 946 velamen
2830 893 2893 945 ab
2913 893 3072 947 oculis
3101 893 3227 956 suis,
3256 904 3303 948 et
3329 895 3533 965 agnouit

1942 979 2088 1033 illuni
2121 978 2235 1034 Rea:
2262 981 2461 1047 Israel,
2502 982 2637 1052 quod
2675 993 2803 1037 esset
2838 1000 2969 1039 unus
2998 1001 3059 1038 ea:
3097 984 3218 1053 ﬁliis
3251 987 3531 1057 prop/teta-

1943 1089 2087 1138 rum,
2112 1073 2339 1144 dixitque
2373 1076 2443 1128 ad
2470 1071 2795 1130 illum:lltec
2822 1076 2944 1130 dicit
2976 1075 3228 1131 Dominus
3260 1078 3373 1132 :Eo
3396 1079 3533 1147 quod

1943 1163 2182 1217 dimisisti
2219 1165 2379 1218 virum
2414 1166 2566 1219 exitio
2595 1166 2805 1237 dignum
2842 1183 2869 1221 ε
2898 1184 3053 1222 manu
3079 1178 3187 1235 tua,
3224 1170 3319 1224 erit
3361 1170 3531 1223 anima

1945 1265 2033 1307 tua
2058 1269 2150 1324 pro
2176 1254 2347 1307 anima
2377 1254 2537 1321 illius,
2565 1266 2611 1310 et
2640 1266 2756 1311 tuus
2782 1258 3004 1328 papulas
3032 1275 3126 1329 pro
3167 1260 3358 1331 papula
3387 1260 3531 1314 illius

1947 1346 2025 1415 (3.
2071 1340 2199 1410 Reg.
2242 1345 2743 1419 20.56.;qq.)Vides
2785 1349 2927 1419 quod
2949 1365 3052 1405 non
3069 1349 3239 1405 solum
3261 1351 3536 1415 Deus,scd

1944 1444 1999 1492 et
2024 1438 2268 1493 homines
2292 1439 2450 1494 simili
2474 1439 2911 1510 modojudicant,
2952 1458 3056 1496 non
3088 1443 3433 1512 respicientes
3466 1444 3531 1495 ad

1943 1545 2128 1585 eormn
2173 1548 2292 1601 qua:
2334 1532 2469 1585 liunt
2510 1542 2772 1596 naturam,
2813 1535 2907 1589 sed
2951 1536 3016 1589 ad
3060 1535 3218 1590 linem
3265 1537 3440 1605 potius
3480 1548 3534 1591 et

1942 1623 2163 1677 causas?
2196 1624 2351 1689 Ecce,
2389 1625 2555 1695 inquit
2591 1626 2750 1680 etiam
2781 1628 2894 1696 ipse
2925 1628 3071 1693 llex,
3109 1639 3162 1682 tu
3192 1629 3357 1698 judex
3392 1630 3529 1698 apud

1943 1730 2051 1781 me,
2104 1716 2193 1785 qui
2244 1716 2523 1771 occideris.
2573 1717 2847 1773 Homicida
2895 1734 2985 1786 es,
3036 1721 3223 1790 inquit,
3272 1736 3338 1774 eo
3390 1722 3532 1790 quod

1944 1806 2151 1861 hostem
2181 1806 2471 1862 dimiseris.
2502 1808 2583 1863 οι)
2613 1807 2715 1863 hoc
2739 1809 2880 1865 enim
2911 1810 3167 1879 propheta
3188 1812 3364 1866 velum
3391 1811 3532 1869 addi-

1943 1897 2118 1964 derat,
2150 1907 2206 1953 et
2237 1897 2382 1954 velut
2415 1899 2467 1953 in
2497 1899 2668 1954 aliena
2703 1914 2862 1955 causa
2890 1900 3034 1956 litem
3062 1900 3299 1969 induxit,
3328 1911 3385 1957 ut
3418 1902 3532 1955 llcx

1944 1989 2264 2043 sententiam
2312 1998 2512 2045 rectam
2562 1991 2929 2059 pronuntiaret
2969 2008 2985 2045 :
3020 1991 3162 2061 quod
3214 2002 3268 2047 et
3315 1992 3530 2047 accidit.

1945 2082 2157 2138 Etenim
2191 2090 2469 2152 postquam
2498 2084 2731 2152 scipsum
2757 2099 2852 2139 sua
2883 2085 3144 2140 sententia
3174 2084 3530 2140 condemnas-

1944 2184 2046 2239 set,
2086 2175 2329 2231 detracto
2362 2175 2503 2239 velo,
2541 2174 2674 2229 dixit
2712 2174 2969 2245 propheta
2995 2194 3013 2229 :
3046 2177 3304 2243 Quoniam
3346 2185 3399 2229 tu
3453 2177 3534 2229 di-

1943 2265 2125 2320 misisti
2149 2264 2311 2319 visum
2341 2266 2493 2320 exitio
2521 2264 2732 2337 dignum
2756 2282 2783 2320 e
2810 2282 2963 2320 manu
2992 2276 3097 2329 tua,
3131 2267 3226 2321 erit
3248 2268 3421 2321 anima
3447 2277 3539 2321 tua

1944 2372 2038 2424 pro
2079 2356 2252 2409 anima
2294 2356 2452 2421 illius,
2498 2365 2545 2410 et
2586 2356 2809 2427 populus
2847 2366 2965 2411 tuus
3004 2374 3095 2427 pro
3137 2358 3327 2428 papula
3370 2358 3531 2412 illius.

1949 2446 2109 2503 Vides
2137 2461 2271 2517 quas
2294 2462 2393 2518 pro
2419 2448 2743 2503 humanitate
2775 2463 2959 2518 poenas
2989 2448 3147 2503 luerit
3168 2448 3302 2514 Rex,
3335 2465 3539 2518 proque

1944 2538 2319 2608 intempestiva
2348 2538 2629 2594 clementia
2658 2553 2765 2609 quo
2792 2537 3012 2594 aﬂ'ectus
3042 2540 3111 2594 sit
3139 2539 3440 2610 supplicio?
3468 2540 3543 2595 Et

1946 2629 2035 2684 hic
2060 2630 2274 2701 quidem
2303 2631 2393 2700 qui
2434 2630 2693 2697 servavit,
2724 2631 2969 2700 punitur;
3000 2632 3134 2686 alter
3164 2647 3292 2688 vero
3318 2632 3407 2703 qui
3439 2648 3534 2686 oc-

1944 2719 2098 2786 cidit,
2139 2719 2397 2789 probatus
2443 2728 2546 2775 est.
2594 2720 2755 2790 Igitur
2805 2729 2860 2778 et
2901 2720 3155 2787 Phineas,
3206 2722 3295 2791 qui
3344 2721 3533 2777 eodem

1948 2811 2203 2881 temporis
2250 2811 2477 2866 articulo
2521 2810 2716 2880 duplex
2766 2811 3089 2881 perpetravit
3145 2811 3489 2867 homicidium
3516 2853 3541 2878 ,

1945 2902 2221 2971 virumque
2253 2901 2410 2956 simul
2436 2916 2556 2956 cum
2596 2901 2817 2957 muliere
2843 2901 3087 2967 sustulit,
3113 2902 3414 2959 sacerdotio
3441 2903 3535 2958 ho-

1946 3002 2166 3049 noratur
2185 2993 2481 3065 (Nunt.25)
2502 3011 2516 3047 :
2541 3009 2643 3051 nec
2668 2995 2841 3049 solum
2872 3010 2975 3049 non
3003 2996 3299 3066 inquinavit
3318 3012 3533 3051 manum

1944 3087 2225 3157 sanguine,
2267 3102 2452 3143 verum
2494 3088 2654 3142 etiam
2694 3088 2964 3156 puriorem
3009 3088 3258 3143 reddidit.
3304 3089 3537 3145 Proinde

1944 3193 2066 3234 cum
2093 3178 2290 3234 videris
2319 3194 2441 3233 eum
2463 3180 2552 3249 qui
2583 3179 2895 3249 prephetam
2929 3182 3191 3249 percussit
3214 3196 3335 3236 esse
3354 3196 3535 3237 serva—

1947 3278 2080 3335 tttm,
2106 3284 2230 3324 eum
2252 3286 2381 3327 vero
2404 3272 2495 3341 qui
2524 3287 2628 3325 non
2655 3272 2917 3341 percussit
2941 3273 3286 3335 eXstluctum,
3312 3282 3366 3326 et
3387 3272 3535 3326 illum

1944 3363 2033 3432 qui
2065 3370 2379 3432 pepercerat
2403 3362 2532 3418 dare
2559 3378 2766 3431 poenas,
2798 3363 3059 3431 punitmn,
3093 3378 3277 3418 rursus
3297 3379 3417 3417 cum
3445 3363 3534 3434 qui

1945 3468 2052 3507 non
2085 3454 2345 3523 pepercit,
2388 3453 2742 3523 approbatum
2786 3470 2799 3506 :
2833 3468 3047 3522 seraper
3087 3453 3228 3522 apud
3272 3461 3325 3508 te
3359 3454 3536 3521 potior

1945 3544 2017 3599 sit
2054 3544 2222 3609 ratio,
2253 3543 2380 3614 quid
2411 3544 2552 3599 Dens
2592 3544 2886 3614 prmeipiat,
2927 3559 3086 3614 quam
3118 3560 3237 3608 qlia:
3275 3544 3343 3598 sit
3373 3560 3537 3613 nego-

1946 3637 2141 3690 tiorum
2168 3645 2356 3691 natura
2388 3655 2403 3692 :
2437 3635 2581 3707 quod
2615 3636 2659 3691 si
2692 3635 2815 3707 quid
2846 3638 3172 3705 compereris
3214 3637 3305 3691 illo
3334 3652 3534 3707 appro—

1944 3731 2106 3787 bante
2133 3730 2267 3800 geri,
2298 3729 2428 3785 illud
2454 3729 2628 3784 solum
2648 3729 2997 3799 amplectere.

2014 3822 2069 3876 5.
2095 3821 2272 3891 Atque
2303 3821 2403 3875 hac
2433 3829 2642 3875 utentes
2668 3820 2849 3890 regula
2869 3860 2885 3885 ,
2914 3830 2967 3874 et
2993 3820 3257 3889 jejunium
3296 3820 3401 3875 hoc
3441 3820 3535 3876 «ιιι-

1944 3912 2180 3968 datorum
2212 3910 2599 3980 expendamus.
2627 3911 2839 3966 Etenim
2885 3911 2939 3965 ni
2989 3911 3040 3964 id
3086 3909 3391 3973 fet-erimus,
3437 3911 3535 3965 sed

1944 4003 2184 4079 actiones
2209 4000 2399 4067 nudas,
2432 4016 2527 4070 per
2562 4015 2623 4056 se
2653 4009 2854 4055 tantum
2890 4000 2943 4053 in
2980 4000 3217 4069 medium
3252 3998 3483 4068 prolatas
3506 4040 3523 4065 ,

1942 4093 2348 4150 consideremus
2377 4110 2391 4147 :
2424 4093 2615 4163 ingens
2642 4093 2748 4147 erit
2782 4091 3047 4155 confusio,
3087 4106 3383 4161 magnaque
3413 4104 3534 4159 per-

1946 4184 2198 4240 turbatio.
2226 4183 2359 4239 Nam
2383 4182 2677 4238 latronibus
2703 4183 3006 4239 lacerantur
3030 4182 3225 4251 latera,
3249 4190 3305 4237 et
3340 4196 3535 4235 monu-

1944 4286 2247 4331 mentorum
2278 4274 2693 4345 perfossoribus,
2723 4285 2778 4329 et
2806 4274 3280 4345 priestigiatoribus
3305 4291 3317 4326 :
3344 4288 3532 4328 verum

1945 4366 2085 4422 idem
2118 4365 2393 4436 patiuntur
2432 4374 2490 4421 et
2531 4375 2815 4437 martyres.
2852 4363 3016 4419 Facta
3041 4364 3260 4433 quidem
3290 4373 3416 4418 sunt
3441 4378 3532 4417 ea-

1943 4458 2066 4515 dem
2085 4500 2103 4524 ,
2145 4466 2400 4513 eceteram
2447 4456 2657 4512 animus
2686 4464 2741 4512 et
2768 4471 2929 4511 causa
2957 4470 3054 4512 cur
3083 4456 3197 4510 haec
3227 4456 3354 4509 fiant
3378 4495 3393 4520 ,
3428 4471 3533 4510 non

1942 4559 2027 4604 est
2054 4548 2263 4613 eadem,
2296 4562 2468 4617 eoque
2493 4547 2783 4616 plurimum
2811 4554 2894 4600 est
2920 4546 3243 4600 discriminis
3268 4546 3411 4601 inter
3434 4546 3533 4600 hos

1943 4649 1998 4695 et
2039 4638 2176 4694 illos.
2206 4638 2355 4694 Sicut
2402 4638 2562 4707 igitur
2588 4637 2642 4691 in
2673 4636 2778 4690 illis
2819 4652 2926 4690 non
2964 4645 3287 4691 tormentum
3326 4645 3533 4691 tantum

1942 4730 2314 4800 expendimus,
2346 4728 2439 4783 sed
2471 4726 2618 4797 prius
2642 4727 2880 4781 animum
2908 4736 2962 4780 et
2989 4741 3205 4782 causam
3226 4768 3242 4792 ,
3273 4726 3344 4781 ob
3370 4742 3533 4796 quam

1941 4823 2209 4877 cruciatus
2230 4820 2545 4885 inferuntur,
2574 4819 2997 4884 consideramus,
3022 4829 3076 4873 et
3095 4819 3165 4874 ob
3189 4818 3240 4874 id
3268 4827 3533 4891 martyres

1941 4928 2204 4978 amamus,
2230 4928 2335 4967 non
2361 4910 2504 4981 quod
2528 4912 2856 4974 crucientur,
2880 4910 2973 4966 sed
2993 4909 3136 4981 quod
3160 4910 3231 4965 ob
3257 4910 3530 4966 Christum

1940 5005 2210 5061 cruciatus
2230 5004 2429 5067 ferant;
2453 5011 2636 5057 contra
2655 5002 2890 5056 latrones
2903 5001 3254 5067 detestamur,
3283 5016 3393 5056 non
3407 5002 3531 5071 quia

1942 5096 2254 5166 puniuntur,
2284 5093 2375 5148 sed
2404 5093 2545 5164 quod
2576 5094 2646 5147 ob
2670 5092 2945 5148 malefacta
2984 5093 3312 5162 puniuntur:
3340 5094 3528 5147 eodem

1940 5189 2100 5244 modo
2123 5188 2220 5243 hac
2243 5190 2292 5242 in
2312 5204 2370 5242 re
2393 5186 2654 5241 calculum
2682 5200 2848 5255 ponas
2872 5203 2885 5240 :
2914 5185 2960 5240 si
2986 5185 3183 5239 videris
3210 5185 3327 5239 illos
3347 5200 3532 5237 amore

1939 5283 2035 5337 Dei
2061 5281 2364 5351 jejunautes
2382 5320 2398 5345 ,
2424 5279 2748 5349 amplectere
2775 5277 2917 5349 quod
2949 5278 3008 5331 lit
3037 5296 3052 5332 :
3083 5286 3139 5331 at
3170 5277 3225 5331 si
3248 5290 3531 5345 perspexe-

1940 5376 2048 5439 ris,
2081 5374 2200 5428 illos
2226 5373 2327 5427 huc
2369 5382 2561 5441 praeter
2589 5371 2821 5426 divinam
2863 5369 3189 5426 voluntatem
3233 5368 3487 5423 facientes
3510 5409 3527 5433 ,

1939 5467 2107 5535 magis
2157 5478 2253 5518 eos
2297 5463 2604 5539 detgtare,
2650 5462 2957 5531 majorcque
3000 5459 3125 5515 odio
3167 5474 3526 5530 prosequere,

1938 5572 2095 5627 quam
2125 5556 2339 5620 ebrios,
2370 5568 2528 5625 quam
2579 5553 2903 5608 temulentia:
2949 5559 3004 5606 ct
3047 5549 3527 5605 comessationibus

1940 5651 2293 5720 indulgentes.
2328 5648 2383 5703 In
2413 5648 2514 5703 hoc
2539 5653 2715 5701 autem
2744 5645 2947 5716 jejunio
2974 5659 3079 5699 non
3120 5643 3248 5699 satis
3286 5652 3372 5699 est
3393 5657 3527 5697 eau-

1946 5757 2061 5799 sam
2107 5742 2371 5813 inquirere
2389 5781 2406 5809 ,
2438 5737 2534 5795 scd
2556 5747 2608 5796 et
2638 5739 2788 5794 locus
2817 5747 2867 5793 et
2897 5747 3111 5809 tempus
3140 5733 3527 5793 consideranda
