3866 6226
401 228 536 297 875‘
785 229 789 233 ’
1027 248 1085 304 s.
1133 249 1416 309 JOANNIS
1474 255 1970 319 CllRYSOSTOMl

401 367 547 412 sunt.
582 357 780 414 Verum
807 361 1129 435 priusquam
1159 378 1478 435 moveamus
1505 375 1680 430 aciein
1709 377 1972 435 adversus

398 453 636 521 Judazos,
668 455 862 512 lubens
884 460 1188 516 orationem
1211 464 1471 520 verterim
1502 467 1570 522 ad
1598 484 1694 526 eos
1725 472 1817 541 qui
1841 481 1970 528 sunt

400 542 573 600 nostri
590 545 836 615 corporis
856 546 1098 604 membra
1109 565 1192 614 ,ac
1207 553 1382 606 nostri
1396 555 1614 624 quidem
1628 556 1837 614 ordinis
1847 574 1969 616 esse

396 637 671 703 videnlur,
691 647 948 692 caeterum
969 639 1184 694 illorum
1206 642 1412 697 cultum
1426 654 1967 720 sequuntur,proque

393 729 504 785 illis
532 729 891 784 defendendis
905 731 1041 785 nihil
1071 731 1280 790 laboris
1298 751 1412 790 non
1427 739 1757 810 suscipiunt,
1779 757 1886 814 qua
1907 741 1964 797 in

393 828 546 888 parte
592 821 786 891 dignos
820 837 947 877 esse
994 822 1152 879 video
1201 826 1454 895 graviore
1483 830 1962 898 condemnatione,

390 927 554 980 quam
591 909 813 968 Judzeos
851 913 1161 971 universos.
1197 916 1252 971 Id
1281 933 1403 973 esse
1424 935 1636 987 verum,
1663 938 1771 976 non
1801 924 1963 980 modo

391 1002 666 1072 sapientes
680 1011 734 1058 et
751 1005 1180 1069 eordati,verum
1198 1010 1364 1064 etiam
1387 1011 1720 1083 quicumque
1733 1016 1816 1070 vel
1837 1030 1961 1086 pau-

387 1094 498 1148 lum
530 1095 728 1150 habent
753 1098 955 1154 mentis
989 1107 1043 1154 et
1082 1099 1339 1167 rationis,
1375 1118 1589 1159 mecum
1622 1105 1956 1163 fatebuntur.

385 1193 497 1242 Nec
516 1188 660 1244 enim
683 1204 822 1259 opus
850 1198 935 1245 est
959 1191 1417 1259 sophismatibus,
1446 1210 1546 1250 nec
1569 1207 1832 1267 apparatu
1850 1215 1962 1255 ser-

387 1280 589 1347 monis,
607 1296 709 1336 nec
727 1283 954 1351 prolixis
979 1284 1222 1352 periodis
1240 1285 1307 1340 ad
1329 1287 1434 1342 hoc
1449 1285 1954 1356 demonstrandum,

385 1386 510 1426 cum
529 1372 883 1430 satissitillos
903 1373 1137 1446 simplici
1163 1379 1576 1447 percontatione
1591 1382 1958 1454 interrogatos

383 1479 449 1519 ex
471 1462 586 1534 ipsa
605 1467 964 1537 responsione
977 1470 1340 1539 capere.Quid
1362 1473 1551 1545 igitur?
1573 1473 1950 1548 Unumquem-

382 1566 490 1620 que
505 1551 613 1607 isto
629 1554 820 1608 morbo
831 1553 1078 1610 allectum
1098 1563 1462 1628 percontabor
1479 1583 1492 1618 :
1509 1564 1856 1624 Christianus
1870 1569 1955 1624 es?

380 1643 491 1696 Cur
535 1659 667 1714 ergo
695 1647 970 1703 mmularis
998 1647 1260 1706 Judaica?
1284 1653 1353 1706 At
1390 1653 1610 1711 JtldtBUS
1659 1658 1753 1712 es?
1783 1658 1955 1725 Quam

386 1734 544 1798 igitur
557 1738 627 1792 ob
647 1753 866 1814 causam
885 1742 1144 1798 molestus
1165 1759 1222 1797 es
1240 1743 1519 1798 Ecclesiae?
1539 1745 1640 1810 Qui
1664 1749 1823 1806 Persa
1845 1762 1954 1814 est,

384 1820 554 1863 nonne
590 1823 710 1878 quae
754 1810 1032 1868 Persarum
1079 1825 1205 1870 sunt
1240 1816 1432 1872 curat?
1458 1817 1739 1886 Barbarus,
1773 1810 1949 1874 nonne

379 1896 720 1952 barbarorum
769 1902 902 1956 ritus
939 1903 1250 1958 aemulatur?
1285 1904 1384 1972 Qui
1423 1905 1623 1961 habitat
1659 1909 1711 1962 in
1751 1909 1949 1965 ditione

382 1985 761 2056 Romanorum,
782 2006 886 2044 non
910 1991 1070 2046 utitur
1092 1994 1286 2048 nostris
1307 1995 1542 2064 legibus?
1564 1999 1673 2068 Age
1691 1999 1776 2054 die
1798 2001 1945 2068 mihi,

380 2090 556 2130 nonne
581 2077 626 2130 si
652 2080 770 2147 quis
796 2079 983 2135 horum
1007 2123 1022 2146 ,
1053 2084 1141 2152 qui
1171 2084 1310 2152 apud
1335 2101 1430 2139 nos
1451 2087 1669 2153 vivunt,
1700 2105 1818 2143 eum
1846 2092 1948 2146 illis

380 2168 576 2222 sentire
600 2167 759 2224 fuerit
780 2171 1160 2241 deprehensus,
1189 2177 1449 2232 inauditus
1474 2179 1711 2249 citraque
1731 2198 1947 2236 examen

381 2259 612 2325 punitur,
644 2262 848 2316 etiamsi
876 2263 1075 2319 infinita
1104 2265 1312 2330 habeat,
1345 2268 1534 2337 quibus
1557 2285 1769 2326 causam
1800 2289 1947 2328 suam

381 2352 547 2417 possit
569 2352 889 2409 defendere?
917 2356 981 2409 Et
1005 2357 1050 2412 si
1077 2358 1194 2427 quis
1218 2360 1354 2428 apud
1385 2360 1512 2414 istos
1537 2363 1832 2430 exstiterit,
1863 2367 1947 2434 qui

382 2442 634 2498 Romanis
663 2455 841 2501 utatur
865 2448 1120 2506 institutis
1143 2492 1156 2516 ,
1189 2465 1366 2505 nonne
1392 2467 1576 2507 rursus
1605 2453 1742 2508 idem
1781 2458 1950 2524 patie-

383 2534 505 2587 tur?
546 2535 821 2603 Quomodo
863 2539 1019 2609 igitur
1063 2552 1118 2595 tu
1159 2544 1245 2612 qui
1289 2544 1354 2597 ad
1396 2545 1612 2615 impium
1658 2548 1784 2602 illud
1830 2550 1950 2603 vita:

383 2626 678 2681 institutum
709 2628 972 2697 deiecisti,
1003 2633 1166 2688 audes
1191 2649 1408 2704 sperare
1437 2637 1700 2693 salutem?
1724 2641 1802 2694 An
1833 2643 1950 2696 exi-

381 2731 538 2783 guum
567 2717 895 2796 intervallum
923 2730 1004 2776 est
1032 2723 1169 2778 inter
1193 2740 1288 2779 nos
1314 2737 1367 2781 et
1393 2727 1643 2784 Judseos?
1662 2734 1740 2784 An
1768 2733 1834 2786 de
1864 2748 1952 2787 rc-

385 2807 483 2862 bus
508 2809 710 2865 levibus
736 2821 825 2866 aut
851 2815 1150 2883 vulgaribus
1182 2818 1320 2872 inter
1348 2835 1444 2873 nos
1470 2831 1550 2874 est
1573 2825 1948 2891 contraversia,

383 2907 439 2952 ut
467 2909 520 2954 tu
548 2917 708 2956 unum
751 2913 804 2958 et
851 2905 986 2960 idem
1017 2922 1137 2963 esse
1163 2910 1350 2964 credas
1381 2922 1616 2966 nostrum
1647 2924 1716 2968 et.
1741 2914 1948 2969 illorum

383 2990 716 3047 institutum?
749 2994 854 3050 Cur
881 3011 985 3051 non
1014 3000 1278 3054 miscenda
1309 3002 1540 3056 misces?
1566 3004 1644 3057 llli
1675 3007 1953 3059 crucifixu-

383 3091 503 3136 runt
528 3083 793 3163 Christum
815 3128 829 3151 ,
860 3103 1014 3156 quem
1045 3099 1097 3143 tu
1123 3091 1334 3145 adoras.
1368 3092 1527 3147 Vides
1572 3105 1824 3162 quantum
1873 3097 1951 3150 in-

384 3179 579 3232 terest?
603 3179 700 3246 Qui
731 3181 788 3234 fit
814 3181 988 3250 igitttr,
1024 3193 1079 3236 ut
1107 3185 1170 3237 ad
1201 3185 1319 3240 illos
1343 3188 1427 3254 qui
1454 3186 1715 3241 Christum
1741 3191 1950 3243 occide-

382 3276 504 3321 runt
525 3283 708 3322 curras
732 3313 746 3332 ,
778 3272 1032 3339 prolitens
1063 3286 1114 3328 te
1138 3274 1359 3328 adorare
1396 3277 1743 3330 crucifixum?
1772 3279 1951 3348 Neque

381 3371 507 3411 vero
534 3358 648 3426 ipse
676 3359 845 3428 legem
873 3361 1009 3416 hanc
1038 3363 1151 3417 fero
1176 3404 1191 3430 ,
1237 3380 1340 3433 qua
1389 3365 1503 3418 illos
1547 3367 1818 3428 criminer,
1853 3384 1951 3422 nec

384 3448 519 3502 hanc
545 3451 895 3506 aecusationis
936 3451 1157 3506 formam
1207 3454 1403 3508 inveni.
1445 3456 1632 3508 Annon
1681 3456 1950 3526 Scriptura

383 3538 541 3592 simili
568 3539 727 3594 modo
765 3551 977 3596 accusat
1007 3543 1161 3598 illos?
1185 3545 1320 3599 Audi
1352 3546 1508 3615 igitur
1540 3548 1666 3617 quid
1696 3549 1836 3603 dicat
1859 3550 1951 3605 Je-

386 3627 578 3682 remias
603 3629 852 3686 adversus
878 3633 996 3686 illos
1026 3651 1040 3688 :
1066 3634 1208 3688 Abite
1231 3636 1285 3688 in
1310 3634 1491 3699 Cedar,
1522 3648 1568 3689 et
1596 3639 1788 3702 videte;
1809 3642 1953 3693 emit-

385 3719 471 3772 tite
493 3719 561 3771 ad
580 3720 768 3775 insulas
790 3722 1020 3788 Chetiim,
1044 3733 1091 3777 et
1109 3727 1354 3796 judicare,
1380 3743 1498 3780 num
1520 3729 1640 3781 (alia
1666 3731 1798 3798 facta
1823 3733 1953 3795 sint;

383 3821 450 3860 an
498 3807 676 3862 Gentes
717 3818 903 3865 mutent
945 3812 1062 3867 deos
1088 3830 1206 3868 suos
1229 3856 1242 3880 ,
1274 3825 1319 3868 et
1346 3817 1428 3869 isti
1454 3833 1552 3870 non
1581 3829 1696 3871 sunt
1733 3820 1823 3873 (lii.
1855 3819 1955 3873 Vos

383 3905 549 3951 autem
581 3902 810 3955 mutastis
833 3903 1044 3972 gloriam
1069 3914 1280 3958 vestram
1320 3907 1373 3960 in
1415 3923 1524 3959 eam
1545 3950 1558 3971 ,
1600 3926 1660 3960 ea:
1693 3925 1790 3976 qua
1830 3911 1956 3964 nihil

385 3989 616 4043 utilitatis
636 3992 843 4059 capietis
872 3993 1002 4063 (Jer.
1033 3994 1087 4048 2.
1116 3995 1202 4050 10.
1231 3995 1341 4066 11).
1371 3997 1485 4050 Non
1525 3997 1686 4062 dixit,
1715 4001 1955 4054 mutastis

384 4077 512 4132 deos
540 4089 744 4134 vestros
764 4123 778 4144 ,
807 4083 896 4134 sed
924 4085 1142 4150 gloriam
1175 4103 1187 4138 :
1221 4085 1269 4138 id
1295 4097 1371 4140 est
1391 4129 1403 4150 ,
1440 4087 1541 4152 illi,
1587 4089 1752 4156 inquit
1777 4128 1792 4152 ,
1835 4105 1953 4142 cum

385 4169 608 4223 adorent
639 4171 771 4226 idola
793 4213 808 4238 ,
839 4173 1123 4243 colamque
1149 4175 1420 4229 daemones
1440 4218 1453 4238 ,
1487 4186 1592 4230 tam
1624 4187 1870 4232 constant
1895 4180 1949 4231 in

385 4275 586 4324 errore,
617 4271 673 4315 ut
702 4277 769 4317 ne
795 4265 958 4317 velint
985 4264 1197 4334 quidem
1230 4265 1313 4318 illa
1344 4267 1664 4336 relinquere,
1697 4278 1751 4322 et
1775 4268 1839 4321 ad
1869 4284 1958 4321 ve.

387 4351 598 4405 vitalem
643 4352 987 4423 transfugere.
1018 4353 1122 4408 Vos
1159 4364 1333 4408 autem
1378 4357 1467 4424 qui
1515 4372 1697 4410 verum
1727 4357 1958 4411 adoratis

390 4438 576 4506 Deum,
605 4441 786 4495 relicta
816 4442 1075 4513 majorum
1101 4445 1376 4514 religione,
1405 4447 1544 4500 ultro
1569 4447 1634 4501 ad
1664 4449 1836 4501 aliena
1860 4449 1955 4503 de-

388 4529 619 4596 fecistis;
649 4546 819 4602 neque
845 4541 1048 4588 tantum
1077 4533 1338 4603 religiosre
1381 4537 1574 4591 mentis
1603 4538 1861 4604 praestatis
1907 4540 1956 4590 in

387 4624 628 4686 veritate,
652 4633 907 4692 quantum
930 4625 1002 4679 illi
1027 4634 1276 4694 praestant
1304 4627 1355 4680 in
1378 4642 1478 4682 suo
1503 4642 1704 4682 errore.
1733 4627 1959 4682 Proinde

387 4715 516 4768 dicit
541 4732 556 4768 :
583 4715 641 4769 Si
665 4717 808 4770 istius
831 4719 968 4771 modi
987 4719 1122 4786 [aeta
1141 4728 1278 4784 sunt,
1301 4719 1342 4771 si
1368 4722 1624 4772 mutabunt
1647 4717 1824 4774 Gentes
1844 4720 1960 4774 deos

387 4819 506 4858 suos
525 4843 540 4869 ,
585 4814 632 4859 et
666 4806 749 4860 isti
787 4823 886 4860 non
921 4818 1036 4862 sunt
1061 4809 1131 4860 dii
1154 4824 1173 4861 :
1197 4824 1282 4862 uos
1309 4818 1474 4862 autent
1497 4810 1724 4863 mutastis
1749 4809 1962 4880 gloriam

390 4902 622 4960 uestram,
648 4895 781 4949 unde
802 4896 994 4950 nullam
1019 4899 1224 4965 capietis
1247 4899 1511 4952 utilitatem
1540 4897 1768 4970 (Malae.
1797 4899 1850 4953 5.
1873 4899 1960 4969 6).

390 4981 508 5038 Non
550 4982 715 5048 dixit,
756 4985 1000 5039 mutastis
1038 4987 1201 5040 Deum
1229 4997 1456 5043 vestrum
1482 5005 1496 5042 :
1527 4989 1663 5044 Deus
1689 4990 1828 5043 cnim
1858 5005 1959 5043 non

392 5081 628 5128 mutatur
653 5091 666 5127 :
697 5076 814 5141 sed,
846 5075 1082 5130 ﬂutastis
1115 5079 1328 5148 gloriam
1355 5089 1587 5134 vestram.
1617 5081 1796 5149 Neque
1819 5081 1961 5135 enim

394 5179 481 5220 Ine
509 5164 740 5232 larsistis,
770 5165 977 5236 inquit;
1007 5181 1177 5237 neque
1197 5168 1303 5221 ulla
1324 5185 1460 5222 noxa
1488 5169 1555 5222 ad
1576 5184 1661 5223 me
1683 5169 1959 5238 pervenit:

395 5254 748 5325 vosmetipsos
775 5255 1025 5312 affecistis
1053 5258 1370 5328 ignominia;
1402 5274 1574 5313 meam
1607 5260 1827 5328 gloriam
1859 5274 1963 5313 non

397 5346 755 5409 imminuistis.
787 5347 881 5402 sed
911 5358 1160 5404 vestram.
1207 5347 1495 5404 Concedite
1537 5364 1666 5404 sane
1712 5349 1861 5412 mihi,
1910 5359 1968 5403 ut

398 5437 541 5494 hunc
581 5453 882 5494 sermonem
927 5440 1086 5494 etiam
1114 5439 1180 5494 ad
1212 5447 1420 5494 nostros
1462 5437 1890 5502 aceonunodem;
1921 5439 1966 5493 si

403 5545 574 5588 tamen
607 5547 702 5601 par
739 5539 821 5586 est
847 5531 969 5587 illos
993 5532 1260 5601 appellare
1305 5539 1516 5586 nostros
1537 5571 1551 5595 ,
1584 5531 1672 5600 qui
1706 5545 1826 5584 cum
1860 5530 1965 5585 illis

400 5618 666 5679 sentiunt.
700 5624 853 5680 Abite
901 5624 956 5679 in
994 5622 1297 5692 Synagogas
1325 5631 1376 5678 ct
1406 5620 1578 5677 videte
1599 5661 1615 5688 ,
1648 5636 1769 5675 num
1800 5619 1968 5676 Judaei

2011 262 2323 318 ARCIIIEP.
2365 263 2890 322 CONSTANTINOP.

3507 267 3622 323 8'3

2054 373 2303 426 mutarint
2326 388 2488 430 suum.
2506 373 2759 444 jejunium
2780 418 2792 439 ,
2828 391 2951 429 num
2981 376 3052 430 illi
3080 375 3181 432 sub
3207 377 3402 432 Pascha
3432 379 3626 433 ttobis~

2047 477 2166 515 eunt
2197 463 2517 518 celebrarint
2550 465 2829 533 jejunium,
2861 483 2982 520 nutn
3012 466 3112 522 hoc
3136 467 3221 521 die
3248 484 3493 537 umquam
3525 485 3626 524 co-

2050 553 2326 607 mederint.
2371 556 2528 624 Atqui
2576 555 2677 610 hoc
2721 572 2826 610 non
2872 566 2955 612 est
3000 557 3298 627 jejunium,
3345 558 3437 612 Sed
3485 559 3626 626 legis

2050 645 2436 712 transgressio,
2481 643 2573 697 sed
2617 661 2787 710 error,
2814 645 2908 699 sed
2950 655 3218 715 peccatum
3245 656 3510 702 :attamcn
3548 649 3626 700 illi

2049 748 2332 803 numquam
2382 742 2672 787 mutarunt.
2727 735 2833 789 Vos
2882 745 3057 790 autem
3108 738 3350 791 mutastis
3393 738 3624 807 gloriam

2047 834 2300 888 vestram,
2334 824 2472 878 unde
2501 823 2631 877 nihil
2660 825 2898 878 utilitatis
2923 826 3140 893 capietis
3164 866 3178 888 ,
3208 836 3257 880 et
3290 826 3428 880 ultro
3456 827 3522 880 ad
3556 828 3624 880 il-

2047 914 2216 970 lorum
2248 915 2378 968 ritus
2406 915 2720 969 descivistis.
2751 916 2969 983 Quando
3003 917 3216 971 Pascha:
3239 917 3495 986 jejunium
3524 933 3622 972 ce-

2049 1003 2318 1058 lebrarunt
2348 1004 2422 1056 illi
2438 1004 2460 1057 ?
2477 1005 2696 1070 Quando
2714 1013 3001 1076 martyrum
3030 1005 3188 1060 festos
3204 1007 3317 1061 dies
3340 1007 3621 1061 nobiscum

2047 1095 2307 1164 egerunt?
2330 1094 2551 1160 Quando
2579 1095 2716 1148 diem
2740 1094 3151 1164 Epiphaniormu
3179 1097 3449 1152 nobiscum
3474 1099 3621 1150 cele-

2049 1183 2308 1238 brarunt?
2333 1185 2411 1239 Illi
2440 1201 2544 1238 non
2579 1196 2859 1239 accurrunt
2901 1187 2966 1239 ad
3007 1188 3276 1241 veritatem
3304 1205 3318 1250 ;
3350 1198 3401 1240 et
3427 1203 3521 1242 vos
3551 1190 3621 1241 aal

2051 1273 2376 1342 iniquitatem
2407 1275 2721 1344 properatis.
2750 1274 3083 1342 Iniquitatem
3111 1287 3285 1331 autem
3311 1277 3430 1330 dico
3449 1319 3463 1341 ,
3492 1279 3620 1346 quia

2050 1364 2148 1417 ista
2189 1364 2319 1417 fiunt
2362 1380 2469 1417 non
2511 1381 2607 1418 suo
2648 1375 2898 1434 tempOre.
2940 1365 3064 1420 Erat
3104 1366 3227 1420 olim
3260 1377 3484 1435 tempus,
3512 1383 3623 1435 quo

2049 1454 2394 1508 conveniebat
2456 1456 2551 1508 ista
2606 1470 2870 1518 scrvare;
2909 1455 3018 1524 jam
3066 1472 3192 1509 vero
3233 1473 3336 1510 non
3380 1469 3460 1510 est
3499 1473 3623 1509 aut-

2049 1546 2206 1616 plius.
2234 1547 2416 1615 quue
2445 1547 2588 1617 quod
2615 1555 2720 1600 tum
2744 1547 2893 1616 juxta
2921 1549 3090 1618 legem
3115 1547 3291 1615 ﬁebat,
3315 1563 3456 1602 nunc
3481 1563 3622 1618 pra:-

2050 1646 2132 1691 ter
2159 1637 2326 1706 legem
2359 1637 2435 1690 fit.

2118 1729 2172 1782 4.
2201 1727 2486 1783 Concedite
2517 1727 2644 1782 mihi
2676 1737 2732 1782 ut
2772 1728 2896 1782 illttd
2925 1729 3083 1782 etiam
3129 1728 3290 1782 llelite
3325 1729 3497 1782 dicam
3527 1729 3622 1782 ad.

2049 1835 2232 1874 versus
2259 1835 2370 1874 eos.
2401 1820 2530 1874 Cttm
2561 1821 2701 1874 enim
2739 1821 2830 1874 ille
2856 1821 3182 1888 conspiceret
3210 1819 3418 1875 Judaeos
3459 1820 3624 1889 impie

2049 1909 2307 1974 viventes,
2339 1917 2394 1963 et
2440 1924 2577 1962 nunc
2605 1909 2815 1977 quidem
2845 1909 3274 1977 obtemperantes
3304 1909 3410 1962 Deo
3433 1950 3446 1971 ,
3479 1925 3624 1962 nunc

2050 2015 2234 2054 rursus
2282 2001 2420 2054 idola
2474 2001 2747 2065 colentes,
2793 2001 2858 2054 ad
2909 2002 3048 2055 huz-c
3090 2000 3319 2071 loquitur
3358 2001 3570 2054 modum
3608 2021 3622 2056 :

2055 2089 2320 2158 Quousque
2345 2089 2642 2143 claudicatis
2667 2101 2874 2157 utroque
2903 2091 3088 2158 poplite
3114 2091 3317 2144 vestro?
3346 2090 3406 2145 Si
3437 2091 3621 2143 Domi-

2052 2197 2146 2234 nus
2167 2191 2236 2234 est
2255 2180 2388 2234 Deus
2411 2181 2680 2245 vobiscum,
2709 2183 2862 2233 venite
2881 2190 2926 2233 et
2941 2181 3202 2249 sequimini
3220 2196 3371 2243 eum;
3394 2182 3437 2234 si
3455 2191 3624 2233 autem

2052 2271 2197 2336 Baal,
2232 2275 2299 2325 ite
2325 2282 2434 2342 post
2458 2289 2570 2325 eum
2602 2272 2694 2343 (5.
2725 2273 2850 2342 Reg.
2881 2273 2966 2326 18.
2995 2271 3059 2325 21
3087 2273 3126 2341 ).
3155 2272 3296 2326 Idem
3321 2281 3372 2325 et
3399 2274 3510 2340 ipse
3540 2273 3622 2325 lo-

2052 2377 2186 2431 quor
2205 2361 2270 2414 ad
2303 2364 2449 2415 istos.
2481 2363 2533 2416 Si
2561 2362 2892 2416 Jutlaismum
2924 2361 3120 2430 putatis
3150 2377 3327 2415 verum
3359 2376 3497 2420 esse.
3525 2377 3626 2415 cur

2053 2452 2358 2521 obstrepitis
2389 2452 2684 2507 Ecelesim?
2723 2451 2871 2518 Quod
2921 2451 2966 2506 si
3005 2451 3436 2506 Christianismus
3463 2466 3626 2504 verus

2053 2553 2153 2606 est,
2187 2544 2321 2597 sicut
2349 2557 2529 2596 revera
2559 2551 2642 2596 est
2664 2581 2679 2606 ,
2721 2543 2772 2594 in
2813 2556 2878 2595 eo
2905 2551 3143 2606 manete,
3175 2549 3229 2595 et
3253 2540 3400 2594 illum
3428 2555 3622 2609 sequa-

2054 2635 2202 2686 mini.
2247 2634 2517 2701 Particeps
2561 2649 2618 2687 es
2665 2633 2936 2687 nobiscum
2979 2634 3348 2703 mysteriorum
3377 2649 3390 2684 :
3417 2647 3512 2702 age
3535 2633 3623 2686 dic

2053 2723 2180 2777 mihi
2201 2764 2216 2788 ,
2259 2722 2526 2777 Christum
2555 2721 2745 2775 adoras
2771 2731 2826 2776 ιιι
2855 2722 3184 2775 Christianus
3204 2763 3217 2787 ,
3247 2723 3313 2777 ab
3352 2722 3441 2775 illo
3485 2723 3625 2776 bona

2055 2817 2208 2883 petis,
2233 2822 2284 2868 et
2312 2829 2429 2868 cum
2460 2814 2604 2867 illius
2634 2813 2876 2867 hostibus
2903 2811 3091 2866 festum
3123 2813 3405 2867 celebras?
3425 2814 3488 2866 Et
3517 2829 3625 2882 quo

2055 2904 2263 2956 tandem
2316 2904 2491 2956 animo
2543 2902 2721 2972 prodis
2774 2903 2824 2956 in
2873 2902 3210 2956 Ecclesium?
3257 2903 3447 2956 Verum
3507 2903 3625 2955 htrc

2053 2994 2251 3049 dixisse
2280 2994 2504 3049 sufficiat
2531 2994 2596 3047 ad
2629 2994 2746 3047 illos
2786 2994 2874 3062 qui
2918 2993 3204 3062 praedicant
3248 3008 3306 3048 se
3346 2993 3624 3048 nobiscum

2053 3087 2270 3148 sentire,
2301 3101 2420 3139 cum
2448 3099 2534 3139 res
2563 3085 2773 3138 illorum
2822 3085 3110 3138 imitentur.
3137 3084 3269 3150 Quia
3314 3099 3438 3136 vero
3477 3091 3529 3136 et
3553 3082 3623 3136 ad

2054 3176 2173 3228 illos
2193 3175 2312 3228 volo
2340 3174 2566 3242 dirigere
2590 3187 2913 3235 sermonem,
2942 3173 3214 3227 concedite
3236 3170 3362 3224 mihi
3392 3180 3444 3225 ul
3469 3172 3625 3224 liccat

2053 3264 2346 3318 doctrinam
2379 3262 2515 3317 hanc
2538 3263 2696 3316 altius
2724 3271 2983 3329 repetere,
3013 3275 3117 3329 quo
3146 3261 3480 3328 perspicuum
3509 3259 3622 3322 fiat,

2053 3354 2264 3409 Jttdteos
2300 3368 2440 3406 nunc
2480 3352 2780 3420 jejunantes
2825 3350 2994 3419 legem
3044 3349 3328 3418 ignominia
3371 3349 3620 3414 afﬁcere,

2057 3447 2250 3515 Deique
2295 3453 2556 3512 prmcepta
2602 3443 2934 3505 conenlearc,
2975 3455 3186 3509 semper
3229 3455 3290 3494 ea
3336 3441 3622 3503 facientes,

2055 3553 2172 3606 quae
2200 3537 2338 3590 illius
2371 3534 2579 3603 placitis
2602 3533 2968 3587 adversantur.
2996 3530 3206 3584 Etenim
3232 3544 3350 3584 eum
3386 3529 3504 3583 illos
3529 3545 3626 3581 vo-

2056 3629 2196 3682 lebat
2221 3627 2480 3695 jejunarc,
2510 3633 2618 3677 tum
2649 3621 3092 3686 incrassabantur,
3121 3619 3577 3688 dilatabanturque
3605 3643 3616 3673 :

2057 3732 2240 3772 rursus
2268 3717 2352 3770 ubi
2381 3731 2484 3768 non
2509 3713 2717 3768 volebat
2741 3727 2835 3767 eos
2860 3711 3099 3780 jejunare
3122 3752 3138 3776 ,
3165 3711 3262 3779 ipsi
3285 3710 3622 3779 jejuuabant.

2055 3808 2186 3862 Cum
2213 3807 2371 3860 vellet
2401 3804 2516 3858 illos
2542 3803 2780 3857 victimas
2809 3800 3027 3863 offerre,
3071 3799 3139 3854 ad
3181 3799 3457 3854 simulacra
3501 3814 3629 3867 pro-

2057 3897 2311 3968 perabant
2338 3914 2350 3949 :
2380 3911 2500 3950 cum
2528 3895 2690 3948 vellet
2735 3893 2850 3946 illos
2893 3892 3159 3946 celebrare
3205 3890 3392 3945 festum
3439 3891 3580 3945 diem
3606 3933 3622 3953 ,

2057 4007 2162 4044 non
2194 3989 2463 4043 celebrare
2487 3986 2764 4040 curabant.
2792 3983 2862 4038 Et
2899 3981 3018 4036 ideo
3059 3980 3357 4050 Stephanus
3394 3979 3530 4033 dixit
3558 3983 3622 4032 ad

2054 4074 2197 4138 illos,
2215 4071 2312 4125 Vos
2327 4069 2945 4139 semperSpirituisancto
2967 4062 3214 4117 resistitis
3232 4058 3467 4130 (Act.7.5
3481 4059 3550 4126 l).
3570 4058 3630 4112 ln

2053 4165 2176 4229 hoc,
2199 4163 2395 4234 inquit,
2422 4161 2597 4216 solum
2639 4157 2989 4218 ineubuistis,
3018 4163 3078 4209 ut
3121 4165 3461 4223 quaecunque
3481 4148 3631 4205 Deus

2052 4255 2397 4326 praeceperit,
2425 4253 2496 4307 iis
2517 4249 2795 4306 contraria
2827 4246 3061 4311 faciatis,
3085 4243 3552 4315 quemadmodum
3575 4252 3631 4296 et

2052 4361 2199 4402 nunc
2223 4346 2452 4399 faciunt.
2475 4341 2630 4397 Unde
2652 4340 2705 4395 id
2733 4340 2939 4410 liquet?
2966 4337 3235 4392 Nimirum
3257 4351 3322 4390 ex
3343 4335 3460 4405 ipsa
3486 4335 3632 4405 lege.

2050 4435 2328 4505 Siquidem
2343 4434 2398 4488 in
2415 4433 2548 4503 ipsis
2570 4431 2734 4487 etiam
2752 4429 2906 4485 festis
2920 4427 3167 4483 Judaieis
3182 4442 3291 4481 non
3311 4434 3528 4493 tempus
3542 4440 3634 4480 so.

2051 4525 2386 4586 lttm,verum
2401 4530 2455 4578 et
2475 4523 2655 4576 locum
2671 4519 2948 4576 observari
2969 4518 3136 4588 jussit
3156 4517 3271 4586 ipsa
3295 4517 3402 4571 les.
3424 4515 3562 4570 Nam
3577 4524 3634 4569 et

2052 4618 2120 4673 de
2145 4617 2413 4672 Paschate
2448 4615 2595 4684 quod
2627 4623 2744 4669 erat
2769 4611 2910 4680 apud
2936 4611 3086 4680 ipsos
3115 4610 3419 4673 disserens,
3446 4607 3522 4661 ita
3554 4607 3636 4660 lo—

2052 4709 2238 4780 quitur
2260 4725 2272 4762 :
2296 4705 2416 4760 Non
2437 4706 2652 4775 potestis
2666 4703 2928 4758 celebrare
2947 4701 3154 4756 Pascha
3167 4702 3218 4754 in
3232 4700 3343 4752 ulla
3358 4701 3634 4752 civitatum

2054 4817 2259 4864 carum,
2277 4816 2409 4870 quas
2426 4798 2681 4870 Dominus
2700 4796 2840 4850 Deus
2867 4796 2963 4848 dat
2984 4793 3125 4848 vobis
3149 4793 3330 4860 (Deut.
3363 4793 3450 4845 16.
3472 4792 3527 4844 Ξ).
3553 4791 3629 4852 6).

2064 4891 2170 4948 Sed
2186 4869 2345 4944 'sicut
2370 4869 2576 4942 decimo
2603 4892 2792 4952 quarto
2818 4880 2908 4935 die
2933 4877 3086 4948 primi
3111 4876 3307 4931 mensis
3330 4917 3345 4941 ,
3376 4875 3448 4929 ita
3473 4875 3634 4929 .lcro-

2066 4978 2286 5052 solymis
2321 4977 2474 5045 jubet
2516 4972 2643 5028 illud
2672 4971 2887 5041 peragi,
2916 4968 3160 5022 similiter
3184 4966 3342 5019 etiam
3374 4964 3633 5018 Penteco-

2066 5081 2183 5128 sten
2213 5078 2267 5125 et
2291 5068 2390 5123 loci
2411 5074 2464 5120 et
2489 5061 2742 5132 temporis
2779 5058 3147 5114 observatione
3173 5054 3431 5109 conclusit
3463 5069 3477 5108 :
3507 5053 3636 5106 dum

2069 5171 2189 5233 post
2209 5169 2411 5228 septem
2440 5151 2798 5210 hebdomadas
2828 5150 2980 5220 jubet
3009 5148 3109 5201 hoc
3133 5146 3324 5200 festum
3354 5143 3636 5203 celebrari.

2067 5262 2123 5309 et
2145 5265 2358 5307 rursum
2387 5263 2507 5302 cum
2533 5244 2712 5300 addit:
2747 5241 2814 5296 In
2850 5242 2959 5295 loco
2982 5255 3126 5310 quem
3159 5237 3358 5306 elegerit
3391 5233 3643 5287 Dominus

2069 5345 2208 5398 Deus
2234 5351 2348 5395 tuus
2374 5340 2393 5408 (
2418 5339 2568 5392 Deut.
2598 5334 2684 5390 12.
2715 5335 2773 5388 11
2802 5332 2842 5402 ).
2878 5331 2965 5387 Sic
3000 5336 3056 5384 et
3070 5326 3266 5382 festum
3290 5323 3643 5392 Scenopegia:

2073 5433 2319 5490 instituit.
2348 5428 2451 5485 Sed
2475 5426 2816 5495 dispiciamus
2839 5463 2854 5485 ,
2884 5429 3057 5474 utrum
3095 5415 3303 5470 tandem
3338 5413 3528 5466 horum
3557 5421 3642 5463 est

2073 5527 2240 5596 magis
2265 5519 2647 5584 necessarium,
2678 5516 2828 5570 locus
2867 5528 2935 5566 an
2978 5520 3206 5577 tempus.
3233 5506 3301 5560 Et
3325 5504 3371 5558 si
3402 5517 3506 5556 non
3537 5501 3645 5555 sint

2077 5619 2191 5672 haec
2215 5615 2353 5670 inter
2378 5627 2436 5667 se
2462 5609 2632 5680 paria,
2659 5615 2836 5661 utrum
2862 5598 3250 5657 observandum
3276 5603 3358 5650 est
3393 5603 3603 5662 tempus
3625 5629 3642 5655 ,
