3866 6226
155 313 258 371 δτι

155 435 401 505 neglecto
440 435 687 490 loco:an
731 429 973 502 neglecto
1001 436 1277 497 tempore,
1318 421 1421 477 loci
1469 421 1604 474 ratio
1649 425 1733 470 te-

153 526 330 582 nenda
359 527 481 583 est?
505 525 658 596 Quod
682 524 804 580 dico
827 564 844 589 ,
882 521 988 576 tale
1015 527 1136 574 est:
1167 513 1420 586 praecepit
1445 511 1699 566 Dominus
1717 549 1734 572 ,

157 629 215 672 ut
255 619 308 674 in
353 619 526 689 primo
569 631 756 673 mense
783 623 838 670 et
861 610 1209 682 Jcrosolymis
1248 607 1610 661 celebraretur
1639 601 1735 653 Pa-

157 709 286 765 scha
321 728 336 766 :
373 709 621 765 videlicet
667 719 909 776 tempore
957 702 1158 773 pariter
1197 708 1252 754 et
1293 697 1413 751 loco
1453 692 1735 763 pra-linito.

158 799 429 856 Ponamus
457 801 614 870 igitur
637 798 772 852 duos
792 795 1068 866 quospiam
1096 805 1237 852 esse,
1282 787 1371 858 qni
1420 783 1620 839 Pascha
1645 797 1737 834 ce-

157 891 388 956 lebrent,
419 905 649 962 quorum
678 889 814 942 alter
841 884 1219 957 prtevaricetur
1264 879 1439 933 locum
1465 917 1481 941 ,
1532 885 1740 941 tempus

156 982 410 1036 observet
438 999 452 1034 :
480 995 667 1036 rursus
694 981 832 1034 alter
859 979 1106 1033 observet
1139 972 1354 1044 quidem
1387 971 1557 1024 locum
1582 1009 1596 1030 ,
1645 965 1739 1018 sed

147 1070 585 1142 'transgrediatur
611 1080 850 1140 tempus;
877 1079 1036 1138 atque
1067 1067 1111 1120 is
1140 1068 1227 1133 qui
1253 1074 1462 1130 tempus
1491 1059 1743 1113 observat

159 1161 403 1230 neglecto
432 1159 582 1226 loco,
619 1159 856 1214 celebret
880 1157 1080 1212 Pascha
1114 1156 1165 1209 in
1199 1153 1370 1222 primo
1399 1165 1580 1205 mense
1600 1189 1614 1208 ,
1646 1148 1740 1201 sed

157 1253 354 1308 alicubi
381 1252 564 1323 procul
590 1251 920 1322 Jerosolyma
951 1267 964 1303 :
995 1251 1038 1303 is
1065 1261 1192 1301 vero
1227 1245 1314 1315 qui
1356 1245 1529 1298 locum
1556 1242 1743 1294 obser-

160 1351 253 1397 vat
301 1342 544 1413 neglecto
571 1351 842 1412 tempore,
875 1339 1071 1394 Pascha
1100 1335 1336 1392 celebret
1361 1332 1740 1403 Jerosolyinis,

161 1448 269 1487 non
299 1440 476 1487 tamen
506 1433 678 1503 primo
705 1445 906 1495 mense,
936 1428 1029 1483 sed
1058 1425 1313 1481 secundo.
1344 1421 1541 1478 Deinde
1569 1421 1746 1474 videa-

162 1539 283 1578 mus
313 1533 432 1579 uter
459 1523 646 1577 horum
675 1521 899 1576 duorum
926 1521 995 1574 sit
1023 1520 1074 1572 in
1105 1517 1346 1579 crimine,
1377 1523 1494 1568 uter
1518 1515 1747 1582 proban-

160 1616 303 1670 dus:
335 1615 450 1670 isne
491 1613 581 1684 qui
623 1612 866 1682 neglecto
904 1619 1143 1678 tempore
1190 1607 1360 1660 locum
1391 1604 1650 1665 servavit,
1679 1616 1745 1654 an

163 1708 253 1779 qui
295 1708 412 1762 loco
451 1707 691 1776 neglecto
721 1714 928 1774 tempus
964 1701 1213 1756 servavit.
1255 1698 1466 1752 Etenim
1506 1697 1549 1750 si
1581 1695 1625 1748 is
1657 1693 1745 1762 qui

165 1809 376 1870 tempus
396 1798 650 1870 neglexit,
676 1806 735 1851 ut
758 1797 892 1850 intra
915 1794 1179 1850 civitatem
1211 1788 1406 1844 Pascha
1434 1786 1745 1850 celebraret,

166 1889 377 1944 videtur
417 1887 790 1957 approbandus
819 1904 834 1940 :
861 1893 1043 1939 contra
1069 1923 1084 1947 ,
1127 1881 1215 1952 qui
1254 1887 1464 1935 servato
1512 1888 1750 1944 tempore

168 1981 344 2037 locum
373 1979 629 2048 neglexit,
655 1978 923 2032 vocandus
950 1986 1031 2031 est
1059 1975 1112 2028 in
1138 1974 1360 2036 crimen,
1387 1980 1440 2025 et
1468 1969 1750 2038 impietatis

168 2087 296 2127 reus
323 2071 652 2140 peragendns
684 2087 698 2122 :
727 2067 976 2122 nimirum
1019 2065 1210 2134 liquet,
1239 2061 1378 2132 quod
1412 2060 1494 2114 isti
1537 2071 1751 2128 quoque

168 2163 343 2233 legem
369 2162 589 2226 violant,
620 2161 738 2214 loco
766 2174 872 2214 non
903 2172 1001 2212 suo
1027 2157 1282 2210 facientes
1301 2196 1315 2217 ,
1353 2152 1493 2223 quod
1521 2151 1748 2213 iaciunt,

170 2254 379 2311 etiamsi
409 2253 586 2308 decies
615 2251 807 2305 millies
835 2247 1126 2319 prtedicent
1168 2261 1226 2301 se
1272 2258 1484 2299 servare
1525 2252 1749 2308 tempus.

171 2346 328 2402 Unde
366 2346 524 2414 igitur
569 2344 669 2397 hoc
707 2341 860 2396 nobis
895 2340 1231 2410 perspicuum
1259 2337 1378 2391 est?
1406 2333 1662 2388 Videlicet
1686 2331 1754 2384 ab

171 2437 291 2506 ipso
330 2435 494 2489 Mose.
533 2432 804 2503 Siquidem
831 2446 950 2484 cum
981 2428 1194 2498 quidam
1224 2435 1403 2481 essent
1440 2421 1754 2478 celebraturi

171 2524 398 2589 Pascha,
423 2523 670 2578 adierunt
695 2523 898 2586 Mosen,
930 2519 1167 2574 dicentes
1195 2533 1209 2569 :
1241 2514 1353 2570 Nos
1379 2514 1562 2582 impuri
1581 2527 1756 2566 sumus

171 2633 328 2684 super
365 2615 581 2668 hominis
623 2615 794 2666 anima
820 2628 840 2666 :
867 2627 988 2664 num
1029 2612 1310 2663 omittemus
1354 2605 1537 2671 o/Terre
1576 2618 1759 2655 ntunus

175 2708 395 2762 Domino
423 2707 576 2777 juxta
605 2715 798 2776 tempus
823 2719 1002 2766 suum,
1031 2702 1082 2754 in
1106 2700 1268 2754 medio
1306 2699 1527 2766 ﬁliorum
1560 2693 1760 2747 Israel?

177 2798 454 2868 Respondit
478 2796 582 2850 illis
612 2795 780 2850 Moses
801 2789 973 2848 :State
1015 2793 1096 2845 hic
1115 2833 1130 2854 ,
1163 2801 1209 2844 et
1236 2791 1440 2843 audiam
1467 2787 1586 2857 quid
1625 2801 1760 2854 pra:-

173 2899 413 2956 ceprurus
435 2889 498 2938 sit
523 2885 774 2940 Dominus
800 2885 862 2937 de
889 2883 1045 2936 vobis.
1075 2881 1136 2934 Et
1165 2880 1396 2949 loquutus
1422 2887 1492 2932 est
1518 2875 1760 2928 Dominus

176 2977 316 3031 Μοδὲ
344 2977 543 3032 dicens:
566 2974 736 3030 Homo
751 2975 1044 3045 quicumque
1067 2973 1217 3043 fuerit
1255 2972 1384 3023 inter
1419 2985 1502 3022 ros
1531 2968 1759 3032 impurus

175 3084 330 3140 super
356 3067 572 3120 hominis
594 3067 787 3130 animo,
815 3075 902 3117 aut
932 3065 984 3116 in
1013 3065 1163 3132 longo
1192 3061 1386 3124 itinere,
1413 3068 1500 3111 aut
1524 3059 1574 3114 in
1601 3056 1758 3125 vobis,

175 3161 232 3213 in
257 3159 658 3231 generationibus
689 3158 863 3210 vestris
883 3195 898 3218 ,
939 3155 1085 3227 faciet
1116 3152 1317 3209 Pascha
1343 3169 1509 3206 mense
1545 3152 1760 3205 secundo

177 3250 370 3320 (Nunt.
395 3252 447 3303 9.
464 3249 647 3319 7-H).
670 3247 724 3303 ld
749 3257 863 3303 est:
889 3247 1146 3316 quisquis,
1176 3245 1364 3308 inqttit,
1391 3245 1561 3312 primo
1582 3257 1763 3295 mense

178 3340 544 3409 deprehensus
565 3339 723 3393 fuerit
743 3339 795 3391 in
825 3337 1267 3407 peregrinatione,
1291 3351 1358 3388 ne
1389 3334 1540 3387 iaciat
1562 3333 1760 3387 Pascha

179 3441 329 3484 extra
355 3430 641 3492 civitatem,
669 3427 763 3482 sed
787 3442 972 3482 mense
1000 3425 1254 3486 secundo,
1293 3435 1348 3478 ιιι
1390 3423 1570 3478 venire
1600 3423 1765 3491 possit

181 3520 570 3591 Jerosolymam
599 3534 662 3572 ac
688 3528 895 3587 tempus
923 3517 1152 3586 negligat
1191 3517 1361 3585 potius
1380 3557 1394 3579 ,
1421 3530 1578 3584 quam
1610 3513 1764 3567 faciat

179 3620 332 3665 extra
361 3611 626 3664 civitatem
667 3627 681 3662 :
713 3625 779 3664 ex
821 3609 921 3663 hoc
950 3609 1226 3662 declarans
1245 3651 1259 3673 ,
1297 3607 1436 3676 quod
1463 3607 1764 3662 observatio

181 3703 286 3758 loci
314 3704 564 3771 temporis
593 3701 961 3756 observatione
988 3701 1154 3770 magis
1171 3708 1254 3754 est
1282 3700 1597 3754 necessaria.
1627 3699 1763 3765 Quid

182 3796 342 3864 igitur
381 3795 466 3848 isti
511 3794 706 3849 habent
749 3792 890 3863 quod
933 3792 1146 3856 dicant,
1185 3792 1274 3859 qui
1314 3801 1461 3846 extra
1499 3791 1763 3845 civitatem

183 3885 542 3955 praescriptam
561 3885 758 3939 iaciunt
775 3883 1014 3938 Pascha?
1030 3882 1158 3936 Nam
1180 3897 1298 3935 cum
1318 3882 1767 3950 transgrediantur

183 3975 236 4031 id
268 3976 409 4046 quod
436 3975 602 4046 magis
630 3983 713 4028 est
741 3973 1129 4037 necessarium,
1174 3971 1306 4025 nihil
1350 3971 1468 4025 illos
1507 3985 1764 4025 excusare

184 4075 359 4136 potest
400 4065 516 4134 ejus
555 4064 886 4129 observatio,
932 4062 1071 4133 quod
1112 4062 1329 4116 minoris
1365 4070 1446 4116 est
1488 4061 1763 4115 momenti.

169 4155 350 4226 Igitur
363 4155 570 4210 etiamsi
589 4155 768 4209 decies
791 4155 979 4208 millies
997 4153 1276 4206 videantur
1295 4167 1510 4207 servare
1533 4159 1762 4220 tempus,

184 4255 423 4301 extrema
455 4245 584 4314 legis
613 4244 962 4313 transgressio
988 4253 1070 4298 est
1099 4243 1235 4312 quod
1269 4241 1484 4296 faciunt.
1509 4243 1682 4310 Atque
1713 4241 1764 4295 id

187 4351 309 4391 esse
334 4351 540 4398 verum,
566 4352 668 4388 non
701 4334 823 4388 hinc
849 4335 1015 4403 liquet
1043 4341 1266 4396 tantum,
1296 4349 1486 4387 verum
1513 4335 1672 4388 etiam
1699 4348 1762 4386 ex

186 4425 480 4495 prophetis.
504 4423 634 4479 Cum
665 4424 804 4478 enim
844 4431 1054 4478 c0nstct
1091 4423 1208 4477 illos
1248 4437 1532 4492 numquam
1562 4423 1767 4477 sacriﬁ-

187 4529 361 4582 casse,
384 4529 558 4584 neque
582 4514 846 4568 canticum
875 4512 1132 4566 cecinisse
1153 4512 1203 4565 in
1235 4521 1372 4566 terra
1402 4512 1570 4566 aliena
1593 4512 1764 4583 (l’sul.

189 4603 314 4659 156.
342 4604 379 4658 s
398 4601 438 4674 ),
469 4617 643 4672 neque
688 4600 982 4655 istiusmodi
1009 4599 1267 4670 jejunium
1293 4600 1583 4670 jejunasse,
1611 4617 1765 4670 qnam

186 4692 396 4747 veniam
423 4702 792 4762 promerentur
811 4691 933 4744 isti?
959 4690 1206 4744 Attamen
1231 4689 1301 4744 illi
1339 4691 1550 4760 quidem
1580 4707 1770 4759 empe-

187 4791 397 4836 etantes
421 4782 580 4836 talem
623 4772 746 4835 vita:
788 4796 898 4835 sua:
937 4789 1130 4834 statum
1157 4796 1218 4835 se
1244 4791 1570 4850 recepturos,
1604 4783 1770 4837 nihilo

187 4873 365 4927 secius
393 4871 746 4942 persistebant
773 4871 824 4926 in
852 4871 1000 4942 lege,
1032 4881 1278 4940 parentes
1304 4873 1398 4936 illi,
1436 4890 1659 4943 qttchue
1684 4874 1768 4929 lex

191 4961 592 5032 pncscribebat,
624 4961 926 5031 itnplentes.
955 4961 1068 5016 Hoc
1093 4962 1234 5016 enim
1265 4962 1348 5017 lex
1379 4963 1489 5032 ipsa
1527 4964 1633 5017 illis
1654 4963 1770 5020 fore

192 5052 528 5121 promiserat.
579 5051 668 5106 Isti
710 5065 839 5106 vero
881 5050 995 5106 lucc
1021 5050 1256 5116 faciunt,
1296 5065 1416 5105 cum
1447 5053 1643 5107 nullam
1672 5053 1768 5106 ha-

190 5141 352 5194 beant
379 5153 529 5210 spem
560 5139 690 5203 fore,
721 5149 776 5194 ut
806 5139 1083 5209 pristinum
1110 5140 1231 5193 vita:
1250 5149 1443 5195 statum
1471 5141 1728 5210 recipiant
1752 5160 1766 5196 :

188 5231 344 5302 cujus
357 5231 500 5286 cnim
513 5231 564 5284 id
581 5230 851 5300 propheta:
864 5231 1163 5287 testimonio
1180 5232 1502 5301 probabunt?
1514 5234 1579 5288 Et
1595 5244 1769 5290 tamen

193 5341 262 5380 ne
304 5326 382 5380 sic
419 5323 630 5393 quidem
678 5333 900 5393 possunt
945 5324 1240 5393 quiescere.
1268 5323 1383 5378 Jam
1405 5366 1420 5389 ,
1451 5334 1507 5378 ιιι
1541 5329 1769 5382 maxime

191 5423 472 5485 sperarent
501 5431 560 5470 se
579 5416 847 5470 civitatem
870 5424 1196 5484 recepturos,
1224 5415 1382 5469 etiam
1418 5425 1541 5470 tunc
1615 5434 1770 5487 opor-

195 5509 341 5563 tebat
368 5517 581 5562 sanctos
605 5507 724 5561 illos
746 5507 960 5570 imitari,
986 5516 1092 5560 ttun
1119 5522 1149 5560 a
1171 5507 1404 5577 jejuniis,
1434 5517 1544 5563 tum
1569 5525 1597 5562 a
1618 5519 1772 5567 caete-

195 5599 272 5654 ris
299 5598 757 5654 obscrvationihus
781 5599 1128 5652 abstinentes.

271 5689 321 5747 5.
353 5689 505 5758 Quod
541 5690 684 5748 enim
715 5689 1008 5745 istiusmodi
1037 5705 1216 5745 rerum
1243 5691 1372 5748 nihil
1403 5693 1472 5748 illi
1504 5695 1727 5752 fecerint
1748 5739 1761 5766 ,

1396 285 1755 351 ADVERSUS
1792 284 2089 341 JUDJSOS.
2131 283 2210 341 ιν.

3315 287 3420 344 878

1841 410 1964 465 audi
2002 410 2127 481 quid
2155 411 2464 481 rogantibus
2503 407 2892 480 responderint.
2924 407 3056 464 Cum
3085 407 3224 462 enim
3261 423 3418 478 urge-

1839 509 1982 563 rent.
2009 501 2411 570 compellerent,
2436 509 2792 570 cogerentqne
2815 499 3043 566 barbari,
3070 507 3127 553 ut
3146 507 3420 554 uterentur

1841 592 2054 661 organis
2079 592 2208 656 suis,
2236 591 2580 661 dicerentqtte
2603 607 2619 645 :
2645 588 2856 645 Comata
2883 589 3024 644 nobis
3042 591 3294 644 canticum
3324 589 3422 642 Ilo-

1839 684 1962 738 mini
1993 681 2164 755 (Psal.
2195 683 2316 739 136.
2343 682 2399 753 3)
2428 701 2441 737 :
2472 683 2546 738 illi
2568 682 3044 754 quipulcbrelegis
3075 693 3304 738 tuentem
3339 690 3420 736 te-

1841 773 2072 836 nebant,
2117 773 2541 842 respondi-runt,
2583 790 2688 828 non
2726 775 2916 828 decere
2957 784 3012 827 ιιι
3042 775 3138 828 ista
3187 774 3423 827 facerent

1841 873 1990 918 extra
2019 865 2404 937 .Ierosolymatn
2431 882 2445 919 :
2480 865 2776 932 Quomodo,
2808 865 3076 936 inquiunt,
3109 866 3420 920 cantabimus

1843 954 2093 1008 canticum
2121 952 2327 1008 Domini
2355 955 2406 1007 in
2428 964 2560 1007 terra
2580 954 2786 1008 aliena?
2813 953 3018 1009 Rursus
3039 963 3147 1010 tres
3175 955 3246 1009 illi
3269 955 3416 1024 pueri

1844 1046 1932 1116 qui
1963 1046 2309 1102 venabantur
2333 1047 2386 1101 in
2417 1047 2682 1118 Babylone
2703 1089 2718 1113 ,
2765 1047 3049 1102 dicebant:
3083 1047 3203 1102 Non
3227 1059 3298 1103 est
3327 1051 3422 1103 hoc

1847 1148 2068 1209 tempore
2089 1139 2340 1208 princeps,
2372 1156 2529 1203 neque
2553 1139 2814 1208 prapheta,
2847 1156 2947 1194 non
2975 1139 3113 1194 locus
3136 1150 3190 1193 ut
3217 1141 3419 1207 sacri/i-

1844 1245 2013 1282 cemus
2049 1230 2102 1282 in
2141 1239 2406 1300 conspectu
2440 1240 2556 1294 tuo,
2589 1240 2635 1283 et
2683 1230 2993 1284 inveniamus
3029 1231 3420 1286 misericordiam

1851 1317 2010 1386 (Dan.
2040 1320 2094 1374 5.
2119 1319 2230 1388 58).
2262 1323 2328 1374 At
2372 1335 2500 1375 sane
2530 1321 2723 1374 multus
2748 1330 2863 1375 erat
2892 1321 2962 1374 ibi
2989 1321 3174 1376 locus:
3206 1331 3260 1376 at
3285 1337 3422 1392 quo-

1846 1410 1986 1464 niam
2016 1409 2087 1465 ibi
2120 1410 2374 1480 templum
2404 1427 2508 1465 non
2553 1421 2702 1476 erat,
2743 1412 3008 1465 abstinent
3053 1427 3082 1465 a
3131 1413 3421 1467 sacriﬁciis.

1846 1499 1963 1555 Jam
1994 1516 2122 1555 vero
2158 1511 2212 1555 et
2249 1501 2314 1554 ad
2342 1501 2472 1553 alios
2515 1516 2608 1570 per
2635 1500 2944 1555 Zachariam
2982 1501 3212 1571 loquitur
3241 1502 3422 1557 Deus:

1851 1590 1990 1645 Num
2026 1593 2279 1662 jejunium
2299 1592 2571 1661 jtjunastis
2612 1593 2735 1646 mihi
2779 1609 2868 1662 per
2905 1609 3064 1646 annos
3109 1595 3424 1663 septuaginta

1849 1680 2030 1752 (Zach.
2063 1682 2115 1734 7.
2149 1679 2248 1752 5)?
2278 1681 2497 1751 loquens
2521 1681 2588 1736 de
2613 1681 2766 1735 annis
2785 1697 2922 1752 quos
2945 1692 3162 1752 egerant
3183 1683 3234 1736 in
3260 1684 3431 1752 capti-

1850 1771 2032 1826 vitate.
2055 1770 2332 1837 Quomodo
2353 1786 2480 1841 ergo
2508 1779 2561 1824 tu
2589 1786 2728 1825 nunc
2752 1771 2979 1840 jejunus,
3009 1772 3094 1826 die
3123 1773 3273 1838 mihi,
3302 1787 3421 1827 cum

1849 1864 2077 1932 majores
2107 1863 2179 1917 tui
2223 1878 2320 1918 nec
2356 1861 2802 1927 sacriﬁcaverint,
2846 1878 2943 1917 nec
2973 1864 3294 1932 jejnnarint,
3326 1880 3426 1920 nec

1849 1953 1982 2009 festa
2025 1953 2450 2008 celebraverint?
2495 1953 2646 2020 Quod
2691 1962 2864 2009 autem
2903 1953 3100 2008 Pascha
3133 1969 3237 2008 non
3280 1956 3428 2010 cele-

1852 2043 2124 2099 bravcrint
2152 2058 2216 2098 ex
2245 2043 2326 2098 his
2353 2044 2526 2112 palam
2551 2052 2652 2098 est.
2679 2042 2810 2097 Nam
2832 2043 2918 2099 ubi
2945 2059 3048 2097 non
3080 2053 3196 2098 erat
3223 2045 3427 2098 sacriﬁ-

1851 2135 2026 2201 cium,
2057 2133 2129 2188 ibi
2171 2149 2237 2189 ne
2263 2133 2455 2188 festum
2483 2132 2695 2203 quidem
2721 2142 2875 2188 erat:
2905 2149 2971 2188 eo
2994 2133 3135 2203 quod
3161 2147 3320 2188 omne
3349 2134 3429 2188 l'c-

1852 2235 1993 2281 stum
2021 2225 2098 2279 sic
2139 2227 2318 2295 peragi
2348 2224 2644 2295 oportebat.
2677 2224 2828 2290 Quod
2854 2225 2896 2280 si
2937 2225 3229 2296 pleniorem
3273 2224 3430 2294 hujus

1854 2317 1930 2370 rei
1977 2314 2489 2370 demonstrationem
2536 2315 2791 2370 exhibere
2834 2317 3088 2380 velimus,
3138 2315 3259 2381 andi
3303 2316 3428 2386 quid

1855 2405 1994 2460 dicat
2027 2405 2208 2460 Daniel
2232 2424 2245 2459 :
2273 2404 2342 2458 In
2370 2405 2544 2459 diebus
2572 2405 2675 2460 illis
2704 2423 2839 2460 eram
2868 2423 2958 2477 ego
2998 2407 3183 2460 Daniel
3218 2408 3426 2476 lugens,

1856 2495 2014 2549 tribus
2039 2495 2428 2550 hebdomadibus
2461 2513 2640 2564 panem
2665 2497 3044 2550 desiderabilem
3073 2517 3173 2557 non
3200 2498 3396 2558 (antedi
3411 2538 3432 2564 ,

1857 2597 1904 2640 et
1933 2587 2102 2640 vinum
2126 2603 2396 2656 carnesque
2422 2603 2522 2640 non
2558 2586 2796 2657 ingressa:
2835 2587 3026 2646 suntin
3055 2611 3111 2647 os
3150 2603 3349 2650 meum,
3385 2598 3431 2640 et

1859 2689 2110 2750 unguento
2139 2696 2239 2732 non
2265 2678 2485 2750 angebar
2502 2680 2556 2731 in
2580 2678 2973 2738 Itedetttadibus
3001 2687 3121 2739 illis.
3151 2685 3213 2738 Et
3242 2687 3431 2754 factum

1859 2780 1931 2823 est
1969 2771 2198 2823 vicesimo
2237 2780 2414 2839 quarto
2461 2770 2543 2822 die
2589 2771 2735 2838 primi
2781 2777 2998 2843 mensis,
3052 2777 3153 2830 vidi
3196 2778 3432 2831 visionem

1863 2858 2024 2930 (Dan.
2049 2858 2134 2913 10.
2161 2857 2238 2928 2).
2274 2859 2370 2913 llic
2397 2859 2523 2918 mihi
2565 2859 2846 2934 diligenter
2883 2869 3192 2922 auscultate.
3235 2869 3309 2921 Ex
3350 2868 3434 2922 his

1860 2950 2001 3004 enim
2035 2950 2367 3026 perspicuum
2393 2966 2492 3018 est,
2524 2957 2662 3025 quod
2694 2966 2802 3011 tum
2831 2958 3031 3011 Pascha
3059 2975 3162 3012 non
3193 2959 3433 3013 celebra-

1861 3040 2055 3098 verint.
2085 3039 2186 3112 Qui
2211 3046 2328 3100 sic?
2359 3034 2556 3098 Dicam.
2592 3045 2692 3099 Per
2714 3046 2829 3099 dies
2857 3062 3162 3116 azymorum
3189 3047 3431 3116 jejunarc

1861 3133 2060 3188 Judaeis
2102 3133 2182 3187 fas
2228 3150 2334 3187 non
2379 3145 2511 3188 erat.
2555 3135 2651 3189 llic
2691 3145 2866 3188 autem
2911 3137 3026 3189 dies
3051 3137 3231 3205 viginti
3273 3154 3432 3192 unum

1862 3241 2079 3296 prorsus
2100 3242 2204 3279 non
2231 3227 2400 3295 attigit
2428 3241 2638 3295 panem.
2664 3227 2730 3280 Et
2751 3227 2888 3281 unde
2910 3226 3010 3282 hoc
3033 3227 3271 3291 docetur,
3295 3229 3434 3283 dicet

1861 3316 2080 3386 aliquis,
2111 3317 2251 3385 quod
2298 3317 2381 3370 isti
2418 3318 2596 3386 viginti
2636 3318 2750 3372 dies
2788 3327 2841 3372 et
2883 3333 3018 3371 unus
3062 3319 3341 3373 inciderint
3381 3321 3432 3374 in

1861 3407 1978 3461 dies
2018 3408 2363 3477 azymorum?
2404 3407 2458 3462 ld
2496 3408 2618 3463 inde
2662 3407 3080 3474 demonstratur,
3112 3409 3250 3479 quod
3272 3410 3433 3479 dicit,

1863 3509 2052 3571 quarto
2078 3509 2132 3554 et
2151 3500 2405 3570 vigesimo
2432 3500 2517 3554 die
2547 3501 2702 3570 primi
2731 3501 2949 3556 mensis.

1941 3592 2153 3647 Pascha:
2179 3593 2454 3647 secundum
2493 3592 2650 3664 legem
2675 3603 2889 3662 tempus.
2918 3624 2990 3634 —
3018 3594 3084 3648 At
3111 3593 3332 3650 Pascha:
3357 3596 3437 3652 le-

1864 3694 2003 3740 stum
2034 3685 2286 3754 vigesimo
2313 3685 2482 3753 primo
2511 3685 2596 3739 die
2638 3683 2935 3739 ﬁniebatur.
2967 3683 3096 3739 Nam
3125 3687 3438 3757 incipientes

1864 3790 1894 3829 a
1918 3775 2128 3831 decimo
2151 3782 2340 3844 quarto
2367 3774 2456 3828 die
2486 3774 2638 3844 primi
2665 3775 2886 3842 mensis,
2918 3776 3111 3832 deinde
3137 3778 3324 3834 diebus
3348 3795 3438 3835 sc-

1866 3877 2006 3936 ptetn
2033 3868 2335 3920 continuata
2380 3866 2716 3932 celebritate,
2759 3867 2826 3921 ad
2852 3868 3164 3937 vigesimum
3210 3873 3437 3940 pritnttm

1865 3957 2004 4010 diem
2043 3956 2440 4024 perveniebant.
2469 3957 2715 4009 Attamen
2747 3957 2926 4010 Daniel
2957 3961 3330 4026 perseverabat
3353 3961 3438 4027 je-

1861 4048 2075 4116 junans,
2103 4048 2260 4100 etiam
2290 4062 2409 4101 cum
2442 4047 2784 4115 praeteriisset
2813 4049 3028 4102 Paschm
3056 4059 3280 4120 tempus.
3305 4051 3437 4106 Nam

1865 4154 1986 4193 cum
2015 4139 2263 4208 cmpisset
2291 4153 2321 4191 a
2365 4139 2524 4193 tertio
2547 4138 2634 4194 die
2672 4139 2827 4208 primi
2867 4142 3102 4206 mensis,
3145 4158 3208 4196 ac
3246 4143 3440 4199 deinde

1867 4245 1964 4300 per
1983 4230 2100 4285 dies
2120 4230 2300 4299 viginti
2322 4245 2483 4284 unum
2505 4230 2886 4298 continuasset,
2912 4232 3156 4286 nimirum
3177 4232 3438 4288 decimum

1821 4337 1828 4346 '
1865 4329 2109 4390 quartum
2135 4319 2275 4374 diem
2302 4321 2573 4389 prteteriit,
2601 4329 2654 4374 et
2683 4329 2804 4389 post
2832 4321 2972 4376 htmc
3001 4323 3125 4376 item
3153 4333 3355 4392 septem
3388 4333 3442 4378 et

1868 4419 1978 4465 tres
2001 4411 2136 4464 alios
2158 4409 2416 4479 jejunavit
2441 4409 2600 4479 (Dan.
2625 4411 2712 4465 10.
2739 4411 2818 4480 4).
2849 4411 3039 4465 Annon
3063 4413 3222 4482 igitur
3246 4416 3330 4468 isti
3353 4430 3444 4470 ex-

1867 4501 2011 4570 leges
2039 4509 2093 4554 ct
2118 4500 2284 4570 impii,
2313 4501 2424 4570 qui,
2452 4516 2572 4553 cum
2605 4499 2677 4553 illi
2710 4502 2876 4555 sancti
2905 4503 3001 4556 viri
3029 4504 3078 4556 in
3102 4504 3273 4558 aliena
3303 4514 3442 4560 terra

1869 4591 2000 4644 nihil
2025 4589 2356 4644 servaverint
2375 4605 2558 4643 eorum
2584 4605 2701 4658 qua:
2728 4590 2813 4644 lex
2843 4593 3236 4660 prtescribebat,
3266 4603 3442 4650 tamen

1869 4695 1966 4748 per
1989 4679 2378 4734 contentionem
2427 4689 2482 4732 et
2523 4679 2875 4748 pervicaciam
2915 4681 3124 4736 diversa
3169 4683 3445 4741 factitant?

1870 4770 2076 4825 Etenim
2127 4769 2171 4822 si
2216 4769 2453 4822 nonnulli
2501 4767 2724 4824 fuissent
2767 4771 3113 4840 incogitantcs
3157 4791 3446 4847 parumque

1867 4858 2270 4927 circumspecti,
2309 4858 2400 4928 qui
2447 4859 2566 4913 talia
2597 4861 2679 4914 vel
2722 4859 2992 4929 facerent,
3037 4864 3119 4919 vel
3163 4865 3446 4923 dicerent:

1870 4948 2088 5004 forsitan
2133 4949 2464 5019 negligentia:
2508 4950 2762 5006 tribueret
2789 4953 3018 5023 aliquis,
3061 4957 3200 5024 quod
3242 4974 3306 5014 ca
3337 4977 3447 5016 non

1870 5039 2174 5094 observent.
2202 5039 2316 5094 Jam
2347 5055 2468 5094 cum
2509 5042 2743 5111 religiosi
2783 5043 2925 5112 sint,
2965 5060 3086 5101 cum
3117 5048 3223 5117 pii,
3253 5066 3375 5106 cum
3414 5053 3448 5106 ii

1870 5129 1960 5199 qui
1988 5143 2084 5199 pro
2112 5129 2396 5199 praeceptis
2425 5130 2516 5184 Dei
2541 5132 2873 5188 tradiderunt
2893 5135 3100 5192 animas
3125 5154 3249 5194 suas
3270 5181 3286 5206 ,
3315 5157 3448 5196 con-

1871 5220 2112 5289 spicuum
2141 5229 2255 5287 est,
2285 5235 2380 5276 eos
2419 5221 2822 5294 haudquaquam
2854 5241 2948 5293 per
2972 5229 3343 5299 negligentiam
3372 5233 3448 5288 l'c-

1871 5312 2011 5368 cisse
2039 5312 2179 5382 quod
2208 5311 2483 5377 fecerunt,
2525 5313 2618 5368 sed
2647 5315 2715 5369 ab
2743 5314 2857 5386 ipsa
2883 5319 3060 5386 potius
3083 5320 3198 5390 lege
3223 5336 3445 5390 persua-

1871 5419 1960 5458 sos
1981 5446 1995 5470 ,
2023 5403 2162 5473 quod
2189 5419 2292 5459 non
2321 5415 2564 5474 oporteat
2590 5406 2873 5476 quidquam
2905 5409 3087 5463 talium
3117 5415 3449 5467 ccrcmonia-

1874 5511 1989 5551 rum
2037 5504 2186 5550 extra
2242 5495 2624 5567 Jcrosolymam
2672 5498 2982 5556 observare.
3028 5501 3163 5568 Quin
3208 5513 3263 5558 et
3305 5487 3495 5568 aliud?

1873 5586 2120 5656 quiddam
2151 5603 2216 5640 ex
2245 5587 2326 5642 his
2353 5588 2627 5658 perspicue
2651 5589 2914 5659 colligitur
2939 5592 3094 5661 longe
3121 5595 3406 5650 maximum
3428 5639 3445 5664 ,

1874 5677 2157 5747 videlicet,
2185 5679 2326 5748 quod
2363 5680 2758 5737 observationes
2785 5681 3162 5740 sacriﬁciorum
3184 5729 3200 5756 ,
3245 5688 3438 5748 sabba-
