3866 6226
459 249 560 306 879

456 369 664 434 torum,
709 375 766 423 et
809 365 1234 432 noviluniorum,
1279 364 1509 434 denique
1536 350 1789 416 siinilium
1834 362 2031 416 rituum

455 460 693 513 omnium
732 474 797 514 ex
825 457 1111 513 abundanti
1155 457 1349 511 addita:
1375 463 1502 510 sunt
1533 453 1767 509 Judaicte
1796 452 1916 507 vitae
1941 470 1956 508 :
1983 463 2042 507 ut

458 567 631 622 neque
656 552 700 606 si
729 561 1028 615 serventur,
1060 549 1257 620 aliquid
1287 549 1462 618 magni
1504 547 1760 601 momenti
1797 545 2042 600 conferre

456 643 663 712 possint
701 643 767 696 ad
793 642 1080 706 virtutem;
1112 655 1284 710 neque
1313 639 1358 694 si
1389 637 1887 708 przrtermittautur,
1921 649 2042 704 pos-

455 737 563 789 sint
590 752 654 789 ex
677 736 814 788 bono
840 733 1015 790 facere
1037 733 1256 798 malum,
1279 740 1370 785 aut
1391 730 1601 800 pietatis
1622 729 1876 794 studium,
1899 725 2039 796 quod

455 825 508 878 in
554 826 734 879 animo
764 825 923 890 situm
950 832 1062 890 est,
1103 825 1280 893 aliqua
1323 838 1390 876 ex
1420 830 1568 891 parte
1597 819 1929 874 imminuere.
1961 816 2038 871 llli

454 915 614 985 igitur
655 916 746 984 qui
788 915 947 969 vitam
990 914 1242 984 angelica:
1289 912 1533 967 mmulam
1584 909 1739 964 nobis
1787 909 1838 962 in
1884 907 2040 961 terris

452 1007 836 1074 ostcmlerunt,
869 1023 989 1062 cum
1032 1007 1220 1060 harum
1261 1021 1442 1060 rerum
1480 1003 1610 1058 nihil
1641 1001 1860 1056 omnino
1888 1015 2042 1070 pere-

450 1098 662 1166 gerint,
713 1113 821 1153 non
850 1099 1118 1154 victimam
1164 1097 1481 1160 mactarint,
1526 1111 1632 1148 non
1675 1093 1866 1149 festum
1896 1092 2038 1145 diem

452 1191 824 1254 observarint,
871 1206 976 1245 non
1019 1188 1318 1245 istiusmodi
1361 1188 1624 1257 jejunium
1669 1185 2035 1254 susceperint:

452 1280 587 1334 adeo
615 1288 791 1336 tamen
826 1281 1137 1350 placuerunt
1165 1280 1301 1344 Deo,
1337 1278 1585 1346 utipsam
1619 1285 1860 1330 naturam
1889 1282 2038 1327 tran~

457 1369 798 1435 scenderint,
840 1380 1114 1437 totumque
1145 1377 1405 1423 terrarum
1432 1367 1649 1432 orbem,
1697 1381 1789 1434 per
1830 1379 1891 1416 ea
1921 1379 2039 1432 qua:

456 1461 588 1529 ipsis
629 1461 965 1530 obtigerunt,
1012 1460 1076 1513 ad
1123 1459 1215 1514 Dei
1263 1459 1616 1529 cognitionem
1662 1455 2036 1525 pertraxerint.

452 1553 587 1621 Quid
611 1554 752 1607 enim
782 1553 1003 1622 proferri
1032 1563 1208 1622 queat,
1237 1551 1376 1621 quod
1402 1566 1522 1605 cum
1552 1547 1768 1603 Danicle
1792 1546 2037 1601 confera-

452 1642 578 1697 tur?
619 1644 744 1713 quid
784 1645 926 1714 quod
967 1658 1089 1698 eum
1131 1644 1296 1697 tribus
1334 1642 1555 1713 pueris?
1599 1638 2036 1710 Quandoquidem

456 1735 530 1789 illi
567 1735 710 1805 quod
743 1745 1063 1805 prmccptum
1096 1736 1147 1789 in
1184 1734 1482 1805 Evangeliis
1505 1734 1800 1789 maximum
1822 1773 1837 1795 ,
1871 1730 2041 1801 quod-

450 1844 554 1897 quc
583 1832 841 1882 bonorum
871 1829 1111 1884 omnium
1144 1837 1324 1898 caput,
1349 1836 1471 1881 ante
1497 1825 1764 1897 proditum
1794 1825 2038 1893 Evange-

450 1920 580 1975 lium
625 1931 984 1990 occuparunt,
1019 1922 1255 1990 ipsisque
1286 1919 1437 1975 factis
1467 1919 1820 1973 declararunt.
1868 1915 2040 1984 Majo-

449 2027 556 2064 rem
601 2011 726 2076 har,
773 2012 976 2081 inquit,
1021 2011 1279 2064 caritatem
1322 2026 1465 2064 nemo
1505 2008 1678 2073 liabet,
1724 2017 1778 2060 ut
1815 2007 2037 2059 animam

449 2117 595 2152 suam
635 2111 787 2170 ponat
826 2103 939 2170 quis
979 2117 1072 2170 pro
1098 2102 1274 2154 amicis
1315 2101 1418 2154 suis
1453 2099 1645 2168 (Joa-n.
1686 2098 1770 2152 15.
1807 2097 1915 2166 15).
1959 2095 2035 2149 illi

453 2205 580 2244 vero
609 2193 843 2245 annnam
888 2208 1038 2248 suam
1073 2200 1437 2262 exposuerunt
1481 2205 1578 2261 pro
1614 2192 1742 2244 Deo.
1785 2188 1894 2243 Nec
1938 2188 2038 2242 hac

456 2291 604 2348 parte
645 2282 818 2335 solum
863 2282 1159 2336 admirandi
1187 2290 1346 2349 sunt,
1398 2296 1587 2336 verum
1627 2281 1786 2335 etiam
1828 2280 1896 2333 ob
1937 2277 2038 2333 hoc

453 2375 592 2442 quod
623 2375 674 2428 id
702 2377 897 2430 nullius
921 2377 1186 2440 mercedis
1215 2376 1381 2446 gratia
1411 2374 1669 2429 fecerunt.
1703 2372 2036 2442 ldeoquedi-

450 2467 642 2520 ccbant
679 2483 692 2519 :
741 2466 834 2521 Est
873 2466 1010 2522 Deus
1057 2470 1112 2522 in
1155 2468 1281 2523 ca'lo
1326 2477 1500 2538 potens
1540 2466 1729 2536 eripere
1769 2479 1858 2518 nos
1892 2479 1911 2515 :
1952 2462 2037 2531 qui

451 2559 646 2612 etiamsi
674 2576 774 2612 non
802 2560 1017 2630 eripiat,
1052 2571 1222 2614 notum
1246 2561 1310 2613 sit
1342 2559 1462 2622 tibi,
1491 2573 1608 2621 rem,
1641 2573 1734 2610 nos
1759 2571 1858 2609 non
1884 2554 2039 2607 servi-

452 2662 591 2703 turos
617 2651 714 2702 diis
745 2651 842 2704 tuis
865 2649 1027 2720 (Dan.
1055 2651 1108 2705 5.
1137 2651 1244 2720 17).
1273 2650 1481 2706 Sufficit
1511 2649 1664 2702 nobis
1689 2648 1779 2702 illa
1806 2660 2030 2709 merces,

451 2743 592 2811 quod
619 2751 834 2812 propter
861 2745 1026 2797 Deum
1050 2744 1326 2798 morimur.
1352 2742 1475 2796 11ωο
1496 2741 1878 2812 prmstiterunt,
1903 2747 2038 2790 tam-

451 2851 556 2904 que
578 2836 838 2904 insignem
862 2837 1114 2890 virtutem
1144 2833 1504 2890 exhibuerunt
1523 2875 1538 2900 ,
1570 2832 1699 2886 nihil
1729 2846 1912 2886 eorum
1937 2829 2034 2883 ob-

449 2936 750 2989 servantes,
783 2943 904 2996 qum
931 2927 1015 2980 lex
1044 2926 1464 2994 prtescripserat.

521 3019 576 3073 6.
606 3018 746 3088 Ergo
773 3034 874 3088 qna
899 3018 1136 3081 tandem,
1162 3018 1388 3087 inquies,
1415 3013 1581 3085 gratia
1614 3015 1750 3068 Deus
1773 3013 1867 3066 lati]
1902 3026 2037 3079 prm-

449 3110 622 3179 cepit,
668 3109 715 3164 si
755 3125 860 3164 non
888 3109 1103 3164 volebat
1130 3108 1444 3164 observari?
1473 3115 1526 3160 et
1556 3107 1598 3160 si
1631 3105 1743 3159 fieri
1786 3103 2031 3167 volebat,

449 3217 552 3270 qua
583 3200 752 3270 gratia
784 3209 928 3254 tuam
959 3202 1228 3255 civitatem
1270 3199 1555 3254 demolitus
1583 3197 1702 3251 est?
1733 3195 1864 3249 Nam
1899 3194 2035 3248 alte-

450 3309 567 3346 rum
595 3307 624 3347 c
650 3292 857 3346 duobus
887 3293 957 3346 illi
989 3291 1286 3346 faciendum
1317 3299 1451 3353 erat,
1483 3291 1525 3343 si
1555 3289 1811 3342 voluisset
1842 3287 1927 3340 illa
1952 3301 2035 3340 rc-

447 3399 704 3439 mancre:
737 3397 830 3438 aut
860 3400 962 3436 non
1006 3385 1294 3452 praecipere
1317 3425 1332 3449 ,
1379 3391 1435 3435 ut
1470 3381 1568 3449 ipsi
1600 3394 1706 3433 uno
1751 3387 1950 3432 tantum
1983 3377 2033 3430 in

449 3477 569 3531 loco
594 3478 856 3532 sacrificia
885 3478 1092 3541 fierent,
1120 3493 1240 3531 cum
1267 3491 1363 3530 vos
1389 3491 1482 3544 per
1509 3488 1697 3527 onmes
1723 3471 1902 3524 tnundi
1927 3472 2036 3538 pla-

448 3581 543 3636 gas
572 3577 714 3622 esset
750 3567 1088 3636 dispersurus
1117 3585 1130 3621 :
1170 3574 1262 3619 aut
1299 3566 1341 3618 si
1379 3564 1594 3618 volebat
1622 3576 1716 3618 vos
1739 3577 1804 3614 eo
1838 3564 1888 3614 in
1917 3561 2035 3613 loco

449 3657 754 3713 sacriﬁcare
782 3666 986 3712 tanttnn
1009 3701 1023 3717 .
1063 3670 1169 3711 non
1214 3656 1442 3710 debebat
1471 3670 1566 3708 vos
1597 3669 1691 3723 per
1731 3655 2033 3707 universum

449 3751 636 3806 orbem
667 3751 962 3822 dissipare,
1008 3765 1070 3804 ac
1097 3750 1264 3803 solam
1298 3749 1438 3802 illam
1481 3747 1748 3801 civitatem
1796 3745 2032 3797 inacccs-

448 3858 565 3899 sam
593 3843 837 3910 reddere,
863 3843 920 3896 in
946 3857 1050 3912 qua
1076 3842 1188 3896 sola
1215 3840 1458 3894 victimas
1477 3840 1710 3908 jusserat
1733 3836 2030 3890 immolare.

517 3937 623 3993 Cur
654 3937 789 3992 Deus
817 3937 1072 4006 sacriﬁcia
1107 3934 1304 3988 Judwis
1335 3932 1647 4004 pra'ceperit.
1675 3957 1745 4004 -;-·
1770 3929 1908 3997 Quid
1936 3929 2033 3997 igi-

449 4029 568 4085 tur?
593 4031 676 4083 An
699 4044 883 4082 secum
910 4029 1044 4098 ipse,
1073 4027 1269 4096 inquis,
1303 4033 1502 4094 pugnat
1527 4024 1702 4087 Deus,
1731 4021 1819 4091 qui
1848 4035 1955 4073 uno
1982 4020 2032 4072 in

449 4122 570 4178 loco
597 4121 884 4176 sacrificari
925 4120 1180 4190 jusserit,
1221 4127 1277 4172 et
1317 4132 1505 4171 rursus
1530 4115 1598 4170 ab
1627 4115 1731 4169 hoc
1773 4113 1888 4183 ipso
1918 4111 2035 4165 loco

447 4211 730 4267 excludat?
759 4211 1102 4280 Nequaquam
1125 4250 1141 4274 ,
1185 4207 1294 4262 imo
1332 4219 1653 4275 magnopere
1681 4202 1781 4257 sibi
1826 4207 2036 4257 conStat

451 4304 590 4357 Deus
614 4317 629 4355 :
654 4316 827 4372 neque
847 4301 989 4356 enim
1021 4298 1171 4354 initio
1194 4298 1296 4354 sibi
1319 4296 1531 4351 volebat
1546 4294 1726 4351 oti'erri
1752 4293 2032 4348 sacrificia.

451 4394 529 4448 En
549 4436 564 4458 ,
609 4393 782 4463 ipsum
811 4391 1126 4462 prophetam
1152 4389 1362 4445 adduco
1384 4396 1576 4444 testem
1595 4425 1610 4452 ,
1641 4385 1729 4456 qui
1759 4385 1838 4440 sic
1864 4383 2036 4454 loqui—

450 4495 574 4541 tur:
612 4485 798 4540 Audite
830 4485 1032 4539 verbum
1075 4483 1314 4550 Domini,
1363 4481 1615 4552 principes
1653 4478 2031 4543 Sodomorum,

447 4575 690 4631 attendite
710 4576 806 4646 legi
827 4575 924 4629 Dei
943 4575 1094 4629 vestri
1113 4575 1329 4645 populus
1356 4571 1650 4626 Gomorrha:
1675 4568 1722 4641 (1
1729 4570 1825 4623 sai.
1850 4569 1902 4623 1.
1922 4567 2032 4638 10).

448 4667 563 4722 Non
590 4666 657 4722 ad
685 4666 991 4721 Sodomitas
1013 4675 1070 4720 et
1096 4663 1474 4720 Gomorrbmos
1496 4661 1657 4718 verba
1689 4659 1890 4716 faciens
1921 4657 2038 4713 haec

450 4758 699 4828 loquitur,
745 4758 839 4814 sed
887 4757 953 4812 ad
996 4757 1231 4812 Judaeos.
1278 4756 1368 4812 Sic
1414 4765 1596 4810 autem
1643 4753 1874 4824 appellat
1917 4751 2036 4806 illos

453 4851 626 4914 Deus,
657 4848 798 4918 quod
827 4849 1098 4902 imitantes
1139 4848 1348 4901 illorum
1377 4845 1632 4900 malitiam
1653 4884 1670 4912 ,
1698 4844 1800 4898 sibi
1837 4856 2036 4913 cogna-

453 4941 653 4994 tionem
697 4955 820 4997 cum
851 4939 954 4994 illis
997 4938 1332 4994 ascivissent.
1361 4937 1618 4994 Similiter
1656 4943 1710 4990 et
1733 4948 1893 4990 canes
1919 4935 2038 4990 illos

449 5031 682 5100 appellat
714 5029 876 5100 (Isai.
910 5031 1000 5086 56.
1033 5029 1146 5100 to),
1178 5039 1234 5086 et
1265 5041 1433 5099 equos
1458 5028 1767 5084 emissarios
1805 5025 1947 5098 (lor.
1979 5026 2035 5082 5.

449 5123 526 5192 8),
560 5137 666 5175 non
703 5121 843 5192 quod
873 5121 1086 5177 illorum
1109 5129 1252 5176 esset
1281 5119 1659 5174 transformata
1689 5126 1908 5185 natura,
1941 5115 2037 5172 sed

448 5211 590 5281 quod
621 5212 835 5268 illorum
863 5212 1171 5267 animalium
1207 5211 1650 5266 incontinentiam
1676 5209 2032 5264 imitarentur.

450 5310 566 5372 Quo
611 5307 738 5360 mihi
785 5305 1161 5360 multitudinem
1203 5304 1520 5357 victimarum
1566 5301 1881 5356 vestrarum?
1915 5300 2038 5353 dicit

451 5400 702 5454 [lentim
729 5397 882 5469 (Isai.
920 5399 970 5453 1.
997 5397 1107 5468 11).
1139 5395 1405 5452 Caeterum
1431 5395 1521 5465 qui
1553 5393 1799 5448 Sodomis
1830 5392 2038 5447 habita-

451 5490 600 5556 bant,
641 5505 931 5561 numquam
961 5489 1062 5545 visi
1088 5496 1214 5542 sunt
1247 5487 1524 5543 immolare
1548 5487 1822 5549 victimas,
1850 5485 1944 5541 sed
1970 5485 2036 5539 ad

451 5582 664 5638 Judreos
689 5596 869 5645 sermo
911 5581 1002 5636 Dei
1037 5578 1303 5649 dirigitur,
1347 5578 1418 5632 ob
1456 5591 1670 5632 causam
1710 5592 1869 5648 quam
1899 5577 2036 5631 dixi-

453 5689 592 5743 mus,
619 5673 970 5730 Sodomorum
999 5671 1313 5745 cognomina
1342 5670 1444 5726 illis
1468 5669 1722 5726 tribuens.
1760 5669 1872 5739 Quo
1901 5669 2031 5724 mihi

1194 247 1252 300 ει.
1293 245 1569 304 JOANNIS
1605 243 2078 300 CllliYSOSTOMi
2121 246 2434 301 .il‘tljlllliD.
2475 247 3011 306 CUNSTXNTINOP.

3631 251 3731 307 880

2151 362 2525 417 multitudinem
2569 365 2885 419 victimarum
2927 365 3243 420 vestrarum?
3286 363 3407 420 dicit
3466 364 3733 420 Dominus.

2148 455 2342 509 Plenus
2374 473 2485 510 sum
2539 457 2957 512 Itolocautomatis
2985 458 3232 522 arietum,
3272 469 3318 511 et
3343 458 3557 527 adipem
3582 475 3735 528 agno-

2145 563 2282 613 runt,
2309 557 2356 600 et
2383 549 2680 618 sanguinem
2709 558 2970 603 taurorum
2994 561 3081 603 aut
3104 550 3355 604 hircorum
3383 566 3506 604 no.0
3530 565 3549 602 :
3584 566 3675 602 nec
3703 557 3737 603 st

2145 639 2354 693 veniatis
2387 641 2438 693 in
2460 651 2777 711 conspectum
2805 659 2991 696 meum.
3027 641 3151 708 Quis
3175 643 3308 696 enim
3335 643 3613 714 eaquisivit
3644 645 3738 694 hrc

2144 735 2314 786 omnia
2325 728 2387 782 de
2401 727 2639 782 manibus
2651 730 2830 783 vestris
2842 725 2888 799 (1
2897 728 2996 782 sai.
3012 726 3094 783 1.1
3110 729 3128 781 1
3143 769 3155 782 .
3169 727 3332 800 seqq.)
3344 725 3741 782 TAudistiscla-

2146 825 2411 896 rissimum
2440 840 2622 880 vocem
2652 825 2939 889 dicentem,
2968 827 3110 896 quod
3139 825 3287 879 initio
3314 841 3421 878 non
3451 825 3737 894 posmlar'n

2146 914 2259 969 lia-c
2288 915 2353 969 de
2382 916 2626 970 manibus
2651 916 2873 970 vestris?
2904 917 3112 971 Etenim
3137 916 3181 969 si
3211 916 3558 984 postulasset,
3595 916 3738 968 simi-

2148 1009 2266 1061 liter
2293 1018 2346 1062 ct
2374 1009 2578 1077 priscos
2609 1009 2726 1062 illos
2751 1025 2961 1075 omnes,
2993 1009 3080 1078 qni
3114 1021 3237 1064 ante
3273 1008 3370 1063 hos
3397 1009 3736 1074 floruerunt,

2146 1101 2294 1169 prius
2322 1100 2387 1154 ad
2436 1100 2533 1154 itOC
2577 1102 2696 1153 vita:
2740 1101 3038 1155 institutum
3071 1101 3353 1170 adegisset.
3393 1104 3516 1167 Quo
3557 1101 3736 1170 igitur,

2148 1192 2343 1260 inquis,
2376 1192 2601 1246 oonsilio
2625 1193 2736 1246 Innc
2760 1193 2917 1245 modo
2943 1195 3228 1262 percepit?
3259 1193 3521 1246 Nimirum
3547 1204 3737 1246 vestra:

2147 1296 2348 1335 rnorem
2391 1297 2586 1352 gerens
2630 1284 2944 1336 infirmitati.
2981 1284 3044 1336 Et
3075 1284 3528 1353 qm-madtnmlutn
3573 1285 3738 1337 IIICtii-

2145 1387 2261 1436 cus,
2295 1372 2478 1426 videns
2507 1375 2776 1427 lton‘tinetn
2807 1373 3212 1436 febricitantem,
3240 1390 3543 1435 morosum,
3573 1374 3737 1442 impa-

2146 1461 2387 1523 tientem,
2416 1464 2461 1518 si
2487 1465 2830 1532 concupiscat
2865 1463 3105 1534 frigidam
3135 1464 3316 1519 bibere
3335 1507 3350 1529 ,
3380 1479 3445 1518 ac
3478 1465 3731 1526 minetur,

2145 1555 2196 1608 ni
2224 1555 2479 1624 accipiat,
2513 1556 2668 1624 plane
2711 1555 2942 1610 futurum
2974 1567 3030 1610 ut
3068 1556 3150 1610 vel
3182 1572 3240 1610 se
3283 1555 3478 1625 laqueo
3507 1570 3730 1623 susmn-

2145 1644 2255 1711 dat,
2284 1647 2368 1701 vel
2392 1664 2422 1700 e
2447 1647 2657 1700 sublimi
2687 1663 2745 1701 se
2772 1648 3098 1715 prmcipitem
3124 1645 3234 1711 det,
3262 1646 3387 1700 dum
3413 1645 3604 1700 studet
3629 1662 3734 1698 nta-

2140 1739 2229 1808 jus
2258 1739 2539 1794 excludere
2571 1741 2768 1793 malum
2788 1780 2802 1804 ,
2837 1741 3095 1809 permittit
3117 1740 3258 1809 quod
3285 1739 3464 1792 minus
3496 1747 3612 1800 est,
3641 1755 3727 1791 cn-

2145 1834 2298 1900 piens
2337 1833 2481 1886 illum
2522 1847 2551 1885 a
2590 1832 2822 1886 violenta
2863 1843 3034 1886 morte
3073 1846 3325 1886 revocare
3357 1849 3370 1884 :
3408 1832 3480 1885 ita
3525 1830 3652 1884 fecit
3685 1839 3733 1884 et

2147 1925 2307 1991 Deus,
2340 1925 2589 1993 quoniam
2617 1923 2744 1977 vidit
2772 1924 2890 1976 illos
2919 1923 3265 1986 insanientes,
3298 1921 3513 1987 anxios,
3537 1936 3733 1975 concu-

2144 2016 2408 2084 piscentcs
2439 2017 2772 2068 victimarum
2803 2014 3125 2069 oblationem
3150 2055 3164 2079 ,
3188 2015 3427 2084 jamque,
3461 2015 3569 2067 nisi
3600 2017 3733 2066 arci-

2145 2116 2332 2177 perent
2355 2105 2496 2175 quod
2525 2105 2932 2170 desiderabant,
2972 2114 3184 2174 paratos
3212 2115 3267 2158 ιιι
3290 2105 3355 2158 ad
3389 2105 3537 2160 idola
3569 2105 3735 2159 deﬂe-

2145 2208 2371 2263 ctcrcnt,
2405 2201 2514 2254 imo
2541 2217 2642 2254 non
2672 2199 2842 2254 solum
2873 2209 3104 2269 paratos,
3134 2203 3314 2253 verum
3340 2201 3508 2254 etiam
3543 2217 3610 2254 co
3631 2201 3734 2268 jam

2146 2291 2455 2360 prolapsos:
2485 2291 2723 2360 permisit
2744 2291 3160 2346 immolationem
3181 2290 3545 2344 victimarum.
3569 2291 3736 2358 Atque

2145 2390 2200 2435 ιιι
2229 2383 2402 2448 scias,
2451 2382 2588 2435 hanc
2628 2381 2791 2435 fuisse
2822 2397 3073 2446 causam,
3115 2381 3199 2434 vel
3238 2396 3302 2435 ex
3343 2382 3462 2449 ipso
3496 2391 3737 2450 tempore

2143 2472 2443 2526 declaretur
2472 2473 2521 2526 id
2553 2472 2694 2542 quod
2725 2472 2864 2526 dico.
2894 2473 3163 2542 Siquidem
3193 2483 3310 2541 post
3337 2473 3564 2537 festum,
3595 2474 3734 2541 quod

2145 2563 2320 2632 impiis
2347 2563 2677 2617 daemonibus
2701 2563 3074 2628 celebrarunt,
3106 2575 3214 2617 tum
3245 2563 3462 2617 demum
3497 2565 3739 2632 permisit

2146 2655 2248 2708 illis
2279 2655 2670 2709 immolationes
2703 2655 2984 2724 pecudum,
3019 2664 3222 2709 tantum
3255 2671 3359 2708 non
3389 2655 3621 2710 dicens:
3657 2658 3736 2710 in-

2143 2745 2327 2800 sanitis
2347 2783 2363 2812 ,
2395 2755 2448 2800 et
2474 2747 2630 2799 vultis
2659 2746 2938 2801 immolare
2968 2747 3230 2809 victimas,
3265 2747 3428 2815 igitur
3468 2747 3606 2801 mihi
3641 2764 3734 2816 po-

2143 2837 2246 2890 tius
2276 2837 2584 2890 immoletis.
2613 2838 2944 2906 Quamquam
2976 2853 3042 2892 ne
3079 2837 3179 2892 hoc
3207 2837 3424 2906 quidem
3457 2840 3732 2906 permisit.

2142 2939 2200 2983 ut
2227 2940 2485 2999 perpetuo
2513 2931 2720 2996 liceret,
2753 2931 2844 2984 sed
2875 2931 3288 2998 prudentissimo
3311 2932 3566 2993 consilio,
3596 2932 3734 3000 quod

2144 3023 2500 3092 permiserat,
2534 3038 2719 3076 rursus
2757 3022 2969 3092 eripuit.
3005 3023 3069 3076 Et
3097 3021 3235 3076 sicut
3271 3021 3316 3074 si
3352 3021 3604 3076 modicus
3631 3023 3734 3084 ille,

2142 3115 2272 3169 nihil
2319 3116 2460 3170 enim
2496 3124 2638 3169 vetat
2669 3115 2857 3168 eodem
2897 3117 3146 3184 exemplo
3189 3114 3366 3168 denuo
3411 3113 3523 3174 uti,
3557 3124 3734 3183 postea

2141 3223 2297 3276 quam
2325 3205 2541 3260 indulsit
2569 3205 2826 3274 appetitui
2853 3205 3140 3259 laborantis
3160 3244 3174 3268 ,
3207 3219 3330 3257 mox
3359 3203 3546 3270 phiala
3575 3222 3607 3258 e
3630 3206 3738 3256 suis

2142 3298 2344 3352 :L-dibus
2371 3297 2529 3352 allata
2555 3297 2879 3365 praescribat,
2909 3307 2965 3348 ut
2984 3312 3046 3349 ex
3073 3296 3168 3348 hac
3189 3295 3300 3348 sola
3327 3294 3472 3347 bibat
3497 3312 3696 3364 aquam
3724 3313 3734 3347 :

2141 3389 2333 3443 deinde
2376 3402 2630 3456 persuaso
2670 3400 2900 3456 a‘groto,
2952 3388 3088 3441 clam
3139 3387 3202 3442 iis
3246 3386 3337 3455 qui
3385 3387 3734 3448 ministrant,

2143 3481 2413 3549 prarcipiat
2456 3479 2790 3550 confringere
2839 3481 3068 3549 phialam
3110 3481 3282 3545 illam,
3329 3489 3385 3532 ut
3435 3496 3565 3533 cum
3598 3481 3737 3533 clam

2143 3571 2379 3640 nihilque
2405 3573 2763 3640 suspicantem
2787 3570 3055 3624 avocctab
3082 3570 3170 3624 illa
3193 3569 3484 3639 cupiditate
3512 3569 3738 3624 bibendi

2143 3661 2428 3730 frigidam:
2463 3662 2644 3716 itidem
2687 3660 2807 3716 fecit
2853 3661 2996 3716 Dens
3043 3659 3400 3730 permittendo
3442 3660 3734 3715 sacrificia.

2143 3752 2324 3822 Neque
2347 3752 2490 3806 enim
2523 3752 2574 3806 in
2606 3752 2714 3806 ullo
2734 3752 2880 3805 orbis
2907 3752 3026 3805 loco
3057 3751 3294 3820 permisit
3324 3749 3373 3803 id
3407 3748 3521 3804 fieri
3551 3749 3656 3805 nisi
3683 3751 3735 3802 in

2141 3844 2260 3898 unis
2307 3843 2673 3913 Jerosolymis.
2717 3842 2840 3897 Mox
2864 3841 2952 3896 ubi
2979 3857 3073 3911 per
3098 3840 3267 3896 breve
3291 3850 3497 3908 tempus
3525 3840 3736 3892 sacrifi-

2143 3943 2391 4001 cassent,
2439 3933 2602 3988 diruit
2639 3933 2950 3987 civitatem:
2996 3941 3054 3986 ut
3091 3932 3231 3986 sicut
3274 3929 3512 3984 medicus
3560 3929 3737 3984 fracto

2144 4042 2268 4080 vase
2287 4067 2301 4090 ,
2346 4026 2417 4080 ita
2451 4025 2592 4080 Deus
2621 4027 2874 4078 subversa
2902 4024 3116 4079 civitate
3142 4023 3224 4078 vel
3260 4023 3453 4076 invitos
3482 4022 3608 4076 illos
3632 4023 3730 4075 aly

2139 4118 2356 4171 duceret
2377 4132 2405 4169 a
2429 4117 2675 4171 victimis.
2712 4115 2920 4169 Etenim
2947 4115 2990 4168 si
3012 4115 3156 4170 clare
3177 4113 3454 4183 palamque
3479 4113 3732 4177 diximet,

2140 4207 2402 4273 desistite,
2435 4223 2539 4262 non
2557 4207 2788 4262 facileab
2811 4207 3117 4261 immolandi
3142 4207 3343 4260 insania
3368 4206 3729 4260 destitissent.

2139 4297 2290 4352 Nunc
2317 4309 2493 4356 autem
2524 4300 2624 4353 loci
2649 4299 2879 4368 adempti
2905 4298 3240 4364 necessitate,
3266 4297 3570 4352 clanculum
3610 4297 3733 4350 illos

2139 4387 2360 4442 abduxit
2399 4388 2469 4441 ab
2516 4388 2842 4442 oblationum
2889 4387 3112 4442 insania.
3159 4386 3242 4442 Sit
3282 4386 3443 4458 igitur
3485 4386 3730 4440 medicus

2140 4480 2358 4550 quidem
2398 4482 2512 4550 ipse
2552 4482 2727 4548 Deus,
2768 4481 2941 4551 phiala
2979 4494 3109 4534 vero
3144 4478 3364 4542 civitas;
3397 4480 3469 4531 sit
3495 4489 3730 4545 a‘grotus

2142 4572 2233 4626 ille
2258 4587 2504 4626 morosus
2527 4571 2834 4626 Judmorum
2863 4571 3090 4640 populus
3115 4588 3127 4623 :
3156 4569 3382 4638 denique
3412 4567 3608 4638 frigida
3637 4583 3727 4636 po-

2142 4663 2216 4714 tio
2241 4665 2310 4716 sit
2345 4663 2674 4717 victimarum
2709 4661 2986 4730 permissio
3023 4661 3424 4729 concrssioque.
3455 4660 3730 4726 Quorund-

2146 4754 2363 4809 modum
2393 4756 2552 4824 igitur
2573 4755 2810 4811 medicus
2821 4753 2986 4809 fracto
2998 4769 3123 4808 vase
3143 4764 3396 4823 :egrotum
3415 4753 3639 4808 cohibet
3665 4753 3732 4806 ab

2147 4846 2523 4916 intempestivo
2541 4846 2713 4918 frigidi
2732 4855 2886 4916 potus
2900 4847 3158 4916 appetitu,
3182 4845 3261 4901 sic
3277 4855 3330 4900 et
3351 4843 3514 4913 Deus,
3536 4860 3733 4902 eversa

2141 4939 2356 4994 civitate
2370 4940 2500 5008 ipsa,
2519 4939 2761 5009 adeoque
2783 4939 3017 4995 funditus
3031 4939 3230 5004 diruta,
3243 4948 3306 4993 ut.
3321 4937 3580 4993 manilius
3593 4937 3730 4993 facta

2143 5030 2211 5082 sit
2237 5029 2529 5096 inaccessa,
2555 5029 2768 5085 Judaeos
2789 5044 2818 5083 a
2845 5029 3118 5085 sacriﬁciis
3139 5027 3375 5084 abduxit.
3405 5027 3540 5082 Nam
3561 5029 3608 5083 si
3633 5028 3732 5084 hoc

2143 5136 2250 5176 non
2297 5123 2518 5192 agebat,
2564 5137 2660 5176 cur
2701 5122 3014 5192 religionem
3053 5121 3194 5176 illam
3243 5121 3295 5174 in
3341 5133 3508 5174 unum
3553 5121 3734 5174 locum

2145 5211 2439 5270 conclusit.
2471 5212 2561 5281 qui
2592 5227 2852 5282 nusquam
2885 5227 2992 5265 non
3018 5220 3102 5266 est
3130 5221 3400 5279 praesens,
3425 5209 3521 5278 qui
3547 5209 3734 5278 implet

2145 5303 2428 5358 universa?
2459 5303 2564 5358 Cur
2588 5303 2748 5373 igitur
2773 5302 2972 5357 cultum
3002 5300 3210 5371 redegit
3245 5299 3311 5356 ad
3338 5300 3619 5364 victimas,
3651 5304 3733 5352 vi-

2142 5395 2334 5450 ctimas
2358 5395 2426 5450 ad
2451 5404 2656 5451 certum
2699 5395 2874 5450 locum
2896 5435 2912 5461 ,
2943 5395 3118 5450 locum
3144 5393 3212 5448 ad
3243 5402 3456 5461 tempus
3474 5432 3489 5456 ,
3520 5399 3735 5460 tempus

2143 5485 2208 5539 ad
2241 5499 2400 5539 unam
2431 5485 2699 5541 civitatem
2741 5485 3042 5547 contraxit,
3074 5497 3136 5538 ac
3164 5497 3350 5538 rursus
3380 5482 3521 5537 banc
3560 5481 3730 5552 ipsam

2143 5576 2411 5630 civitatem
2449 5575 2748 5631 subvertit?
2776 5573 2928 5630 Adde
2954 5574 3096 5645 quod
3135 5574 3328 5628 mirum
3359 5582 3443 5628 est
3469 5580 3525 5628 et
3554 5572 3729 5627 incre-

2147 5669 2306 5725 dibile
2328 5709 2341 5736 ,
2389 5677 2531 5725 totus
2563 5679 2822 5725 terrarum
2869 5668 3014 5724 orbis
3042 5665 3352 5724 conceditur
3379 5663 3620 5731 Judzcis,
3646 5663 3731 5720 ubi

3781 65 3818 402 l

3805 417 3818 540 l
