  <div class='ocr_page' id='page_1' title='image "/cluster/home/n/w/nwhite01/storage/ocr_20150623/48/nnc1.0046978267/362.png"; bbox 0 0 3866 6226; ppageno 0'>
   <div class='ocr_carea' id='block_1_1' title="bbox 166 292 266 343">
    <p class='ocr_par' dir='ltr' id='par_1_1' title="bbox 166 292 266 343">
     <span class='ocr_line' id='line_1_1' title="bbox 166 292 266 343; baseline -0.02 0"><span class='ocrx_word' id='word_1_1' title='bbox 166 292 266 343; x_wconf 63' lang='grc'><strong>88)</strong></span> 
     </span>
    </p>
   </div>
   <div class='ocr_carea' id='block_1_2' title="bbox 163 401 1742 475">
    <p class='ocr_par' dir='ltr' id='par_1_2' title="bbox 163 401 1742 475">
     <span class='ocr_line' id='line_1_2' title="bbox 163 401 1742 475; baseline -0.001 -15"><span class='ocrx_word' id='word_1_2' title='bbox 163 410 242 462; x_wconf 80' lang='lat' dir='ltr'><strong>fas</strong></span> <span class='ocrx_word' id='word_1_3' title='bbox 265 421 369 459; x_wconf 93' lang='lat' dir='ltr'><strong>non</strong></span> <span class='ocrx_word' id='word_1_4' title='bbox 395 412 477 459; x_wconf 87' lang='lat' dir='ltr'><strong>est</strong></span> <span class='ocrx_word' id='word_1_5' title='bbox 510 402 829 469; x_wconf 68' lang='lat' dir='ltr'><strong>sacrificari;</strong></span> <span class='ocrx_word' id='word_1_6' title='bbox 863 404 1029 458; x_wconf 87' lang='lat' dir='ltr'><strong>solam</strong></span> <span class='ocrx_word' id='word_1_7' title='bbox 1060 401 1445 475; x_wconf 78' lang='lat' dir='ltr'><strong>Jerosolymam</strong></span> <span class='ocrx_word' id='word_1_8' title='bbox 1474 404 1575 458; x_wconf 75' lang='lat' dir='ltr'><strong>illis</strong></span> <span class='ocrx_word' id='word_1_9' title='bbox 1594 403 1742 458; x_wconf 90' lang='lat' dir='ltr'><strong>adire</strong></span> 
     </span>
    </p>
   </div>
   <div class='ocr_carea' id='block_1_3' title="bbox 163 496 1743 566">
    <p class='ocr_par' dir='ltr' id='par_1_3' title="bbox 163 496 1743 566">
     <span class='ocr_line' id='line_1_3' title="bbox 163 496 1743 566; baseline -0.002 -14"><span class='ocrx_word' id='word_1_10' title='bbox 163 516 269 552; x_wconf 90' lang='lat' dir='ltr'><strong>non</strong></span> <span class='ocrx_word' id='word_1_11' title='bbox 303 499 459 563; x_wconf 86' lang='lat' dir='ltr'><strong>licet,</strong></span> <span class='ocrx_word' id='word_1_12' title='bbox 503 497 554 551; x_wconf 95' lang='lat' dir='ltr'><strong>in</strong></span> <span class='ocrx_word' id='word_1_13' title='bbox 592 511 694 566; x_wconf 82' lang='lat' dir='ltr'><strong>qua</strong></span> <span class='ocrx_word' id='word_1_14' title='bbox 723 511 834 549; x_wconf 89' lang='lat' dir='ltr'><strong>so.a</strong></span> <span class='ocrx_word' id='word_1_15' title='bbox 877 496 999 549; x_wconf 93' lang='lat' dir='ltr'><strong>licet</strong></span> <span class='ocrx_word' id='word_1_16' title='bbox 1044 496 1335 550; x_wconf 90' lang='lat' dir='ltr'><strong>immolare.</strong></span> <span class='ocrx_word' id='word_1_17' title='bbox 1366 497 1556 549; x_wconf 84' lang='lat' dir='ltr'><strong>Annon</strong></span> <span class='ocrx_word' id='word_1_18' title='bbox 1585 496 1743 565; x_wconf 86' lang='lat' dir='ltr'><strong>igitur</strong></span> 
     </span>
    </p>
   </div>
   <div class='ocr_carea' id='block_1_4' title="bbox 167 587 1737 656">
    <p class='ocr_par' dir='ltr' id='par_1_4' title="bbox 167 587 1737 656">
     <span class='ocr_line' id='line_1_4' title="bbox 167 587 1737 656; baseline 0 -16"><span class='ocrx_word' id='word_1_19' title='bbox 167 592 510 642; x_wconf 70' lang='lat' dir='ltr'><strong>vehementer</strong></span> <span class='ocrx_word' id='word_1_20' title='bbox 534 589 694 641; x_wconf 87' lang='lat' dir='ltr'><strong>etiam</strong></span> <span class='ocrx_word' id='word_1_21' title='bbox 720 587 925 639; x_wconf 86' lang='lat' dir='ltr'><strong>stolidis</strong></span> <span class='ocrx_word' id='word_1_22' title='bbox 947 589 1146 642; x_wconf 85' lang='lat' dir='ltr'><strong>clarum</strong></span> <span class='ocrx_word' id='word_1_23' title='bbox 1171 587 1611 656; x_wconf 78' lang='lat' dir='ltr'><strong>perspicuumque</strong></span> <span class='ocrx_word' id='word_1_24' title='bbox 1633 600 1737 655; x_wconf 89' lang='lat' dir='ltr'><strong>cst,</strong></span> 
     </span>
    </p>
   </div>
   <div class='ocr_carea' id='block_1_5' title="bbox 161 675 1738 745">
    <p class='ocr_par' dir='ltr' id='par_1_5' title="bbox 161 675 1738 745">
     <span class='ocr_line' id='line_1_5' title="bbox 161 675 1738 745; baseline 0.001 -16"><span class='ocrx_word' id='word_1_25' title='bbox 161 694 319 745; x_wconf 90' lang='lat' dir='ltr'><strong>quam</strong></span> <span class='ocrx_word' id='word_1_26' title='bbox 349 678 419 732; x_wconf 94' lang='lat' dir='ltr'><strong>ob</strong></span> <span class='ocrx_word' id='word_1_27' title='bbox 445 691 657 730; x_wconf 88' lang='lat' dir='ltr'><strong>causam</strong></span> <span class='ocrx_word' id='word_1_28' title='bbox 689 692 749 729; x_wconf 83' lang='lat' dir='ltr'><strong>ea</strong></span> <span class='ocrx_word' id='word_1_29' title='bbox 786 675 971 729; x_wconf 91' lang='lat' dir='ltr'><strong>civitas</strong></span> <span class='ocrx_word' id='word_1_30' title='bbox 999 676 1153 730; x_wconf 90' lang='lat' dir='ltr'><strong>fuerit</strong></span> <span class='ocrx_word' id='word_1_31' title='bbox 1185 676 1476 730; x_wconf 82' lang='lat' dir='ltr'><strong>subversa?</strong></span> <span class='ocrx_word' id='word_1_32' title='bbox 1503 676 1633 730; x_wconf 86' lang='lat' dir='ltr'><strong>Nam</strong></span> <span class='ocrx_word' id='word_1_33' title='bbox 1664 677 1738 730; x_wconf 81' lang='lat' dir='ltr'><strong>si—</strong></span> 
     </span>
    </p>
   </div>
   <div class='ocr_carea' id='block_1_6' title="bbox 160 765 1736 835">
    <p class='ocr_par' dir='ltr' id='par_1_6' title="bbox 160 765 1736 835">
     <span class='ocr_line' id='line_1_6' title="bbox 160 765 1736 835; baseline -0.001 -14"><span class='ocrx_word' id='word_1_34' title='bbox 160 779 251 821; x_wconf 90' lang='lat' dir='ltr'><strong>cut</strong></span> <span class='ocrx_word' id='word_1_35' title='bbox 281 768 602 822; x_wconf 86' lang='lat' dir='ltr'><strong>architectus</strong></span> <span class='ocrx_word' id='word_1_36' title='bbox 620 767 772 835; x_wconf 89' lang='lat' dir='ltr'><strong>jactis</strong></span> <span class='ocrx_word' id='word_1_37' title='bbox 804 767 1178 830; x_wconf 88' lang='lat' dir='ltr'><strong>fundamentis,</strong></span> <span class='ocrx_word' id='word_1_38' title='bbox 1209 767 1401 820; x_wconf 86' lang='lat' dir='ltr'><strong>creetis</strong></span> <span class='ocrx_word' id='word_1_39' title='bbox 1430 765 1736 835; x_wconf 87' lang='lat' dir='ltr'><strong>parietibus.</strong></span> 
     </span>
    </p>
   </div>
   <div class='ocr_carea' id='block_1_7' title="bbox 161 857 1736 927">
    <p class='ocr_par' dir='ltr' id='par_1_7' title="bbox 161 857 1736 927">
     <span class='ocr_line' id='line_1_7' title="bbox 161 857 1736 927; baseline -0.001 -14"><span class='ocrx_word' id='word_1_40' title='bbox 161 868 536 913; x_wconf 84' lang='lat' dir='ltr'><strong>cencauterata</strong></span> <span class='ocrx_word' id='word_1_41' title='bbox 578 859 871 921; x_wconf 76' lang='lat' dir='ltr'><strong>testudine,</strong></span> <span class='ocrx_word' id='word_1_42' title='bbox 920 857 1139 927; x_wconf 58' lang='lat' dir='ltr'><strong>ipsique</strong></span> <span class='ocrx_word' id='word_1_43' title='bbox 1178 858 1641 913; x_wconf 85' lang='lat' dir='ltr'><strong>concameratione</strong></span> <span class='ocrx_word' id='word_1_44' title='bbox 1686 858 1736 912; x_wconf 89' lang='lat' dir='ltr'><strong>itt</strong></span> 
     </span>
    </p>
   </div>
   <div class='ocr_carea' id='block_1_8' title="bbox 165 952 1736 1021">
    <p class='ocr_par' dir='ltr' id='par_1_8' title="bbox 165 952 1736 1021">
     <span class='ocr_line' id='line_1_8' title="bbox 165 952 1736 1021; baseline -0.001 -16"><span class='ocrx_word' id='word_1_45' title='bbox 165 969 327 1006; x_wconf 92' lang='lat' dir='ltr'><strong>unum</strong></span> <span class='ocrx_word' id='word_1_46' title='bbox 369 953 595 1021; x_wconf 92' lang='lat' dir='ltr'><strong>lapidem</strong></span> <span class='ocrx_word' id='word_1_47' title='bbox 638 952 687 1005; x_wconf 90' lang='lat' dir='ltr'><strong>in</strong></span> <span class='ocrx_word' id='word_1_48' title='bbox 727 953 901 1005; x_wconf 84' lang='lat' dir='ltr'><strong>medio</strong></span> <span class='ocrx_word' id='word_1_49' title='bbox 946 953 1172 1019; x_wconf 88' lang='lat' dir='ltr'><strong>positum</strong></span> <span class='ocrx_word' id='word_1_50' title='bbox 1218 966 1491 1015; x_wconf 81' lang='lat' dir='ltr'><strong>connexa,</strong></span> <span class='ocrx_word' id='word_1_51' title='bbox 1541 952 1586 1005; x_wconf 96' lang='lat' dir='ltr'><strong>si</strong></span> <span class='ocrx_word' id='word_1_52' title='bbox 1617 967 1736 1005; x_wconf 92' lang='lat' dir='ltr'><strong>eum</strong></span> 
     </span>
    </p>
   </div>
   <div class='ocr_carea' id='block_1_9' title="bbox 167 1044 1741 1113">
    <p class='ocr_par' dir='ltr' id='par_1_9' title="bbox 167 1044 1741 1113">
     <span class='ocr_line' id='line_1_9' title="bbox 167 1044 1741 1113; baseline 0.001 -17"><span class='ocrx_word' id='word_1_53' title='bbox 167 1046 349 1111; x_wconf 88' lang='lat' dir='ltr'><strong>tollat,</strong></span> <span class='ocrx_word' id='word_1_54' title='bbox 402 1055 563 1098; x_wconf 91' lang='lat' dir='ltr'><strong>totam</strong></span> <span class='ocrx_word' id='word_1_55' title='bbox 605 1044 811 1098; x_wconf 74' lang='lat' dir='ltr'><strong>mdificii</strong></span> <span class='ocrx_word' id='word_1_56' title='bbox 858 1059 1165 1113; x_wconf 80' lang='lat' dir='ltr'><strong>Compagem</strong></span> <span class='ocrx_word' id='word_1_57' title='bbox 1210 1045 1463 1099; x_wconf 89' lang='lat' dir='ltr'><strong>solverit:</strong></span> <span class='ocrx_word' id='word_1_58' title='bbox 1498 1044 1741 1098; x_wconf 81' lang='lat' dir='ltr'><strong>similiter</strong></span> 
     </span>
    </p>
   </div>
   <div class='ocr_carea' id='block_1_10' title="bbox 174 1136 1740 1204">
    <p class='ocr_par' dir='ltr' id='par_1_10' title="bbox 174 1136 1740 1204">
     <span class='ocr_line' id='line_1_10' title="bbox 174 1136 1740 1204; baseline -0.003 -12"><span class='ocrx_word' id='word_1_59' title='bbox 174 1140 317 1192; x_wconf 90' lang='lat' dir='ltr'><strong>Deus</strong></span> <span class='ocrx_word' id='word_1_60' title='bbox 346 1153 464 1191; x_wconf 90' lang='lat' dir='ltr'><strong>eum</strong></span> <span class='ocrx_word' id='word_1_61' title='bbox 493 1153 609 1191; x_wconf 88' lang='lat' dir='ltr'><strong>eam</strong></span> <span class='ocrx_word' id='word_1_62' title='bbox 637 1137 905 1190; x_wconf 85' lang='lat' dir='ltr'><strong>civitatem</strong></span> <span class='ocrx_word' id='word_1_63' title='bbox 952 1136 1135 1190; x_wconf 88' lang='lat' dir='ltr'><strong>fecerit</strong></span> <span class='ocrx_word' id='word_1_64' title='bbox 1162 1136 1310 1204; x_wconf 89' lang='lat' dir='ltr'><strong>qttasi</strong></span> <span class='ocrx_word' id='word_1_65' title='bbox 1348 1137 1547 1189; x_wconf 89' lang='lat' dir='ltr'><strong>nodum</strong></span> <span class='ocrx_word' id='word_1_66' title='bbox 1580 1137 1740 1189; x_wconf 89' lang='lat' dir='ltr'><strong>totius</strong></span> 
     </span>
    </p>
   </div>
   <div class='ocr_carea' id='block_1_11' title="bbox 168 1227 1740 1297">
    <p class='ocr_par' dir='ltr' id='par_1_11' title="bbox 168 1227 1740 1297">
     <span class='ocr_line' id='line_1_11' title="bbox 168 1227 1740 1297; baseline -0.001 -17"><span class='ocrx_word' id='word_1_67' title='bbox 168 1229 439 1297; x_wconf 76' lang='lat' dir='ltr'><strong>religionis</strong></span> <span class='ocrx_word' id='word_1_68' title='bbox 467 1227 733 1291; x_wconf 75' lang='lat' dir='ltr'><strong>Judaicm,</strong></span> <span class='ocrx_word' id='word_1_69' title='bbox 777 1241 839 1279; x_wconf 90' lang='lat' dir='ltr'><strong>ac</strong></span> <span class='ocrx_word' id='word_1_70' title='bbox 878 1242 997 1278; x_wconf 75' lang='lat' dir='ltr'><strong>mox</strong></span> <span class='ocrx_word' id='word_1_71' title='bbox 1037 1241 1152 1278; x_wconf 84' lang='lat' dir='ltr'><strong>eam</strong></span> <span class='ocrx_word' id='word_1_72' title='bbox 1182 1227 1529 1289; x_wconf 72' lang='lat' dir='ltr'><strong>subverti-rit,</strong></span> <span class='ocrx_word' id='word_1_73' title='bbox 1564 1239 1740 1279; x_wconf 85' lang='lat' dir='ltr'><strong>nonne</strong></span> 
     </span>
    </p>
   </div>
   <div class='ocr_carea' id='block_1_12' title="bbox 170 1318 1458 1392">
    <p class='ocr_par' dir='ltr' id='par_1_12' title="bbox 170 1318 1458 1392">
     <span class='ocr_line' id='line_1_12' title="bbox 170 1318 1458 1392; baseline 0.003 -24"><span class='ocrx_word' id='word_1_74' title='bbox 170 1322 367 1391; x_wconf 82' lang='lat' dir='ltr'><strong>pariter</strong></span> <span class='ocrx_word' id='word_1_75' title='bbox 393 1329 446 1373; x_wconf 90' lang='lat' dir='ltr'><strong>et</strong></span> <span class='ocrx_word' id='word_1_76' title='bbox 475 1320 777 1373; x_wconf 86' lang='lat' dir='ltr'><strong>universum</strong></span> <span class='ocrx_word' id='word_1_77' title='bbox 806 1319 923 1384; x_wconf 85' lang='lat' dir='ltr'><strong>ejus</strong></span> <span class='ocrx_word' id='word_1_78' title='bbox 952 1329 1147 1392; x_wconf 87' lang='lat' dir='ltr'><strong>statum</strong></span> <span class='ocrx_word' id='word_1_79' title='bbox 1179 1318 1458 1373; x_wconf 83' lang='lat' dir='ltr'><strong>dissolvit?</strong></span> 
     </span>
    </p>
   </div>
   <div class='ocr_carea' id='block_1_13' title="bbox 238 1408 1737 1477">
    <p class='ocr_par' dir='ltr' id='par_1_13' title="bbox 238 1408 1737 1477">
     <span class='ocr_line' id='line_1_13' title="bbox 238 1408 1737 1477; baseline -0.004 -11"><span class='ocrx_word' id='word_1_80' title='bbox 238 1414 286 1466; x_wconf 86' lang='lat'><strong>7.</strong></span> <span class='ocrx_word' id='word_1_81' title='bbox 334 1411 527 1464; x_wconf 78' lang='lat' dir='ltr'><strong>Verum</strong></span> <span class='ocrx_word' id='word_1_82' title='bbox 582 1410 837 1463; x_wconf 87' lang='lat' dir='ltr'><strong>hactenus</strong></span> <span class='ocrx_word' id='word_1_83' title='bbox 893 1409 1147 1463; x_wconf 88' lang='lat' dir='ltr'><strong>adversus</strong></span> <span class='ocrx_word' id='word_1_84' title='bbox 1188 1408 1401 1463; x_wconf 69' lang='lat' dir='ltr'><strong>Jndzeos</strong></span> <span class='ocrx_word' id='word_1_85' title='bbox 1453 1418 1737 1477; x_wconf 82' lang='lat' dir='ltr'><strong>pugnatum</strong></span> 
     </span>
    </p>
   </div>
   <div class='ocr_carea' id='block_1_14' title="bbox 167 1498 1739 1569">
    <p class='ocr_par' dir='ltr' id='par_1_14' title="bbox 167 1498 1739 1569">
     <span class='ocr_line' id='line_1_14' title="bbox 167 1498 1739 1569; baseline -0.004 -11"><span class='ocrx_word' id='word_1_86' title='bbox 167 1515 304 1558; x_wconf 89' lang='lat' dir='ltr'><strong>esto.</strong></span> <span class='ocrx_word' id='word_1_87' title='bbox 335 1503 465 1557; x_wconf 82' lang='lat' dir='ltr'><strong>Nam</strong></span> <span class='ocrx_word' id='word_1_88' title='bbox 500 1501 657 1556; x_wconf 83' lang='lat' dir='ltr'><strong>hodie</strong></span> <span class='ocrx_word' id='word_1_89' title='bbox 687 1502 857 1555; x_wconf 68' lang='lat' dir='ltr'><strong>solum</strong></span> <span class='ocrx_word' id='word_1_90' title='bbox 886 1501 1095 1554; x_wconf 91' lang='lat' dir='ltr'><strong>eminus</strong></span> <span class='ocrx_word' id='word_1_91' title='bbox 1115 1500 1165 1553; x_wconf 88' lang='lat' dir='ltr'><strong>itt</strong></span> <span class='ocrx_word' id='word_1_92' title='bbox 1194 1499 1520 1569; x_wconf 86' lang='lat' dir='ltr'><strong>illosjaculis</strong></span> <span class='ocrx_word' id='word_1_93' title='bbox 1543 1498 1739 1553; x_wconf 88' lang='lat' dir='ltr'><strong>velitati</strong></span> 
     </span>
    </p>
   </div>
   <div class='ocr_carea' id='block_1_15' title="bbox 168 1590 1738 1661">
    <p class='ocr_par' dir='ltr' id='par_1_15' title="bbox 168 1590 1738 1661">
     <span class='ocr_line' id='line_1_15' title="bbox 168 1590 1738 1661; baseline -0.003 -12"><span class='ocrx_word' id='word_1_94' title='bbox 168 1610 382 1659; x_wconf 86' lang='lat' dir='ltr'><strong>sumus,</strong></span> <span class='ocrx_word' id='word_1_95' title='bbox 418 1603 618 1648; x_wconf 90' lang='lat' dir='ltr'><strong>tantum</strong></span> <span class='ocrx_word' id='word_1_96' title='bbox 670 1594 900 1660; x_wconf 88' lang='lat' dir='ltr'><strong>loquuti,</strong></span> <span class='ocrx_word' id='word_1_97' title='bbox 932 1601 1182 1661; x_wconf 90' lang='lat' dir='ltr'><strong>quantum</strong></span> <span class='ocrx_word' id='word_1_98' title='bbox 1210 1592 1341 1645; x_wconf 86' lang='lat' dir='ltr'><strong>satis</strong></span> <span class='ocrx_word' id='word_1_99' title='bbox 1368 1602 1482 1644; x_wconf 88' lang='lat' dir='ltr'><strong>erat</strong></span> <span class='ocrx_word' id='word_1_100' title='bbox 1526 1590 1592 1643; x_wconf 88' lang='lat' dir='ltr'><strong>ad</strong></span> <span class='ocrx_word' id='word_1_101' title='bbox 1643 1590 1738 1644; x_wconf 87' lang='lat' dir='ltr'><strong>de-</strong></span> 
     </span>
    </p>
   </div>
   <div class='ocr_carea' id='block_1_16' title="bbox 170 1680 1742 1754">
    <p class='ocr_par' dir='ltr' id='par_1_16' title="bbox 170 1680 1742 1754">
     <span class='ocr_line' id='line_1_16' title="bbox 170 1680 1742 1754; baseline -0.005 -15"><span class='ocrx_word' id='word_1_102' title='bbox 170 1684 473 1754; x_wconf 82' lang='lat' dir='ltr'><strong>pellendum</strong></span> <span class='ocrx_word' id='word_1_103' title='bbox 502 1682 793 1752; x_wconf 88' lang='lat' dir='ltr'><strong>periculum</strong></span> <span class='ocrx_word' id='word_1_104' title='bbox 824 1697 852 1735; x_wconf 90' lang='lat' dir='ltr'><strong>a</strong></span> <span class='ocrx_word' id='word_1_105' title='bbox 903 1681 1151 1735; x_wconf 89' lang='lat' dir='ltr'><strong>fratribus</strong></span> <span class='ocrx_word' id='word_1_106' title='bbox 1183 1680 1410 1747; x_wconf 81' lang='lat' dir='ltr'><strong>ttosttis,</strong></span> <span class='ocrx_word' id='word_1_107' title='bbox 1446 1681 1552 1733; x_wconf 89' lang='lat' dir='ltr'><strong>imo</strong></span> <span class='ocrx_word' id='word_1_108' title='bbox 1578 1681 1742 1732; x_wconf 92' lang='lat' dir='ltr'><strong>multo</strong></span> 
     </span>
    </p>
   </div>
   <div class='ocr_carea' id='block_1_17' title="bbox 170 1772 1742 1844">
    <p class='ocr_par' dir='ltr' id='par_1_17' title="bbox 170 1772 1742 1844">
     <span class='ocr_line' id='line_1_17' title="bbox 170 1772 1742 1844; baseline -0.004 -15"><span class='ocrx_word' id='word_1_109' title='bbox 170 1777 333 1829; x_wconf 86' lang='lat' dir='ltr'><strong>etiam</strong></span> <span class='ocrx_word' id='word_1_110' title='bbox 354 1775 597 1844; x_wconf 89' lang='lat' dir='ltr'><strong>amplius.</strong></span> <span class='ocrx_word' id='word_1_111' title='bbox 625 1774 807 1828; x_wconf 78' lang='lat' dir='ltr'><strong>Restat</strong></span> <span class='ocrx_word' id='word_1_112' title='bbox 833 1782 1011 1827; x_wconf 88' lang='lat' dir='ltr'><strong>autem</strong></span> <span class='ocrx_word' id='word_1_113' title='bbox 1040 1772 1166 1825; x_wconf 91' lang='lat' dir='ltr'><strong>illud</strong></span> <span class='ocrx_word' id='word_1_114' title='bbox 1217 1772 1539 1835; x_wconf 87' lang='lat' dir='ltr'><strong>necessario,</strong></span> <span class='ocrx_word' id='word_1_115' title='bbox 1569 1782 1621 1822; x_wconf 87' lang='grc' dir='ltr'><strong>ιιι</strong></span> <span class='ocrx_word' id='word_1_116' title='bbox 1648 1786 1742 1823; x_wconf 76' lang='lat' dir='ltr'><strong>Vtts</strong></span> 
     </span>
    </p>
   </div>
   <div class='ocr_carea' id='block_1_18' title="bbox 170 1863 1736 1936">
    <p class='ocr_par' dir='ltr' id='par_1_18' title="bbox 170 1863 1736 1936">
     <span class='ocr_line' id='line_1_18' title="bbox 170 1863 1736 1936; baseline -0.006 -14"><span class='ocrx_word' id='word_1_117' title='bbox 170 1870 259 1936; x_wconf 90' lang='lat' dir='ltr'><strong>qtti</strong></span> <span class='ocrx_word' id='word_1_118' title='bbox 288 1869 485 1922; x_wconf 80' lang='lat' dir='ltr'><strong>adestis</strong></span> <span class='ocrx_word' id='word_1_119' title='bbox 508 1908 520 1929; x_wconf 95' lang='lat'><strong>,</strong></span> <span class='ocrx_word' id='word_1_120' title='bbox 551 1868 914 1926; x_wconf 89' lang='lat' dir='ltr'><strong>adhortemur,</strong></span> <span class='ocrx_word' id='word_1_121' title='bbox 948 1874 1005 1918; x_wconf 91' lang='lat' dir='ltr'><strong>ut</strong></span> <span class='ocrx_word' id='word_1_122' title='bbox 1053 1866 1273 1919; x_wconf 90' lang='lat' dir='ltr'><strong>multant</strong></span> <span class='ocrx_word' id='word_1_123' title='bbox 1326 1863 1736 1917; x_wconf 84' lang='lat' dir='ltr'><strong>sollicitudinem</strong></span> 
     </span>
    </p>
   </div>
   <div class='ocr_carea' id='block_1_19' title="bbox 175 1949 1741 2027">
    <p class='ocr_par' dir='ltr' id='par_1_19' title="bbox 175 1949 1741 2027">
     <span class='ocr_line' id='line_1_19' title="bbox 175 1949 1741 2027; baseline -0.005 -16"><span class='ocrx_word' id='word_1_124' title='bbox 175 1961 412 2012; x_wconf 81' lang='lat' dir='ltr'><strong>habeatis</strong></span> <span class='ocrx_word' id='word_1_125' title='bbox 462 1974 557 2027; x_wconf 87' lang='lat' dir='ltr'><strong>pro</strong></span> <span class='ocrx_word' id='word_1_126' title='bbox 612 1958 861 2010; x_wconf 84' lang='lat' dir='ltr'><strong>membris</strong></span> <span class='ocrx_word' id='word_1_127' title='bbox 909 1956 1124 2008; x_wconf 81' lang='lat' dir='ltr'><strong>nostris.</strong></span> <span class='ocrx_word' id='word_1_128' title='bbox 1172 1954 1247 2008; x_wconf 82' lang='lat' dir='ltr'><strong>Ne</strong></span> <span class='ocrx_word' id='word_1_129' title='bbox 1294 1952 1569 2011; x_wconf 82' lang='lat' dir='ltr'><strong>dixeritis,</strong></span> <span class='ocrx_word' id='word_1_130' title='bbox 1618 1949 1741 2020; x_wconf 90' lang='lat' dir='ltr'><strong>qttid</strong></span> 
     </span>
    </p>
   </div>
   <div class='ocr_carea' id='block_1_20' title="bbox 173 2045 1745 2119">
    <p class='ocr_par' dir='ltr' id='par_1_20' title="bbox 173 2045 1745 2119">
     <span class='ocr_line' id='line_1_20' title="bbox 173 2045 1745 2119; baseline -0.006 -14"><span class='ocrx_word' id='word_1_131' title='bbox 173 2070 289 2107; x_wconf 89' lang='lat' dir='ltr'><strong>mea</strong></span> <span class='ocrx_word' id='word_1_132' title='bbox 321 2053 516 2106; x_wconf 91' lang='lat' dir='ltr'><strong>refert?</strong></span> <span class='ocrx_word' id='word_1_133' title='bbox 536 2067 633 2105; x_wconf 89' lang='lat' dir='ltr'><strong>cur</strong></span> <span class='ocrx_word' id='word_1_134' title='bbox 651 2061 824 2105; x_wconf 91' lang='lat' dir='ltr'><strong>autem</strong></span> <span class='ocrx_word' id='word_1_135' title='bbox 847 2065 943 2119; x_wconf 89' lang='lat' dir='ltr'><strong>ego</strong></span> <span class='ocrx_word' id='word_1_136' title='bbox 972 2063 1150 2105; x_wconf 89' lang='lat' dir='ltr'><strong>rerum</strong></span> <span class='ocrx_word' id='word_1_137' title='bbox 1182 2046 1477 2100; x_wconf 86' lang='lat' dir='ltr'><strong>alienarum</strong></span> <span class='ocrx_word' id='word_1_138' title='bbox 1503 2045 1745 2098; x_wconf 91' lang='lat' dir='ltr'><strong>curiosus</strong></span> 
     </span>
    </p>
   </div>
   <div class='ocr_carea' id='block_1_21' title="bbox 172 2142 1740 2209">
    <p class='ocr_par' dir='ltr' id='par_1_21' title="bbox 172 2142 1740 2209">
     <span class='ocr_line' id='line_1_21' title="bbox 172 2142 1740 2209; baseline -0.008 -12"><span class='ocrx_word' id='word_1_139' title='bbox 172 2148 271 2197; x_wconf 92' lang='lat' dir='ltr'><strong>sim</strong></span> <span class='ocrx_word' id='word_1_140' title='bbox 291 2153 344 2198; x_wconf 92' lang='lat' dir='ltr'><strong>et</strong></span> <span class='ocrx_word' id='word_1_141' title='bbox 363 2142 619 2199; x_wconf 84' lang='lat' dir='ltr'><strong>sollicitus</strong></span> <span class='ocrx_word' id='word_1_142' title='bbox 642 2143 664 2195; x_wconf 94' lang='lat'><strong>?</strong></span> <span class='ocrx_word' id='word_1_143' title='bbox 690 2142 943 2195; x_wconf 87' lang='lat' dir='ltr'><strong>Dominus</strong></span> <span class='ocrx_word' id='word_1_144' title='bbox 968 2147 1188 2209; x_wconf 82' lang='lat' dir='ltr'><strong>propter</strong></span> <span class='ocrx_word' id='word_1_145' title='bbox 1210 2151 1308 2190; x_wconf 86' lang='lat' dir='ltr'><strong>nos</strong></span> <span class='ocrx_word' id='word_1_146' title='bbox 1347 2146 1585 2188; x_wconf 91' lang='lat' dir='ltr'><strong>mortuus</strong></span> <span class='ocrx_word' id='word_1_147' title='bbox 1627 2144 1740 2198; x_wconf 89' lang='lat' dir='ltr'><strong>est;</strong></span> 
     </span>
    </p>
   </div>
   <div class='ocr_carea' id='block_1_22' title="bbox 176 2225 1744 2301">
    <p class='ocr_par' dir='ltr' id='par_1_22' title="bbox 176 2225 1744 2301">
     <span class='ocr_line' id='line_1_22' title="bbox 176 2225 1744 2301; baseline -0.008 -12"><span class='ocrx_word' id='word_1_148' title='bbox 176 2246 229 2289; x_wconf 91' lang='lat' dir='ltr'><strong>tu</strong></span> <span class='ocrx_word' id='word_1_149' title='bbox 251 2250 378 2289; x_wconf 89' lang='lat' dir='ltr'><strong>vero</strong></span> <span class='ocrx_word' id='word_1_150' title='bbox 400 2250 466 2288; x_wconf 90' lang='lat' dir='ltr'><strong>ne</strong></span> <span class='ocrx_word' id='word_1_151' title='bbox 493 2248 790 2287; x_wconf 91' lang='lat' dir='ltr'><strong>sermonem</strong></span> <span class='ocrx_word' id='word_1_152' title='bbox 823 2230 1035 2301; x_wconf 88' lang='lat' dir='ltr'><strong>qttidem</strong></span> <span class='ocrx_word' id='word_1_153' title='bbox 1067 2227 1295 2298; x_wconf 81' lang='lat' dir='ltr'><strong>profers?</strong></span> <span class='ocrx_word' id='word_1_154' title='bbox 1312 2226 1375 2279; x_wconf 86' lang='lat' dir='ltr'><strong>Et</strong></span> <span class='ocrx_word' id='word_1_155' title='bbox 1398 2241 1553 2295; x_wconf 83' lang='lat' dir='ltr'><strong>quam</strong></span> <span class='ocrx_word' id='word_1_156' title='bbox 1596 2225 1744 2277; x_wconf 83' lang='lat' dir='ltr'><strong>inve-</strong></span> 
     </span>
    </p>
   </div>
   <div class='ocr_carea' id='block_1_23' title="bbox 176 2313 1741 2390">
    <p class='ocr_par' dir='ltr' id='par_1_23' title="bbox 176 2313 1741 2390">
     <span class='ocr_line' id='line_1_23' title="bbox 176 2313 1741 2390; baseline -0.008 -13"><span class='ocrx_word' id='word_1_157' title='bbox 176 2326 290 2377; x_wconf 85' lang='lat' dir='ltr'><strong>nies</strong></span> <span class='ocrx_word' id='word_1_158' title='bbox 315 2324 555 2388; x_wconf 85' lang='lat' dir='ltr'><strong>veniam,</strong></span> <span class='ocrx_word' id='word_1_159' title='bbox 587 2331 676 2375; x_wconf 92' lang='lat' dir='ltr'><strong>aut</strong></span> <span class='ocrx_word' id='word_1_160' title='bbox 696 2336 853 2390; x_wconf 90' lang='lat' dir='ltr'><strong>quam</strong></span> <span class='ocrx_word' id='word_1_161' title='bbox 884 2320 1117 2387; x_wconf 80' lang='lat' dir='ltr'><strong>reperies</strong></span> <span class='ocrx_word' id='word_1_162' title='bbox 1147 2314 1573 2371; x_wconf 82' lang='lat' dir='ltr'><strong>excusationem?</strong></span> <span class='ocrx_word' id='word_1_163' title='bbox 1599 2313 1741 2377; x_wconf 92' lang='lat' dir='ltr'><strong>Quo-</strong></span> 
     </span>
    </p>
   </div>
   <div class='ocr_carea' id='block_1_24' title="bbox 176 2401 1745 2468">
    <p class='ocr_par' dir='ltr' id='par_1_24' title="bbox 176 2401 1745 2468">
     <span class='ocr_line' id='line_1_24' title="bbox 176 2401 1745 2468; baseline -0.01 0"><span class='ocrx_word' id='word_1_164' title='bbox 176 2414 335 2468; x_wconf 82' lang='lat' dir='ltr'><strong>modo</strong></span> <span class='ocrx_word' id='word_1_165' title='bbox 359 2413 425 2467; x_wconf 91' lang='lat' dir='ltr'><strong>ad</strong></span> <span class='ocrx_word' id='word_1_166' title='bbox 442 2412 632 2467; x_wconf 79' lang='lat' dir='ltr'><strong>Christi</strong></span> <span class='ocrx_word' id='word_1_167' title='bbox 661 2410 888 2464; x_wconf 86' lang='lat' dir='ltr'><strong>tribunal</strong></span> <span class='ocrx_word' id='word_1_168' title='bbox 915 2409 1079 2462; x_wconf 84' lang='lat' dir='ltr'><strong>stabis</strong></span> <span class='ocrx_word' id='word_1_169' title='bbox 1100 2423 1218 2461; x_wconf 92' lang='lat' dir='ltr'><strong>cum</strong></span> <span class='ocrx_word' id='word_1_170' title='bbox 1251 2406 1461 2467; x_wconf 85' lang='lat' dir='ltr'><strong>fiducia,</strong></span> <span class='ocrx_word' id='word_1_171' title='bbox 1488 2404 1571 2458; x_wconf 89' lang='lat' dir='ltr'><strong>die</strong></span> <span class='ocrx_word' id='word_1_172' title='bbox 1594 2401 1745 2467; x_wconf 92' lang='lat' dir='ltr'><strong>tnihi,</strong></span> 
     </span>
    </p>
   </div>
   <div class='ocr_carea' id='block_1_25' title="bbox 181 2493 1743 2559">
    <p class='ocr_par' dir='ltr' id='par_1_25' title="bbox 181 2493 1743 2559">
     <span class='ocr_line' id='line_1_25' title="bbox 181 2493 1743 2559; baseline -0.009 0"><span class='ocrx_word' id='word_1_173' title='bbox 181 2516 258 2559; x_wconf 89' lang='lat' dir='ltr'><strong>tot</strong></span> <span class='ocrx_word' id='word_1_174' title='bbox 310 2506 607 2559; x_wconf 82' lang='lat' dir='ltr'><strong>animarum</strong></span> <span class='ocrx_word' id='word_1_175' title='bbox 657 2503 873 2556; x_wconf 81' lang='lat' dir='ltr'><strong>exitium</strong></span> <span class='ocrx_word' id='word_1_176' title='bbox 925 2498 1301 2554; x_wconf 85' lang='lat' dir='ltr'><strong>dissimulans?</strong></span> <span class='ocrx_word' id='word_1_177' title='bbox 1358 2496 1567 2551; x_wconf 87' lang='lat' dir='ltr'><strong>Utinam</strong></span> <span class='ocrx_word' id='word_1_178' title='bbox 1619 2493 1743 2546; x_wconf 89' lang='lat' dir='ltr'><strong>mihi</strong></span> 
     </span>
    </p>
   </div>
   <div class='ocr_carea' id='block_1_26' title="bbox 175 2586 1748 2665">
    <p class='ocr_par' dir='ltr' id='par_1_26' title="bbox 175 2586 1748 2665">
     <span class='ocr_line' id='line_1_26' title="bbox 175 2586 1748 2665; baseline -0.007 -17"><span class='ocrx_word' id='word_1_179' title='bbox 175 2597 444 2665; x_wconf 82' lang='lat' dir='ltr'><strong>contingat</strong></span> <span class='ocrx_word' id='word_1_180' title='bbox 475 2610 539 2648; x_wconf 92' lang='lat' dir='ltr'><strong>eo</strong></span> <span class='ocrx_word' id='word_1_181' title='bbox 566 2602 840 2647; x_wconf 90' lang='lat' dir='ltr'><strong>currentes</strong></span> <span class='ocrx_word' id='word_1_182' title='bbox 868 2591 1069 2655; x_wconf 88' lang='lat' dir='ltr'><strong>videre,</strong></span> <span class='ocrx_word' id='word_1_183' title='bbox 1090 2604 1416 2658; x_wconf 79' lang='lat' dir='ltr'><strong>nequaquam</strong></span> <span class='ocrx_word' id='word_1_184' title='bbox 1444 2586 1592 2639; x_wconf 78' lang='lat' dir='ltr'><strong>Vobis</strong></span> <span class='ocrx_word' id='word_1_185' title='bbox 1613 2599 1748 2653; x_wconf 91' lang='lat' dir='ltr'><strong>opus</strong></span> 
     </span>
    </p>
   </div>
   <div class='ocr_carea' id='block_1_27' title="bbox 176 2680 1576 2751">
    <p class='ocr_par' dir='ltr' id='par_1_27' title="bbox 176 2680 1576 2751">
     <span class='ocr_line' id='line_1_27' title="bbox 176 2680 1576 2751; baseline -0.011 -9"><span class='ocrx_word' id='word_1_186' title='bbox 176 2697 339 2751; x_wconf 83' lang='lat' dir='ltr'><strong>esset,</strong></span> <span class='ocrx_word' id='word_1_187' title='bbox 368 2686 461 2740; x_wconf 89' lang='lat' dir='ltr'><strong>sed</strong></span> <span class='ocrx_word' id='word_1_188' title='bbox 484 2682 823 2740; x_wconf 65' lang='lat' dir='ltr'><strong>celet-rimam</strong></span> <span class='ocrx_word' id='word_1_189' title='bbox 843 2682 1149 2737; x_wconf 88' lang='lat' dir='ltr'><strong>adhiberent</strong></span> <span class='ocrx_word' id='word_1_190' title='bbox 1172 2680 1576 2734; x_wconf 89' lang='lat' dir='ltr'><strong>correctionem.</strong></span> 
     </span>
    </p>
   </div>
   <div class='ocr_carea' id='block_1_28' title="bbox 248 2758 1745 2836">
    <p class='ocr_par' dir='ltr' id='par_1_28' title="bbox 248 2758 1745 2836">
     <span class='ocr_line' id='line_1_28' title="bbox 248 2758 1745 2836; baseline -0.009 -12"><span class='ocrx_word' id='word_1_191' title='bbox 248 2771 543 2824; x_wconf 82' lang='lat' dir='ltr'><strong>Adltortatio</strong></span> <span class='ocrx_word' id='word_1_192' title='bbox 589 2769 656 2821; x_wconf 80' lang='lat' dir='ltr'><strong>ad</strong></span> <span class='ocrx_word' id='word_1_193' title='bbox 698 2767 1090 2821; x_wconf 79' lang='lat' dir='ltr'><strong>emendationem</strong></span> <span class='ocrx_word' id='word_1_194' title='bbox 1139 2767 1376 2836; x_wconf 74' lang='lat' dir='ltr'><strong>fratrum.</strong></span> <span class='ocrx_word' id='word_1_195' title='bbox 1416 2789 1488 2801; x_wconf 92' lang='lat'>—</span> <span class='ocrx_word' id='word_1_196' title='bbox 1524 2758 1745 2825; x_wconf 84' lang='lat' dir='ltr'><strong>Quoties</strong></span> 
     </span>
    </p>
   </div>
   <div class='ocr_carea' id='block_1_29' title="bbox 176 2848 1747 2924">
    <p class='ocr_par' dir='ltr' id='par_1_29' title="bbox 176 2848 1747 2924">
     <span class='ocr_line' id='line_1_29' title="bbox 176 2848 1747 2924; baseline -0.011 -7"><span class='ocrx_word' id='word_1_197' title='bbox 176 2864 341 2917; x_wconf 78' lang='lat' dir='ltr'><strong>frater</strong></span> <span class='ocrx_word' id='word_1_198' title='bbox 368 2870 451 2916; x_wconf 92' lang='lat' dir='ltr'><strong>est</strong></span> <span class='ocrx_word' id='word_1_199' title='bbox 469 2857 839 2915; x_wconf 85' lang='lat' dir='ltr'><strong>emendandus</strong></span> <span class='ocrx_word' id='word_1_200' title='bbox 860 2898 876 2924; x_wconf 93' lang='lat'><strong>,</strong></span> <span class='ocrx_word' id='word_1_201' title='bbox 905 2854 1110 2911; x_wconf 78' lang='lat' dir='ltr'><strong>etiamsi</strong></span> <span class='ocrx_word' id='word_1_202' title='bbox 1156 2854 1262 2908; x_wconf 87' lang='lat' dir='ltr'><strong>vita</strong></span> <span class='ocrx_word' id='word_1_203' title='bbox 1282 2854 1352 2907; x_wconf 89' lang='lat' dir='ltr'><strong>sit</strong></span> <span class='ocrx_word' id='word_1_204' title='bbox 1374 2848 1747 2919; x_wconf 87' lang='lat' dir='ltr'><strong>impendenda,</strong></span> 
     </span>
    </p>
   </div>
   <div class='ocr_carea' id='block_1_30' title="bbox 177 2940 1749 3010">
    <p class='ocr_par' dir='ltr' id='par_1_30' title="bbox 177 2940 1749 3010">
     <span class='ocr_line' id='line_1_30' title="bbox 177 2940 1749 3010; baseline -0.011 -2"><span class='ocrx_word' id='word_1_205' title='bbox 177 2971 243 3008; x_wconf 88' lang='lat' dir='ltr'><strong>ne</strong></span> <span class='ocrx_word' id='word_1_206' title='bbox 270 2966 502 3008; x_wconf 90' lang='lat' dir='ltr'><strong>recuses.</strong></span> <span class='ocrx_word' id='word_1_207' title='bbox 527 2950 738 3005; x_wconf 90' lang='lat' dir='ltr'><strong>hnitare</strong></span> <span class='ocrx_word' id='word_1_208' title='bbox 769 2949 1045 3002; x_wconf 92' lang='lat' dir='ltr'><strong>Dominum</strong></span> <span class='ocrx_word' id='word_1_209' title='bbox 1066 2956 1231 2999; x_wconf 91' lang='lat' dir='ltr'><strong>tuum.</strong></span> <span class='ocrx_word' id='word_1_210' title='bbox 1256 2942 1403 3010; x_wconf 85' lang='lat' dir='ltr'><strong>Quod</strong></span> <span class='ocrx_word' id='word_1_211' title='bbox 1426 2941 1469 2995; x_wconf 90' lang='lat' dir='ltr'><strong>si</strong></span> <span class='ocrx_word' id='word_1_212' title='bbox 1498 2940 1749 2994; x_wconf 88' lang='lat' dir='ltr'><strong>famulum</strong></span> 
     </span>
    </p>
   </div>
   <div class='ocr_carea' id='block_1_31' title="bbox 179 3031 1749 3109">
    <p class='ocr_par' dir='ltr' id='par_1_31' title="bbox 179 3031 1749 3109">
     <span class='ocr_line' id='line_1_31' title="bbox 179 3031 1749 3109; baseline -0.01 -9"><span class='ocrx_word' id='word_1_213' title='bbox 179 3047 382 3109; x_wconf 83' lang='lat' dir='ltr'><strong>habes,</strong></span> <span class='ocrx_word' id='word_1_214' title='bbox 434 3045 480 3097; x_wconf 92' lang='lat' dir='ltr'><strong>si</strong></span> <span class='ocrx_word' id='word_1_215' title='bbox 517 3057 771 3103; x_wconf 85' lang='lat' dir='ltr'><strong>uxorem,</strong></span> <span class='ocrx_word' id='word_1_216' title='bbox 806 3041 968 3093; x_wconf 89' lang='lat' dir='ltr'><strong>multa</strong></span> <span class='ocrx_word' id='word_1_217' title='bbox 998 3054 1115 3093; x_wconf 88' lang='lat' dir='ltr'><strong>cunt</strong></span> <span class='ocrx_word' id='word_1_218' title='bbox 1162 3035 1433 3105; x_wconf 77' lang='lat' dir='ltr'><strong>diligentia</strong></span> <span class='ocrx_word' id='word_1_219' title='bbox 1462 3034 1581 3087; x_wconf 89' lang='lat' dir='ltr'><strong>illos</strong></span> <span class='ocrx_word' id='word_1_220' title='bbox 1605 3031 1749 3086; x_wconf 87' lang='lat' dir='ltr'><strong>d0mi</strong></span> 
     </span>
    </p>
   </div>
   <div class='ocr_carea' id='block_1_32' title="bbox 175 3124 1752 3199">
    <p class='ocr_par' dir='ltr' id='par_1_32' title="bbox 175 3124 1752 3199">
     <span class='ocr_line' id='line_1_32' title="bbox 175 3124 1752 3199; baseline -0.01 -8"><span class='ocrx_word' id='word_1_221' title='bbox 175 3137 474 3192; x_wconf 88' lang='lat' dir='ltr'><strong>contineas.</strong></span> <span class='ocrx_word' id='word_1_222' title='bbox 503 3134 713 3188; x_wconf 85' lang='lat' dir='ltr'><strong>Etenim</strong></span> <span class='ocrx_word' id='word_1_223' title='bbox 743 3132 787 3187; x_wconf 92' lang='lat' dir='ltr'><strong>si</strong></span> <span class='ocrx_word' id='word_1_224' title='bbox 830 3146 934 3185; x_wconf 92' lang='lat' dir='ltr'><strong>non</strong></span> <span class='ocrx_word' id='word_1_225' title='bbox 964 3128 1225 3199; x_wconf 89' lang='lat' dir='ltr'><strong>permittis</strong></span> <span class='ocrx_word' id='word_1_226' title='bbox 1270 3127 1370 3179; x_wconf 88' lang='lat' dir='ltr'><strong>illis</strong></span> <span class='ocrx_word' id='word_1_227' title='bbox 1410 3134 1468 3178; x_wconf 91' lang='lat' dir='ltr'><strong>ut</strong></span> <span class='ocrx_word' id='word_1_228' title='bbox 1499 3125 1552 3177; x_wconf 93' lang='lat' dir='ltr'><strong>in</strong></span> <span class='ocrx_word' id='word_1_229' title='bbox 1606 3124 1752 3176; x_wconf 65' lang='lat' dir='ltr'><strong>theao</strong></span> 
     </span>
    </p>
   </div>
   <div class='ocr_carea' id='block_1_33' title="bbox 177 3217 1753 3294">
    <p class='ocr_par' dir='ltr' id='par_1_33' title="bbox 177 3217 1753 3294">
     <span class='ocr_line' id='line_1_33' title="bbox 177 3217 1753 3294; baseline -0.01 -12"><span class='ocrx_word' id='word_1_230' title='bbox 177 3239 315 3282; x_wconf 89' lang='lat' dir='ltr'><strong>truut</strong></span> <span class='ocrx_word' id='word_1_231' title='bbox 345 3235 468 3281; x_wconf 89' lang='lat' dir='ltr'><strong>eant</strong></span> <span class='ocrx_word' id='word_1_232' title='bbox 488 3267 501 3290; x_wconf 94' lang='lat'><strong>,</strong></span> <span class='ocrx_word' id='word_1_233' title='bbox 525 3233 722 3294; x_wconf 89' lang='lat' dir='ltr'><strong>quanto</strong></span> <span class='ocrx_word' id='word_1_234' title='bbox 753 3222 917 3290; x_wconf 87' lang='lat' dir='ltr'><strong>magis</strong></span> <span class='ocrx_word' id='word_1_235' title='bbox 941 3238 971 3275; x_wconf 89' lang='lat' dir='ltr'><strong>a</strong></span> <span class='ocrx_word' id='word_1_236' title='bbox 997 3221 1269 3291; x_wconf 83' lang='lat' dir='ltr'><strong>Synagoga</strong></span> <span class='ocrx_word' id='word_1_237' title='bbox 1298 3217 1601 3273; x_wconf 69' lang='lat' dir='ltr'><strong>Judaeorum</strong></span> <span class='ocrx_word' id='word_1_238' title='bbox 1628 3222 1753 3268; x_wconf 90' lang='lat' dir='ltr'><strong>sunt</strong></span> 
     </span>
    </p>
   </div>
   <div class='ocr_carea' id='block_1_34' title="bbox 177 3304 1752 3385">
    <p class='ocr_par' dir='ltr' id='par_1_34' title="bbox 177 3304 1752 3385">
     <span class='ocr_line' id='line_1_34' title="bbox 177 3304 1752 3385; baseline -0.01 -12"><span class='ocrx_word' id='word_1_239' title='bbox 177 3318 433 3373; x_wconf 84' lang='lat' dir='ltr'><strong>arcendi?</strong></span> <span class='ocrx_word' id='word_1_240' title='bbox 454 3316 621 3385; x_wconf 81' lang='lat' dir='ltr'><strong>Majas</strong></span> <span class='ocrx_word' id='word_1_241' title='bbox 654 3325 735 3368; x_wconf 89' lang='lat' dir='ltr'><strong>est</strong></span> <span class='ocrx_word' id='word_1_242' title='bbox 782 3312 870 3366; x_wconf 88' lang='lat' dir='ltr'><strong>hic</strong></span> <span class='ocrx_word' id='word_1_243' title='bbox 911 3312 1084 3365; x_wconf 83' lang='lat' dir='ltr'><strong>scelus</strong></span> <span class='ocrx_word' id='word_1_244' title='bbox 1130 3323 1286 3378; x_wconf 89' lang='lat' dir='ltr'><strong>quam</strong></span> <span class='ocrx_word' id='word_1_245' title='bbox 1315 3307 1438 3376; x_wconf 79' lang='lat' dir='ltr'><strong>illic.</strong></span> <span class='ocrx_word' id='word_1_246' title='bbox 1466 3304 1617 3371; x_wconf 83' lang='lat' dir='ltr'><strong>Quod</strong></span> <span class='ocrx_word' id='word_1_247' title='bbox 1647 3304 1752 3358; x_wconf 88' lang='lat' dir='ltr'><strong>illic</strong></span> 
     </span>
    </p>
   </div>
   <div class='ocr_carea' id='block_1_35' title="bbox 178 3394 1751 3479">
    <p class='ocr_par' dir='ltr' id='par_1_35' title="bbox 178 3394 1751 3479">
     <span class='ocr_line' id='line_1_35' title="bbox 178 3394 1751 3479; baseline -0.011 -14"><span class='ocrx_word' id='word_1_248' title='bbox 178 3415 270 3474; x_wconf 90' lang='lat' dir='ltr'><strong>tit,</strong></span> <span class='ocrx_word' id='word_1_249' title='bbox 304 3418 575 3479; x_wconf 88' lang='lat' dir='ltr'><strong>peceatqu</strong></span> <span class='ocrx_word' id='word_1_250' title='bbox 602 3415 713 3471; x_wconf 86' lang='lat' dir='ltr'><strong>est;</strong></span> <span class='ocrx_word' id='word_1_251' title='bbox 741 3404 881 3474; x_wconf 91' lang='lat' dir='ltr'><strong>quod</strong></span> <span class='ocrx_word' id='word_1_252' title='bbox 911 3404 995 3456; x_wconf 90' lang='lat' dir='ltr'><strong>hie</strong></span> <span class='ocrx_word' id='word_1_253' title='bbox 1014 3445 1029 3468; x_wconf 93' lang='lat'><strong>,</strong></span> <span class='ocrx_word' id='word_1_254' title='bbox 1053 3402 1314 3470; x_wconf 78' lang='lat' dir='ltr'><strong>impietas.</strong></span> <span class='ocrx_word' id='word_1_255' title='bbox 1346 3399 1468 3452; x_wconf 76' lang='lat' dir='ltr'><strong>[hec</strong></span> <span class='ocrx_word' id='word_1_256' title='bbox 1497 3412 1600 3451; x_wconf 91' lang='lat' dir='ltr'><strong>non</strong></span> <span class='ocrx_word' id='word_1_257' title='bbox 1632 3394 1751 3449; x_wconf 90' lang='lat' dir='ltr'><strong>ideo</strong></span> 
     </span>
    </p>
   </div>
   <div class='ocr_carea' id='block_1_36' title="bbox 180 3484 1754 3572">
    <p class='ocr_par' dir='ltr' id='par_1_36' title="bbox 180 3484 1754 3572">
     <span class='ocr_line' id='line_1_36' title="bbox 180 3484 1754 3572; baseline -0.013 -16"><span class='ocrx_word' id='word_1_258' title='bbox 180 3506 388 3572; x_wconf 85' lang='lat' dir='ltr'><strong>loquor,</strong></span> <span class='ocrx_word' id='word_1_259' title='bbox 416 3508 473 3553; x_wconf 91' lang='lat' dir='ltr'><strong>ut</strong></span> <span class='ocrx_word' id='word_1_260' title='bbox 494 3499 610 3552; x_wconf 89' lang='lat' dir='ltr'><strong>illos</strong></span> <span class='ocrx_word' id='word_1_261' title='bbox 636 3497 819 3550; x_wconf 86' lang='lat' dir='ltr'><strong>sinatis</strong></span> <span class='ocrx_word' id='word_1_262' title='bbox 845 3495 895 3547; x_wconf 93' lang='lat' dir='ltr'><strong>in</strong></span> <span class='ocrx_word' id='word_1_263' title='bbox 917 3498 950 3547; x_wconf 89' lang='lat' dir='ltr'><strong>t&#39;</strong></span> <span class='ocrx_word' id='word_1_264' title='bbox 976 3504 1178 3546; x_wconf 84' lang='lat' dir='ltr'><strong>eatrum</strong></span> <span class='ocrx_word' id='word_1_265' title='bbox 1202 3490 1308 3553; x_wconf 91' lang='lat' dir='ltr'><strong>ire,</strong></span> <span class='ocrx_word' id='word_1_266' title='bbox 1338 3502 1461 3542; x_wconf 89' lang='lat' dir='ltr'><strong>nam</strong></span> <span class='ocrx_word' id='word_1_267' title='bbox 1490 3495 1544 3539; x_wconf 91' lang='lat' dir='ltr'><strong>et</strong></span> <span class='ocrx_word' id='word_1_268' title='bbox 1565 3484 1614 3539; x_wconf 90' lang='lat' dir='ltr'><strong>id</strong></span> <span class='ocrx_word' id='word_1_269' title='bbox 1640 3499 1754 3537; x_wconf 87' lang='lat' dir='ltr'><strong>ma-</strong></span> 
     </span>
    </p>
   </div>
   <div class='ocr_carea' id='block_1_37' title="bbox 181 3576 1750 3651">
    <p class='ocr_par' dir='ltr' id='par_1_37' title="bbox 181 3576 1750 3651">
     <span class='ocr_line' id='line_1_37' title="bbox 181 3576 1750 3651; baseline -0.013 -3"><span class='ocrx_word' id='word_1_270' title='bbox 181 3598 288 3650; x_wconf 91' lang='lat' dir='ltr'><strong>lutn</strong></span> <span class='ocrx_word' id='word_1_271' title='bbox 327 3602 410 3647; x_wconf 91' lang='lat' dir='ltr'><strong>est</strong></span> <span class='ocrx_word' id='word_1_272' title='bbox 437 3612 449 3646; x_wconf 91' lang='lat'><strong>:</strong></span> <span class='ocrx_word' id='word_1_273' title='bbox 481 3592 574 3646; x_wconf 91' lang='lat' dir='ltr'><strong>sed</strong></span> <span class='ocrx_word' id='word_1_274' title='bbox 628 3600 683 3643; x_wconf 92' lang='lat' dir='ltr'><strong>ut</strong></span> <span class='ocrx_word' id='word_1_275' title='bbox 733 3588 797 3641; x_wconf 90' lang='lat' dir='ltr'><strong>ab</strong></span> <span class='ocrx_word' id='word_1_276' title='bbox 836 3586 936 3639; x_wconf 91' lang='lat' dir='ltr'><strong>hoc</strong></span> <span class='ocrx_word' id='word_1_277' title='bbox 990 3585 1155 3638; x_wconf 89' lang='lat' dir='ltr'><strong>multo</strong></span> <span class='ocrx_word' id='word_1_278' title='bbox 1197 3580 1363 3651; x_wconf 84' lang='lat' dir='ltr'><strong>magis</strong></span> <span class='ocrx_word' id='word_1_279' title='bbox 1404 3576 1750 3649; x_wconf 81' lang='lat' dir='ltr'><strong>prohibeatis.</strong></span> 
     </span>
    </p>
   </div>
   <div class='ocr_carea' id='block_1_38' title="bbox 178 3669 1752 3755">
    <p class='ocr_par' dir='ltr' id='par_1_38' title="bbox 178 3669 1752 3755">
     <span class='ocr_line' id='line_1_38' title="bbox 178 3669 1752 3755; baseline -0.012 -16"><span class='ocrx_word' id='word_1_280' title='bbox 178 3687 314 3754; x_wconf 85' lang='lat' dir='ltr'><strong>Quid</strong></span> <span class='ocrx_word' id='word_1_281' title='bbox 341 3692 673 3755; x_wconf 82' lang='lat' dir='ltr'><strong>spectaturus</strong></span> <span class='ocrx_word' id='word_1_282' title='bbox 712 3679 881 3733; x_wconf 90' lang='lat' dir='ltr'><strong>curris</strong></span> <span class='ocrx_word' id='word_1_283' title='bbox 920 3675 983 3729; x_wconf 90' lang='lat' dir='ltr'><strong>ad</strong></span> <span class='ocrx_word' id='word_1_284' title='bbox 1027 3674 1355 3747; x_wconf 83' lang='lat' dir='ltr'><strong>Synagogam</strong></span> <span class='ocrx_word' id='word_1_285' title='bbox 1386 3671 1476 3725; x_wconf 88' lang='lat' dir='ltr'><strong>Dei</strong></span> <span class='ocrx_word' id='word_1_286' title='bbox 1522 3669 1752 3723; x_wconf 89' lang='lat' dir='ltr'><strong>hostium</strong></span> 
     </span>
    </p>
   </div>
   <div class='ocr_carea' id='block_1_39' title="bbox 180 3758 1755 3833">
    <p class='ocr_par' dir='ltr' id='par_1_39' title="bbox 180 3758 1755 3833">
     <span class='ocr_line' id='line_1_39' title="bbox 180 3758 1755 3833; baseline -0.014 -1"><span class='ocrx_word' id='word_1_287' title='bbox 180 3776 518 3833; x_wconf 62' lang='lat' dir='ltr'><strong>Judaeorunt?</strong></span> <span class='ocrx_word' id='word_1_288' title='bbox 546 3787 672 3827; x_wconf 90' lang='lat' dir='ltr'><strong>num</strong></span> <span class='ocrx_word' id='word_1_289' title='bbox 699 3770 940 3823; x_wconf 84' lang='lat' dir='ltr'><strong>homines</strong></span> <span class='ocrx_word' id='word_1_290' title='bbox 965 3766 1086 3821; x_wconf 90' lang='lat' dir='ltr'><strong>tuba</strong></span> <span class='ocrx_word' id='word_1_291' title='bbox 1115 3762 1405 3819; x_wconf 84' lang='lat' dir='ltr'><strong>canentes?</strong></span> <span class='ocrx_word' id='word_1_292' title='bbox 1436 3762 1501 3814; x_wconf 87' lang='lat' dir='ltr'><strong>At</strong></span> <span class='ocrx_word' id='word_1_293' title='bbox 1521 3758 1755 3828; x_wconf 86' lang='lat' dir='ltr'><strong>oportuit</strong></span> 
     </span>
    </p>
   </div>
   <div class='ocr_carea' id='block_1_40' title="bbox 180 3848 1753 3932">
    <p class='ocr_par' dir='ltr' id='par_1_40' title="bbox 180 3848 1753 3932">
     <span class='ocr_line' id='line_1_40' title="bbox 180 3848 1753 3932; baseline -0.015 -9"><span class='ocrx_word' id='word_1_294' title='bbox 180 3868 324 3922; x_wconf 89' lang='lat' dir='ltr'><strong>domi</strong></span> <span class='ocrx_word' id='word_1_295' title='bbox 352 3866 621 3922; x_wconf 85' lang='lat' dir='ltr'><strong>sedentem</strong></span> <span class='ocrx_word' id='word_1_296' title='bbox 653 3861 877 3932; x_wconf 81' lang='lat' dir='ltr'><strong>gemitus</strong></span> <span class='ocrx_word' id='word_1_297' title='bbox 902 3874 965 3913; x_wconf 90' lang='lat' dir='ltr'><strong>ac</strong></span> <span class='ocrx_word' id='word_1_298' title='bbox 990 3859 1249 3927; x_wconf 87' lang='lat' dir='ltr'><strong>lacrymas</strong></span> <span class='ocrx_word' id='word_1_299' title='bbox 1281 3868 1375 3924; x_wconf 92' lang='lat' dir='ltr'><strong>pro</strong></span> <span class='ocrx_word' id='word_1_300' title='bbox 1404 3853 1505 3905; x_wconf 91' lang='lat' dir='ltr'><strong>illis</strong></span> <span class='ocrx_word' id='word_1_301' title='bbox 1534 3848 1753 3919; x_wconf 87' lang='lat' dir='ltr'><strong>profun-</strong></span> 
     </span>
    </p>
   </div>
   <div class='ocr_carea' id='block_1_41' title="bbox 182 3939 1751 4027">
    <p class='ocr_par' dir='ltr' id='par_1_41' title="bbox 182 3939 1751 4027">
     <span class='ocr_line' id='line_1_41' title="bbox 182 3939 1751 4027; baseline -0.016 -13"><span class='ocrx_word' id='word_1_302' title='bbox 182 3960 344 4023; x_wconf 88' lang='lat' dir='ltr'><strong>dere,</strong></span> <span class='ocrx_word' id='word_1_303' title='bbox 370 3957 509 4027; x_wconf 85' lang='lat' dir='ltr'><strong>quod</strong></span> <span class='ocrx_word' id='word_1_304' title='bbox 542 3954 797 4008; x_wconf 87' lang='lat' dir='ltr'><strong>rebellent</strong></span> <span class='ocrx_word' id='word_1_305' title='bbox 828 3957 1089 4019; x_wconf 56' lang='lat' dir='ltr'><strong>praecepto</strong></span> <span class='ocrx_word' id='word_1_306' title='bbox 1131 3947 1256 4010; x_wconf 86' lang='lat' dir='ltr'><strong>Dei,</strong></span> <span class='ocrx_word' id='word_1_307' title='bbox 1301 3941 1441 4012; x_wconf 90' lang='lat' dir='ltr'><strong>quod</strong></span> <span class='ocrx_word' id='word_1_308' title='bbox 1481 3939 1751 3995; x_wconf 90' lang='lat' dir='ltr'><strong>diabolum</strong></span> 
     </span>
    </p>
   </div>
   <div class='ocr_carea' id='block_1_42' title="bbox 184 4032 1756 4112">
    <p class='ocr_par' dir='ltr' id='par_1_42' title="bbox 184 4032 1756 4112">
     <span class='ocr_line' id='line_1_42' title="bbox 184 4032 1756 4112; baseline -0.013 -10"><span class='ocrx_word' id='word_1_309' title='bbox 184 4049 415 4103; x_wconf 87' lang='lat' dir='ltr'><strong>habeant</strong></span> <span class='ocrx_word' id='word_1_310' title='bbox 463 4061 585 4100; x_wconf 91' lang='lat' dir='ltr'><strong>cum</strong></span> <span class='ocrx_word' id='word_1_311' title='bbox 625 4044 748 4112; x_wconf 85' lang='lat' dir='ltr'><strong>ipsis</strong></span> <span class='ocrx_word' id='word_1_312' title='bbox 785 4043 1006 4094; x_wconf 85' lang='lat' dir='ltr'><strong>choreas</strong></span> <span class='ocrx_word' id='word_1_313' title='bbox 1040 4045 1301 4106; x_wconf 87' lang='lat' dir='ltr'><strong>agentem.</strong></span> <span class='ocrx_word' id='word_1_314' title='bbox 1344 4032 1508 4097; x_wconf 87' lang='lat' dir='ltr'><strong>Nam,</strong></span> <span class='ocrx_word' id='word_1_315' title='bbox 1534 4040 1587 4083; x_wconf 95' lang='lat' dir='ltr'><strong>ut</strong></span> <span class='ocrx_word' id='word_1_316' title='bbox 1633 4036 1756 4082; x_wconf 88' lang='lat' dir='ltr'><strong>ante</strong></span> 
     </span>
    </p>
   </div>
   <div class='ocr_carea' id='block_1_43' title="bbox 183 4122 1756 4207">
    <p class='ocr_par' dir='ltr' id='par_1_43' title="bbox 183 4122 1756 4207">
     <span class='ocr_line' id='line_1_43' title="bbox 183 4122 1756 4207; baseline -0.014 -15"><span class='ocrx_word' id='word_1_317' title='bbox 183 4139 314 4201; x_wconf 75' lang='lat' dir='ltr'><strong>disi,</strong></span> <span class='ocrx_word' id='word_1_318' title='bbox 343 4136 479 4207; x_wconf 91' lang='lat' dir='ltr'><strong>quod</strong></span> <span class='ocrx_word' id='word_1_319' title='bbox 504 4138 560 4188; x_wconf 93' lang='lat' dir='ltr'><strong>fit</strong></span> <span class='ocrx_word' id='word_1_320' title='bbox 583 4142 773 4203; x_wconf 84' lang='lat' dir='ltr'><strong>pra-ter</strong></span> <span class='ocrx_word' id='word_1_321' title='bbox 802 4131 1121 4184; x_wconf 87' lang='lat' dir='ltr'><strong>voluntatem</strong></span> <span class='ocrx_word' id='word_1_322' title='bbox 1150 4126 1261 4190; x_wconf 89' lang='lat' dir='ltr'><strong>Dei,</strong></span> <span class='ocrx_word' id='word_1_323' title='bbox 1284 4122 1490 4179; x_wconf 89' lang='lat' dir='ltr'><strong>etiamsi</strong></span> <span class='ocrx_word' id='word_1_324' title='bbox 1513 4122 1756 4190; x_wconf 85' lang='lat' dir='ltr'><strong>aliquan-</strong></span> 
     </span>
    </p>
   </div>
   <div class='ocr_carea' id='block_1_44' title="bbox 184 4212 1754 4295">
    <p class='ocr_par' dir='ltr' id='par_1_44' title="bbox 184 4212 1754 4295">
     <span class='ocr_line' id='line_1_44' title="bbox 184 4212 1754 4295; baseline -0.013 -13"><span class='ocrx_word' id='word_1_325' title='bbox 184 4230 255 4283; x_wconf 94' lang='lat' dir='ltr'><strong>do</strong></span> <span class='ocrx_word' id='word_1_326' title='bbox 275 4229 367 4281; x_wconf 86' lang='lat' dir='ltr'><strong>fuit</strong></span> <span class='ocrx_word' id='word_1_327' title='bbox 393 4226 708 4295; x_wconf 87' lang='lat' dir='ltr'><strong>permissum</strong></span> <span class='ocrx_word' id='word_1_328' title='bbox 732 4265 746 4288; x_wconf 88' lang='lat'><strong>,</strong></span> <span class='ocrx_word' id='word_1_329' title='bbox 784 4233 960 4290; x_wconf 85' lang='lat' dir='ltr'><strong>postea</strong></span> <span class='ocrx_word' id='word_1_330' title='bbox 989 4218 1202 4272; x_wconf 67' lang='lat' dir='ltr'><strong>violatio</strong></span> <span class='ocrx_word' id='word_1_331' title='bbox 1228 4216 1353 4280; x_wconf 72' lang='lat' dir='ltr'><strong>legis</strong></span> <span class='ocrx_word' id='word_1_332' title='bbox 1375 4222 1474 4277; x_wconf 91' lang='lat' dir='ltr'><strong>est,</strong></span> <span class='ocrx_word' id='word_1_333' title='bbox 1518 4221 1571 4265; x_wconf 90' lang='lat' dir='ltr'><strong>et</strong></span> <span class='ocrx_word' id='word_1_334' title='bbox 1598 4212 1754 4264; x_wconf 87' lang='lat' dir='ltr'><strong>innu-</strong></span> 
     </span>
    </p>
   </div>
   <div class='ocr_carea' id='block_1_45' title="bbox 188 4301 1759 4385">
    <p class='ocr_par' dir='ltr' id='par_1_45' title="bbox 188 4301 1759 4385">
     <span class='ocr_line' id='line_1_45' title="bbox 188 4301 1759 4385; baseline -0.016 -6"><span class='ocrx_word' id='word_1_335' title='bbox 188 4321 520 4379; x_wconf 81' lang='lat' dir='ltr'><strong>ttterabilinm</strong></span> <span class='ocrx_word' id='word_1_336' title='bbox 584 4315 961 4385; x_wconf 88' lang='lat' dir='ltr'><strong>suppliciorum</strong></span> <span class='ocrx_word' id='word_1_337' title='bbox 1012 4312 1249 4364; x_wconf 89' lang='lat' dir='ltr'><strong>materia.</strong></span> <span class='ocrx_word' id='word_1_338' title='bbox 1283 4307 1429 4361; x_wconf 87' lang='lat' dir='ltr'><strong>Tuba</strong></span> <span class='ocrx_word' id='word_1_339' title='bbox 1495 4301 1759 4358; x_wconf 87' lang='lat' dir='ltr'><strong>canebant</strong></span> 
     </span>
    </p>
   </div>
   <div class='ocr_carea' id='block_1_46' title="bbox 184 4402 1756 4468">
    <p class='ocr_par' dir='ltr' id='par_1_46' title="bbox 184 4402 1756 4468">
     <span class='ocr_line' id='line_1_46' title="bbox 184 4402 1756 4468; baseline -0.015 0"><span class='ocrx_word' id='word_1_340' title='bbox 184 4414 353 4468; x_wconf 69' lang='lat' dir='ltr'><strong>Jtldil‘i</strong></span> <span class='ocrx_word' id='word_1_341' title='bbox 389 4420 495 4464; x_wconf 92' lang='lat' dir='ltr'><strong>tum</strong></span> <span class='ocrx_word' id='word_1_342' title='bbox 523 4425 642 4463; x_wconf 92' lang='lat' dir='ltr'><strong>cum</strong></span> <span class='ocrx_word' id='word_1_343' title='bbox 673 4405 935 4459; x_wconf 89' lang='lat' dir='ltr'><strong>habebant</strong></span> <span class='ocrx_word' id='word_1_344' title='bbox 962 4402 1250 4465; x_wconf 87' lang='lat' dir='ltr'><strong>sacrificia,</strong></span> <span class='ocrx_word' id='word_1_345' title='bbox 1281 4411 1418 4451; x_wconf 91' lang='lat' dir='ltr'><strong>nunc</strong></span> <span class='ocrx_word' id='word_1_346' title='bbox 1472 4410 1599 4450; x_wconf 87' lang='lat' dir='ltr'><strong>vero</strong></span> <span class='ocrx_word' id='word_1_347' title='bbox 1652 4409 1756 4446; x_wconf 90' lang='lat' dir='ltr'><strong>non</strong></span> 
     </span>
    </p>
   </div>
   <div class='ocr_carea' id='block_1_47' title="bbox 188 4485 1758 4558">
    <p class='ocr_par' dir='ltr' id='par_1_47' title="bbox 188 4485 1758 4558">
     <span class='ocr_line' id='line_1_47' title="bbox 188 4485 1758 4558; baseline -0.012 0"><span class='ocrx_word' id='word_1_348' title='bbox 188 4506 313 4558; x_wconf 83' lang='lat' dir='ltr'><strong>licet</strong></span> <span class='ocrx_word' id='word_1_349' title='bbox 351 4502 453 4555; x_wconf 87' lang='lat' dir='ltr'><strong>illis</strong></span> <span class='ocrx_word' id='word_1_350' title='bbox 493 4500 629 4553; x_wconf 89' lang='lat' dir='ltr'><strong>idem</strong></span> <span class='ocrx_word' id='word_1_351' title='bbox 674 4496 870 4551; x_wconf 89' lang='lat' dir='ltr'><strong>facere.</strong></span> <span class='ocrx_word' id='word_1_352' title='bbox 924 4493 1152 4548; x_wconf 74' lang='lat' dir='ltr'><strong>Proinde</strong></span> <span class='ocrx_word' id='word_1_353' title='bbox 1177 4491 1355 4558; x_wconf 88' lang='lat' dir='ltr'><strong>accipe</strong></span> <span class='ocrx_word' id='word_1_354' title='bbox 1391 4488 1499 4557; x_wconf 87' lang='lat' dir='ltr'><strong>jam</strong></span> <span class='ocrx_word' id='word_1_355' title='bbox 1521 4527 1535 4549; x_wconf 90' lang='lat'><strong>,</strong></span> <span class='ocrx_word' id='word_1_356' title='bbox 1558 4500 1661 4555; x_wconf 84' lang='lat' dir='ltr'><strong>qua</strong></span> <span class='ocrx_word' id='word_1_357' title='bbox 1691 4485 1758 4539; x_wconf 89' lang='lat' dir='ltr'><strong>de</strong></span> 
     </span>
    </p>
   </div>
   <div class='ocr_carea' id='block_1_48' title="bbox 190 4578 1759 4650">
    <p class='ocr_par' dir='ltr' id='par_1_48' title="bbox 190 4578 1759 4650">
     <span class='ocr_line' id='line_1_48' title="bbox 190 4578 1759 4650; baseline -0.013 -1"><span class='ocrx_word' id='word_1_358' title='bbox 190 4610 348 4650; x_wconf 89' lang='lat' dir='ltr'><strong>causa</strong></span> <span class='ocrx_word' id='word_1_359' title='bbox 404 4592 538 4646; x_wconf 71' lang='lat' dir='ltr'><strong>datm</strong></span> <span class='ocrx_word' id='word_1_360' title='bbox 594 4590 700 4643; x_wconf 89' lang='lat' dir='ltr'><strong>sint</strong></span> <span class='ocrx_word' id='word_1_361' title='bbox 743 4588 842 4641; x_wconf 89' lang='lat' dir='ltr'><strong>illis</strong></span> <span class='ocrx_word' id='word_1_362' title='bbox 890 4587 1049 4640; x_wconf 59' lang='lat' dir='ltr'><strong>tubte.</strong></span> <span class='ocrx_word' id='word_1_363' title='bbox 1082 4582 1221 4645; x_wconf 75' lang='lat' dir='ltr'><strong>Fac,</strong></span> <span class='ocrx_word' id='word_1_364' title='bbox 1252 4581 1447 4646; x_wconf 89' lang='lat' dir='ltr'><strong>ittqttit,</strong></span> <span class='ocrx_word' id='word_1_365' title='bbox 1480 4579 1565 4630; x_wconf 83' lang='lat' dir='ltr'><strong>tibi</strong></span> <span class='ocrx_word' id='word_1_366' title='bbox 1615 4578 1759 4630; x_wconf 80' lang='lat' dir='ltr'><strong>tubas</strong></span> 
     </span>
    </p>
   </div>
   <div class='ocr_carea' id='block_1_49' title="bbox 188 4674 1757 4754">
    <p class='ocr_par' dir='ltr' id='par_1_49' title="bbox 188 4674 1757 4754">
     <span class='ocr_line' id='line_1_49' title="bbox 188 4674 1757 4754; baseline -0.013 -14"><span class='ocrx_word' id='word_1_367' title='bbox 188 4688 398 4740; x_wconf 82' lang='lat' dir='ltr'><strong>ductiles</strong></span> <span class='ocrx_word' id='word_1_368' title='bbox 438 4692 696 4754; x_wconf 81' lang='lat' dir='ltr'><strong>argenteas</strong></span> <span class='ocrx_word' id='word_1_369' title='bbox 744 4678 929 4747; x_wconf 85' lang='lat' dir='ltr'><strong>(Num.</strong></span> <span class='ocrx_word' id='word_1_370' title='bbox 961 4676 1046 4731; x_wconf 78' lang='grc'><strong>10.</strong></span> <span class='ocrx_word' id='word_1_371' title='bbox 1090 4674 1169 4745; x_wconf 73' lang='grc'><strong>2),</strong></span> <span class='ocrx_word' id='word_1_372' title='bbox 1208 4687 1437 4741; x_wconf 81' lang='lat' dir='ltr'><strong>tuoxque</strong></span> <span class='ocrx_word' id='word_1_373' title='bbox 1482 4685 1757 4723; x_wconf 87' lang='lat' dir='ltr'><strong>common-</strong></span> 
     </span>
    </p>
   </div>
   <div class='ocr_carea' id='block_1_50' title="bbox 189 4763 1760 4839">
    <p class='ocr_par' dir='ltr' id='par_1_50' title="bbox 189 4763 1760 4839">
     <span class='ocr_line' id='line_1_50' title="bbox 189 4763 1760 4839; baseline -0.013 -6"><span class='ocrx_word' id='word_1_374' title='bbox 189 4791 367 4833; x_wconf 83' lang='lat' dir='ltr'><strong>strans</strong></span> <span class='ocrx_word' id='word_1_375' title='bbox 414 4791 562 4829; x_wconf 90' lang='lat' dir='ltr'><strong>usum</strong></span> <span class='ocrx_word' id='word_1_376' title='bbox 598 4774 826 4834; x_wconf 90' lang='lat' dir='ltr'><strong>illarum,</strong></span> <span class='ocrx_word' id='word_1_377' title='bbox 859 4769 1103 4839; x_wconf 83' lang='lat' dir='ltr'><strong>subjicit:</strong></span> <span class='ocrx_word' id='word_1_378' title='bbox 1131 4767 1192 4820; x_wconf 78' lang='lat' dir='ltr'><strong>Et</strong></span> <span class='ocrx_word' id='word_1_379' title='bbox 1222 4766 1324 4819; x_wconf 89' lang='lat' dir='ltr'><strong>illis</strong></span> <span class='ocrx_word' id='word_1_380' title='bbox 1349 4764 1511 4817; x_wconf 84' lang='lat' dir='ltr'><strong>canite</strong></span> <span class='ocrx_word' id='word_1_381' title='bbox 1537 4764 1591 4816; x_wconf 85' lang='lat' dir='ltr'><strong>in</strong></span> <span class='ocrx_word' id='word_1_382' title='bbox 1615 4763 1760 4815; x_wconf 86' lang='lat' dir='ltr'><strong>Italo—</strong></span> 
     </span>
    </p>
   </div>
   <div class='ocr_carea' id='block_1_51' title="bbox 188 4859 1755 4929">
    <p class='ocr_par' dir='ltr' id='par_1_51' title="bbox 188 4859 1755 4929">
     <span class='ocr_line' id='line_1_51' title="bbox 188 4859 1755 4929; baseline -0.013 -7"><span class='ocrx_word' id='word_1_383' title='bbox 188 4869 482 4923; x_wconf 85' lang='lat' dir='ltr'><strong>cautomatis</strong></span> <span class='ocrx_word' id='word_1_384' title='bbox 499 4866 692 4929; x_wconf 87' lang='lat' dir='ltr'><strong>vestris,</strong></span> <span class='ocrx_word' id='word_1_385' title='bbox 710 4875 755 4918; x_wconf 86' lang='lat' dir='ltr'><strong>et</strong></span> <span class='ocrx_word' id='word_1_386' title='bbox 781 4864 834 4917; x_wconf 85' lang='lat' dir='ltr'><strong>in</strong></span> <span class='ocrx_word' id='word_1_387' title='bbox 860 4861 1122 4929; x_wconf 81' lang='lat' dir='ltr'><strong>sacriﬁciis</strong></span> <span class='ocrx_word' id='word_1_388' title='bbox 1136 4859 1434 4913; x_wconf 87' lang='lat' dir='ltr'><strong>salutarium</strong></span> <span class='ocrx_word' id='word_1_389' title='bbox 1462 4864 1755 4909; x_wconf 76' lang='lat' dir='ltr'><strong>vestrorum.</strong></span> 
     </span>
    </p>
   </div>
   <div class='ocr_carea' id='block_1_52' title="bbox 193 4944 1764 5028">
    <p class='ocr_par' dir='ltr' id='par_1_52' title="bbox 193 4944 1764 5028">
     <span class='ocr_line' id='line_1_52' title="bbox 193 4944 1764 5028; baseline -0.013 -12"><span class='ocrx_word' id='word_1_390' title='bbox 193 4959 290 5016; x_wconf 89' lang='lat' dir='ltr'><strong>Ubi</strong></span> <span class='ocrx_word' id='word_1_391' title='bbox 334 4958 491 5028; x_wconf 79' lang='lat' dir='ltr'><strong>igitur</strong></span> <span class='ocrx_word' id='word_1_392' title='bbox 518 4967 602 5010; x_wconf 89' lang='lat' dir='ltr'><strong>est</strong></span> <span class='ocrx_word' id='word_1_393' title='bbox 626 4955 822 5015; x_wconf 85' lang='lat' dir='ltr'><strong>altare,</strong></span> <span class='ocrx_word' id='word_1_394' title='bbox 854 4952 940 5005; x_wconf 91' lang='lat' dir='ltr'><strong>ubi</strong></span> <span class='ocrx_word' id='word_1_395' title='bbox 968 4964 1120 5011; x_wconf 87' lang='lat' dir='ltr'><strong>arca,</strong></span> <span class='ocrx_word' id='word_1_396' title='bbox 1148 4947 1236 5001; x_wconf 94' lang='lat' dir='ltr'><strong>ubi</strong></span> <span class='ocrx_word' id='word_1_397' title='bbox 1263 4944 1656 5000; x_wconf 90' lang='lat' dir='ltr'><strong>tabernaculunt</strong></span> <span class='ocrx_word' id='word_1_398' title='bbox 1708 4950 1764 4995; x_wconf 88' lang='lat' dir='ltr'><strong>et</strong></span> 
     </span>
    </p>
   </div>
   <div class='ocr_carea' id='block_1_53' title="bbox 192 5032 1760 5107">
    <p class='ocr_par' dir='ltr' id='par_1_53' title="bbox 192 5032 1760 5107">
     <span class='ocr_line' id='line_1_53' title="bbox 192 5032 1760 5107; baseline -0.013 -3"><span class='ocrx_word' id='word_1_399' title='bbox 192 5052 393 5105; x_wconf 82' lang='lat' dir='ltr'><strong>Sancta</strong></span> <span class='ocrx_word' id='word_1_400' title='bbox 408 5058 745 5107; x_wconf 87' lang='lat' dir='ltr'><strong>sanctorum,</strong></span> <span class='ocrx_word' id='word_1_401' title='bbox 766 5043 853 5097; x_wconf 90' lang='lat' dir='ltr'><strong>ubi</strong></span> <span class='ocrx_word' id='word_1_402' title='bbox 902 5040 1169 5103; x_wconf 86' lang='lat' dir='ltr'><strong>sacerdos,</strong></span> <span class='ocrx_word' id='word_1_403' title='bbox 1203 5036 1289 5090; x_wconf 80' lang='lat' dir='ltr'><strong>ubi</strong></span> <span class='ocrx_word' id='word_1_404' title='bbox 1320 5034 1602 5091; x_wconf 85' lang='lat' dir='ltr'><strong>Cherubim</strong></span> <span class='ocrx_word' id='word_1_405' title='bbox 1642 5032 1760 5101; x_wconf 83' lang='lat' dir='ltr'><strong>glo-</strong></span> 
     </span>
    </p>
   </div>
   <div class='ocr_carea' id='block_1_54' title="bbox 190 5123 1759 5205">
    <p class='ocr_par' dir='ltr' id='par_1_54' title="bbox 190 5123 1759 5205">
     <span class='ocr_line' id='line_1_54' title="bbox 190 5123 1759 5205; baseline -0.015 -8"><span class='ocrx_word' id='word_1_406' title='bbox 190 5147 314 5205; x_wconf 74' lang='grc' dir='ltr'><strong>ι·ι;ο,</strong></span> <span class='ocrx_word' id='word_1_407' title='bbox 360 5139 447 5193; x_wconf 89' lang='lat' dir='ltr'><strong>ubi</strong></span> <span class='ocrx_word' id='word_1_408' title='bbox 500 5135 821 5190; x_wconf 88' lang='lat' dir='ltr'><strong>tlturibulutn</strong></span> <span class='ocrx_word' id='word_1_409' title='bbox 872 5147 1122 5193; x_wconf 87' lang='lat' dir='ltr'><strong>aureum,</strong></span> <span class='ocrx_word' id='word_1_410' title='bbox 1168 5128 1254 5182; x_wconf 90' lang='lat' dir='ltr'><strong>ubi</strong></span> <span class='ocrx_word' id='word_1_411' title='bbox 1306 5123 1759 5196; x_wconf 56' lang='lat' dir='ltr'><strong>propitiatoriun‘t,</strong></span> 
     </span>
    </p>
   </div>
   <div class='ocr_carea' id='block_1_55' title="bbox 195 5214 1763 5301">
    <p class='ocr_par' dir='ltr' id='par_1_55' title="bbox 195 5214 1763 5301">
     <span class='ocr_line' id='line_1_55' title="bbox 195 5214 1763 5301; baseline -0.013 -16"><span class='ocrx_word' id='word_1_412' title='bbox 195 5234 281 5285; x_wconf 91' lang='lat' dir='ltr'><strong>u.i</strong></span> <span class='ocrx_word' id='word_1_413' title='bbox 313 5229 506 5301; x_wconf 79' lang='lat' dir='ltr'><strong>phiala.</strong></span> <span class='ocrx_word' id='word_1_414' title='bbox 536 5229 620 5282; x_wconf 91' lang='lat' dir='ltr'><strong>ttbi</strong></span> <span class='ocrx_word' id='word_1_415' title='bbox 655 5236 848 5297; x_wconf 80' lang='lat' dir='ltr'><strong>patera:</strong></span> <span class='ocrx_word' id='word_1_416' title='bbox 877 5223 1152 5283; x_wconf 71' lang='lat' dir='ltr'><strong>libatorize,</strong></span> <span class='ocrx_word' id='word_1_417' title='bbox 1175 5221 1260 5274; x_wconf 90' lang='lat' dir='ltr'><strong>ubi</strong></span> <span class='ocrx_word' id='word_1_418' title='bbox 1293 5217 1428 5288; x_wconf 87' lang='lat' dir='ltr'><strong>ignis</strong></span> <span class='ocrx_word' id='word_1_419' title='bbox 1453 5217 1540 5270; x_wconf 91' lang='lat' dir='ltr'><strong>ille</strong></span> <span class='ocrx_word' id='word_1_420' title='bbox 1560 5214 1763 5269; x_wconf 61' lang='lat' dir='ltr'><strong>caelitus</strong></span> 
     </span>
    </p>
   </div>
   <div class='ocr_carea' id='block_1_56' title="bbox 195 5305 1764 5376">
    <p class='ocr_par' dir='ltr' id='par_1_56' title="bbox 195 5305 1764 5376">
     <span class='ocr_line' id='line_1_56' title="bbox 195 5305 1764 5376; baseline -0.01 -2"><span class='ocrx_word' id='word_1_421' title='bbox 195 5320 492 5374; x_wconf 82' lang='lat' dir='ltr'><strong>demissus?</strong></span> <span class='ocrx_word' id='word_1_422' title='bbox 529 5318 662 5373; x_wconf 87' lang='lat' dir='ltr'><strong>Cum</strong></span> <span class='ocrx_word' id='word_1_423' title='bbox 701 5316 877 5373; x_wconf 88' lang='lat' dir='ltr'><strong>omnia</strong></span> <span class='ocrx_word' id='word_1_424' title='bbox 903 5312 1178 5376; x_wconf 85' lang='lat' dir='ltr'><strong>amiseris,</strong></span> <span class='ocrx_word' id='word_1_425' title='bbox 1210 5308 1339 5364; x_wconf 87' lang='lat' dir='ltr'><strong>nihil</strong></span> <span class='ocrx_word' id='word_1_426' title='bbox 1383 5306 1525 5362; x_wconf 87' lang='lat' dir='ltr'><strong>aliud</strong></span> <span class='ocrx_word' id='word_1_427' title='bbox 1569 5305 1764 5359; x_wconf 87' lang='lat' dir='ltr'><strong>relines</strong></span> 
     </span>
    </p>
   </div>
   <div class='ocr_carea' id='block_1_57' title="bbox 196 5398 1763 5485">
    <p class='ocr_par' dir='ltr' id='par_1_57' title="bbox 196 5398 1763 5485">
     <span class='ocr_line' id='line_1_57' title="bbox 196 5398 1763 5485; baseline -0.013 -17"><span class='ocrx_word' id='word_1_428' title='bbox 196 5431 353 5485; x_wconf 83' lang='lat' dir='ltr'><strong>quam</strong></span> <span class='ocrx_word' id='word_1_429' title='bbox 386 5413 567 5467; x_wconf 84' lang='lat' dir='ltr'><strong>tubas?</strong></span> <span class='ocrx_word' id='word_1_430' title='bbox 596 5409 756 5465; x_wconf 83' lang='lat' dir='ltr'><strong>Vides</strong></span> <span class='ocrx_word' id='word_1_431' title='bbox 796 5410 911 5463; x_wconf 85' lang='lat' dir='ltr'><strong>illos</strong></span> <span class='ocrx_word' id='word_1_432' title='bbox 941 5407 1121 5461; x_wconf 89' lang='lat' dir='ltr'><strong>ludere</strong></span> <span class='ocrx_word' id='word_1_433' title='bbox 1172 5404 1349 5458; x_wconf 90' lang='lat' dir='ltr'><strong>verius</strong></span> <span class='ocrx_word' id='word_1_434' title='bbox 1391 5414 1549 5470; x_wconf 92' lang='lat' dir='ltr'><strong>quam</strong></span> <span class='ocrx_word' id='word_1_435' title='bbox 1600 5398 1763 5451; x_wconf 90' lang='lat' dir='ltr'><strong>Deum</strong></span> 
     </span>
    </p>
   </div>
   <div class='ocr_carea' id='block_1_58' title="bbox 196 5490 1762 5573">
    <p class='ocr_par' dir='ltr' id='par_1_58' title="bbox 196 5490 1762 5573">
     <span class='ocr_line' id='line_1_58' title="bbox 196 5490 1762 5573; baseline -0.009 -16"><span class='ocrx_word' id='word_1_436' title='bbox 196 5507 408 5561; x_wconf 71' lang='lat' dir='ltr'><strong>colere?</strong></span> <span class='ocrx_word' id='word_1_437' title='bbox 434 5505 621 5560; x_wconf 74' lang='lat' dir='ltr'><strong>Verum</strong></span> <span class='ocrx_word' id='word_1_438' title='bbox 668 5500 1110 5573; x_wconf 70' lang='lat' dir='ltr'><strong>quemadmodum</strong></span> <span class='ocrx_word' id='word_1_439' title='bbox 1142 5497 1261 5553; x_wconf 87' lang='lat' dir='ltr'><strong>illos</strong></span> <span class='ocrx_word' id='word_1_440' title='bbox 1280 5496 1553 5567; x_wconf 82' lang='lat' dir='ltr'><strong>culpamus</strong></span> <span class='ocrx_word' id='word_1_441' title='bbox 1577 5537 1592 5558; x_wconf 93' lang='lat'><strong>,</strong></span> <span class='ocrx_word' id='word_1_442' title='bbox 1623 5490 1762 5563; x_wconf 91' lang='lat' dir='ltr'><strong>quod</strong></span> 
     </span>
    </p>
   </div>
   <div class='ocr_carea' id='block_1_59' title="bbox 1382 284 2205 347">
    <p class='ocr_par' dir='ltr' id='par_1_59' title="bbox 1382 284 2205 347">
     <span class='ocr_line' id='line_1_59' title="bbox 1382 284 2205 347; baseline -0.004 -3"><span class='ocrx_word' id='word_1_443' title='bbox 1382 288 1741 347; x_wconf 72' lang='lat' dir='ltr'><strong>ADVERSUS</strong></span> <span class='ocrx_word' id='word_1_444' title='bbox 1777 284 2077 346; x_wconf 68' lang='lat' dir='ltr'><strong>JUDIEOS.</strong></span> <span class='ocrx_word' id='word_1_445' title='bbox 2118 285 2205 341; x_wconf 79' lang='lat' dir='ltr'><strong>IV.</strong></span> 
     </span>
    </p>
   </div>
   <div class='ocr_carea' id='block_1_60' title="bbox 1851 398 3415 471">
    <p class='ocr_par' dir='ltr' id='par_1_60' title="bbox 1851 398 3415 471">
     <span class='ocr_line' id='line_1_60' title="bbox 1851 398 3415 471; baseline -0.001 -15"><span class='ocrx_word' id='word_1_446' title='bbox 1851 402 2021 471; x_wconf 81' lang='lat' dir='ltr'><strong>legem</strong></span> <span class='ocrx_word' id='word_1_447' title='bbox 2055 398 2543 467; x_wconf 83' lang='lat' dir='ltr'><strong>transgrediuntur:</strong></span> <span class='ocrx_word' id='word_1_448' title='bbox 2575 399 2643 453; x_wconf 88' lang='lat' dir='ltr'><strong>ita</strong></span> <span class='ocrx_word' id='word_1_449' title='bbox 2692 398 2859 454; x_wconf 87' lang='lat' dir='ltr'><strong>multo</strong></span> <span class='ocrx_word' id='word_1_450' title='bbox 2883 399 3049 471; x_wconf 87' lang='lat' dir='ltr'><strong>magis</strong></span> <span class='ocrx_word' id='word_1_451' title='bbox 3067 414 3162 456; x_wconf 82' lang='lat' dir='ltr'><strong>vos</strong></span> <span class='ocrx_word' id='word_1_452' title='bbox 3207 400 3415 456; x_wconf 80' lang='lat' dir='ltr'><strong>incusa-</strong></span> 
     </span>
    </p>
   </div>
   <div class='ocr_carea' id='block_1_61' title="bbox 1849 488 3422 561">
    <p class='ocr_par' dir='ltr' id='par_1_61' title="bbox 1849 488 3422 561">
     <span class='ocr_line' id='line_1_61' title="bbox 1849 488 3422 561; baseline 0.001 -16"><span class='ocrx_word' id='word_1_453' title='bbox 1849 506 1968 546; x_wconf 91' lang='lat' dir='ltr'><strong>mus</strong></span> <span class='ocrx_word' id='word_1_454' title='bbox 1989 532 2004 555; x_wconf 93' lang='lat'><strong>,</strong></span> <span class='ocrx_word' id='word_1_455' title='bbox 2031 490 2172 560; x_wconf 89' lang='lat' dir='ltr'><strong>quod</strong></span> <span class='ocrx_word' id='word_1_456' title='bbox 2200 488 2268 543; x_wconf 91' lang='lat' dir='ltr'><strong>ad</strong></span> <span class='ocrx_word' id='word_1_457' title='bbox 2324 498 2745 558; x_wconf 78' lang='lat' dir='ltr'><strong>transgressores</strong></span> <span class='ocrx_word' id='word_1_458' title='bbox 2772 490 2901 561; x_wconf 83' lang='lat' dir='ltr'><strong>legis</strong></span> <span class='ocrx_word' id='word_1_459' title='bbox 2933 491 3286 558; x_wconf 80' lang='lat' dir='ltr'><strong>concurritis;</strong></span> <span class='ocrx_word' id='word_1_460' title='bbox 3316 510 3422 549; x_wconf 87' lang='lat' dir='ltr'><strong>nee</strong></span> 
     </span>
    </p>
   </div>
   <div class='ocr_carea' id='block_1_62' title="bbox 1848 583 3415 647">
    <p class='ocr_par' dir='ltr' id='par_1_62' title="bbox 1848 583 3415 647">
     <span class='ocr_line' id='line_1_62' title="bbox 1848 583 3415 647; baseline 0.001 -9"><span class='ocrx_word' id='word_1_461' title='bbox 1848 585 1967 638; x_wconf 92' lang='lat' dir='ltr'><strong>illos</strong></span> <span class='ocrx_word' id='word_1_462' title='bbox 1996 593 2196 637; x_wconf 89' lang='lat' dir='ltr'><strong>tantum</strong></span> <span class='ocrx_word' id='word_1_463' title='bbox 2216 624 2230 643; x_wconf 88' lang='lat'><strong>.</strong></span> <span class='ocrx_word' id='word_1_464' title='bbox 2261 583 2348 647; x_wconf 87' lang='lat' dir='ltr'><strong>qtti</strong></span> <span class='ocrx_word' id='word_1_465' title='bbox 2380 597 2445 637; x_wconf 91' lang='lat' dir='ltr'><strong>eo</strong></span> <span class='ocrx_word' id='word_1_466' title='bbox 2495 590 2839 647; x_wconf 91' lang='lat' dir='ltr'><strong>concurrunt,</strong></span> <span class='ocrx_word' id='word_1_467' title='bbox 2869 598 3053 639; x_wconf 86' lang='lat' dir='ltr'><strong>verum</strong></span> <span class='ocrx_word' id='word_1_468' title='bbox 3101 584 3260 638; x_wconf 86' lang='lat' dir='ltr'><strong>etiam</strong></span> <span class='ocrx_word' id='word_1_469' title='bbox 3319 600 3415 640; x_wconf 84' lang='lat' dir='ltr'><strong>eos</strong></span> 
     </span>
    </p>
   </div>
   <div class='ocr_carea' id='block_1_63' title="bbox 1845 674 3407 745">
    <p class='ocr_par' dir='ltr' id='par_1_63' title="bbox 1845 674 3407 745">
     <span class='ocr_line' id='line_1_63' title="bbox 1845 674 3407 745; baseline 0.003 -18"><span class='ocrx_word' id='word_1_470' title='bbox 1845 677 2038 745; x_wconf 91' lang='lat' dir='ltr'><strong>quibus</strong></span> <span class='ocrx_word' id='word_1_471' title='bbox 2060 689 2179 729; x_wconf 92' lang='lat' dir='ltr'><strong>cum</strong></span> <span class='ocrx_word' id='word_1_472' title='bbox 2206 674 2274 728; x_wconf 93' lang='lat' dir='ltr'><strong>sit</strong></span> <span class='ocrx_word' id='word_1_473' title='bbox 2320 674 2606 727; x_wconf 66' lang='grc' dir='ltr'>ιιιιιιιιιτίιειε</span> <span class='ocrx_word' id='word_1_474' title='bbox 2628 675 2937 742; x_wconf 84' lang='lat' dir='ltr'><strong>prohibendi</strong></span> <span class='ocrx_word' id='word_1_475' title='bbox 2964 690 3115 741; x_wconf 90' lang='lat' dir='ltr'><strong>suos,</strong></span> <span class='ocrx_word' id='word_1_476' title='bbox 3140 677 3308 731; x_wconf 91' lang='lat' dir='ltr'><strong>nolint</strong></span> <span class='ocrx_word' id='word_1_477' title='bbox 3335 687 3407 731; x_wconf 85' lang='lat' dir='ltr'><strong>ta-</strong></span> 
     </span>
    </p>
   </div>
   <div class='ocr_carea' id='block_1_64' title="bbox 1850 765 3416 835">
    <p class='ocr_par' dir='ltr' id='par_1_64' title="bbox 1850 765 3416 835">
     <span class='ocr_line' id='line_1_64' title="bbox 1850 765 3416 835; baseline 0 -16"><span class='ocrx_word' id='word_1_478' title='bbox 1850 782 1971 820; x_wconf 91' lang='lat' dir='ltr'><strong>men</strong></span> <span class='ocrx_word' id='word_1_479' title='bbox 2030 766 2080 820; x_wconf 93' lang='lat' dir='ltr'><strong>id</strong></span> <span class='ocrx_word' id='word_1_480' title='bbox 2122 765 2310 821; x_wconf 88' lang='lat' dir='ltr'><strong>facere.</strong></span> <span class='ocrx_word' id='word_1_481' title='bbox 2363 766 2437 820; x_wconf 83' lang='lat' dir='ltr'><strong>Ne</strong></span> <span class='ocrx_word' id='word_1_482' title='bbox 2462 766 2586 819; x_wconf 92' lang='lat' dir='ltr'><strong>mihi</strong></span> <span class='ocrx_word' id='word_1_483' title='bbox 2618 766 2847 819; x_wconf 77' lang='lat' dir='ltr'><strong>dixeris:</strong></span> <span class='ocrx_word' id='word_1_484' title='bbox 2872 766 2995 835; x_wconf 92' lang='lat' dir='ltr'><strong>quid</strong></span> <span class='ocrx_word' id='word_1_485' title='bbox 3024 767 3292 821; x_wconf 82' lang='lat' dir='ltr'><strong>mihicum</strong></span> <span class='ocrx_word' id='word_1_486' title='bbox 3324 768 3416 822; x_wconf 88' lang='lat' dir='ltr'><strong>illo</strong></span> 
     </span>
    </p>
   </div>
   <div class='ocr_carea' id='block_1_65' title="bbox 1843 854 3418 921">
    <p class='ocr_par' dir='ltr' id='par_1_65' title="bbox 1843 854 3418 921">
     <span class='ocr_line' id='line_1_65' title="bbox 1843 854 3418 921; baseline -0.001 -13"><span class='ocrx_word' id='word_1_487' title='bbox 1843 855 2145 910; x_wconf 89' lang='lat' dir='ltr'><strong>commercii</strong></span> <span class='ocrx_word' id='word_1_488' title='bbox 2174 855 2293 908; x_wconf 90' lang='lat' dir='ltr'><strong>est?</strong></span> <span class='ocrx_word' id='word_1_489' title='bbox 2328 855 2548 908; x_wconf 84' lang='lat' dir='ltr'><strong>Alienus</strong></span> <span class='ocrx_word' id='word_1_490' title='bbox 2570 864 2686 918; x_wconf 87' lang='lat' dir='ltr'><strong>est,</strong></span> <span class='ocrx_word' id='word_1_491' title='bbox 2715 854 2920 921; x_wconf 86' lang='lat' dir='ltr'><strong>ignotus</strong></span> <span class='ocrx_word' id='word_1_492' title='bbox 2949 864 3056 909; x_wconf 89' lang='lat' dir='ltr'><strong>est.</strong></span> <span class='ocrx_word' id='word_1_493' title='bbox 3094 855 3224 908; x_wconf 93' lang='lat' dir='ltr'><strong>Dum</strong></span> <span class='ocrx_word' id='word_1_494' title='bbox 3259 854 3418 910; x_wconf 81' lang='lat' dir='ltr'><strong>fuerit</strong></span> 
     </span>
    </p>
   </div>
   <div class='ocr_carea' id='block_1_66' title="bbox 1845 944 3413 1015">
    <p class='ocr_par' dir='ltr' id='par_1_66' title="bbox 1845 944 3413 1015">
     <span class='ocr_line' id='line_1_66' title="bbox 1845 944 3413 1015; baseline -0.001 -16"><span class='ocrx_word' id='word_1_495' title='bbox 1845 944 2016 999; x_wconf 87' lang='lat' dir='ltr'><strong>fidelis</strong></span> <span class='ocrx_word' id='word_1_496' title='bbox 2037 987 2051 1011; x_wconf 94' lang='lat'><strong>,</strong></span> <span class='ocrx_word' id='word_1_497' title='bbox 2080 944 2205 999; x_wconf 90' lang='lat' dir='ltr'><strong>dum</strong></span> <span class='ocrx_word' id='word_1_498' title='bbox 2235 945 2541 999; x_wconf 90' lang='lat' dir='ltr'><strong>eorttmdem</strong></span> <span class='ocrx_word' id='word_1_499' title='bbox 2572 944 2829 1013; x_wconf 81' lang='lat' dir='ltr'><strong>particeps</strong></span> <span class='ocrx_word' id='word_1_500' title='bbox 2859 944 3263 1015; x_wconf 82' lang='lat' dir='ltr'><strong>mysteriorum,</strong></span> <span class='ocrx_word' id='word_1_501' title='bbox 3288 945 3413 999; x_wconf 92' lang='lat' dir='ltr'><strong>dum</strong></span> 
     </span>
    </p>
   </div>
   <div class='ocr_carea' id='block_1_67' title="bbox 1844 1034 3413 1101">
    <p class='ocr_par' dir='ltr' id='par_1_67' title="bbox 1844 1034 3413 1101">
     <span class='ocr_line' id='line_1_67' title="bbox 1844 1034 3413 1101; baseline -0.002 -11"><span class='ocrx_word' id='word_1_502' title='bbox 1844 1037 1896 1090; x_wconf 90' lang='lat' dir='ltr'><strong>in</strong></span> <span class='ocrx_word' id='word_1_503' title='bbox 1925 1035 2167 1090; x_wconf 90' lang='lat' dir='ltr'><strong>eamdem</strong></span> <span class='ocrx_word' id='word_1_504' title='bbox 2216 1036 2464 1089; x_wconf 88' lang='lat' dir='ltr'><strong>convenit</strong></span> <span class='ocrx_word' id='word_1_505' title='bbox 2493 1034 2782 1088; x_wconf 82' lang='lat' dir='ltr'><strong>Ecclesium</strong></span> <span class='ocrx_word' id='word_1_506' title='bbox 2802 1075 2816 1098; x_wconf 94' lang='lat'><strong>,</strong></span> <span class='ocrx_word' id='word_1_507' title='bbox 2843 1044 2896 1087; x_wconf 92' lang='lat' dir='ltr'><strong>et</strong></span> <span class='ocrx_word' id='word_1_508' title='bbox 2924 1035 3207 1101; x_wconf 87' lang='lat' dir='ltr'><strong>fratribus,</strong></span> <span class='ocrx_word' id='word_1_509' title='bbox 3237 1044 3289 1088; x_wconf 86' lang='lat' dir='ltr'><strong>et</strong></span> <span class='ocrx_word' id='word_1_510' title='bbox 3326 1049 3413 1088; x_wconf 88' lang='lat' dir='ltr'><strong>co-</strong></span> 
     </span>
    </p>
   </div>
   <div class='ocr_carea' id='block_1_68' title="bbox 1843 1123 3413 1197">
    <p class='ocr_par' dir='ltr' id='par_1_68' title="bbox 1843 1123 3413 1197">
     <span class='ocr_line' id='line_1_68' title="bbox 1843 1123 3413 1197; baseline -0.002 -18"><span class='ocrx_word' id='word_1_511' title='bbox 1843 1127 2046 1197; x_wconf 78' lang='lat' dir='ltr'><strong>gnatis,</strong></span> <span class='ocrx_word' id='word_1_512' title='bbox 2072 1133 2127 1180; x_wconf 92' lang='lat' dir='ltr'><strong>et</strong></span> <span class='ocrx_word' id='word_1_513' title='bbox 2151 1125 2466 1180; x_wconf 88' lang='lat' dir='ltr'><strong>necessariis</strong></span> <span class='ocrx_word' id='word_1_514' title='bbox 2485 1166 2499 1189; x_wconf 93' lang='lat'><strong>,</strong></span> <span class='ocrx_word' id='word_1_515' title='bbox 2524 1135 2579 1178; x_wconf 91' lang='lat' dir='ltr'><strong>et</strong></span> <span class='ocrx_word' id='word_1_516' title='bbox 2602 1124 2809 1179; x_wconf 69' lang='lat' dir='ltr'><strong>caneris</strong></span> <span class='ocrx_word' id='word_1_517' title='bbox 2837 1123 3081 1178; x_wconf 88' lang='lat' dir='ltr'><strong>omnibus</strong></span> <span class='ocrx_word' id='word_1_518' title='bbox 3100 1134 3180 1177; x_wconf 90' lang='lat' dir='ltr'><strong>est</strong></span> <span class='ocrx_word' id='word_1_519' title='bbox 3199 1124 3413 1194; x_wconf 88' lang='lat' dir='ltr'><strong>prepiu-</strong></span> 
     </span>
    </p>
   </div>
   <div class='ocr_carea' id='block_1_69' title="bbox 1843 1214 3415 1287">
    <p class='ocr_par' dir='ltr' id='par_1_69' title="bbox 1843 1214 3415 1287">
     <span class='ocr_line' id='line_1_69' title="bbox 1843 1214 3415 1287; baseline -0.003 -16"><span class='ocrx_word' id='word_1_520' title='bbox 1843 1219 2015 1287; x_wconf 88' lang='lat' dir='ltr'><strong>quior.</strong></span> <span class='ocrx_word' id='word_1_521' title='bbox 2044 1216 2273 1271; x_wconf 85' lang='lat' dir='ltr'><strong>Proinde</strong></span> <span class='ocrx_word' id='word_1_522' title='bbox 2298 1217 2436 1271; x_wconf 91' lang='lat' dir='ltr'><strong>sicut</strong></span> <span class='ocrx_word' id='word_1_523' title='bbox 2466 1232 2569 1270; x_wconf 88' lang='lat' dir='ltr'><strong>non</strong></span> <span class='ocrx_word' id='word_1_524' title='bbox 2606 1217 2702 1285; x_wconf 88' lang='lat' dir='ltr'><strong>ipsi</strong></span> <span class='ocrx_word' id='word_1_525' title='bbox 2730 1225 2933 1268; x_wconf 91' lang='lat' dir='ltr'><strong>tantum</strong></span> <span class='ocrx_word' id='word_1_526' title='bbox 2974 1214 3117 1269; x_wconf 83' lang='lat' dir='ltr'><strong>fures</strong></span> <span class='ocrx_word' id='word_1_527' title='bbox 3146 1214 3272 1269; x_wconf 88' lang='lat' dir='ltr'><strong>dant</strong></span> <span class='ocrx_word' id='word_1_528' title='bbox 3299 1228 3415 1285; x_wconf 64' lang='lat' dir='ltr'><strong>pw-</strong></span> 
     </span>
    </p>
   </div>
   <div class='ocr_carea' id='block_1_70' title="bbox 1844 1307 3419 1380">
    <p class='ocr_par' dir='ltr' id='par_1_70' title="bbox 1844 1307 3419 1380">
     <span class='ocr_line' id='line_1_70' title="bbox 1844 1307 3419 1380; baseline -0.001 -17"><span class='ocrx_word' id='word_1_529' title='bbox 1844 1324 1966 1375; x_wconf 87' lang='lat' dir='ltr'><strong>nas,</strong></span> <span class='ocrx_word' id='word_1_530' title='bbox 2000 1325 2182 1364; x_wconf 86' lang='lat' dir='ltr'><strong>verum</strong></span> <span class='ocrx_word' id='word_1_531' title='bbox 2209 1310 2368 1363; x_wconf 87' lang='lat' dir='ltr'><strong>etiam</strong></span> <span class='ocrx_word' id='word_1_532' title='bbox 2406 1309 2591 1364; x_wconf 84' lang='lat' dir='ltr'><strong>eadem</strong></span> <span class='ocrx_word' id='word_1_533' title='bbox 2624 1322 2777 1376; x_wconf 70' lang='lat' dir='ltr'><strong>paena</strong></span> <span class='ocrx_word' id='word_1_534' title='bbox 2801 1308 3108 1377; x_wconf 90' lang='lat' dir='ltr'><strong>plectuntur</strong></span> <span class='ocrx_word' id='word_1_535' title='bbox 3137 1308 3195 1374; x_wconf 92' lang='lat' dir='ltr'><strong>ii,</strong></span> <span class='ocrx_word' id='word_1_536' title='bbox 3226 1307 3419 1380; x_wconf 82' lang='lat' dir='ltr'><strong>quibus</strong></span> 
     </span>
    </p>
   </div>
   <div class='ocr_carea' id='block_1_71' title="bbox 1844 1400 3413 1468">
    <p class='ocr_par' dir='ltr' id='par_1_71' title="bbox 1844 1400 3413 1468">
     <span class='ocr_line' id='line_1_71' title="bbox 1844 1400 3413 1468; baseline 0 -15"><span class='ocrx_word' id='word_1_537' title='bbox 1844 1414 1965 1453; x_wconf 91' lang='lat' dir='ltr'><strong>cum</strong></span> <span class='ocrx_word' id='word_1_538' title='bbox 2017 1411 2159 1454; x_wconf 75' lang='lat' dir='ltr'><strong>esset</strong></span> <span class='ocrx_word' id='word_1_539' title='bbox 2210 1407 2441 1468; x_wconf 85' lang='lat' dir='ltr'><strong>potestas</strong></span> <span class='ocrx_word' id='word_1_540' title='bbox 2464 1400 2702 1463; x_wconf 84' lang='lat' dir='ltr'><strong>vetandi,</strong></span> <span class='ocrx_word' id='word_1_541' title='bbox 2746 1414 2849 1452; x_wconf 92' lang='lat' dir='ltr'><strong>non</strong></span> <span class='ocrx_word' id='word_1_542' title='bbox 2877 1407 3158 1453; x_wconf 87' lang='lat' dir='ltr'><strong>vetuerunt</strong></span> <span class='ocrx_word' id='word_1_543' title='bbox 3202 1410 3413 1453; x_wconf 88' lang='lat' dir='ltr'><strong>tamen:</strong></span> 
     </span>
    </p>
   </div>
   <div class='ocr_carea' id='block_1_72' title="bbox 1845 1488 3414 1559">
    <p class='ocr_par' dir='ltr' id='par_1_72' title="bbox 1845 1488 3414 1559">
     <span class='ocr_line' id='line_1_72' title="bbox 1845 1488 3414 1559; baseline 0.001 -15"><span class='ocrx_word' id='word_1_544' title='bbox 1845 1488 1917 1544; x_wconf 88' lang='lat' dir='ltr'><strong>ita</strong></span> <span class='ocrx_word' id='word_1_545' title='bbox 1943 1504 2046 1544; x_wconf 93' lang='lat' dir='ltr'><strong>non</strong></span> <span class='ocrx_word' id='word_1_546' title='bbox 2072 1490 2244 1543; x_wconf 89' lang='lat' dir='ltr'><strong>solum</strong></span> <span class='ocrx_word' id='word_1_547' title='bbox 2267 1490 2355 1559; x_wconf 87' lang='lat' dir='ltr'><strong>qtti</strong></span> <span class='ocrx_word' id='word_1_548' title='bbox 2404 1489 2565 1555; x_wconf 84' lang='lat' dir='ltr'><strong>impie</strong></span> <span class='ocrx_word' id='word_1_549' title='bbox 2586 1500 2775 1559; x_wconf 86' lang='lat' dir='ltr'><strong>agunt,</strong></span> <span class='ocrx_word' id='word_1_550' title='bbox 2797 1505 2981 1543; x_wconf 86' lang='lat' dir='ltr'><strong>verum</strong></span> <span class='ocrx_word' id='word_1_551' title='bbox 3005 1489 3164 1543; x_wconf 89' lang='lat' dir='ltr'><strong>etiam</strong></span> <span class='ocrx_word' id='word_1_552' title='bbox 3194 1489 3268 1545; x_wconf 88' lang='lat' dir='ltr'><strong>illi</strong></span> <span class='ocrx_word' id='word_1_553' title='bbox 3321 1491 3414 1559; x_wconf 88' lang='lat' dir='ltr'><strong>qui</strong></span> 
     </span>
    </p>
   </div>
   <div class='ocr_carea' id='block_1_73' title="bbox 1844 1576 3422 1649">
    <p class='ocr_par' dir='ltr' id='par_1_73' title="bbox 1844 1576 3422 1649">
     <span class='ocr_line' id='line_1_73' title="bbox 1844 1576 3422 1649; baseline -0.001 -14"><span class='ocrx_word' id='word_1_554' title='bbox 1844 1595 1964 1635; x_wconf 91' lang='lat' dir='ltr'><strong>cum</strong></span> <span class='ocrx_word' id='word_1_555' title='bbox 1998 1581 2198 1649; x_wconf 90' lang='lat' dir='ltr'><strong>possint</strong></span> <span class='ocrx_word' id='word_1_556' title='bbox 2225 1579 2292 1633; x_wconf 90' lang='lat' dir='ltr'><strong>ab</strong></span> <span class='ocrx_word' id='word_1_557' title='bbox 2340 1579 2606 1646; x_wconf 89' lang='lat' dir='ltr'><strong>impietate</strong></span> <span class='ocrx_word' id='word_1_558' title='bbox 2659 1593 2938 1643; x_wconf 88' lang='lat' dir='ltr'><strong>revocare,</strong></span> <span class='ocrx_word' id='word_1_559' title='bbox 2995 1587 3168 1634; x_wconf 90' lang='lat' dir='ltr'><strong>tamen</strong></span> <span class='ocrx_word' id='word_1_560' title='bbox 3226 1577 3308 1634; x_wconf 86' lang='lat' dir='ltr'><strong>vel</strong></span> <span class='ocrx_word' id='word_1_561' title='bbox 3348 1576 3422 1633; x_wconf 85' lang='lat' dir='ltr'><strong>ob</strong></span> 
     </span>
    </p>
   </div>
   <div class='ocr_carea' id='block_1_74' title="bbox 1847 1668 3420 1741">
    <p class='ocr_par' dir='ltr' id='par_1_74' title="bbox 1847 1668 3420 1741">
     <span class='ocr_line' id='line_1_74' title="bbox 1847 1668 3420 1741; baseline 0.003 -22"><span class='ocrx_word' id='word_1_562' title='bbox 1847 1671 2140 1741; x_wconf 80' lang='lat' dir='ltr'><strong>pigritiam,</strong></span> <span class='ocrx_word' id='word_1_563' title='bbox 2172 1669 2255 1725; x_wconf 90' lang='lat' dir='ltr'><strong>vel</strong></span> <span class='ocrx_word' id='word_1_564' title='bbox 2286 1670 2355 1723; x_wconf 92' lang='lat' dir='ltr'><strong>ob</strong></span> <span class='ocrx_word' id='word_1_565' title='bbox 2399 1669 2727 1723; x_wconf 88' lang='lat' dir='ltr'><strong>timiditatem</strong></span> <span class='ocrx_word' id='word_1_566' title='bbox 2756 1669 2805 1722; x_wconf 89' lang='lat' dir='ltr'><strong>id</strong></span> <span class='ocrx_word' id='word_1_567' title='bbox 2830 1668 3002 1723; x_wconf 89' lang='lat' dir='ltr'><strong>facere</strong></span> <span class='ocrx_word' id='word_1_568' title='bbox 3032 1668 3238 1736; x_wconf 89' lang='lat' dir='ltr'><strong>nolunt,</strong></span> <span class='ocrx_word' id='word_1_569' title='bbox 3260 1668 3420 1723; x_wconf 86' lang='lat' dir='ltr'><strong>simili</strong></span> 
     </span>
    </p>
   </div>
   <div class='ocr_carea' id='block_1_75' title="bbox 1849 1759 3419 1830">
    <p class='ocr_par' dir='ltr' id='par_1_75' title="bbox 1849 1759 3419 1830">
     <span class='ocr_line' id='line_1_75' title="bbox 1849 1759 3419 1830; baseline -0.001 -14"><span class='ocrx_word' id='word_1_570' title='bbox 1849 1778 1969 1816; x_wconf 90' lang='lat' dir='ltr'><strong>cum</strong></span> <span class='ocrx_word' id='word_1_571' title='bbox 2000 1762 2104 1816; x_wconf 85' lang='lat' dir='ltr'><strong>illis</strong></span> <span class='ocrx_word' id='word_1_572' title='bbox 2150 1776 2302 1830; x_wconf 78' lang='lat' dir='ltr'><strong>ptena</strong></span> <span class='ocrx_word' id='word_1_573' title='bbox 2334 1760 2656 1830; x_wconf 88' lang='lat' dir='ltr'><strong>plectuntur.</strong></span> <span class='ocrx_word' id='word_1_574' title='bbox 2684 1759 2957 1829; x_wconf 87' lang='lat' dir='ltr'><strong>Siquidem</strong></span> <span class='ocrx_word' id='word_1_575' title='bbox 2989 1759 3241 1813; x_wconf 88' lang='lat' dir='ltr'><strong>talentnnt</strong></span> <span class='ocrx_word' id='word_1_576' title='bbox 3289 1760 3419 1814; x_wconf 89' lang='lat' dir='ltr'><strong>illud</strong></span> 
     </span>
    </p>
   </div>
   <div class='ocr_carea' id='block_1_76' title="bbox 1847 1849 3423 1922">
    <p class='ocr_par' dir='ltr' id='par_1_76' title="bbox 1847 1849 3423 1922">
     <span class='ocr_line' id='line_1_76' title="bbox 1847 1849 3423 1922; baseline -0.001 -16"><span class='ocrx_word' id='word_1_577' title='bbox 1847 1852 1989 1922; x_wconf 91' lang='lat' dir='ltr'><strong>quod</strong></span> <span class='ocrx_word' id='word_1_578' title='bbox 2017 1862 2291 1919; x_wconf 72' lang='lat' dir='ltr'><strong>acceperat</strong></span> <span class='ocrx_word' id='word_1_579' title='bbox 2312 1866 2373 1904; x_wconf 88' lang='lat' dir='ltr'><strong>ac</strong></span> <span class='ocrx_word' id='word_1_580' title='bbox 2394 1850 2668 1905; x_wconf 91' lang='lat' dir='ltr'><strong>defoderat</strong></span> <span class='ocrx_word' id='word_1_581' title='bbox 2690 1864 2875 1904; x_wconf 90' lang='lat' dir='ltr'><strong>servus</strong></span> <span class='ocrx_word' id='word_1_582' title='bbox 2900 1850 3006 1915; x_wconf 91' lang='lat' dir='ltr'><strong>ille,</strong></span> <span class='ocrx_word' id='word_1_583' title='bbox 3029 1849 3255 1904; x_wconf 89' lang='lat' dir='ltr'><strong>reddidit</strong></span> <span class='ocrx_word' id='word_1_584' title='bbox 3285 1849 3423 1905; x_wconf 89' lang='lat' dir='ltr'><strong>inte-</strong></span> 
     </span>
    </p>
   </div>
   <div class='ocr_carea' id='block_1_77' title="bbox 1849 1942 3423 2014">
    <p class='ocr_par' dir='ltr' id='par_1_77' title="bbox 1849 1942 3423 2014">
     <span class='ocr_line' id='line_1_77' title="bbox 1849 1942 3423 2014; baseline -0.001 -16"><span class='ocrx_word' id='word_1_585' title='bbox 1849 1960 2031 2014; x_wconf 83' lang='lat' dir='ltr'><strong>grant;</strong></span> <span class='ocrx_word' id='word_1_586' title='bbox 2079 1952 2310 1997; x_wconf 88' lang='lat' dir='ltr'><strong>attamen</strong></span> <span class='ocrx_word' id='word_1_587' title='bbox 2361 1943 2452 1997; x_wconf 91' lang='lat' dir='ltr'><strong>dat</strong></span> <span class='ocrx_word' id='word_1_588' title='bbox 2504 1955 2810 2012; x_wconf 69' lang='lat' dir='ltr'><strong>ptenas,eo</strong></span> <span class='ocrx_word' id='word_1_589' title='bbox 2854 1942 2995 2009; x_wconf 91' lang='lat' dir='ltr'><strong>quod</strong></span> <span class='ocrx_word' id='word_1_590' title='bbox 3048 1956 3150 1993; x_wconf 92' lang='lat' dir='ltr'><strong>non</strong></span> <span class='ocrx_word' id='word_1_591' title='bbox 3200 1948 3423 1996; x_wconf 78' lang='lat' dir='ltr'><strong>auxerat</strong></span> 
     </span>
    </p>
   </div>
   <div class='ocr_carea' id='block_1_78' title="bbox 1850 2029 3420 2105">
    <p class='ocr_par' dir='ltr' id='par_1_78' title="bbox 1850 2029 3420 2105">
     <span class='ocr_line' id='line_1_78' title="bbox 1850 2029 3420 2105; baseline -0.001 -17"><span class='ocrx_word' id='word_1_592' title='bbox 1850 2034 2051 2088; x_wconf 91' lang='lat' dir='ltr'><strong>lucrum</strong></span> <span class='ocrx_word' id='word_1_593' title='bbox 2098 2031 2323 2105; x_wconf 80' lang='lat' dir='ltr'><strong>(Matth.</strong></span> <span class='ocrx_word' id='word_1_594' title='bbox 2352 2033 2417 2087; x_wconf 83' lang='lat' dir='ltr'><strong>l8</strong></span> <span class='ocrx_word' id='word_1_595' title='bbox 2466 2032 2555 2086; x_wconf 61' lang='lat'><strong>‘24.</strong></span> <span class='ocrx_word' id='word_1_596' title='bbox 2580 2030 2735 2103; x_wconf 86' lang='lat' dir='ltr'><strong>sqq.):</strong></span> <span class='ocrx_word' id='word_1_597' title='bbox 2785 2031 2854 2085; x_wconf 91' lang='lat' dir='ltr'><strong>ita</strong></span> <span class='ocrx_word' id='word_1_598' title='bbox 2886 2039 2940 2084; x_wconf 90' lang='lat' dir='ltr'><strong>tu</strong></span> <span class='ocrx_word' id='word_1_599' title='bbox 2964 2030 3175 2100; x_wconf 90' lang='lat' dir='ltr'><strong>quidem</strong></span> <span class='ocrx_word' id='word_1_600' title='bbox 3212 2029 3420 2085; x_wconf 80' lang='lat' dir='ltr'><strong>etiamsi</strong></span> 
     </span>
    </p>
   </div>
   <div class='ocr_carea' id='block_1_79' title="bbox 1851 2120 3422 2193">
    <p class='ocr_par' dir='ltr' id='par_1_79' title="bbox 1851 2120 3422 2193">
     <span class='ocr_line' id='line_1_79' title="bbox 1851 2120 3422 2193; baseline -0.003 -14"><span class='ocrx_word' id='word_1_601' title='bbox 1851 2125 1963 2193; x_wconf 90' lang='lat' dir='ltr'><strong>ipse</strong></span> <span class='ocrx_word' id='word_1_602' title='bbox 1993 2138 2156 2193; x_wconf 87' lang='lat' dir='ltr'><strong>purus</strong></span> <span class='ocrx_word' id='word_1_603' title='bbox 2182 2134 2230 2177; x_wconf 90' lang='lat' dir='ltr'><strong>et</strong></span> <span class='ocrx_word' id='word_1_604' title='bbox 2260 2124 2512 2177; x_wconf 89' lang='lat' dir='ltr'><strong>innocens</strong></span> <span class='ocrx_word' id='word_1_605' title='bbox 2537 2136 2877 2190; x_wconf 84' lang='lat' dir='ltr'><strong>perseveres,</strong></span> <span class='ocrx_word' id='word_1_606' title='bbox 2907 2120 2951 2174; x_wconf 89' lang='lat' dir='ltr'><strong>si</strong></span> <span class='ocrx_word' id='word_1_607' title='bbox 2978 2137 3082 2174; x_wconf 89' lang='lat' dir='ltr'><strong>non</strong></span> <span class='ocrx_word' id='word_1_608' title='bbox 3110 2135 3302 2190; x_wconf 89' lang='lat' dir='ltr'><strong>augeas</strong></span> <span class='ocrx_word' id='word_1_609' title='bbox 3345 2129 3422 2175; x_wconf 55' lang='lat' dir='ltr'><strong>ta.</strong></span> 
     </span>
    </p>
   </div>
   <div class='ocr_carea' id='block_1_80' title="bbox 1852 2209 3421 2281">
    <p class='ocr_par' dir='ltr' id='par_1_80' title="bbox 1852 2209 3421 2281">
     <span class='ocr_line' id='line_1_80' title="bbox 1852 2209 3421 2281; baseline -0.003 -13"><span class='ocrx_word' id='word_1_610' title='bbox 1852 2214 2049 2268; x_wconf 84' lang='lat' dir='ltr'><strong>lentum</strong></span> <span class='ocrx_word' id='word_1_611' title='bbox 2071 2254 2086 2277; x_wconf 92' lang='lat'><strong>,</strong></span> <span class='ocrx_word' id='word_1_612' title='bbox 2119 2229 2218 2267; x_wconf 91' lang='lat' dir='ltr'><strong>nec</strong></span> <span class='ocrx_word' id='word_1_613' title='bbox 2237 2213 2451 2268; x_wconf 88' lang='lat' dir='ltr'><strong>fratrem</strong></span> <span class='ocrx_word' id='word_1_614' title='bbox 2476 2222 2783 2281; x_wconf 89' lang='lat' dir='ltr'><strong>pereuntem</strong></span> <span class='ocrx_word' id='word_1_615' title='bbox 2812 2225 3031 2264; x_wconf 82' lang='lat' dir='ltr'><strong>revoces</strong></span> <span class='ocrx_word' id='word_1_616' title='bbox 3061 2210 3126 2263; x_wconf 91' lang='lat' dir='ltr'><strong>ad</strong></span> <span class='ocrx_word' id='word_1_617' title='bbox 3162 2209 3421 2274; x_wconf 88' lang='lat' dir='ltr'><strong>salutem,</strong></span> 
     </span>
    </p>
   </div>
   <div class='ocr_carea' id='block_1_81' title="bbox 1855 2296 3422 2372">
    <p class='ocr_par' dir='ltr' id='par_1_81' title="bbox 1855 2296 3422 2372">
     <span class='ocr_line' id='line_1_81' title="bbox 1855 2296 3422 2372; baseline -0.004 -14"><span class='ocrx_word' id='word_1_618' title='bbox 1855 2304 2040 2360; x_wconf 85' lang='lat' dir='ltr'><strong>eadem</strong></span> <span class='ocrx_word' id='word_1_619' title='bbox 2066 2319 2183 2372; x_wconf 73' lang='lat' dir='ltr'><strong>qua:</strong></span> <span class='ocrx_word' id='word_1_620' title='bbox 2215 2302 2303 2357; x_wconf 89' lang='lat' dir='ltr'><strong>ille</strong></span> <span class='ocrx_word' id='word_1_621' title='bbox 2334 2302 2567 2371; x_wconf 90' lang='lat' dir='ltr'><strong>patieris.</strong></span> <span class='ocrx_word' id='word_1_622' title='bbox 2594 2299 2729 2368; x_wconf 87' lang='lat' dir='ltr'><strong>Quid</strong></span> <span class='ocrx_word' id='word_1_623' title='bbox 2759 2299 2933 2368; x_wconf 81' lang='lat' dir='ltr'><strong>magni</strong></span> <span class='ocrx_word' id='word_1_624' title='bbox 2975 2298 3225 2369; x_wconf 83' lang='lat' dir='ltr'><strong>postulo?</strong></span> <span class='ocrx_word' id='word_1_625' title='bbox 3250 2296 3422 2353; x_wconf 79' lang='lat' dir='ltr'><strong>Unus-</strong></span> 
     </span>
    </p>
   </div>
   <div class='ocr_carea' id='block_1_82' title="bbox 1851 2390 3422 2465">
    <p class='ocr_par' dir='ltr' id='par_1_82' title="bbox 1851 2390 3422 2465">
     <span class='ocr_line' id='line_1_82' title="bbox 1851 2390 3422 2465; baseline -0.001 -17"><span class='ocrx_word' id='word_1_626' title='bbox 1851 2396 2073 2465; x_wconf 88' lang='lat' dir='ltr'><strong>quisque</strong></span> <span class='ocrx_word' id='word_1_627' title='bbox 2097 2403 2329 2449; x_wconf 88' lang='lat' dir='ltr'><strong>vcstrum</strong></span> <span class='ocrx_word' id='word_1_628' title='bbox 2361 2410 2522 2448; x_wconf 91' lang='lat' dir='ltr'><strong>unum</strong></span> <span class='ocrx_word' id='word_1_629' title='bbox 2549 2393 2676 2447; x_wconf 87' lang='lat' dir='ltr'><strong>mihi</strong></span> <span class='ocrx_word' id='word_1_630' title='bbox 2703 2408 2767 2445; x_wconf 85' lang='lat' dir='ltr'><strong>ex</strong></span> <span class='ocrx_word' id='word_1_631' title='bbox 2799 2390 3045 2445; x_wconf 87' lang='lat' dir='ltr'><strong>fratribus</strong></span> <span class='ocrx_word' id='word_1_632' title='bbox 3090 2391 3155 2446; x_wconf 88' lang='lat' dir='ltr'><strong>ad</strong></span> <span class='ocrx_word' id='word_1_633' title='bbox 3199 2393 3422 2447; x_wconf 87' lang='lat' dir='ltr'><strong>salutem</strong></span> 
     </span>
    </p>
   </div>
   <div class='ocr_carea' id='block_1_83' title="bbox 1852 2482 3428 2554">
    <p class='ocr_par' dir='ltr' id='par_1_83' title="bbox 1852 2482 3428 2554">
     <span class='ocr_line' id='line_1_83' title="bbox 1852 2482 3428 2554; baseline -0.004 -13"><span class='ocrx_word' id='word_1_634' title='bbox 1852 2496 2101 2551; x_wconf 85' lang='lat' dir='ltr'><strong>revocet;</strong></span> <span class='ocrx_word' id='word_1_635' title='bbox 2131 2485 2216 2540; x_wconf 90' lang='lat' dir='ltr'><strong>hic</strong></span> <span class='ocrx_word' id='word_1_636' title='bbox 2236 2485 2515 2549; x_wconf 88' lang='lat' dir='ltr'><strong>sollicitus,</strong></span> <span class='ocrx_word' id='word_1_637' title='bbox 2549 2484 2636 2538; x_wconf 89' lang='lat' dir='ltr'><strong>hic</strong></span> <span class='ocrx_word' id='word_1_638' title='bbox 2658 2485 2879 2553; x_wconf 90' lang='lat' dir='ltr'><strong>quisque</strong></span> <span class='ocrx_word' id='word_1_639' title='bbox 2899 2482 3140 2536; x_wconf 89' lang='lat' dir='ltr'><strong>curiosus</strong></span> <span class='ocrx_word' id='word_1_640' title='bbox 3158 2493 3296 2551; x_wconf 85' lang='lat' dir='ltr'><strong>esto,</strong></span> <span class='ocrx_word' id='word_1_641' title='bbox 3319 2498 3428 2554; x_wconf 87' lang='lat' dir='ltr'><strong>quo</strong></span> 
     </span>
    </p>
   </div>
   <div class='ocr_carea' id='block_1_84' title="bbox 1852 2576 3421 2633">
    <p class='ocr_par' dir='ltr' id='par_1_84' title="bbox 1852 2576 3421 2633">
     <span class='ocr_line' id='line_1_84' title="bbox 1852 2576 3421 2633; baseline -0.002 0"><span class='ocrx_word' id='word_1_642' title='bbox 1852 2580 2100 2633; x_wconf 91' lang='lat' dir='ltr'><strong>nimirum</strong></span> <span class='ocrx_word' id='word_1_643' title='bbox 2124 2579 2175 2632; x_wconf 92' lang='lat' dir='ltr'><strong>in</strong></span> <span class='ocrx_word' id='word_1_644' title='bbox 2201 2579 2429 2633; x_wconf 65' lang='lat' dir='ltr'><strong>crastina</strong></span> <span class='ocrx_word' id='word_1_645' title='bbox 2457 2578 2675 2631; x_wconf 87' lang='lat' dir='ltr'><strong>collecta</strong></span> <span class='ocrx_word' id='word_1_646' title='bbox 2707 2576 2868 2629; x_wconf 91' lang='lat' dir='ltr'><strong>multa</strong></span> <span class='ocrx_word' id='word_1_647' title='bbox 2897 2591 3016 2629; x_wconf 91' lang='lat' dir='ltr'><strong>cum</strong></span> <span class='ocrx_word' id='word_1_648' title='bbox 3062 2576 3247 2629; x_wconf 87' lang='lat' dir='ltr'><strong>fiducia</strong></span> <span class='ocrx_word' id='word_1_649' title='bbox 3273 2590 3421 2631; x_wconf 91' lang='lat' dir='ltr'><strong>com-</strong></span> 
     </span>
    </p>
   </div>
   <div class='ocr_carea' id='block_1_85' title="bbox 1852 2666 3423 2741">
    <p class='ocr_par' dir='ltr' id='par_1_85' title="bbox 1852 2666 3423 2741">
     <span class='ocr_line' id='line_1_85' title="bbox 1852 2666 3423 2741; baseline -0.002 -18"><span class='ocrx_word' id='word_1_650' title='bbox 1852 2685 2137 2741; x_wconf 89' lang='lat' dir='ltr'><strong>pareanms</strong></span> <span class='ocrx_word' id='word_1_651' title='bbox 2175 2670 2391 2723; x_wconf 90' lang='lat' dir='ltr'><strong>donaria</strong></span> <span class='ocrx_word' id='word_1_652' title='bbox 2440 2670 2546 2721; x_wconf 86' lang='lat' dir='ltr'><strong>Deo</strong></span> <span class='ocrx_word' id='word_1_653' title='bbox 2592 2669 2818 2720; x_wconf 86' lang='lat' dir='ltr'><strong>ferentes</strong></span> <span class='ocrx_word' id='word_1_654' title='bbox 2841 2705 2857 2731; x_wconf 94' lang='lat'><strong>,</strong></span> <span class='ocrx_word' id='word_1_655' title='bbox 2890 2666 3107 2720; x_wconf 88' lang='lat' dir='ltr'><strong>donaria</strong></span> <span class='ocrx_word' id='word_1_656' title='bbox 3131 2708 3147 2733; x_wconf 88' lang='lat'><strong>,</strong></span> <span class='ocrx_word' id='word_1_657' title='bbox 3179 2666 3423 2737; x_wconf 86' lang='lat' dir='ltr'><strong>inquam,</strong></span> 
     </span>
    </p>
   </div>
   <div class='ocr_carea' id='block_1_86' title="bbox 1855 2756 3421 2828">
    <p class='ocr_par' dir='ltr' id='par_1_86' title="bbox 1855 2756 3421 2828">
     <span class='ocr_line' id='line_1_86' title="bbox 1855 2756 3421 2828; baseline -0.001 -15"><span class='ocrx_word' id='word_1_658' title='bbox 1855 2760 2091 2813; x_wconf 90' lang='lat' dir='ltr'><strong>omnittm</strong></span> <span class='ocrx_word' id='word_1_659' title='bbox 2126 2760 2535 2828; x_wconf 88' lang='lat' dir='ltr'><strong>pretiosissima,</strong></span> <span class='ocrx_word' id='word_1_660' title='bbox 2563 2759 2605 2811; x_wconf 88' lang='lat' dir='ltr'><strong>si</strong></span> <span class='ocrx_word' id='word_1_661' title='bbox 2638 2758 2843 2810; x_wconf 78' lang='lat' dir='ltr'><strong>animas</strong></span> <span class='ocrx_word' id='word_1_662' title='bbox 2870 2756 3160 2809; x_wconf 89' lang='lat' dir='ltr'><strong>errantium</strong></span> <span class='ocrx_word' id='word_1_663' title='bbox 3191 2756 3421 2812; x_wconf 76' lang='lat' dir='ltr'><strong>reduxe-</strong></span> 
     </span>
    </p>
   </div>
   <div class='ocr_carea' id='block_1_87' title="bbox 1853 2846 3429 2916">
    <p class='ocr_par' dir='ltr' id='par_1_87' title="bbox 1853 2846 3429 2916">
     <span class='ocr_line' id='line_1_87' title="bbox 1853 2846 3429 2916; baseline -0.007 -9"><span class='ocrx_word' id='word_1_664' title='bbox 1853 2854 2055 2916; x_wconf 86' lang='lat' dir='ltr'><strong>rimns;</strong></span> <span class='ocrx_word' id='word_1_665' title='bbox 2085 2852 2290 2906; x_wconf 55' lang='lat' dir='ltr'><strong>etiamsi</strong></span> <span class='ocrx_word' id='word_1_666' title='bbox 2328 2850 2647 2904; x_wconf 88' lang='lat' dir='ltr'><strong>contumelia</strong></span> <span class='ocrx_word' id='word_1_667' title='bbox 2679 2849 2834 2902; x_wconf 91' lang='lat' dir='ltr'><strong>fuerit</strong></span> <span class='ocrx_word' id='word_1_668' title='bbox 2857 2846 3106 2913; x_wconf 87' lang='lat' dir='ltr'><strong>ferenda,</strong></span> <span class='ocrx_word' id='word_1_669' title='bbox 3130 2846 3174 2902; x_wconf 90' lang='lat' dir='ltr'><strong>si</strong></span> <span class='ocrx_word' id='word_1_670' title='bbox 3199 2847 3429 2902; x_wconf 87' lang='lat' dir='ltr'><strong>toleran-</strong></span> 
     </span>
    </p>
   </div>
   <div class='ocr_carea' id='block_1_88' title="bbox 1853 2935 3427 3009">
    <p class='ocr_par' dir='ltr' id='par_1_88' title="bbox 1853 2935 3427 3009">
     <span class='ocr_line' id='line_1_88' title="bbox 1853 2935 3427 3009; baseline -0.004 -13"><span class='ocrx_word' id='word_1_671' title='bbox 1853 2945 1919 2996; x_wconf 88' lang='lat' dir='ltr'><strong>da</strong></span> <span class='ocrx_word' id='word_1_672' title='bbox 1967 2942 2220 3007; x_wconf 80' lang='lat' dir='ltr'><strong>verbera,</strong></span> <span class='ocrx_word' id='word_1_673' title='bbox 2273 2941 2316 2993; x_wconf 90' lang='lat' dir='ltr'><strong>si</strong></span> <span class='ocrx_word' id='word_1_674' title='bbox 2365 2938 2573 3009; x_wconf 85' lang='lat' dir='ltr'><strong>quidvis</strong></span> <span class='ocrx_word' id='word_1_675' title='bbox 2621 2938 2759 2991; x_wconf 87' lang='lat' dir='ltr'><strong>aliud</strong></span> <span class='ocrx_word' id='word_1_676' title='bbox 2804 2935 3195 3000; x_wconf 70' lang='lat' dir='ltr'><strong>suﬂcrendum,</strong></span> <span class='ocrx_word' id='word_1_677' title='bbox 3246 2936 3427 2990; x_wconf 87' lang='lat' dir='ltr'><strong>omnia</strong></span> 
     </span>
    </p>
   </div>
   <div class='ocr_carea' id='block_1_89' title="bbox 1857 3027 3422 3097">
    <p class='ocr_par' dir='ltr' id='par_1_89' title="bbox 1857 3027 3422 3097">
     <span class='ocr_line' id='line_1_89' title="bbox 1857 3027 3422 3097; baseline -0.003 -10"><span class='ocrx_word' id='word_1_678' title='bbox 1857 3033 2109 3087; x_wconf 88' lang='lat' dir='ltr'><strong>faciamus</strong></span> <span class='ocrx_word' id='word_1_679' title='bbox 2160 3042 2218 3086; x_wconf 88' lang='lat' dir='ltr'><strong>ttt</strong></span> <span class='ocrx_word' id='word_1_680' title='bbox 2270 3032 2386 3084; x_wconf 92' lang='lat' dir='ltr'><strong>illos</strong></span> <span class='ocrx_word' id='word_1_681' title='bbox 2432 3043 2826 3097; x_wconf 87' lang='lat' dir='ltr'><strong>recuperetnus.</strong></span> <span class='ocrx_word' id='word_1_682' title='bbox 2870 3027 3310 3097; x_wconf 89' lang='lat' dir='ltr'><strong>Quandoquidem</strong></span> <span class='ocrx_word' id='word_1_683' title='bbox 3363 3038 3422 3082; x_wconf 80' lang='lat' dir='ltr'><strong>et</strong></span> 
     </span>
    </p>
   </div>
   <div class='ocr_carea' id='block_1_90' title="bbox 1855 3118 3426 3192">
    <p class='ocr_par' dir='ltr' id='par_1_90' title="bbox 1855 3118 3426 3192">
     <span class='ocr_line' id='line_1_90' title="bbox 1855 3118 3426 3192; baseline -0.004 -16"><span class='ocrx_word' id='word_1_684' title='bbox 1855 3135 2086 3192; x_wconf 64' lang='lat' dir='ltr'><strong>a&#39;groms</strong></span> <span class='ocrx_word' id='word_1_685' title='bbox 2113 3122 2345 3176; x_wconf 88' lang='lat' dir='ltr'><strong>calcibus</strong></span> <span class='ocrx_word' id='word_1_686' title='bbox 2400 3119 2682 3184; x_wconf 88' lang='lat' dir='ltr'><strong>ferientes,</strong></span> <span class='ocrx_word' id='word_1_687' title='bbox 2714 3119 3047 3173; x_wconf 84' lang='lat' dir='ltr'><strong>eontntneliis</strong></span> <span class='ocrx_word' id='word_1_688' title='bbox 3074 3130 3128 3173; x_wconf 91' lang='lat' dir='ltr'><strong>et</strong></span> <span class='ocrx_word' id='word_1_689' title='bbox 3172 3118 3426 3173; x_wconf 78' lang='lat' dir='ltr'><strong>conviciis</strong></span> 
     </span>
    </p>
   </div>
   <div class='ocr_carea' id='block_1_91' title="bbox 1857 3210 3422 3275">
    <p class='ocr_par' dir='ltr' id='par_1_91' title="bbox 1857 3210 3422 3275">
     <span class='ocr_line' id='line_1_91' title="bbox 1857 3210 3422 3275; baseline -0.003 -6"><span class='ocrx_word' id='word_1_690' title='bbox 1857 3216 2187 3269; x_wconf 87' lang='lat' dir='ltr'><strong>incessentes</strong></span> <span class='ocrx_word' id='word_1_691' title='bbox 2232 3214 2487 3275; x_wconf 89' lang='lat' dir='ltr'><strong>ferimus,</strong></span> <span class='ocrx_word' id='word_1_692' title='bbox 2540 3227 2639 3266; x_wconf 90' lang='lat' dir='ltr'><strong>nec</strong></span> <span class='ocrx_word' id='word_1_693' title='bbox 2689 3210 3009 3265; x_wconf 83' lang='lat' dir='ltr'><strong>offendimur</strong></span> <span class='ocrx_word' id='word_1_694' title='bbox 3053 3210 3422 3264; x_wconf 88' lang='lat' dir='ltr'><strong>contumeliis:</strong></span> 
     </span>
    </p>
   </div>
   <div class='ocr_carea' id='block_1_92' title="bbox 1856 3300 3423 3370">
    <p class='ocr_par' dir='ltr' id='par_1_92' title="bbox 1856 3300 3423 3370">
     <span class='ocr_line' id='line_1_92' title="bbox 1856 3300 3423 3370; baseline -0.003 -12"><span class='ocrx_word' id='word_1_695' title='bbox 1856 3322 2043 3361; x_wconf 89' lang='lat' dir='ltr'><strong>verum</strong></span> <span class='ocrx_word' id='word_1_696' title='bbox 2089 3305 2218 3357; x_wconf 87' lang='lat' dir='ltr'><strong>nihil</strong></span> <span class='ocrx_word' id='word_1_697' title='bbox 2270 3302 2412 3357; x_wconf 87' lang='lat' dir='ltr'><strong>aliud</strong></span> <span class='ocrx_word' id='word_1_698' title='bbox 2442 3303 2622 3356; x_wconf 82' lang='lat' dir='ltr'><strong>videre</strong></span> <span class='ocrx_word' id='word_1_699' title='bbox 2651 3302 2891 3370; x_wconf 88' lang='lat' dir='ltr'><strong>cupimus</strong></span> <span class='ocrx_word' id='word_1_700' title='bbox 2912 3342 2928 3365; x_wconf 93' lang='lat'><strong>,</strong></span> <span class='ocrx_word' id='word_1_701' title='bbox 2956 3315 3113 3369; x_wconf 87' lang='lat' dir='ltr'><strong>quam</strong></span> <span class='ocrx_word' id='word_1_702' title='bbox 3143 3300 3423 3354; x_wconf 84' lang='lat' dir='ltr'><strong>sanitatem</strong></span> 
     </span>
    </p>
   </div>
   <div class='ocr_carea' id='block_1_93' title="bbox 1857 3390 3424 3466">
    <p class='ocr_par' dir='ltr' id='par_1_93' title="bbox 1857 3390 3424 3466">
     <span class='ocr_line' id='line_1_93' title="bbox 1857 3390 3424 3466; baseline -0.003 -16"><span class='ocrx_word' id='word_1_703' title='bbox 1857 3397 2085 3452; x_wconf 87' lang='lat' dir='ltr'><strong>hominis</strong></span> <span class='ocrx_word' id='word_1_704' title='bbox 2108 3412 2203 3466; x_wconf 91' lang='lat' dir='ltr'><strong>per</strong></span> <span class='ocrx_word' id='word_1_705' title='bbox 2230 3396 2474 3449; x_wconf 89' lang='lat' dir='ltr'><strong>morbum</strong></span> <span class='ocrx_word' id='word_1_706' title='bbox 2506 3393 2753 3447; x_wconf 87' lang='lat' dir='ltr'><strong>indecora</strong></span> <span class='ocrx_word' id='word_1_707' title='bbox 2779 3390 3039 3446; x_wconf 90' lang='lat' dir='ltr'><strong>facientis.</strong></span> <span class='ocrx_word' id='word_1_708' title='bbox 3070 3390 3205 3458; x_wconf 88' lang='lat' dir='ltr'><strong>Quitt</strong></span> <span class='ocrx_word' id='word_1_709' title='bbox 3233 3400 3286 3445; x_wconf 90' lang='lat' dir='ltr'><strong>et</strong></span> <span class='ocrx_word' id='word_1_710' title='bbox 3309 3405 3424 3446; x_wconf 90' lang='lat' dir='ltr'><strong>me-</strong></span> 
     </span>
    </p>
   </div>
   <div class='ocr_carea' id='block_1_94' title="bbox 1857 3481 3425 3555">
    <p class='ocr_par' dir='ltr' id='par_1_94' title="bbox 1857 3481 3425 3555">
     <span class='ocr_line' id='line_1_94' title="bbox 1857 3481 3425 3555; baseline -0.005 -11"><span class='ocrx_word' id='word_1_711' title='bbox 1857 3490 1961 3545; x_wconf 92' lang='lat' dir='ltr'><strong>dici</strong></span> <span class='ocrx_word' id='word_1_712' title='bbox 1993 3497 2194 3544; x_wconf 88' lang='lat' dir='ltr'><strong>vestem</strong></span> <span class='ocrx_word' id='word_1_713' title='bbox 2241 3502 2385 3555; x_wconf 67' lang='lat' dir='ltr'><strong>saepe</strong></span> <span class='ocrx_word' id='word_1_714' title='bbox 2429 3486 2680 3541; x_wconf 87' lang='lat' dir='ltr'><strong>laceravit</strong></span> <span class='ocrx_word' id='word_1_715' title='bbox 2707 3492 3003 3553; x_wconf 70' lang='lat' dir='ltr'><strong>tegi-etans,</strong></span> <span class='ocrx_word' id='word_1_716' title='bbox 3034 3492 3087 3536; x_wconf 89' lang='lat' dir='ltr'><strong>at</strong></span> <span class='ocrx_word' id='word_1_717' title='bbox 3119 3496 3221 3535; x_wconf 88' lang='lat' dir='ltr'><strong>non</strong></span> <span class='ocrx_word' id='word_1_718' title='bbox 3251 3481 3369 3536; x_wconf 87' lang='lat' dir='ltr'><strong>ideo</strong></span> <span class='ocrx_word' id='word_1_719' title='bbox 3395 3497 3425 3536; x_wconf 86' lang='lat' dir='ltr'><strong>a</strong></span> 
     </span>
    </p>
   </div>
   <div class='ocr_carea' id='block_1_95' title="bbox 1857 3571 3428 3644">
    <p class='ocr_par' dir='ltr' id='par_1_95' title="bbox 1857 3571 3428 3644">
     <span class='ocr_line' id='line_1_95' title="bbox 1857 3571 3428 3644; baseline -0.008 -11"><span class='ocrx_word' id='word_1_720' title='bbox 1857 3596 1982 3633; x_wconf 89' lang='lat' dir='ltr'><strong>cura</strong></span> <span class='ocrx_word' id='word_1_721' title='bbox 2026 3577 2230 3633; x_wconf 88' lang='lat' dir='ltr'><strong>destitit</strong></span> <span class='ocrx_word' id='word_1_722' title='bbox 2281 3578 2387 3632; x_wconf 92' lang='lat' dir='ltr'><strong>ille.</strong></span> <span class='ocrx_word' id='word_1_723' title='bbox 2437 3576 2534 3644; x_wconf 90' lang='lat' dir='ltr'><strong>Qui</strong></span> <span class='ocrx_word' id='word_1_724' title='bbox 2568 3576 2626 3631; x_wconf 90' lang='lat' dir='ltr'><strong>fit</strong></span> <span class='ocrx_word' id='word_1_725' title='bbox 2674 3575 2851 3644; x_wconf 84' lang='lat' dir='ltr'><strong>igitur,</strong></span> <span class='ocrx_word' id='word_1_726' title='bbox 2884 3582 2937 3626; x_wconf 90' lang='grc' dir='ltr'><strong>ιιι</strong></span> <span class='ocrx_word' id='word_1_727' title='bbox 2980 3573 3068 3642; x_wconf 90' lang='lat' dir='ltr'><strong>qui</strong></span> <span class='ocrx_word' id='word_1_728' title='bbox 3114 3571 3428 3640; x_wconf 76' lang='lat' dir='ltr'><strong>corporibus</strong></span> 
     </span>
    </p>
   </div>
   <div class='ocr_carea' id='block_1_96' title="bbox 1858 3664 3426 3735">
    <p class='ocr_par' dir='ltr' id='par_1_96' title="bbox 1858 3664 3426 3735">
     <span class='ocr_line' id='line_1_96' title="bbox 1858 3664 3426 3735; baseline -0.006 -10"><span class='ocrx_word' id='word_1_729' title='bbox 1858 3672 2176 3732; x_wconf 90' lang='lat' dir='ltr'><strong>consulunt,</strong></span> <span class='ocrx_word' id='word_1_730' title='bbox 2209 3678 2352 3723; x_wconf 90' lang='lat' dir='ltr'><strong>tanta</strong></span> <span class='ocrx_word' id='word_1_731' title='bbox 2383 3677 2595 3722; x_wconf 88' lang='lat' dir='ltr'><strong>utantur</strong></span> <span class='ocrx_word' id='word_1_732' title='bbox 2622 3666 2925 3735; x_wconf 82' lang='lat' dir='ltr'><strong>diligentia,</strong></span> <span class='ocrx_word' id='word_1_733' title='bbox 2963 3680 3059 3717; x_wconf 89' lang='lat' dir='ltr'><strong>nos</strong></span> <span class='ocrx_word' id='word_1_734' title='bbox 3100 3673 3176 3716; x_wconf 91' lang='lat' dir='ltr'><strong>tot</strong></span> <span class='ocrx_word' id='word_1_735' title='bbox 3224 3664 3426 3715; x_wconf 84' lang='lat' dir='ltr'><strong>anima—</strong></span> 
     </span>
    </p>
   </div>
   <div class='ocr_carea' id='block_1_97' title="bbox 1860 3753 3429 3829">
    <p class='ocr_par' dir='ltr' id='par_1_97' title="bbox 1860 3753 3429 3829">
     <span class='ocr_line' id='line_1_97' title="bbox 1860 3753 3429 3829; baseline -0.005 -15"><span class='ocrx_word' id='word_1_736' title='bbox 1860 3763 1958 3815; x_wconf 86' lang='lat' dir='ltr'><strong>bus</strong></span> <span class='ocrx_word' id='word_1_737' title='bbox 1983 3760 2321 3829; x_wconf 88' lang='lat' dir='ltr'><strong>pereuntibus</strong></span> <span class='ocrx_word' id='word_1_738' title='bbox 2340 3772 2631 3820; x_wconf 86' lang='lat' dir='ltr'><strong>cessemus,</strong></span> <span class='ocrx_word' id='word_1_739' title='bbox 2657 3754 2871 3825; x_wconf 85' lang='lat' dir='ltr'><strong>perinde</strong></span> <span class='ocrx_word' id='word_1_740' title='bbox 2892 3754 3039 3823; x_wconf 90' lang='lat' dir='ltr'><strong>quasi</strong></span> <span class='ocrx_word' id='word_1_741' title='bbox 3066 3753 3429 3807; x_wconf 78' lang='lat' dir='ltr'><strong>existimemus</strong></span> 
     </span>
    </p>
   </div>
   <div class='ocr_carea' id='block_1_98' title="bbox 1860 3847 3427 3918">
    <p class='ocr_par' dir='ltr' id='par_1_98' title="bbox 1860 3847 3427 3918">
     <span class='ocr_line' id='line_1_98' title="bbox 1860 3847 3427 3918; baseline -0.006 -12"><span class='ocrx_word' id='word_1_742' title='bbox 1860 3852 1989 3907; x_wconf 87' lang='lat' dir='ltr'><strong>nihil</strong></span> <span class='ocrx_word' id='word_1_743' title='bbox 2017 3854 2258 3906; x_wconf 89' lang='lat' dir='ltr'><strong>accidere</strong></span> <span class='ocrx_word' id='word_1_744' title='bbox 2309 3866 2497 3918; x_wconf 86' lang='lat' dir='ltr'><strong>grave,</strong></span> <span class='ocrx_word' id='word_1_745' title='bbox 2527 3864 2646 3901; x_wconf 89' lang='lat' dir='ltr'><strong>cum</strong></span> <span class='ocrx_word' id='word_1_746' title='bbox 2704 3847 2942 3902; x_wconf 89' lang='lat' dir='ltr'><strong>membra</strong></span> <span class='ocrx_word' id='word_1_747' title='bbox 2984 3854 3162 3897; x_wconf 90' lang='lat' dir='ltr'><strong>nostra</strong></span> <span class='ocrx_word' id='word_1_748' title='bbox 3220 3853 3427 3912; x_wconf 82' lang='lat' dir='ltr'><strong>putres-</strong></span> 
     </span>
    </p>
   </div>
   <div class='ocr_carea' id='block_1_99' title="bbox 1858 3932 3425 4005">
    <p class='ocr_par' dir='ltr' id='par_1_99' title="bbox 1858 3932 3425 4005">
     <span class='ocr_line' id='line_1_99' title="bbox 1858 3932 3425 4005; baseline -0.009 -7"><span class='ocrx_word' id='word_1_749' title='bbox 1858 3944 2021 3998; x_wconf 87' lang='lat' dir='ltr'><strong>cunt?</strong></span> <span class='ocrx_word' id='word_1_750' title='bbox 2050 3946 2119 3996; x_wconf 85' lang='lat' dir='ltr'><strong>At</strong></span> <span class='ocrx_word' id='word_1_751' title='bbox 2142 3958 2248 3995; x_wconf 89' lang='lat' dir='ltr'><strong>non</strong></span> <span class='ocrx_word' id='word_1_752' title='bbox 2269 3942 2340 3995; x_wconf 89' lang='lat' dir='ltr'><strong>ita</strong></span> <span class='ocrx_word' id='word_1_753' title='bbox 2364 3940 2554 3994; x_wconf 91' lang='lat' dir='ltr'><strong>Paulus</strong></span> <span class='ocrx_word' id='word_1_754' title='bbox 2578 3955 2592 3992; x_wconf 86' lang='lat'><strong>:</strong></span> <span class='ocrx_word' id='word_1_755' title='bbox 2616 3936 2709 3991; x_wconf 89' lang='lat' dir='ltr'><strong>sed</strong></span> <span class='ocrx_word' id='word_1_756' title='bbox 2738 3934 3038 4005; x_wconf 88' lang='lat' dir='ltr'><strong>quomodo?</strong></span> <span class='ocrx_word' id='word_1_757' title='bbox 3062 3933 3217 3998; x_wconf 88' lang='lat' dir='ltr'><strong>Quis,</strong></span> <span class='ocrx_word' id='word_1_758' title='bbox 3238 3932 3425 4000; x_wconf 89' lang='lat' dir='ltr'><strong>inquit,</strong></span> 
     </span>
    </p>
   </div>
   <div class='ocr_carea' id='block_1_100' title="bbox 1859 4023 3429 4100">
    <p class='ocr_par' dir='ltr' id='par_1_100' title="bbox 1859 4023 3429 4100">
     <span class='ocr_line' id='line_1_100' title="bbox 1859 4023 3429 4100; baseline -0.008 -15"><span class='ocrx_word' id='word_1_759' title='bbox 1859 4034 2164 4100; x_wconf 80' lang='lat' dir='ltr'><strong>inﬁrmatur,</strong></span> <span class='ocrx_word' id='word_1_760' title='bbox 2196 4040 2242 4084; x_wconf 80' lang='lat' dir='ltr'><strong>et</strong></span> <span class='ocrx_word' id='word_1_761' title='bbox 2266 4047 2367 4084; x_wconf 83' lang='lat' dir='ltr'><strong>non</strong></span> <span class='ocrx_word' id='word_1_762' title='bbox 2388 4028 2649 4094; x_wconf 83' lang='lat' dir='ltr'><strong>inﬁrmor?</strong></span> <span class='ocrx_word' id='word_1_763' title='bbox 2678 4026 2803 4093; x_wconf 85' lang='lat' dir='ltr'><strong>Quis</strong></span> <span class='ocrx_word' id='word_1_764' title='bbox 2824 4023 3113 4089; x_wconf 78' lang='lat' dir='ltr'><strong>o/fenditur,</strong></span> <span class='ocrx_word' id='word_1_765' title='bbox 3141 4030 3185 4075; x_wconf 84' lang='lat' dir='ltr'><strong>et</strong></span> <span class='ocrx_word' id='word_1_766' title='bbox 3211 4038 3301 4091; x_wconf 72' lang='lat' dir='ltr'><strong>ego</strong></span> <span class='ocrx_word' id='word_1_767' title='bbox 3329 4037 3429 4073; x_wconf 82' lang='lat' dir='ltr'><strong>non</strong></span> 
     </span>
    </p>
   </div>
   <div class='ocr_carea' id='block_1_101' title="bbox 1858 4110 3427 4192">
    <p class='ocr_par' dir='ltr' id='par_1_101' title="bbox 1858 4110 3427 4192">
     <span class='ocr_line' id='line_1_101' title="bbox 1858 4110 3427 4192; baseline -0.01 -16"><span class='ocrx_word' id='word_1_768' title='bbox 1858 4140 1980 4176; x_wconf 86' lang='lat' dir='ltr'><strong>uror</strong></span> <span class='ocrx_word' id='word_1_769' title='bbox 2007 4121 2079 4192; x_wconf 78' lang='grc'><strong>(2.</strong></span> <span class='ocrx_word' id='word_1_770' title='bbox 2114 4122 2229 4176; x_wconf 85' lang='lat' dir='ltr'><strong>Cor.</strong></span> <span class='ocrx_word' id='word_1_771' title='bbox 2255 4122 2339 4175; x_wconf 84' lang='lat' dir='ltr'><strong>ll.</strong></span> <span class='ocrx_word' id='word_1_772' title='bbox 2367 4117 2484 4188; x_wconf 74' lang='lat'><strong>&#39;29)?</strong></span> <span class='ocrx_word' id='word_1_773' title='bbox 2507 4118 2654 4171; x_wconf 91' lang='lat' dir='ltr'><strong>llunc</strong></span> <span class='ocrx_word' id='word_1_774' title='bbox 2684 4118 2854 4185; x_wconf 80' lang='lat' dir='ltr'><strong>ignem</strong></span> <span class='ocrx_word' id='word_1_775' title='bbox 2882 4125 2932 4166; x_wconf 93' lang='lat' dir='ltr'><strong>tu</strong></span> <span class='ocrx_word' id='word_1_776' title='bbox 2956 4127 3163 4183; x_wconf 89' lang='lat' dir='ltr'><strong>quoque</strong></span> <span class='ocrx_word' id='word_1_777' title='bbox 3186 4110 3427 4178; x_wconf 88' lang='lat' dir='ltr'><strong>concipe,</strong></span> 
     </span>
    </p>
   </div>
   <div class='ocr_carea' id='block_1_102' title="bbox 1860 4200 3427 4281">
    <p class='ocr_par' dir='ltr' id='par_1_102' title="bbox 1860 4200 3427 4281">
     <span class='ocr_line' id='line_1_102' title="bbox 1860 4200 3427 4281; baseline -0.01 -11"><span class='ocrx_word' id='word_1_778' title='bbox 1860 4224 1914 4270; x_wconf 91' lang='lat' dir='ltr'><strong>et</strong></span> <span class='ocrx_word' id='word_1_779' title='bbox 1943 4216 1985 4268; x_wconf 90' lang='lat' dir='ltr'><strong>si</strong></span> <span class='ocrx_word' id='word_1_780' title='bbox 2014 4210 2353 4281; x_wconf 78' lang='lat' dir='ltr'><strong>conspexeris</strong></span> <span class='ocrx_word' id='word_1_781' title='bbox 2378 4212 2589 4263; x_wconf 88' lang='lat' dir='ltr'><strong>fratrem</strong></span> <span class='ocrx_word' id='word_1_782' title='bbox 2622 4217 2959 4276; x_wconf 88' lang='lat' dir='ltr'><strong>pereuntem,</strong></span> <span class='ocrx_word' id='word_1_783' title='bbox 2982 4200 3222 4273; x_wconf 91' lang='lat' dir='ltr'><strong>quamvis</strong></span> <span class='ocrx_word' id='word_1_784' title='bbox 3245 4200 3427 4254; x_wconf 85' lang='lat' dir='ltr'><strong>convi-</strong></span> 
     </span>
    </p>
   </div>
   <div class='ocr_carea' id='block_1_103' title="bbox 1860 4290 3425 4373">
    <p class='ocr_par' dir='ltr' id='par_1_103' title="bbox 1860 4290 3425 4373">
     <span class='ocr_line' id='line_1_103' title="bbox 1860 4290 3425 4373; baseline -0.01 -13"><span class='ocrx_word' id='word_1_785' title='bbox 1860 4306 2051 4365; x_wconf 89' lang='lat' dir='ltr'><strong>cietur,</strong></span> <span class='ocrx_word' id='word_1_786' title='bbox 2073 4302 2311 4373; x_wconf 87' lang='lat' dir='ltr'><strong>quamvis</strong></span> <span class='ocrx_word' id='word_1_787' title='bbox 2335 4298 2703 4356; x_wconf 84' lang='lat' dir='ltr'><strong>contumeliam</strong></span> <span class='ocrx_word' id='word_1_788' title='bbox 2732 4295 2955 4360; x_wconf 79' lang='lat' dir='ltr'><strong>inferat,</strong></span> <span class='ocrx_word' id='word_1_789' title='bbox 2981 4291 3218 4363; x_wconf 88' lang='lat' dir='ltr'><strong>quamvis</strong></span> <span class='ocrx_word' id='word_1_790' title='bbox 3244 4290 3425 4346; x_wconf 75' lang='lat' dir='ltr'><strong>verbe-</strong></span> 
     </span>
    </p>
   </div>
   <div class='ocr_carea' id='block_1_104' title="bbox 1863 4380 3425 4464">
    <p class='ocr_par' dir='ltr' id='par_1_104' title="bbox 1863 4380 3425 4464">
     <span class='ocr_line' id='line_1_104' title="bbox 1863 4380 3425 4464; baseline -0.007 -15"><span class='ocrx_word' id='word_1_791' title='bbox 1863 4405 1964 4463; x_wconf 90' lang='lat' dir='ltr'><strong>ret,</strong></span> <span class='ocrx_word' id='word_1_792' title='bbox 1991 4395 2234 4464; x_wconf 87' lang='lat' dir='ltr'><strong>quamvis</strong></span> <span class='ocrx_word' id='word_1_793' title='bbox 2263 4393 2533 4446; x_wconf 90' lang='lat' dir='ltr'><strong>minitetur</strong></span> <span class='ocrx_word' id='word_1_794' title='bbox 2566 4404 2623 4442; x_wconf 90' lang='lat' dir='ltr'><strong>se</strong></span> <span class='ocrx_word' id='word_1_795' title='bbox 2655 4387 2884 4441; x_wconf 90' lang='lat' dir='ltr'><strong>futurum</strong></span> <span class='ocrx_word' id='word_1_796' title='bbox 2916 4389 3139 4446; x_wconf 85' lang='lat' dir='ltr'><strong>hostem,</strong></span> <span class='ocrx_word' id='word_1_797' title='bbox 3169 4389 3260 4435; x_wconf 91' lang='lat' dir='ltr'><strong>aut</strong></span> <span class='ocrx_word' id='word_1_798' title='bbox 3287 4380 3425 4438; x_wconf 84' lang='lat' dir='ltr'><strong>aliud</strong></span> 
     </span>
    </p>
   </div>
   <div class='ocr_carea' id='block_1_105' title="bbox 1862 4470 3430 4556">
    <p class='ocr_par' dir='ltr' id='par_1_105' title="bbox 1862 4470 3430 4556">
     <span class='ocr_line' id='line_1_105' title="bbox 1862 4470 3430 4556; baseline -0.01 -15"><span class='ocrx_word' id='word_1_799' title='bbox 1862 4486 2115 4556; x_wconf 90' lang='lat' dir='ltr'><strong>quidlibet</strong></span> <span class='ocrx_word' id='word_1_800' title='bbox 2132 4485 2373 4548; x_wconf 91' lang='lat' dir='ltr'><strong>intentet,</strong></span> <span class='ocrx_word' id='word_1_801' title='bbox 2397 4481 2479 4534; x_wconf 90' lang='lat' dir='ltr'><strong>fac</strong></span> <span class='ocrx_word' id='word_1_802' title='bbox 2504 4479 2678 4533; x_wconf 89' lang='lat' dir='ltr'><strong>omnia</strong></span> <span class='ocrx_word' id='word_1_803' title='bbox 2705 4476 2940 4547; x_wconf 80' lang='lat' dir='ltr'><strong>perferas</strong></span> <span class='ocrx_word' id='word_1_804' title='bbox 2967 4474 3186 4535; x_wconf 90' lang='lat' dir='ltr'><strong>fortiter,</strong></span> <span class='ocrx_word' id='word_1_805' title='bbox 3216 4481 3273 4525; x_wconf 86' lang='grc' dir='ltr'><strong>ιιι</strong></span> <span class='ocrx_word' id='word_1_806' title='bbox 3293 4470 3430 4526; x_wconf 88' lang='lat' dir='ltr'><strong>illius</strong></span> 
     </span>
    </p>
   </div>
   <div class='ocr_carea' id='block_1_106' title="bbox 1864 4561 3430 4632">
    <p class='ocr_par' dir='ltr' id='par_1_106' title="bbox 1864 4561 3430 4632">
     <span class='ocr_line' id='line_1_106' title="bbox 1864 4561 3430 4632; baseline -0.01 0"><span class='ocrx_word' id='word_1_807' title='bbox 1864 4576 2161 4632; x_wconf 87' lang='lat' dir='ltr'><strong>lucrifacias</strong></span> <span class='ocrx_word' id='word_1_808' title='bbox 2181 4575 2425 4628; x_wconf 88' lang='lat' dir='ltr'><strong>salutem.</strong></span> <span class='ocrx_word' id='word_1_809' title='bbox 2443 4566 2498 4626; x_wconf 88' lang='lat' dir='ltr'><strong>Si</strong></span> <span class='ocrx_word' id='word_1_810' title='bbox 2530 4571 2617 4624; x_wconf 87' lang='lat' dir='ltr'><strong>ille</strong></span> <span class='ocrx_word' id='word_1_811' title='bbox 2645 4568 2733 4622; x_wconf 88' lang='lat' dir='ltr'><strong>fiat</strong></span> <span class='ocrx_word' id='word_1_812' title='bbox 2756 4567 3001 4620; x_wconf 91' lang='lat' dir='ltr'><strong>inimicus</strong></span> <span class='ocrx_word' id='word_1_813' title='bbox 3019 4606 3034 4627; x_wconf 95' lang='lat'><strong>,</strong></span> <span class='ocrx_word' id='word_1_814' title='bbox 3060 4564 3196 4616; x_wconf 85' lang='lat' dir='ltr'><strong>Deus</strong></span> <span class='ocrx_word' id='word_1_815' title='bbox 3219 4561 3308 4614; x_wconf 90' lang='lat' dir='ltr'><strong>tibi</strong></span> <span class='ocrx_word' id='word_1_816' title='bbox 3329 4564 3430 4616; x_wconf 87' lang='lat' dir='ltr'><strong>erit</strong></span> 
     </span>
    </p>
   </div>
   <div class='ocr_carea' id='block_1_107' title="bbox 1862 4651 3429 4735">
    <p class='ocr_par' dir='ltr' id='par_1_107' title="bbox 1862 4651 3429 4735">
     <span class='ocr_line' id='line_1_107' title="bbox 1862 4651 3429 4735; baseline -0.012 -12"><span class='ocrx_word' id='word_1_817' title='bbox 1862 4669 2085 4732; x_wconf 85' lang='lat' dir='ltr'><strong>anticus;</strong></span> <span class='ocrx_word' id='word_1_818' title='bbox 2107 4666 2414 4735; x_wconf 76' lang='lat' dir='ltr'><strong>magnisque</strong></span> <span class='ocrx_word' id='word_1_819' title='bbox 2442 4663 2492 4715; x_wconf 92' lang='lat' dir='ltr'><strong>in</strong></span> <span class='ocrx_word' id='word_1_820' title='bbox 2517 4660 2602 4714; x_wconf 87' lang='lat' dir='ltr'><strong>die</strong></span> <span class='ocrx_word' id='word_1_821' title='bbox 2626 4659 2718 4713; x_wconf 90' lang='lat' dir='ltr'><strong>illo</strong></span> <span class='ocrx_word' id='word_1_822' title='bbox 2738 4656 2890 4711; x_wconf 92' lang='lat' dir='ltr'><strong>bonis</strong></span> <span class='ocrx_word' id='word_1_823' title='bbox 2918 4665 2968 4709; x_wconf 89' lang='lat' dir='ltr'><strong>te</strong></span> <span class='ocrx_word' id='word_1_824' title='bbox 2988 4651 3429 4708; x_wconf 86' lang='lat' dir='ltr'><strong>remunerabitur.</strong></span> 
     </span>
    </p>
   </div>
   <div class='ocr_carea' id='block_1_108' title="bbox 1865 4742 3430 4814">
    <p class='ocr_par' dir='ltr' id='par_1_108' title="bbox 1865 4742 3430 4814">
     <span class='ocr_line' id='line_1_108' title="bbox 1865 4742 3430 4814; baseline -0.013 0"><span class='ocrx_word' id='word_1_825' title='bbox 1865 4759 2074 4814; x_wconf 86' lang='lat' dir='ltr'><strong>Utinam</strong></span> <span class='ocrx_word' id='word_1_826' title='bbox 2103 4766 2277 4810; x_wconf 89' lang='lat' dir='ltr'><strong>autem</strong></span> <span class='ocrx_word' id='word_1_827' title='bbox 2302 4754 2350 4806; x_wconf 93' lang='lat' dir='ltr'><strong>id</strong></span> <span class='ocrx_word' id='word_1_828' title='bbox 2378 4751 2583 4807; x_wconf 89' lang='lat' dir='ltr'><strong>eveniat</strong></span> <span class='ocrx_word' id='word_1_829' title='bbox 2606 4756 2907 4803; x_wconf 90' lang='lat' dir='ltr'><strong>sanctorum</strong></span> <span class='ocrx_word' id='word_1_830' title='bbox 2930 4744 3065 4797; x_wconf 85' lang='lat' dir='ltr'><strong>votis</strong></span> <span class='ocrx_word' id='word_1_831' title='bbox 3083 4758 3145 4798; x_wconf 87' lang='lat' dir='ltr'><strong>ac</strong></span> <span class='ocrx_word' id='word_1_832' title='bbox 3165 4742 3430 4811; x_wconf 87' lang='lat' dir='ltr'><strong>precibus,</strong></span> 
     </span>
    </p>
   </div>
   <div class='ocr_carea' id='block_1_109' title="bbox 1864 4832 3434 4918">
    <p class='ocr_par' dir='ltr' id='par_1_109' title="bbox 1864 4832 3434 4918">
     <span class='ocr_line' id='line_1_109' title="bbox 1864 4832 3434 4918; baseline -0.01 -13"><span class='ocrx_word' id='word_1_833' title='bbox 1864 4860 1923 4905; x_wconf 90' lang='lat' dir='ltr'><strong>ut</strong></span> <span class='ocrx_word' id='word_1_834' title='bbox 1949 4860 2004 4905; x_wconf 90' lang='lat' dir='ltr'><strong>et</strong></span> <span class='ocrx_word' id='word_1_835' title='bbox 2045 4849 2134 4918; x_wconf 91' lang='lat' dir='ltr'><strong>qui</strong></span> <span class='ocrx_word' id='word_1_836' title='bbox 2158 4848 2207 4900; x_wconf 89' lang='lat' dir='ltr'><strong>itt</strong></span> <span class='ocrx_word' id='word_1_837' title='bbox 2225 4860 2459 4901; x_wconf 90' lang='lat' dir='ltr'><strong>errorem</strong></span> <span class='ocrx_word' id='word_1_838' title='bbox 2510 4841 2719 4895; x_wconf 89' lang='lat' dir='ltr'><strong>abducti</strong></span> <span class='ocrx_word' id='word_1_839' title='bbox 2749 4846 2905 4904; x_wconf 90' lang='lat' dir='ltr'><strong>sunt,</strong></span> <span class='ocrx_word' id='word_1_840' title='bbox 2938 4846 3319 4904; x_wconf 88' lang='lat' dir='ltr'><strong>recuperentur</strong></span> <span class='ocrx_word' id='word_1_841' title='bbox 3366 4832 3434 4889; x_wconf 79' lang='lat' dir='ltr'><strong>ad</strong></span> 
     </span>
    </p>
   </div>
   <div class='ocr_carea' id='block_1_110' title="bbox 1865 4924 3432 5004">
    <p class='ocr_par' dir='ltr' id='par_1_110' title="bbox 1865 4924 3432 5004">
     <span class='ocr_line' id='line_1_110' title="bbox 1865 4924 3432 5004; baseline -0.01 -10"><span class='ocrx_word' id='word_1_842' title='bbox 1865 4942 2085 4995; x_wconf 90' lang='lat' dir='ltr'><strong>salutem</strong></span> <span class='ocrx_word' id='word_1_843' title='bbox 2107 4980 2123 5004; x_wconf 91' lang='lat'><strong>,</strong></span> <span class='ocrx_word' id='word_1_844' title='bbox 2154 4950 2205 4992; x_wconf 91' lang='lat' dir='ltr'><strong>et</strong></span> <span class='ocrx_word' id='word_1_845' title='bbox 2234 4952 2324 4990; x_wconf 90' lang='lat' dir='ltr'><strong>vos</strong></span> <span class='ocrx_word' id='word_1_846' title='bbox 2351 4936 2402 4989; x_wconf 92' lang='lat' dir='ltr'><strong>in</strong></span> <span class='ocrx_word' id='word_1_847' title='bbox 2435 4934 2535 4988; x_wconf 90' lang='lat' dir='ltr'><strong>hoc</strong></span> <span class='ocrx_word' id='word_1_848' title='bbox 2562 4940 2753 4985; x_wconf 87' lang='lat' dir='ltr'><strong>venatu</strong></span> <span class='ocrx_word' id='word_1_849' title='bbox 2782 4929 2888 4984; x_wconf 88' lang='lat' dir='ltr'><strong>voti</strong></span> <span class='ocrx_word' id='word_1_850' title='bbox 2912 4936 3186 4998; x_wconf 83' lang='lat' dir='ltr'><strong>compotes</strong></span> <span class='ocrx_word' id='word_1_851' title='bbox 3236 4924 3432 4979; x_wconf 86' lang='lat' dir='ltr'><strong>evada-</strong></span> 
     </span>
    </p>
   </div>
   <div class='ocr_carea' id='block_1_111' title="bbox 1867 5014 3434 5097">
    <p class='ocr_par' dir='ltr' id='par_1_111' title="bbox 1867 5014 3434 5097">
     <span class='ocr_line' id='line_1_111' title="bbox 1867 5014 3434 5097; baseline -0.011 -11"><span class='ocrx_word' id='word_1_852' title='bbox 1867 5032 1969 5097; x_wconf 88' lang='lat' dir='ltr'><strong>tis;</strong></span> <span class='ocrx_word' id='word_1_853' title='bbox 2017 5040 2071 5085; x_wconf 91' lang='lat' dir='ltr'><strong>et</strong></span> <span class='ocrx_word' id='word_1_854' title='bbox 2125 5029 2199 5082; x_wconf 89' lang='lat' dir='ltr'><strong>illi</strong></span> <span class='ocrx_word' id='word_1_855' title='bbox 2255 5025 2354 5095; x_wconf 91' lang='lat' dir='ltr'><strong>ipsi</strong></span> <span class='ocrx_word' id='word_1_856' title='bbox 2398 5022 2728 5095; x_wconf 86' lang='lat' dir='ltr'><strong>blasphemi,</strong></span> <span class='ocrx_word' id='word_1_857' title='bbox 2783 5019 2991 5075; x_wconf 88' lang='lat' dir='ltr'><strong>liberati</strong></span> <span class='ocrx_word' id='word_1_858' title='bbox 3045 5017 3111 5071; x_wconf 93' lang='lat' dir='ltr'><strong>ab</strong></span> <span class='ocrx_word' id='word_1_859' title='bbox 3162 5014 3434 5083; x_wconf 81' lang='lat' dir='ltr'><strong>impietate</strong></span> 
     </span>
    </p>
   </div>
   <div class='ocr_carea' id='block_1_112' title="bbox 1866 5104 3432 5186">
    <p class='ocr_par' dir='ltr' id='par_1_112' title="bbox 1866 5104 3432 5186">
     <span class='ocr_line' id='line_1_112' title="bbox 1866 5104 3432 5186; baseline -0.013 -12"><span class='ocrx_word' id='word_1_860' title='bbox 1866 5135 1995 5186; x_wconf 88' lang='lat' dir='ltr'><strong>sua,</strong></span> <span class='ocrx_word' id='word_1_861' title='bbox 2041 5118 2310 5172; x_wconf 90' lang='lat' dir='ltr'><strong>Christum</strong></span> <span class='ocrx_word' id='word_1_862' title='bbox 2374 5121 2663 5183; x_wconf 86' lang='lat' dir='ltr'><strong>agnoscant</strong></span> <span class='ocrx_word' id='word_1_863' title='bbox 2731 5125 2825 5180; x_wconf 90' lang='lat' dir='ltr'><strong>pro</strong></span> <span class='ocrx_word' id='word_1_864' title='bbox 2881 5107 3008 5176; x_wconf 87' lang='lat' dir='ltr'><strong>ipsis</strong></span> <span class='ocrx_word' id='word_1_865' title='bbox 3077 5104 3432 5168; x_wconf 79' lang='lat' dir='ltr'><strong>crucifixum,</strong></span> 
     </span>
    </p>
   </div>
   <div class='ocr_carea' id='block_1_113' title="bbox 1868 5195 3434 5269">
    <p class='ocr_par' dir='ltr' id='par_1_113' title="bbox 1868 5195 3434 5269">
     <span class='ocr_line' id='line_1_113' title="bbox 1868 5195 3434 5269; baseline -0.012 -4"><span class='ocrx_word' id='word_1_866' title='bbox 1868 5222 1926 5265; x_wconf 90' lang='lat' dir='ltr'><strong>ut</strong></span> <span class='ocrx_word' id='word_1_867' title='bbox 1993 5225 2179 5264; x_wconf 89' lang='lat' dir='ltr'><strong>omnes</strong></span> <span class='ocrx_word' id='word_1_868' title='bbox 2231 5222 2338 5261; x_wconf 90' lang='lat' dir='ltr'><strong>uno</strong></span> <span class='ocrx_word' id='word_1_869' title='bbox 2390 5206 2601 5268; x_wconf 90' lang='lat' dir='ltr'><strong>animo,</strong></span> <span class='ocrx_word' id='word_1_870' title='bbox 2652 5202 2945 5269; x_wconf 89' lang='lat' dir='ltr'><strong>eodemque</strong></span> <span class='ocrx_word' id='word_1_871' title='bbox 3003 5212 3099 5253; x_wconf 88' lang='lat' dir='ltr'><strong>ore</strong></span> <span class='ocrx_word' id='word_1_872' title='bbox 3167 5195 3434 5264; x_wconf 85' lang='lat' dir='ltr'><strong>glorifice-</strong></span> 
     </span>
    </p>
   </div>
   <div class='ocr_carea' id='block_1_114' title="bbox 1870 5284 3436 5359">
    <p class='ocr_par' dir='ltr' id='par_1_114' title="bbox 1870 5284 3436 5359">
     <span class='ocr_line' id='line_1_114' title="bbox 1870 5284 3436 5359; baseline -0.014 -2"><span class='ocrx_word' id='word_1_873' title='bbox 1870 5319 1988 5359; x_wconf 90' lang='lat' dir='ltr'><strong>ntus</strong></span> <span class='ocrx_word' id='word_1_874' title='bbox 2022 5303 2184 5356; x_wconf 85' lang='lat' dir='ltr'><strong>Deum</strong></span> <span class='ocrx_word' id='word_1_875' title='bbox 2215 5308 2267 5354; x_wconf 90' lang='lat' dir='ltr'><strong>et</strong></span> <span class='ocrx_word' id='word_1_876' title='bbox 2299 5298 2507 5352; x_wconf 85' lang='lat' dir='ltr'><strong>Patrem</strong></span> <span class='ocrx_word' id='word_1_877' title='bbox 2534 5293 2741 5350; x_wconf 89' lang='lat' dir='ltr'><strong>Domini</strong></span> <span class='ocrx_word' id='word_1_878' title='bbox 2763 5289 2929 5345; x_wconf 85' lang='lat' dir='ltr'><strong>nostri</strong></span> <span class='ocrx_word' id='word_1_879' title='bbox 2949 5289 3073 5344; x_wconf 80' lang='lat' dir='ltr'><strong>Jesn</strong></span> <span class='ocrx_word' id='word_1_880' title='bbox 3100 5285 3315 5346; x_wconf 84' lang='lat' dir='ltr'><strong>Christi,</strong></span> <span class='ocrx_word' id='word_1_881' title='bbox 3350 5284 3436 5349; x_wconf 86' lang='lat' dir='ltr'><strong>cui</strong></span> 
     </span>
    </p>
   </div>
   <div class='ocr_carea' id='block_1_115' title="bbox 1869 5378 3428 5463">
    <p class='ocr_par' dir='ltr' id='par_1_115' title="bbox 1869 5378 3428 5463">
     <span class='ocr_line' id='line_1_115' title="bbox 1869 5378 3428 5463; baseline -0.019 -13"><span class='ocrx_word' id='word_1_882' title='bbox 1869 5393 2033 5463; x_wconf 81' lang='lat' dir='ltr'><strong>gloria</strong></span> <span class='ocrx_word' id='word_1_883' title='bbox 2064 5402 2118 5446; x_wconf 92' lang='lat' dir='ltr'><strong>et</strong></span> <span class='ocrx_word' id='word_1_884' title='bbox 2145 5388 2376 5460; x_wconf 91' lang='lat' dir='ltr'><strong>potentia</strong></span> <span class='ocrx_word' id='word_1_885' title='bbox 2407 5401 2523 5440; x_wconf 88' lang='lat' dir='ltr'><strong>cttm</strong></span> <span class='ocrx_word' id='word_1_886' title='bbox 2553 5391 2736 5438; x_wconf 88' lang='lat' dir='ltr'><strong>sancto</strong></span> <span class='ocrx_word' id='word_1_887' title='bbox 2754 5378 2952 5450; x_wconf 86' lang='lat' dir='ltr'><strong>Spiritu</strong></span> <span class='ocrx_word' id='word_1_888' title='bbox 2976 5378 3027 5430; x_wconf 92' lang='lat' dir='ltr'><strong>itt</strong></span> <span class='ocrx_word' id='word_1_889' title='bbox 3053 5383 3238 5429; x_wconf 91' lang='lat' dir='ltr'><strong>cuncta</strong></span> <span class='ocrx_word' id='word_1_890' title='bbox 3264 5385 3428 5425; x_wconf 74' lang='lat' dir='ltr'><strong>szecu-</strong></span> 
     </span>
    </p>
   </div>
   <div class='ocr_carea' id='block_1_116' title="bbox 1871 5480 2499 5546">
    <p class='ocr_par' dir='ltr' id='par_1_116' title="bbox 1871 5480 2499 5546">
     <span class='ocr_line' id='line_1_116' title="bbox 1871 5480 2499 5546; baseline -0.018 -6"><span class='ocrx_word' id='word_1_891' title='bbox 1871 5486 1919 5540; x_wconf 92' lang='lat' dir='ltr'><strong>la</strong></span> <span class='ocrx_word' id='word_1_892' title='bbox 1942 5483 2279 5546; x_wconf 68' lang='lat' dir='ltr'><strong>surculorum,</strong></span> <span class='ocrx_word' id='word_1_893' title='bbox 2311 5480 2499 5531; x_wconf 72' lang='lat' dir='ltr'><strong>Amen.</strong></span> 
     </span>
    </p>
   </div>
   <div class='ocr_carea' id='block_1_117' title="bbox 2876 5737 3245 5749">
    <p class='ocr_par' dir='ltr' id='par_1_117' title="bbox 2876 5737 3245 5749">
     <span class='ocr_line' id='line_1_117' title="bbox 2876 5737 3245 5749; baseline -0.008 -1"><span class='ocrx_word' id='word_1_894' title='bbox 2876 5737 2987 5748; x_wconf 52' lang='grc' dir='ltr'><strong>Αμσ-οί</strong></span> <span class='ocrx_word' id='word_1_895' title='bbox 3048 5738 3123 5747; x_wconf 63' lang='grc' dir='ltr'><strong>ι.-.</strong></span> <span class='ocrx_word' id='word_1_896' title='bbox 3192 5741 3245 5749; x_wconf 30' lang='grc' dir='ltr'><strong>-ν</strong></span> 
     </span>
    </p>
   </div>
  </div>
