3866 6226
428 295 533 350 SS5

1130 278 1187 336 S.
1229 281 1503 339 JOANNIS
1538 276 2007 337 CIIRYSOSTOMI
2050 276 2365 333 ARClllEP.
2408 277 2941 336 CONSTANTINOP.

730 406 3194 429 Mm

3582 285 3691 339 83.1

3229 407 3329 422 ,σι-ι...
3357 412 3693 424 md..-“

1185 486 1819 598 ΑυνΕιιδ
1843 485 2010 593 US
2090 487 2745 595 JUD/EOS
2796 490 2843 592 '.

975 712 1165 754 canto
1201 711 1413 761 QCINTA.

492 795 541 847 1.
584 789 733 847 Unde
762 790 913 844 nobis
962 789 1118 842 hodie
1158 786 1481 856 l'requentior
1504 791 1795 837 conventus
1822 783 1987 834 lactus

412 887 539 943 ρςιῖ
576 885 656 941 Ad
701 880 1093 952 cl‘llagitandum
1146 880 1284 947 quod
1336 874 1553 945 polliciti
1604 888 1788 927 sunms
1834 873 1987 939 plane

416 976 761 1040 convenistis,
811 984 868 1028 ιιι
908 980 1185 1041 argentum
1216 968 1323 1038 igni
1377 965 1676 1036 probatum,
1710 964 1849 1031 quod
1902 978 1987 1016 uie

417 1071 569 1125 vobis
590 1068 953 1123 cxhibiturum
986 1062 1330 1134 promiseram
1352 1100 1367 1126 ,
1399 1057 1690 1126 accipiatis.
1720 1055 1848 1109 Nam
1876 1054 1984 1107 elo-

414 1161 530 1230 quia
547 1207 563 1227 ,
595 1158 785 1228 inquit,
809 1154 905 1209 Dei
924 1198 937 1216 .
964 1152 1163 1221 eloquia
1200 1161 1337 1203 casta
1363 1164 1381 1201 :
1409 1157 1670 1218 argentum
1711 1146 1826 1215 igne
1860 1160 1984 1196 erra-

416 1253 679 1313 miuatum,
735 1248 1001 1316 probatum
1042 1254 1187 1296 terra:
1235 1239 1403 1309 (Paul.
1434 1238 1519 1292 11.
1549 1237 1625 1305 '7).
1672 1233 1986 1288 Benedicms

417 1342 575 1403 licus,
599 1356 686 1405 qm
714 1338 863 1390 vobis
890 1343 1090 1389 tantum
1113 1330 1359 1387 amliendi
1382 1328 1683 1397 spiritualcs
1703 1339 1982 1379 sermones

417 1431 692 1503 inspiravit
730 1427 996 1482 ardorem.
1049 1420 1504 1493 Quemadmodum
1544 1418 1683 1472 enim
1742 1416 1984 1471 homines

413 1522 537 1573 vino
560 1530 613 1573 et
644 1516 946 1588 potionibus
974 1512 1137 1569 dediti
1161 1553 1176 1576 ,
1204 1511 1412 1581 singulo
1433 1524 1641 1579 quoque
1668 1507 1755 1561 die
1795 1506 1984 1559 obam-

413 1611 632 1673 bulant,
684 1609 995 1677 curioseque
1039 1604 1368 1673 disquirunt,
1428 1600 1513 1653 ubi
1567 1597 1985 1666 computationes

410 1701 696 1771 agitentur,
744 1698 833 1753 ubi
872 1696 1143 1760 convivia,
1178 1692 1263 1746 ubi
1318 1706 1519 1755 emine,
1569 1687 1660 1742 ubi
1712 1699 1986 1739 comessa-

413 1797 614 1856 tiones,
647 1791 735 1844 tibi
764 1788 1105 1849 temulentiur,
1155 1785 1364 1855 phiahc,
1397 1794 1628 1837 crateres
1657 1789 1711 1833 et
1756 1778 1981 1848 pocula:

411 1886 489 1940 sic
516 1896 569 1940 ct
597 1897 692 1937 Vos
723 1880 961 1952 quotidie
986 1878 1140 1933 simul
1169 1885 1327 1945 :itque
1374 1871 1711 1928 surrexeritis
1730 1911 1745 1934 ,
1775 1869 1985 1923 curiose

413 1974 713 2046 perquiritis
733 2013 747 2036 ,
772 1972 983 2025 ubinam
1013 1970 1182 2023 l'utura
1212 1966 1281 2019 sit
1318 1963 1636 2026 exhortatio,
1666 1960 1754 2013 ubi
1800 1958 1986 2012 admo-

412 2071 578 2132 nitio,
610 2066 695 2119 ubi
738 2062 1001 2127 doctrina,
1044 2060 1127 2113 tibi
1167 2072 1344 2113 sermo
1399 2054 1464 2109 ad
1519 2053 1738 2122 gloriam
1783 2046 1983 2103 Christi

412 2159 735 2215 conducens.
766 2156 907 2222 Quas
929 2154 999 2207 ob
1027 2166 1113 2205 res
1160 2158 1217 2204 et
1269 2163 1366 2202 nos
1392 2161 1602 2216 quoque
1643 2140 1985 2212 propensiore

410 2251 589 2305 studio
613 2247 751 2318 quod
778 2243 995 2315 polliciti
1028 2256 1210 2297 sumus
1233 2237 1597 2308 aggredimur:
1637 2242 1690 2287 et
1715 2247 1832 2302 quze
1864 2243 1984 2299 pro-

414 2342 688 2403 misimus,
745 2335 1090 2391 libentissime
1139 2328 1523 2402 prmstabimus.
1574 2325 1757 2394 Itaque
1812 2333 1982 2390 pugna

413 2431 566 2488 nobis
590 2445 708 2485 cum
730 2427 925 2482 .lnd:eis
946 2431 1209 2492 suscepta,
1240 2420 1437 2475 exitum
1466 2430 1621 2488 quem
1641 2413 1840 2477 debuit,
1870 2426 1984 2465 sor-

416 2525 508 2580 tita
561 2533 663 2577 est.
711 2520 989 2588 Tropaequ
1040 2524 1274 2570 erectum
1318 2519 1427 2575 est,
1475 2520 1529 2563 et
1578 2523 1771 2562 corona
1831 2504 1983 2558 nobis

412 2625 560 2687 parta
585 2622 666 2670 est
684 2654 700 2679 ,
729 2623 778 2666 et
810 2611 1046 2665 bravium
1076 2624 1141 2661 ex
1167 2607 1438 2675 superiore
1463 2602 1719 2658 Concione
1747 2606 1984 2667 reporta-

411 2711 608 2763 vimus.
652 2703 923 2775 Siquidem
975 2701 1076 2754 hoc
1125 2710 1529 2766 susceperamus
1578 2692 1871 2761 agendum,
1925 2699 1983 2742 ut

409 2802 895 2856 demothtrarcmus
920 2792 1057 2863 quod
1077 2807 1138 2845 ea
1164 2806 1278 2859 quae
1302 2802 1442 2842 nunc
1463 2785 1595 2839 liuut
1623 2784 1689 2837 ab
1718 2783 1853 2846 istis,
1879 2781 1981 2833 sint

409 2892 650 2963 quaedam
716 2886 1063 2957 transgressio
1134 2883 1266 2952 legis
1336 2875 1830 2950 praevaricatioque.
1885 2887 1982 2925 m-c

408 2980 549 3036 aliud
571 2994 725 3049 quam
749 2978 1017 3032 hominum
1043 2973 1294 3028 adversus
1312 2970 1477 3024 Deum
1507 2967 1784 3022 commissa
1812 2976 1979 3031 pugna

407 3072 739 3140 bellumque:
772 3067 930 3137 idque
959 3064 1069 3119 Deo
1099 3061 1383 3116 auxiliante
1408 3057 1559 3113 nobis
1587 3051 1980 3109 aeturatissime

407 3164 827 3217 demonstratum
875 3167 975 3211 est.
1007 3154 1219 3209 Etenim
1262 3151 1306 3206 si
1332 3150 1595 3205 civitatem
1623 3161 1769 3200 suam
1802 3151 1981 3197 essent

407 3251 692 3321 aliquando
739 3244 1035 3317 recepturi,
1083 3252 1139 3297 et.
1180 3241 1245 3296 ad
1291 3239 1565 3310 pristinum
1613 3235 1734 3288 vita:
1786 3243 1978 3287 statum

408 3340 663 3404 redituri,
694 3338 1051 3407 templumque
1071 3335 1413 3387 instauratum
1448 3328 1635 3387 \‘istlt‘i,
1664 3338 1977 3394 tpiamquam

402 3423 454 3477 id
485 3437 770 3490 numquam
823 3429 907 3472 est
956 3421 1218 3482 l'nttn'utu;
1246 3430 1311 3468 ne
1353 3415 1429 3466 sic
1469 3414 1683 3481 quidem
1726 3415 1983 3464 haberent

397 3514 595 3583 justam
617 3511 1010 3565 excusationem
1041 3521 1227 3561 eorum
1253 3519 1369 3574 qua:
1404 3502 1617 3557 l'aciunt.
1640 3502 1769 3554 Nato
1794 3509 1849 3554 et
1875 3511 1980 3553 tres

404 3604 480 3658 illi
506 3603 678 3673 pueri,
709 3612 764 3656 et
795 3599 992 3663 Daniel,
1028 3600 1312 3666 czcterique
1334 3609 1520 3648 omnes
1544 3593 1632 3663 qui
1661 3594 1906 3646 vivebant
1927 3593 1979 3645 in

400 3695 728 3764 captivitate,
744 3690 1118 3762 exspectabant
1133 3705 1193 3744 se
1208 3696 1511 3757 recepturos
1526 3687 1793 3741 civitatem
1808 3700 1978 3749 suam,

405 3797 464 3841 ιιι
509 3794 631 3857 post
672 3799 841 3839 annos
880 3784 1206 3853 septuaginta
1252 3780 1495 3834 viderent
1544 3778 1727 3848 patria:
1771 3777 1979 3840 solum,

404 3880 750 3951 pristinisque
796 3878 1035 3932 viverent
1078 3874 1282 3944 legibus
1327 3871 1483 3944 (Dan.
1516 3873 1540 3926 l
1570 3884 1613 3924 et
1639 3873 1796 3939 seqq).
1822 3870 1981 3937 Atqui

402 3988 525 4028 cum
558 3972 658 4026 hoc
687 3970 792 4025 illis
816 3968 1093 4024 evidenter
1118 3973 1261 4020 esset
1285 3965 1602 4035 promissum
1626 4003 1639 4026 ,
1677 3978 1743 4016 ne
1762 3963 1838 4015 sic
1864 3960 1981 4030 qui-

401 4065 526 4120 dem
556 4071 680 4119 ante
711 4058 1118 4131 promissionem
1148 4065 1203 4111 et
1245 4055 1470 4110 reditum
1512 4053 1626 4107 ausi
1677 4060 1800 4106 sunt
1827 4050 1982 4120 quid-

401 4171 562 4225 quam
592 4168 777 4209 eorum
797 4151 971 4205 facere
988 4149 1136 4220 juxta
1170 4148 1302 4218 legis
1327 4148 1462 4200 ritus
1478 4187 1494 4212 ,
1517 4161 1635 4215 qme
1658 4146 1854 4198 l'aciunt
1875 4144 1981 4196 isti.

406 4248 520 4302 lloc
546 4255 699 4316 pacto
725 4243 924 4313 poteris
960 4253 1015 4295 et
1044 4242 1154 4310 ipse
1175 4239 1362 4294 Judmo
1416 4252 1478 4291 os
1504 4236 1804 4290 occlmlcre.
1841 4235 1983 4303 ltuga

403 4340 586 4403 illum,
614 4351 715 4406 qua
739 4337 807 4389 de
833 4348 991 4388 causa
1015 4332 1228 4402 jejunus
1249 4371 1264 4396 ,
1293 4344 1412 4384 cmn
1445 4344 1548 4383 non
1577 4329 1774 4381 habeas
1801 4327 1983 4381 civita-

401 4426 557 4484 tem?
584 4425 736 4495 Quod
756 4426 799 4481 si
823 4425 1034 4489 dixerit,
1058 4421 1307 4492 quoniam
1337 4437 1495 4491 spero
1524 4435 1610 4475 me
1647 4431 1982 4490 recepturum

404 4519 699 4584 civitatem,
727 4515 813 4571 dic
838 4514 913 4570 illi
947 4532 959 4569 :
994 4513 1214 4583 proinde
1242 4511 1477 4582 quiesce,
1505 4510 1674 4565 donec
1699 4511 1982 4579 receperis.

407 4612 543 4669 Nam
590 4611 668 4666 illi
712 4609 915 4675 sancti,
941 4607 1114 4662 donec
1153 4604 1219 4661 ad
1247 4604 1470 4675 patriam
1516 4618 1666 4658 suam
1715 4603 1982 4673 redirent,

407 4704 542 4760 nihil
566 4719 751 4759 eorum
781 4716 900 4773 qua:
930 4710 986 4755 tu
1014 4699 1142 4755 lacis
1166 4739 1179 4763 .
1204 4698 1323 4775 ausi
1349 4706 1475 4751 sunt
1499 4695 1691 4752 facere.
1721 4695 1984 4763 Proinde,

406 4806 463 4851 ιιι
488 4796 663 4866 palam
684 4802 786 4859 est,
815 4807 955 4847 nunc
978 4792 1145 4859 legem
1175 4790 1267 4845 Dei
1288 4790 1457 4843 violas
1484 4807 1496 4842 :
1521 4786 1752 4853 etiamsi,
1786 4794 1844 4840 ut
1872 4788 1951 4841 ais
1969 4828 1985 4851 ,

408 4898 725 4955 recepturus
747 4885 821 4938 sis
848 4882 1113 4937 civitatem
1140 4920 1155 4946 ,
1187 4891 1361 4934 tamen
1389 4891 1539 4951 pacta
1568 4894 1687 4934 cum
1721 4879 1832 4933 Deo
1862 4879 1987 4931 inita

408 4977 703 5042 rescimlis,
729 4986 785 5030 et
810 4975 861 5028 in
890 4976 1060 5044 ipsum
1081 4974 1206 5026 vita:
1230 4979 1427 5026 statmn
1456 4970 1877 5025 contumeliosus
1908 4985 1985 5022 cs.

412 5070 575 5140 Igitur
624 5070 675 5121 in
705 5066 946 5121 oratione
970 5064 1247 5133 superiore
1266 5062 1496 5117 diximus
1522 5073 1713 5116 vestra:
1744 5061 1949 5115 caritati
1973 5103 1987 5125 ,

406 5171 661 5232 quatitum
705 5158 834 5214 satis
876 5156 942 5211 ad
969 5154 1351 5211 retundendam
1385 5152 1685 5207 Judteorum
1718 5152 1992 5220 impuden-

413 5257 571 5321 tiam,
597 5262 650 5307 et
670 5251 736 5305 ad
767 5246 1185 5317 redarguendam
1201 5259 1385 5300 eorum
1413 5245 1918 5313 prmvaricationem.

485 5343 747 5413 Templum
788 5338 1087 5393 Judaaorum
1129 5351 1404 5404 numquam
1451 5333 1841 5387 restaurantlum
1888 5349 1995 5384 esse

410 5438 669 5507 probatur.
700 5461 731 5473 -
753 5460 773 5471 ο
792 5432 1055 5485 Cancrum
1094 5426 1307 5496 quando
1336 5441 1437 5478 non
1465 5424 1568 5478 hoc
1608 5434 1807 5477 tantum
1839 5422 1993 5476 nobis

410 5536 526 5581 erat
570 5523 919 5595 propositum,
951 5529 1005 5574 ut
1033 5519 1242 5573 illorum
1270 5532 1360 5571 ora
1391 5515 1777 5581 claudet-emus,
1807 5531 1988 5570 verum

415 5626 471 5669 ut
501 5617 795 5672 Ecetcsiam
842 5611 1110 5681 cepiosius
1138 5609 1207 5664 de
1250 5609 1358 5662 suis
1396 5607 1620 5677 propriis
1657 5607 1993 5677 degmatibus

477 5724 495 5754 ε
529 5726 651 5769 ‘t‘res
668 5715 801 5774 3193.,
816 5722 989 5767 contra
1010 5713 1215 5768 ludive:
1228 5714 1441 5767 tlomitia
1462 5713 1620 5766 tertia.

2095 689 2477 746 edoceremus:
2505 707 2602 762 age
2627 709 2810 747 rursus
2833 703 2887 748 et
2915 693 3016 749 hoc
3039 708 3103 750 ex
3130 695 3415 749 abundanti
3443 697 3699 748 tletumta

2093 791 2343 847 stremus,
2371 783 2510 851 quod
2535 783 2786 853 templum
2825 800 3107 854 numquam
3135 784 3537 849 instaurabitur,
3583 802 3701 839 ιιι-ο

2091 889 2192 942 que
2221 874 2286 927 ad
2317 874 2594 943 pristinum
2624 875 2743 927 vita:
2768 884 2962 929 statum
2988 875 3297 931 restituendi
3328 875 3499 931 Judazi
3527 886 3687 931 sunt.

2092 962 2202 1016 Hoc
2228 972 2381 1034 pacto
2407 964 2516 1026 lict,
2548 974 2607 1018 ut
2630 974 2683 1017 et
2708 980 2802 1019 vos
2822 965 3066 1019 exactius
3093 967 3349 1021 noveritis
3377 967 3691 1036 apostolica

2093 1051 2360 1120 dogmata,
2387 1064 2439 1107 et
2470 1052 2545 1107 illi
2573 1063 2754 1107 contra
2776 1055 2842 1109 ad
2889 1056 3142 1124 majorem
3184 1058 3508 1125 impietatem
3545 1074 3681 1126 pro-

2095 1141 2228 1210 lapsi
2271 1144 2568 1212 eapiantur.
2616 1144 2808 1198 llarmn
2842 1162 2966 1199 vero
2998 1162 3173 1200 rerum
3207 1158 3393 1201 testem
3440 1147 3689 1203 adduce-

2094 1249 2211 1288 mus
2251 1249 2353 1289 non
2382 1237 2650 1305 angelum,
2683 1253 2786 1291 non
2817 1238 3214 1308 archangelum,
3250 1240 3342 1294 sed
3374 1242 3522 1294 orbis
3549 1243 3681 1294 uni-

2092 1324 2229 1377 versi
2263 1326 2550 1394 principem
2584 1327 2859 1381 Dominum
2893 1340 3127 1383 IIOSll'lllll
3161 1330 3341 1385 Iesum
3371 1332 3678 1386 Christum.

2093 1413 2141 1467 ls
2182 1416 2342 1479 enim,
2374 1433 2494 1471 cum
2538 1419 2803 1489 ingressus
2842 1421 3225 1493 Jero<olymam
3271 1425 3484 1478 vidisset
3535 1437 3678 1479 tem-

2094 1507 2259 1576 plum,
2304 1510 2471 1563 dixit:
2507 1509 2761 1564 Futurum
2791 1523 2841 1565 ut
2868 1511 3188 1583 Jerosolyma
3225 1518 3611 1571 couculcaretur
3641 1535 3678 1570 ιι

2090 1601 2319 1671 gentibus
2366 1604 2563 1664 multis.
2612 1605 2770 1659 donec
2812 1607 3136 1674 implerentur
3177 1617 3405 1677 tempora
3446 1610 3713 1679 gentium‘

2090 1695 2363 1746 multarum
2395 1692 2544 1765 (Luc.
2571 1693 2631 1747 2|
2649 1734 2661 1747 .
2696 1693 2788 1765 24)
2817 1714 2829 1748 :
2861 1706 3067 1766 tempus
3088 1697 3388 1766 signiﬁcans
3415 1715 3587 1768 usque
3607 1699 3678 1752 ad

2090 1786 2599 1839 consummationem
2645 1787 2846 1842 muudi.
2893 1789 2968 1841 Ac
2998 1803 3180 1843 rursus
3220 1790 3332 1842 ha'c
3357 1789 3426 1843 de
3470 1791 3679 1859 templo

2090 1878 2437 1929 comminatus
2465 1889 2566 1942 eS',
2619 1878 2840 1947 loquens
2885 1878 3178 1947 discipulis,
3212 1893 3316 1932 non
3359 1895 3676 1932 mansurum

2092 1965 2318 2035 lapidem
2359 1982 2519 2035 super
2564 1967 2789 2037 lapidem
2831 1967 2881 2020 in
2922 1982 2987 2021 eo
3018 1967 3133 2021 loco
3159 1968 3245 2037 qui
3294 1982 3397 2020 non
3428 1967 3679 2022 diruatur

2092 2055 2301 2127 (Matth.
2347 2056 2437 2110 21.
2492 2056 2589 2126 2):
2642 2060 2917 2127 perspicue
2963 2059 3253 2127 prmdiccus
3298 2074 3419 2113 eum
3451 2073 3677 2127 prorsus

2090 2146 2430 2209 abolendum,
2448 2157 2502 2201 et
2529 2149 2579 2201 in
2604 2158 2907 2217 perpetuam
2934 2148 3270 2201 solitudinem
3295 2148 3673 2217 redigendum.

2091 2235 2284 2290 Verum
2316 2237 2527 2291 Jtulauts
2564 2237 2780 2291 omnino
2811 2237 2984 2306 rejicit
3008 2237 3108 2292 hoc
3137 2238 3520 2303 testimonium,
3572 2255 3675 2293 nec

2089 2328 2276 2399 recipit
2302 2344 2361 2381 ea
2394 2346 2512 2398 quae
2538 2329 2782 2382 dicimus.
2816 2329 3067 2383 Inimicus
3099 2330 3262 2392 enim,
3294 2330 3482 2396 inquit.
3514 2345 3673 2383 meus

2089 2425 2190 2481 est,
2218 2419 2305 2487 qui
2337 2419 2455 2471 talia
2490 2419 2749 2488 loquitur;
2780 2433 2879 2489 ego
2910 2420 3053 2472 illum
3078 2419 3226 2488 adegi
3261 2420 3557 2473 iu.crucetn
3579 2438 3596 2483 ;
3620 2432 3677 2474 et

2088 2510 2354 2578 quomodo
2379 2510 2626 2578 recipiam
2653 2510 2793 2565 illius
2822 2510 3223 2565 testimonium?
3254 2512 3407 2579 Atqui
3439 2511 3546 2565 hoc
3577 2514 3667 2581 ip-

2089 2614 2206 2652 smn
2240 2600 2428 2652 mirum
2454 2608 2556 2665 est,
2604 2615 2637 2653 ο
2662 2600 2860 2665 Jtnlzne,
2893 2600 3033 2670 quod
3068 2616 3185 2654 cum
3232 2611 3286 2654 tu
3333 2601 3678 2656 cruciﬁxcris

2089 2704 2233 2755 eum,
2265 2691 2350 2744 ille
2382 2700 2658 2759 postquam
2690 2691 2785 2745 abs
2814 2701 2864 2745 te
2888 2692 3171 2746 crucillxus
3200 2702 3299 2753 est,
3331 2702 3453 2745 tunc
3476 2692 3671 2746 civita-

2090 2790 2194 2833 tem
2228 2791 2367 2834 tuam
2398 2783 2604 2845 evertit,
2639 2791 2778 2835 tuam
2806 2791 3017 2851 gentem
3043 2782 3333 2850 dissipavit,
3379 2791 3527 2836 tuum
3569 2796 3674 2851 po-

2089 2872 2266 2940 pulum
2301 2888 2391 2939 per
2423 2873 2730 2926 universum
2758 2877 2939 2925 orbem
2972 2873 3256 2941 dispersit:
3288 2873 3530 2926 videlicet
3582 2889 3675 2927 re-

2090 2962 2197 3031 ipsa
2220 2965 2515 3027 declarans,
2546 2979 2603 3017 sc
2630 2966 3004 3029 resnrrexisse,
3037 2978 3099 3017 ac
3127 2964 3320 3024 vivere,
3347 2972 3502 3032 atque
3522 2977 3674 3016 nunc

2087 3068 2206 3106 esse
2252 3053 2300 3106 in
2329 3054 2490 3106 caalis.
2532 3053 2791 3120 Quoniam
2823 3055 2963 3109 enim
3008 3069 3074 3108 ex
3114 3054 3397 3108 benefactis
3441 3054 3665 3107 noluisti

2087 3149 2373 3211 potentiam
2417 3146 2556 3199 illius
2587 3160 2931 3214 cognoscere,
2965 3161 3058 3215 per
3087 3162 3272 3214 pinnas
3298 3162 3359 3199 ar.
3396 3148 3667 3216 supplicia

2085 3233 2470 3288 demenstravit
2499 3236 2658 3289 robur
2681 3251 2855 3296 suum.
2889 3236 3192 3291 inevitabile
3215 3237 3412 3305 pariter
3434 3247 3487 3290 et
3512 3240 3675 3291 inex-

2090 3325 2387 3396 pngnabilc.
2424 3328 2485 3379 At
2515 3341 2580 3379 ne
2620 3327 2697 3379 sic
2727 3325 2937 3395 quidem
2979 3325 3174 3392 credis,
3205 3333 3295 3379 aut
3322 3334 3473 3395 putas
3516 3326 3673 3379 illum

2088 3428 2207 3468 esse
2233 3413 2421 3478 Deum,
2451 3429 2514 3468 ac
2544 3416 2707 3471 totius
2734 3417 2877 3471 orbis
2907 3417 3222 3482 Dominum;
3254 3418 3347 3472 sed
3390 3419 3684 3473 arbitraris

2092 3504 2361 3559 hominem
2402 3504 2565 3559 fuisse
2595 3507 2884 3576 vulgarem.
2920 3508 3032 3577 Age
3074 3507 3248 3578 igitur,
3286 3509 3501 3577 perinde
3534 3526 3603 3565 ac
3634 3514 3685 3565 si

2090 3596 2250 3651 homo
2278 3606 2480 3651 tantum
2526 3598 2700 3661 fuerit,
2750 3615 2862 3655 rem
2904 3603 3252 3656 excutiamus.
3279 3603 3411 3657 Cum
3457 3604 3681 3674 aliquos

2088 3687 2329 3742 videmus
2360 3688 2623 3753 homines,
2654 3705 2787 3758 quos
2813 3690 2863 3743 in
2899 3691 3146 3746 omnibus
3171 3695 3530 3762 comperimus
3555 3712 3687 3750 esse

2092 3793 2329 3844 veraces,
2383 3794 2480 3832 nec
2508 3780 2611 3833 ulla
2645 3780 2695 3832 in
2728 3795 2787 3835 re
2816 3782 3171 3836 mentientes:
3205 3784 3414 3850 horum,
3464 3786 3683 3840 etiarnsi

2090 3868 2283 3922 l'ucrint
2314 3869 2514 3934 hostes,
2546 3870 2704 3924 modo
2729 3871 3018 3940 sapiamus,
3051 3873 3188 3927 dicta
3216 3876 3501 3943 recipimus
3531 3876 3682 3930 Πιπ-

2089 3974 2205 4012 smn
2236 3961 2277 4013 si
2310 3961 2595 4014 viderimus
2622 3976 2716 4016 eos
2754 3963 3087 4028 mentientes,
3119 3965 3323 4019 etiamsi
3356 3969 3407 4019 in
3439 3970 3678 4021 nonnul-

2091 4050 2153 4103 lis
2182 4064 2399 4103 veraces
2426 4050 2641 4115 fuerint,
2673 4067 2773 4106 nec
2795 4053 2877 4106 illa
2905 4055 2970 4104 lat
2990 4053 3056 4106 ile
3079 4055 3377 4120 recipimus,
3409 4072 3530 4125 qua:
3553 4073 3684 4110 vere

2089 4140 2156 4192 ab
2185 4141 2285 4193 illis
2313 4140 2345 4193 tl
2370 4152 2453 4194 cta
2478 4152 2620 4195 sunt.

2161 4234 2215 4285 2.
2258 4232 2509 4286 Christum
2537 4234 2587 4285 in
2625 4233 3031 4302 pra'tlt'ctiouibus
3069 4251 3273 4304 prorsus
3297 4250 3521 4287 ueracem
3573 4254 3681 4291 esse

2090 4324 2479 4377 demonstratur.
2502 4354 2574 4365 —
2595 4328 2704 4393 Age
2732 4341 2889 4389 nunc,
2921 4326 3317 4380 Considerenens
3338 4326 3535 4382 Christi
3565 4346 3684 4383 mo-

2090 4431 2179 4471 res
2203 4426 2257 4471 et
2299 4417 2482 4470 vitam.
2531 4416 2646 4471 Non
2691 4419 2832 4472 enim
2864 4418 2963 4473 hoc
2993 4427 3192 4472 tantum
3235 4420 3375 4489 quod
3416 4420 3680 4486 diximus,

2092 4507 2360 4577 pmdixit,
2393 4519 2552 4576 atque
2583 4511 2973 4579 prmnuntiavit,
3009 4526 3190 4563 verum
3218 4513 3375 4564 etiam
3406 4513 3512 4566 alia
3537 4516 3683 4569 Inul-

2095 4608 2165 4661 Ia,
2194 4597 2352 4667 longo
2380 4606 2500 4669 post
2529 4607 2767 4667 tempore
2795 4610 3036 4665 ventura,
3064 4601 3381 4654 vaticinatus
3406 4615 3512 4655 est.
3555 4603 3683 4657 Pro-

2094 4689 2324 4745 h'ramus
2354 4691 2509 4761 igitur
2534 4692 2908 4761 prmdictiones
2938 4692 3052 4745 illas
3083 4693 3133 4747 in
3165 4694 3400 4748 medium
3426 4712 3442 4747 :
3472 4695 3526 4748 in
3560 4698 3685 4766 qui-

2094 4780 2193 4835 bus
2219 4781 2263 4835 si
2295 4782 2493 4837 videris
2518 4783 2662 4837 illum
2694 4783 3025 4849 mendacem,
3057 4799 3123 4839 ne
3147 4784 3283 4840 hanc
3305 4787 3525 4855 quidem
3547 4789 3690 4842 rcci-

2096 4872 2225 4940 pito,
2273 4887 2444 4940 neque
2490 4882 2643 4941 putes
2683 4874 2755 4927 illi
2806 4874 2962 4929 ﬁdem
2996 4875 3315 4931 habendam.
3366 4877 3592 4937 Contra,
3640 4883 3684 4933 si

2095 4961 2291 5015 videris
2322 4962 2468 5016 illum
2501 4962 2551 5016 in
2597 4967 2805 5018 caneris
2843 4964 3092 5020 oumibus
3126 4980 3393 5027 ven-cem,
3446 4978 3503 5022 ct
3542 4969 3689 5021 hanc.

2097 5054 2263 5120 ipsam
2312 5051 2706 5120 prmdictionem
2751 5055 2994 5109 evenisse
3036 5071 3049 5107 :
3099 5054 3289 5109 deinde
3325 5073 3449 5109 cum
3502 5059 3686 5112 viatias

2097 5143 2414 5197 immensum
2448 5152 2744 5215 tempormn
2789 5146 3112 5201 curriculum
3155 5157 3416 5201 altissimis
3468 5154 3684 5205 veritati

2095 5248 2125 5285 e
2164 5249 2280 5286 rum
2308 5250 2427 5303 qua:
2454 5236 2717 5304 pncdixit,
2762 5251 2830 5290 ne
2857 5237 2985 5291 velis
3024 5238 3158 5291 ultra
3199 5237 3489 5306 pcrl‘rcarc
3534 5241 3685 5293 iron-

2098 5333 2226 5389 tem,
2260 5341 2433 5395 neque
2458 5326 2620 5381 rebus
2645 5327 2757 5381 sole
2787 5327 3101 5381 clarioribus
3126 5328 3452 5397 obstrepere.
3499 5332 3596 5384 \‘itl
3632 5352 3687 5384 a-

2098 5427 2214 5466 mns
2239 5415 2396 5484 igitur
2415 5416 2538 5486 quid
2562 5428 2817 5487 pneterea
2842 5417 3162 5487 prrcdixerit.
3186 5420 3418 5474 Accessit
3442 5422 3511 5475 ad
3536 5423 3683 5476 illum

2098 5503 2291 5558 mulier
2310 5504 2630 5559 alabastrum
2655 5506 2854 5562 habens
2875 5510 3124 5577 unguenti
3154 5510 3391 5577 pretiosi.
3414 5523 3468 5564 ei
3500 5512 3683 5565 rt'l‘mtit

2100 5604 2421 5665 unguentum
2447 5595 2658 5668 (Matth.
2686 5597 2799 5668 26).
2830 5598 2941 5653 [loc
2970 5599 3162 5653 factum
3205 5600 3417 5669 indigne
3447 5602 3683 5658 ferentes

2099 5686 2360 5756 discipuli,
2388 5688 2637 5746 dicebant
2663 5710 2674 5741 :
2699 5692 2867 5759 Quare
2892 5709 2991 5747 non
3012 5694 3364 5746 venumdatam
3386 5706 3460 5748 cst
3489 5707 3681 5747 ενι-σειν
