3850 6224
158 207 248 260 885

1329 215 1699 273 ADVERSUS
1731 213 2037 272 JUDA‘ZOS.
2083 214 2150 271 ν.

3321 212 3426 266 884

3089 369 3394 384 ...ψ

1272 529 1571 616 ΚΑΤΑ
1645 525 2178 615 ΙΟΥΔΑΙΩΝ
2233 536 2287 601 ³.

673 779 862 850 Λόγος
903 779 1194 850 πέμπτος.

213 921 280 968 α’.
300 913 469 966 Πόθεν
497 914 629 982 ἡμῖν
653 912 759 982 ἄρα
785 911 986 963 πλείων
1016 913 1046 962 6
1075 908 1328 978 σύλλογος
1349 909 1537 977 γέγονε
1559 909 1624 978 σή
1634 926 1730 978 με-

153 1017 268 1070 ρον;
309 999 448 1070 Πρὸς
493 998 591 1068 τῆν
643 996 936 1065 ἀπαίτησιν
970 996 1069 1066 τῆς
1114 993 1458 1064 ὑποσχέσεως
1485 993 1724 1062 ἀπηντή-

155 1101 274 1136 κατε
303 1081 539 1142 πάντως,
570 1079 662 1132 καὶ
689 1078 748 1130 τὸ
773 1077 1033 1148 ἀργύριον
1065 1077 1126 1129 τὺ
1159 1075 1569 1147 πεπυρωμένον,
1593 1077 1729 1145 ὅπερ

155 1171 462 1242 ὑπεσχόμην
482 1167 830 1228 καταϐαλεῖν,
853 1164 1212 1231 ὑποδέξασθαι
1241 1161 1631 1233 παρεγένεσθε.
1659 1160 1733 1213 Τὰ

152 1258 317 1324 λόγια
348 1254 475 1324 γὰρ.
503 1253 657 1322 φησὶ,
699 1251 938 1318 Κυρίου,
990 1250 1163 1319 λόγια
1207 1248 1393 1316 ἁγνὰο
1449 1247 1733 1314 ἀργύριον

154 1339 574 1408 πεπυρωμένον
616 1337 888 1406 δοκίμιον
911 1337 937 1376 b
969 1339 1034 1406 τῆ
1061 1338 1152 1406 γῇ.
1189 1333 1492 1403 Εὐλογητὸς
1517 1334 1545 1384 6
1578 1331 1729 1394 Θεὸς,

152 1427 180 1477 ὀ
211 1424 474 1493 τοσαύτην
533 1424 661 1493 ὑμῖν
718 1421 846 1490 περὶ
898 1420 998 1490 τὴν
1047 1418 1421 1490 πνευματικὴν
1471 1419 1733 1487 ἀκρόασιν

154 1508 444 1578 ἐπιθυμίαν
473 1506 666 1569 ἐνθείς.
697 1504 960 1575 Καθάπερ
987 1504 1095 1575 7&9
1127 1505 1173 1556 οἱ
1202 1503 1428 1572 φίλοινοι
1460 1504 1552 1555 καί¹
1583 1502 1733 1571 φιλο-

151 1593 332 1653 πόται,
360 1592 710 1660 ἀνιστάμενοι
760 1587 881 1642 καθ’
913 1587 1150 1657 ἑκάστην
1181 1587 1392 1658 ἡμέραν
1438 1584 1734 1658 περιεργά-

152 1677 331 1742 ζονται
365 1675 459 1728 καὶ
489 1671 1006 1744 πολυπραγμονοῦσι
1044 1671 1146 1724 ποῦ
1180 1673 1352 1735 πότοι,
1399 1673 1493 1723 καὶ
1529 1671 1737 1740 συμπό-

154 1778 262 1825 σια,
298 1760 394 1812 καὶ
433 1759 646 1819 δεῖπνα,
685 1758 773 1810 καὶ
806 1755 1006 1826 κῶμοι,
1038 1757 1132 1809 καὶ
1172 1756 1356 1824 μέθαι,
1391 1756 1486 1808 καὶ
1524 1755 1734 1823 φιάλαι,

151 1847 247 1897 καὶ
274 1844 567 1914 κρατῆρες,
608 1842 702 1894 καὶ⁵
735 1843 998 1912 ποτήρια’
1029 1839 1172 1893 οὑτω
1201 1840 1262 1910 δὴ
1297 1841 1391 1893 καὶ
1421 1840 1578 1909 ὑμεῖς
1615 1839 1736 1891 καθ’

151 1929 390 1997 ἑκάστην
447 1926 657 1997 ἡμέραν
706 1925 1058 1995 ἀνιστάμενοι
1117 1921 1581 1995 περιεργάζεσθε,
1633 1923 1735 1975 ποῦ

152 2012 490 2082 παραίνεσις,
518 2011 609 2062 καὶ
636 2009 934 2079 συμϐουλὴ,
965 2009 1059 2060 καὶ
1086 2008 1453 2079 παράκλησις,
1474 2008 1568 2060 καὶ
1595 2006 1738 2060 διδα-

153 2094 368 2156 σκαλία,
394 2094 486 2146 καὶ
513 2092 668 2161 λόγος
716 2093 795 2156 είς
838 2091 995 2156 δόξαν
1026 2091 1262 2161 Χριστοῦ
1300 2091 1608 2144 συντείνων.
1643 2092 1741 2144 Διά

151 2180 325 2234 ταῦτα
369 2180 462 2231 καὶ
504 2180 663 2247 ἡμεῖς
694 2178 850 2230 αὐτοὶ
881 2175 1286 2247 προθυμότερον
1324 2177 1524 2244 ταύτης
1573 2175 1738 2228 ἀπτό-

152 2264 297 2335 μεθα
348 2263 443 2332 τῆς
490 2260 820 2323 ὑποθέσεως,
858 2261 968 2323 καὶ,
1003 2258 1146 2330 άπερ
1194 2259 1564 2329 ὑπεσχόμεθα,
1605 2259 1742 2328 μετὰ

149 2351 334 2418 πάσης
378 2345 738 2416 κατατίθεμεν
785 2347 886 2416 τῆς
922 2343 1453 2414 εὐγνωμοσύνης.Ἠ
1503 2344 1600 2413 μὲν
1649 2339 1742 2396 οὖν

147 2434 287 2503 πρὸς
339 2431 621 2492 Ἰουδαίους
653 2429 800 2499 μάχη
833 2428 985 2490 τέλος
1021 2426 1182 2480 ἔλαϐε
1209 2427 1269 2478 τὸ
1298 2427 1572 2496 προσῆκον
1595 2443 1611 2455 ·
1649 2426 1742 2478 καὶ

148 2517 211 2569 τὸ
253 2516 513 2586 τρόπαιον
556 2515 778 2582 ἕστηκε,
813 2512 906 2565 καὶ
945 2514 973 2562 6
1019 2510 1280 2579 στέφανος
1331 2512 1460 2580 ἡμῖν
1510 2511 1740 2581 ἀπήρτι‹

149 2617 298 2660 σται,
331 2599 423 2651 καὶ
448 2597 506 2650 τὺ
533 2595 785 2666 βραϐεῖον
815 2595 1147 2666 ὴρπάσαμεν
1184 2594 1278 2646 καὶ
1305 2593 1413 2645 ἀπὸ
1453 2592 1554 2662 τῆς
1591 2589 1740 2663 [6‘28]

149 2681 432 2751 προτέρας
459 2677 765 2741 διαλέξεως.
795 2677 869 2728 Τὸ
914 2675 1023 2746 γὰρ
1062 2674 1494 2743 σπουδαζόμενον
1520 2670 1587 2744 ἦν
1611 2675 1744 2744 ἡμῖν

145 2764 454 2829 ἀποδεῖξαι,
493 2763 574 2814 ὄτι
615 2762 684 2814 τά
722 2761 982 2831 γινόμενα
1023 2759 1119 2813 νῦν
1163 2761 1254 2831 ὑπ’
1284 2759 1464 2812 αὐτῶν
1505 2775 1746 2828 παρανο-

148 2848 256 2916 μία
296 2846 383 2908 τίς
419 2847 536 2898 ἐστι
585 2844 681 2898 καὶ
737 2844 1047 2914 παράϐασις
1073 2885 1087 2907 ,
1130 2845 1222 2896 καὶ
1270 2842 1572 2914 ἀνθρώπων
1612 2843 1746 2910 πρὸς

145 2930 286 2982 θεὸν
331 2928 476 2998 μάχη
517 2929 611 2982 καὶ
649 2928 884 2996 πόλεμος
909 2946 921 2958 ·
963 2928 1058 2980 καὶ
1095 2927 1252 2980 τοῦτο
1293 2927 1389 2979 σὺν
1440 2927 1559 2996 Θεῷ
1613 2927 1750 2997 μετὰ

145 3013 446 3085 ἀκριϐείας
485 3013 703 3081 ἀπάσης
740 3011 1054 3082 ἀπεδείχθη.
1098 3013 1160 3065 El
1198 3012 1308 3083 7&9
1362 3013 1454 3065 καὶ
1505 3012 1748 3082 μέλλοιεν

146 3095 570 3165 ἀπολαμϐάνειν
607 3097 708 3166 τὴν
749 3095 954 3148 ἑαυτῶν
994 3095 1177 3155 πόλιν,
1219 3097 1312 3148 καὶ
1351 3096 1444 3148 ἐπὶ
1480 3095 1578 3167 τὴν
1618 3113 1752 3167 προ-

143 3183 327 3253 τέραν
367 3181 651 3236 ἐπανιέναι
692 3179 968 3232 πολιτείαν
991 3220 1006 3243 ,
1048 3182 1142 3233 καὶ
1179 3181 1271 3233 τὸν
1317 3180 1442 3233 ναὸν
1480 3181 1614 3251 όρᾷν
1653 3183 1749 3234 ἀν-

146 3266 472 3336 ιστάμενον,
511 3266 648 3335 ὅπερ
687 3263 943 3316 οὐδέποτε
983 3263 1158 3326 ἔσται,
1198 3263 1319 3316 οὐδὲ
1356 3262 1528 3326 οὕτως
1567 3263 1748 3332 ἔχουσί

143 3366 278 3401 τινα
318 3347 616 3416 ἀπολογίαν
654 3348 712 3398 ἐν
749 3349 861 3407 τοῖς
913 3346 1007 3400 νῦν
1061 3348 1150 3401 ὑπ’
1190 3347 1366 3400 αὐτῶν
1419 3346 1746 3417 γινομένοις.

157 3433 328 3485 Ἐπεὶ
365 3433 458 3485 καὶ
493 3433 544 3484 οί
583 3433 771 3493 παῖδες
803 3434 850 3484 οί
883 3435 1051 3501 τρεῖς,
1081 3433 1174 3484 καὶ
1203 3431 1420 3501 Δανιὴλ,
1449 3432 1541 3484 καὶ
1575 3435 1622 3484 οἱ
1658 3432 1750 3485 άλ-

143 3518 234 3570 λοι
280 3515 553 3579 ἅπαντες,
594 3517 643 3568 οἱ
681 3515 774 3568 ἐπὶ
811 3515 907 3585 τῆς
948 3515 1323 3585 αἰχμαλωσίας
1362 3515 1748 3586 διατρίϐοντες,

142 3603 507 3672 προσεδόκων
564 3600 941 3672 ἀπολήψεσθαι
1001 3600 1099 3672 τὴν
1154 3601 1366 3653 ἑαυτῶν
1424 3601 1578 3654 πόλιν
1602 3643 1614 3664 ,
1659 3603 1751 3654 καὶ

146 3688 305 3757 μετὰ
335 3687 708 3757 ἐϐδομήκοντα
734 3687 826 3757 ἔτη
857 3686 918 3739 τὸ
953 3687 1147 3756 ἔδαφος
1172 3685 1398 3756 ὄψεσθαι
1425 3687 1524 3756 τῆς
1558 3687 1751 3756 πατρί-

139 3775 268 3835 δος,
309 3772 406 3824 καὶ
428 3775 484 3824 ἐν
504 3774 614 3834 τοῖς
638 3771 823 3840 νόμοις
841 3773 954 3834 τοῖς
976 3771 1260 3842 προτέροις
1287 3769 1578 3839 βιώσεσθαι
1600 3787 1612 3799 ·
1637 3770 1750 3822 ἀλλ’

138 3859 315 3928 ὅμως
338 3858 430 3909 καὶ
461 3855 700 3926 φανερὰν
728 3856 1020 3925 ὑπόσχεσιν
1045 3855 1258 3926 ἔχοντες
1284 3857 1375 3908 καὶ
1397 3855 1646 3925 ώμολογη
1657 3855 1753 3924 μέ-

139 3961 283 4013 νην,
308 3941 427 3994 οὑδὲ
450 3939 620 4003 οῦτως
641 3939 879 4008 ἐτόλμων
902 3939 1008 4009 πρὸ
1035 3940 1134 4008 τῆς
1161 3938 1510 4008 ὑποσχέσεως
1539 3939 1634 3990 καὶ
1655 3938 1753 4006 τῆς

139 4025 428 4078 ἐπανόδου
448 4035 470 4062 ο
506 4023 729 4088 ποιῆσαί
757 4041 810 4075 τι
841 4022 950 4074 τῶν
982 4023 1230 4093 νομίμων
1260 4015 1334 4074 ὧν
1361 4017 1506 4073 οὑτοι
1539 4018 1754 4072 ποιοῦσι

137 4109 253 4162 νῦν
282 4125 293 4136 ·
333 4105 478 4160 οὕτω
513 4108 605 4159 καὶ
630 4107 695 4158 σὺ
733 4107 937 4176 δυνήσῃ
967 4105 1058 4158 τὸν
1095 4105 1346 4157 Ἰουδαῖον
1379 4103 1749 4172 ἐπιστομίσαι.

148 4191 488 4262 Ἕρώτησον
531 4188 641 4260 γὰρ
679 4189 862 4251 αὐτὸν,
895 4188 1041 4250 τίνος
1083 4187 1268 4241 ἕνεκεν
1322 4185 1622 4255 νηστεύεις,
1655 4185 1755 4237 οὐκ

133 4276 298 4346 ἔχων
353 4273 446 4343 τὴν
495 4272 682 4336 πόλιν;
717 4271 819 4325 κᾶν
843 4272 995 4341 εἴπῃ,
1030 4271 1110 4323 ὅτι
1147 4270 1438 4342 Προσδοκῶ
1471 4270 1569 4340 τήν
1602 4269 1755 4322 πόλιν

132 4357 598 4426 ἀπολαμϐάνειν,
629 4355 748 4407 είπέ
776 4355 912 4424 πρὸς
941 4353 1102 4406 αὐτόν
1124 4370 1136 4382 ’
1157 4352 1366 4407 Οὐκοῦν
1393 4353 1498 4415 ἕως
1529 4351 1593 4405 ἂν
1620 4353 1756 4405 ἀπο-

130 4441 338 4511 λάϐῃς
374 4438 631 4508 ἡσύχαζε.
683 4438 792 4491 Καὶ
843 4438 950 4508 7&9
999 4438 1048 4489 οί
1096 4436 1241 4504 ἆγιοι
1289 4438 1505 4496 ἐκεῖνοι,
1537 4437 1640 4498 ἕως
1667 4436 1754 4487 ὅτε

1833 771 2121 829 παιδεῦσαι
2153 771 2413 840 μειζόνως
2441 768 2509 821 τὰ
2548 769 2724 822 οἰκεῖα
2747 768 3011 838 δόγματα·
3047 766 3180 838 φέρε
3229 770 3292 822 ὲκ
3325 787 3425 825 πε..

1835 855 2077 930 ριουσίας
2112 854 2385 907 καὶτοῦτο
2425 851 2800 920 ἀποδείξωμεν
2827 850 3007 914 πάλιν,
3044 851 3126 904 ὅτι
3150 850 3269 904 οὔτε
3295 853 3428 906 ἀνα.

1831 943 2091 1011 στήσεται
2129 936 2314 989 λοιπὸν
2348 937 2376 988 6
2412 935 2558 996 ναὸς,
2591 933 2709 985 οὐδὲ
2730 934 2807 996 είς
2842 933 2941 1004 τὴν
2965 934 3236 1004 προτέραν
3256 937 3428 988 ἐπανε-

1831 1007 2019 1094 ήξουσι
2092 1019 2386 1072 πολιτείαν.
2418 1017 2573 1071 Οὕτω
2609 1019 2717 1086 γὰρ
2746 1017 2904 1086 ὑμεῖς
2949 1007 3008 1068 τε
3039 1017 3427 1090 ἀκριϐέστερον

1829 1107 2043 1160 εἴσεσθε
2061 1105 2130 1157 τὰ
2160 1101 2496 1156 ἀποστολικά
2527 1101 2798 1169 δόγματα,
2838 1100 3038 1153 ἐκεῖνοί
3069 1118 3127 1153 τε
3166 1102 3429 1171 μειζόνως

1833 1189 2160 1250 ἀσεϐοῦντες
2209 1187 2532 1239 ἁλώσονται.
2566 1183 2885 1253 ιῐαρέξομεν
2929 1184 2986 1236 δὲ
3029 1185 3282 1256 μάρτυρα
3308 1185 3431 1238 τού-

1831 1289 1939 1326 των
1972 1273 2072 1325 οὐκ
2099 1270 2352 1338 ἄγγελον,
2409 1270 2508 1322 οὐκ
2561 1268 2924 1340 ἀρχάγγελον,
2982 1268 3097 1320 ἀλλ’
3130 1255 3293 1321 αὑτὸν
3337 1270 3431 1322 τὸν

1831 1357 1932 1425 τῆς
1967 1357 2118 1408 οίκου
2130 1353 2296 1423 μένης
2338 1353 2556 1419 ἁπάσης
2589 1352 2888 1420 Δεσπότην,
2917 1350 3007 1404 τὸν
3040 1352 3244 1422 Κύριον
3276 1354 3432 1422 ἡμῶν

1844 1438 2055 1509 Ἰησοῦν
2089 1436 2346 1507 Χριστόν.
2384 1432 2659 1487 Εἰσελθὼν
2699 1434 2807 1505 γὰρ
2834 1435 2914 1498 εἰς
2950 1434 3016 1487 τά
3059 1436 3430 1506 Ἱεροσόλυμα,

1835 1523 2044 1577 καὶτὸν
2081 1522 2205 1573 ναὸν
2240 1518 2384 1580 ἰδὼν,
2412 1517 2618 1584 ἔλεγεν,
2651 1518 2733 1570 ὅτι
2772 1519 2984 1571 Ἔσται
3031 1518 3432 1587 Ἰερουσαλὴμ

1835 1604 2178 1675 πατουμένη
2212 1604 2330 1658 ὑπὸ
2392 1600 2582 1655 ἐθνῶν
2615 1601 2884 1664 πολλῶν,
2917 1600 3028 1667 ἕως
3083 1597 3155 1657 οὗ
3199 1606 3433 1670 πληρω-

1836 1688 1986 1744 θῶσι
2016 1687 2207 1755 καιροὶ
2238 1683 2430 1739 ἐθνῶν
2457 1683 2706 1736 πολλῶν
2727 1681 2777 1747 δ,
2807 1683 2898 1736 τὸν
2933 1684 3092 1754 μέχρι
3125 1685 3432 1750 συντελείας

1836 1774 2009 1842 λέγων
2029 1773 2242 1842 χρόνον.
2276 1769 2387 1824 Καὶ
2414 1767 2576 1820 πάλιν
2614 1767 2742 1837 περὶ
2766 1765 2859 1819 τοῦ
2894 1767 3022 1819 ναοῦ
3063 1767 3237 1820 ταῦτα
3269 1769 3432 1837 ῆπεί-

1836 1857 1990 1928 λησε,
2029 1859 2142 1917 τοῖς
2201 1851 2470 1922 μαθηταῖς
2513 1849 2700 1903 εἰπών·
2735 1851 2809 1902 Οὐ
2854 1851 2928 1922 μὴ
2966 1851 3124 1923 μείνῃ
3159 1851 3305 1916 λίθος
3338 1853 3432 1905 ἐπὶ

1839 1939 1987 1992 λίθον
2023 1940 2080 1990 ἐν
2109 1935 2186 2006 τῷ
2214 1935 2364 2003 τόπῳ
2393 1932 2588 2004 τούτῳ,
2620 1933 2725 1995 ἕως
2747 1929 2807 1987 οὑ
2837 1933 3140 2006 καταλυθῇ,
3177 1935 3266 1988 τὸν
3286 1936 3432 2004 ἀφα-

1843 2023 2034 2093 νισμὸν
2061 2021 2153 2073 τὸν
2181 2018 2422 2086 παντελῆ
2449 2019 2544 2069 καὶ
2580 2019 2679 2085 τὴν
2716 2019 2998 2087 ἐρήμωσιν
3027 2022 3434 2088 προαναφωνῶν

1843 2107 1940 2177 τὴν
1969 2107 2046 2169 είς
2077 2105 2248 2166 τέλος.
2294 2103 2434 2155 Ἀλλ’
2469 2105 2497 2155 ό
2560 2101 2810 2162 Ἰουδαῖος
2870 2103 3293 2173 παραγράφεται
3339 2103 3435 2173 τὴν

1848 2188 2154 2260 μαρτυρίαν
2177 2187 2414 2248 πάντως,
2460 2184 2554 2237 καὶ⁸
2578 2185 2678 2236 οὐκ
2704 2183 2956 2252 ἀνέχεται
2979 2185 3088 2236 τῶν
3108 2185 3433 2256 είρημένων.

1856 2272 2080 2343 Ἐχθρὸς
2117 2269 2246 2340 7&9,
2283 2269 2467 2339 φησὶν.
2515 2269 2661 2320 ἐστὶν
2685 2267 2815 2336 ἐμὸς
2851 2268 2879 2318 ὁ
2907 2265 3080 2320 ταῦτα
3109 2267 3300 2334 λέγων.
3328 2269 3439 2336 ἐγὼ

1845 2355 2006 2408 αὐτὸν
2058 2351 2400 2422 ἐσταύρωσα,
2451 2351 2543 2401 καὶ
2589 2347 2700 2410 πῶς
2736 2348 2899 2400 αὐτοῦ
2933 2348 3308 2419 παραδέξομαι
3339 2351 3439 2419 τὴν

1851 2437 2156 2509 μαρτυρίαν
2180 2453 2193 2500 ;
2218 2433 2390 2487 Τοῦτο
2414 2435 2521 2504 γάρ
2549 2434 2665 2486 ἐστι
2691 2432 2750 2484 τὸ
2778 2432 3108 2502 θαυμαστὸν,
3137 2426 3436 2497 ὧΊουδαῖε,

1846 2523 1927 2574 ὅτι
1963 2521 2020 2573 δν
2049 2518 2424 2589 ἐσταύρωσας,
2452 2515 2592 2586 μετά
2635 2516 2697 2567 τὸ
2733 2515 3114 2585 σταυρωθῆναι
3165 2515 3285 2568 τότε
3345 2533 3440 2569 σου

1847 2609 1944 2678 τὴν
1977 2607 2129 2661 πόλιν
2151 2605 2392 2668 καθεῖλε,
2427 2604 2547 2656 τότε
2579 2618 2672 2654 σου
2695 2601 2784 2654 τὸν
2820 2601 2994 2671 δῆμον
3018 2602 3360 2673 διεσκόρπισε
3393 2613 3439 2666 θ,

1847 2692 1966 2744 τότε
1995 2691 2056 2743 τὸ
2081 2687 2235 2761 [629]
2261 2687 2412 2748 ἔθνος
2437 2685 2715 2756 πανταχοῦ
2745 2684 3044 2755 διέσπειρεο
3069 2684 3334 2739 διδάσκων
3363 2685 3441 2738 ὅτι

1849 2774 2046 2843 ἀνέστη
2073 2772 2168 2824 καὶ
2199 2769 2397 2842 ζῇ,καὶ
2430 2768 2526 2822 νῦν
2553 2770 2700 2820 ἐστιν
2733 2769 2790 2819 ἐν
2817 2769 2930 2828 τοῖς
2952 2767 3220 2836 οὐρανοῖς.
3264 2769 3443 2821 Ἐπει-

1847 2857 1912 2928 δὴ
1951 2857 2059 2927 7&9
2085 2856 2172 2908 διά
2206 2855 2314 2907 τῶν
2343 2853 2670 2925 εὐεργεσιῶν
2701 2853 2800 2904 οὐκ
2819 2850 3089 2921 ἠθέλησας
3109 2852 3273 2904 αὐτοῦ
3306 2853 3443 2920 γνῶ.

1850 2959 1935 2993 ναι
1964 2940 2062 3010 τὴν
2092 2939 2344 3010 δύναμιν,
2389 2938 2477 2991 διά
2507 2937 2614 2989 τῶν
2671 2934 2946 2988 κολάσεων
3002 2935 3095 2988 καὶ
3137 2936 3245 2988 τῶν
3272 2953 3442 3006 τιμω-

1856 3023 1984 3094 ριῶν
2017 3021 2307 3075 ἐπαίδευσέ
2339 3037 2399 3073 σε
2427 3021 2527 3090 τὴν
2576 3019 2788 3088 ἄμαχον
2830 3019 2996 3070 αὐτοῦ
3034 3019 3126 3071 καὶ
3156 3021 3445 3088 ἀκαταγώ-

1852 3122 2032 3159 νιστον
2060 3104 2233 3175 ἰσχύν.
2285 3103 2423 3155 Ἀλλ’
2455 3101 2577 3155 οὐδὲ
2626 3100 2771 3153 οὑτω
2805 3100 3103 3164 πιστεύεις,
3145 3102 3265 3156 οὐδὲ
3298 3102 3445 3172 νομίο

1854 3189 1966 3254 ζεις
1995 3189 2156 3243 αὐτὸν
2188 3185 2327 3240 εῖναι
2373 3186 2527 3250 Θεὸν,
2574 3184 2790 3253 καὶτῆς
2843 3185 3170 3255 οἰκουμένης
3225 3186 3444 3257 ἀπάσης

1853 3275 2149 3344 Δεσπότην,
2187 3271 2301 3325 ἀλλ’
2332 3269 2618 3342 ἄνθρωπον
2646 3269 2740 3321 ἕνα
2767 3267 2876 3320 τῶν
2905 3268 3134 3323 πολλῶν.
3169 3269 3304 3339 Φέρε
3328 3266 3442 3331 οὖν,

1851 3357 1928 3420 ὡς
1964 3357 2050 3408 ἐπ’
2073 3354 2345 3425 ἀνθρώπῳ
2373 3353 2394 3392 ί
2424 3351 2778 3423 ποιησώμεθα
2803 3351 2900 3422 τὴν
2930 3352 3194 3415 ἐξέτασιν.
3231 3353 3354 3417 Πῶς
3387 3354 3444 3408 δὲ

1852 3439 1938 3490 ἐπ’
1967 3437 2268 3509 ἀνθρώπων
2307 3434 2610 3505 ποιούμεθα
2637 3435 2738 3503 τὴν
2795 3435 3073 3500 ἐξέτασιν;
3119 3437 3288 3493 Ὅταν
3320 3437 3445 3490 [δωι

1854 3521 1955 3590 μέν
2003 3538 2156 3584 τινας
2204 3519 2525 3590 ἀνθρώπους
2577 3521 2632 3571 ἐν
2673 3519 2880 3571 ἅπασιν
2931 3517 3313 3592 ἀληθεύοντας,
3351 3522 3447 3573 καὶ

1857 3604 2022 3673 μηδὲν
2051 3602 2304 3674 μηδαμοῦ
2330 3602 2717 3672 ψευδομένους.
2751 3601 2853 3656 κᾶν
2883 3600 3068 3673 ἐχθροὶ
3088 3604 3447 3673 τυγχάνοντες

1853 3681 1975 3750 ὦσι,
1998 3688 2093 3739 καὶ
2131 3686 2255 3739 νοῦν
2297 3685 2510 3755 ἔχωμεν
2540 3687 2586 3747 ε,
2617 3684 2883 3754 δεχόμεθα
2928 3686 2996 3739 τὰ
3030 3687 3121 3738 ὑπ’
3147 3687 3326 3739 αὐτῶν
3360 3687 3448 3740 λε·-

1855 3771 2083 3841 γόμενα⁵
2109 3769 2298 3838 ὥσπερ
2325 3763 2418 3820 οὖν
2445 3768 2573 3820 ὅταν
2609 3766 2809 3836 ἴδωμεν
2835 3767 3198 3838 ψευδομένους
3234 3770 3284 3833 ιι,
3343 3771 3447 3823 κᾶν

1854 3853 2195 3923 ἀληθεύωσιν
2248 3852 2304 3903 έν
2325 3868 2497 3916 τισιν,
2550 3849 2885 3924 οὐδέιέκεῖνα
2915 3852 3113 3921 ῥᾳδίως
3142 3853 3446 3923 παραδεχό-

1858 3937 2016 4008 μεθα.

1873 4006 1880 4012 ’
1928 4020 1993 4090 β’.
2013 4019 2151 4091 Φέρε
2169 4014 2283 4080 οὑν,
2303 4017 2503 4087 ἴδωμεν
2525 4017 2708 4070 ὁποῖον
2727 4017 2788 4068 τὸ
2812 4012 2943 4088 ἦθος
2963 4017 3058 4070 τοῦ
3075 4018 3334 4088 Χριστοῦ,
3353 4020 3448 4073 καὶ

1859 4107 2007 4168 ποῖος
2031 4106 2061 4156 6
2081 4103 2301 4174 τρόπος.
2328 4100 2464 4153 Οὐδὲ
2496 4100 2606 4171 γὰρ
2645 4100 2805 4153 τοῦτο
2835 4100 2992 4171 μόνον
3041 4106 3300 4173 προεῖπεν
3353 4106 3448 4158 καὶ

1860 4185 2336 4257 προανεφώνησεν,
2371 4184 2506 4238 ἀλλά
2529 4185 2621 4238 καὶ
2656 4183 2793 4238 ἄλλα
2819 4184 2987 4237 πολλά
3010 4185 3116 4239 τῶν
3145 4186 3448 4256 μελλόντων

1858 4268 2188 4340 ἐκϐήσεσθαι
2224 4267 2362 4337 μετὰ
2395 4269 2604 4340 μακρὸν
2655 4267 2881 4340 ὕστερον
2912 4270 3101 4339 χρόνον
3140 4271 3448 4341 προανηγό-

1861 4369 2022 4424 ρευσε
2050 4352 2194 4405 τότε.
2244 4352 2568 4420 Ἀγάγωμεν
2593 4353 2771 4404 τοίνυν
2799 4353 3016 4416 ὲκείνας
3048 4354 3144 4417 τὰς
3209 4357 3448 4426 προρρή-

1861 4454 1974 4499 σεις
2000 4439 2078 4499 είς
2109 4436 2294 4505 μέσον,
2321 4434 2422 4487 κᾶν
2441 4435 2553 4506 ἴδῃς
2569 4436 2625 4487 ὲν
2661 4436 2899 4498 ἐκείναις
2929 4436 3274 4506 ψευδόμενον,
3311 4438 3449 4509 μηδὲ

1860 4519 2062 4588 ταύτην
2089 4517 2377 4587 καταδέξῃ,
2414 4517 2548 4587 μηδέ
2572 4516 2798 4589 νομίσῃς
2824 4514 2961 4570 εἶναι
3013 4520 3228 4588 πιστήν·
3272 4519 3336 4571 ἂν
3389 4520 3448 4574 δὲ

1863 4603 1977 4673 ἴδῃς
1999 4603 2056 4655 ἐν
2087 4599 2289 4654 ἅπασιν
2313 4599 2972 4672 ἀληθεύοντα,καὶταύτην
2995 4601 3143 4664 τέλος
3163 4602 3449 4672 εἰληφυῖαν

1859 4685 1957 4758 τήν
1986 4685 2310 4756 πρόρρησιν,
2362 4683 2453 4735 καὶ
2496 4683 2588 4734 τὸν
2645 4683 2851 4752 ἄφατον
2903 4686 3283 4756 μαρτυροῦντα
3323 4688 3449 4758 196-

1861 4770 1990 4822 vovi
2029 4771 2093 4838 τῇ
2133 4767 2240 4819 τῶν
2273 4766 2686 4836 προειρημένων
2716 4765 2966 4837 ἀληθείᾳ,
3004 4767 3079 4838 μὴ
3105 4770 3449 4839 ἀναισχύντει

1863 4852 2191 4924 περαιτέρω,
2222 4851 2356 4920 μηδὲ
2388 4849 2682 4918 φιλονείκει
2706 4854 2818 4913 τοῖς
2851 4851 3000 4920 ἡλίου
3048 4856 3451 4927 φανερωτέροις

1863 4937 2201 5005 πράγμασιν.
2233 4934 2297 4985 Τί
2329 4927 2422 4986 οὖν
2449 4932 2543 4985 καὶ
2565 4932 2693 4985 ἄλλο
2723 4937 3003 5003 προεῖπεν,
3037 4935 3253 5007 ἴδωμεν.
3276 4940 3452 5010 [1905-

1865 5018 2023 5090 ῆλθεν
2079 5016 2230 5086 αὐτῷ
2262 5018 2422 5088 γυνὴ,
2458 5017 2799 5089 ἀλάϐαστρον
2846 5019 3017 5090 μύρου
3047 5022 3244 5090 ἔχουσα
3289 5024 3422 5076 πολυ

1862 5103 2042 5172 τίμου.
2075 5102 2167 5153 καὶ
2203 5100 2430 5170 κατέχεε
2464 5103 2524 5153 τὸ
2547 5101 2743 5155 ἔλαιον.
2790 5103 3160 5174 Ἐπετίμησαν
3187 5107 3234 5158 οἱ
3279 5105 3424 5174 μαθη

1863 5186 1954 5237 ταὶ
1971 5183 2048 5254 τῷ
2076 5183 2372 5253 γενομένῳ,
2406 5181 2666 5250 λέγοντες
2725 5187 2885 5239 Διατι
2907 5188 2992 5256 μὴ
3019 5187 3248 5256 ἐπράθη
3274 5188 3451 5241 τοῦτο

127 4527 301 4595 πρὸς
326 4522 428 4590 τὴν
457 4521 690 4590 πατρίδα
715 4521 814 4591 τὴν
844 4521 1051 4572 ἐαυτῶν
1084 4519 1406 4589 ἐπανῆλθον,
1433 4518 1584 4572 οὐδὲν
1607 4517 1753 4570 ἐτόλ-

132 4626 279 4680 μων
317 4606 494 4658 ποιεῖν
531 4598 606 4655 ὦν
649 4606 712 4658 σὺ
743 4607 917 4666 ποιεῖς
951 4601 1235 4656 νῦν.Ὄθεν
1269 4602 1426 4672 δῆλον
1460 4603 1542 4655 ὅτι
1569 4618 1750 4672 παρα-

125 4692 351 4760 νομεῖς
382 4686 497 4750 νῦν,
537 4687 639 4740 κάν
672 4686 870 4757 μέλλῃς
899 4686 998 4754 τὴν
1033 4685 1186 4738 πόλιν
1221 4685 1646 4754 ἀπολαμϐάνειν,
1677 4683 1752 4747 ὡς

127 4776 209 4827 σὺ
255 4772 400 4840 φῂς,
444 4771 539 4822 καὶ
571 4768 669 4830 τὰς
711 4768 846 4839 πρὸς
887 4768 1019 4820 Θεὸν
1064 4767 1418 4836 παραϐαίνεις
1457 4766 1752 4836 συνθήκας,

125 4857 246 4911 καὶ
290 4853 396 4922 τὴν
427 4851 703 4904 πολιτείαν
730 4850 902 4920 αὐτὴν
924 4849 1248 4920 ἐνυϐρίζεις.
1280 4851 1424 4920 Πρὸς
1457 4851 1553 4919 μὲν
1576 4847 1670 4903 οὖν
1693 4851 1754 4902 τὺ

119 4942 249 5010 τὴν
310 4935 423 4988 τῶν
475 4934 744 4987 Ἰουδαίων
794 4932 1177 5002 ἀναισχυντίαν
1233 4933 1604 5003 ἐπιστομίσαι,
1662 4935 1755 4986 καὶ

122 5023 336 5086 δεῖξαι
367 5017 824 5087 παρανομοῦντας
854 5016 1071 5081 αὐτοὺς,
1108 5017 1270 5068 ἱκανά
1311 5017 1405 5068 καὶ
1432 5017 1500 5070 τά
1524 5019 1590 5087 τῇ
1622 5033 1756 5087 προ-

124 5108 304 5176 τέρᾳ
336 5099 568 5163 διαλέξει
607 5099 742 5170 πρὸς
770 5100 868 5168 τὴν
896 5100 1117 5170 ἀγάπην
1143 5097 1299 5168 ὑμῶν
1325 5099 1612 5169 εἰρημένα.

233 5194 479 5264 Ἐπειδὴ
504 5194 561 5248 δὲ
591 5196 654 5247 οὐ
679 5194 838 5247 τοῦτο
877 5195 1292 5266 ἐσπουδάκαμεν
1319 5196 1505 5265 μόνον,
1535 5195 1760 5248 ἐκείνων

119 5278 494 5353 ἀποῤῥάψαι
547 5279 616 5332 τά
652 5277 919 5348 στόματα,
974 5278 1110 5331 ἀλλά
1144 5280 1237 5332 καὶ
1286 5279 1384 5350 τὴν
1431 5278 1761 5348 Ἐκκλησίαν

1929 5365 1956 5405 ἀ
1981 5368 2078 5417 Alli
2098 5368 2254 5429 καιροὶ
2273 5367 2414 5415 ἐθνῶν
2436 5367 2621 5416 πολλοί.

1925 5430 1949 5490 ⁸7
1978 5430 2076 5478 Alii
2104 5429 2373 5490 έσκόρπισε.
2485 5489 2489 5490 ν
2514 5489 2522 5490 7
2722 5477 2724 5480 ,

1936 5489 1955 5526 ί
1983 5490 2079 5539 Alii
2099 5491 2172 5553 ἐπ’
2194 5489 2441 5553 ἀνθρώπῳ.
2469 5489 2568 5553 Alli
2589 5490 2662 5538 ἐπ’
2679 5491 2952 5552 ἀνθρώπων.

1935 5555 1958 5631 5
1982 5552 2264 5631 εαρεςιιειξςξτ
2505 5552 2645 5631 μοις.

1935 5616 1961 5683 1f
1985 5608 2124 5692 lin-ll?
2147 5612 2253 5685 cpd.
2279 5608 2441 5692 ὥσπερ
2471 5611 2530 5692 αὖ
2555 5613 2698 5688 πάλιν
2719 5613 2775 5659 ἀν
2796 5608 3316 5692 ῖδωμεζψευδομένους.

1943 5677 1954 5712 i
1985 5676 2188 5745 Plurimi
2213 5688 2330 5724 mss.
2350 5669 2430 5723 καί
2453 5676 2533 5722 τὸν
2543 5675 2721 5738 ἄφατον
2744 5669 3449 5738 ειαρτυροὒὰαχρόνονξΜογεΙ.

1874 5749 2220 5799 μαοτυρουσαν.

207 5442 242 5470 ³
275 5437 417 5485 Tres
441 5449 557 5498 mss.
579 5434 696 5498 πρὸς
727 5433 979 5498 Ἰουδαίους
996 5433 1142 5498 λόγος
1157 5433 1226 5493 γ’.

202 5503 246 5542 b
277 5499 374 5546 Sic
396 5491 758 5559 quinque'mss.
783 5501 933 5555 atque
955 5497 1029 5542 ila'
1046 5491 1230 5559 legitur
1249 5497 1302 5559 Ain
1335 5493 1527 5559 Bi_bliis.
1550 5491 1685 5559 Editi
1709 5495 1763 5559 et

120 5567 246 5636 alii.
265 5565 330 5609 ἐν
351 5553 721 5636 τῇλγῄξιιεσιο
741 5553 989 5636 ρρειζιτθε
1024 5553 1137 5604 msé.
1164 5557 1341 5617 ἡμέραν
1379 5553 1641 5618 ἀρχομένης
1679 5558 1764 5609 τῆς

113 5637 154 5682 τι
219 5627 374 5686 έροις,
402 5623 530 5675 εὐθὺς
552 5623 947 5681 περιεργάζονται.

142 5648 243 5717 ¹μ⁶
283 5684 394 5730 Sex
420 5695 536 5729 mss.
562 5683 746 5737 καὶτῆς
769 5677 1166 5741 ἐφόδου.Μοτε1.-.
1195 5676 1347 5726 Savil.
1371 5683 1422 5725 el
1442 5677 1524 5724 alii
1561 5677 1642 5723 καὶ
1683 5681 1767 5733 τῆς

122 5743 430 5805 ἐπανόδου.
461 5742 586 5792 Infra
607 5743 679 5789 ὃτι
701 5739 816 5789 ante
838 5740 1097 5803 προσδοκῶ
1123 5739 1268 5786 deest
1290 5741 1337 5786 in
1355 5745 1548 5801 septem
1571 5750 1685 5786 mss.

498 5843 770 5905 ΡΑτιιοι..
816 5843 932 5903 Gn.
986 5838 1262 5902 XLVIII.

3054 5835 3136 5893 23
