3866 6226
205 211 314 266 885

214 515 332 567 estis
362 513 603 567 mulieri?
629 515 813 567 bonum
837 515 970 572 enim
999 530 1126 583 opus
1153 515 1291 585 fecit.
1326 514 1447 568 Dico
1474 517 1604 567 enim
1635 517 1791 580 vobis,

211 593 512 673 ubicumque
559 606 892 675 pra'dicatum
932 607 1088 674 fuerit
1119 605 1212 659 hoc
1254 608 1565 677 evangilinm
1594 609 1645 660 in
1675 609 1791 660 uni~

207 714 346 750 versu
371 707 529 760 terra,
563 698 752 750 dicetur
773 707 816 750 et
840 697 932 750 hoc
962 698 1098 766 quod
1123 697 1229 751 lure
1250 699 1364 766 fecit
1385 739 1398 760 ,
1428 699 1478 750 in
1503 702 1791 751 memoriam

205 791 314 858 ejus
348 788 450 859 (Ib.
490 805 536 841 υ.
572 789 657 844 10.
702 787 802 858 sq).
849 789 1107 843 Utrumne
1137 791 1385 844 mentitus
1413 799 1514 854 est,
1557 806 1622 844 au
1651 791 1787 843 dixit

203 885 423 936 verum?
445 883 634 937 Evenit
653 881 792 952 quod
814 881 1072 952 praedixit,
1091 897 1156 935 an
1177 881 1271 936 fuit
1289 883 1444 936 immo
1461 883 1790 936 vaticinium?

207 976 476 1044 Interroga
505 975 777 1039 Judaeum;
812 976 912 1029 etsi
941 976 1132 1029 millies
1175 975 1508 1044 pcrfricuerit
1537 974 1784 1039 frontem,

202 1066 457 1119 adversus
511 1066 644 1120 hanc
688 1065 1087 1135 praedictionem
1131 1081 1234 1120 non
1267 1067 1462 1136 poterit
1493 1066 1674 1120 oculos
1702 1073 1786 1119 at-

203 1157 412 1211 tollere.
447 1156 501 1210 In
534 1157 783 1210 munibus
823 1156 964 1210 enim
997 1157 1250 1211 Ecclesiis
1283 1158 1565 1210 memorari
1597 1156 1787 1210 mulie-

201 1264 315 1303 rem
347 1250 608 1304 audimus.
642 1250 776 1304 Sunt
820 1251 1086 1314 consules,
1119 1250 1301 1314 duces,
1348 1249 1467 1315 viri,
1512 1251 1783 1313 mulieres,

202 1344 427 1406 nobiles,
459 1344 713 1406 illustres,
748 1343 1032 1412 splendidi,
1065 1343 1115 1396 in
1144 1342 1392 1396 omnibus
1429 1341 1680 1405 urbibus;
1733 1352 1787 1396 et

202 1436 255 1490 in
284 1452 670 1506 quamcumque
697 1437 842 1489 orbis
877 1451 1078 1505 partem
1110 1435 1410 1501 deveneris,
1433 1449 1643 1489 summe
1663 1449 1782 1488 eum

199 1528 412 1582 silentio
441 1528 622 1582 audies
649 1528 805 1594 hujus
833 1527 1069 1581 mulieris
1098 1525 1330 1580 ofﬁcium
1369 1544 1383 1580 :
1415 1541 1514 1580 nec
1564 1535 1646 1580 est
1676 1526 1782 1579 ulla

200 1621 382 1675 mundi
413 1622 581 1690 plaga,
619 1636 736 1690 quae
761 1619 955 1674 factum
986 1620 1087 1673 hoc
1117 1619 1341 1688 ignoret.
1370 1618 1527 1689 Atqui
1553 1631 1680 1688 quot
1702 1633 1785 1671 re-

196 1726 292 1780 ges
321 1712 486 1764 multa
518 1725 812 1780 magnaque
839 1711 892 1764 in
937 1711 1097 1764 urbes
1127 1710 1467 1764 contulerunt
1503 1709 1778 1774 benelicia,

197 1801 333 1856 bella
364 1817 483 1854 cum
514 1800 666 1854 laude
691 1809 992 1870 gesserunt,
1026 1810 1220 1868 tropaea
1247 1807 1564 1861 statuerunt,
1597 1808 1782 1870 gentes

195 1901 600 1956 conservarunt,
634 1891 794 1946 urbes
818 1890 1189 1954 condiderunt,
1212 1899 1266 1944 et
1293 1891 1601 1945 innumeros
1627 1905 1781 1960 para-

196 1999 321 2036 vere
360 1985 562 2038 reditus
602 2001 614 2038 :
647 1992 700 2038 et
730 1992 906 2036 tamen
937 1997 1058 2036 cum
1088 1983 1170 2036 his
1204 1983 1457 2052 praeclare
1495 1984 1659 2052 gestis
1704 1982 1781 2034 si-

195 2077 359 2131 lentio
393 2077 687 2147 teguntur?
731 2077 866 2130 ltem
907 2077 1106 2147 reginae
1149 2076 1524 2146 primariaeqne
1571 2075 1782 2130 feminae

193 2168 599 2222 innumerabilia
647 2167 924 2222 benefacta
973 2167 1314 2222 contulerunt
1362 2167 1414 2221 in
1447 2182 1543 2221 eos
1589 2166 1781 2236 quibus

194 2259 543 2328 imperabunt,
566 2275 681 2328 quae
706 2274 770 2314 ne
796 2259 862 2314 de
883 2259 1099 2314 nomine
1123 2258 1338 2329 quidem
1365 2258 1454 2312 ulli
1478 2269 1618 2312 notae
1634 2267 1778 2313 sunt.

195 2350 318 2405 Ilaec
353 2363 530 2404 autem
558 2350 764 2420 abjccta
796 2349 1010 2417 mulier,
1039 2364 1159 2420 quae
1200 2357 1405 2403 tantum
1449 2349 1635 2403 effudit
1679 2365 1778 2403 un-

193 2454 462 2512 guentum,
495 2452 604 2498 toto
634 2451 890 2498 terrarum
912 2441 1042 2497 orbe
1071 2441 1401 2497 deeantatur.
1424 2440 1502 2496 Ne
1527 2440 1780 2509 temporis

192 2534 407 2603 quidem
440 2542 544 2587 tam
587 2535 845 2588 immensa
875 2532 1148 2603 longitudo
1175 2532 1487 2586 memoriam
1521 2532 1662 2585 illius
1696 2530 1778 2584 vel

192 2628 466 2693 exstinxit,
509 2627 590 2681 vel
621 2627 918 2696 exstinguet
944 2641 1216 2693 umquam,
1250 2625 1406 2694 idque
1434 2639 1554 2678 cum
1585 2625 1778 2678 factum

195 2720 366 2788 ipsum
413 2734 518 2772 non
547 2727 685 2774 esset
725 2719 936 2787 insigne
967 2737 978 2770 :
1008 2717 1133 2787 quid
1164 2718 1305 2771 enim
1337 2716 1510 2785 magni
1536 2724 1651 2770 erat
1680 2731 1779 2768 un-

191 2821 444 2880 guentum
485 2811 795 2866 effundere?
846 2824 1016 2879 neque
1048 2823 1273 2878 persona
1313 2817 1456 2861 esset
1505 2807 1776 2871 celebris;

192 2915 308 2958 erat
348 2904 488 2959 enim
532 2903 724 2957 mulier
769 2901 974 2970 abjecta
1013 2919 1026 2954 a
1060 2915 1234 2972 neque
1261 2899 1418 2953 multi
1473 2904 1633 2952 testes
1680 2897 1778 2951 ad-

191 3004 374 3061 erant;
405 3010 524 3048 nam
557 2995 694 3048 inter
712 2993 1000 3062 discipulos
1023 3006 1109 3046 res
1125 2999 1366 3068 estgesta
1392 3008 1406 3043 :
1434 3005 1605 3060 neque
1631 2989 1780 3043 locus

194 3086 419 3150 nobilis;
452 3101 624 3155 neque
641 3085 782 3138 enim
812 3083 913 3138 hoc
937 3081 1060 3137 fecit
1089 3098 1186 3152 per
1206 3081 1469 3137 theatrum
1495 3080 1776 3144 transiens,

193 3177 288 3233 sed
315 3179 365 3230 in
393 3176 551 3230 domo
578 3175 762 3230 decem
784 3174 1059 3228 dumtaxat
1079 3173 1384 3226 hominibus
1407 3171 1775 3242 praesentibus.

195 3270 442 3322 Attamen
471 3282 642 3336 neque
687 3281 931 3335 persona:
959 3265 1155 3330 vilitas,
1184 3279 1358 3334 neque
1389 3263 1603 3318 testium
1645 3278 1778 3332 pano

193 3364 346 3419 citas.
380 3373 555 3428 neque
584 3357 685 3411 loci
731 3357 1051 3420 obscuritas,
1085 3370 1258 3424 neque
1289 3355 1392 3408 ulla
1423 3369 1512 3409 res
1556 3355 1658 3408 alia
1687 3369 1777 3421 po-

195 3452 295 3506 tuit
346 3451 484 3505 illius
530 3449 750 3503 abolere
798 3448 1133 3502 memoriam.
1179 3447 1317 3514 Quin
1362 3447 1539 3517 potius
1581 3447 1778 3516 reginis

193 3543 440 3598 omnibus
469 3557 532 3596 ac
560 3541 772 3610 regibus
803 3539 1063 3593 universis
1087 3537 1348 3592 celebrior
1386 3546 1467 3592 est
1495 3552 1636 3590 nunc
1663 3535 1780 3590 haec

195 3634 407 3698 mulier,
457 3647 555 3687 nec
581 3632 686 3685 ulla
715 3639 844 3686 aetas
883 3629 1135 3685 oblivioni
1166 3628 1381 3682 tradidit
1409 3626 1550 3697 quod
1581 3628 1776 3681 factum

193 3734 297 3781 est.
324 3724 479 3780 Unde
509 3723 581 3789 id,
610 3722 695 3778 dic
733 3722 884 3789 mihi,
924 3731 1013 3775 aut
1041 3720 1160 3790 quis
1189 3721 1289 3773 hoc
1315 3719 1528 3774 effecit?
1587 3716 1777 3772 Annon

197 3819 337 3872 Deus
378 3817 511 3886 ipse,
555 3815 640 3869 cui
679 3824 785 3868 tum
818 3813 919 3867 hoc
961 3812 1194 3866 ofﬁcium
1222 3810 1594 3881 praestabatur,
1641 3808 1780 3862 hanc

193 3910 388 3965 famam
421 3923 514 3977 per
543 3906 723 3960 omnia
763 3917 1022 3960 terrarum
1067 3903 1181 3956 loca
1228 3900 1521 3970 dispersit?
1547 3898 1778 3954 Proinde

192 4002 281 4056 dic
306 4001 455 4064 mihi,
483 4013 609 4052 num
638 3995 943 4066 hujusmodi
972 3993 1264 4064 praedicere
1292 3992 1505 4046 virlutis
1533 3990 1778 4044 humanae

195 4091 435 4146 videtur?
481 4089 610 4156 Quis
652 4089 792 4142 enim
827 4101 969 4142 sanae
1015 4084 1210 4138 mentis
1239 4083 1340 4136 hoc
1381 4082 1614 4136 dixerit?
1643 4079 1776 4134 Nam

195 4183 488 4253 praedicere
503 4196 620 4250 qua:
647 4180 879 4234 facturus
901 4187 1062 4241 esset,
1087 4175 1279 4228 mirum
1317 4173 1533 4241 quidem
1562 4186 1624 4226 ac
1648 4186 1776 4242 pro-

195 4275 459 4345 digiosum
487 4290 500 4327 :
530 4286 713 4326 verum
741 4269 1031 4340 praedicere
1056 4281 1173 4336 quae
1201 4264 1292 4320 alii
1315 4264 1506 4319 facturi
1532 4270 1674 4330 sunt,
1703 4261 1778 4318 ef-

197 4365 464 4434 ﬁcercque
492 4373 544 4418 ut
576 4362 708 4416 ﬁdes
740 4361 844 4414 illis
872 4359 1150 4423 habeatur,
1178 4359 1388 4426 sintque
1414 4355 1623 4410 cunctis
1655 4369 1778 4424 per-

195 4459 402 4526 spicus,
432 4455 600 4510 multo
647 4453 820 4519 majus
846 4459 926 4506 est
969 4465 1031 4504 ac
1059 4448 1371 4503 mirabilius.
1404 4446 1609 4500 Rursus
1641 4460 1778 4513 prae-

195 4552 332 4607 dixit
358 4551 552 4606 Petro:
605 4547 776 4617 Super
803 4544 932 4598 hanc
959 4550 1149 4613 petram
1189 4539 1453 4608 aediﬁcabo
1498 4537 1778 4591 Ecclesium

196 4661 382 4708 meam,
413 4651 459 4696 et
507 4649 665 4709 porta:
692 4639 842 4709 inferi
885 4653 986 4690 non
1029 4633 1367 4705 praevalebunt
1407 4631 1645 4685 adversus
1670 4646 1780 4683 eam

202 4736 415 4808 (Matth.
445 4733 530 4788 16.
563 4731 676 4804 18).
715 4729 946 4785 Proinde
969 4727 1056 4781 dic
1084 4741 1202 4798 age,
1231 4725 1435 4788 Judaee,
1464 4723 1589 4794 quid
1617 4723 1781 4778 habes

195 4825 341 4898 quod
387 4822 769 4894 reprehendas,
815 4827 909 4873 aut
935 4816 1224 4887 redarguas
1267 4831 1333 4870 ex
1363 4815 1427 4868 iis
1473 4829 1594 4884 quae
1638 4813 1776 4867 dicta

194 4929 321 4976 sunt
340 4919 364 4971 ‘t
381 4916 516 4984 Quid
537 4916 717 4979 habes,
744 4927 851 4984 quo
871 4911 1064 4965 doceas
1090 4914 1224 4963 hanc
1243 4907 1637 4978 praedictionem
1660 4919 1781 4960 esse

195 5010 551 5068 mendacem?
572 5009 761 5062 Annon
785 5004 1142 5060 testimonium
1167 5017 1288 5056 curn
1316 5001 1473 5054 rebus
1493 4999 1776 5052 consentit.

196 5102 407 5157 etiamsi
457 5099 605 5154 inille
653 5097 826 5153 modis
869 5097 981 5165 ipse
1023 5093 1314 5148 contendas
1355 5092 1408 5145 in
1459 5089 1780 5144 adversum?

196 5194 337 5260 Quot
365 5191 510 5246 enim
539 5189 678 5243 bella
708 5187 967 5242 adversus
990 5184 1284 5238 Ecclesiam
1311 5181 1571 5235 concitata
1613 5179 1780 5233 sunt?

198 5288 339 5348 Quot
377 5281 644 5336 exercitus
673 5278 933 5343 instructi,
964 5285 1092 5345 quot
1120 5290 1267 5329 arma
1312 5282 1471 5335 mota,
1501 5271 1643 5340 quod
1673 5286 1779 5324 non

198 5377 468 5431 cruciatus
501 5384 554 5428 et
585 5371 828 5442 supplicii
861 5386 1027 5438 genus
1056 5366 1428 5437 excogitatum,
1459 5363 1778 5433 sartagines,

203 5467 499 5537 catapultae,
533 5464 754 5529 lebetes,
784 5462 1046 5525 fornaces,
1091 5460 1236 5513 lacus
1266 5466 1321 5512 et
1351 5454 1658 5526 praecipitia,
1688 5453 1782 5507 be-

201 5559 422 5614 sliarum
449 5556 658 5623 dentes,
688 5554 873 5620 maria,
917 5561 972 5606 et
999 5548 1436 5621 proscriptiones,
1465 5545 1675 5616 aliaque
1702 5544 1782 5597 in-

203 5661 424 5704 numera
475 5653 864 5703 tormentorum
923 5656 1139 5716 genera,
1173 5657 1342 5712 neque
1385 5636 1535 5694 dictis
1575 5649 1778 5690 memo-

1444 213 1806 272 ADVERSUS
1839 215 2135 276 JUDJEOS.
2182 219 2243 274 V.

204 333 268 384 tis
294 331 536 395 denariis,
551 346 607 382 ac
626 331 798 382 daunn
812 329 1112 399 pauperibus
1131 329 1343 399 (.llattlt.
1360 331 1450 384 9.6.
1471 331 1562 404 9)?
1577 332 1688 387 lloc
1710 347 1794 386 re-

211 422 548 492 prehendens
595 423 827 491 loquitur
867 424 918 477 in
959 424 1099 478 hunc
1128 424 1362 489 modum,
1418 423 1554 490 Quid
1603 425 1796 479 molesti

3387 243 3495 299 886

1905 335 2088 398 randa,
2123 351 2295 406 neque
2338 337 2491 394 factis
2521 339 2834 398 toleranda?
2859 344 3029 414 Atque
3057 346 3169 401 haec
3221 363 3326 404 non
3372 360 3492 405 tan-

1906 432 2015 478 tum
2045 424 2113 479 ab
2140 429 2424 496 extraneis,
2469 446 2652 484 verum
2686 432 2843 487 etiam
2868 450 2897 487 a
2927 437 3124 491 nostris
3150 437 3481 494 domesticis.

1861 517 2033 571 'Nam
2065 519 2220 574 civile
2264 522 2532 590 quoddam
2573 524 2768 579 bellum
2820 537 3108 598 occuparat
3155 531 3353 598 omnia,
3400 529 3498 583 vel

1899 606 2086 675 quovis
2118 609 2290 676 potius
2335 611 2478 665 civili
2519 613 2659 668 bello
2704 616 3074 684 perniciosius.
3107 618 3290 690 Neque
3335 623 3479 678 enim

1899 699 2041 753 cives
2086 701 2244 754 modo
2275 719 2393 756 enm
2425 706 2647 774 civibus,
2682 725 2868 764 verum
2895 712 3054 767 etiam
3105 717 3312 785 cognati
3359 733 3480 772 cum

1898 791 2157 858 cognatis,
2196 793 2473 848 domestici
2501 812 2620 850 cum
2650 797 2978 868 domesticis,
3009 804 3166 859 amici
3193 820 3314 860 cum
3343 809 3483 862 ami-

1895 884 1972 934 cis
2001 883 2440 940 conﬁictahantur
2473 907 2484 942 :
2519 890 2649 945 nihil
2682 900 2856 947 tamen
2888 893 3078 950 horum
3104 897 3350 954 dissolvit
3381 901 3484 955 Ec-

1894 974 2109 1027 clesiam
2132 1018 2145 1038 ,
2170 993 2231 1030 ac
2260 995 2325 1032 ne
2354 979 2704 1037 inﬁrmiorem
2725 985 2936 1054 quidem
2959 987 3209 1044 reddidit.
3233 992 3406 1060 Atque
3431 991 3481 1046 id

1893 1079 2022 1118 sane
2053 1067 2244 1120 mirum
2287 1080 2340 1123 et
2366 1070 2694 1133 incredibile.
2746 1076 2888 1144 quod
2918 1076 3033 1132 haec
3058 1078 3109 1131 in
3142 1079 3270 1148 ipsis
3297 1082 3478 1136 statim

1892 1158 2198 1225 primordiis
2246 1171 2388 1215 mota
2437 1174 2580 1217 sunt.
2627 1163 2760 1219 Nam
2805 1167 2848 1219 si
2899 1175 3007 1222 tum
3037 1169 3318 1224 irruissent
3363 1172 3483 1226 haec

1891 1249 2105 1313 acerba,
2138 1262 2416 1320 postquam
2443 1254 2551 1321 jam
2583 1257 2788 1310 radices
2822 1267 3022 1327 egerat,
3053 1269 3106 1314 et
3136 1261 3332 1331 ubique
3364 1274 3476 1316 ter-

1891 1355 2069 1394 rarum
2095 1343 2387 1411 plantatum
2411 1354 2525 1398 erat
2550 1347 2912 1414 Evangelium,
2939 1349 3077 1403 haud
3104 1352 3322 1420 perinde
3346 1352 3476 1406 fuis-

1890 1439 1972 1484 set
2016 1432 2409 1500 odmirandum,
2461 1452 2566 1490 non
2611 1438 2774 1492 fuisse
2813 1440 3126 1496 subversam
3160 1444 3473 1498 Ecclesium.

1888 1519 2152 1577 Caeterum
2179 1540 2297 1578 eum
2330 1526 2381 1578 in
2411 1527 2526 1592 ipso
2555 1527 2812 1583 doetrinae
2841 1532 3082 1596 exordio,
3126 1549 3296 1603 nuper
3326 1535 3475 1603 jacto

1889 1612 2008 1668 ﬁdei
2040 1616 2264 1682 semine,
2297 1618 2493 1672 teneris
2523 1620 2814 1674 etiamnum
2843 1623 3143 1677 auditorum
3178 1627 3466 1691 mentibus,

1889 1713 1966 1759 tot
1999 1707 2140 1761 bella
2179 1709 2474 1778 eruperint,
2511 1727 2597 1765 res
2641 1723 2852 1767 nostras
2882 1730 2985 1768 non
3014 1717 3186 1769 solum
3237 1718 3378 1772 nulla
3407 1734 3475 1772 ex

1888 1806 2037 1865 parte
2080 1797 2242 1854 fuisse
2271 1800 2577 1868 diminutas,
2611 1818 2795 1857 verum
2827 1805 2985 1858 etiam
3035 1807 3252 1860 multam
3284 1823 3474 1862 acces-

1885 1889 2089 1944 sionem
2118 1890 2420 1959 adjunctam
2453 1891 2636 1958 fuisse,
2669 1892 2771 1947 hoc
2800 1895 3048 1950 nimirum
3074 1907 3292 1966 superat
3312 1913 3474 1952 omne

1885 1979 2220 2034 miraculum.
2249 1981 2327 2037 Ne
2353 1983 2473 2053 quis
2501 1994 2680 2039 autem
2708 1983 2891 2039 dicere
2921 1989 3111 2054 possit,
3150 1988 3292 2058 quod
3325 2005 3472 2043 nilne

1885 2071 2121 2126 Ecclesia
2153 2083 2273 2141 post
2299 2088 2480 2143 pacem
2510 2091 2539 2128 a
2571 2075 2784 2145 regibus
2827 2077 3104 2145 praebitam
3133 2079 3470 2134 constabilita

1883 2162 1974 2226 sit,
1998 2177 2117 2216 cum
2149 2173 2291 2218 esset
2313 2165 2506 2231 minor,
2539 2181 2660 2220 cum
2688 2167 2955 2222 videretur
2975 2169 3314 2235 imbecillior,
3347 2183 3472 2226 tunc

1886 2251 2030 2306 illam
2079 2256 2371 2333 oppugnari
2419 2256 2660 2326 permisit
2710 2257 2890 2313 Deus:
2943 2267 3000 2312 ut
3027 2260 3256 2326 ediscas,
3303 2262 3466 2316 etiam

1883 2343 2024 2412 quod
2075 2346 2298 2399 nuncin
2331 2354 2444 2400 tuto
2487 2346 2577 2412 sit,
2631 2358 2736 2400 non
2782 2348 3121 2403 tribuendum
3155 2367 3275 2405 esse
3331 2354 3466 2420 paci,

1883 2450 2042 2504 quam
2088 2443 2342 2504 praestant
2369 2451 2544 2505 reges,
2574 2438 2668 2493 sed
2705 2453 2736 2492 a
2771 2441 3004 2509 potentia
3048 2440 3139 2496 Dei
3179 2441 3467 2510 proﬁcisci.

1956 2527 2010 2580 5.
2041 2524 2194 2580 Multi
2220 2528 2388 2580 conati
2411 2537 2526 2581 sunt
2549 2543 2702 2581 novas
2723 2529 2959 2583 inducere
2983 2530 3134 2600 leges,
3166 2549 3296 2585 unus
3319 2533 3471 2587 Clari-

1883 2627 1990 2671 stus
2019 2617 2198 2686 potuit.
2228 2647 2295 2656 —
2320 2616 2374 2671 ld
2404 2628 2458 2670 ut
2484 2632 2775 2688 cognoscas
2795 2608 3150 2684 esse-verum,
3180 2633 3365 2690 reputa
3392 2634 3469 2677 Ie-

1883 2726 2026 2778 cum,
2055 2727 2212 2782 quam
2247 2712 2398 2766 multi
2425 2712 2600 2766 conati
2633 2713 2739 2765 sint
2775 2713 2914 2782 apud
2945 2713 3160 2769 Graecos
3185 2716 3468 2784 Opiniones

1885 2819 2051 2858 novas
2081 2819 2144 2858 ac
2169 2804 2476 2873 peregrinas
2507 2805 2716 2859 vivendi
2741 2806 2977 2860 rationes
3020 2806 3294 2874 inducere,
3326 2809 3470 2864 velut

1883 2893 2048 2958 Zeno,
2080 2894 2249 2960 Plato,
2277 2895 2544 2960 Socrates,
2571 2895 2844 2965 Diagoras,
2890 2897 3239 2968 Pythagoras,
3274 2900 3470 2970 aiiiqne

1883 2985 2146 3039 innumeri
2174 3002 2186 3036 :
2220 2995 2395 3039 tamen
2427 2985 2561 3040 adeo
2589 3001 2693 3040 non
2721 2987 2982 3049 vicerunt,
3015 2996 3072 3041 ut
3103 2990 3367 3058 plerisque
3399 3007 3468 3043 ne

1880 3076 1948 3131 de
1970 3077 2181 3130 nomine
2202 3075 2416 3146 quidem
2434 3077 2541 3132 sint
2567 3078 2696 3144 noti,
2719 3076 2963 3132 Christus
2983 3089 3160 3132 autem
3181 3096 3288 3132 non
3310 3081 3469 3134 modo

1882 3168 2207 3237 praescripsit
2233 3171 2357 3222 vitae
2404 3167 2653 3234 formam,
2688 3183 2874 3222 verum
2907 3169 3066 3223 etiam
3100 3169 3236 3222 hanc
3267 3170 3464 3239 ubique

1882 3271 2144 3315 terrarum
2170 3260 2444 3329 plantavit.
2469 3259 2636 3327 Quam
2664 3260 2828 3314 multa
2852 3260 3017 3314 fertur
3039 3261 3350 3330 Apollonius
3373 3262 3464 3315 ille

1881 3351 2129 3422 Tyaneus
2158 3351 2393 3406 fecisse?
2434 3351 2634 3406 Verum
2666 3353 2740 3405 uti
2777 3352 2965 3418 scires,
2995 3353 3084 3406 illa
3129 3354 3304 3406 omnia
3345 3369 3470 3408 esse

1881 3443 2130 3511 conﬁcta,
2157 3458 2314 3510 vana,
2348 3443 2480 3497 nihil
2513 3444 2760 3498 habentia
2791 3444 2901 3498 veri
2929 3462 2942 3499 :
2972 3445 3232 3500 exstincta
3259 3453 3382 3498 sunt
3407 3457 3462 3500 et

1883 3537 2043 3590 ﬁnem
2074 3543 2415 3605 acceperunt.
2446 3533 2564 3589 Jun
2595 3550 2660 3588 ne
2703 3534 2822 3604 quis
2860 3534 3149 3589 arbitretur
3187 3545 3466 3590 contume-

1883 3626 2007 3680 liam
2037 3640 2158 3680 esse
2187 3625 2406 3692 Christi,
2446 3625 2587 3694 quod
2619 3625 2685 3680 de
2727 3625 2821 3678 illo
2851 3625 3010 3679 verba
3046 3625 3320 3688 facientes,
3355 3625 3464 3696 Py-

1884 3718 2138 3788 thagorae,
2162 3717 2421 3782 Platonis,
2449 3715 2701 3782 Zenonis,
2728 3725 2783 3770 et
2806 3715 3006 3786 Tyanei
3025 3716 3424 3771 meminerimus
3450 3735 3462 3767 :

1881 3824 1988 3861 non
2019 3809 2158 3862 enim
2204 3807 2255 3861 id
2288 3807 2517 3861 facimus
2543 3823 2609 3862 ex
2651 3806 2812 3860 animi
2847 3807 3014 3860 nostri
3045 3808 3328 3874 sententia,
3369 3807 3463 3861 sed

1882 3899 1948 3953 ad
1973 3897 2278 3952 Judaeorum
2309 3896 2671 3951 inﬁrmitatem
2696 3910 2795 3950 nos
2816 3895 2962 3964 ipsos
2986 3896 3350 3960 demittentes,
3373 3897 3467 3966 qui

1881 3989 2106 4043 credunt
2149 4003 2270 4042 eum
2324 4001 2446 4042 esse
2498 3985 2697 4040 nudum
2743 3984 3054 4048 hominem;
3107 3985 3289 4040 itidem
3331 3995 3387 4039 et
3436 4002 3470 4038 a

1882 4081 2046 4136 Paulo
2073 4080 2266 4134 factum
2293 4087 2376 4134 est
2417 4077 2551 4149 (Act.
2587 4076 2698 4149 17).
2731 4077 2779 4132 ls
2822 4077 2964 4132 enim
2992 4077 3266 4146 ingressus
3294 4077 3467 4131 Athe-

1883 4186 2070 4224 narum
2119 4169 2326 4234 urbem,
2370 4184 2474 4224 non
2518 4183 2584 4222 ex
2616 4166 2893 4236 prophetis
2939 4181 3038 4220 nec
3067 4181 3134 4221 ex
3178 4165 3470 4237 Evangelia

1882 4276 2002 4315 cum
2035 4260 2136 4314 illis
2161 4259 2432 4324 disseruit,
2461 4257 2558 4313 sed
2601 4257 2668 4312 ab
2694 4272 2786 4311 ara
2827 4256 2968 4326 cepit
2999 4255 3424 4312 exhortationem
3449 4275 3464 4310 :

1884 4367 1990 4406 non
2021 4350 2165 4420 quod
2193 4365 2339 4404 aram
2363 4349 2506 4404 illam
2533 4348 2601 4402 ad
2624 4347 2921 4402 faciendam
2948 4346 3105 4402 ﬁdem
3133 4349 3248 4417 plus
3270 4347 3470 4404 habere

1881 4442 2142 4498 momenti
2177 4441 2440 4507 crederet,
2474 4455 2631 4510 quam
2663 4437 2972 4508 Evangelia,
3022 4454 3195 4508 neque
3223 4439 3365 4507 quod
3398 4439 3468 4493 li-

1885 4545 2027 4590 teras
2056 4533 2166 4588 illic
2195 4533 2480 4601 inscriptas
2511 4531 2748 4600 potiores
2776 4529 2998 4584 duceret
3035 4530 3344 4598 prophetis;
3371 4529 3468 4585 sed

1884 4627 2131 4697 quoniam
2158 4640 2277 4680 cum
2309 4623 2554 4694 gentibus
2581 4620 2905 4692 disputabat,
2938 4635 3058 4689 quae
3098 4619 3228 4674 nulli
3258 4628 3470 4676 nostro-

1884 4734 2003 4774 rum
2029 4716 2356 4772 voluminum
2383 4713 2629 4779 credunt,
2661 4727 2691 4766 a
2723 4710 2956 4782 propriis
2986 4711 3223 4779 ipsorum
3249 4710 3470 4780 dogma—

1886 4812 2024 4865 tibus
2052 4810 2195 4878 ipsos
2238 4819 2521 4876 aggressus
2546 4812 2648 4860 est.
2682 4803 2817 4857 Hinc
2837 4809 2920 4856 est
2947 4800 3090 4871 quod
3129 4803 3240 4855 ait:
3276 4801 3471 4856 Factus

1885 4917 1998 4955 sum
2025 4899 2225 4953 Judwis
2267 4907 2323 4951 ut
2361 4895 2596 4958 Iudaeus,
2629 4895 2708 4948 his
2749 4893 2835 4963 qui
2859 4893 2969 4946 sine
2997 4893 3103 4962 lege
3131 4901 3294 4957 erant,
3341 4903 3473 4947 tam-

1885 5007 2036 5062 quam
2063 5005 2218 5044 essem
2246 4989 2356 5042 sine
2389 4987 2534 5057 lege;
2564 5001 2678 5038 cum
2718 4985 2828 5038 sine
2848 4984 2956 5054 lege
2998 5001 3100 5037 non
3142 4999 3299 5038 essem
3338 4983 3468 5048 Deo,
3550 5020 3558 5022 η

1884 5083 1974 5137 sed
1997 5096 2152 5136 essem
2195 5080 2249 5132 in
2275 5079 2381 5149 lege
2409 5077 2596 5132 Christi
2640 5075 2716 5146 (1.
2747 5073 2865 5129 Cor.
2894 5074 2951 5128 9.
2978 5072 3071 5128 20.
3117 5073 3234 5144 21).
3283 5073 3470 5127 Itidem

1891 5184 1946 5230 et
1988 5171 2186 5228 veteris
2226 5168 2530 5225 testamenti
2578 5167 2849 5235 Scriptura
2893 5164 3019 5218 facit
3042 5165 3109 5218 dc
3138 5165 3245 5218 Deo
3272 5163 3471 5218 Judaeis

1890 5265 2148 5333 loquens:
2181 5261 2261 5316 sic
2288 5257 2431 5314 enim
2483 5258 2594 5311 ait:
2631 5257 2754 5322 Quis
2798 5255 2975 5308 similis
3007 5254 3079 5306 tui
3105 5254 3157 5306 in
3205 5254 3322 5317 diis,
3355 5251 3469 5306 Do-

1888 5356 2020 5408 mine
2064 5351 2256 5425 (Exod.
2289 5351 2375 5406 l5.
2410 5349 2534 5418 li)?
2564 5347 2700 5416 Quid
2729 5346 3078 5415 ais,Moyses?
3129 5344 3277 5397 Itane
3314 5357 3469 5396 com-

1888 5447 2094 5517 paratio
2124 5455 2207 5499 est
2245 5445 2351 5498 ulla
2384 5443 2477 5497 Dei
2525 5443 2634 5496 veri
2665 5455 2728 5494 ac
2754 5439 2977 5493 deorum
3008 5435 3259 5490 falsorum
3276 5435 3300 5487 ’ἲ
3329 5433 3467 5501 Non,

1888 5537 2080 5606 inquit,
2103 5536 2204 5591 hoc
2223 5545 2279 5589 ut
2296 5534 2746 5603 comparationem
2773 5527 3018 5584 inducam
3041 5528 3292 5597 loquutus
3311 5540 3430 5580 sum
3455 5542 3468 5577 :

1888 5629 1984 5688 sed
2011 5630 2130 5700 quia
2160 5629 2224 5685 ad
2251 5629 2462 5687 Judaeos
2493 5628 2620 5683 mihi
2649 5635 2762 5683 erat
2781 5638 2981 5692 sermo,
3019 5622 3107 5693 qui
3136 5622 3474 5693 magniﬁcam
