3866 6226
424 255 527 312 887

423 373 490 426 de
511 368 841 425 daemonibus
866 365 1062 419 habent
1082 362 1409 433 opinionem,
1431 359 1496 413 ad
1528 359 1732 413 illorum
1760 354 2001 410 imbecil-

422 463 620 518 litatem
666 475 752 515 me
799 454 1205 513 accommodans
1245 453 1347 507 hoc
1385 450 1606 507 docendi
1649 463 1844 519 genere
1881 462 1999 502 sum

400 546 569 606 'usus.
601 549 861 616 Quoniam
896 547 1053 617 igitur
1083 543 1236 599 nobis
1261 557 1469 613 quoque
1488 540 1774 610 disputatio
1797 547 1879 593 est
1902 536 1998 592 ad-

417 644 607 698 versus
644 640 883 709 Judzeos,
926 637 1016 708 qui
1042 635 1313 692 Christum
1357 633 1664 691 existimant
1704 629 2001 698 simplicem

422 733 586 787 fuisse
627 732 919 795 hominem,
951 736 1004 783 et
1029 728 1157 796 legis
1197 723 1689 794 praevaricatorem:
1722 729 1999 790 propterea

412 816 487 881 ah
518 827 604 889 iis,
624 839 741 893 qiue
771 821 908 890 apud
946 828 1134 890 gentes
1160 817 1214 871 in
1253 815 1604 871 admiratione
1629 822 1771 879 sunt,
1817 810 2000 866 induxi

418 914 891 983 comparationem.
916 909 1066 978 Quod
1087 911 1132 965 si
1154 908 1311 963 vultis
1333 922 1417 961 me
1442 915 1494 961 et
1518 920 1724 969 eorum,
1750 902 1839 973 qui
1862 898 2001 971 apud

419 1007 562 1074 ipsos
587 1005 800 1059 Juda-os
828 1003 1014 1057 eadem
1044 1000 1220 1056 conati
1247 1007 1371 1054 sunt
1390 1008 1445 1053 et
1471 995 1760 1064 discipulos
1790 993 1889 1048 sibi
1916 992 2002 1046 ad-

414 1104 709 1161 sciverunt,
757 1106 811 1151 et
844 1096 1108 1165 principes
1151 1100 1242 1147 aut
1286 1090 1542 1160 prmsides
1580 1086 1861 1156 designati,
1908 1083 2001 1138 sed

414 1189 662 1256 protinus
691 1188 936 1243 exstincti
967 1194 1109 1250 sunt,
1141 1184 1387 1252 esempla
1416 1195 1696 1235 recensere
1726 1196 1737 1230 :
1780 1191 1876 1245 age
1906 1192 1999 1229 co-

420 1282 663 1339 nabimur
688 1292 741 1334 ct
763 1280 838 1334 sic
866 1279 1253 1333 demonstrare.
1289 1275 1400 1329 lloc
1429 1272 1587 1344 igitur
1623 1270 1780 1323 modo
1806 1268 2000 1323 Gama-

406 1367 505 1425 licl
549 1386 610 1425 os
638 1371 901 1425 obturavit
942 1368 1064 1421 illis.
1112 1368 1243 1421 Cum
1288 1365 1431 1418 enim
1463 1362 1665 1415 videret
1710 1360 1827 1414 illos
1860 1359 2001 1411 insa-

416 1463 641 1527 nientes,
658 1461 980 1531 cupidosque
995 1455 1297 1512 eli'ondendi
1318 1453 1586 1523 sanguinis
1601 1450 1998 1519 discipulorum,

419 1552 645 1607 studens
688 1568 782 1607 eos
824 1551 891 1605 ab
940 1549 1214 1618 impotenti
1264 1546 1475 1601 vesania
1521 1543 1790 1606 cohibere,
1835 1538 2001 1610 jussis

419 1645 684 1713 paulisper
707 1641 957 1697 secedere
984 1640 1258 1709 apostolis,
1305 1638 1384 1692 sic.
1411 1635 1474 1689 ad
1512 1636 1627 1689 illos
1657 1633 1814 1687 verba
1838 1631 1960 1685 fecit
1983 1647 1998 1683 :

419 1732 701 1806 l’rospicite
725 1735 858 1789 vobis
878 1733 1001 1803 quid
1028 1734 1090 1785 de
1109 1731 1186 1784 Itis
1212 1728 1495 1782 hominibus
1514 1727 1623 1780 sitis
1643 1723 1851 1795 facturi.
1873 1723 2003 1774 Ante

416 1832 506 1882 Itos
538 1830 669 1882 enim
700 1827 804 1880 dies
849 1834 1049 1879 exortus
1074 1833 1144 1876 est
1178 1819 1432 1882 Theudae,
1464 1818 1632 1870 dicens
1673 1832 1726 1869 se
1758 1830 1864 1868 esse
1902 1811 2001 1865 ali-

413 1935 561 1993 quem
592 1937 612 1976 :
654 1930 700 1974 et
747 1919 936 1990 sequuti
966 1927 1083 1971 sunt
1107 1915 1251 1970 illum
1283 1912 1373 1965 viri
1412 1907 1790 1980 quadringenti,
1840 1913 1884 1959 et
1913 1903 2003 1958 ille

421 2013 590 2085 periit,
636 2023 681 2066 et
711 2028 880 2065 omnes
910 2015 1146 2078 quotquot
1185 2006 1230 2058 ei
1258 2012 1556 2074 paruerunt,
1599 1999 1812 2071 dispersi
1860 2004 1996 2050 sunt.

416 2104 483 2158 Et
507 2116 616 2174 post
646 2103 790 2157 illum
821 2113 1021 2154 exortus
1064 2108 1134 2153 est
1174 2096 1210 2150 Ι
1217 2097 1342 2149 udas
1371 2093 1635 2159 Gali/atus,
1667 2093 1751 2162 qui
1794 2092 2001 2145 abduxit

413 2198 611 2249 turbam
636 2210 891 2263 inriguam,
913 2201 957 2244 et
989 2201 1211 2243 mortuus
1242 2198 1335 2254 est,
1359 2186 1694 2256 discipulique
1719 2185 1856 2238 illius
1882 2200 2000 2253 per-

413 2288 599 2342 ierunt.
651 2284 714 2336 Et
745 2300 874 2336 nunc
918 2282 1028 2334 diro
1055 2278 1190 2333 vobis
1227 2293 1245 2332 :
1277 2277 1516 2331 attendite
1555 2276 1708 2336 vobis.
1759 2274 1999 2344 quoniam

412 2381 455 2432 si
479 2394 604 2446 Opus
631 2377 724 2429 hoc
755 2374 908 2444 fuerit
932 2388 995 2427 ea:
1019 2371 1323 2434 hominibus,
1348 2367 1680 2429 dissolvetur;
1706 2366 1783 2420 sin
1811 2382 1873 2419 ea:
1896 2365 1999 2418 Deo

406 2482 505 2531 est,
530 2484 629 2520 non
660 2464 886 2536 poteritis
908 2461 1035 2515 illud
1062 2460 1352 2524 dissolvere,
1382 2474 1444 2511 ne
1466 2457 1595 2524 forte
1619 2456 2000 2522 comperiamini

412 2571 457 2614 et
481 2560 719 2613 adversus
752 2556 913 2610 Deum
940 2569 1167 2624 pugnare
1198 2550 1335 2624 (Act.
1367 2550 1421 2605 5.
1456 2548 1686 2617 55-59).
1724 2546 1874 2602 Unde
1899 2546 1996 2615 igi-

413 2661 498 2706 tur
521 2650 858 2705 manil‘estum
885 2656 986 2709 est,
1019 2647 1129 2700 fore
1158 2645 1274 2699 utsi
1304 2658 1370 2697 ex
1395 2642 1694 2695 hominibus
1716 2639 1784 2692 sit
1808 2637 2001 2692 dissol-

412 2754 584 2797 vatur.
632 2740 1095 2809 Experimeutum,
1160 2733 1350 2804 inquit,
1406 2731 1623 2800 cepistis
1675 2745 1704 2783 a
1756 2729 1892 2783 .luda
1946 2737 1999 2782 et

411 2832 651 2888 Theirda.
685 2829 866 2899 Itaque
888 2837 942 2883 et
973 2826 1059 2881 hic
1086 2827 1172 2896 qui
1211 2825 1277 2880 ab
1303 2824 1421 2878 istis
1444 2822 1782 2891 prmdicatur,
1806 2820 1851 2874 si
1882 2819 1998 2874 talis

408 2932 512 2990 est,
558 2921 742 2992 quales
783 2920 996 2994 luerunt
1035 2917 1130 2984 illi,
1164 2930 1265 2971 nec
1306 2914 1484 2968 divina
1524 2912 1753 2983 potentia
1798 2910 2000 2980 peragit

409 3018 626 3071 omnia:
666 3020 973 3083 exspectate
998 3009 1285 3080 paulisper,
1318 3016 1371 3060 et
1402 3005 1517 3075 ipse
1565 3019 1739 3059 rerum
1777 3012 1998 3058 eventus

408 3105 560 3159 vobis
610 3102 769 3158 faciet
809 3101 965 3156 [idem
1000 3118 1014 3154 :
1043 3115 1109 3154 ex
1138 3099 1252 3167 ipso
1289 3098 1392 3152 line
1420 3093 1774 3166 cognoscetis,
1818 3102 1994 3146 utrum

419 3196 503 3250 hic
535 3195 604 3250 sit
643 3198 921 3264 impostor,
953 3201 1014 3245 ut
1041 3189 1237 3255 dicitis,
1265 3202 1328 3242 ac
1360 3186 1490 3257 legis
1518 3194 1900 3254 transgressor,
1928 3198 1995 3236 an

411 3288 555 3343 Deus
607 3285 852 3340 universa
880 3295 1223 3343 conservans,
1258 3276 1613 3347 inell‘abilique
1643 3275 1878 3346 potentia
1908 3288 1995 3328 res

420 3377 728 3433 mortalium
757 3375 1073 3444 dispensans
1104 3370 1510 3438 moderansque.
1558 3365 1708 3435 Quod
1738 3365 1879 3430 dico,
1920 3364 1995 3418 fa-

404 3482 546 3526 ctum
569 3479 668 3525 est.
689 3470 1094 3538 Exspectarunt,
1122 3476 1177 3519 et
1201 3479 1269 3518 ex
1290 3462 1419 3531 ipsis
1446 3461 1597 3515 lactis
1626 3460 1888 3514 declarata
1914 3466 1997 3512 est

404 3562 579 3615 divina
604 3573 658 3614 et
687 3556 1109 3627 inexpugnabilis
1152 3553 1411 3624 potentia.
1445 3552 1619 3619 Atque
1647 3548 1748 3603 hoc
1797 3548 1986 3602 inven-

403 3662 538 3717 tum,
573 3650 714 3720 quod
741 3648 807 3703 ad
835 3644 1182 3716 decipiendos
1222 3642 1478 3713 plurimos
1518 3639 1808 3695 adhibitum
1855 3646 1990 3702 erat,

404 3751 662 3798 relortmn
699 3749 784 3796 est
809 3740 861 3794 in
887 3747 1044 3808 caput
1067 3735 1281 3792 diaboli.
1310 3733 1441 3789 Nam
1464 3746 1582 3786 cum
1611 3730 1815 3785 videret
1844 3728 1991 3783 illum

403 3833 467 3886 ad
479 3834 706 3897 venisse,
730 3830 915 3886 volens
935 3828 1076 3882 illius
1096 3827 1384 3884 obscurare
1405 3823 1687 3877 adventura
1707 3835 1992 3890 veramque

401 3923 876 3995 dispensationem,
899 3919 1145 3975 submisit
1170 3920 1484 3985 deceptores
1522 3914 1738 3983 aliquot,
1773 3929 1878 3982 quo
1907 3913 1987 3964 vi-

400 4017 589 4071 delicet
619 4023 674 4069 et
697 4014 784 4068 ille
804 4027 940 4068 unus
961 4027 1026 4066 ex
1050 4024 1235 4065 eorum
1259 4022 1481 4064 numero
1501 4014 1792 4077 putaretur.
1812 4004 1989 4074 Quod-

401 4122 504 4176 que
533 4106 590 4160 in
630 4119 791 4160 cruce
834 4102 978 4169 fecit,
1021 4115 1333 4171 procurrens,
1367 4107 1421 4153 ut
1447 4098 1551 4152 duo
1583 4099 1814 4150 latrones
1860 4110 1983 4150 cum

402 4200 495 4252 illo
521 4196 994 4266 cruciﬁgerentur:
1027 4193 1167 4247 idem
1197 4190 1322 4245 fecit
1347 4191 1399 4245 in
1430 4190 1571 4244 illius
1597 4188 1847 4251 adventu,
1872 4198 1983 4241 stu-

402 4286 537 4346 dens
568 4291 844 4343 veritatem
874 4286 1110 4340 admixto
1137 4284 1415 4338 mendacio
1444 4282 1730 4337 obscurare
1755 4299 1768 4335 :
1801 4295 1983 4334 verum

404 4394 504 4434 nec
529 4378 634 4432 illic
664 4376 955 4447 praevaluit,
986 4390 1085 4429 nec
1125 4374 1231 4440 hic,
1260 4373 1387 4443 quin
1417 4372 1647 4426 maxime
1682 4371 1783 4425 hoc
1815 4373 1984 4440 ipsam

402 4469 691 4540 potentiam
733 4466 928 4522 Christi
972 4463 1281 4519 declaravit.
1310 4462 1522 4532 Alioqui
1549 4461 1635 4516 dic
1664 4461 1815 4525 mihi,
1864 4476 1981 4523 cor,

403 4576 524 4616 cum
553 4569 661 4615 tres
707 4556 903 4612 fuerint
930 4556 1170 4611 crucilixi
1212 4555 1398 4609 eodem
1439 4556 1575 4618 loco,
1612 4552 1799 4607 eodem
1846 4562 1983 4607 tcm-

400 4668 555 4723 pore,
579 4650 679 4704 sub
723 4649 909 4704 iisdem
952 4647 1235 4718 judicihus,
1281 4646 1355 4701 illi
1384 4646 1663 4712 sileantur,
1709 4640 1795 4699 hic
1838 4645 1985 4699 solus

399 4740 690 4795 adoretur?
730 4740 934 4794 Rursus
962 4754 1117 4809 quam
1146 4737 1215 4791 ob
1242 4752 1352 4792 rem
1383 4736 1617 4799 tandem,
1650 4751 1770 4788 cum
1804 4735 1983 4803 plures

402 4846 595 4886 novam
619 4831 826 4885 vivendi
855 4830 1115 4884 rationem
1142 4828 1467 4893 induxerint,
1496 4842 1558 4881 ac
1583 4825 1871 4896 discipulos
1894 4825 1985 4878 lia-

402 4924 634 4989 buerint,
679 4923 889 4975 illorum
928 4936 994 4974 ne
1033 4935 1224 4974 nomen
1252 4919 1466 4990 quidem
1493 4918 1648 4971 hodie
1684 4924 1864 4970 notum
1892 4915 1979 4979 sit,

403 5014 491 5083 hic
521 5027 614 5083 per
636 5026 823 5067 omnes
848 5010 1029 5064 mundi
1058 5010 1236 5079 plagas
1258 5009 1506 5064 colatur?
1526 5006 1632 5062 Res
1657 5007 1796 5060 enim
1808 5006 1984 5073 potis-

404 5107 599 5183 simum
641 5104 950 5159 clueescunt
990 5119 1054 5156 ex
1085 5103 1388 5157 collatione.
1420 5100 1616 5155 Confer
1646 5101 1743 5153 ista
1772 5097 1917 5162 mihi,
1949 5112 1982 5151 ο

403 5194 608 5258 Judzee,
638 5208 701 5248 ac
723 5194 866 5248 disce
899 5193 1135 5248 veritatis
1157 5192 1545 5247 excellentiam.
1576 5191 1703 5257 Quis
1725 5189 1983 5258 impostor

405 5295 483 5341 tot
507 5286 773 5340 Ecclesias
795 5294 904 5339 toto
925 5295 1186 5339 terrarum
1208 5283 1337 5337 orbe
1369 5281 1611 5350 paravit?
1633 5280 1762 5346 Quis
1790 5280 1858 5334 ab
1884 5295 1979 5333 ex-

407 5378 590 5432 tremis
617 5378 684 5432 ad
712 5389 949 5432 extrema
971 5376 1154 5429 mundi
1182 5374 1381 5428 cultum
1409 5388 1560 5427 suum
1583 5372 1833 5441 protulit?
1852 5371 1979 5437 Quis

404 5484 594 5525 omnes
623 5468 889 5536 subjectos
928 5466 1132 5531 habuit,
1175 5466 1332 5536 idque
1357 5480 1476 5520 cum
1500 5472 1682 5519 essent
1706 5464 1979 5520 innumera

404 5558 719 5613 obstacula?
748 5557 916 5617 Nemo
940 5572 1089 5612 sane.
1122 5558 1310 5611 Annon
1334 5555 1495 5625 igitur
1516 5556 1851 5625 perspicuum
1874 5565 1975 5631 est,

397 5643 672 5704 Christum
698 5663 802 5705 non
828 5664 947 5705 esse
974 5649 1339 5718 impostorem,
1371 5647 1464 5703 sed
1506 5651 1846 5710 salvatorem,
1877 5646 1974 5703 sed

1161 251 1217 306 S.
1258 247 1537 306 JOANMS
1572 239 2045 300 CIIRYSOSTOMI
2086 238 2399 293 ARCIIIEP.
2443 238 2978 299 CONSTANTINOP.

3607 230 3717 284 858

2108 351 2424 419 beneﬁcum,
2444 352 2537 408 sed
2563 365 2884 420 curatorem,
2905 356 2996 410 sed
3021 354 3310 427 principem
3334 359 3453 414 vita:
3476 370 3708 416 nostra.

2108 442 2337 497 Proinde
2363 443 2429 497 ad
2461 443 2512 497 id
2539 445 2679 514 quod
2706 453 2825 498 erat
2865 449 3194 515 pro‘positum
3236 449 3439 513 redibo,
3471 451 3517 505 si
3547 454 3706 522 prius

2107 548 2265 587 unam
2296 532 2473 588 adhuc
2504 534 2903 603 praedictionem
2949 536 3224 593 addidero.
3259 538 3379 593 Non
3426 541 3564 606 veni,
3619 543 3706 596 in-

2107 625 2242 693 quit,
2274 625 2469 679 mittere
2491 643 2666 695 pacem
2696 643 2850 696 super
2876 637 3084 693 terram,
3111 622 3201 683 sed
3226 633 3452 702 gladium
3474 633 3703 707 (Matth.

2110 715 2198 770 10.
2226 715 2318 785 34)
2347 733 2360 768 :
2393 731 2498 769 non
2523 715 2805 772 declarans
2830 719 2953 788 quid
2986 718 3100 790 ipse
3128 733 3364 792 cuperet,
3388 725 3485 780 sed
3518 742 3705 780 rerum

2108 814 2355 859 eventum
2403 807 2714 875 praedicens.
2754 808 2880 863 Veni
2906 812 3058 878 enim,
3107 812 3296 883 inquit,
3336 833 3589 888 separare
3614 820 3707 873 lto-

2108 898 2292 951 miuem
2329 900 2569 954 adversus
2611 912 2804 971 patrem
2825 920 2995 969 suum,
3041 915 3089 959 et
3131 923 3316 961 nurum
3341 910 3593 963 adversus
3616 926 3706 963 so-

2107 1006 2245 1043 crum
2274 1006 2438 1057 suam,
2470 1001 2517 1044 et
2542 991 2703 1059 filiam
2732 988 2978 1044 adversus
2999 1006 3210 1051 matrem
3234 1015 3378 1052 suam
3398 998 3505 1070 (Ib.
3524 1001 3703 1068 v.55).

2110 1080 2263 1136 Unde
2294 1081 2409 1135 haec
2438 1082 2705 1151 prmdixit,
2756 1084 2801 1138 si
2833 1085 2963 1139 nihil
2991 1086 3135 1141 aliud
3164 1099 3279 1143 erat
3321 1105 3477 1159 quam
3512 1090 3699 1155 homo,

2109 1183 2161 1228 et
2206 1190 2338 1228 unus
2367 1177 2626 1245 quispiam
2656 1191 2687 1230 e
2731 1177 2929 1249 vulgo?
2965 1179 3115 1247 Quod
3157 1192 3332 1236 autem
3359 1183 3524 1247 dicit,
3556 1183 3704 1237 hunc

2109 1266 2269 1321 habet
2316 1283 2533 1323 sensum
2562 1287 2575 1322 :
2607 1269 2858 1339 quoniam
2905 1273 3100 1340 evenit,
3134 1282 3192 1328 ut
3234 1274 3284 1328 iu
3315 1276 3503 1329 eadem
3536 1275 3705 1329 domo

2108 1371 2246 1411 unus
2277 1358 2343 1412 sit
2372 1359 2562 1426 lidelis,
2595 1360 2730 1415 alter
2774 1360 3003 1416 infidelis
3030 1380 3041 1415 :
3075 1363 3267 1419 deinde
3297 1376 3449 1434 pater
3474 1367 3606 1421 velit
3632 1367 3702 1421 li-

2108 1450 2235 1504 lium
2286 1465 2438 1504 suum
2490 1451 2799 1521 pertrahere
2842 1454 2908 1507 ad
2956 1453 3279 1525 impietatem
3323 1474 3336 1510 :
3376 1457 3478 1512 hoc
3521 1459 3698 1528 ipsum

2108 1540 2405 1609 praedicens
2426 1542 2499 1596 ait
2524 1559 2538 1596 :
2560 1542 2695 1597 adeo
2721 1545 2898 1599 vincet
2924 1545 3192 1617 Evangelii
3226 1559 3481 1617 potestas,
3518 1563 3575 1603 ιιι
3601 1549 3696 1604 ﬁlii

2106 1648 2319 1702 quoque
2360 1642 2704 1689 contemnant
2734 1644 2913 1705 patres
2944 1651 3091 1705 suos,
3139 1648 3194 1693 et
3221 1640 3342 1694 lilia:
3387 1651 3612 1706 matres,
3644 1651 3701 1696 et

2108 1734 2355 1790 parentes
2400 1724 2618 1780 liberos.
2650 1724 2763 1780 Non
2807 1727 2979 1781 solum
3024 1740 3198 1783 autem
3245 1733 3392 1800 prius
3425 1731 3701 1787 habebunt

2108 1811 2399 1869 familiares
2463 1824 2828 1883 contemnere,
2875 1834 3057 1873 verum
3087 1823 3247 1875 etiam
3278 1838 3428 1876 suam
3460 1827 3696 1878 animam

2105 1922 2409 1976 exponere,
2438 1918 2736 1978 cunctaque
2763 1912 3029 1967 sustinere
3058 1928 3121 1967 ac
3152 1916 3375 1983 perpeti,
3411 1934 3477 1970 ne
3530 1919 3702 1985 pieta-

2108 2009 2211 2053 tem
2233 1999 2518 2071 abnegent.
2549 2000 2701 2056 Unde
2737 2002 2854 2057 lucc
2881 2003 2966 2058 ille
2998 2012 3107 2057 tmn
3148 2005 3309 2069 scire,
3340 2016 3448 2060 tum
3479 2008 3699 2062 efficere

2109 2092 2300 2160 potuit,
2329 2093 2371 2147 si
2402 2093 2497 2147 l'uit
2527 2093 2688 2147 homo
2716 2109 2852 2148 unus
2879 2096 3138 2165 quispiam
3168 2112 3199 2151 e
3228 2097 3422 2167 vulgo?
3446 2098 3599 2155 Unde
3622 2100 3697 2154 illi

2104 2182 2252 2238 venit
2279 2184 2331 2238 in
2376 2192 2610 2240 mentem
2637 2184 2752 2239 hinc
2778 2186 3034 2256 cogitare,
3074 2187 3216 2258 quod
3246 2191 3357 2259 ipse
3398 2190 3527 2243 [iliis
3556 2201 3700 2246 esset

2106 2275 2272 2345 magis
2302 2275 2625 2330 reverendus
2651 2275 2857 2331 futurus
2885 2293 3041 2347 quam
3076 2288 3272 2348 patres,
3322 2282 3463 2350 quod
3496 2298 3695 2352 parcn-

2108 2363 2246 2417 tibus
2270 2363 2472 2418 dulcior
2498 2380 2655 2435 quam
2691 2365 2865 2430 liberi,
2892 2368 3031 2436 quod
3065 2369 3318 2424 uxoribus
3355 2369 3694 2425 desiderabi-

2107 2452 2205 2505 lior
2234 2467 2390 2522 quam
2439 2454 2655 2507 mariti?
2698 2455 2856 2525 idque
2909 2470 3015 2510 non
3067 2472 3168 2511 una
3213 2459 3265 2512 in
3294 2458 3475 2520 domo,
3524 2477 3699 2531 neque

2104 2543 2328 2607 duabus,
2377 2560 2548 2614 neque
2579 2545 2768 2611 tribus,
2800 2563 2972 2617 nequc
3022 2548 3231 2617 decem,
3266 2566 3441 2621 neque
3482 2554 3696 2623 viginti,

2105 2650 2273 2702 hcque
2298 2648 2532 2701 centum,
2562 2638 2655 2692 sed
2687 2638 2879 2709 ubique
2908 2647 3190 2707 terrarum,
3237 2642 3288 2695 in
3318 2643 3546 2698 urbibus
3573 2662 3695 2700 om-

2106 2725 2261 2781 nibus
2305 2742 2368 2781 ac
2413 2729 2740 2796 regionibus,
2794 2732 2844 2782 in
2875 2738 3037 2796 terra,
3085 2731 3137 2784 iu
3169 2732 3323 2797 mari,
3354 2736 3492 2788 etin
3544 2747 3697 2805 parte

2105 2815 2285 2870 mundi
2318 2817 2548 2871 habitata
2574 2818 2730 2872 simul
2753 2827 2805 2873 et
2836 2820 3206 2875 inhabitabili?
3232 2822 3337 2876 Nec
3362 2823 3490 2877 illud
3522 2829 3697 2894 possis

2102 2907 2320 2961 dicere:
2354 2907 2487 2961 dixit
2521 2909 2732 2978 quidem
2764 2910 2883 2976 ista,
2926 2926 3109 2966 verum
3159 2912 3296 2966 haud
3329 2916 3586 2983 perduxit
3626 2918 3694 2971 ad

2101 2996 2367 3051 effectum.
2416 2997 2733 3068 Complures
2779 3001 2934 3069 igitur
2975 3003 3027 3055 in
3076 3002 3378 3070 primordiis
3428 3005 3694 3062 Ecclesia:

2100 3096 2258 3156 atque
2284 3090 2419 3142 adeo
2446 3105 2585 3143 nunc
2614 3105 2823 3159 quoque
2851 3091 2921 3144 ob
2952 3092 3200 3161 pietatem
3246 3093 3518 3150 habentur
3542 3098 3691 3164 odio,

2102 3177 2385 3247 ejiciuntur
2408 3194 2437 3232 e
2460 3180 2691 3248 paternis
2711 3180 2937 3247 sedibus,
2969 3198 3066 3237 nec
3095 3182 3158 3237 ad
3181 3184 3468 3254 quidquam
3492 3185 3692 3241 horum

2103 3278 2460 3335 revertuntur,
2484 3268 2695 3324 abunde
2724 3286 2969 3340 magnum
2992 3272 3234 3326 solatium
3258 3288 3377 3328 esse
3401 3274 3691 3342 ducentes,

2099 3358 2238 3427 quod
2271 3358 2385 3413 lucc
2414 3369 2629 3429 propter
2667 3359 2938 3415 Christum
2990 3363 3369 3431 perpetiantur.
3405 3365 3501 3419 Dic
3534 3368 3692 3432 mihi,

2100 3451 2219 3518 quis
2265 3451 2377 3504 lure
2417 3466 2663 3519 umquam
2716 3452 2885 3521 potuit
2915 3453 3053 3507 inter
3087 3452 3369 3508 homines?
3400 3456 3497 3511 llic
3530 3459 3696 3528 igitur

2102 3541 2215 3595 bare
2244 3542 2420 3595 oumia
2454 3543 2716 3611 praedixit,
2746 3542 2814 3598 de
2845 3544 3068 3599 muliere
3091 3543 3200 3610 illa,
3233 3544 3300 3599 de
3330 3545 3597 3612 Ecclesia,
3622 3550 3697 3604 de

2102 3632 2239 3686 bello
2267 3631 2366 3685 hoc
2412 3648 2426 3684 :
2471 3630 2609 3686 idem
2655 3633 2897 3700 praedixit
2922 3635 3172 3703 templum
3202 3632 3487 3699 ruiturum,
3523 3637 3692 3691 Jeru-

2098 3723 2357 3793 solymam
2388 3736 2603 3793 captum
2650 3725 2732 3788 iri,
2765 3739 2992 3794 eamque
3020 3726 3284 3781 civitatem
3319 3744 3424 3781 non
3453 3731 3693 3799 amplius

2098 3814 2210 3869 lore
2257 3816 2522 3870 civitatem
2568 3816 2895 3883 Judaeorum,
2951 3826 3007 3872 ut
3057 3828 3210 3873 antea
3251 3818 3361 3891 (Id.
3413 3821 3530 3892 25).
3580 3824 3690 3877 Ita-

2096 3922 2200 3975 que
2221 3906 2263 3961 si
2286 3906 2535 3961 mentitus
2557 3915 2641 3961 est
2657 3907 2739 3960 illa
2760 3907 2957 3973 omnia,
2979 3923 3078 3964 nec
3096 3922 3386 3964 evenerunt
3404 3928 3525 3980 qua:
3545 3929 3692 3982 pm:-

2094 3997 2247 4063 dixit,
2297 3997 2379 4052 his
2426 3997 2585 4052 iidem
2614 4014 2770 4069 nega.
2801 3999 2950 4066 Quod
2981 4001 3025 4053 si
3065 4000 3212 4055 vides
3250 4001 3337 4056 illa
3377 4002 3691 4061 clari~sime

2094 4091 2356 4156 evenisse,
2389 4090 2550 4159 inque
2578 4090 2692 4145 dies
2722 4091 2959 4160 singulos
3002 4105 3309 4162 augescere,
3344 4110 3516 4164 neque
3548 4096 3687 4149 infe-

2094 4196 2271 4233 rorum
2300 4188 2480 4249 portas
2506 4180 2760 4235 adversus
2787 4181 3080 4237 Ecclesiam
3105 4183 3421 4253 pra-valere;
3450 4187 3494 4239 si
3528 4189 3687 4241 vides

2091 4272 2233 4341 quod
2277 4273 2465 4329 mulier
2493 4273 2579 4327 illa
2619 4273 2764 4339 fecit,
2813 4275 3091 4344 praedicari
3120 4285 3266 4330 tanto
3288 4277 3399 4346 jam
3430 4288 3583 4350 temp
3605 4299 3683 4335 ire

2094 4368 2187 4434 per
2215 4365 2521 4419 universum
2565 4366 2780 4430 orbem;
2813 4365 2858 4420 si
2907 4365 3152 4420 homines
3179 4368 3270 4437 qui
3300 4368 3376 4423 illi
3417 4371 3676 4426 credide‘

2090 4467 2234 4520 runt,
2262 4472 2384 4513 eum
2418 4457 2582 4526 pluris
2611 4456 2816 4512 faciunt
2839 4473 2996 4528 quam
3025 4466 3297 4528 parentes,
3345 4476 3504 4530 quam
3540 4478 3681 4517 uso-

2089 4566 2196 4615 res,
2225 4565 2384 4621 quam
2414 4551 2610 4605 liberos
2636 4568 2648 4602 :
2680 4565 2796 4618 cur,
2829 4566 3032 4620 qumso,
3064 4549 3187 4606 huic
3215 4553 3305 4607 uni
3337 4554 3679 4623 praedictioni

2091 4643 2249 4697 tidem
2295 4658 2403 4697 non
2455 4642 2716 4697 adhibes?
2764 4645 3058 4712 prazscrtim
3108 4660 3230 4699 cum
3275 4660 3341 4699 ex
3384 4646 3500 4714 ipso
3540 4658 3680 4701 tem-

2092 4750 2219 4804 pore
2274 4734 2630 4788 testimonium
2686 4733 2826 4787 illius
2877 4734 3143 4789 silentium
3206 4736 3441 4806 imponat
3493 4737 3679 4806 impu-

2088 4828 2281 4882 dentia:
2311 4837 2434 4881 tum.
2465 4825 2613 4894 Quod
2644 4825 2688 4879 si
2718 4836 2837 4895 post
2881 4826 3144 4882 excidium
3176 4828 3320 4882 urbis
3350 4843 3458 4882 non
3489 4838 3677 4885 trans-

2091 4919 2255 4972 issent
2292 4916 2393 4971 nisi
2440 4916 2626 4971 decem
2657 4918 2801 4980 anni,
2833 4928 2923 4971 aut
2948 4917 3154 4989 viginti,
3186 4927 3276 4972 aut
3307 4919 3539 4989 triginta.
3583 4931 3679 4974 aut

2088 5008 2463 5079 quinquaginta
2490 5025 2503 5062 :
2536 5009 2752 5062 minime
2782 5016 2954 5061 tamen
2986 5010 3212 5063 decebat
3242 5011 3320 5065 vel
3351 5020 3460 5064 ttun
3498 5013 3680 5080 impu-

2087 5101 2276 5154 denter
2319 5100 2615 5165 obsistere,
2662 5100 2869 5154 etiamsi
2918 5100 3101 5155 {uisset
3143 5101 3319 5170 aliqua
3373 5101 3676 5156 reluctandi

2088 5192 2329 5253 occasio;
2382 5192 2489 5259 jam
2520 5206 2664 5249 vero.
2693 5192 2738 5244 si
2768 5205 2871 5244 non
2921 5192 3298 5261 quinquaginta.
3347 5201 3578 5255 tantum,
3622 5204 3680 5248 et

2088 5291 2324 5346 centum,
2375 5283 2480 5335 imo
2528 5281 2608 5334 bis
2638 5296 2702 5335 ac
2732 5291 2812 5334 ter
2840 5290 3040 5335 tantum
3069 5296 3352 5345 annorum,
3385 5283 3679 5353 multoque

2086 5373 2338 5441 amplius,
2387 5373 2640 5441 prteteriit
2670 5380 2787 5441 post
2816 5372 3081 5428 civitatem
3110 5384 3338 5442 captam,
3394 5385 3494 5430 nec
3522 5376 3674 5431 inte-

2086 5463 2185 5516 rim
2215 5463 2376 5516 ullum
2410 5463 2710 5529 vestigium,
2741 5463 3044 5517 aut-umbra
3074 5467 3314 5535 apparuit
3346 5465 3483 5533 ejus,
3503 5482 3678 5537 quam

2085 5554 2437 5622 exspectatis,
2487 5554 2793 5609 mutationis
2838 5571 2851 5609 :
2903 5569 3002 5609 cur
3053 5556 3247 5612 l‘ruStra
3301 5556 3563 5630 nullaque
3613 5564 3679 5617 de

2086 5660 2241 5698 causa
2266 5644 2316 5698 in
2351 5646 2671 5713 impudentia
2701 5646 3054 5717 perseveras?
