3850 6224
124 370 230 424 $37

119 484 313 539 τοῦτον
334 484 431 553 τῆς
473 481 818 548 ἇιὸασκαλίας
844 486 1134 556 εἰσήγαγον
1164 485 1253 538 τὸν
1306 486 1523 557 τρόπον.
1554 487 1708 540 Ἐπεὶ

118 566 215 620 οὖν
238 568 336 620 καὶ
358 569 491 638 ἡμῖν
515 568 648 639 πρὸς
692 567 973 631 Ἰουδαίους
1012 570 1042 620 ό
1068 568 1240 636 λόγος,
1278 569 1403 631 τοὺς
1428 568 1709 639 ἄνθρωπον

119 650 279 721 ψιλὸν
307 648 449 705 εἶναι
481 652 801 721 νομίζοντας
856 652 947 704 τὸν
994 650 1227 723 Χριστὸν
1270 653 1363 706 καὶ
1397 652 1711 721 παράνομόν

122 752 265 799 τινα,
287 734 378 787 διὰ
402 732 557 787 τοῦτο
578 734 671 787 καὶ
702 734 811 788 ἀπὸ
837 733 945 787 τῶν
972 734 1099 804 παρ’
1117 734 1340 805 Ἕλλησι
1371 734 1712 805 θαυμαζομέ-

122 836 232 873 νων
263 818 639 888 ἐποιησάμεθα
671 819 770 890 τὴν
827 818 1092 883 ἐξέτασιν.
1124 819 1188 871 Εἰ
1239 817 1295 871 δὲ
1328 817 1579 887 βούλεσθε
1620 818 1711 871 καὶ

121 902 234 953 ἀπὸ
266 901 376 955 τῶν
406 902 535 974 παρ’
564 903 748 966 αὐτοῖς
787 903 946 957 τοῦτο
974 903 1432 974 ἐηειρησάντων,
1463 902 1556 955 καὶ
1610 919 1713 971 μα-

124 983 298 1055 θητάς
337 986 775 1055 συναγαγόντων,
818 988 912 1041 καὶ
933 989 1014 1051 είς
1042 988 1329 1058 ἄρχοντας,
1356 986 1450 1039 καὶ
1477 987 1555 1049 εἰς
1580 1002 1713 1056 προ-

127 1069 334 1131 στάτας
362 1069 797 1140 ἀναρρηθέντων,
851 1071 946 1124 καὶ
975 1069 1307 1124 σϐεσθέντων
1344 1068 1564 1131 εὐθέως,
1590 1070 1711 1120 ἐπι-

126 1154 474 1223 χειρήσωμεν
493 1156 617 1218 ταῖς
640 1154 948 1219 ἀποδείξεσι
992 1156 1238 1217 ταύταις.
1266 1152 1421 1206 Οὕτω
1448 1150 1577 1220 γοῦν
1621 1152 1714 1204 καὶ

124 1236 153 1287 ό
182 1235 223 1287 Γ
224 1234 465 1307 αμαλιὴλ
520 1238 717 1300 αὐτοὺς
746 1238 1124 1309 ἐπεστόμισεν.
1165 1236 1382 1306 Ἐπειδὴ
1434 1236 1543 1306 γάρ
1575 1230 1714 1287 εἶδεν

124 1319 327 1382 αὐτοὺς
358 1321 743 1391 μαινομένους,
774 1326 867 1376 καὶ
906 1321 1305 1393 ἐπιθυμοῦντας
1332 1322 1392 1375 τὸ
1439 1316 1578 1393 αἷμα
1607 1321 1714 1374 τῶν

126 1401 388 1471 μαθητῶν
418 1404 650 1473 ἐκχέειν,
684 1403 1009 1474 βουλόμενος
1036 1406 1232 1468 αὐτοὺς
1284 1404 1384 1475 τῆς
1411 1404 1713 1457 ἀκαθέκτου

128 1483 335 1551 μανίας
370 1488 681 1554 κατασχεῖν,
711 1486 973 1550 κελεύσας
1006 1488 1111 1554 ἔξω
1137 1488 1359 1557 ποιῆσαι
1394 1487 1565 1559 βραχὺ
1591 1488 1716 1552 τούς

125 1567 480 1630 ἀποστόλους.
521 1568 663 1621 οὕτω
696 1571 830 1639 πρὸς
876 1571 1075 1635 αὐτοὺς
1126 1571 1330 1640 ἔλεγεν·
1385 1573 1717 1641 Προσέχετε

123 1650 362 1715 ἑαυτοῖς
388 1649 488 1703 ἐπὶ
518 1651 644 1717 τοῖς
690 1652 1024 1721 ἀνθρώποις
1077 1654 1327 1719 τούτοις,
1364 1655 1421 1707 τι
1464 1653 1717 1723 μέλλετε

124 1732 447 1798 πράσσειν.
489 1733 609 1802 Πρὸ
638 1734 749 1802 γὰρ
791 1737 1033 1805 τούτων,
1056 1735 1175 1790 τῶν
1217 1736 1450 1807 ἡμερῶν
1490 1736 1714 1807 ἀνέστη

126 1815 384 1882 Θευδᾶς,
416 1816 611 1887 λέγων
642 1815 799 1872 εἷναί
826 1836 961 1873 τινα
990 1821 1225 1874 ἑαυτόν·
1258 1820 1716 1889 καὶνήκολούθη-

123 1915 247 1954 σαν
274 1899 437 1965 αὐτῷ
463 1900 681 1970 ἄνδρες
704 1905 1095 1969 τετρακόσιοι·
1132 1888 1406 1966 κάκεῖνολς
1420 1888 1708 1969 ἀπώλετο,

125 1981 224 2035 καὶ
243 1981 467 2047 πάντες
482 1983 616 2037 ὅσοι
633 1984 941 2039 ἐπείθοντο
958 1984 1117 2053 αὐτῷ
1138 1982 1706 2052 διεσκορπίσθησαν.
1734 2013 1741 2019 ε

124 2064 232 2118 Καὶ
255 2067 385 2133 μετ’
409 2065 644 2120 ἐκεῖνον
670 2066 896 2133 ἀνέστη
939 2067 1169 2131 Ἰούδας
1205 2068 1239 2119 ὁ
1264 2066 1605 2134 Γαλιλαῖος,
1643 2070 1711 2136 ὃς

123 2148 479 2215 ἀπέστησεν
519 2149 707 2218 ὄχλον
733 2151 963 2203 ικανόν·
1000 2148 1271 2214 κάκεῖνος
1301 2149 1582 2215 ἀπέθανε,
1612 2154 1709 2205 καὶ

125 2235 176 2284 οἱ
204 2232 467 2300 μαθηται
516 2229 703 2285 αὑτοῦ
770 2231 1100 2285 ἀπώλοντο.
1155 2232 1264 2285 Καὶ
1298 2233 1368 2286 τὰ
1416 2233 1534 2286 νῦν
1557 2234 1711 2303 λέγω

124 2316 289 2383 ὑμῖν,
324 2314 651 2384 προσέχετε
687 2314 943 2381 ἑαυτοῖς,
968 2314 1078 2381 ὅτι,
1114 2316 1223 2369 ἐὰν
1250 2310 1292 2387 ᾖ
1322 2316 1391 2381 ἐξ
1423 2315 1571 2388 [652]
1609 2319 1711 2372 ἁν-

125 2397 373 2465 θρώπων
406 2399 470 2453 τὸ
498 2399 677 2468 ἔργον
708 2398 905 2461 τοῦτο.
944 2399 1447 2466 καταλυθήσεται·
1483 2402 1623 2454 εἰδὲ
1643 2402 1711 2455 ἐκ

126 2485 275 2538 Θεοῦ
313 2484 504 2551 ἐστιν,
535 2486 608 2539 οὐ
651 2482 993 2549 δυνήσεσθε
1032 2483 1367 2537 καταλῦσαι
1428 2486 1594 2551 αὐτὸ,
1628 2486 1709 2557 μή

127 2585 271 2621 ποτε
290 2568 389 2621 καὶ
420 2568 698 2637 θεομάχοι
718 2565 1014 2636 εὑρεθῆτε.
1043 2566 1214 2620 Πόθεν
1245 2564 1337 2621 οῦν
1364 2566 1522 2637 δῆλον
1539 2568 1709 2636 ἔσται,

130 2651 231 2713 ὅτι,
263 2646 413 2724 ἐάνῇ
441 2650 499 2717 ἐξ
525 2650 846 2721 ἀνθρώπων,
875 2649 1337 2720 καταλυθήσεται;
1366 2652 1567 2721 Πεῖραν
1588 2651 1712 2706 ἐλά-

132 2733 277 2797 ϐετε,
313 2735 496 2803 φησὶν,
534 2733 641 2787 ἀπὸ
687 2733 856 2787 Ἰούδα
885 2734 978 2787 καὶ
1007 2733 1198 2787 θευδᾶ.
1235 2733 1396 2786 ’Ὥστε
1437 2736 1529 2786 καὶ
1562 2729 1713 2797 οὗτος

128 2817 156 2869 ὁ
186 2816 591 2888 κηρυττόμενος
646 2816 751 2869 ὑπὸ
793 2815 1018 2880 τούτων,
1064 2817 1113 2868 εί
1159 2815 1399 2880 τοιοῦτός
1435 2820 1582 2870 ἐστιν
1611 2811 1711 2871 οἷοι

127 2901 350 2962 ἐκεῖνοι,
377 2899 471 2952 καὶ
511 2897 586 2969 μὴ
639 2897 755 2969 θείᾳ
787 2898 1013 2967 δυνάμει
1045 2899 1222 2952 πάντα
1271 2897 1585 2968 ἐργάζεται,
1626 2917 1713 2969 μι-

129 2981 261 3052 κρὸν
290 2979 635 3050 ἀναμείνατε,
660 2981 755 3034 καὶ
782 2980 918 3051 αὐτὴ
947 2980 1057 3033 τῶν
1085 2981 1423 3051 πραγμάτων
1449 2982 1590 3050 ὑμᾶς
1626 2998 1713 3034 πι-

130 3064 397 3118 στώσεται
425 3065 459 3134 η
481 3063 725 3129 ἔκϐασις,
754 3064 850 3116 καὶ
876 3062 966 3117 διά
990 3063 1083 3116 τοῦ
1117 3063 1304 3127 τέλους
1332 3076 1357 3104 ι
1394 3064 1604 3117 εἴσεσθε
1628 3082 1715 3119 σα-

129 3148 269 3217 φῶς,
294 3148 403 3200 είτε
423 3147 707 3217 ἄνθρωπός
731 3149 847 3200 ἐστι
879 3148 1097 3212 πλάνος,
1120 3148 1194 3210 ὠς
1221 3148 1377 3215 φατὲ,
1425 3150 1519 3202 καὶ
1549 3150 1715 3220 παράο

128 3249 316 3302 νομος,
350 3231 460 3284 εἴτε
481 3231 612 3294 Θεὸς
644 3233 672 3284 ό
707 3231 891 3284 πάντα·
912 3231 1254 3302 συγκροτῶν,
1289 3234 1383 3285 καί.
1409 3234 1713 3305 ἀπορρήτῳ

126 3315 357 3385 δυνάμει
386 3314 453 3368 τὰ
484 3314 606 3369 καθ’
633 3315 780 3385 ἡμᾶς
800 3313 1099 3384 οἰκονομῶν
1122 3315 1441 3385 πράγματα’
1471 3316 1605 3387 ὅπερ
1621 3312 1713 3371 οὖν

129 3400 226 3452 καὶ
255 3400 492 3467 ἐγένετο.
535 3399 869 3467 ’Ᾱνέμειναν,
909 3397 1001 3450 καὶ
1023 3396 1093 3452 δι’
1120 3398 1300 3451 αὐτῶν
1323 3400 1430 3452 τῶν
1459 3401 1715 3470 πραγμάο

130 3501 241 3536 των
273 3482 574 3553 ἐδηλοῦτοὴ
598 3482 716 3535 θεία
742 3482 836 3536 καὶ
886 3481 1094 3553 ἄμαχος
1118 3481 1366 3551 δύναμις,
1413 3482 1507 3535 καὶ
1531 3483 1592 3536 τὸ
1629 3484 1715 3536 σό-

131 3581 313 3634 φισμα
331 3564 491 3617 τοῦτο
519 3566 612 3618 καὶ
640 3564 771 3635 πρὸς
792 3564 1007 3635 ἀπάτην
1034 3564 1139 3617 τῶν
1166 3563 1375 3617 πολλῶν
1405 3565 1713 3634 γενόμενον,

130 3650 215 3710 εἰς
244 3646 345 3717 τὴν
371 3646 466 3699 τοῦ
505 3645 751 3701 διαϐόλου
780 3646 1165 3718 περιετρέπετο
1196 3645 1453 3716 κεφαλήν.
1500 3647 1713 3718 Ἐπειδὴ

131 3729 245 3800 γάρ
272 3726 411 3783 εἶδεν
430 3729 593 3783 αὐτὸν
622 3730 1085 3801 παραγενόμενον,
1139 3728 1458 3800 βουλόμενος
1494 3731 1715 3784 συσκιά-

135 3828 231 3866 σαι
267 3810 433 3866 αὐτοῦ
452 3810 551 3883 τὴν
577 3810 881 3882 παρουσίαν
910 3811 1003 3864 καὶ
1052 3811 1152 3881 τὴν
1174 3811 1347 3882 ἀληθῆ
1385 3812 1711 3884 οἰκονομίαν,

132 3896 456 3966 εἰσήνεγκεν
497 3894 821 3958 ἀπατεῶνάς
847 3912 1034 3960 τινας,
1066 3893 1161 3957 οὒς
1217 3895 1571 3965 προείπομεν,
1630 3896 1715 3949 ἴνα

133 3980 233 4035 καὶ
252 3974 409 4043 οὗτος
431 3974 512 4042 εἷς
538 3979 763 4033 ἐκείνων
790 3978 1081 4048 νομίζηται
1117 3973 1277 4032 εἶναι.
1314 3978 1421 4030 Kal
1443 3979 1580 4048 ὅπερ
1623 3980 1716 4033 ἐπὶ

130 4061 229 4117 τοῦ
260 4061 495 4134 σταυροῦ
522 4061 915 4133 πεποίηκε,δύο
936 4062 1358 4133 παρασκευάσας
1377 4060 1577 4132 ληστάς
1598 4062 1714 4132 μετ’

131 4144 304 4201 αὐτοῦ
352 4143 751 4215 σταυρωθῆναι,
808 4143 967 4197 τοῦτο
1018 4144 1111 4197 καὶ
1156 4143 1248 4196 ἐπὶ
1289 4143 1391 4215 τῆς
1417 4144 1715 4216 παρουσίας

132 4227 453 4298 εἰργάσατο,
478 4228 546 4296 τῇ
594 4226 892 4295 παραθέσει
930 4223 1021 4278 τοῦ
1056 4225 1284 4295 ψεύδους
1313 4225 1412 4298 τὴν
1459 4227 1716 4299 ἀλήθειαν

135 4310 431 4367 συσκιάσαι
462 4308 725 4362 σπεύδων·
758 4308 873 4362 ἀλλ’
906 4308 1025 4363 οὐδὲ
1060 4310 1178 4362 ἐκεῖ
1228 4328 1279 4363 τι
1310 4311 1546 4381 ῐσχυσεν,
1595 4313 1717 4367 οὐδὲ

131 4392 400 4457 ἐνταῦθα,
454 4391 568 4445 ἀλλ’
597 4391 729 4446 αὐτὸ
756 4391 820 4462 δὴ
866 4391 1024 4444 τοῦτο
1057 4392 1295 4462 μάλιστα
1351 4394 1447 4465 τὴν
1491 4394 1717 4466 δύναμιν

131 4478 306 4544 ἔδειξε
321 4475 416 4530 τοῦ
451 4475 707 4547 Χριστοῦ.
747 4475 845 4528 Διά
872 4477 924 4528 τί
952 4476 1079 4548 γὰρ,
1110 4477 1230 4530 εἰπέ
1282 4495 1393 4549 μοι,
1438 4479 1603 4550 τριῶν
1625 4480 1716 4534 όν-

128 4578 244 4614 των
269 4560 375 4614 τῶν
404 4560 845 4629 σταυρωθέντων,
864 4562 920 4614 ἐν
940 4559 1018 4631 τῷ
1044 4560 1192 4631 αὐτῷ
1207 4562 1446 4632 τόπῳ,ἐν
1470 4563 1548 4635 τῷ
1570 4564 1718 4635 αὐτῷ

120 4642 338 4714 καιρῷ,
368 4642 473 4695 ὐπὸ
497 4642 602 4695 τῶν
646 4642 823 4696 αὐτῶν
861 4642 1150 4707 δικαστῶν,
1215 4645 1413 4697 ἐκεῖνοι
1444 4646 1542 4715 μὲν
1574 4648 1717 4699 σεσί-

132 4744 353 4800 γηνται,
385 4719 537 4788 οὗτος
559 4724 616 4777 δέ
655 4726 812 4797 μόνος
838 4728 1255 4797 προσκυνεῖται;
1314 4728 1498 4793 Πάλιν,
1543 4729 1596 4781 τί
1627 4729 1719 4799 δή·

133 4827 269 4865 ποτε
295 4808 503 4862 πολλῶν
527 4809 927 4876 εἰσαγαγόντων
960 4809 1232 4863 πολιτείαν
1256 4811 1446 4881 καινὴν
1476 4811 1568 4865 καὶ
1615 4829 1718 4879 μα-

133 4893 311 4964 θητάς
338 4892 667 4963 ἐσχηκότων,
701 4893 926 4945 ἐκείνων
967 4893 1064 4962 μέν
1096 4892 1218 4944 οὐδὲ
1270 4891 1503 4963 τοῦνομα
1557 4894 1716 4966 μέχρι

132 4975 376 5047 τήμερόν
410 4976 527 5028 ἐστι
567 4973 867 5045 γνώριμον,
909 4968 1064 5038 οὗτος
1093 4975 1151 5028 δέ
1197 4975 1471 5044 πανταχοῦ
1510 4979 1609 5046 τῆς
1647 4979 1719 5030 οἰ-

131 5058 412 5128 κουμένης
467 5057 883 5128 θεραπεύεται;
945 5058 1028 5110 Τά
1094 5057 1203 5128 γάρ
1260 5058 1563 5129 πράγματα
1610 5060 1718 5112 ἀπὸ

131 5140 479 5210 συγκρίσεως
501 5139 734 5211 μάλιστα
766 5139 1066 5209 φαίνονται.
1116 5139 1412 5210 Σύγκρινον
1436 5141 1634 5207 τοίνυν,
1673 5136 1718 5194 ὦ

145 5224 369 5276 Ἰουδαῖε
400 5224 449 5288 δ,
481 5226 577 5277 καὶ
609 5222 746 5294 μάθε
775 5224 873 5292 τῆς
895 5221 1151 5291 ἀληθείας
1176 5222 1273 5293 τὴν
1300 5223 1592 5293 ὑπεροχήν.
1622 5224 1717 5285 Τίς

132 5304 339 5367 πλάνος
372 5304 643 5368 τοσαύτας
680 5304 957 5375 πανταχοῦ
988 5303 1088 5374 τῆς
1125 5305 1447 5376 οἰκουμένης
1488 5306 1718 5377 Ἐκκληε-

134 5391 261 5454 σίας
286 5391 572 5461 ἐκτήσατο,
620 5390 714 5443 καὶ
743 5391 853 5444 ἀπὸ
884 5391 1137 5462 περάτων
1162 5391 1261 5460 τῆς
1290 5391 1615 5463 οἰκουμένης
1637 5393 1717 5456 εἰς

137 5475 355 5544 πέρατα
383 5474 483 5544 τήν
521 5490 581 5527 τε
612 5473 779 5528 αὐτοῦ
800 5472 1094 5546 θεραπείαν
1117 5471 1369 5543 ἐξέτεινε,
1399 5474 1490 5526 καὶ
1511 5475 1718 5537 πάντας

195 5611 215 5677 ξ
242 5612 343 5677 ᾼιιι
360 5614 440 5677 καὶ
458 5614 550 5677 πρὸ
570 5612 655 5661 τοῦ
676 5614 855 5677 τέλους.

199 5672 231 5713 1)
372 5672 617 5748 σύγκρινον
633 5676 787 5748 τοίνυν
808 5672 1063 5748 τοῦτον,ὥ.
1078 5673 1478 5748 Ηῃιιεμζτύγκρινόν
1503 5694 1581 5739 μοι
1603 5678 1719 5727 ταῦ-

134 5734 529 5858 ἶιὶὶᾶἆὲζδόὰὶἐ,
558 5746 607 5789 cl
648 5738 771 5787 hanc
793 5743 1091 5803 postremam
1130 5734 1398 5787 lectionem
1422 5734 1622 5790 sedulus
1642 5750 1717 5790 est

156 5810 186 5843 υ

1392 366 1764 426 ADVERSUS
1801 367 2104 426 JUMOS.
2146 371 2208 426 ν.

3292 370 3398 428 888

1821 488 2231 551 ὐποκύπτοντας
2260 487 2403 557 ἔσχε,
2438 488 2529 540 καὶ
2552 486 2721 539 ταῦτα
2747 486 2954 557 μυρίων
2984 485 3149 538 ὄντων
3170 485 3275 538 τῶν
3297 503 3399 541 κω-

1818 572 2084 637 λυόντων;
2117 573 2230 626 Οὐκ
2254 571 2402 625 ἔστιν
2435 571 2630 634 οὐδείς.
2660 568 2868 623 Οὐκοῦν
2899 569 3074 640 δῆλον.
3105 570 3185 621 ὅτι
3215 571 3243 622 ό
3267 570 3400 640 Χρι-

1821 655 1943 719 στός
1979 654 2100 727 οὐχὶ
2138 654 2340 719 πλάνος
2371 651 2459 727 ἦν,
2516 655 2651 708 ἀλλά
2684 655 2886 725 σωτὴρ,
2936 655 3027 708 καὶ
3079 654 3394 724 εὐεργέτης,

1819 738 1912 792 καὶ
1942 738 2215 811 κηδεμὼν,
2246 739 2340 793 καὶ
2375 737 2685 810 προστάτης
2712 738 2807 809 τῆς
2826 736 2970 808 ζωῆς
2984 737 3399 808 τῆςήμετέρας,

1820 822 1964 876 Μίαν
1995 821 2075 875 ἔτι
2122 822 2426 894 πρόρρησιν
2483 820 2763 892 προσθεὶς,
2794 821 2885 873 ἐπὶ
2930 819 2991 872 τὸ
3039 819 3402 890 προκείμενον

1823 905 2130 976 βαδιοῦμαι.
2167 908 2288 959 Οὐκ
2316 900 2505 976 ἦλθον
2524 903 2743 969 βαλεῖν
2772 902 3043 971 εἰρήνην,
3081 902 3264 973 φησὶν,
3300 903 3400 955 ἐπὶ

1821 990 1935 1055 τὴν
1958 986 2090 1057 γῆν,
2121 988 2283 1043 ἀλλὰ
2310 987 2627 1056 μάχαιραν
2666 986 2726 1039 οὐ
2758 986 2856 1056 τὴν
2888 986 3112 1055 γνώμην
3148 986 3247 1055 τὴν
3270 987 3396 1038 ἐαυ-

1820 1071 1913 1124 τοῦ
1939 1071 2132 1138 λέγων,
2181 1070 2315 1124 ἀλλά
2341 1070 2402 1123 τὸ
2433 1070 2587 1132 τέλος
2611 1069 2719 1122 τῶν
2744 1069 3106 1122 ἐκϐαινόντων
3138 1068 3399 1138 πραγμά-

1818 1171 1947 1207 των.
1973 1149 2201 1207 Ἦλθον
2230 1153 2340 1221 γὰρ
2376 1151 2640 1222 διχάσαι,
2666 1152 2850 1222 φησὶν,
2907 1151 3220 1220 ἄνθρωπον
3248 1150 3400 1203 κατὰ

1820 1236 1925 1289 τοῦ
1958 1236 2181 1303 πατρὸς
2216 1235 2423 1298 αὐτοῦ,
2458 1235 2555 1288 καὶ
2583 1235 2828 1304 νύμφην
2858 1234 3007 1287 κατὰ
3059 1232 3168 1301 τῆς
3189 1234 3399 1285 πενθε-

1813 1316 1930 1385 ρᾶς
1962 1316 2172 1383 αὐτῆς,
2196 1318 2291 1371 καὶ
2324 1318 2615 1386 θυγατέρα
2638 1323 2785 1371 κατὰ
2816 1316 2926 1385 τῆς
2942 1315 3167 1385 μητρὸς
3189 1314 3396 1381 αὐτῆς.

1824 1399 1993 1453 Πόθεν
2021 1400 2192 1455 ταῦτα
2226 1404 2506 1472 προεῖπεν.
2532 1401 2653 1454 εἰπέ
2687 1418 2795 1471 μοι,
2827 1401 2881 1453 εἴ
2904 1416 2967 1467 γε
3005 1399 3157 1469 ψιλὸς
3194 1398 3402 1469 ἄνθρω-

1824 1502 1921 1548 πος
1943 1481 2010 1555 ῆν
2049 1485 2141 1537 καὶ
2182 1484 2289 1537 τῶν
2340 1484 2548 1537 πολλῶν
2580 1480 2690 1548 εἷςς
2745 1486 2810 1536 Ὃ
2847 1482 2955 1555 γάρ
2993 1482 3139 1551 λέγει
3164 1481 3401 1535 τοιοῦτόν

1825 1568 1990 1619 ἐστιν·
2032 1566 2247 1636 Ἐπειδὴ
2265 1567 2577 1621 συνέϐαινεν
2602 1569 2659 1619 ἐν
2693 1567 2839 1637 οἰκία
2879 1567 2978 1636 μιᾷ
3007 1565 3098 1618 τὸν
3128 1563 3225 1635 μὲν
3264 1560 3401 1616 εἶναι

1826 1651 2033 1716 πιστὸν,
2066 1651 2155 1703 τὸν
2206 1650 2261 1702 δὲ
2299 1651 2542 1712 ἄπιστον,
2586 1645 2705 1702 εἶτα
2745 1651 2836 1702 τὸν
2875 1648 3089 1719 πατέρα
3118 1646 3400 1717 βούλεσθαι

1823 1734 2000 1788 ἕλκειν
2030 1737 2121 1788 ἐπὶ
2148 1735 2248 1807 τὴν
2289 1735 2543 1787 ἀσέϐειαν
2581 1735 2672 1787 τὸν
2700 1734 2814 1786 υἰὺν
2852 1733 2943 1785 τὸν
2985 1731 3197 1795 ἐαυτοῦ,
3243 1730 3401 1784 τοῦτο

1822 1818 1955 1871 αὐτὸ
1989 1817 2288 1888 προλέγων,
2325 1817 2508 1885 φησίν·
2546 1817 2687 1869 οὕτω
2725 1817 2984 1887 κρατήσει
3004 1813 3097 1866 τοῦ
3120 1813 3402 1884 κηρύγμα-

1793 1908 1910 1964 ἷτος
1936 1902 1969 1972 ή
1998 1901 2226 1971 δύναμις
2255 1900 2329 1962 ὡς
2359 1901 2452 1953 καὶ
2483 1900 2735 1971 πατέρων
2759 1898 2951 1961 παῖδας
2974 1898 3269 1968 ὐπερορᾷν,
3307 1899 3401 1951 καὶ

1823 1984 2073 2055 μητέρων
2099 1984 2418 2055 θυγατέρας,
2460 1985 2554 2037 καὶ
2600 1985 2776 2051 γονεῖς
2800 1981 3024 2035 παίδων.
3076 1982 3400 2051 Αἱρήσονται

1818 2067 1927 2137 γὰρ
1954 2067 2074 2137 οὐχὶ
2093 2066 2201 2120 τῶν
2230 2067 2448 2120 οἰκείων
2497 2068 2858 2137 καταφρονεῖν
2901 2066 3083 2134 μόνον,
3141 2063 3278 2116 ἀλλά
3307 2068 3402 2116 καὶ

1817 2149 1916 2220 τὴν
1936 2149 2111 2221 ψυχὴν
2132 2148 2405 2203 ἐπιδοῦναι
2424 2150 2522 2217 τὴν
2560 2148 2788 2213 ἑαυτῶν,
2831 2147 2926 2200 καὶ
2955 2148 3132 2199 πάντα
3172 2148 3401 2216 ὑπομεῖ-

1818 2251 1907 2287 ναι
1938 2234 2032 2287 καὶ
2059 2233 2270 2300 παθεῖν,
2291 2233 2432 2287 ὥστε
2466 2234 2539 2304 μὴ
2561 2231 2901 2304 ἀρνήσασθαι
2936 2229 3084 2302 [635]
3111 2228 3210 2299 τὴν
3247 2230 3403 2282 εὐσέο

1820 2316 1996 2371 ϐειαν.
2033 2317 2204 2371 Πόθεν
2266 2316 2443 2387 τούτῳ
2496 2316 2670 2370 ταῦτα
2706 2316 2799 2368 καὶ
2846 2314 3046 2368 εἰδέναι
3100 2314 3196 2366 καὶ
3229 2329 3403 2365 κατα-

1822 2400 2085 2454 σκευάσαι
2116 2399 2358 2460 δυνατὸν,
2395 2399 2450 2452 ετ
2472 2416 2535 2467 γε
2593 2398 2878 2472 ἄνθρωπος
2930 2392 2997 2467 ἦν
3020 2390 3101 2459 εἷς
3125 2395 3235 2448 τῶν
3275 2396 3405 2447 πολ-

1820 2481 1961 2548 λῶν;
1995 2482 2154 2536 πόθεν
2186 2482 2418 2552 ἐπῆλθεν
2468 2479 2619 2550 αὐτῷ
2640 2479 2958 2552 λογίσασθαι
2987 2478 3165 2543 τοῦτο,
3199 2480 3281 2532 ὃτι
3311 2482 3404 2533 καὶ

1821 2566 2073 2637 πατέρων
2107 2565 2260 2619 ἔσται
2293 2566 2478 2617 παισὶν
2528 2562 2974 2633 αίδεσιμὼτερος,
3018 2563 3111 2616 καὶ
3165 2564 3403 2632 πατράσι

1822 2651 2024 2703 παίδων
2042 2650 2393 2719 γλυκύτερος,
2445 2648 2537 2701 καὶ
2567 2648 2811 2716 γυναιξὶν
2834 2648 3043 2716 ἀνδρῶν
3093 2648 3402 2700 ποθεινότε-⁴

1822 2749 1946 2803 ρος;
1978 2734 2087 2786 Καὶ
2114 2731 2285 2786 ταῦτα
2309 2732 2409 2784 οὐκ
2437 2734 2492 2784 ἐν
2533 2732 2634 2802 μιᾷ
2684 2731 2822 2803 μόνῃ
2854 2731 3025 2799 οἰκίᾳ,
3052 2729 3173 2782 οὐδὲ
3202 2731 3259 2782 ἐν
3284 2729 3402 2781 δυσὶ

1822 2818 1915 2868 καὶ
1936 2816 2099 2886 τρισὶ,
2118 2816 2211 2868 καὶ
2236 2815 2391 2880 δέκα,
2420 2815 2513 2867 καὶ
2540 2814 2730 2877 εἰκοσι,
2750 2816 2844 2865 καὶ
2871 2813 3084 2876 ἑκατὸν,
3114 2812 3250 2865 ἀλλά
3266 2829 3402 2867 παν-

1819 2897 1986 2969 ταχοῦ
2018 2899 2116 2969 τῆς
2141 2897 2463 2967 οἰκουμένης
2483 2937 2496 2955 .
2535 2898 2592 2948 ἐν
2621 2895 2844 2949 πόλεσιν
2871 2896 3111 2957 ἀπάσαις
3162 2896 3257 2947 καὶ
3296 2894 3405 2964 χώ-

1825 3000 1965 3054 ραις,
1992 2984 2050 3035 ἐν
2075 2985 2144 3053 γῇ
2176 2984 2270 3035 καὶ
2294 2980 2557 3052 θαλάσσῃ,
2586 2980 2680 3033 καὶ
2698 2980 2993 3049 οἰκουμένῃ
3019 2977 3113 3031 καὶ
3141 2979 3400 3048 ἀοικήτῳ,

1821 3066 1931 3119 Καὶ
1954 3067 2053 3118 οὐκ
2081 3065 2225 3118 ἔστιν
2277 3066 2470 3121 εἰπεῖν.
2506 3065 2587 3116 ὅτι
2630 3059 2749 3115 εἷπε
2793 3064 2892 3133 μὲν
2921 3062 3112 3126 ταῦτα,
3178 3063 3277 3114 οὐκ
3305 3063 3402 3114 ἐπαΔ

1821 3151 1996 3220 ήγαγε
2026 3149 2082 3202 δέ
2110 3149 2172 3201 τὸ
2203 3146 2373 3209 τέλος.
2403 3147 2591 3201 Πολλοὶ
2616 3146 2747 3214 γοῦν
2774 3150 2832 3200 ἐν
2868 3147 3174 3217 προοιμίοις
3205 3147 3298 3199 καὶ
3342 3147 3407 3197 ἐν

1821 3234 1984 3305 ἀρχῇ,
2018 3232 2215 3304 μᾶλλον
2246 3232 2303 3284 δέ
2338 3231 2418 3284 ἔτι
2457 3233 2550 3283 καὶ
2578 3230 2692 3293 νῦν,
2723 3230 2812 3284 διὰ
2840 3232 2939 3300 τὴν
2996 3230 3279 3282 εὐσέϐειαν
3315 3246 3405 3299 μι-

1824 3316 2061 3378 σοῦνται,
2092 3315 2443 3369 ὲκϐάλλονται
2479 3313 2589 3367 τῶν
2613 3312 2799 3366 οἰκιῶν
2826 3313 2934 3366 τῶν
2967 3310 3258 3381 πατρῴων,
3308 3312 3405 3364 καὶ

1822 3399 1958 3469 πρὸς
1989 3397 2140 3452 οὐδὲν
2183 3395 2599 3469 ἐπιστρέφονται
2639 3395 2865 3457 τούτων,
2930 3394 3119 3465 ἱκανὴν
3150 3410 3405 3464 παραμυ-

1823 3481 1943 3536 θίαν
1974 3481 2187 3552 ἒχοντες
2216 3480 2277 3533 τὺ
2304 3479 2390 3533 διὰ
2422 3478 2515 3533 τὸν
2545 3479 2779 3550 Χριστὸν
2821 3477 2991 3531 ταῦτα
3026 3478 3279 3547 πάσχειν.
3306 3476 3403 3540 Τίς

1821 3564 1994 3619 ταῦτα
2035 3565 2223 3636 ἴσχυσέ
2272 3583 2403 3619 ποτε
2454 3566 2511 3617 ἐν
2542 3563 3026 3635 ἀνθρώποιςςείπέ
3056 3579 3165 3632 μοι.
3238 3554 3405 3622 Οὗτος

1822 3651 2000 3704 τοίνυν
2024 3653 2052 3704 ό
2079 3650 2250 3703 ταῦτα
2282 3652 2494 3704 ἅπαντα
2527 3650 2825 3720 προειπὼν,
2852 3648 2919 3701 τὰ
2942 3646 3070 3716 περὶ
3096 3646 3196 3715 τῆς
3218 3662 3406 3713 γυναι-

1824 3734 1918 3797 κὸς
1946 3734 2178 3804 ἐκείνης,
2197 3733 2265 3787 τὰ
2282 3733 2409 3805 περὶ
2437 3733 2533 3802 τῆς
2570 3731 2913 3801 Ἐκκλησίας,
2942 3730 3009 3782 τὰ
3040 3728 3165 3800 περὶ
3193 3728 3283 3780 τοῦ
3310 3744 3407 3791 πο,

1822 3815 1988 3887 λέμου
2020 3817 2233 3871 τούτου·
2270 3811 2422 3879 οὗτος
2445 3818 2724 3886 προεῖπεν,
2765 3814 2847 3865 ὅτι
2882 3812 2975 3864 καὶ
3002 3813 3030 3862 ὁ
3058 3810 3181 3873 ναὸς
3216 3814 3403 3862 πεσεῖ-·

1822 3918 1936 3965 ται,
1965 3903 2058 3954 καὶ
2090 3900 2159 3953 τὰ
2202 3898 2551 3969 Ἰεροσόλυμα
2608 3895 2892 3958 ἁλώσεται,
2955 3893 3046 3945 καὶ
3079 3893 3259 3946 οὐκέτι
3295 3892 3403 3944 τῶν

1837 3982 2105 4036 Ἰουδαίων
2134 3979 2284 4034 ἔσται
2320 3981 2476 4043 πόλις
2503 3982 2536 4047 ἡ
2569 3980 2739 4042 πόλις,
2791 3976 3042 4046 καθάπερ
3069 3976 3163 4029 καὶ
3203 3975 3401 4044 πρότε-

1827 4081 1935 4135 ρον.
1972 4065 2035 4117 Εἰ
2062 4064 2159 4133 μὲν
2188 4060 2281 4117 οῦν
2315 4062 2583 4132 ἐψεύσατο
2612 4061 2786 4115 πάντα
2806 4061 3009 4123 ἐκεῖνα,
3027 4058 3120 4110 καὶ
3139 4057 3211 4126 μὴ
3242 4056 3400 4111 ἔλαϐε

1824 4147 1994 4212 τέλος,
2049 4147 2266 4199 ἀπίστει
2317 4146 2409 4199 καὶ
2435 4145 2663 4207 τούτοιςο
2700 4146 2748 4196 εί
2792 4142 2848 4195 δέ
2880 4143 3010 4214 ὁρᾷς
3041 4141 3223 4194 ἐκεῖνα
3258 4139 3403 4209 λάμ-

1826 4247 1996 4284 ποντα
2029 4229 2135 4285 ἀπὸ
2158 4229 2255 4299 τῆς
2288 4227 2588 4291 ἐκϐάσεως,
2618 4227 2711 4280 καί⁸
2745 4224 2866 4279 καθ’
2906 4223 3144 4295 ἑκάστην
3192 4223 3403 4293 ἡμέραν

1826 4313 2186 4385 αὐξανόμενα,
2220 4312 2314 4366 καὶ
2327 4310 2445 4366 οὐδὲ
2468 4312 2567 4382 τῆς
2581 4308 2903 4382 Ἐκκλησίας
2927 4308 3090 4362 πύλαι
3123 4307 3248 4379 ᾷδου
3275 4324 3404 4363 κατ·

1830 4399 2072 4466 ίσχυσαν,
2094 4395 2189 4448 καὶ
2212 4395 2349 4466 ὅπερ
2380 4405 2403 4434 ο
2432 4395 2689 4463 ἐποίησεν
2710 4394 2742 4461 ἡ
2762 4392 2899 4463 γυνὴ
2925 4391 3167 4446 λαλεῖται
3202 4407 3403 4443 παντα-

1826 4480 1920 4551 χοῦ
1950 4479 2048 4548 τῆς
2076 4478 2396 4548 οἰκουμένης
2451 4477 2588 4545 μετά
2626 4475 2816 4545 χρόνον
2843 4474 3118 4539 τοσοῦτον,
3141 4473 3189 4525 οἰ
3220 4473 3277 4525 δὲ
3307 4473 3402 4526 ἄν-

1827 4564 2033 4634 θρωποι
2065 4564 2114 4614 οἰ
2171 4560 2556 4621 πιστεύσαντες
2599 4559 2746 4629 αὐτῷ
2796 4559 2889 4610 καὶ
2926 4558 3176 4626 πατέρων
3224 4555 3401 4610 αὐτῶν

1826 4649 1920 4700 καὶ
1949 4643 2222 4715 γυναικῶν
2271 4643 2364 4697 καὶ
2397 4642 2600 4694 τέκνων
2635 4641 2796 4694 αὐτὸν
2833 4640 3227 4711 προετίμησαν·
3256 4639 3408 4702 τίνος

1824 4730 2012 4784 ἕνεκεν
2041 4728 2209 4796 ταύτῃ
2247 4726 2384 4798 μόνῃ
2410 4727 2474 4795 τῇ
2504 4726 2803 4797 προρρήσει
2829 4723 3096 4787 ἀπιστεῖς,
3134 4721 3253 4773 εἰπέ
3286 4739 3399 4791 μοι,

1825 4812 1920 4865 καὶ
1948 4809 2119 4864 ταῦτα
2142 4809 2240 4878 τῆς
2269 4807 2376 4861 ἀπὸ
2412 4806 2505 4860 τοῦ
2541 4807 2732 4877 χρόνου
2785 4806 3090 4877 μαρτυρίας
3118 4806 3403 4874 ἐπιστομι-

1824 4892 2021 4964 ζούσης
2068 4909 2161 4945 σου
2186 4891 2285 4962 τὴν
2307 4889 2717 4960 ἀναισχυντίανς
2775 4885 2838 4941 Εἰ
2888 4888 2985 4957 μὲν
3012 4883 3104 4941 οὖν
3137 4887 3273 4958 μετὰ
3303 4888 3402 4958 τὴν

1825 4978 2024 5032 ἀλωσιν
2046 4975 2177 5028 δέκα
2214 4974 2372 5045 μόνον
2400 4973 2493 5045 ἐτη
2516 4968 2605 5046 ἦν,
2647 4973 2679 5043 ἢ
2707 4971 2900 5037 εἰκοσι,
2955 4972 2988 5041 ἢ
3018 4973 3331 5043 τριάκοντα,
3366 4973 3399 5043 ἢ

1827 5061 2184 5130 πεντήκοντα,
2241 5056 2475 5127 μάλιστα
2531 5057 2629 5127 μέν
2661 5054 2781 5108 οὐδὲ
2829 5054 3002 5117 οὕτως
3030 5055 3197 5125 ἐχρῆν
3252 5056 3403 5109 ἀναι-

1827 5144 2091 5213 σχυντεῖν,
2121 5140 2259 5212 πλὴν
2296 5138 2412 5193 ἀλλ’
2433 5139 2583 5209 ὅμως
2626 5137 2980 5192 ὐπελέλειπτό
3005 5154 3087 5201 τις
3108 5140 3221 5199 τοῖς
3250 5136 3404 5204 φιλο-

1825 5226 2024 5278 νεικεῖν
2052 5222 2396 5293 βουλομένοις
2419 5222 2715 5293 πρόφασιςο
2743 5223 2792 5275 εἰ
2827 5221 2885 5274 δέ
2917 5220 3036 5290 οὐχὶ
3064 5220 3403 5287 πεντήκοντα

1829 5307 2008 5379 μόνον,
2037 5305 2171 5360 ἀλλά
2200 5306 2295 5360 καὶ
2340 5306 2535 5359 ἑκατὸν
2554 5347 2567 5368 ,
2610 5305 2703 5358 καὶ
2734 5303 2815 5365 δὶς
2849 5302 3104 5362 τοσαῦτα,
3141 5302 3233 5356 καὶ
3260 5301 3399 5368 τρὶς,

1825 5392 1920 5443 καὶ
1945 5389 2124 5461 πολλῷ
2158 5389 2378 5443 πλείονα
2432 5386 2709 5460 παρῆλθον
2747 5386 2840 5458 ἐτη
2873 5385 3010 5455 μετὰ
3047 5384 3143 5455 τὴν
3176 5382 3399 5439 ἂλωσιν.

1824 5475 1919 5527 καὶ
1949 5473 2069 5526 οὐδὲ
2107 5475 2250 5541 ῐχνος
2296 5473 2417 5527 οὐδὲ
2452 5472 2582 5526 σκιά
2634 5488 2720 5534 τις
2753 5471 2923 5539 ἐφάνη
2974 5469 3103 5520 ποτέ
3135 5466 3236 5535 τῆς
3269 5465 3400 5539 παρ’

1824 5554 1977 5626 ὐμῶν
2008 5556 2461 5627 προσδοκωμένης
2494 5553 2816 5625 μεταϐολῆς,
2864 5552 3009 5611 τίνος
3058 5550 3242 5604 ἕνεκεν
3277 5549 3400 5620 εἰκῆ

1825 5641 1917 5692 καὶ
1947 5640 2124 5710 μάτην
2152 5640 2557 5709 ἀναισχυντεῖς;

1889 5804 2134 5867 εῖΑΙίίιυοι
2160 5817 2274 5853 mss.
2299 5804 2589 5868 κατίσχυσαν
2611 5804 2677 5852 ιτι
2694 5819 2746 5851 τι
2768 5804 2845 5851 καί
2864 5803 2906 5853 ὅ.
