3866 6226
146 333 255 390 889

217 443 270 494 4.
307 437 391 492 Es:
427 432 680 506 prapltetis
707 415 947 501 probatu}:
967 425 1204 495 templum
1235 439 1334 476 non
1363 416 1726 475 restituendum

151 529 514 589 esse—llaec
553 525 684 581 satis
725 531 877 579 erant
920 521 986 574 ad
1027 513 1496 573 demonstrandum
1545 508 1726 572 vobis,

153 638 440 694 numquam
471 619 584 674 fore
601 625 662 672 ut
682 614 933 683 templum
960 611 1287 666 restituatur.
1310 606 1501 656 Verum
1523 600 1734 670 quando

152 717 354 772 veritas
381 711 560 768 multis
583 706 754 763 modis
777 697 1060 760 exuberat.
1093 697 1268 752 missis
1307 691 1606 762 Evangeliis
1626 729 1640 752 ,
1669 687 1736 742 ad

155 807 448 880 prophetas
471 816 556 857 me
581 808 758 861 verto,
791 795 981 866 quibus
1005 790 1233 845 maxime
1265 785 1508 840 videntur
1534 780 1733 836 fidere:

161 912 322 970 atque
353 913 418 952 ex
450 896 533 949 his
580 891 916 964 perspicuum
957 885 1176 947 faciam,
1216 894 1388 950 neque
1434 876 1736 937 civitatem,

161 963 336 1061 neque
353 963 606 1056 templum
624 996 871 1052 umquam
891 976 1108 1048 posthac
1124 967 1526 1026 restituendum.
1545 963 1739 1030 Quam-

163 1098 320 1154 quam
349 1055 482 1135 nihil
511 1085 625 1131 erat
654 1071 782 1127 mihi
821 1082 1044 1124 necesse
1071 1065 1437 1119 demonstrare
1465 1055 1605 1125 quod
1637 1066 1742 1105 non

165 1152 494 1232 restituetur.
535 1168 718 1236 Neque
765 1164 906 1218 enim
953 1174 1124 1223 mem,
1172 1153 1264 1210 sed
1313 1152 1522 1206 illorum
1570 1152 1745 1216 partes

168 1276 323 1323 erant
348 1264 563 1326 docere,
587 1257 727 1330 quod
753 1263 894 1310 esset
924 1247 1328 1306 restituendum.
1350 1244 1478 1298 Nam
1506 1255 1605 1308 ego
1633 1237 1748 1306 qui-

170 1361 293 1413 dem
321 1372 384 1411 ex
415 1354 530 1423 ipso
560 1361 799 1419 tempore
826 1356 1116 1412 congruum
1149 1339 1320 1394 habeo
1354 1331 1712 1390 testimonium
1731 1367 1744 1391 ,

176 1448 306 1503 mihi
349 1437 849 1516 patrocinans:ipsi
887 1443 1093 1498 contra,
1143 1444 1263 1485 cum
1307 1443 1369 1482 es
1415 1425 1530 1493 ipso
1571 1432 1748 1474 rerum

178 1513 374 1593 eventu
391 1533 724 1602 dejiciantur,
747 1542 844 1581 nec
865 1524 1150 1593 quidquam
1173 1534 1381 1583 eorum,
1404 1530 1521 1586 qua:
1547 1513 1747 1571 dicunt,

176 1635 375 1698 queant
395 1623 780 1680 demonstrare,
807 1627 982 1670 tamen
1004 1611 1132 1666 nihil
1151 1608 1291 1664 aliud
1313 1621 1469 1676 quam
1489 1607 1756 1658 ostentant

178 1733 320 1782 sese,
348 1731 469 1771 cum
499 1718 740 1782 oporteat
765 1710 906 1777 ipsos
935 1702 1291 1760 testimonium
1320 1697 1592 1752 exhibere.
1622 1692 1754 1747 Nam

181 1809 274 1864 illa
298 1821 415 1877 quze
445 1805 564 1857 dico
593 1817 657 1856 ex
688 1801 803 1868 ipso
831 1811 1007 1851 rerum
1047 1787 1237 1848 eventu
1261 1789 1427 1843 doceo
1455 1799 1574 1840 esse
1599 1797 1753 1837 vera:

184 1898 388 1953 corruit
416 1896 558 1950 enim
587 1892 795 1956 civitas,
838 1892 1068 1942 nectam
1096 1884 1255 1951 longo
1278 1881 1386 1950 jam
1413 1886 1649 1946 tempore
1674 1873 1758 1927 inn

188 1998 428 2046 staunata
467 1995 579 2052 est;
619 1991 807 2048 contra
852 1994 970 2049 quae
1013 1977 1194 2031 dicunt
1237 1973 1345 2039 isti,
1387 1968 1543 2024 nudis
1586 1965 1760 2020 verbis

187 2085 450 2139 nituntur.
493 2075 649 2145 Atqui
691 2071 955 2127 debebant
1001 2067 1100 2136 ipsi
1145 2063 1376 2126 docere,
1429 2061 1661 2112 futurum
1705 2061 1760 2108 ut

189 2173 376 2228 civitas
403 2182 588 2222 rursus
614 2165 953 2219 instauretur.
983 2151 1419 2224 Quandoquidem
1449 2151 1500 2203 in
1530 2145 1766 2202 forensi-

191 2266 291 2319 bus
316 2263 472 2317 etiam
492 2255 704 2328 judiciis
730 2252 968 2308 videmus
995 2249 1072 2301 sic
1102 2244 1215 2299 ﬁeri
1247 2240 1604 2312 probationes.
1635 2235 1766 2290 Nam

192 2353 401 2423 quaties
428 2351 566 2403 inter
591 2347 728 2400 ullos
751 2343 924 2410 aliqua
948 2338 1132 2394 incidit
1155 2331 1537 2394 controversia,
1561 2337 1614 2384 et
1637 2327 1771 2380 alter

193 2422 559 2514 probationem
589 2437 788 2506 scripto
812 2430 1033 2502 profert,
1057 2426 1246 2482 deinde
1271 2425 1316 2478 is
1339 2422 1593 2476 adversus
1611 2429 1771 2488 quem

197 2508 407 2603 agitur,
459 2527 723 2584 inliciatur
763 2539 825 2579 ea
870 2537 989 2590 qua:
1034 2510 1619 2587 objiciuntur:cogitur
1661 2508 1775 2577 ipse

200 2598 383 2695 postea
414 2629 578 2676 testes
605 2627 660 2673 et
687 2617 820 2670 alias
846 2613 1036 2668 aﬂerre
1060 2607 1423 2680 probationes,
1455 2601 1647 2673 quibus
1674 2598 1775 2652 do—

199 2727 318 2774 ceat
345 2732 449 2770 non
471 2728 589 2769 esse.
606 2725 726 2765 vera
744 2723 860 2778 qua:
877 2705 1074 2772 scripto
1093 2702 1452 2760 continentur,
1473 2708 1576 2747 non
1597 2699 1776 2746 autem

202 2810 251 2864 is
273 2807 360 2877 qui
391 2804 646 2872 scriptum
679 2796 945 2870 produxit.
988 2790 1192 2846 Eodem
1235 2787 1395 2842 modo
1430 2779 1780 2838 conveniebat

204 2912 260 2956 et
302 2900 432 2952 istos
468 2895 554 2948 hic
594 2893 790 2955 facere,
841 2886 1099 2954 nobisque
1145 2883 1196 2935 in
1227 2879 1461 2934 medium
1490 2873 1780 2946 producere

205 2987 538 3060 prophetam,
562 2984 650 3051 qui
672 2977 976 3050 praedixerit
994 2973 1210 3028 cinnino
1234 2970 1485 3029 futurum,
1515 2973 1574 3019 ut
1597 2961 1784 3016 civitas

207 3053 536 3134 restituatur.
555 3072 685 3126 Nam
713 3071 756 3123 si
779 3064 1058 3138 praesentis
1079 3057 1404 3131 captivitatis
1425 3055 1545 3110 ﬁnis
1564 3053 1783 3108 omnino

207 3171 418 3225 futurus
441 3172 603 3228 esset,
631 3174 849 3218 necesse
876 3157 1060 3220 fuisse,
1083 3162 1141 3208 ut
1159 3150 1434 3224 prephcla:
1456 3146 1505 3201 id
1531 3158 1782 3214 praenun-

209 3261 440 3322 tiarent,
487 3255 660 3325 palam
698 3259 780 3305 est
823 3247 1106 3310 omnibus,
1153 3242 1242 3312 qui
1289 3238 1377 3294 vel
1414 3237 1587 3292 obiter
1623 3234 1786 3288 libros

213 3347 551 3420 prOpheticos
594 3341 938 3412 inspexerint.
965 3337 1076 3391 Mos
1101 3335 1244 3389 enim
1268 3339 1383 3387 erat
1407 3327 1548 3399 apud
1575 3324 1788 3380 Judteos

209 3413 384 3503 vetus,
413 3446 470 3492 ut
497 3433 768 3504 propheta:
794 3428 1049 3484 divinitus
1077 3423 1240 3478 afﬂati
1285 3419 1634 3492 praedicerent
1663 3413 1785 3480 illis,

212 3547 332 3602 qua:
357 3528 716 3590 imminerent,
740 3537 834 3578 seu
856 3522 1014 3584 bona,
1047 3533 1140 3572 seu
1163 3513 1319 3569 mala.
1348 3511 1525 3578 Quare
1551 3516 1606 3564 et
1627 3521 1786 3576 quam

215 3601 287 3676 ab
313 3620 466 3676 rem?
500 3619 722 3686 Propter
758 3613 1018 3682 insignem
1060 3608 1272 3661 illorum
1318 3601 1711 3672 improbitatem
1738 3605 1794 3652 et

217 3711 597 3783 impudentiam
623 3726 636 3761 :
659 3705 916 3777 siquidem
947 3700 1086 3756 illico
1114 3696 1496 3754 beneﬁciorum
1524 3691 1617 3746 Dei
1647 3690 1785 3745 obli-

217 3781 574 3860 viscebantur,
599 3812 766 3865 eaque
789 3808 905 3864 qua:
931 3791 1147 3854 licbant,
1170 3785 1502 3842 daemonibus
1519 3781 1792 3836 adscribe-

221 3893 370 3958 baut,
397 3900 454 3944 et
480 3889 617 3943 bona
644 3885 750 3941 illis
779 3881 1123 3952 imputabant.
1158 3877 1330 3932 Etiam
1355 3888 1513 3937 nunc,
1543 3886 1664 3926 cum
1691 3869 1796 3923 illis

219 3981 451 4052 egressis
474 3995 540 4034 ex
563 3977 796 4048 Egypto
823 3988 970 4028 mare
996 3972 1220 4026 scissum
1250 3977 1410 4032 esset,
1441 3965 1648 4033 aliaque
1673 3974 1800 4032 pro-

222 4071 363 4142 digia
402 4070 622 4132 fierent,
663 4065 813 4120 obliti
852 4062 994 4134 quod
1022 4061 1136 4115 btee
1169 4067 1387 4112 auctore
1415 4055 1522 4110 Deo
1545 4067 1796 4124 gereren—

229 4173 333 4227 tur,
370 4162 436 4216 iis
477 4161 566 4230 qui
591 4158 664 4214 dii
703 4171 809 4212 non
837 4161 988 4209 erant
1007 4194 1022 4219 ,
1050 4150 1352 4207 tribuebant
1375 4163 1438 4202 ea
1463 4161 1581 4216 qua:
1606 4143 1803 4198 ﬂebant

225 4254 464 4312 dicentes
499 4248 696 4305 Aaroui
719 4265 733 4302 :
757 4246 865 4301 Fac
903 4245 1043 4299 nobis
1095 4244 1248 4308 deos,
1278 4240 1364 4310 qui
1391 4236 1676 4308 prwcedant
1712 4250 1802 4288 nos

230 4343 423 4418 (Exod.
466 4343 556 4398 52.
604 4343 676 4412 l).
720 4338 966 4395 Jeremite
1010 4349 1220 4407 quoque
1264 4329 1805 4387 dieunt:Sermonem

228 4452 376 4504 quem
408 4434 637 4503 loquutus
676 4447 727 4484 es
759 4428 827 4482 ad
864 4444 954 4481 nos
980 4427 1033 4480 in
1061 4424 1262 4479 nomine
1297 4421 1535 4482 Domini,
1579 4435 1679 4472 non
1715 4433 1806 4469 au-

231 4527 424 4580 diemus
454 4539 517 4578 ex
543 4534 608 4587 te,
627 4522 863 4592 quoniam
889 4519 1129 4590 faciemus
1151 4515 1339 4575 omnia,
1362 4527 1474 4581 qua:
1494 4509 1808 4581 egrediantur

231 4632 294 4670 ea:
320 4632 408 4670 ore
435 4623 603 4668 nostra
619 4627 638 4666 :
657 4621 711 4665 ut
736 4609 1029 4664 adoleamus
1052 4605 1240 4676 regina:
1267 4603 1398 4666 cwli,
1426 4609 1471 4655 et
1497 4599 1704 4653 libemus
1730 4596 1808 4650 illi

232 4707 492 4772 libamina,
515 4702 934 4776 quemadmodum
954 4699 1161 4769 fecimus
1181 4704 1224 4750 et
1245 4711 1356 4757 nos,
1378 4703 1424 4747 et
1444 4701 1610 4762 patres
1631 4689 1807 4753 nostri,

237 4811 283 4854 et
307 4815 448 4870 reges
480 4797 641 4852 nostri
663 4805 710 4849 et
736 4794 986 4864 principes
1005 4789 1162 4844 nostri
1184 4804 1202 4841 :
1222 4796 1267 4841 et
1282 4785 1459 4856 repleti
1473 4799 1643 4837 sumus
1668 4780 1815 4850 pani-

237 4895 345 4955 bus,
375 4901 421 4943 et
451 4888 640 4960 fuimus
656 4885 895 4957 jucundi,
915 4892 963 4936 et
990 4879 1127 4934 mala
1152 4895 1251 4932 non
1279 4877 1493 4929 vidimus
1510 4890 1528 4927 :
1545 4883 1591 4927 et
1617 4881 1814 4942 postea-

236 4996 390 5053 quam
422 4977 702 5033 destitimus
726 4973 926 5028 adolere
949 4972 1136 5042 reginae
1160 4967 1290 5032 creti,
1329 4974 1374 5019 et
1399 4965 1556 5018 libare
1582 4962 1658 5014 illi
1683 4961 1814 5013 liba-

233 5089 410 5137 mina,
452 5069 685 5124 diminuti
713 5081 884 5121 sumus
914 5079 1083 5117 omnes
1127 5076 1250 5126 nos,
1291 5065 1338 5110 et
1377 5054 1549 5126 gladio
1589 5055 1816 5120 fameque

237 5164 512 5230 defecimus
551 5158 682 5230 (λετ.
717 5158 807 5212 44.
847 5155 934 5210 16.
979 5151 1090 5225 18).
1133 5149 1359 5206 Proinde
1387 5161 1454 5201 ne
1480 5143 1604 5214 quid
1631 5156 1816 5198 eorum

238 5271 358 5326 quae
388 5254 782 5320 contingerent,
822 5243 1123 5301 simulacris
1151 5243 1493 5310 imputarent,
1524 5235 1616 5289 sed
1647 5233 1820 5303 potius

238 5323 524 5399 crederent
560 5349 615 5396 et
642 5339 870 5393 ultiones
896 5345 952 5391 et
995 5333 1253 5389 beneficia
1281 5330 1412 5399 ipsis
1440 5343 1469 5381 a
1498 5327 1610 5382 Deo
1657 5323 1820 5395 proti-

239 5434 400 5500 cisci;
446 5432 562 5486 illas
609 5429 821 5501 quidem
859 5427 930 5483 ob
964 5433 1183 5498 peccata
1206 5464 1223 5488 ,
1269 5421 1385 5476 luee
1423 5432 1553 5481 vero
1593 5432 1688 5486 per
1727 5413 1822 5470 Dei

243 5523 646 5595 benignitatem,
679 5519 954 5590 prophetae
983 5515 1238 5571 divinitus
1263 5510 1426 5566 afflati
1468 5504 1826 5578 praedicebant

247 5615 353 5669 illis
381 5623 658 5669 eventura.
687 5611 859 5679 Atque
887 5615 944 5661 ut
967 5605 1166 5662 certius
1190 5605 1356 5669 scias,
1395 5601 1532 5654 hanc
1555 5612 1674 5653 esse
1699 5611 1824 5651 eau-

248 5717 361 5759 sam
406 5700 799 5773 pra-dictionis,
839 5697 960 5754 vide
995 5695 1120 5768 quid
1163 5694 1304 5749 dicat
1342 5689 1707 5749 vocalissimus
1735 5687 1823 5744 illo

1345 301 1706 361 ADVERSUS
1735 297 2040 354 JUD/EOS.
2083 296 2145 350 V.

1832 412 1993 467 lsaias
2040 411 2106 467 ad
2152 409 2404 482 populiuu
2457 410 2731 466 Judaicum
2782 427 2797 465 :
2832 409 2950 464 Scio
2979 409 3117 481 quod
3159 411 3314 464 durus
3345 426 3398 463 es

1836 515 1909 571 tu,
1938 516 1984 559 et
2013 520 2190 560 nervus
2216 508 2406 574 ferreus
2434 505 2601 558 cervix
2643 513 2728 556 tua
2753 500 2900 572 (Isai.
2926 502 3016 557 48.
3039 501 3094 572 4)
3133 516 3158 556 :'
3178 499 3281 556 hoc
3303 511 3408 568 est,

1839 596 2140 651 inﬂexibilis
2165 612 2178 648 :
2203 594 2269 648 Et
2298 598 2438 664 frons
2465 605 2552 648 tua
2576 609 2728 657 terea,
2760 593 2862 647 hoc
2887 601 2967 646 est
2995 591 3296 663 impudens.
3322 590 3414 647 Sic

1839 696 1894 742 et
1910 701 2008 741 nos
2027 685 2335 755 frequenter
2350 684 2585 739 solemus
2600 699 2693 738 eos
2709 684 2796 752 qui
2817 682 3058 738 nesciunt
3076 683 3410 749 erubescere,

1843 787 2263 849 χαλκοπροσώπους
2286 817 2300 840 ,
2351 777 2401 831 id
2432 786 2512 831 est
2533 819 2547 840 ,
2581 792 2772 830 aeream
2804 776 3060 833 habentes
3083 777 3291 843 faciem,
3316 795 3409 849 ap-

1843 870 2062 941 pellare.
2096 868 2162 922 Et
2200 868 2498 921 «renuntiari
2539 868 2624 920 tibi
2669 884 2780 937 qua:
2810 875 3016 922 ventura
3057 877 3200 921 erant
3241 868 3292 920 in
3333 880 3402 932 te,

1848 963 2139 1033 priusquam
2163 961 2337 1029 fierent
2359 974 2379 1014 :
2403 969 2447 1012 et
2473 976 2534 1013 ea
2573 969 2620 1013 te
2647 960 2823 1014 audire
2851 963 2966 1031 fect.
2999 960 3204 1015 Deinde
3227 960 3420 1029 prardi-

1847 1054 2039 1107 ctionis
2061 1065 2274 1107 causam
2314 1051 2594 1106 enuntians
2611 1091 2625 1116 ,
2656 1049 2863 1120 subjicit
2887 1067 2900 1104 :
2930 1049 3012 1104 Ne
3034 1050 3235 1121 quando
3258 1051 3420 1115 dicas,

1848 1145 1988 1197 idola
2007 1143 2131 1196 mihi
2151 1143 2394 1212 fecerunt,
2423 1151 2469 1196 et
2494 1141 2756 1210 sculptilia
2777 1142 3147 1212 conﬂatiliaque
3169 1157 3416 1212 praecepe-

1850 1244 1966 1287 runt
1996 1234 2138 1286 mihi.
2169 1236 2246 1288 Ac
2276 1248 2491 1298 rursus,
2520 1233 2772 1302 quoniam
2809 1233 3109 1300 pcrvicaces
3133 1232 3344 1301 quidam
3377 1242 3432 1287 et

1853 1323 1976 1378 elati
2006 1332 2125 1392 post
2155 1330 2404 1378 eventum
2433 1321 2508 1376 rei
2532 1322 2867 1390 impudenter
2887 1322 3134 1391 agebant,
3152 1321 3301 1392 quasi
3324 1337 3430 1375 non

1855 1413 2002 1483 prius
2028 1413 2299 1466 audissent
2322 1429 2334 1465 :
2360 1412 2632 1481 propheta:
2661 1428 2762 1466 non
2786 1412 2956 1466 Solum
2982 1411 3154 1466 futura
3179 1412 3434 1482 priedice-

1857 1507 2024 1568 bant,
2058 1520 2246 1558 verum
2275 1504 2437 1558 etiam
2483 1512 2646 1558 testes
2688 1503 3009 1558 adhibebant
3045 1517 3229 1558 corum
3253 1542 3270 1572 ,
3316 1517 3435 1570 qua:

1857 1596 2194 1665 gerebantur.
2239 1594 2325 1649 Sic
2361 1596 2502 1650 enim
2531 1610 2714 1648 rursus
2757 1593 2985 1663 loquitur
3031 1593 3170 1648 idem
3220 1593 3381 1648 Isaias
3414 1611 3434 1648 :

1861 1684 1943 1738 Da
1969 1685 2092 1737 milii
2120 1693 2266 1738 testes
2299 1685 2432 1738 uiros
2471 1683 2614 1738 bona:
2657 1684 2806 1752 fidei,
2855 1683 3032 1738 Uriam
3059 1694 3105 1738 et
3131 1685 3439 1739 Zachariam

1863 1775 2025 1844 ﬁlium
2072 1774 2338 1829 Barachia:
2381 1774 2686 1830 sacerdotem
2739 1772 2867 1846 (Id.
2916 1774 2968 1827 8.
3018 1773 3119 1844 ‘2).
3176 1774 3284 1829 Nec
3337 1775 3438 1830 hoc

1863 1875 2180 1933 contentus,
2233 1867 2283 1920 in
2332 1881 2472 1921 novo
2516 1865 2780 1921 volumine
2830 1865 3147 1934 descriptam
3197 1865 3444 1936 deposuit

1867 1959 2219 2028 prophetiam,
2243 1967 2298 2011 ut
2321 1967 2440 2027 post
2463 1967 2709 2013 eventum
2741 1959 2868 2027 ipsa:
2894 1957 3062 2012 literae
3089 1967 3271 2012 contra
3301 1959 3446 2027 ipsos

1867 2049 2081 2105 Iudaeos
2130 2049 2491 2104 testimonium
2545 2048 2768 2113 ferrent,
2820 2048 2961 2117 quod
3016 2047 3197 2102 afflatu
3245 2050 3446 2104 c.i-lcsti

1869 2141 2037 2195 multo
2065 2147 2188 2194 ante
2227 2148 2468 2208 tempore
2512 2138 2699 2193 fuisset
2738 2139 2842 2194 illis
2881 2138 3216 2209 praedictum.
3264 2140 3450 2209 quue

1870 2244 1976 2285 non
2002 2229 2173 2284 solum
2202 2230 2416 2298 scripsit
2445 2229 2552 2284 illis
2583 2229 2635 2282 in
2667 2229 2959 2295 volumine,
2991 2228 3086 2284 sed
3111 2229 3163 2284 in
3194 2245 3331 2284 novo
3358 2247 3451 2282 vo-

1873 2321 2094 2387 lumine,
2123 2335 2228 2389 quo
2266 2328 2447 2388 posset
2491 2321 2544 2373 in
2585 2320 2808 2374 multum
2841 2320 3033 2374 durare
3077 2329 3321 2389 tempus,
3355 2335 3454 2375 nec

1875 2409 2028 2464 facile
2049 2409 2341 2477 corrumpi,
2373 2409 2466 2464 sed
2491 2419 2805 2478 exspectare
2831 2419 3077 2464 eventum
3107 2425 3308 2476 rerum,
3337 2426 3457 2478 qua:

1877 2500 1948 2554 ibi
1976 2499 2406 2554 continebantur.
2426 2501 2585 2554 Certe
2614 2515 2797 2555 verum
2825 2516 2944 2556 esse
2971 2502 3112 2571 quod
3138 2503 3278 2568 dico,
3305 2503 3455 2557 vidc-

1878 2590 2001 2646 licet
2023 2591 2187 2645 Deum
2213 2591 2318 2645 illis
2344 2592 2524 2646 omnia
2550 2602 2769 2646 ventura
2794 2593 3124 2661 prtedixisse,
3145 2609 3249 2648 non
3275 2610 3343 2647 ex
3374 2594 3462 2652 his

1881 2691 2083 2735 tantum
2105 2722 2119 2747 ,
2165 2697 2346 2736 verum
2377 2691 2432 2737 et
2459 2697 2525 2736 ex
2554 2683 2681 2751 ipsis
2728 2698 2845 2752 qum
2876 2683 2980 2737 illis
3007 2684 3316 2740 acciderunt
3347 2693 3461 2741 tum

1880 2773 2040 2836 bona,
2073 2785 2182 2828 tum
2213 2774 2374 2840 mala,
2404 2773 2802 2828 demonstrabo.

1951 2864 2005 2919 5.
2035 2863 2154 2917 Tres
2177 2865 2477 2918 Judteorum
2499 2864 2774 2918 servitutes.
2795 2865 3010 2920 —Tres
3035 2867 3319 2922 servitutes
3342 2883 3462 2938 gra-

1882 2953 2134 3009 vissimas
2153 2954 2479 3023 pertulerunt
2502 2954 2692 3020 Judaei,
2715 2971 2784 3023 qu
2804 2971 2937 3010 trum
2966 2957 3162 3010 nullam
3191 2957 3330 3012 Deus
3355 2959 3467 3016 illis.

1884 3043 2105 3114 ingessit
2133 3057 2235 3097 non
2264 3043 2587 3113 praedictam,
2617 3045 2711 3100 sed
2739 3060 3161 3116 unamquamque
3190 3049 3294 3103 illis
3327 3065 3466 3118 [Wilf-

1887 3136 2162 3192 dicendam
2190 3136 2410 3202 curavit,
2438 3146 2490 3191 et
2520 3136 2715 3203 locum,
2745 3147 2799 3191 ct
2825 3145 3052 3206 tempus,
3081 3146 3133 3192 et
3163 3153 3465 3206 personam,

1887 3237 1942 3282 et
1983 3227 2285 3282 afﬂictionis
2321 3226 2554 3296 speciem
2582 3267 2597 3291 ,
2639 3236 2693 3282 et
2740 3227 2990 3291 reditum,
3033 3227 3238 3297 aliaque
3279 3239 3469 3283 cuncta

1889 3335 2094 3376 summa
2133 3335 2254 3375 cum
2297 3320 2570 3390 diligentia
2612 3320 2998 3389 praenuncians.
3036 3319 3115 3374 Ac
3155 3319 3325 3388 primo
3353 3320 3472 3375 loco

1891 3412 2286 3482 praedictionem
2313 3411 2537 3467 referam
2562 3411 2628 3466 de
2649 3411 2949 3478 captivitate
2975 3412 3026 3464 in
3055 3411 3306 3482 Aigypto.
3333 3412 3477 3467 Deus

1891 3504 2116 3573 loquens
2143 3503 2210 3558 ad
2237 3502 2502 3559 Abraham
2531 3503 2613 3558 his
2641 3503 2818 3558 verbis
2846 3503 3011 3557 utitur
3043 3520 3056 3555 :
3097 3501 3275 3557 Sciens
3312 3503 3473 3568 scias,

1893 3596 2026 3666 quod
2053 3612 2216 3649 semen
2242 3604 2382 3648 tuum
2407 3595 2723 3664 peregrinum
2742 3594 2833 3648 erit
2853 3595 2904 3646 in
2931 3603 3063 3647 terra
3091 3610 3190 3648 non
3211 3610 3321 3656 sua,
3351 3601 3398 3647 et
3421 3593 3477 3646 in

1895 3687 2180 3741 servitutem
2208 3686 2435 3756 redigent
2463 3695 2512 3739 et
2544 3687 2759 3756 afﬂigent
2794 3686 2923 3739 illud
2959 3687 3106 3739 annis
3133 3686 3477 3756 quadringen-

1898 3778 1980 3832 tis.
2013 3775 2221 3831 Gentem
2247 3791 2412 3832 autem
2431 3817 2446 3844 ,
2474 3778 2765 3846 cuicumque
2785 3777 3062 3842 servierint,
3094 3793 3184 3847 ego
3200 3777 3474 3846 judicabo,

1899 3867 2020 3920 dicit
2059 3865 2326 3921 Dominus.
2379 3866 2573 3932 Quarta
2606 3877 2773 3920 autent
2818 3867 3139 3936 generatione
3171 3876 3480 3922 revertentur

1902 3960 1996 4012 huc
2023 3974 2139 4012 cum
2162 3965 2414 4026 apparatu
2436 3957 2639 4027 copioso
2669 3956 2819 4028 (Gen.
2855 3957 2941 4012 l5.
2975 3958 3141 4011 15-16
3165 3958 3205 4026 ).
3241 3957 3399 4012 Vides
3423 3967 3484 4013 ut

1904 4059 1958 4105 et
2009 4064 2287 4104 numerum
2338 4063 2598 4103 annorum
2649 4048 3012 4116 expresserit,
3060 4048 3478 4117 quadringentos

1904 4155 2070 4196 annos
2093 4147 2147 4194 et
2179 4139 2446 4193 servitutis
2480 4137 2729 4204 modum,
2759 4153 2878 4192 cum
2917 4153 3024 4191 non
3063 4138 3376 4207 simpliciter
3401 4139 3485 4192 in-

1906 4232 2052 4301 quit,
2091 4231 2144 4283 in
2173 4230 2454 4284 servitutem
2492 4228 2736 4297 redigant,
2765 4227 2858 4283 sed
2884 4227 3048 4292 addit,
3079 4227 3315 4298 affligant.
3346 4229 3486 4284 Audi

1906 4320 2172 4390 quomodo
2200 4320 2370 4374 Moses
2397 4320 2550 4389 paulo
2575 4329 2694 4388 post
2720 4328 2948 4386 exponat
2971 4318 3310 4373 afﬂictiouem
3339 4337 3351 4372 :
3380 4317 3493 4373 Pa-

1910 4413 2020 4478 lem,
2051 4411 2238 4480 inquit,
2269 4427 2369 4463 non
2398 4409 2581 4463 dantur
2609 4409 2811 4479 fontalis
2840 4409 2957 4474 tuis,
2985 4417 3032 4461 et
3047 4407 3225 4476 jubent
3251 4424 3340 4462 nos
3367 4409 3492 4462 late-

1910 4520 1988 4557 res
2018 4507 2180 4572 facere
2210 4501 2229 4573 (
2246 4499 2410 4555 Exod.
2443 4501 2500 4556 5.
2533 4501 2638 4568 lli)
2666 4518 2679 4554 :
2706 4508 2759 4552 ct
2787 4499 2964 4568 ﬂagris
2991 4499 3334 4554 caedebantur
3353 4515 3491 4568 quo-

1915 4595 2038 4648 tidie
2063 4635 2076 4659 ,
2110 4602 2165 4646 ut
2195 4592 2458 4660 intelligas
2503 4590 2625 4660 quid
2656 4589 2755 4643 sibi
2785 4589 2945 4654 velit,
2975 4590 3030 4642 in
3056 4590 3342 4643 servitutem
3369 4590 3492 4643 red-

1913 4684 2049 4754 igent
2072 4693 2120 4736 et
2144 4683 2382 4754 aﬂligent.
2414 4679 2622 4733 Gentem
2653 4687 2840 4744 autent,
2869 4679 3056 4745 inquit,
3085 4680 3168 4732 cui
3199 4679 3491 4745 servierint,

1915 4793 2004 4848 ego
2021 4774 2262 4846 judicobo
2290 4771 2456 4843 (Gen.
2489 4772 2574 4826 l5.
2611 4769 2715 4841 1ι1)
2751 4789 2763 4823 :
2793 4769 3096 4840 significans
3122 4769 3497 4840 JEgyptioruut

1917 4863 2338 4920 submersionem
2377 4861 2429 4915 in
2471 4859 2604 4914 mari
2643 4859 2856 4924 Rubro,
2887 4873 3044 4929 quam
3071 4858 3123 4913 in
3151 4860 3374 4914 canticis
3401 4859 3498 4914 den

1919 4955 2156 5009 scribens
2184 4952 2356 5007 Moses
2375 4950 2452 5006 sic
2466 4949 2698 5019 loquitur
2723 4965 2738 5001 :
2772 4947 2970 5018 Equum
2989 4959 3034 5002 et
3058 4965 3372 5003 ascensorem
3393 4950 3504 5018 ejus

1921 5047 2129 5118 proiecit
2165 5045 2218 5098 in
2258 5059 2394 5097 mare
2417 5039 2729 5115 (ExodJS.
2761 5040 2854 5108 1).
2903 5039 3024 5094 Mox
3055 5048 3109 5094 et
3143 5039 3344 5094 reditus
3385 5054 3502 5091 mo-

1921 5139 2047 5194 dum
2069 5178 2084 5204 ,
2121 5136 2262 5207 quod
2294 5144 2473 5191 essent
2510 5133 2733 5188 redituri
2773 5146 2894 5186 eum
2938 5132 3104 5186 multa
3145 5131 3498 5201 supellectile.

1925 5230 2140 5294 Sumite,
2175 5227 2363 5298 inquit,
2389 5224 2703 5280 commodata
2729 5241 2761 5278 a
2783 5239 2877 5277 sua
2899 5238 3106 5294 quaque
3130 5223 3292 5275 vicina
3315 5231 3363 5274 et
3387 5237 3509 5274 con-

1872 5383 1877 5387 .
1923 5317 2172 5374 tubernali
2210 5332 2329 5372 vasa
2363 5331 2517 5370 aurea
2552 5323 2601 5368 et
2638 5324 2876 5384 argentea
2930 5310 3056 5383 (Id.
3103 5312 3158 5365 3.
3200 5308 3316 5380 22).
3365 5310 3510 5376 Quo-

1925 5410 2068 5465 niam
2095 5407 2239 5464 enim
2264 5407 2423 5476 longo
2452 5413 2690 5473 tempore
2717 5401 3049 5466 servierant,
3079 5414 3178 5454 nec
3203 5398 3506 5453 mercedem

1927 5505 2242 5568 receperant
2262 5498 2298 5567 ,'_
2301 5497 2443 5551 Deus
2465 5493 2642 5550 effecit
2662 5501 2720 5548 ut
2747 5491 3090 5552 inscientibus
3117 5504 3181 5544 ac
3207 5489 3510 5544 nolentibus

1930 5592 2092 5648 etiam
2125 5598 2404 5660 peterent,
2444 5587 2745 5657 clamatque
2769 5583 3027 5655 propinata
3056 5582 3240 5638 dicens
3269 5599 3285 5636 :
3316 5580 3512 5637 Eduxit

1931 5701 2014 5744 eos
2037 5699 2149 5739 cunt
2176 5690 2381 5755 argenta
2407 5689 2453 5736 et
2473 5696 2615 5748 auro,
2646 5695 2735 5733 nec
2759 5685 2864 5733 erat
2893 5677 2944 5730 in
2971 5674 3196 5730 tribubus
3222 5691 3396 5735 eorum
3422 5676 3514 5740 in:
