3866 6226
384 279 482 335 891
1128 277 1188 334 8.
1224 272 1507 334 ΙΟΑΝΝΙΞ
1540 264 1968 326 CllllYSOSTON

2077 262 2366 321 tltCﬂlEP.
2407 268 2947 328 CONS'I'AN’I'INOP.

377 404 564 470 ﬁrmus
588 395 611 470 (
632 395 774 452 Psiil.
805 395 928 452 104.
954 394 1021 449 '67
1042 392 1086 467 ).
1113 391 1238 448 lima
1257 382 1337 446 est
1360 384 1462 444 una
1490 389 1721 444 servitus
1743 382 1968 442 exactis-

382 493 517 544 sime
552 488 830 560 pradicta.
851 489 963 557 Age
996 492 1136 541 nunc
1159 493 1213 539 et
1248 483 1314 537 ad
1352 482 1573 537 alteram
1612 479 1970 548 captivitatem

382 588 656 633 vertamus
677 591 1000 642 sermonem,
1017 589 1174 644 quam
1200 573 1434 642 perpessi
1456 580 1579 626 sunt
1602 571 1654 624 in
1680 570 1967 640 Babylone.

385 668 516 721 Nam
540 676 597 723 et
626 667 764 722 hanc
790 674 1036 721 accurate
1072 665 1393 733 praedixerat
1428 660 1687 717 Jeretnias
1714 700 1729 725 ,
1773 660 1845 714 ita
1888 660 1969 712 Ιο-

383 773 554 824 quens
584 776 598 811 :
630 756 720 811 Sic
745 756 817 808 ait
847 755 1097 809 Dominus
1124 769 1142 807 :
1180 762 1445 823 postquam
1470 751 1666 819 impleti
1702 750 1890 819 fuerint
1916 749 1969 802 in

383 848 644 919 Babylone
667 848 982 917 septuaginta
1011 847 1134 899 anni
1151 886 1166 909 ,
1193 832 1400 899 visitabo
1429 859 1536 909 vos,
1568 853 1615 896 et
1641 857 1824 913 ponam
1850 858 1970 911 erga

382 957 466 993 vos
493 939 639 993 verba
667 956 777 993 mea
804 939 950 1003 bona,
980 948 1035 991 ut
1060 937 1278 990 redeatis
1306 936 1361 989 in
1388 934 1553 988 locum
1564 933 1712 986 ~ltunc
1740 931 1967 1002 (Jerem.

382 1028 594 1101 29.10)
626 1047 641 1083 :
671 1039 718 1083 et
743 1039 1025 1082 convertam
1051 1027 1385 1096 captivitatem
1410 1034 1623 1079 uestram
1643 1064 1659 1089 ,
1687 1033 1734 1076 et
1756 1037 1969 1093 congre-

384 1121 512 1190 gabo
539 1134 627 1174 cos
648 1134 711 1173 ea:
734 1119 964 1173 omnibus
986 1116 1234 1187 gentibus,
1256 1125 1304 1169 et
1328 1131 1392 1168 ex
1412 1113 1602 1168 cunctis
1624 1113 1747 1167 locis
1770 1114 1823 1165 in
1845 1128 1970 1182 quos

384 1213 598 1282 dispersi
626 1226 712 1265 vos
733 1251 747 1274 ,
769 1210 891 1265 dicit
918 1208 1169 1263 Dominus
1193 1248 1208 1275 ,
1240 1215 1287 1262 et
1308 1213 1593 1261 convertam
1616 1220 1701 1258 eos
1727 1204 1778 1258 in
1804 1204 1971 1258 locum

383 1303 519 1357 unde
542 1319 628 1357 eos
649 1303 929 1372 demigrare
952 1301 1048 1370 feci
1073 1299 1246 1370 (Ibid.
1278 1319 1333 1356 υ.
1359 1298 1485 1368 14).
1514 1297 1674 1353 Vides
1702 1307 1755 1351 ut
1784 1311 1968 1351 rursus

385 1393 474 1448 hic
499 1402 554 1448 et
576 1393 846 1448 civitatem
869 1391 1213 1460 expresserit,
1232 1400 1286 1445 et
1303 1404 1562 1444 annormn
1591 1403 1892 1448 numerum,
1915 1396 1971 1441 et

387 1483 528 1539 unde
556 1492 612 1538 et
637 1497 743 1553 quo
778 1491 923 1536 esset
962 1481 1079 1535 illos
1122 1479 1585 1551 congregaturus?
1625 1478 1750 1533 Ideo
1782 1477 1968 1531 Daniel

388 1588 493 1631 non
517 1572 664 1642 prius
692 1586 852 1640 super
880 1571 963 1624 bis
987 1572 1193 1640 rogavit
1223 1571 1535 1633 Dominum,
1563 1582 1721 1638 quam
1748 1568 1971 1623 vidisset

383 1678 526 1717 anno
545 1662 875 1731 septuaginta
901 1660 1215 1729 completos.
1243 1660 1374 1727 Quis
1397 1660 1510 1714 haec
1534 1659 1703 1714 dicit?
1727 1658 1841 1728 Ipse
1870 1659 1968 1712 Da-

386 1756 490 1811 niel
520 1756 590 1809 ita
620 1755 843 1824 loquens
868 1771 882 1805 :
914 1751 983 1806 Et
1003 1769 1096 1825 ego
1123 1752 1304 1807 Daniel
1330 1753 1574 1823 faciebam
1601 1767 1754 1820 opera
1782 1751 1965 1820 Regis,

385 1856 430 1899 et
464 1845 755 1900 admirabar
780 1845 1021 1899 uisionem
1040 1886 1059 1910 ,
1091 1860 1180 1898 nec
1216 1854 1322 1898 erat
1354 1844 1437 1914 qui
1466 1843 1764 1911 intelligeret
1793 1840 1965 1914 (Dan.

385 1940 438 1994 8.
464 1938 569 2008 27)
601 1955 615 1992 :
648 1949 693 1992 et
716 1938 940 1991 intellexi
964 1937 1017 1991 in
1046 1937 1185 1990 libris
1210 1952 1470 1990 numerum
1495 1951 1766 1998 annorum,
1790 1945 1844 1988 ut
1872 1934 1970 2005 fuit

385 2044 549 2083 sermo
567 2027 775 2081 Domini
801 2028 870 2081 ad
892 2026 1168 2082 Jeremiam
1191 2028 1485 2097 prophetam
1502 2069 1515 2091 ,
1545 2027 1614 2080 ad
1637 2027 1969 2097 expletionem

385 2118 711 2174 desolationis
746 2117 1075 2189 Jerosolynue
1110 2118 1231 2171 anni
1265 2118 1582 2188 septuaginta
1607 2133 1628 2172 :
1654 2126 1701 2171 et
1735 2118 1852 2172 dedi
1889 2121 1969 2188 fa-

384 2211 511 2264 ciem
529 2209 597 2263 ad
621 2208 894 2263 Dominum
913 2207 1078 2262 Deum
1104 2224 1290 2273 meum,
1319 2218 1371 2262 ut
1393 2209 1701 2278 exquirerem
1723 2209 1970 2278 precatio-

385 2316 499 2354 nem
524 2309 569 2354 et
595 2298 983 2353 obsecrationem
1004 2299 1057 2351 in
1072 2299 1274 2368 jejunio
1293 2339 1309 2365 ,
1330 2313 1474 2352 sacco
1493 2339 1508 2364 ,
1537 2307 1582 2350 et
1606 2298 1773 2352 cinere
1793 2296 1811 2370 (
1832 2295 1964 2352 Ibid.

385 2393 439 2447 9.
464 2392 519 2447 2.
544 2394 578 2448 3
600 2392 645 2461 ).
674 2393 878 2448 Audisti
904 2391 1350 2464 quemadmodum
1371 2391 1486 2446 haec
1506 2405 1720 2461 quoque
1742 2390 1966 2461 captivi-

386 2495 465 2539 tas
486 2484 736 2554 praedicta
761 2483 935 2550 fuerit,
957 2493 1011 2539 et
1023 2483 1279 2554 propheta
1298 2497 1403 2537 non
1425 2495 1587 2536 ausus
1604 2481 1760 2536 fuerit
1782 2495 1966 2549 preces

381 2585 441 2629 et
480 2574 919 2645 supplicationem
959 2575 1246 2628 admovere
1280 2573 1391 2627 Deo
1427 2579 1551 2626 ante
1593 2580 1802 2640 tempus
1827 2586 1967 2639 pra:-

384 2666 609 2731 linitum,
636 2681 701 2721 ne
726 2664 917 2720 frustra
941 2674 1249 2734 temereque
1272 2663 1551 2727 accedens,
1575 2660 1802 2727 audiret,
1826 2660 1966 2730 quod

384 2758 588 2812 audivit
613 2756 876 2812 Jeremias
907 2774 920 2810 :
952 2755 1037 2811 Ne
1063 2757 1314 2827 rogaveris
1335 2772 1428 2824 pro
1452 2755 1642 2825 populo
1667 2755 1783 2819 ltoc,
1806 2768 1969 2824 neque

384 2846 652 2919 postularis
679 2863 771 2916 pro
797 2846 898 2900 illis
929 2862 949 2901 :
974 2847 1210 2917 quoniam
1238 2861 1339 2898 non
1369 2845 1637 2899 exaudiam
1664 2853 1711 2898 te
1735 2842 1966 2911 (Jercm.

383 2940 473 2996 14.
501 2941 587 2995 11.
618 2937 732 3008 12).
753 2938 948 2994 Verum
974 2938 1064 2993 ubi
1096 2937 1227 2992 vidit
1246 2938 1550 2992 vaticinium
1579 2951 1701 2991 esse
1725 2936 1965 3004 comple-

382 3042 493 3085 tum
514 3072 530 3098 ,
557 3031 822 3099 simulque
853 3038 1058 3098 tempus
1079 3043 1269 3083 vocare
1295 3028 1360 3080 ad
1390 3026 1640 3089 reditum,
1672 3032 1797 3080 tunc
1822 3031 1963 3089 orat,

384 3134 485 3177 nec
520 3121 869 3192 simpliciter,
904 3119 997 3173 sed
1037 3117 1089 3172 in
1121 3117 1359 3187 jejunio,
1397 3129 1554 3170 sacco
1581 3122 1637 3170 et
1662 3115 1844 3170 cinere
1871 3131 1884 3167 :
1914 3123 1965 3167 et

382 3211 522 3282 quod
559 3211 611 3265 in
636 3212 907 3265 hominum
930 3210 1169 3265 moribus
1195 3208 1411 3263 evenire
1436 3208 1592 3272 solet,
1615 3206 1668 3261 id
1697 3205 1824 3261 iecit
1842 3220 1965 3272 erga

383 3303 572 3356 Deum.
606 3300 712 3355 Nos
736 3300 877 3355 enim
914 3315 1034 3355 cum
1056 3299 1296 3353 videmus
1329 3299 1536 3366 aliquos
1557 3337 1573 3362 ,
1618 3297 1707 3367 qui
1742 3294 1969 3351 famulos

384 3403 502 3461 pom
533 3392 693 3445 multa
732 3391 1017 3461 gravisque
1053 3389 1335 3444 conuuissa
1378 3387 1722 3457 conjeccrunt
1757 3386 1809 3441 in
1849 3388 1967 3440 vin-

384 3482 524 3548 eula,
553 3496 657 3535 non
688 3480 931 3549 protinus
959 3480 1013 3533 in
1038 3479 1302 3550 principio
1327 3478 1653 3547 esordioque
1679 3478 1969 3547 punitionis

383 3572 731 3625 admovemus
754 3569 1197 3639 supplicationem
1229 3585 1243 3622 :
1276 3568 1367 3624 sed
1396 3569 1485 3623 ubi
1510 3569 1823 3624 seiverimus
1847 3567 1970 3624 illos

384 3662 586 3731 aliquot
623 3659 741 3714 dics
778 3659 1182 3728 temperatiores
1208 3672 1329 3713 esse
1368 3657 1567 3724 factos,
1596 3666 1723 3712 tunc
1758 3657 1969 3713 adimus

387 3752 549 3805 heros
572 3791 588 3816 ,
630 3749 767 3803 nacti
802 3750 912 3818 jam
951 3758 1003 3803 et
1040 3749 1107 3803 ab
1135 3750 1250 3818 ipso
1282 3759 1518 3820 tempore
1554 3748 1828 3803 auxilium.
1856 3748 1969 3804 Hoc

387 3857 516 3896 sane
549 3850 606 3896 et
646 3839 899 3909 propheta
932 3840 1076 3895 fecit.
1110 3840 1396 3911 Postquam
1424 3841 1564 3896 enim
1596 3856 1777 3912 pcenas
1802 3841 1967 3896 dede-

386 3943 539 3999 rant,
570 3932 972 4002 haudquaquam
1000 3932 1189 4003 dignas
1220 3933 1468 3988 admissis
1493 3973 1509 4000 ,
1536 3915 1770 3987 attamen
1802 3933 1967 3988 dede—

388 4035 541 4088 rant;
572 4026 675 4096 iam
701 4024 811 4079 adit
840 4025 1143 4095 Deum,pro
1168 4023 1272 4078 illis
1286 4024 1445 4080 verba
1475 4023 1729 4079 facturus.
1757 4025 1905 4090 Quod
1923 4023 1968 4078 si

386 4117 616 4181 videtur,
649 4116 816 4185 ipsam
858 4116 1016 4168 etiam
1056 4114 1483 4184 deprecationem
1512 4114 1806 4169 audiamus.
1836 4112 1969 4169 Con-

389 4212 551 4278 fessus
586 4223 697 4260 sum
729 4210 891 4265 enim,
924 4206 1111 4274 inquit,
1140 4216 1185 4259 et
1219 4206 1346 4267 dixi,
1388 4205 1602 4260 Domine
1624 4205 1762 4260 Deus
1791 4224 1970 4277 magne

387 4310 436 4354 et
460 4297 790 4359 admirabilis,
821 4297 904 4366 qui
929 4311 1095 4351 seruas
1122 4311 1321 4366 pactum
1343 4304 1484 4349 tuum
1509 4307 1553 4350 et
1575 4299 1970 4351 misericordiam

388 4399 528 4442 tuam
548 4389 640 4450 iis,
672 4388 756 4457 qui
782 4396 831 4441 te
849 4386 1083 4457 diligunt,
1109 4397 1153 4440 et
1182 4397 1378 4440 servant
1400 4398 1648 4457 praecepta
1673 4398 1760 4441 tua
1791 4389 1809 4457 (
1832 4388 1966 4444 Dan.

389 4478 442 4532 9.
476 4478 510 4533 ι
536 4477 578 4548 ).
607 4476 742 4543 Quid
774 4476 923 4543 facis,
953 4492 987 4529 o
1016 4474 1241 4530 Daniel?
1270 4476 1373 4530 Pro
1402 4476 1705 4531 hominibus
1731 4480 1818 4548 qui
1849 4493 1968 4547 pec-

385 4577 568 4623 carunt
597 4576 653 4623 et
677 4567 1013 4623 oll'enderuut
1038 4567 1371 4622 intereedens
1389 4607 1403 4633 ,
1429 4582 1612 4623 eorum
1643 4569 1967 4624 mentionem

387 4658 521 4714 facis
543 4660 631 4728 qui
660 4658 806 4727 leges
828 4658 968 4712 illius
993 4657 1379 4712 servaverunt?
1409 4657 1619 4727 Ergone
1643 4659 1784 4729 digni
1818 4661 1968 4714 vcuia

385 4760 511 4806 sunt
535 4750 627 4818 qui
658 4761 915 4820 prateepta
941 4751 1084 4805 illius
1103 4751 1339 4805 violant?
1367 4751 1481 4806 Non
1511 4752 1579 4806 ob
1601 4753 1730 4807 istos
1752 4754 1864 4807 haec
1887 4754 1968 4807 lo-

385 4856 552 4911 quor,
581 4841 781 4909 inquit,
811 4841 904 4896 sed
933 4842 1004 4897 ob
1033 4841 1221 4896 horum
1265 4843 1661 4910 progenitores,
1698 4845 1768 4898 oh
1802 4847 1969 4897 Abra-

382 4931 530 4995 ham,
555 4918 624 4985 ob
650 4931 810 4996 Isaac,
835 4933 910 4992 .ob
934 4932 1115 4987 Jacob.
1145 4932 1255 4986 Illis
1283 4934 1547 5000 promisit,
1574 4932 1678 4987 illis
1709 4935 1968 5003 pollicitus

381 5029 462 5077 est
488 5021 647 5083 Deus,
669 5023 754 5089 ιιιιί
776 5033 1037 5092 praecepta
1058 5023 1200 5077 illius
1219 5034 1579 5079 servaverunt.
1599 5025 1855 5089 Quoniam
1877 5027 1971 5091 igi-

378 5123 459 5166 tur
484 5110 537 5166 bi
556 5113 698 5167 nullo
715 5112 839 5183 jure
858 5120 1081 5183 possunt
1096 5121 1276 5182 petere
1292 5114 1537 5181 salutem,
1556 5115 1754 5170 idcirco
1781 5133 1970 5187 proge-

380 5203 614 5256 nitorum
646 5204 968 5260 mentionem
1003 5201 1172 5268 facio;
1202 5215 1266 5256 ac
1294 5217 1362 5257 ne
1387 5213 1600 5273 putares
1620 5208 1761 5275 quod
1793 5208 1862 5263 de
1887 5208 1970 5263 his

379 5293 539 5347 verba
560 5292 779 5361 faceret,
792 5309 912 5347 cum
929 5293 1230 5360 adjecisset,
1248 5291 1347 5359 Qui
1366 5312 1533 5358 servas
1548 5308 1748 5367 pectunt
1766 5309 1906 5353 tuum
1923 5310 1973 5354 et

377 5383 775 5437 misericordiam
787 5392 925 5436 tuam
936 5382 1254 5454 diligentibus
1270 5392 1336 5451 te,
1350 5394 1395 5440 et
1405 5389 1712 5442 servantibus
1723 5400 1973 5461 praecepta

378 5480 465 5523 tua
486 5487 506 5525 :
526 5487 648 5527 mox
678 5473 910 5543 subjicit,
941 5470 1268 5530 Peccavimus
1286 5517 1301 5543 ,
1323 5477 1492 5548 inique
1514 5480 1738 5550 egimus;
1762 5483 1970 5552 injusti-

379 5562 500 5614 tinm
522 5566 933 5632 perpetrauimus,
951 5565 1094 5636 impii
1118 5567 1330 5635 fuimus,
1349 5567 1642 5638 definimus
1661 5586 1692 5623 a
1713 5573 1971 5642 prwceptis

383 5653 485 5705 tuis
519 5663 568 5705 et
589 5669 623 5706 a
633 5656 847 5724 judiciis
867 5656 966 5709 tuis
981 5672 1000 5711 :
1017 5673 1116 5712 non
1144 5660 1532 5716 auscultasimus
1556 5664 1709 5721 seruis
1728 5664 1831 5719 tuis
1851 5681 1970 5739 pro-

2083 380 2244 449 phetis
2285 379 2466 455 (Dan.
2495 382 2548 440 9.
2577 383 2676 455 5).
2710 384 2826 441 Una
2862 381 3124 456 siquidem
3165 385 3382 458 solaque
3424 402 3683 459 purgatio

2082 476 2448 543 peccatoribus
2476 475 2677 546 reliqua
2702 487 2786 531 est
2812 487 2930 547 post
2959 487 3197 547 peccata,
3225 478 3476 534 videlicet
3499 488 3566 533 ut
3586 495 3683 535 sua

2079 566 2364 623 commissa
2386 568 2756 623 confiteantur.
2774 569 2853 625 'l‘u
2871 585 3000 625 vero
3021 569 3150 624 mihi
3170 571 3451 627 considera
3472 582 3533 627 et
3545 572 3682 642 justi

2079 658 2360 725 virtutem,
2396 669 2451 715 et
2484 660 2786 717 Judaaorom
2827 664 3243 733 improbitatem.
3268 663 3399 720 Nam
3432 668 3526 723 ille
3554 669 3679 737 qui—

2078 751 2198 804 dem
2242 752 2437 807 nullius
2472 754 2596 807 mali
2635 754 2735 808 sibi
2776 755 3058 820 conscius,
3087 757 3323 825 seipsum
3351 760 3524 812 multa
3548 774 3675 813 cuiu

2076 843 2386 898 austeritate
2415 844 2662 912 damnat,
2690 845 2876 902 dicens
2904 864 2920 903 :
2948 843 3278 902 Peccavimus
3297 890 3313 915 ,
3343 848 3521 918 inique
3548 851 3686 921 feci-

2077 951 2225 999 mus,
2256 936 2558 1004 iniustitiam
2594 939 2987 1008 perpetravimus
3006 956 3027 1005 ;
3063 939 3118 994 lii
3145 955 3272 995 \ero
3310 941 3471 997 malis
3512 942 3680 996 inna-

2078 1027 2238 1081 meris
2265 1027 2407 1097 pleni
2434 1067 2450 1093 ,
2491 1038 2677 1083 contra
2718 1030 2989 1096 fecerunt,
3027 1030 3306 1087 dicentes:
3340 1032 3678 1087 Semianimes

2079 1128 2329 1187 praecepta
2352 1127 2440 1171 tua
2463 1134 2484 1174 :
2506 1128 2552 1172 et
2580 1136 2717 1173 nunc
2749 1120 2917 1175 beatos
2935 1122 3151 1175 dicimus
3173 1123 3383 1183 alienos,
3412 1134 3465 1177 et
3489 1126 3676 1178 recedi-

2077 1206 2298 1274 ﬁcantur
2315 1209 2403 1280 qui
2421 1217 2621 1278 patrant
2644 1211 2955 1282 iniquitatem
2979 1212 3131 1284 (Mal.
3153 1215 3207 1269 5.
3228 1216 3313 1269 11.
3337 1216 3445 1286 15).
3471 1219 3674 1283 Quem-

2077 1297 2361 1353 admodum
2384 1300 2525 1354 euim
2557 1300 2731 1355 solent
2763 1303 2896 1372 justi
2926 1311 3046 1373 post
3078 1304 3219 1374 justa
3251 1305 3387 1359 facta
3421 1307 3674 1363 mmiests

2081 1402 2240 1457 agere
2263 1429 2276 1450 ,
2320 1389 2391 1443 ita
2433 1391 2609 1445 solent
2642 1393 2765 1445 mali
2805 1403 2923 1461 post
2954 1394 3185 1449 admissa
3211 1396 3412 1451 scelera
3445 1396 3675 1453 laudare

2076 1493 2217 1534 sese.
2247 1480 2346 1547 Qui
2376 1481 2574 1536 nullius
2607 1483 2808 1550 pectati
2835 1484 2936 1539 sibi
2958 1488 3208 1540 conscius
3235 1494 3379 1551 erat,
3408 1486 3624 1542 dicebat
3653 1508 3668 1542 :

2077 1569 2409 1638 iniquitatem
2431 1570 2671 1637 fecimus,
2689 1572 3002 1629 deﬂeximus
3016 1590 3047 1628 a
3068 1577 3348 1646 praeceptis
3371 1578 3513 1641 tuis;
3536 1594 3671 1632 eou-

2078 1670 2189 1724 tra,
2219 1661 2308 1730 qui
2338 1662 2803 1719 innumerabilium
2835 1663 3127 1720 facimrum
3156 1666 3671 1735 sibiconsciierant,

2074 1748 2353 1804 dicebant:
2382 1745 2697 1801 sewavirttus
2727 1758 2988 1817 praecepta
3007 1760 3124 1804 tua.
3157 1758 3328 1826 Atque
3350 1756 3468 1813 hrcc
3492 1775 3561 1815 eo
3587 1761 3671 1815 to.

2074 1854 2229 1910 quor,
2259 1850 2315 1895 ut
2339 1843 2570 1897 alterum
2598 1844 2849 1911 vitemus,
2874 1845 3103 1911 alterum
3127 1846 3415 1902 imitemur.

2145 1932 2197 1986 6.
2231 1932 2331 1987 Dei
2372 1934 2496 1989 ultio
2521 1934 2576 1989 in
2610 1934 2840 1990 ludasos.
2873 1966 2943 1984 -ν-
2966 1937 3095 1992 Post
3122 1938 3237 1992 luce
3254 1940 3513 2009 quatiam
3542 1943 3670 1996 atti-

2072 2033 2223 2091 gerat
2247 2024 2456 2079 illorum
2483 2034 2695 2094 peccata
2723 2065 2739 2091 ,
2783 2037 2959 2081 narrat
2987 2036 3044 2082 et
3072 2044 3284 2098 poenam
3309 2045 3472 2099 quam
3501 2031 3671 2086 dede-

2074 2124 2218 2179 runt,
2247 2125 2301 2171 et
2325 2131 2392 2170 ex
2423 2115 2524 2171 hoc
2553 2117 2717 2172 Deum
2743 2118 2810 2173 ad
2843 2119 3258 2176 misericordiam
3287 2138 3549 2178 revocare
3571 2140 3669 2179 cu-

2076 2206 2227 2274 piens
2249 2207 2325 2261 ait
2348 2226 2361 2260 :
2389 2206 2453 2261 Et
2476 2209 2605 2261 venit
2629 2224 2783 2278 super
2811 2226 2901 2262 nos
2927 2210 3226 2275 maledictio,
3256 2229 3371 2283 qua:
3388 2215 3581 2284 scripta
3600 2225 3672 2270 est

2073 2295 2126 2348 in
2154 2295 2263 2365 lege
2289 2296 2448 2351 Hosis
2475 2299 2603 2352 servi
2632 2296 2729 2352 Dei
2746 2339 2761 2362 ,
2789 2300 2908 2368 quia
2936 2304 3267 2368 peccavimus.
3299 2306 3563 2370 Quaenam
3588 2318 3671 2361 est

2077 2387 2173 2441 ista
2197 2387 2532 2442 exsecratio?
2563 2388 2802 2445 Vultisne
2828 2390 3066 2460 legamus
3094 2394 3275 2448 illam?
3301 2394 3422 2449 Nisi
3446 2398 3671 2451 servieri-

2084 2479 2165 2539 tis,
2192 2479 2379 2546 inquit,
2412 2476 2632 2532 Domino
2658 2478 2763 2533 Deo
2786 2490 2968 2547 vestro,
2991 2482 3230 2537 inducam
3256 2502 3410 2556 super
3432 2502 3523 2542 vos
3546 2506 3671 2558 gen-

2075 2578 2169 2621 tem
2194 2569 2554 2637 impudentem,
2581 2580 2625 2623 et
2650 2586 2751 2624 non
2771 2571 3105 2643 intelligentes
3120 2589 3288 2628 vocem
3313 2577 3475 2643 illius,
3500 2588 3548 2631 et
3569 2580 3646 2631 eri
3654 2608 3671 2619 -

2042 2691 2044 2693 »
2079 2660 2142 2713 tis
2170 2676 2377 2712 numero
2408 2661 2557 2728 pauci
2586 2660 2604 2732 (
2621 2659 2773 2713 Deut.
2801 2661 2890 2716 28.
2918 2662 3006 2719 49.
3030 2663 3153 2734 50).
3183 2664 3296 2718 Hoc
3320 2665 3461 2720 idem
3490 2667 3672 2721 decla—

2074 2760 2253 2804 rantes
2293 2759 2401 2803 tres
2431 2750 2502 2803 illi
2546 2750 2732 2819 pueri,
2778 2752 3054 2822 palamque
3090 2754 3345 2819 facientes
3372 2798 3389 2823 ,
3428 2758 3575 2826 quod
3599 2760 3671 2813 ob

2074 2840 2310 2907 ipsorum
2343 2847 2560 2908 peccata
2599 2840 2881 2895 accidisset
2920 2841 3022 2897 hoe
3062 2843 3307 2900 vindictae
3347 2860 3523 2915 genus
3553 2890 3570 2913 ,
3614 2857 3672 2903 et

2075 2929 2174 3000 ipsi
2205 2946 2301 2999 pro
2326 2932 2695 2986 communibus
2722 2933 2952 3001 peccatis
2977 2935 3365 2992 confessionem
3397 2939 3510 2993 Deo
3537 2956 3670 3009 pro-

2075 3018 2304 3075 ferentes
2344 3019 2592 3075 (licebant
2624 3039 2638 3075 :
2670 3020 2947 3077 Tradidiin
2989 3040 3082 3079 nos
3122 3026 3175 3079 in
3219 3043 3402 3080 manus
3439 3033 3668 3084 hostium

2076 3107 2366 3180 impiorum,
2395 3112 2855 3167 inimicissimorum
2880 3114 3186 3169 desertorum
3209 3157 3227 3183 ,
3253 3133 3316 3170 ac
3339 3119 3447 3189 regi
3472 3120 3671 3191 injuste

2077 3212 2127 3257 et
2153 3202 2535 3257 sceleratissimo
2581 3204 2715 3257 ultra
2738 3221 2936 3258 onmem
2964 3215 3147 3259 terram
3177 3206 3300 3278 (1b.
3345 3225 3399 3263 ο.
3430 3211 3549 3282 52).
3576 3212 3671 3266 Vi-

2081 3295 2198 3361 des,
2226 3294 2543 3363 completam
2568 3309 2688 3349 esse
2716 3295 3139 3351 maledictionem
3160 3314 3280 3368 quae
3304 3300 3437 3356 dicit
3463 3321 3477 3357 :
3512 3303 3671 3362 Erilis

2075 3401 2283 3439 numero
2305 3387 2470 3454 pauci.
2495 3385 2697 3439 Rursus
2716 3386 2856 3455 quod
2876 3386 3007 3442 dicit
3032 3404 3047 3442 :
3070 3387 3330 3443 Adducunt
3350 3392 3402 3444 in
3433 3409 3521 3447 vos
3540 3412 3683 3465 geu-r

2074 3484 2172 3530 tem
2201 3476 2539 3546 impudentem
2562 3515 2578 3541 ,
2622 3476 2848 3545 idipsum
2874 3487 2929 3532 et
2958 3478 3142 3533 Daniel
3170 3479 3256 3535 hic
3283 3491 3431 3538 recte
3460 3486 3673 3555 signiti-

2075 3581 2226 3631 caus,
2257 3568 2384 3621 dicit
2411 3584 2424 3619 :
2458 3565 2712 3620 Venerunt
2741 3584 2893 3636 super
2912 3585 3005 3622 nos
3030 3570 3185 3633 mala,
3213 3574 3385 3641 qualia
3410 3591 3513 3628 non
3540 3580 3671 3632 acci-

2074 3660 2253 3709 derunt
2278 3657 2368 3709 sub
2394 3655 2531 3709 onmi
2550 3658 2673 3709 cado
2695 3698 2709 3717 ,
2739 3657 3011 3710 secundum
3054 3675 3112 3712 ea
3139 3677 3252 3727 quia
3286 3665 3425 3731 facta
3462 3679 3584 3720 sicut
3616 3670 3672 3722 in

2074 3746 2266 3804 Israel.
2275 3748 2403 3816 Quae
2415 3748 2626 3803 tandem
2646 3750 2776 3802 ista?
2794 3749 2980 3804 Matres
2997 3751 3175 3806 liberos
3187 3771 3305 3808 suos
3316 3761 3666 3828 cometa-unt,

2074 3848 2129 3893 et
2151 3841 2249 3894 hoc
2271 3855 2396 3892 sane
2421 3841 2655 3907 pra-dicit
2675 3841 2866 3905 Moses,
2889 3855 3138 3896 cant-rum
3155 3844 3411 3902 Jeremias
3427 3853 3671 3908 ostendit

2075 3930 2338 3985 evenisse.
2356 3930 2446 3984 Ille
2466 3930 2677 4000 quidem
2706 3931 2940 4000 loquitur
2962 3950 2976 3986 :
2999 3931 3190 3988 Tenera
3209 3953 3270 3990 ac
3287 3938 3546 4007 deliciam,
3570 3960 3665 3996 eu-

2064 4023 2155 4093 jus
2175 4038 2275 4076 non
2300 4023 2430 4091 cepit
2453 4021 2808 4091 experientiam
2835 4038 2922 4091 pes
2946 4026 3057 4093 ejus
3078 4065 3094 4091 ,
3123 4037 3178 4077 ut
3202 4027 3448 4084 insisteret
3482 4032 3538 4085 in
3577 4050 3666 4088 re-

2077 4113 2224 4182 stigio
2247 4120 2451 4182 propter
2479 4110 2861 4165 teneritudinem
2885 4128 2945 4166 ac
2962 4113 3192 4182 delicias,
3220 4119 3429 4188 attinget
3452 4122 3665 4191 impiam

2074 4221 2297 4259 mensam
2317 4245 2332 4269 ,
2379 4213 2427 4258 et
2470 4219 2588 4258 sitos
2632 4203 2792 4273 ipsius
2820 4204 2954 4274 ﬁlios
2979 4210 3198 4261 comedet
3252 4209 3377 4279 (1d.
3408 4213 3496 4268 28.
3527 4217 3666 4288 56).

2073 4294 2332 4352 Ieremias
2352 4303 2528 4349 autem
2549 4293 2783 4349 declarat
2802 4292 2904 4349 hoc
2929 4298 3190 4360 evenisse,
3214 4301 3395 4356 dicens
3419 4321 3432 4357 :
3474 4304 3670 4363 Manu

2074 4389 2341 4443 mulierum
2358 4387 2776 4443 misericordium
2787 4398 3034 4443 rexerant
3044 4388 3185 4456 ﬁlios
3194 4409 3316 4447 suos
3326 4398 3342 4463 (
3352 4394 3538 4454 Tltr.-l.
3550 4400 3573 4452 1
3586 4402 3664 4470 0),

2074 4479 2403 4548 Quamquam
2432 4485 2610 4531 autem
2643 4488 2858 4545 peccata
2889 4478 3131 4545 illorum,
3156 4482 3242 4551 qui
3275 4500 3662 4557 peccaverant,

2074 4570 2353 4638 eloquutus
2372 4576 2534 4632 esset,
2552 4577 2605 4622 et
2625 4566 2880 4622 ultionem
2903 4569 2956 4623 in
2978 4571 3210 4627 medium
3231 4575 3541 4636 adduxisset
3562 4601 3576 4634 :
3600 4601 3671 4640 ne

2075 4660 2153 4714 sic
2197 4660 2411 4730 quidem
2455 4659 2576 4713 illos
2626 4659 2813 4713 horum
2853 4675 3011 4715 causa
3058 4676 3209 4735 rogat
3252 4678 3308 4721 ut
3355 4684 3664 4731 serventur.

2075 4752 2208 4809 Vide
2245 4755 2404 4824 igitur
2441 4753 2730 4809 bonitatem
2776 4752 2983 4809 famuli.
3011 4756 3281 4827 Siquidem
3313 4761 3397 4817 hic
3420 4780 3541 4819 eum
3571 4784 3664 4822 os-

2077 4845 2354 4911 tendisset,
2374 4844 2512 4914 quod
2541 4845 2771 4900 nondum
2794 4845 2955 4917 digna
2974 4851 3177 4906 meritis
3196 4865 3374 4909 essent
3400 4872 3530 4928 perp
3552 4863 3661 4923 ssi,

2076 4952 2175 4992 nec
2199 4939 2261 4991 iis
2286 4978 2300 5002 ,
2341 4951 2460 5005 qua:
2491 4938 2653 4990 multa
2684 4937 2808 4992 licet
2844 4940 3203 5006 pertulerant,
3230 4946 3515 5002 solvissent
3542 4968 3667 5019 qua

2077 5045 2172 5098 pro
2199 5030 2496 5083 connnissis
2525 5028 2828 5096 debebant,
2859 5046 2981 5085 mox
3006 5033 3244 5103 confugit
3277 5037 3344 5091 ad
3376 5039 3467 5094 Dei
3498 5042 3665 5097 mise-

2075 5121 2358 5176 ricordiam
2382 5164 2397 5187 ,
2424 5131 2480 5177 et
2513 5123 2581 5177 ad
2607 5126 2815 5179 solitam
2854 5127 2994 5182 illius
3022 5128 3307 5183 bonitatem
3343 5146 3468 5203 erga
3492 5150 3666 5204 genus

2053 5210 2365 5267 ’humauum
2395 5254 2409 5277 ,
2441 5213 2663 5268 dicens:
2694 5214 2763 5268 Et
2789 5234 2922 5270 nunc
2949 5217 3167 5273 Domine
3206 5220 3339 5276 Deus
3363 5234 3550 5290 noster,
3578 5228 3667 5295 qui

2073 5303 2293 5359 eduxiin
2315 5306 2556 5375 populum
2580 5317 2720 5360 tuum
2745 5319 2925 5362 eterra
2951 5309 3169 5381 Egypti
3191 5323 3236 5366 et
3265 5314 3425 5384 feciin
3451 5316 3541 5369 tibi
3566 5334 3663 5370 no-

2076 5411 2187 5448 men
2211 5435 2229 5462 ,
2258 5404 2312 5449 ut
2337 5396 2419 5449 Iu'c
2441 5409 2513 5451 est
2542 5398 2650 5451 dies
2676 5441 2692 5463 ,
2724 5402 3040 5467 peccavimus
3065 5443 3080 5469 ,
3112 5402 3427 5471 iniquitatem
3452 5408 3665 5476 fecimus

2076 5484 2253 5554 (Dan.
2297 5486 2352 5542 9.
2395 5487 2509 5556 15).
2536 5487 2667 5542 Nam
2696 5489 3142 5558 quemadmodum
3175 5495 3314 5560 illos,
3338 5496 3532 5566 inquit,
3555 5514 3663 5552 non

2076 5591 2144 5632 ex
2168 5576 2403 5648 ipsorum
2432 5578 2726 5635 benefactis
2753 5582 2930 5637 salvos
2958 5583 3128 5640 l‘ceisti
3155 5628 3170 5653 ,
3199 5587 3292 5643 sed
3318 5588 3665 5645 alllictionem

2080 5668 2294 5740 tridens,
2319 5677 2375 5726 et
2395 5672 2686 5743 angustias,
2710 5681 2762 5728 et
2787 5674 3073 5732 clamorem
3106 5679 3312 5734 illorum
3337 5680 3661 5736 exaudiens:

3584 273 3691 333 89?.

3812 430 3819 519 1
