  <div class='ocr_page' id='page_1' title='image "/cluster/home/n/w/nwhite01/storage/ocr_20150623/48/nnc1.0046978267/373.png"; bbox 0 0 3866 6226; ppageno 0'>
   <div class='ocr_carea' id='block_1_1' title="bbox 376 270 483 324">
    <p class='ocr_par' dir='ltr' id='par_1_1' title="bbox 376 270 483 324">
     <span class='ocr_line' id='line_1_1' title="bbox 376 270 483 324; baseline 0.019 -2"><span class='ocrx_word' id='word_1_1' title='bbox 376 270 483 324; x_wconf 75' lang='lat'>893</span> 
     </span>
    </p>
   </div>
   <div class='ocr_carea' id='block_1_2' title="bbox 378 378 1943 455">
    <p class='ocr_par' dir='ltr' id='par_1_2' title="bbox 378 378 1943 455">
     <span class='ocr_line' id='line_1_2' title="bbox 378 378 1943 455; baseline 0.003 -21"><span class='ocrx_word' id='word_1_2' title='bbox 378 382 609 445; x_wconf 76' lang='grc' dir='ltr'>ἔσωσας,</span> <span class='ocrx_word' id='word_1_3' title='bbox 646 378 782 434; x_wconf 77' lang='grc' dir='ltr'>ἀλλὰ</span> <span class='ocrx_word' id='word_1_4' title='bbox 813 380 911 452; x_wconf 71' lang='grc' dir='ltr'>τὴν</span> <span class='ocrx_word' id='word_1_5' title='bbox 940 382 1115 453; x_wconf 68' lang='grc' dir='ltr'>θλῖψιν</span> <span class='ocrx_word' id='word_1_6' title='bbox 1133 382 1271 436; x_wconf 75' lang='grc' dir='ltr'>’ἰδὼν</span> <span class='ocrx_word' id='word_1_7' title='bbox 1307 384 1401 436; x_wconf 87' lang='lat' dir='ltr'>ml</span> <span class='ocrx_word' id='word_1_8' title='bbox 1430 382 1530 453; x_wconf 81' lang='grc' dir='ltr'>τὴν</span> <span class='ocrx_word' id='word_1_9' title='bbox 1562 386 1943 455; x_wconf 79' lang='grc' dir='ltr'>στενοχωρίαν,</span> 
     </span>
    </p>
   </div>
   <div class='ocr_carea' id='block_1_3' title="bbox 379 460 1950 533">
    <p class='ocr_par' dir='ltr' id='par_1_3' title="bbox 379 460 1950 533">
     <span class='ocr_line' id='line_1_3' title="bbox 379 460 1950 533; baseline 0.003 -20"><span class='ocrx_word' id='word_1_10' title='bbox 379 461 475 513; x_wconf 83' lang='lat' dir='ltr'>ml</span> <span class='ocrx_word' id='word_1_11' title='bbox 499 460 598 529; x_wconf 82' lang='grc' dir='ltr'>τῆς</span> <span class='ocrx_word' id='word_1_12' title='bbox 626 460 875 529; x_wconf 84' lang='grc' dir='ltr'>κραυγῆς</span> <span class='ocrx_word' id='word_1_13' title='bbox 913 462 1151 525; x_wconf 81' lang='grc' dir='ltr'>ἀκούσας</span> <span class='ocrx_word' id='word_1_14' title='bbox 1175 479 1187 492; x_wconf 91' lang='grc'><strong>·</strong></span> <span class='ocrx_word' id='word_1_15' title='bbox 1212 460 1354 514; x_wconf 78' lang='grc' dir='ltr'>οὕτω</span> <span class='ocrx_word' id='word_1_16' title='bbox 1391 460 1454 531; x_wconf 82' lang='grc' dir='ltr'>δὴ</span> <span class='ocrx_word' id='word_1_17' title='bbox 1484 462 1578 515; x_wconf 88' lang='lat' dir='ltr'>ml</span> <span class='ocrx_word' id='word_1_18' title='bbox 1603 464 1748 533; x_wconf 82' lang='grc' dir='ltr'>ἡμᾶς</span> <span class='ocrx_word' id='word_1_19' title='bbox 1775 465 1950 518; x_wconf 85' lang='grc' dir='ltr'>ἀπάλ-</span> 
     </span>
    </p>
   </div>
   <div class='ocr_carea' id='block_1_4' title="bbox 378 536 1951 612">
    <p class='ocr_par' dir='ltr' id='par_1_4' title="bbox 378 536 1951 612">
     <span class='ocr_line' id='line_1_4' title="bbox 378 536 1951 612; baseline 0.003 -22"><span class='ocrx_word' id='word_1_20' title='bbox 378 538 537 603; x_wconf 82' lang='grc' dir='ltr'>λαξον</span> <span class='ocrx_word' id='word_1_21' title='bbox 570 537 677 590; x_wconf 88' lang='grc' dir='ltr'>τῶν</span> <span class='ocrx_word' id='word_1_22' title='bbox 706 536 850 610; x_wconf 81' lang='grc'>[658]</span> <span class='ocrx_word' id='word_1_23' title='bbox 882 540 1164 611; x_wconf 84' lang='grc' dir='ltr'>παρόντων</span> <span class='ocrx_word' id='word_1_24' title='bbox 1191 539 1373 593; x_wconf 84' lang='grc' dir='ltr'>κακῶν</span> <span class='ocrx_word' id='word_1_25' title='bbox 1400 540 1487 594; x_wconf 74' lang='grc' dir='ltr'>διὰ</span> <span class='ocrx_word' id='word_1_26' title='bbox 1517 540 1615 611; x_wconf 84' lang='grc' dir='ltr'>τὴν</span> <span class='ocrx_word' id='word_1_27' title='bbox 1649 541 1951 612; x_wconf 85' lang='grc' dir='ltr'>φιλανθρω-</span> 
     </span>
    </p>
   </div>
   <div class='ocr_carea' id='block_1_5' title="bbox 378 617 1937 689">
    <p class='ocr_par' dir='ltr' id='par_1_5' title="bbox 378 617 1937 689">
     <span class='ocr_line' id='line_1_5' title="bbox 378 617 1937 689; baseline 0.001 -19"><span class='ocrx_word' id='word_1_28' title='bbox 378 618 511 670; x_wconf 85' lang='grc' dir='ltr'>πίαν</span> <span class='ocrx_word' id='word_1_29' title='bbox 541 633 634 669; x_wconf 92' lang='grc' dir='ltr'>σου</span> <span class='ocrx_word' id='word_1_30' title='bbox 667 617 859 686; x_wconf 72' lang='grc' dir='ltr'>μόνηψ</span> <span class='ocrx_word' id='word_1_31' title='bbox 889 618 1072 689; x_wconf 77' lang='grc' dir='ltr'>ἕτερον</span> <span class='ocrx_word' id='word_1_32' title='bbox 1113 618 1220 687; x_wconf 76' lang='grc' dir='ltr'>γὰρ</span> <span class='ocrx_word' id='word_1_33' title='bbox 1265 618 1415 671; x_wconf 73' lang='grc' dir='ltr'>οὐδὲν</span> <span class='ocrx_word' id='word_1_34' title='bbox 1436 619 1631 689; x_wconf 73' lang='grc' dir='ltr'>ἔχομεν</span> <span class='ocrx_word' id='word_1_35' title='bbox 1658 619 1937 688; x_wconf 78' lang='grc' dir='ltr'>δικαίωμα</span> 
     </span>
    </p>
   </div>
   <div class='ocr_carea' id='block_1_6' title="bbox 382 695 1946 768">
    <p class='ocr_par' dir='ltr' id='par_1_6' title="bbox 382 695 1946 768">
     <span class='ocr_line' id='line_1_6' title="bbox 382 695 1946 768; baseline 0.001 -19"><span class='ocrx_word' id='word_1_36' title='bbox 382 696 657 766; x_wconf 83' lang='grc' dir='ltr'>σωτηρίας</span> <span class='ocrx_word' id='word_1_37' title='bbox 676 704 722 750; x_wconf 66' lang='grc' dir='ltr'>ει.</span> <span class='ocrx_word' id='word_1_38' title='bbox 754 695 935 749; x_wconf 87' lang='grc' dir='ltr'>Εἰπὼν</span> <span class='ocrx_word' id='word_1_39' title='bbox 963 697 1025 767; x_wconf 84' lang='grc' dir='ltr'>δὴ</span> <span class='ocrx_word' id='word_1_40' title='bbox 1053 697 1247 755; x_wconf 84' lang='grc' dir='ltr'>ταῦτα,</span> <span class='ocrx_word' id='word_1_41' title='bbox 1282 696 1377 749; x_wconf 73' lang='grc' dir='ltr'>καὶ</span> <span class='ocrx_word' id='word_1_42' title='bbox 1406 697 1679 768; x_wconf 88' lang='grc' dir='ltr'>θρηνήσας</span> <span class='ocrx_word' id='word_1_43' title='bbox 1722 698 1946 761; x_wconf 78' lang='grc' dir='ltr'>ἱκανῶς,</span> 
     </span>
    </p>
   </div>
   <div class='ocr_carea' id='block_1_7' title="bbox 381 773 1950 845">
    <p class='ocr_par' dir='ltr' id='par_1_7' title="bbox 381 773 1950 845">
     <span class='ocr_line' id='line_1_7' title="bbox 381 773 1950 845; baseline 0.002 -20"><span class='ocrx_word' id='word_1_44' title='bbox 381 774 592 841; x_wconf 90' lang='grc' dir='ltr'>είσάγει</span> <span class='ocrx_word' id='word_1_45' title='bbox 619 773 802 826; x_wconf 84' lang='grc' dir='ltr'>λοιπὸν</span> <span class='ocrx_word' id='word_1_46' title='bbox 827 774 924 844; x_wconf 84' lang='grc' dir='ltr'>τήν</span> <span class='ocrx_word' id='word_1_47' title='bbox 951 775 1124 837; x_wconf 87' lang='grc' dir='ltr'>πόλιν,</span> <span class='ocrx_word' id='word_1_48' title='bbox 1151 774 1400 845; x_wconf 85' lang='grc' dir='ltr'>καθάπερ</span> <span class='ocrx_word' id='word_1_49' title='bbox 1422 776 1541 829; x_wconf 83' lang='grc' dir='ltr'>τινὰ</span> <span class='ocrx_word' id='word_1_50' title='bbox 1566 778 1801 843; x_wconf 88' lang='grc' dir='ltr'>γυναῖκα</span> <span class='ocrx_word' id='word_1_51' title='bbox 1829 776 1950 844; x_wconf 86' lang='grc' dir='ltr'>αίχ-</span> 
     </span>
    </p>
   </div>
   <div class='ocr_carea' id='block_1_8' title="bbox 386 851 1952 921">
    <p class='ocr_par' dir='ltr' id='par_1_8' title="bbox 386 851 1952 921">
     <span class='ocr_line' id='line_1_8' title="bbox 386 851 1952 921; baseline 0.001 -16"><span class='ocrx_word' id='word_1_52' title='bbox 386 851 651 921; x_wconf 84' lang='grc' dir='ltr'>μάλωτον,</span> <span class='ocrx_word' id='word_1_53' title='bbox 691 852 783 903; x_wconf 89' lang='grc' dir='ltr'>καί</span> <span class='ocrx_word' id='word_1_54' title='bbox 813 869 975 920; x_wconf 82' lang='grc' dir='ltr'>φησιν</span> <span class='ocrx_word' id='word_1_55' title='bbox 995 870 1008 884; x_wconf 77' lang='grc' dir='ltr'><strong>ο</strong></span> <span class='ocrx_word' id='word_1_56' title='bbox 1048 854 1368 920; x_wconf 67' lang='grc' dir='ltr'>Ἐπίςσανον</span> <span class='ocrx_word' id='word_1_57' title='bbox 1394 852 1459 905; x_wconf 84' lang='grc' dir='ltr'>τὸ</span> <span class='ocrx_word' id='word_1_58' title='bbox 1492 855 1814 920; x_wconf 80' lang='grc' dir='ltr'>πρόσωπόν</span> <span class='ocrx_word' id='word_1_59' title='bbox 1835 869 1952 907; x_wconf 89' lang='grc' dir='ltr'>σου</span> 
     </span>
    </p>
   </div>
   <div class='ocr_carea' id='block_1_9' title="bbox 381 924 1954 1000">
    <p class='ocr_par' dir='ltr' id='par_1_9' title="bbox 381 924 1954 1000">
     <span class='ocr_line' id='line_1_9' title="bbox 381 924 1954 1000; baseline 0.002 -19"><span class='ocrx_word' id='word_1_60' title='bbox 381 929 477 981; x_wconf 76' lang='grc' dir='ltr'>ἐπὶ</span> <span class='ocrx_word' id='word_1_61' title='bbox 508 928 573 980; x_wconf 84' lang='grc' dir='ltr'>τὸ</span> <span class='ocrx_word' id='word_1_62' title='bbox 613 929 876 996; x_wconf 78' lang='grc' dir='ltr'>άγίασμά</span> <span class='ocrx_word' id='word_1_63' title='bbox 900 944 1017 983; x_wconf 88' lang='grc' dir='ltr'>σου</span> <span class='ocrx_word' id='word_1_64' title='bbox 1038 948 1051 961; x_wconf 90' lang='grc'><strong>·</strong></span> <span class='ocrx_word' id='word_1_65' title='bbox 1086 930 1317 993; x_wconf 77' lang='grc' dir='ltr'>κλῖνον,</span> <span class='ocrx_word' id='word_1_66' title='bbox 1353 930 1384 981; x_wconf 87' lang='grc' dir='ltr'>ὁ</span> <span class='ocrx_word' id='word_1_67' title='bbox 1410 932 1555 995; x_wconf 83' lang='grc' dir='ltr'>Θεός</span> <span class='ocrx_word' id='word_1_68' title='bbox 1580 949 1722 1000; x_wconf 89' lang='grc' dir='ltr'>μου,</span> <span class='ocrx_word' id='word_1_69' title='bbox 1750 930 1815 983; x_wconf 89' lang='grc' dir='ltr'>τὸ</span> <span class='ocrx_word' id='word_1_70' title='bbox 1843 924 1954 996; x_wconf 87' lang='grc' dir='ltr'>οὖς</span> 
     </span>
    </p>
   </div>
   <div class='ocr_carea' id='block_1_10' title="bbox 381 1006 1949 1076">
    <p class='ocr_par' dir='ltr' id='par_1_10' title="bbox 381 1006 1949 1076">
     <span class='ocr_line' id='line_1_10' title="bbox 381 1006 1949 1076; baseline 0.003 -19"><span class='ocrx_word' id='word_1_71' title='bbox 381 1022 517 1066; x_wconf 83' lang='grc' dir='ltr'>σου,</span> <span class='ocrx_word' id='word_1_72' title='bbox 549 1006 645 1058; x_wconf 74' lang='grc' dir='ltr'>καὶ</span> <span class='ocrx_word' id='word_1_73' title='bbox 674 1006 972 1060; x_wconf 71' lang='grc' dir='ltr'>ἄκουσον·</span> <span class='ocrx_word' id='word_1_74' title='bbox 1004 1007 1251 1071; x_wconf 76' lang='grc' dir='ltr'>ἄνοιξον</span> <span class='ocrx_word' id='word_1_75' title='bbox 1270 1007 1413 1072; x_wconf 89' lang='grc' dir='ltr'>τοὺς</span> <span class='ocrx_word' id='word_1_76' title='bbox 1441 1009 1789 1076; x_wconf 66' lang='grc' dir='ltr'>ὀφθαλμούς</span> <span class='ocrx_word' id='word_1_77' title='bbox 1810 1022 1949 1073; x_wconf 90' lang='grc' dir='ltr'>σου,</span> 
     </span>
    </p>
   </div>
   <div class='ocr_carea' id='block_1_11' title="bbox 381 1082 1950 1154">
    <p class='ocr_par' dir='ltr' id='par_1_11' title="bbox 381 1082 1950 1154">
     <span class='ocr_line' id='line_1_11' title="bbox 381 1082 1950 1154; baseline 0.003 -19"><span class='ocrx_word' id='word_1_78' title='bbox 381 1082 480 1135; x_wconf 78' lang='grc' dir='ltr'>καὶ</span> <span class='ocrx_word' id='word_1_79' title='bbox 505 1082 592 1136; x_wconf 81' lang='grc' dir='ltr'>ἴδε</span> <span class='ocrx_word' id='word_1_80' title='bbox 614 1083 719 1136; x_wconf 83' lang='grc' dir='ltr'>τὸν</span> <span class='ocrx_word' id='word_1_81' title='bbox 741 1084 1085 1154; x_wconf 58' lang='grc' dir='ltr'>ἀφανισμὸν</span> <span class='ocrx_word' id='word_1_82' title='bbox 1106 1086 1275 1154; x_wconf 78' lang='grc' dir='ltr'>ἡμῶν</span> <span class='ocrx_word' id='word_1_83' title='bbox 1297 1086 1395 1139; x_wconf 80' lang='grc' dir='ltr'>καὶ</span> <span class='ocrx_word' id='word_1_84' title='bbox 1428 1085 1537 1152; x_wconf 80' lang='grc' dir='ltr'>τῆς</span> <span class='ocrx_word' id='word_1_85' title='bbox 1559 1086 1793 1152; x_wconf 83' lang='grc' dir='ltr'>πόλεώς</span> <span class='ocrx_word' id='word_1_86' title='bbox 1811 1101 1950 1149; x_wconf 91' lang='grc' dir='ltr'>σου,</span> 
     </span>
    </p>
   </div>
   <div class='ocr_carea' id='block_1_12' title="bbox 1007 269 2865 334">
    <p class='ocr_par' dir='ltr' id='par_1_12' title="bbox 1007 269 2865 334">
     <span class='ocr_line' id='line_1_12' title="bbox 1007 269 2865 334; baseline 0.004 -9"><span class='ocrx_word' id='word_1_87' title='bbox 1007 271 1065 325; x_wconf 84' lang='lat' dir='ltr'>S.</span> <span class='ocrx_word' id='word_1_88' title='bbox 1104 270 1389 326; x_wconf 74' lang='lat' dir='ltr'>JOANMS</span> <span class='ocrx_word' id='word_1_89' title='bbox 1423 269 1907 326; x_wconf 76' lang='lat' dir='ltr'>CHRYSOSTOMI</span> <span class='ocrx_word' id='word_1_90' title='bbox 1949 271 2271 331; x_wconf 58' lang='lat' dir='ltr'>ARCHII‘IP.</span> <span class='ocrx_word' id='word_1_91' title='bbox 2312 272 2865 334; x_wconf 69' lang='lat' dir='ltr'>CONSTANTINOP.</span> 
     </span>
    </p>
   </div>
   <div class='ocr_carea' id='block_1_13' title="bbox 3532 276 3641 331">
    <p class='ocr_par' dir='ltr' id='par_1_13' title="bbox 3532 276 3641 331">
     <span class='ocr_line' id='line_1_13' title="bbox 3532 276 3641 331; baseline 0 -1"><span class='ocrx_word' id='word_1_92' title='bbox 3532 276 3641 331; x_wconf 61' lang='lat'>893</span> 
     </span>
    </p>
   </div>
   <div class='ocr_carea' id='block_1_14' title="bbox 2052 387 3641 462">
    <p class='ocr_par' dir='ltr' id='par_1_14' title="bbox 2052 387 3641 462">
     <span class='ocr_line' id='line_1_14' title="bbox 2052 387 3641 462; baseline 0.003 -23"><span class='ocrx_word' id='word_1_93' title='bbox 2052 387 2178 457; x_wconf 85' lang='grc' dir='ltr'>δρου</span> <span class='ocrx_word' id='word_1_94' title='bbox 2218 387 2630 458; x_wconf 80' lang='grc' dir='ltr'>διαλεγόμενος,</span> <span class='ocrx_word' id='word_1_95' title='bbox 2673 395 2838 462; x_wconf 84' lang='grc' dir='ltr'>φησί·</span> <span class='ocrx_word' id='word_1_96' title='bbox 2884 390 2992 446; x_wconf 81' lang='lat' dir='ltr'><strong><em>Kal</em></strong></span> <span class='ocrx_word' id='word_1_97' title='bbox 3037 388 3167 445; x_wconf 82' lang='grc' dir='ltr'>ίδοὺ</span> <span class='ocrx_word' id='word_1_98' title='bbox 3202 389 3413 461; x_wconf 74' lang='grc' dir='ltr'>τράγος</span> <span class='ocrx_word' id='word_1_99' title='bbox 3450 388 3641 461; x_wconf 55' lang='grc' dir='ltr'>αἰνῶν</span> 
     </span>
    </p>
   </div>
   <div class='ocr_carea' id='block_1_15' title="bbox 2052 465 3639 538">
    <p class='ocr_par' dir='ltr' id='par_1_15' title="bbox 2052 465 3639 538">
     <span class='ocr_line' id='line_1_15' title="bbox 2052 465 3639 538; baseline 0.001 -20"><span class='ocrx_word' id='word_1_100' title='bbox 2052 465 2267 534; x_wconf 62' lang='grc' dir='ltr'>ι”ψχετο</span> <span class='ocrx_word' id='word_1_101' title='bbox 2282 468 2401 522; x_wconf 84' lang='grc' dir='ltr'>ἀπὸ</span> <span class='ocrx_word' id='word_1_102' title='bbox 2416 469 2583 532; x_wconf 74' lang='grc' dir='ltr'>λιϐὸς</span> <span class='ocrx_word' id='word_1_103' title='bbox 2597 468 2691 522; x_wconf 74' lang='grc' dir='ltr'>ἐπὶ</span> <span class='ocrx_word' id='word_1_104' title='bbox 2706 471 3028 538; x_wconf 78' lang='grc' dir='ltr'>πρόσωπον</span> <span class='ocrx_word' id='word_1_105' title='bbox 3045 465 3152 534; x_wconf 85' lang='grc' dir='ltr'>τῆς</span> <span class='ocrx_word' id='word_1_106' title='bbox 3166 466 3280 536; x_wconf 73' lang='grc' dir='ltr'>γῆς</span> <span class='ocrx_word' id='word_1_107' title='bbox 3298 467 3526 535; x_wconf 74' lang='grc' dir='ltr'>πάσης,</span> <span class='ocrx_word' id='word_1_108' title='bbox 3540 466 3639 521; x_wconf 64' lang='grc' dir='ltr'>καί</span> 
     </span>
    </p>
   </div>
   <div class='ocr_carea' id='block_1_16' title="bbox 2052 541 3638 617">
    <p class='ocr_par' dir='ltr' id='par_1_16' title="bbox 2052 541 3638 617">
     <span class='ocr_line' id='line_1_16' title="bbox 2052 541 3638 617; baseline 0.001 -22"><span class='ocrx_word' id='word_1_109' title='bbox 2052 546 2165 596; x_wconf 75' lang='grc' dir='ltr'>οὐκ</span> <span class='ocrx_word' id='word_1_110' title='bbox 2203 541 2282 615; x_wconf 81' lang='grc' dir='ltr'>ἦν</span> <span class='ocrx_word' id='word_1_111' title='bbox 2308 545 2644 614; x_wconf 79' lang='grc' dir='ltr'><em>ἁπτόμενος</em></span> <span class='ocrx_word' id='word_1_112' title='bbox 2664 545 2775 615; x_wconf 86' lang='grc' dir='ltr'>τῆς</span> <span class='ocrx_word' id='word_1_113' title='bbox 2803 547 2917 617; x_wconf 70' lang='grc' dir='ltr'>γῆς</span> <span class='ocrx_word' id='word_1_114' title='bbox 2934 565 2946 578; x_wconf 79' lang='grc' dir='ltr'><strong>ο</strong></span> <span class='ocrx_word' id='word_1_115' title='bbox 2979 547 3077 599; x_wconf 82' lang='grc' dir='ltr'>καὶ</span> <span class='ocrx_word' id='word_1_116' title='bbox 3102 545 3182 610; x_wconf 84' lang='grc' dir='ltr'>τῷ</span> <span class='ocrx_word' id='word_1_117' title='bbox 3208 545 3397 614; x_wconf 74' lang='grc' dir='ltr'>τράγῳ</span> <span class='ocrx_word' id='word_1_118' title='bbox 3425 546 3638 607; x_wconf 77' lang='grc' dir='ltr'>ἐκείνῳ</span> 
     </span>
    </p>
   </div>
   <div class='ocr_carea' id='block_1_17' title="bbox 2051 620 3638 693">
    <p class='ocr_par' dir='ltr' id='par_1_17' title="bbox 2051 620 3638 693">
     <span class='ocr_line' id='line_1_17' title="bbox 2051 620 3638 693; baseline 0.002 -20"><span class='ocrx_word' id='word_1_119' title='bbox 2051 620 2227 689; x_wconf 81' lang='grc' dir='ltr'>κέρας</span> <span class='ocrx_word' id='word_1_120' title='bbox 2252 625 2545 691; x_wconf 77' lang='grc' dir='ltr'>θεωρητόν</span> <span class='ocrx_word' id='word_1_121' title='bbox 2566 625 2681 679; x_wconf 81' lang='grc' dir='ltr'>ἀνὰ</span> <span class='ocrx_word' id='word_1_122' title='bbox 2704 626 2901 693; x_wconf 89' lang='grc' dir='ltr'>μέσον</span> <span class='ocrx_word' id='word_1_123' title='bbox 2928 624 3046 679; x_wconf 83' lang='grc' dir='ltr'>τῶν</span> <span class='ocrx_word' id='word_1_124' title='bbox 3077 622 3399 692; x_wconf 63' lang='grc' dir='ltr'>ὀφθαλμῶν</span> <span class='ocrx_word' id='word_1_125' title='bbox 3422 624 3638 677; x_wconf 77' lang='grc' dir='ltr'>αὐτοῦ.</span> 
     </span>
    </p>
   </div>
   <div class='ocr_carea' id='block_1_18' title="bbox 2050 695 3641 773">
    <p class='ocr_par' dir='ltr' id='par_1_18' title="bbox 2050 695 3641 773">
     <span class='ocr_line' id='line_1_18' title="bbox 2050 695 3641 773; baseline 0.001 -23"><span class='ocrx_word' id='word_1_126' title='bbox 2050 695 2181 752; x_wconf 76' lang='grc' dir='ltr'>Εἶτα</span> <span class='ocrx_word' id='word_1_127' title='bbox 2213 700 2385 769; x_wconf 87' lang='grc' dir='ltr'>λέγων</span> <span class='ocrx_word' id='word_1_128' title='bbox 2414 702 2513 773; x_wconf 80' lang='grc' dir='ltr'>τὴν</span> <span class='ocrx_word' id='word_1_129' title='bbox 2541 702 2817 773; x_wconf 83' lang='grc' dir='ltr'>συμϐολὴν</span> <span class='ocrx_word' id='word_1_130' title='bbox 2840 702 2935 756; x_wconf 80' lang='grc' dir='ltr'>τοῦ</span> <span class='ocrx_word' id='word_1_131' title='bbox 2974 699 3324 769; x_wconf 78' lang='grc' dir='ltr'>Ἀλεξάνδρου</span> <span class='ocrx_word' id='word_1_132' title='bbox 3367 700 3467 770; x_wconf 85' lang='grc' dir='ltr'>τὴν</span> <span class='ocrx_word' id='word_1_133' title='bbox 3495 702 3641 770; x_wconf 76' lang='grc' dir='ltr'>πρὸς</span> 
     </span>
    </p>
   </div>
   <div class='ocr_carea' id='block_1_19' title="bbox 2047 776 3638 850">
    <p class='ocr_par' dir='ltr' id='par_1_19' title="bbox 2047 776 3638 850">
     <span class='ocr_line' id='line_1_19' title="bbox 2047 776 3638 850; baseline 0 -21"><span class='ocrx_word' id='word_1_134' title='bbox 2047 777 2139 830; x_wconf 85' lang='grc' dir='ltr'>τὸν</span> <span class='ocrx_word' id='word_1_135' title='bbox 2164 779 2385 849; x_wconf 86' lang='grc' dir='ltr'>Δαρεῖον</span> <span class='ocrx_word' id='word_1_136' title='bbox 2412 781 2727 850; x_wconf 79' lang='grc' dir='ltr'>γενομένην,</span> <span class='ocrx_word' id='word_1_137' title='bbox 2760 780 2911 848; x_wconf 86' lang='grc' dir='ltr'>λέγει</span> <span class='ocrx_word' id='word_1_138' title='bbox 2937 779 3032 834; x_wconf 77' lang='grc' dir='ltr'>καὶ</span> <span class='ocrx_word' id='word_1_139' title='bbox 3052 778 3147 849; x_wconf 84' lang='grc' dir='ltr'>τὴν</span> <span class='ocrx_word' id='word_1_140' title='bbox 3168 778 3323 846; x_wconf 88' lang='grc' dir='ltr'>νίκην</span> <span class='ocrx_word' id='word_1_141' title='bbox 3355 777 3454 848; x_wconf 83' lang='grc' dir='ltr'>τὴν</span> <span class='ocrx_word' id='word_1_142' title='bbox 3484 776 3638 830; x_wconf 73' lang='grc' dir='ltr'>κατὰ</span> 
     </span>
    </p>
   </div>
   <div class='ocr_carea' id='block_1_20' title="bbox 2050 853 3630 928">
    <p class='ocr_par' dir='ltr' id='par_1_20' title="bbox 2050 853 3630 928">
     <span class='ocr_line' id='line_1_20' title="bbox 2050 853 3630 928; baseline -0.001 -20"><span class='ocrx_word' id='word_1_143' title='bbox 2050 857 2270 925; x_wconf 87' lang='grc' dir='ltr'>κράτος.</span> <span class='ocrx_word' id='word_1_144' title='bbox 2302 856 2410 911; x_wconf 80' lang='grc' dir='ltr'>Καὶ</span> <span class='ocrx_word' id='word_1_145' title='bbox 2433 853 2599 926; x_wconf 79' lang='grc' dir='ltr'>ἦλθε,</span> <span class='ocrx_word' id='word_1_146' title='bbox 2623 860 2808 928; x_wconf 81' lang='grc' dir='ltr'>φησὶν,</span> <span class='ocrx_word' id='word_1_147' title='bbox 2853 862 2886 912; x_wconf 86' lang='grc' dir='ltr'>ό</span> <span class='ocrx_word' id='word_1_148' title='bbox 2922 858 3138 926; x_wconf 74' lang='grc' dir='ltr'>τράγος</span> <span class='ocrx_word' id='word_1_149' title='bbox 3167 856 3279 922; x_wconf 75' lang='grc' dir='ltr'>ἕως</span> <span class='ocrx_word' id='word_1_150' title='bbox 3306 856 3414 909; x_wconf 88' lang='grc' dir='ltr'>τοῦ</span> <span class='ocrx_word' id='word_1_151' title='bbox 3455 855 3630 922; x_wconf 83' lang='grc' dir='ltr'>κριοῦ</span> 
     </span>
    </p>
   </div>
   <div class='ocr_carea' id='block_1_21' title="bbox 2049 932 3636 1004">
    <p class='ocr_par' dir='ltr' id='par_1_21' title="bbox 2049 932 3636 1004">
     <span class='ocr_line' id='line_1_21' title="bbox 2049 932 3636 1004; baseline -0.003 -17"><span class='ocrx_word' id='word_1_152' title='bbox 2049 933 2156 989; x_wconf 84' lang='grc' dir='ltr'>τοῦ</span> <span class='ocrx_word' id='word_1_153' title='bbox 2192 935 2265 987; x_wconf 87' lang='grc' dir='ltr'><em>τὰ</em></span> <span class='ocrx_word' id='word_1_154' title='bbox 2293 935 2513 1003; x_wconf 79' lang='grc' dir='ltr'>κέρατα</span> <span class='ocrx_word' id='word_1_155' title='bbox 2538 934 2808 1004; x_wconf 79' lang='grc' dir='ltr'>ἔχοντος,</span> <span class='ocrx_word' id='word_1_156' title='bbox 2839 936 2938 988; x_wconf 80' lang='grc' dir='ltr'>καὶ</span> <span class='ocrx_word' id='word_1_157' title='bbox 2971 933 3255 1004; x_wconf 59' lang='grc' dir='ltr'>ἡπριώθη,</span> <span class='ocrx_word' id='word_1_158' title='bbox 3290 932 3391 986; x_wconf 78' lang='grc' dir='ltr'>καί</span> <span class='ocrx_word' id='word_1_159' title='bbox 3414 933 3636 986; x_wconf 76' lang='grc' dir='ltr'>ἔπαισε</span> 
     </span>
    </p>
   </div>
   <div class='ocr_carea' id='block_1_22' title="bbox 2049 1011 3635 1086">
    <p class='ocr_par' dir='ltr' id='par_1_22' title="bbox 2049 1011 3635 1086">
     <span class='ocr_line' id='line_1_22' title="bbox 2049 1011 3635 1086; baseline -0.001 -21"><span class='ocrx_word' id='word_1_160' title='bbox 2049 1013 2160 1067; x_wconf 87' lang='grc' dir='ltr'>τὸν</span> <span class='ocrx_word' id='word_1_161' title='bbox 2202 1016 2372 1082; x_wconf 76' lang='grc' dir='ltr'>κριὸν</span> <span class='ocrx_word' id='word_1_162' title='bbox 2421 1013 2523 1080; x_wconf 85' lang='grc' dir='ltr'>(δεῖ</span> <span class='ocrx_word' id='word_1_163' title='bbox 2568 1013 2676 1086; x_wconf 78' lang='grc' dir='ltr'>γὰρ</span> <span class='ocrx_word' id='word_1_164' title='bbox 2728 1013 3054 1084; x_wconf 75' lang='grc' dir='ltr'>ἐπιτεμεῖν),</span> <span class='ocrx_word' id='word_1_165' title='bbox 3106 1013 3205 1066; x_wconf 80' lang='grc' dir='ltr'>καί</span> <span class='ocrx_word' id='word_1_166' title='bbox 3257 1011 3635 1079; x_wconf 58' lang='grc' dir='ltr'>συνέτριψεν</span> 
     </span>
    </p>
   </div>
   <div class='ocr_carea' id='block_1_23' title="bbox 2051 1086 3627 1162">
    <p class='ocr_par' dir='ltr' id='par_1_23' title="bbox 2051 1086 3627 1162">
     <span class='ocr_line' id='line_1_23' title="bbox 2051 1086 3627 1162; baseline -0.003 -17"><span class='ocrx_word' id='word_1_167' title='bbox 2051 1093 2351 1161; x_wconf 62' lang='grc' dir='ltr'>ἀμφότερα</span> <span class='ocrx_word' id='word_1_168' title='bbox 2401 1093 2476 1146; x_wconf 83' lang='grc' dir='ltr'>τὰ</span> <span class='ocrx_word' id='word_1_169' title='bbox 2525 1092 2741 1162; x_wconf 79' lang='grc' dir='ltr'>κέρατα</span> <span class='ocrx_word' id='word_1_170' title='bbox 2771 1092 2980 1154; x_wconf 83' lang='grc' dir='ltr'>αὐτοῦ,</span> <span class='ocrx_word' id='word_1_171' title='bbox 3012 1091 3110 1144; x_wconf 78' lang='grc' dir='ltr'>καὶ</span> <span class='ocrx_word' id='word_1_172' title='bbox 3142 1093 3254 1145; x_wconf 80' lang='grc' dir='ltr'>οὐκ</span> <span class='ocrx_word' id='word_1_173' title='bbox 3285 1086 3365 1159; x_wconf 82' lang='grc' dir='ltr'>ἦν</span> <span class='ocrx_word' id='word_1_174' title='bbox 3396 1092 3431 1143; x_wconf 90' lang='grc' dir='ltr'>ό</span> <span class='ocrx_word' id='word_1_175' title='bbox 3457 1089 3627 1151; x_wconf 79' lang='grc' dir='ltr'>ἐξαι-</span> 
     </span>
    </p>
   </div>
   <div class='ocr_carea' id='block_1_24' title="bbox 381 1156 3633 1239">
    <p class='ocr_par' dir='ltr' id='par_1_24' title="bbox 381 1156 3633 1239">
     <span class='ocr_line' id='line_1_24' title="bbox 381 1156 3633 1239; baseline -0.002 -13"><span class='ocrx_word' id='word_1_176' title='bbox 381 1161 472 1229; x_wconf 64' lang='grc' dir='ltr'>ἐξρ³</span> <span class='ocrx_word' id='word_1_177' title='bbox 495 1156 572 1229; x_wconf 85' lang='grc' dir='ltr'>ἧς</span> <span class='ocrx_word' id='word_1_178' title='bbox 595 1159 979 1228; x_wconf 77' lang='grc' dir='ltr'>ἐπικέκληται</span> <span class='ocrx_word' id='word_1_179' title='bbox 1000 1164 1063 1216; x_wconf 84' lang='grc' dir='ltr'>τὸ</span> <span class='ocrx_word' id='word_1_180' title='bbox 1085 1163 1269 1233; x_wconf 77' lang='grc' dir='ltr'>ὄνομά</span> <span class='ocrx_word' id='word_1_181' title='bbox 1293 1180 1408 1216; x_wconf 82' lang='grc' dir='ltr'>σου</span> <span class='ocrx_word' id='word_1_182' title='bbox 1435 1161 1751 1229; x_wconf 81' lang='grc' dir='ltr'>ἑπάὑτῆς.</span> <span class='ocrx_word' id='word_1_183' title='bbox 1783 1164 1959 1216; x_wconf 86' lang='grc' dir='ltr'>Ἐπει-</span> <span class='ocrx_word' id='word_1_184' title='bbox 2043 1156 2340 1239; x_wconf 60' lang='grc' dir='ltr'>ρὸῦμετ-ξρς</span> <span class='ocrx_word' id='word_1_185' title='bbox 2368 1170 2480 1224; x_wconf 81' lang='grc' dir='ltr'>τὸν</span> <span class='ocrx_word' id='word_1_186' title='bbox 2528 1156 2698 1239; x_wconf 77' lang='grc' dir='ltr'>κριὸν</span> <span class='ocrx_word' id='word_1_187' title='bbox 2746 1171 2815 1224; x_wconf 82' lang='grc' dir='ltr'>ἐκ</span> <span class='ocrx_word' id='word_1_188' title='bbox 2865 1168 3063 1238; x_wconf 83' lang='grc' dir='ltr'>χειρὸς</span> <span class='ocrx_word' id='word_1_189' title='bbox 3113 1156 3323 1224; x_wconf 70' lang='grc' dir='ltr'>αὐτοῦ.</span> <span class='ocrx_word' id='word_1_190' title='bbox 3353 1168 3462 1220; x_wconf 77' lang='grc' dir='ltr'>Καὶ</span> <span class='ocrx_word' id='word_1_191' title='bbox 3490 1166 3633 1237; x_wconf 71' lang='grc' dir='ltr'>μετὰ</span> 
     </span>
    </p>
   </div>
   <div class='ocr_carea' id='block_1_25' title="bbox 383 1239 1960 1312">
    <p class='ocr_par' dir='ltr' id='par_1_25' title="bbox 383 1239 1960 1312">
     <span class='ocr_line' id='line_1_25' title="bbox 383 1239 1960 1312; baseline 0.001 -20"><span class='ocrx_word' id='word_1_192' title='bbox 383 1239 449 1309; x_wconf 81' lang='grc' dir='ltr'>δὴ</span> <span class='ocrx_word' id='word_1_193' title='bbox 480 1239 589 1308; x_wconf 83' lang='grc' dir='ltr'>γὰρ</span> <span class='ocrx_word' id='word_1_194' title='bbox 613 1239 739 1301; x_wconf 76' lang='grc' dir='ltr'>τοὺς</span> <span class='ocrx_word' id='word_1_195' title='bbox 777 1239 1098 1309; x_wconf 81' lang='grc' dir='ltr'>ἀνθρώπους</span> <span class='ocrx_word' id='word_1_196' title='bbox 1126 1240 1450 1308; x_wconf 84' lang='grc' dir='ltr'>περιελθὼν,</span> <span class='ocrx_word' id='word_1_197' title='bbox 1485 1241 1676 1295; x_wconf 77' lang='grc' dir='ltr'>οὐδένα</span> <span class='ocrx_word' id='word_1_198' title='bbox 1700 1240 1847 1312; x_wconf 78' lang='grc' dir='ltr'>ἐώρα</span> <span class='ocrx_word' id='word_1_199' title='bbox 1868 1241 1960 1293; x_wconf 85' lang='grc' dir='ltr'>δυ·-</span> 
     </span>
    </p>
   </div>
   <div class='ocr_carea' id='block_1_26' title="bbox 382 1316 1958 1390">
    <p class='ocr_par' dir='ltr' id='par_1_26' title="bbox 382 1316 1958 1390">
     <span class='ocr_line' id='line_1_26' title="bbox 382 1316 1958 1390; baseline 0.002 -21"><span class='ocrx_word' id='word_1_200' title='bbox 382 1317 611 1386; x_wconf 86' lang='grc' dir='ltr'>νάμενον</span> <span class='ocrx_word' id='word_1_201' title='bbox 646 1316 773 1369; x_wconf 81' lang='grc' dir='ltr'>ἵλεω</span> <span class='ocrx_word' id='word_1_202' title='bbox 816 1319 1037 1388; x_wconf 84' lang='grc' dir='ltr'>ποιῆσαι</span> <span class='ocrx_word' id='word_1_203' title='bbox 1064 1318 1158 1372; x_wconf 88' lang='grc' dir='ltr'>τὸν</span> <span class='ocrx_word' id='word_1_204' title='bbox 1189 1318 1342 1379; x_wconf 85' lang='grc' dir='ltr'>Θεὸν,</span> <span class='ocrx_word' id='word_1_205' title='bbox 1386 1319 1521 1387; x_wconf 84' lang='grc' dir='ltr'>πρὸς</span> <span class='ocrx_word' id='word_1_206' title='bbox 1553 1320 1622 1372; x_wconf 71' lang='grc' dir='ltr'>τὰ</span> <span class='ocrx_word' id='word_1_207' title='bbox 1672 1319 1958 1390; x_wconf 76' lang='grc' dir='ltr'>οἰκοδομή-</span> 
     </span>
    </p>
   </div>
   <div class='ocr_carea' id='block_1_27' title="bbox 387 1395 1957 1470">
    <p class='ocr_par' dir='ltr' id='par_1_27' title="bbox 387 1395 1957 1470">
     <span class='ocr_line' id='line_1_27' title="bbox 387 1395 1957 1470; baseline 0.002 -24"><span class='ocrx_word' id='word_1_208' title='bbox 387 1412 532 1465; x_wconf 86' lang='grc' dir='ltr'>ματα</span> <span class='ocrx_word' id='word_1_209' title='bbox 558 1395 915 1461; x_wconf 76' lang='grc' dir='ltr'>καταφεύγει,</span> <span class='ocrx_word' id='word_1_210' title='bbox 946 1398 1039 1450; x_wconf 80' lang='grc' dir='ltr'>καὶ</span> <span class='ocrx_word' id='word_1_211' title='bbox 1062 1398 1162 1468; x_wconf 82' lang='grc' dir='ltr'>τὴν</span> <span class='ocrx_word' id='word_1_212' title='bbox 1195 1397 1350 1450; x_wconf 89' lang='grc' dir='ltr'>πόλιν</span> <span class='ocrx_word' id='word_1_213' title='bbox 1372 1398 1539 1469; x_wconf 81' lang='grc' dir='ltr'>αὐτὴν</span> <span class='ocrx_word' id='word_1_214' title='bbox 1568 1398 1957 1470; x_wconf 86' lang='grc' dir='ltr'>προϐάλλεται,</span> 
     </span>
    </p>
   </div>
   <div class='ocr_carea' id='block_1_28' title="bbox 384 1472 1957 1545">
    <p class='ocr_par' dir='ltr' id='par_1_28' title="bbox 384 1472 1957 1545">
     <span class='ocr_line' id='line_1_28' title="bbox 384 1472 1957 1545; baseline 0.003 -22"><span class='ocrx_word' id='word_1_215' title='bbox 384 1473 479 1524; x_wconf 73' lang='grc' dir='ltr'>καὶ</span> <span class='ocrx_word' id='word_1_216' title='bbox 524 1474 621 1539; x_wconf 62' lang='grc' dir='ltr'>τὴν</span> <span class='ocrx_word' id='word_1_217' title='bbox 671 1472 903 1543; x_wconf 75' lang='grc' dir='ltr'>ἐρημίαν</span> <span class='ocrx_word' id='word_1_218' title='bbox 943 1475 1113 1544; x_wconf 84' lang='grc' dir='ltr'>αὐτῆς</span> <span class='ocrx_word' id='word_1_219' title='bbox 1155 1475 1519 1545; x_wconf 81' lang='grc' dir='ltr'>προτείνεται,</span> <span class='ocrx_word' id='word_1_220' title='bbox 1547 1477 1641 1529; x_wconf 77' lang='grc' dir='ltr'>καὶ</span> <span class='ocrx_word' id='word_1_221' title='bbox 1662 1476 1720 1528; x_wconf 83' lang='grc' dir='ltr'>ἐν</span> <span class='ocrx_word' id='word_1_222' title='bbox 1746 1474 1957 1537; x_wconf 77' lang='grc' dir='ltr'>τούτοις</span> 
     </span>
    </p>
   </div>
   <div class='ocr_carea' id='block_1_29' title="bbox 385 1550 1955 1623">
    <p class='ocr_par' dir='ltr' id='par_1_29' title="bbox 385 1550 1955 1623">
     <span class='ocr_line' id='line_1_29' title="bbox 385 1550 1955 1623; baseline 0 -19"><span class='ocrx_word' id='word_1_223' title='bbox 385 1550 690 1612; x_wconf 80' lang='grc' dir='ltr'>καταλύσας</span> <span class='ocrx_word' id='word_1_224' title='bbox 710 1551 801 1603; x_wconf 78' lang='grc' dir='ltr'>τὸν</span> <span class='ocrx_word' id='word_1_225' title='bbox 829 1551 1006 1619; x_wconf 84' lang='grc' dir='ltr'>λόγον,</span> <span class='ocrx_word' id='word_1_226' title='bbox 1040 1552 1167 1604; x_wconf 81' lang='grc' dir='ltr'>ἵλεω</span> <span class='ocrx_word' id='word_1_227' title='bbox 1187 1552 1278 1604; x_wconf 87' lang='grc' dir='ltr'>τὸν</span> <span class='ocrx_word' id='word_1_228' title='bbox 1308 1552 1440 1606; x_wconf 83' lang='grc' dir='ltr'>Θεὸν</span> <span class='ocrx_word' id='word_1_229' title='bbox 1471 1553 1721 1623; x_wconf 85' lang='grc' dir='ltr'>ἐποίησε·</span> <span class='ocrx_word' id='word_1_230' title='bbox 1751 1553 1844 1605; x_wconf 75' lang='grc' dir='ltr'>καὶ</span> <span class='ocrx_word' id='word_1_231' title='bbox 1863 1552 1955 1621; x_wconf 78' lang='grc' dir='ltr'>δῆ-</span> 
     </span>
    </p>
   </div>
   <div class='ocr_carea' id='block_1_30' title="bbox 384 1628 1960 1700">
    <p class='ocr_par' dir='ltr' id='par_1_30' title="bbox 384 1628 1960 1700">
     <span class='ocr_line' id='line_1_30' title="bbox 384 1628 1960 1700; baseline 0.002 -21"><span class='ocrx_word' id='word_1_232' title='bbox 384 1629 472 1680; x_wconf 81' lang='grc' dir='ltr'>λον</span> <span class='ocrx_word' id='word_1_233' title='bbox 502 1630 565 1680; x_wconf 85' lang='grc' dir='ltr'>ἐκ</span> <span class='ocrx_word' id='word_1_234' title='bbox 595 1628 702 1682; x_wconf 84' lang='grc' dir='ltr'>τῶν</span> <span class='ocrx_word' id='word_1_235' title='bbox 751 1628 892 1699; x_wconf 78' lang='grc' dir='ltr'>ἑξῆς.</span> <span class='ocrx_word' id='word_1_236' title='bbox 946 1629 1084 1682; x_wconf 86' lang='grc' dir='ltr'>Ἀλλ’</span> <span class='ocrx_word' id='word_1_237' title='bbox 1118 1631 1256 1700; x_wconf 81' lang='grc' dir='ltr'>ὅπερ</span> <span class='ocrx_word' id='word_1_238' title='bbox 1288 1629 1504 1698; x_wconf 80' lang='grc' dir='ltr'>ἔλεγον·</span> <span class='ocrx_word' id='word_1_239' title='bbox 1532 1630 1615 1683; x_wconf 84' lang='grc' dir='ltr'>δεῖ</span> <span class='ocrx_word' id='word_1_240' title='bbox 1639 1631 1748 1700; x_wconf 87' lang='grc' dir='ltr'>γὰρ</span> <span class='ocrx_word' id='word_1_241' title='bbox 1782 1631 1875 1683; x_wconf 69' lang='grc' dir='ltr'>ἐπὶ</span> <span class='ocrx_word' id='word_1_242' title='bbox 1898 1629 1960 1683; x_wconf 88' lang='grc' dir='ltr'>τὸ</span> 
     </span>
    </p>
   </div>
   <div class='ocr_carea' id='block_1_31' title="bbox 385 1707 1960 1780">
    <p class='ocr_par' dir='ltr' id='par_1_31' title="bbox 385 1707 1960 1780">
     <span class='ocr_line' id='line_1_31' title="bbox 385 1707 1960 1780; baseline 0.002 -21"><span class='ocrx_word' id='word_1_243' title='bbox 385 1707 739 1777; x_wconf 84' lang='grc' dir='ltr'>προκείμενον</span> <span class='ocrx_word' id='word_1_244' title='bbox 790 1708 950 1760; x_wconf 85' lang='grc' dir='ltr'>πάλιν</span> <span class='ocrx_word' id='word_1_245' title='bbox 993 1708 1337 1763; x_wconf 82' lang='grc' dir='ltr'>ἐπανελθεῖν·</span> <span class='ocrx_word' id='word_1_246' title='bbox 1370 1710 1463 1763; x_wconf 80' lang='grc' dir='ltr'>καὶ</span> <span class='ocrx_word' id='word_1_247' title='bbox 1507 1710 1617 1780; x_wconf 82' lang='grc' dir='ltr'>γὰρ</span> <span class='ocrx_word' id='word_1_248' title='bbox 1646 1710 1739 1762; x_wconf 87' lang='lat' dir='ltr'>ml</span> <span class='ocrx_word' id='word_1_249' title='bbox 1785 1708 1960 1762; x_wconf 81' lang='grc' dir='ltr'>ταῦτα</span> 
     </span>
    </p>
   </div>
   <div class='ocr_carea' id='block_1_32' title="bbox 383 1784 1957 1858">
    <p class='ocr_par' dir='ltr' id='par_1_32' title="bbox 383 1784 1957 1858">
     <span class='ocr_line' id='line_1_32' title="bbox 383 1784 1957 1858; baseline 0.001 -21"><span class='ocrx_word' id='word_1_250' title='bbox 383 1784 781 1854; x_wconf 82' lang='grc' dir='ltr'>παρενέϐαλλον</span> <span class='ocrx_word' id='word_1_251' title='bbox 801 1786 829 1825; x_wconf 76' lang='lat' dir='ltr'><strong>b</strong></span> <span class='ocrx_word' id='word_1_252' title='bbox 852 1787 949 1856; x_wconf 82' lang='grc' dir='ltr'>οὐχ</span> <span class='ocrx_word' id='word_1_253' title='bbox 975 1787 1161 1850; x_wconf 82' lang='grc' dir='ltr'>ἁπλῶς</span> <span class='ocrx_word' id='word_1_254' title='bbox 1180 1788 1296 1841; x_wconf 76' lang='grc' dir='ltr'>οὐδὲ</span> <span class='ocrx_word' id='word_1_255' title='bbox 1329 1788 1452 1858; x_wconf 85' lang='grc' dir='ltr'>είκῆ</span> <span class='ocrx_word' id='word_1_256' title='bbox 1488 1830 1502 1853; x_wconf 90' lang='grc'>,</span> <span class='ocrx_word' id='word_1_257' title='bbox 1539 1787 1653 1840; x_wconf 82' lang='grc' dir='ltr'>ἀλλ’</span> <span class='ocrx_word' id='word_1_258' title='bbox 1682 1787 1822 1840; x_wconf 84' lang='grc' dir='ltr'>ὥστε</span> <span class='ocrx_word' id='word_1_259' title='bbox 1859 1804 1957 1857; x_wconf 66' lang='grc' dir='ltr'>μισ</span> 
     </span>
    </p>
   </div>
   <div class='ocr_carea' id='block_1_33' title="bbox 384 1864 1957 1936">
    <p class='ocr_par' dir='ltr' id='par_1_33' title="bbox 384 1864 1957 1936">
     <span class='ocr_line' id='line_1_33' title="bbox 384 1864 1957 1936; baseline -0.001 -17"><span class='ocrx_word' id='word_1_260' title='bbox 384 1866 513 1934; x_wconf 77' lang='grc' dir='ltr'>κρὸν</span> <span class='ocrx_word' id='word_1_261' title='bbox 537 1864 688 1934; x_wconf 86' lang='grc' dir='ltr'>ὑμῶν</span> <span class='ocrx_word' id='word_1_262' title='bbox 709 1864 1074 1918; x_wconf 80' lang='grc' dir='ltr'>διαναπαῦσαι</span> <span class='ocrx_word' id='word_1_263' title='bbox 1093 1866 1191 1936; x_wconf 83' lang='grc' dir='ltr'>τὴν</span> <span class='ocrx_word' id='word_1_264' title='bbox 1212 1867 1449 1919; x_wconf 84' lang='grc' dir='ltr'>διάνοιαν</span> <span class='ocrx_word' id='word_1_265' title='bbox 1469 1866 1576 1919; x_wconf 84' lang='grc' dir='ltr'>ἀπὸ</span> <span class='ocrx_word' id='word_1_266' title='bbox 1592 1866 1698 1919; x_wconf 91' lang='grc' dir='ltr'>τῶν</span> <span class='ocrx_word' id='word_1_267' title='bbox 1720 1864 1957 1935; x_wconf 88' lang='grc' dir='ltr'>συνεχῶν</span> 
     </span>
    </p>
   </div>
   <div class='ocr_carea' id='block_1_34' title="bbox 383 1939 1955 2014">
    <p class='ocr_par' dir='ltr' id='par_1_34' title="bbox 383 1939 1955 2014">
     <span class='ocr_line' id='line_1_34' title="bbox 383 1939 1955 2014; baseline -0.001 -19"><span class='ocrx_word' id='word_1_268' title='bbox 383 1942 775 2011; x_wconf 84' lang='grc' dir='ltr'>ἀγωνισμάτων</span> <span class='ocrx_word' id='word_1_269' title='bbox 798 1941 1099 2012; x_wconf 80' lang='grc' dir='ltr'>καμοῦσαν.</span> <span class='ocrx_word' id='word_1_270' title='bbox 1126 1943 1261 2014; x_wconf 81' lang='grc' dir='ltr'>Φέρε</span> <span class='ocrx_word' id='word_1_271' title='bbox 1283 1939 1374 1997; x_wconf 83' lang='grc' dir='ltr'>οὖν</span> <span class='ocrx_word' id='word_1_272' title='bbox 1405 1943 1711 2013; x_wconf 83' lang='grc' dir='ltr'>ἐπανίωμεν</span> <span class='ocrx_word' id='word_1_273' title='bbox 1731 1942 1850 1995; x_wconf 80' lang='grc' dir='ltr'>ὅθεν</span> <span class='ocrx_word' id='word_1_274' title='bbox 1866 1942 1955 2006; x_wconf 82' lang='grc' dir='ltr'>ἐξ-</span> 
     </span>
    </p>
   </div>
   <div class='ocr_carea' id='block_1_35' title="bbox 384 2018 1957 2091">
    <p class='ocr_par' dir='ltr' id='par_1_35' title="bbox 384 2018 1957 2091">
     <span class='ocr_line' id='line_1_35' title="bbox 384 2018 1957 2091; baseline 0.001 -19"><span class='ocrx_word' id='word_1_275' title='bbox 384 2021 481 2090; x_wconf 84' lang='grc' dir='ltr'>έϐη</span> <span class='ocrx_word' id='word_1_276' title='bbox 491 2036 588 2089; x_wconf 87' lang='grc' dir='ltr'>μεν</span> <span class='ocrx_word' id='word_1_277' title='bbox 612 2018 782 2072; x_wconf 79' lang='grc' dir='ltr'>ταῦτα</span> <span class='ocrx_word' id='word_1_278' title='bbox 804 2021 998 2082; x_wconf 84' lang='grc' dir='ltr'>εἰπεῖν,</span> <span class='ocrx_word' id='word_1_279' title='bbox 1018 2020 1112 2074; x_wconf 73' lang='grc' dir='ltr'>καὶ</span> <span class='ocrx_word' id='word_1_280' title='bbox 1134 2021 1394 2091; x_wconf 80' lang='grc' dir='ltr'>δείξωμεν</span> <span class='ocrx_word' id='word_1_281' title='bbox 1419 2023 1488 2074; x_wconf 78' lang='grc' dir='ltr'>τὰ</span> <span class='ocrx_word' id='word_1_282' title='bbox 1508 2021 1767 2091; x_wconf 85' lang='grc' dir='ltr'>μέλλοντα</span> <span class='ocrx_word' id='word_1_283' title='bbox 1793 2038 1957 2073; x_wconf 81' lang='grc' dir='ltr'>κατα·</span> 
     </span>
    </p>
   </div>
   <div class='ocr_carea' id='block_1_36' title="bbox 383 2097 1955 2170">
    <p class='ocr_par' dir='ltr' id='par_1_36' title="bbox 383 2097 1955 2170">
     <span class='ocr_line' id='line_1_36' title="bbox 383 2097 1955 2170; baseline -0.001 -19"><span class='ocrx_word' id='word_1_284' title='bbox 383 2097 644 2170; x_wconf 61' lang='grc' dir='ltr'>λήψεσθαι</span> <span class='ocrx_word' id='word_1_285' title='bbox 666 2098 791 2161; x_wconf 80' lang='grc' dir='ltr'>τοὺς</span> <span class='ocrx_word' id='word_1_286' title='bbox 832 2099 1118 2162; x_wconf 83' lang='grc' dir='ltr'>Ἰουδαίους</span> <span class='ocrx_word' id='word_1_287' title='bbox 1142 2100 1285 2153; x_wconf 75' lang='grc' dir='ltr'>κακὰ</span> <span class='ocrx_word' id='word_1_288' title='bbox 1308 2099 1512 2153; x_wconf 78' lang='grc' dir='ltr'>ἄνωθεν</span> <span class='ocrx_word' id='word_1_289' title='bbox 1544 2099 1955 2169; x_wconf 75' lang='grc' dir='ltr'>προηγορευμέ·</span> 
     </span>
    </p>
   </div>
   <div class='ocr_carea' id='block_1_37' title="bbox 382 2174 1957 2247">
    <p class='ocr_par' dir='ltr' id='par_1_37' title="bbox 382 2174 1957 2247">
     <span class='ocr_line' id='line_1_37' title="bbox 382 2174 1957 2247; baseline -0.001 -18"><span class='ocrx_word' id='word_1_290' title='bbox 382 2194 449 2229; x_wconf 89' lang='grc' dir='ltr'>να</span> <span class='ocrx_word' id='word_1_291' title='bbox 472 2189 493 2214; x_wconf 75' lang='grc' dir='ltr'><strong>ο</strong></span> <span class='ocrx_word' id='word_1_292' title='bbox 521 2175 656 2246; x_wconf 76' lang='grc' dir='ltr'>μετὰ</span> <span class='ocrx_word' id='word_1_293' title='bbox 677 2174 958 2245; x_wconf 88' lang='grc' dir='ltr'>ἀκριϐείας</span> <span class='ocrx_word' id='word_1_294' title='bbox 988 2178 1225 2247; x_wconf 82' lang='grc' dir='ltr'>ἁπάσης.</span> <span class='ocrx_word' id='word_1_295' title='bbox 1262 2175 1365 2228; x_wconf 90' lang='grc' dir='ltr'>Δύο</span> <span class='ocrx_word' id='word_1_296' title='bbox 1400 2177 1496 2246; x_wconf 89' lang='grc' dir='ltr'>μὲν</span> <span class='ocrx_word' id='word_1_297' title='bbox 1516 2177 1579 2246; x_wconf 83' lang='grc' dir='ltr'>δὴ</span> <span class='ocrx_word' id='word_1_298' title='bbox 1607 2175 1808 2238; x_wconf 88' lang='grc' dir='ltr'>ταύτας</span> <span class='ocrx_word' id='word_1_299' title='bbox 1834 2177 1957 2228; x_wconf 84' lang='grc' dir='ltr'>δου-</span> 
     </span>
    </p>
   </div>
   <div class='ocr_carea' id='block_1_38' title="bbox 382 2251 1957 2324">
    <p class='ocr_par' dir='ltr' id='par_1_38' title="bbox 382 2251 1957 2324">
     <span class='ocr_line' id='line_1_38' title="bbox 382 2251 1957 2324; baseline -0.001 -19"><span class='ocrx_word' id='word_1_300' title='bbox 382 2253 531 2316; x_wconf 83' lang='grc' dir='ltr'>λείας</span> <span class='ocrx_word' id='word_1_301' title='bbox 556 2255 584 2306; x_wconf 85' lang='grc' dir='ltr'>ὸ</span> <span class='ocrx_word' id='word_1_302' title='bbox 612 2252 768 2319; x_wconf 81' lang='grc' dir='ltr'>λόγος</span> <span class='ocrx_word' id='word_1_303' title='bbox 811 2252 1059 2318; x_wconf 78' lang='grc' dir='ltr'>ἀπέδειξε</span> <span class='ocrx_word' id='word_1_304' title='bbox 1093 2254 1229 2323; x_wconf 78' lang='grc' dir='ltr'>μετὰ</span> <span class='ocrx_word' id='word_1_305' title='bbox 1263 2253 1595 2324; x_wconf 72' lang='grc' dir='ltr'>προφητείας</span> <span class='ocrx_word' id='word_1_306' title='bbox 1625 2251 1957 2315; x_wconf 86' lang='grc' dir='ltr'>ἐπελθούσας</span> 
     </span>
    </p>
   </div>
   <div class='ocr_carea' id='block_1_39' title="bbox 382 2330 1956 2402">
    <p class='ocr_par' dir='ltr' id='par_1_39' title="bbox 382 2330 1956 2402">
     <span class='ocr_line' id='line_1_39' title="bbox 382 2330 1956 2402; baseline 0 -18"><span class='ocrx_word' id='word_1_307' title='bbox 382 2334 587 2394; x_wconf 79' lang='grc' dir='ltr'>αὐτοῖς,</span> <span class='ocrx_word' id='word_1_308' title='bbox 615 2331 708 2383; x_wconf 89' lang='lat' dir='ltr'>ml</span> <span class='ocrx_word' id='word_1_309' title='bbox 733 2331 831 2400; x_wconf 83' lang='grc' dir='ltr'>οὐχ</span> <span class='ocrx_word' id='word_1_310' title='bbox 853 2330 1184 2395; x_wconf 82' lang='grc' dir='ltr'>άπλῶς,οὐδὲ</span> <span class='ocrx_word' id='word_1_311' title='bbox 1220 2331 1660 2402; x_wconf 62' lang='grc' dir='ltr'>ἀπροσδοκήτως.</span> <span class='ocrx_word' id='word_1_312' title='bbox 1695 2330 1956 2384; x_wconf 87' lang='grc' dir='ltr'>Λείπεται</span> 
     </span>
    </p>
   </div>
   <div class='ocr_carea' id='block_1_40' title="bbox 382 2407 1955 2480">
    <p class='ocr_par' dir='ltr' id='par_1_40' title="bbox 382 2407 1955 2480">
     <span class='ocr_line' id='line_1_40' title="bbox 382 2407 1955 2480; baseline -0.003 -16"><span class='ocrx_word' id='word_1_313' title='bbox 382 2412 439 2464; x_wconf 74' lang='grc' dir='ltr'>δὲ</span> <span class='ocrx_word' id='word_1_314' title='bbox 473 2410 659 2463; x_wconf 83' lang='grc' dir='ltr'>λοιπὸν</span> <span class='ocrx_word' id='word_1_315' title='bbox 686 2408 783 2480; x_wconf 80' lang='grc' dir='ltr'>τὴν</span> <span class='ocrx_word' id='word_1_316' title='bbox 813 2409 1003 2480; x_wconf 86' lang='grc' dir='ltr'>τρίτην</span> <span class='ocrx_word' id='word_1_317' title='bbox 1045 2409 1440 2477; x_wconf 80' lang='grc' dir='ltr'>ἐπαγαγόντας,</span> <span class='ocrx_word' id='word_1_318' title='bbox 1474 2410 1568 2461; x_wconf 74' lang='grc' dir='ltr'>καὶ</span> <span class='ocrx_word' id='word_1_319' title='bbox 1596 2409 1725 2479; x_wconf 79' lang='grc' dir='ltr'>περὶ</span> <span class='ocrx_word' id='word_1_320' title='bbox 1753 2407 1955 2479; x_wconf 83' lang='grc' dir='ltr'>ταύτης</span> 
     </span>
    </p>
   </div>
   <div class='ocr_carea' id='block_1_41' title="bbox 382 2485 1953 2558">
    <p class='ocr_par' dir='ltr' id='par_1_41' title="bbox 382 2485 1953 2558">
     <span class='ocr_line' id='line_1_41' title="bbox 382 2485 1953 2558; baseline -0.002 -17"><span class='ocrx_word' id='word_1_321' title='bbox 382 2489 480 2558; x_wconf 84' lang='grc' dir='ltr'>τῆς</span> <span class='ocrx_word' id='word_1_322' title='bbox 496 2488 591 2541; x_wconf 79' lang='grc' dir='ltr'>νῦν</span> <span class='ocrx_word' id='word_1_323' title='bbox 620 2486 951 2558; x_wconf 79' lang='grc' dir='ltr'>κατεχούσης</span> <span class='ocrx_word' id='word_1_324' title='bbox 980 2488 1176 2550; x_wconf 76' lang='grc' dir='ltr'>αὐτοὺς</span> <span class='ocrx_word' id='word_1_325' title='bbox 1211 2490 1402 2550; x_wconf 76' lang='grc' dir='ltr'>εἰπεῖν,</span> <span class='ocrx_word' id='word_1_326' title='bbox 1435 2488 1531 2539; x_wconf 90' lang='lat' dir='ltr'>ml</span> <span class='ocrx_word' id='word_1_327' title='bbox 1558 2485 1725 2550; x_wconf 77' lang='grc' dir='ltr'>δεῖξαι</span> <span class='ocrx_word' id='word_1_328' title='bbox 1749 2485 1953 2555; x_wconf 80' lang='grc' dir='ltr'>σαφῶς,</span> 
     </span>
    </p>
   </div>
   <div class='ocr_carea' id='block_1_42' title="bbox 384 2560 1955 2635">
    <p class='ocr_par' dir='ltr' id='par_1_42' title="bbox 384 2560 1955 2635">
     <span class='ocr_line' id='line_1_42' title="bbox 384 2560 1955 2635; baseline -0.001 -17"><span class='ocrx_word' id='word_1_329' title='bbox 384 2564 500 2629; x_wconf 83' lang='grc' dir='ltr'>πῶς</span> <span class='ocrx_word' id='word_1_330' title='bbox 524 2565 641 2618; x_wconf 80' lang='grc' dir='ltr'>οὑδέ</span> <span class='ocrx_word' id='word_1_331' title='bbox 656 2560 735 2627; x_wconf 79' lang='grc' dir='ltr'>εἷς</span> <span class='ocrx_word' id='word_1_332' title='bbox 751 2568 1030 2635; x_wconf 78' lang='grc' dir='ltr'>προφήτης</span> <span class='ocrx_word' id='word_1_333' title='bbox 1048 2564 1407 2635; x_wconf 80' lang='grc' dir='ltr'>ἐπηγγείλατό</span> <span class='ocrx_word' id='word_1_334' title='bbox 1425 2581 1544 2617; x_wconf 89' lang='grc' dir='ltr'>τινα</span> <span class='ocrx_word' id='word_1_335' title='bbox 1570 2563 1719 2616; x_wconf 89' lang='grc' dir='ltr'>λύσιν</span> <span class='ocrx_word' id='word_1_336' title='bbox 1737 2564 1955 2617; x_wconf 80' lang='grc' dir='ltr'>ἔσεσθαι</span> 
     </span>
    </p>
   </div>
   <div class='ocr_carea' id='block_1_43' title="bbox 381 2640 1955 2713">
    <p class='ocr_par' dir='ltr' id='par_1_43' title="bbox 381 2640 1955 2713">
     <span class='ocr_line' id='line_1_43' title="bbox 381 2640 1955 2713; baseline 0 -16"><span class='ocrx_word' id='word_1_337' title='bbox 381 2644 492 2697; x_wconf 89' lang='grc' dir='ltr'>τῶν</span> <span class='ocrx_word' id='word_1_338' title='bbox 520 2643 855 2713; x_wconf 85' lang='grc' dir='ltr'>κατεχόντων</span> <span class='ocrx_word' id='word_1_339' title='bbox 890 2643 1085 2706; x_wconf 81' lang='grc' dir='ltr'>αὐτοὺς</span> <span class='ocrx_word' id='word_1_340' title='bbox 1112 2643 1296 2695; x_wconf 85' lang='grc' dir='ltr'>κακῶν</span> <span class='ocrx_word' id='word_1_341' title='bbox 1336 2640 1458 2694; x_wconf 74' lang='grc' dir='ltr'>οὕτε</span> <span class='ocrx_word' id='word_1_342' title='bbox 1487 2641 1823 2713; x_wconf 84' lang='grc' dir='ltr'>ἀπαλλαγήν.</span> <span class='ocrx_word' id='word_1_343' title='bbox 1859 2645 1955 2707; x_wconf 86' lang='grc' dir='ltr'>Τίς</span> 
     </span>
    </p>
   </div>
   <div class='ocr_carea' id='block_1_44' title="bbox 380 2716 1954 2791">
    <p class='ocr_par' dir='ltr' id='par_1_44' title="bbox 380 2716 1954 2791">
     <span class='ocr_line' id='line_1_44' title="bbox 380 2716 1954 2791; baseline 0.001 -17"><span class='ocrx_word' id='word_1_344' title='bbox 380 2716 475 2779; x_wconf 70' lang='grc' dir='ltr'>οὖν</span> <span class='ocrx_word' id='word_1_345' title='bbox 504 2723 649 2774; x_wconf 85' lang='grc' dir='ltr'>ἐστιν</span> <span class='ocrx_word' id='word_1_346' title='bbox 669 2719 908 2791; x_wconf 74' lang='grc' dir='ltr'>ήτρίτης</span> <span class='ocrx_word' id='word_1_347' title='bbox 946 2720 1007 2771; x_wconf 81' lang='grc' dir='ltr'><strong>Ἡ</strong></span> <span class='ocrx_word' id='word_1_348' title='bbox 1042 2719 1133 2771; x_wconf 73' lang='grc' dir='ltr'>ἐπὶ</span> <span class='ocrx_word' id='word_1_349' title='bbox 1182 2720 1454 2787; x_wconf 80' lang='grc' dir='ltr'>Ἀντιόχου</span> <span class='ocrx_word' id='word_1_350' title='bbox 1483 2720 1576 2772; x_wconf 79' lang='grc' dir='ltr'>τοῦ</span> <span class='ocrx_word' id='word_1_351' title='bbox 1606 2720 1954 2789; x_wconf 77' lang='grc' dir='ltr'>Ἐπιφανοῦς.</span> 
     </span>
    </p>
   </div>
   <div class='ocr_carea' id='block_1_45' title="bbox 393 2795 1953 2869">
    <p class='ocr_par' dir='ltr' id='par_1_45' title="bbox 393 2795 1953 2869">
     <span class='ocr_line' id='line_1_45' title="bbox 393 2795 1953 2869; baseline 0.021 -45"><span class='ocrx_word' id='word_1_352' title='bbox 393 2798 611 2869; x_wconf 62' lang='grc' dir='ltr'>,Επειδὴ</span> <span class='ocrx_word' id='word_1_353' title='bbox 640 2798 747 2868; x_wconf 78' lang='grc' dir='ltr'>γὰρ</span> <span class='ocrx_word' id='word_1_354' title='bbox 786 2796 1126 2867; x_wconf 80' lang='grc' dir='ltr'>Ἀλέξανδρος</span> <span class='ocrx_word' id='word_1_355' title='bbox 1155 2796 1183 2847; x_wconf 90' lang='grc' dir='ltr'><em>ὀ</em></span> <span class='ocrx_word' id='word_1_356' title='bbox 1206 2795 1314 2848; x_wconf 91' lang='grc' dir='ltr'>τῶν</span> <span class='ocrx_word' id='word_1_357' title='bbox 1336 2796 1662 2850; x_wconf 88' lang='grc' dir='ltr'>Μακεδόνων</span> <span class='ocrx_word' id='word_1_358' title='bbox 1684 2795 1953 2865; x_wconf 80' lang='grc' dir='ltr'>βασιλεὺς,</span> 
     </span>
    </p>
   </div>
   <div class='ocr_carea' id='block_1_46' title="bbox 382 2872 1955 2947">
    <p class='ocr_par' dir='ltr' id='par_1_46' title="bbox 382 2872 1955 2947">
     <span class='ocr_line' id='line_1_46' title="bbox 382 2872 1955 2947; baseline -0.001 -18"><span class='ocrx_word' id='word_1_359' title='bbox 382 2879 605 2947; x_wconf 82' lang='grc' dir='ltr'>Δαρεῖον</span> <span class='ocrx_word' id='word_1_360' title='bbox 641 2875 729 2929; x_wconf 90' lang='grc' dir='ltr'>τὸν</span> <span class='ocrx_word' id='word_1_361' title='bbox 760 2873 868 2928; x_wconf 91' lang='grc' dir='ltr'>τῶν</span> <span class='ocrx_word' id='word_1_362' title='bbox 911 2875 1134 2943; x_wconf 85' lang='grc' dir='ltr'>Περσῶν</span> <span class='ocrx_word' id='word_1_363' title='bbox 1152 2872 1373 2943; x_wconf 84' lang='grc' dir='ltr'>βασιλέα</span> <span class='ocrx_word' id='word_1_364' title='bbox 1406 2875 1631 2940; x_wconf 85' lang='grc' dir='ltr'>ἀνελὼν,</span> <span class='ocrx_word' id='word_1_365' title='bbox 1659 2878 1738 2938; x_wconf 84' lang='grc' dir='ltr'>είς</span> <span class='ocrx_word' id='word_1_366' title='bbox 1764 2875 1955 2929; x_wconf 84' lang='grc' dir='ltr'>ἑαυτὸν</span> 
     </span>
    </p>
   </div>
   <div class='ocr_carea' id='block_1_47' title="bbox 380 2951 1955 3027">
    <p class='ocr_par' dir='ltr' id='par_1_47' title="bbox 380 2951 1955 3027">
     <span class='ocr_line' id='line_1_47' title="bbox 380 2951 1955 3027; baseline -0.003 -18"><span class='ocrx_word' id='word_1_367' title='bbox 380 2954 479 3027; x_wconf 82' lang='grc' dir='ltr'>τὴν</span> <span class='ocrx_word' id='word_1_368' title='bbox 498 2953 668 3027; x_wconf 79' lang='grc' dir='ltr'>ἀρχὴν</span> <span class='ocrx_word' id='word_1_369' title='bbox 682 2953 1023 3024; x_wconf 81' lang='grc' dir='ltr'>περιέστησε,</span> <span class='ocrx_word' id='word_1_370' title='bbox 1040 2952 1454 3027; x_wconf 86' lang='grc' dir='ltr'>τελευτήσαντος</span> <span class='ocrx_word' id='word_1_371' title='bbox 1470 2951 1681 3017; x_wconf 86' lang='grc' dir='ltr'>τούτου,</span> <span class='ocrx_word' id='word_1_372' title='bbox 1693 2954 1955 3023; x_wconf 86' lang='grc' dir='ltr'>τέσσαρες</span> 
     </span>
    </p>
   </div>
   <div class='ocr_carea' id='block_1_48' title="bbox 385 3026 1953 3104">
    <p class='ocr_par' dir='ltr' id='par_1_48' title="bbox 385 3026 1953 3104">
     <span class='ocr_line' id='line_1_48' title="bbox 385 3026 1953 3104; baseline -0.002 -17"><span class='ocrx_word' id='word_1_373' title='bbox 385 3026 502 3104; x_wconf 83' lang='grc' dir='ltr'>μετ’</span> <span class='ocrx_word' id='word_1_374' title='bbox 535 3026 740 3086; x_wconf 78' lang='grc' dir='ltr'>ἐκεῖνον</span> <span class='ocrx_word' id='word_1_375' title='bbox 765 3031 1051 3101; x_wconf 82' lang='grc' dir='ltr'>ἐγένοντοά</span> <span class='ocrx_word' id='word_1_376' title='bbox 1079 3030 1317 3100; x_wconf 78' lang='grc' dir='ltr'>βασιλεῖς</span> <span class='ocrx_word' id='word_1_377' title='bbox 1334 3048 1347 3060; x_wconf 76' lang='grc' dir='ltr'>ο</span> <span class='ocrx_word' id='word_1_378' title='bbox 1373 3026 1490 3082; x_wconf 78' lang='grc' dir='ltr'>εἶτα</span> <span class='ocrx_word' id='word_1_379' title='bbox 1515 3031 1574 3096; x_wconf 83' lang='grc' dir='ltr'>ἐξ</span> <span class='ocrx_word' id='word_1_380' title='bbox 1602 3032 1719 3094; x_wconf 81' lang='grc' dir='ltr'>ἐνὸς</span> <span class='ocrx_word' id='word_1_381' title='bbox 1748 3031 1953 3084; x_wconf 84' lang='grc' dir='ltr'>τούτων</span> 
     </span>
    </p>
   </div>
   <div class='ocr_carea' id='block_1_49' title="bbox 379 3109 1954 3181">
    <p class='ocr_par' dir='ltr' id='par_1_49' title="bbox 379 3109 1954 3181">
     <span class='ocr_line' id='line_1_49' title="bbox 379 3109 1954 3181; baseline 0 -17"><span class='ocrx_word' id='word_1_382' title='bbox 379 3111 490 3165; x_wconf 86' lang='grc' dir='ltr'>τῶν</span> <span class='ocrx_word' id='word_1_383' title='bbox 537 3110 815 3181; x_wconf 86' lang='grc' dir='ltr'>τεσσάρων</span> <span class='ocrx_word' id='word_1_384' title='bbox 852 3111 1142 3181; x_wconf 87' lang='grc' dir='ltr'>γενόμενος</span> <span class='ocrx_word' id='word_1_385' title='bbox 1188 3113 1217 3163; x_wconf 85' lang='grc' dir='ltr'>ὁ</span> <span class='ocrx_word' id='word_1_386' title='bbox 1268 3109 1532 3180; x_wconf 85' lang='grc' dir='ltr'>Ἀντίοχος</span> <span class='ocrx_word' id='word_1_387' title='bbox 1592 3109 1729 3181; x_wconf 81' lang='grc' dir='ltr'>μετὰ</span> <span class='ocrx_word' id='word_1_388' title='bbox 1788 3110 1954 3164; x_wconf 78' lang='grc' dir='ltr'>πολὺν</span> 
     </span>
    </p>
   </div>
   <div class='ocr_carea' id='block_1_50' title="bbox 382 3188 1953 3260">
    <p class='ocr_par' dir='ltr' id='par_1_50' title="bbox 382 3188 1953 3260">
     <span class='ocr_line' id='line_1_50' title="bbox 382 3188 1953 3260; baseline -0.001 -16"><span class='ocrx_word' id='word_1_389' title='bbox 382 3189 605 3259; x_wconf 80' lang='grc' dir='ltr'>ὕστερον</span> <span class='ocrx_word' id='word_1_390' title='bbox 656 3188 867 3259; x_wconf 87' lang='grc' dir='ltr'>χρόνον,</span> <span class='ocrx_word' id='word_1_391' title='bbox 900 3189 960 3242; x_wconf 81' lang='grc' dir='ltr'>τό</span> <span class='ocrx_word' id='word_1_392' title='bbox 995 3205 1055 3241; x_wconf 89' lang='grc' dir='ltr'>τε</span> <span class='ocrx_word' id='word_1_393' title='bbox 1113 3189 1256 3260; x_wconf 88' lang='grc' dir='ltr'>ἱερὸν</span> <span class='ocrx_word' id='word_1_394' title='bbox 1302 3188 1591 3260; x_wconf 79' lang='grc' dir='ltr'>ἐνέπρησε,</span> <span class='ocrx_word' id='word_1_395' title='bbox 1628 3189 1698 3241; x_wconf 86' lang='grc' dir='ltr'>τά</span> <span class='ocrx_word' id='word_1_396' title='bbox 1739 3206 1796 3241; x_wconf 90' lang='grc' dir='ltr'>τε</span> <span class='ocrx_word' id='word_1_397' title='bbox 1823 3188 1953 3257; x_wconf 79' lang='grc' dir='ltr'>ἅγια</span> 
     </span>
    </p>
   </div>
   <div class='ocr_carea' id='block_1_51' title="bbox 379 3266 1951 3340">
    <p class='ocr_par' dir='ltr' id='par_1_51' title="bbox 379 3266 1951 3340">
     <span class='ocr_line' id='line_1_51' title="bbox 379 3266 1951 3340; baseline 0.004 -25"><span class='ocrx_word' id='word_1_398' title='bbox 379 3270 488 3323; x_wconf 78' lang='grc' dir='ltr'>τῶν</span> <span class='ocrx_word' id='word_1_399' title='bbox 523 3269 689 3337; x_wconf 66' lang='grc' dir='ltr'>ἁγίων</span> <span class='ocrx_word' id='word_1_400' title='bbox 718 3269 1000 3340; x_wconf 74' lang='grc' dir='ltr'>ἠρήμωσε,</span> <span class='ocrx_word' id='word_1_401' title='bbox 1028 3267 1126 3332; x_wconf 86' lang='grc' dir='ltr'>τάς</span> <span class='ocrx_word' id='word_1_402' title='bbox 1151 3286 1211 3321; x_wconf 90' lang='grc' dir='ltr'>τε</span> <span class='ocrx_word' id='word_1_403' title='bbox 1248 3266 1438 3330; x_wconf 81' lang='grc' dir='ltr'>θυσίας</span> <span class='ocrx_word' id='word_1_404' title='bbox 1466 3266 1703 3325; x_wconf 86' lang='grc' dir='ltr'>καθεῖλε.</span> <span class='ocrx_word' id='word_1_405' title='bbox 1727 3267 1851 3331; x_wconf 84' lang='grc' dir='ltr'>τούς</span> <span class='ocrx_word' id='word_1_406' title='bbox 1892 3285 1951 3322; x_wconf 88' lang='grc' dir='ltr'>τε</span> 
     </span>
    </p>
   </div>
   <div class='ocr_carea' id='block_1_52' title="bbox 393 3343 1952 3416">
    <p class='ocr_par' dir='ltr' id='par_1_52' title="bbox 393 3343 1952 3416">
     <span class='ocr_line' id='line_1_52' title="bbox 393 3343 1952 3416; baseline -0.001 -16"><span class='ocrx_word' id='word_1_407' title='bbox 393 3346 673 3409; x_wconf 65' lang='grc' dir='ltr'>Ἰουδαίους</span> <span class='ocrx_word' id='word_1_408' title='bbox 707 3345 960 3411; x_wconf 79' lang='grc' dir='ltr'>ὑπέταξε,</span> <span class='ocrx_word' id='word_1_409' title='bbox 1008 3346 1102 3399; x_wconf 98' lang='lat' dir='ltr'>ml</span> <span class='ocrx_word' id='word_1_410' title='bbox 1150 3346 1249 3416; x_wconf 81' lang='grc' dir='ltr'>τήν</span> <span class='ocrx_word' id='word_1_411' title='bbox 1293 3343 1566 3398; x_wconf 81' lang='grc' dir='ltr'>πολιτείαν</span> <span class='ocrx_word' id='word_1_412' title='bbox 1605 3346 1781 3398; x_wconf 76' lang='grc' dir='ltr'>αὐτῶν</span> <span class='ocrx_word' id='word_1_413' title='bbox 1822 3362 1952 3398; x_wconf 78' lang='grc' dir='ltr'>κατ⁸</span> 
     </span>
    </p>
   </div>
   <div class='ocr_carea' id='block_1_53' title="bbox 381 3422 1375 3477">
    <p class='ocr_par' dir='ltr' id='par_1_53' title="bbox 381 3422 1375 3477">
     <span class='ocr_line' id='line_1_53' title="bbox 381 3422 1375 3477; baseline -0.001 -2"><span class='ocrx_word' id='word_1_414' title='bbox 381 3422 571 3477; x_wconf 81' lang='grc' dir='ltr'>έλυσεν</span> <span class='ocrx_word' id='word_1_415' title='bbox 606 3424 844 3476; x_wconf 79' lang='grc' dir='ltr'>ἃπασαν.</span> <span class='ocrx_word' id='word_1_416' title='bbox 1372 3428 1375 3431; x_wconf 73' lang='grc'><em>’</em></span> 
     </span>
    </p>
   </div>
   <div class='ocr_carea' id='block_1_54' title="bbox 451 3497 1951 3570">
    <p class='ocr_par' dir='ltr' id='par_1_54' title="bbox 451 3497 1951 3570">
     <span class='ocr_line' id='line_1_54' title="bbox 451 3497 1951 3570; baseline -0.001 -14"><span class='ocrx_word' id='word_1_417' title='bbox 451 3499 517 3566; x_wconf 77' lang='grc' dir='ltr'>ζ’.</span> <span class='ocrx_word' id='word_1_418' title='bbox 548 3500 659 3553; x_wconf 76' lang='grc' dir='ltr'>Καὶ</span> <span class='ocrx_word' id='word_1_419' title='bbox 689 3499 862 3553; x_wconf 81' lang='grc' dir='ltr'>ταῦτα</span> <span class='ocrx_word' id='word_1_420' title='bbox 886 3498 1239 3569; x_wconf 63' lang='grc' dir='ltr'>ἆπανταμετ’</span> <span class='ocrx_word' id='word_1_421' title='bbox 1264 3497 1546 3570; x_wconf 83' lang='grc' dir='ltr'>ἀκριϐείας</span> <span class='ocrx_word' id='word_1_422' title='bbox 1576 3498 1814 3569; x_wconf 76' lang='grc' dir='ltr'>ἁπάσης,</span> <span class='ocrx_word' id='word_1_423' title='bbox 1855 3501 1951 3554; x_wconf 87' lang='lat' dir='ltr'>ml</span> 
     </span>
    </p>
   </div>
   <div class='ocr_carea' id='block_1_55' title="bbox 383 3574 1946 3649">
    <p class='ocr_par' dir='ltr' id='par_1_55' title="bbox 383 3574 1946 3649">
     <span class='ocr_line' id='line_1_55' title="bbox 383 3574 1946 3649; baseline 0 -19"><span class='ocrx_word' id='word_1_424' title='bbox 383 3577 545 3649; x_wconf 82' lang='grc' dir='ltr'>μέχρι</span> <span class='ocrx_word' id='word_1_425' title='bbox 581 3578 708 3646; x_wconf 81' lang='grc' dir='ltr'>μιᾶς</span> <span class='ocrx_word' id='word_1_426' title='bbox 740 3575 956 3644; x_wconf 83' lang='grc' dir='ltr'>ἡμέρας</span> <span class='ocrx_word' id='word_1_427' title='bbox 991 3577 1360 3646; x_wconf 85' lang='grc' dir='ltr'>προηγόρευτο</span> <span class='ocrx_word' id='word_1_428' title='bbox 1408 3575 1560 3644; x_wconf 69' lang='grc' dir='ltr'>παρὰ</span> <span class='ocrx_word' id='word_1_429' title='bbox 1592 3574 1686 3627; x_wconf 81' lang='grc' dir='ltr'>τοῦ</span> <span class='ocrx_word' id='word_1_430' title='bbox 1727 3579 1946 3647; x_wconf 79' lang='grc' dir='ltr'>Δανιὴλ,</span> 
     </span>
    </p>
   </div>
   <div class='ocr_carea' id='block_1_56' title="bbox 381 3652 1949 3724">
    <p class='ocr_par' dir='ltr' id='par_1_56' title="bbox 381 3652 1949 3724">
     <span class='ocr_line' id='line_1_56' title="bbox 381 3652 1949 3724; baseline 0.002 -16"><span class='ocrx_word' id='word_1_431' title='bbox 381 3657 476 3709; x_wconf 79' lang='grc' dir='ltr'>καὶ</span> <span class='ocrx_word' id='word_1_432' title='bbox 506 3656 634 3708; x_wconf 83' lang='grc' dir='ltr'>πότε</span> <span class='ocrx_word' id='word_1_433' title='bbox 675 3654 847 3716; x_wconf 77' lang='grc' dir='ltr'>ἔσται,</span> <span class='ocrx_word' id='word_1_434' title='bbox 880 3654 974 3706; x_wconf 87' lang='lat' dir='ltr'>ml</span> <span class='ocrx_word' id='word_1_435' title='bbox 1020 3654 1157 3717; x_wconf 77' lang='grc' dir='ltr'>πῶς,</span> <span class='ocrx_word' id='word_1_436' title='bbox 1192 3652 1288 3706; x_wconf 74' lang='grc' dir='ltr'>καὶ</span> <span class='ocrx_word' id='word_1_437' title='bbox 1320 3653 1471 3724; x_wconf 85' lang='grc' dir='ltr'>παρά</span> <span class='ocrx_word' id='word_1_438' title='bbox 1505 3652 1673 3716; x_wconf 86' lang='grc' dir='ltr'>τίνος,</span> <span class='ocrx_word' id='word_1_439' title='bbox 1719 3656 1814 3708; x_wconf 84' lang='lat' dir='ltr'>ml</span> <span class='ocrx_word' id='word_1_440' title='bbox 1845 3658 1949 3711; x_wconf 88' lang='grc' dir='ltr'>τίνι</span> 
     </span>
    </p>
   </div>
   <div class='ocr_carea' id='block_1_57' title="bbox 379 3729 1950 3804">
    <p class='ocr_par' dir='ltr' id='par_1_57' title="bbox 379 3729 1950 3804">
     <span class='ocr_line' id='line_1_57' title="bbox 379 3729 1950 3804; baseline 0.001 -19"><span class='ocrx_word' id='word_1_441' title='bbox 379 3733 584 3804; x_wconf 81' lang='grc' dir='ltr'>τρόπῳ,</span> <span class='ocrx_word' id='word_1_442' title='bbox 616 3732 708 3785; x_wconf 87' lang='lat' dir='ltr'>ml</span> <span class='ocrx_word' id='word_1_443' title='bbox 737 3731 839 3784; x_wconf 84' lang='grc' dir='ltr'>ποῦ</span> <span class='ocrx_word' id='word_1_444' title='bbox 863 3730 1195 3802; x_wconf 77' lang='grc' dir='ltr'>τελευτήσει,</span> <span class='ocrx_word' id='word_1_445' title='bbox 1229 3729 1323 3784; x_wconf 79' lang='grc' dir='ltr'>καὶ</span> <span class='ocrx_word' id='word_1_446' title='bbox 1350 3732 1473 3783; x_wconf 90' lang='grc' dir='ltr'>τίνα</span> <span class='ocrx_word' id='word_1_447' title='bbox 1516 3730 1744 3801; x_wconf 68' lang='grc' dir='ltr'>λήψεται</span> <span class='ocrx_word' id='word_1_448' title='bbox 1783 3751 1950 3804; x_wconf 87' lang='grc' dir='ltr'>μετα-</span> 
     </span>
    </p>
   </div>
   <div class='ocr_carea' id='block_1_58' title="bbox 379 3809 1950 3885">
    <p class='ocr_par' dir='ltr' id='par_1_58' title="bbox 379 3809 1950 3885">
     <span class='ocr_line' id='line_1_58' title="bbox 379 3809 1950 3885; baseline 0.001 -22"><span class='ocrx_word' id='word_1_449' title='bbox 379 3811 562 3882; x_wconf 86' lang='grc' dir='ltr'>ϐολήν.</span> <span class='ocrx_word' id='word_1_450' title='bbox 588 3810 808 3863; x_wconf 80' lang='grc' dir='ltr'>Εῖσεσθε</span> <span class='ocrx_word' id='word_1_451' title='bbox 837 3810 893 3863; x_wconf 81' lang='grc' dir='ltr'>δέ</span> <span class='ocrx_word' id='word_1_452' title='bbox 922 3810 1273 3885; x_wconf 79' lang='grc' dir='ltr'>σαφέστερον,</span> <span class='ocrx_word' id='word_1_453' title='bbox 1302 3809 1632 3874; x_wconf 82' lang='grc' dir='ltr'>ἀκούσαντες</span> <span class='ocrx_word' id='word_1_454' title='bbox 1657 3811 1828 3882; x_wconf 75' lang='grc' dir='ltr'>αὐτῆς</span> <span class='ocrx_word' id='word_1_455' title='bbox 1851 3814 1950 3885; x_wconf 79' lang='grc' dir='ltr'>τῆς</span> 
     </span>
    </p>
   </div>
   <div class='ocr_carea' id='block_1_59' title="bbox 379 3883 1951 3962">
    <p class='ocr_par' dir='ltr' id='par_1_59' title="bbox 379 3883 1951 3962">
     <span class='ocr_line' id='line_1_59' title="bbox 379 3883 1951 3962; baseline 0 -20"><span class='ocrx_word' id='word_1_456' title='bbox 379 3888 639 3960; x_wconf 80' lang='grc' dir='ltr'>ὁράσεως,</span> <span class='ocrx_word' id='word_1_457' title='bbox 668 3888 734 3959; x_wconf 83' lang='grc' dir='ltr'>ήν</span> <span class='ocrx_word' id='word_1_458' title='bbox 765 3887 853 3941; x_wconf 85' lang='grc' dir='ltr'>διὰ</span> <span class='ocrx_word' id='word_1_459' title='bbox 882 3883 1198 3958; x_wconf 74' lang='grc' dir='ltr'>παραϐολῆς</span> <span class='ocrx_word' id='word_1_460' title='bbox 1237 3889 1369 3959; x_wconf 89' lang='grc' dir='ltr'>ήμῖν</span> <span class='ocrx_word' id='word_1_461' title='bbox 1400 3891 1429 3942; x_wconf 88' lang='grc' dir='ltr'>ὁ</span> <span class='ocrx_word' id='word_1_462' title='bbox 1458 3890 1746 3961; x_wconf 84' lang='grc' dir='ltr'>προφήτης</span> <span class='ocrx_word' id='word_1_463' title='bbox 1777 3883 1951 3962; x_wconf 78' lang='grc' dir='ltr'>ἀπήγ-</span> 
     </span>
    </p>
   </div>
   <div class='ocr_carea' id='block_1_60' title="bbox 378 3965 1945 4037">
    <p class='ocr_par' dir='ltr' id='par_1_60' title="bbox 378 3965 1945 4037">
     <span class='ocr_line' id='line_1_60' title="bbox 378 3965 1945 4037; baseline 0.002 -18"><span class='ocrx_word' id='word_1_464' title='bbox 378 3967 547 4036; x_wconf 82' lang='grc' dir='ltr'>γειλε,</span> <span class='ocrx_word' id='word_1_465' title='bbox 601 3966 753 4037; x_wconf 90' lang='grc' dir='ltr'>κριὸν</span> <span class='ocrx_word' id='word_1_466' title='bbox 803 3965 900 4037; x_wconf 83' lang='grc' dir='ltr'>μὲν</span> <span class='ocrx_word' id='word_1_467' title='bbox 951 3965 1128 4017; x_wconf 87' lang='grc' dir='ltr'>καλῶν</span> <span class='ocrx_word' id='word_1_468' title='bbox 1173 3965 1263 4018; x_wconf 87' lang='grc' dir='ltr'>τὸν</span> <span class='ocrx_word' id='word_1_469' title='bbox 1296 3965 1405 4019; x_wconf 88' lang='grc' dir='ltr'>τῶν</span> <span class='ocrx_word' id='word_1_470' title='bbox 1437 3967 1661 4037; x_wconf 89' lang='grc' dir='ltr'>Περσῶν</span> <span class='ocrx_word' id='word_1_471' title='bbox 1701 3969 1945 4037; x_wconf 79' lang='grc' dir='ltr'>βασιλέα,</span> 
     </span>
    </p>
   </div>
   <div class='ocr_carea' id='block_1_61' title="bbox 376 4041 1945 4116">
    <p class='ocr_par' dir='ltr' id='par_1_61' title="bbox 376 4041 1945 4116">
     <span class='ocr_line' id='line_1_61' title="bbox 376 4041 1945 4116; baseline 0.001 -18"><span class='ocrx_word' id='word_1_472' title='bbox 376 4046 470 4098; x_wconf 82' lang='grc' dir='ltr'>τὸν</span> <span class='ocrx_word' id='word_1_473' title='bbox 500 4046 742 4115; x_wconf 88' lang='grc' dir='ltr'>Δαρεῖον,</span> <span class='ocrx_word' id='word_1_474' title='bbox 776 4043 978 4114; x_wconf 87' lang='grc' dir='ltr'>τράγον</span> <span class='ocrx_word' id='word_1_475' title='bbox 1019 4041 1078 4093; x_wconf 80' lang='grc' dir='ltr'>δὲ</span> <span class='ocrx_word' id='word_1_476' title='bbox 1125 4041 1215 4094; x_wconf 90' lang='grc' dir='ltr'>τὸν</span> <span class='ocrx_word' id='word_1_477' title='bbox 1259 4041 1367 4095; x_wconf 89' lang='grc' dir='ltr'>τῶν</span> <span class='ocrx_word' id='word_1_478' title='bbox 1406 4043 1671 4115; x_wconf 85' lang='grc' dir='ltr'>Ἑλλήνων</span> <span class='ocrx_word' id='word_1_479' title='bbox 1701 4045 1945 4116; x_wconf 87' lang='grc' dir='ltr'>βασιλέα,</span> 
     </span>
    </p>
   </div>
   <div class='ocr_carea' id='block_1_62' title="bbox 391 4119 1947 4194">
    <p class='ocr_par' dir='ltr' id='par_1_62' title="bbox 391 4119 1947 4194">
     <span class='ocr_line' id='line_1_62' title="bbox 391 4119 1947 4194; baseline 0.003 -20"><span class='ocrx_word' id='word_1_480' title='bbox 391 4120 734 4192; x_wconf 78' lang='grc' dir='ltr'>Ἀλέξανδρον</span> <span class='ocrx_word' id='word_1_481' title='bbox 778 4121 922 4187; x_wconf 83' lang='grc' dir='ltr'>λέγω</span> <span class='ocrx_word' id='word_1_482' title='bbox 965 4120 1055 4171; x_wconf 77' lang='grc' dir='ltr'>τὸν</span> <span class='ocrx_word' id='word_1_483' title='bbox 1093 4119 1398 4184; x_wconf 87' lang='grc' dir='ltr'>Μακεδόνα,</span> <span class='ocrx_word' id='word_1_484' title='bbox 1452 4120 1691 4193; x_wconf 85' lang='grc' dir='ltr'>τέσσαρα</span> <span class='ocrx_word' id='word_1_485' title='bbox 1739 4123 1947 4194; x_wconf 86' lang='grc' dir='ltr'>κέρατα</span> 
     </span>
    </p>
   </div>
   <div class='ocr_carea' id='block_1_63' title="bbox 378 4197 1944 4271">
    <p class='ocr_par' dir='ltr' id='par_1_63' title="bbox 378 4197 1944 4271">
     <span class='ocr_line' id='line_1_63' title="bbox 378 4197 1944 4271; baseline 0 -17"><span class='ocrx_word' id='word_1_486' title='bbox 378 4202 501 4263; x_wconf 79' lang='grc' dir='ltr'>τοὺς</span> <span class='ocrx_word' id='word_1_487' title='bbox 549 4202 663 4269; x_wconf 85' lang='grc' dir='ltr'>μετ’</span> <span class='ocrx_word' id='word_1_488' title='bbox 686 4201 890 4251; x_wconf 82' lang='grc' dir='ltr'>ἐκεῖνον</span> <span class='ocrx_word' id='word_1_489' title='bbox 933 4197 1269 4259; x_wconf 79' lang='grc' dir='ltr'>ἀναστάντας</span> <span class='ocrx_word' id='word_1_490' title='bbox 1300 4197 1547 4268; x_wconf 78' lang='grc' dir='ltr'>ὕστερον,</span> <span class='ocrx_word' id='word_1_491' title='bbox 1579 4202 1746 4271; x_wconf 86' lang='grc' dir='ltr'>κέρας</span> <span class='ocrx_word' id='word_1_492' title='bbox 1776 4201 1944 4255; x_wconf 77' lang='grc' dir='ltr'>ὕστα-</span> 
     </span>
    </p>
   </div>
   <div class='ocr_carea' id='block_1_64' title="bbox 375 4275 1945 4349">
    <p class='ocr_par' dir='ltr' id='par_1_64' title="bbox 375 4275 1945 4349">
     <span class='ocr_line' id='line_1_64' title="bbox 375 4275 1945 4349; baseline 0.001 -18"><span class='ocrx_word' id='word_1_493' title='bbox 375 4293 468 4331; x_wconf 82' lang='grc' dir='ltr'>τον</span> <span class='ocrx_word' id='word_1_494' title='bbox 513 4277 674 4330; x_wconf 86' lang='grc' dir='ltr'>αὑτὸν</span> <span class='ocrx_word' id='word_1_495' title='bbox 714 4278 804 4329; x_wconf 88' lang='grc' dir='ltr'>τὸν</span> <span class='ocrx_word' id='word_1_496' title='bbox 848 4276 1116 4345; x_wconf 80' lang='grc' dir='ltr'>Ἀντίοχον</span> <span class='ocrx_word' id='word_1_497' title='bbox 1137 4285 1160 4313; x_wconf 76' lang='grc' dir='ltr'>θ</span> <span class='ocrx_word' id='word_1_498' title='bbox 1195 4275 1392 4329; x_wconf 87' lang='grc' dir='ltr'>καλῶν.</span> <span class='ocrx_word' id='word_1_499' title='bbox 1424 4276 1637 4329; x_wconf 82' lang='grc' dir='ltr'>Μᾶλλον</span> <span class='ocrx_word' id='word_1_500' title='bbox 1676 4277 1734 4329; x_wconf 84' lang='grc' dir='ltr'>δὲ</span> <span class='ocrx_word' id='word_1_501' title='bbox 1775 4280 1945 4349; x_wconf 83' lang='grc' dir='ltr'>αὐτῆς</span> 
     </span>
    </p>
   </div>
   <div class='ocr_carea' id='block_1_65' title="bbox 379 4349 1947 4426">
    <p class='ocr_par' dir='ltr' id='par_1_65' title="bbox 379 4349 1947 4426">
     <span class='ocr_line' id='line_1_65' title="bbox 379 4349 1947 4426; baseline 0.002 -19"><span class='ocrx_word' id='word_1_502' title='bbox 379 4356 585 4426; x_wconf 82' lang='grc' dir='ltr'>βέλτιον</span> <span class='ocrx_word' id='word_1_503' title='bbox 610 4353 839 4408; x_wconf 76' lang='grc' dir='ltr'>ἀκοῦσαι</span> <span class='ocrx_word' id='word_1_504' title='bbox 876 4353 971 4423; x_wconf 82' lang='grc' dir='ltr'>τῆς</span> <span class='ocrx_word' id='word_1_505' title='bbox 1000 4353 1261 4423; x_wconf 83' lang='grc' dir='ltr'>ὁράσεως.</span> <span class='ocrx_word' id='word_1_506' title='bbox 1294 4349 1477 4406; x_wconf 79' lang='grc' dir='ltr'>Εἶδον</span> <span class='ocrx_word' id='word_1_507' title='bbox 1510 4355 1639 4426; x_wconf 84' lang='grc' dir='ltr'>γὰρ,</span> <span class='ocrx_word' id='word_1_508' title='bbox 1667 4356 1849 4425; x_wconf 76' lang='grc' dir='ltr'>φησὶν,</span> <span class='ocrx_word' id='word_1_509' title='bbox 1876 4358 1947 4410; x_wconf 85' lang='grc' dir='ltr'>ἐν</span> 
     </span>
    </p>
   </div>
   <div class='ocr_carea' id='block_1_66' title="bbox 377 4431 1947 4502">
    <p class='ocr_par' dir='ltr' id='par_1_66' title="bbox 377 4431 1947 4502">
     <span class='ocr_line' id='line_1_66' title="bbox 377 4431 1947 4502; baseline 0.003 -17"><span class='ocrx_word' id='word_1_510' title='bbox 377 4433 643 4502; x_wconf 76' lang='grc' dir='ltr'>ὁράματι,</span> <span class='ocrx_word' id='word_1_511' title='bbox 690 4433 788 4487; x_wconf 76' lang='grc' dir='ltr'>καὶ</span> <span class='ocrx_word' id='word_1_512' title='bbox 835 4431 997 4500; x_wconf 79' lang='grc' dir='ltr'>ἢμην</span> <span class='ocrx_word' id='word_1_513' title='bbox 1039 4432 1139 4485; x_wconf 78' lang='grc' dir='ltr'>ἐπὶ</span> <span class='ocrx_word' id='word_1_514' title='bbox 1195 4432 1300 4486; x_wconf 87' lang='grc' dir='ltr'>τοῦ</span> <span class='ocrx_word' id='word_1_515' title='bbox 1354 4431 1585 4487; x_wconf 78' lang='grc' dir='ltr'>Οὺϐάλ·</span> <span class='ocrx_word' id='word_1_516' title='bbox 1615 4435 1779 4486; x_wconf 87' lang='grc' dir='ltr'>τόπον</span> <span class='ocrx_word' id='word_1_517' title='bbox 1824 4436 1947 4489; x_wconf 78' lang='grc' dir='ltr'>τινὰ</span> 
     </span>
    </p>
   </div>
   <div class='ocr_carea' id='block_1_67' title="bbox 378 4507 1947 4585">
    <p class='ocr_par' dir='ltr' id='par_1_67' title="bbox 378 4507 1947 4585">
     <span class='ocr_line' id='line_1_67' title="bbox 378 4507 1947 4585; baseline 0.002 -20"><span class='ocrx_word' id='word_1_518' title='bbox 378 4512 620 4585; x_wconf 81' lang='grc' dir='ltr'>Περσικῇ</span> <span class='ocrx_word' id='word_1_519' title='bbox 662 4513 812 4582; x_wconf 80' lang='grc' dir='ltr'>φωνῇ</span> <span class='ocrx_word' id='word_1_520' title='bbox 835 4509 1015 4564; x_wconf 82' lang='grc' dir='ltr'>καλῶν</span> <span class='ocrx_word' id='word_1_521' title='bbox 1049 4509 1251 4573; x_wconf 76' lang='grc' dir='ltr'>οὕτως’</span> <span class='ocrx_word' id='word_1_522' title='bbox 1284 4512 1380 4564; x_wconf 78' lang='grc' dir='ltr'>καὶ</span> <span class='ocrx_word' id='word_1_523' title='bbox 1403 4507 1519 4581; x_wconf 80' lang='grc' dir='ltr'>ἦρα</span> <span class='ocrx_word' id='word_1_524' title='bbox 1544 4511 1690 4577; x_wconf 85' lang='grc' dir='ltr'>τοὺς</span> <span class='ocrx_word' id='word_1_525' title='bbox 1724 4513 1947 4582; x_wconf 60' lang='lat' dir='ltr'>6500M-</span> 
     </span>
    </p>
   </div>
   <div class='ocr_carea' id='block_1_68' title="bbox 370 4585 1948 4661">
    <p class='ocr_par' dir='ltr' id='par_1_68' title="bbox 370 4585 1948 4661">
     <span class='ocr_line' id='line_1_68' title="bbox 370 4585 1948 4661; baseline -0.001 -16"><span class='ocrx_word' id='word_1_526' title='bbox 370 4593 528 4661; x_wconf 87' lang='grc' dir='ltr'>μούς</span> <span class='ocrx_word' id='word_1_527' title='bbox 557 4610 697 4660; x_wconf 86' lang='grc' dir='ltr'>μου,</span> <span class='ocrx_word' id='word_1_528' title='bbox 731 4590 831 4643; x_wconf 79' lang='grc' dir='ltr'>καὶ</span> <span class='ocrx_word' id='word_1_529' title='bbox 858 4586 1044 4654; x_wconf 73' lang='grc' dir='ltr'>εἶδον,</span> <span class='ocrx_word' id='word_1_530' title='bbox 1073 4588 1174 4642; x_wconf 79' lang='grc' dir='ltr'>καὶ</span> <span class='ocrx_word' id='word_1_531' title='bbox 1196 4588 1345 4652; x_wconf 84' lang='grc' dir='ltr'>ἰδοὺ,</span> <span class='ocrx_word' id='word_1_532' title='bbox 1379 4589 1541 4658; x_wconf 82' lang='grc' dir='ltr'>κριός</span> <span class='ocrx_word' id='word_1_533' title='bbox 1566 4585 1654 4654; x_wconf 81' lang='grc' dir='ltr'>εἷς</span> <span class='ocrx_word' id='word_1_534' title='bbox 1679 4591 1948 4659; x_wconf 83' lang='grc' dir='ltr'>έστηκὼς</span> 
     </span>
    </p>
   </div>
   <div class='ocr_carea' id='block_1_69' title="bbox 375 4666 1945 4737">
    <p class='ocr_par' dir='ltr' id='par_1_69' title="bbox 375 4666 1945 4737">
     <span class='ocr_line' id='line_1_69' title="bbox 375 4666 1945 4737; baseline 0.001 -16"><span class='ocrx_word' id='word_1_535' title='bbox 375 4673 485 4737; x_wconf 76' lang='grc' dir='ltr'>πρ)</span> <span class='ocrx_word' id='word_1_536' title='bbox 515 4670 620 4724; x_wconf 89' lang='grc' dir='ltr'>τοῦ</span> <span class='ocrx_word' id='word_1_537' title='bbox 652 4671 872 4732; x_wconf 73' lang='grc' dir='ltr'>Οὺϐἀλ,</span> <span class='ocrx_word' id='word_1_538' title='bbox 894 4668 993 4721; x_wconf 77' lang='grc' dir='ltr'>καί</span> <span class='ocrx_word' id='word_1_539' title='bbox 1022 4666 1183 4730; x_wconf 87' lang='grc' dir='ltr'>αὐτῷ</span> <span class='ocrx_word' id='word_1_540' title='bbox 1207 4666 1424 4735; x_wconf 82' lang='grc' dir='ltr'>κέρατα</span> <span class='ocrx_word' id='word_1_541' title='bbox 1447 4670 1661 4737; x_wconf 68' lang='grc' dir='ltr'>ὑψηλὰ</span> <span class='ocrx_word' id='word_1_542' title='bbox 1685 4668 1729 4733; x_wconf 69' lang='grc' dir='ltr'>τ,</span> <span class='ocrx_word' id='word_1_543' title='bbox 1758 4669 1855 4721; x_wconf 74' lang='grc' dir='ltr'>καὶ</span> <span class='ocrx_word' id='word_1_544' title='bbox 1879 4671 1945 4723; x_wconf 85' lang='grc' dir='ltr'>τὸ</span> 
     </span>
    </p>
   </div>
   <div class='ocr_carea' id='block_1_70' title="bbox 372 4747 1946 4816">
    <p class='ocr_par' dir='ltr' id='par_1_70' title="bbox 372 4747 1946 4816">
     <span class='ocr_line' id='line_1_70' title="bbox 372 4747 1946 4816; baseline -0.001 -15"><span class='ocrx_word' id='word_1_545' title='bbox 372 4748 444 4801; x_wconf 76' lang='grc' dir='ltr'>ἐν</span> <span class='ocrx_word' id='word_1_546' title='bbox 470 4750 850 4816; x_wconf 61' lang='grc' dir='ltr'>ὑψηλότερον</span> <span class='ocrx_word' id='word_1_547' title='bbox 892 4747 997 4801; x_wconf 89' lang='grc' dir='ltr'>τοῦ</span> <span class='ocrx_word' id='word_1_548' title='bbox 1030 4747 1256 4811; x_wconf 84' lang='grc' dir='ltr'>ἐτέρου,</span> <span class='ocrx_word' id='word_1_549' title='bbox 1298 4747 1396 4799; x_wconf 74' lang='grc' dir='ltr'>καὶ</span> <span class='ocrx_word' id='word_1_550' title='bbox 1435 4747 1502 4799; x_wconf 88' lang='grc' dir='ltr'>τὸ</span> <span class='ocrx_word' id='word_1_551' title='bbox 1545 4747 1798 4816; x_wconf 71' lang='grc' dir='ltr'>ὑψηλὸν</span> <span class='ocrx_word' id='word_1_552' title='bbox 1839 4748 1946 4800; x_wconf 85' lang='grc' dir='ltr'>ἀν-</span> 
     </span>
    </p>
   </div>
   <div class='ocr_carea' id='block_1_71' title="bbox 372 4821 1945 4895">
    <p class='ocr_par' dir='ltr' id='par_1_71' title="bbox 372 4821 1945 4895">
     <span class='ocr_line' id='line_1_71' title="bbox 372 4821 1945 4895; baseline -0.001 -15"><span class='ocrx_word' id='word_1_553' title='bbox 372 4825 608 4880; x_wconf 79' lang='grc' dir='ltr'>έϐαινεν</span> <span class='ocrx_word' id='word_1_554' title='bbox 630 4828 721 4878; x_wconf 77' lang='grc' dir='ltr'>ἐπ’</span> <span class='ocrx_word' id='word_1_555' title='bbox 746 4824 1039 4894; x_wconf 86' lang='grc' dir='ltr'>ἐσχάτων.</span> <span class='ocrx_word' id='word_1_556' title='bbox 1072 4824 1220 4895; x_wconf 73' lang='grc'>[659]</span> <span class='ocrx_word' id='word_1_557' title='bbox 1265 4825 1372 4878; x_wconf 81' lang='lat' dir='ltr'><strong><em>Kal.</em></strong></span> <span class='ocrx_word' id='word_1_558' title='bbox 1413 4821 1578 4878; x_wconf 75' lang='grc' dir='ltr'>εἶδον</span> <span class='ocrx_word' id='word_1_559' title='bbox 1624 4827 1732 4878; x_wconf 85' lang='grc' dir='ltr'>τὸν</span> <span class='ocrx_word' id='word_1_560' title='bbox 1775 4825 1945 4893; x_wconf 81' lang='grc' dir='ltr'>κριὸν</span> 
     </span>
    </p>
   </div>
   <div class='ocr_carea' id='block_1_72' title="bbox 373 4901 1948 4972">
    <p class='ocr_par' dir='ltr' id='par_1_72' title="bbox 373 4901 1948 4972">
     <span class='ocr_line' id='line_1_72' title="bbox 373 4901 1948 4972; baseline -0.002 -13"><span class='ocrx_word' id='word_1_561' title='bbox 373 4902 747 4972; x_wconf 77' lang='grc' dir='ltr'>κερατίζοντα</span> <span class='ocrx_word' id='word_1_562' title='bbox 778 4904 929 4956; x_wconf 81' lang='grc' dir='ltr'>κατὰ</span> <span class='ocrx_word' id='word_1_563' title='bbox 968 4901 1289 4956; x_wconf 75' lang='grc' dir='ltr'>θάλασσαν</span> <span class='ocrx_word' id='word_1_564' title='bbox 1329 4903 1427 4956; x_wconf 81' lang='grc' dir='ltr'>καὶ</span> <span class='ocrx_word' id='word_1_565' title='bbox 1466 4903 1700 4971; x_wconf 77' lang='grc' dir='ltr'>βορρᾶν</span> <span class='ocrx_word' id='word_1_566' title='bbox 1730 4904 1829 4956; x_wconf 77' lang='grc' dir='ltr'>καὶ</span> <span class='ocrx_word' id='word_1_567' title='bbox 1855 4905 1948 4956; x_wconf 84' lang='grc' dir='ltr'>νό-</span> 
     </span>
    </p>
   </div>
   <div class='ocr_carea' id='block_1_73' title="bbox 374 4980 1944 5048">
    <p class='ocr_par' dir='ltr' id='par_1_73' title="bbox 374 4980 1944 5048">
     <span class='ocr_line' id='line_1_73' title="bbox 374 4980 1944 5048; baseline -0.002 -13"><span class='ocrx_word' id='word_1_568' title='bbox 374 4998 500 5047; x_wconf 86' lang='grc' dir='ltr'>τον,</span> <span class='ocrx_word' id='word_1_569' title='bbox 533 4982 631 5034; x_wconf 80' lang='grc' dir='ltr'>καὶ</span> <span class='ocrx_word' id='word_1_570' title='bbox 663 4980 860 5034; x_wconf 81' lang='grc' dir='ltr'>πάντα</span> <span class='ocrx_word' id='word_1_571' title='bbox 886 4983 959 5034; x_wconf 86' lang='grc' dir='ltr'>τὰ</span> <span class='ocrx_word' id='word_1_572' title='bbox 988 4981 1161 5048; x_wconf 83' lang='grc' dir='ltr'>θηρία</span> <span class='ocrx_word' id='word_1_573' title='bbox 1204 4983 1276 5034; x_wconf 88' lang='grc' dir='ltr'>οὐ</span> <span class='ocrx_word' id='word_1_574' title='bbox 1325 4980 1657 5047; x_wconf 80' lang='grc' dir='ltr'>στήσονται</span> <span class='ocrx_word' id='word_1_575' title='bbox 1687 4980 1944 5033; x_wconf 81' lang='grc' dir='ltr'>ἐνώπιον</span> 
     </span>
    </p>
   </div>
   <div class='ocr_carea' id='block_1_74' title="bbox 373 5053 1946 5127">
    <p class='ocr_par' dir='ltr' id='par_1_74' title="bbox 373 5053 1946 5127">
     <span class='ocr_line' id='line_1_74' title="bbox 373 5053 1946 5127; baseline 0 -16"><span class='ocrx_word' id='word_1_576' title='bbox 373 5058 580 5123; x_wconf 79' lang='grc' dir='ltr'>αὑτοῦ,</span> <span class='ocrx_word' id='word_1_577' title='bbox 613 5058 709 5111; x_wconf 76' lang='grc' dir='ltr'>καὶ</span> <span class='ocrx_word' id='word_1_578' title='bbox 744 5059 854 5111; x_wconf 76' lang='grc' dir='ltr'>οὐκ</span> <span class='ocrx_word' id='word_1_579' title='bbox 880 5053 958 5127; x_wconf 82' lang='grc' dir='ltr'>ἦν</span> <span class='ocrx_word' id='word_1_580' title='bbox 982 5060 1015 5112; x_wconf 91' lang='grc' dir='ltr'>ό</span> <span class='ocrx_word' id='word_1_581' title='bbox 1039 5057 1463 5126; x_wconf 79' lang='grc' dir='ltr'>ἐξαιρούμενος</span> <span class='ocrx_word' id='word_1_582' title='bbox 1505 5059 1575 5110; x_wconf 85' lang='grc' dir='ltr'>ἐκ</span> <span class='ocrx_word' id='word_1_583' title='bbox 1624 5059 1821 5127; x_wconf 84' lang='grc' dir='ltr'>χειρὸς</span> <span class='ocrx_word' id='word_1_584' title='bbox 1844 5060 1946 5111; x_wconf 85' lang='grc' dir='ltr'>αὺ-</span> 
     </span>
    </p>
   </div>
   <div class='ocr_carea' id='block_1_75' title="bbox 372 5138 1943 5205">
    <p class='ocr_par' dir='ltr' id='par_1_75' title="bbox 372 5138 1943 5205">
     <span class='ocr_line' id='line_1_75' title="bbox 372 5138 1943 5205; baseline -0.001 -13"><span class='ocrx_word' id='word_1_585' title='bbox 372 5140 515 5194; x_wconf 88' lang='grc' dir='ltr'>τοῦ·</span> <span class='ocrx_word' id='word_1_586' title='bbox 566 5139 666 5193; x_wconf 81' lang='grc' dir='ltr'>καὶ</span> <span class='ocrx_word' id='word_1_587' title='bbox 714 5139 964 5205; x_wconf 83' lang='grc' dir='ltr'>ἐποίησε</span> <span class='ocrx_word' id='word_1_588' title='bbox 1015 5138 1166 5190; x_wconf 81' lang='grc' dir='ltr'>κατὰ</span> <span class='ocrx_word' id='word_1_589' title='bbox 1213 5139 1278 5191; x_wconf 86' lang='grc' dir='ltr'>τὸ</span> <span class='ocrx_word' id='word_1_590' title='bbox 1317 5140 1548 5205; x_wconf 72' lang='grc' dir='ltr'>θέλημα</span> <span class='ocrx_word' id='word_1_591' title='bbox 1588 5139 1797 5203; x_wconf 87' lang='grc' dir='ltr'>αὑτοῦ,</span> <span class='ocrx_word' id='word_1_592' title='bbox 1844 5140 1943 5191; x_wconf 77' lang='grc' dir='ltr'>καὶ</span> 
     </span>
    </p>
   </div>
   <div class='ocr_carea' id='block_1_76' title="bbox 372 5216 1944 5288">
    <p class='ocr_par' dir='ltr' id='par_1_76' title="bbox 372 5216 1944 5288">
     <span class='ocr_line' id='line_1_76' title="bbox 372 5216 1944 5288; baseline -0.001 -16"><span class='ocrx_word' id='word_1_593' title='bbox 372 5219 739 5288; x_wconf 72' lang='grc' dir='ltr'>έμεγαλύνθη</span> <span class='ocrx_word' id='word_1_594' title='bbox 761 5234 774 5248; x_wconf 76' lang='grc' dir='ltr'><strong>ο</strong></span> <span class='ocrx_word' id='word_1_595' title='bbox 819 5217 917 5271; x_wconf 76' lang='grc' dir='ltr'>καί</span> <span class='ocrx_word' id='word_1_596' title='bbox 952 5217 1066 5287; x_wconf 80' lang='grc' dir='ltr'>ἐγὼ</span> <span class='ocrx_word' id='word_1_597' title='bbox 1093 5217 1254 5286; x_wconf 78' lang='grc' dir='ltr'>ἥμην</span> <span class='ocrx_word' id='word_1_598' title='bbox 1300 5219 1545 5272; x_wconf 87' lang='grc' dir='ltr'>συνιών.</span> <span class='ocrx_word' id='word_1_599' title='bbox 1576 5217 1685 5286; x_wconf 84' lang='grc' dir='ltr'>Τὴν</span> <span class='ocrx_word' id='word_1_600' title='bbox 1717 5216 1944 5288; x_wconf 87' lang='grc' dir='ltr'>δύναμιν</span> 
     </span>
    </p>
   </div>
   <div class='ocr_carea' id='block_1_77' title="bbox 372 5294 1944 5368">
    <p class='ocr_par' dir='ltr' id='par_1_77' title="bbox 372 5294 1944 5368">
     <span class='ocr_line' id='line_1_77' title="bbox 372 5294 1944 5368; baseline -0.001 -19"><span class='ocrx_word' id='word_1_601' title='bbox 372 5294 521 5363; x_wconf 83' lang='grc' dir='ltr'>λέγει</span> <span class='ocrx_word' id='word_1_602' title='bbox 555 5298 655 5368; x_wconf 82' lang='grc' dir='ltr'>τὴν</span> <span class='ocrx_word' id='word_1_603' title='bbox 696 5296 991 5367; x_wconf 84' lang='grc' dir='ltr'>Περσικὴν,</span> <span class='ocrx_word' id='word_1_604' title='bbox 1044 5297 1138 5348; x_wconf 75' lang='grc' dir='ltr'>καὶ</span> <span class='ocrx_word' id='word_1_605' title='bbox 1178 5295 1276 5366; x_wconf 83' lang='grc' dir='ltr'>τὴν</span> <span class='ocrx_word' id='word_1_606' title='bbox 1323 5296 1516 5365; x_wconf 81' lang='grc' dir='ltr'>ἀρχὴν,</span> <span class='ocrx_word' id='word_1_607' title='bbox 1558 5295 1592 5365; x_wconf 83' lang='grc' dir='ltr'><strong>ἡ</strong></span> <span class='ocrx_word' id='word_1_608' title='bbox 1628 5296 1809 5348; x_wconf 70' lang='grc' dir='ltr'>πᾶσαν</span> <span class='ocrx_word' id='word_1_609' title='bbox 1847 5299 1944 5348; x_wconf 84' lang='grc' dir='ltr'>ἐπ-</span> 
     </span>
    </p>
   </div>
   <div class='ocr_carea' id='block_1_78' title="bbox 372 5372 1946 5448">
    <p class='ocr_par' dir='ltr' id='par_1_78' title="bbox 372 5372 1946 5448">
     <span class='ocr_line' id='line_1_78' title="bbox 372 5372 1946 5448; baseline -0.002 -19"><span class='ocrx_word' id='word_1_610' title='bbox 372 5374 574 5447; x_wconf 86' lang='grc' dir='ltr'>έδραμε</span> <span class='ocrx_word' id='word_1_611' title='bbox 602 5376 701 5448; x_wconf 82' lang='grc' dir='ltr'>τὴν</span> <span class='ocrx_word' id='word_1_612' title='bbox 724 5376 849 5446; x_wconf 84' lang='grc' dir='ltr'>γῆν.</span> <span class='ocrx_word' id='word_1_613' title='bbox 901 5373 1034 5428; x_wconf 80' lang='grc' dir='ltr'>Εἶτα</span> <span class='ocrx_word' id='word_1_614' title='bbox 1068 5375 1196 5444; x_wconf 76' lang='grc' dir='ltr'>περὶ</span> <span class='ocrx_word' id='word_1_615' title='bbox 1226 5373 1320 5427; x_wconf 80' lang='grc' dir='ltr'>τοῦ</span> <span class='ocrx_word' id='word_1_616' title='bbox 1352 5372 1656 5436; x_wconf 84' lang='grc' dir='ltr'>Μακεδόνος</span> <span class='ocrx_word' id='word_1_617' title='bbox 1701 5372 1946 5438; x_wconf 82' lang='grc' dir='ltr'>Ἀλεξάν-</span> 
     </span>
    </p>
   </div>
   <div class='ocr_carea' id='block_1_79' title="bbox 436 5464 1067 5527">
    <p class='ocr_par' dir='ltr' id='par_1_79' title="bbox 436 5464 1067 5527">
     <span class='ocr_line' id='line_1_79' title="bbox 436 5464 1067 5527; baseline -0.005 -12"><span class='ocrx_word' id='word_1_618' title='bbox 436 5468 463 5527; x_wconf 51' lang='lat' dir='ltr'>F</span> <span class='ocrx_word' id='word_1_619' title='bbox 490 5467 586 5527; x_wconf 72' lang='lat' dir='ltr'><strong>Alii</strong></span> <span class='ocrx_word' id='word_1_620' title='bbox 611 5465 791 5514; x_wconf 86' lang='grc' dir='ltr'>δίκαιον</span> <span class='ocrx_word' id='word_1_621' title='bbox 815 5464 1067 5527; x_wconf 85' lang='grc' dir='ltr'>σωτηρίας.</span> 
     </span>
    </p>
   </div>
   <div class='ocr_carea' id='block_1_80' title="bbox 431 5526 929 5588">
    <p class='ocr_par' dir='ltr' id='par_1_80' title="bbox 431 5526 929 5588">
     <span class='ocr_line' id='line_1_80' title="bbox 431 5526 929 5588; baseline -0.004 -14"><span class='ocrx_word' id='word_1_622' title='bbox 431 5526 462 5566; x_wconf 72' lang='grc' dir='ltr'>Ι)</span> <span class='ocrx_word' id='word_1_623' title='bbox 483 5526 579 5575; x_wconf 76' lang='lat' dir='ltr'><strong>Alii</strong></span> <span class='ocrx_word' id='word_1_624' title='bbox 598 5526 929 5588; x_wconf 83' lang='grc' dir='ltr'>παρενέϐαλον.</span> 
     </span>
    </p>
   </div>
   <div class='ocr_carea' id='block_1_81' title="bbox 438 5579 1943 5647">
    <p class='ocr_par' dir='ltr' id='par_1_81' title="bbox 438 5579 1943 5647">
     <span class='ocr_line' id='line_1_81' title="bbox 438 5579 1943 5647; baseline -0.001 -15"><span class='ocrx_word' id='word_1_625' title='bbox 438 5591 461 5619; x_wconf 76' lang='grc' dir='ltr'><strong>ο</strong></span> <span class='ocrx_word' id='word_1_626' title='bbox 488 5579 706 5644; x_wconf 74' lang='lat' dir='ltr'>Quatudr</span> <span class='ocrx_word' id='word_1_627' title='bbox 726 5599 838 5647; x_wconf 85' lang='lat' dir='ltr'>mss.</span> <span class='ocrx_word' id='word_1_628' title='bbox 861 5582 1344 5647; x_wconf 85' lang='grc' dir='ltr'>προαναγορευόμενα.</span> <span class='ocrx_word' id='word_1_629' title='bbox 1371 5579 1485 5630; x_wconf 75' lang='lat' dir='ltr'>Mox</span> <span class='ocrx_word' id='word_1_630' title='bbox 1511 5581 1634 5644; x_wconf 58' lang='lat' dir='ltr'>hac,</span> <span class='ocrx_word' id='word_1_631' title='bbox 1659 5583 1776 5645; x_wconf 86' lang='grc' dir='ltr'>μετὰ</span> <span class='ocrx_word' id='word_1_632' title='bbox 1806 5583 1943 5647; x_wconf 82' lang='grc' dir='ltr'>ἀκρι-</span> 
     </span>
    </p>
   </div>
   <div class='ocr_carea' id='block_1_82' title="bbox 366 5637 1237 5764">
    <p class='ocr_par' dir='ltr' id='par_1_82' title="bbox 366 5637 1237 5764">
     <span class='ocr_line' id='line_1_82' title="bbox 366 5637 1237 5704; baseline -0.007 -8"><span class='ocrx_word' id='word_1_633' title='bbox 366 5637 724 5704; x_wconf 66' lang='grc' dir='ltr'>ϐείαξάπάσης,</span> <span class='ocrx_word' id='word_1_634' title='bbox 746 5637 926 5694; x_wconf 62' lang='grc' dir='ltr'>ἀθηςυιιὶ</span> <span class='ocrx_word' id='word_1_635' title='bbox 946 5646 996 5692; x_wconf 87' lang='lat' dir='ltr'>in</span> <span class='ocrx_word' id='word_1_636' title='bbox 1016 5637 1237 5692; x_wconf 62' lang='lat' dir='ltr'>séx&#39;mss}.</span> 
     </span>
     <span class='ocr_line' id='line_1_83' title="bbox 431 5704 1159 5764; baseline -0.005 -10"><span class='ocrx_word' id='word_1_637' title='bbox 431 5709 458 5749; x_wconf 74' lang='grc' dir='ltr'>(Ι</span> <span class='ocrx_word' id='word_1_638' title='bbox 490 5709 585 5755; x_wconf 81' lang='lat' dir='ltr'><strong>Alii</strong></span> <span class='ocrx_word' id='word_1_639' title='bbox 610 5709 726 5764; x_wconf 81' lang='grc' dir='ltr'>μετὰ</span> <span class='ocrx_word' id='word_1_640' title='bbox 742 5704 909 5753; x_wconf 75' lang='grc' dir='ltr'>τοῦτον</span> <span class='ocrx_word' id='word_1_641' title='bbox 932 5706 1159 5764; x_wconf 85' lang='grc' dir='ltr'>ἐγένοντο.</span> 
     </span>
    </p>
   </div>
   <div class='ocr_carea' id='block_1_83' title="bbox 437 5763 1933 5827">
    <p class='ocr_par' dir='ltr' id='par_1_83' title="bbox 437 5763 1933 5827">
     <span class='ocr_line' id='line_1_84' title="bbox 437 5763 1933 5827; baseline -0.001 -12"><span class='ocrx_word' id='word_1_642' title='bbox 437 5783 463 5827; x_wconf 66' lang='grc' dir='ltr'>ς</span> <span class='ocrx_word' id='word_1_643' title='bbox 488 5765 586 5827; x_wconf 70' lang='lat' dir='ltr'><strong>Alii</strong></span> <span class='ocrx_word' id='word_1_644' title='bbox 609 5763 804 5827; x_wconf 68' lang='grc' dir='ltr'>ὕστερον</span> <span class='ocrx_word' id='word_1_645' title='bbox 824 5763 1049 5827; x_wconf 77' lang='grc' dir='ltr'>κέραςέν,</span> <span class='ocrx_word' id='word_1_646' title='bbox 1071 5763 1532 5827; x_wconf 62' lang='grc' dir='ltr'>αὐτὸντὸνἈντ.Βίο</span> <span class='ocrx_word' id='word_1_647' title='bbox 1555 5765 1665 5815; x_wconf 80' lang='lat' dir='ltr'>Sav.</span> <span class='ocrx_word' id='word_1_648' title='bbox 1681 5766 1856 5815; x_wconf 82' lang='lat' dir='ltr'>omisso</span> <span class='ocrx_word' id='word_1_649' title='bbox 1869 5766 1933 5814; x_wconf 80' lang='grc' dir='ltr'>ἔν.</span> 
     </span>
    </p>
   </div>
   <div class='ocr_carea' id='block_1_84' title="bbox 439 5823 1509 5889">
    <p class='ocr_par' dir='ltr' id='par_1_84' title="bbox 439 5823 1509 5889">
     <span class='ocr_line' id='line_1_85' title="bbox 439 5823 1509 5889; baseline -0.001 -14"><span class='ocrx_word' id='word_1_650' title='bbox 439 5823 463 5867; x_wconf 76' lang='grc' dir='ltr'>ί</span> <span class='ocrx_word' id='word_1_651' title='bbox 485 5825 583 5877; x_wconf 68' lang='lat' dir='ltr'><strong>Alii</strong></span> <span class='ocrx_word' id='word_1_652' title='bbox 599 5828 678 5873; x_wconf 83' lang='grc' dir='ltr'>καὶ</span> <span class='ocrx_word' id='word_1_653' title='bbox 698 5823 826 5889; x_wconf 72' lang='grc' dir='ltr'>αύτῷ</span> <span class='ocrx_word' id='word_1_654' title='bbox 847 5823 1021 5887; x_wconf 73' lang='grc' dir='ltr'>κέρατα</span> <span class='ocrx_word' id='word_1_655' title='bbox 1043 5826 1121 5873; x_wconf 82' lang='grc' dir='ltr'>καὶ</span> <span class='ocrx_word' id='word_1_656' title='bbox 1144 5827 1317 5888; x_wconf 81' lang='grc' dir='ltr'>κέρατα</span> <span class='ocrx_word' id='word_1_657' title='bbox 1334 5826 1509 5888; x_wconf 73' lang='grc' dir='ltr'>ὑψηλά.</span> 
     </span>
    </p>
   </div>
   <div class='ocr_carea' id='block_1_85' title="bbox 2051 1246 3618 1320">
    <p class='ocr_par' dir='ltr' id='par_1_85' title="bbox 2051 1246 3618 1320">
     <span class='ocr_line' id='line_1_86' title="bbox 2051 1246 3618 1320; baseline -0.004 -17"><span class='ocrx_word' id='word_1_658' title='bbox 2051 1251 2222 1302; x_wconf 82' lang='grc' dir='ltr'>ταῦτα</span> <span class='ocrx_word' id='word_1_659' title='bbox 2243 1249 2416 1318; x_wconf 88' lang='grc' dir='ltr'>λέγων</span> <span class='ocrx_word' id='word_1_660' title='bbox 2443 1251 2542 1320; x_wconf 83' lang='grc' dir='ltr'>τὴν</span> <span class='ocrx_word' id='word_1_661' title='bbox 2568 1250 2822 1319; x_wconf 85' lang='grc' dir='ltr'>τελευτὴν</span> <span class='ocrx_word' id='word_1_662' title='bbox 2863 1248 3231 1317; x_wconf 82' lang='grc' dir='ltr'>Ἀλεξάνδρου,</span> <span class='ocrx_word' id='word_1_663' title='bbox 3262 1248 3353 1300; x_wconf 89' lang='lat' dir='ltr'>ml</span> <span class='ocrx_word' id='word_1_664' title='bbox 3380 1246 3479 1316; x_wconf 81' lang='grc' dir='ltr'>τὴν</span> <span class='ocrx_word' id='word_1_665' title='bbox 3506 1246 3618 1297; x_wconf 85' lang='grc' dir='ltr'>τῶν</span> 
     </span>
    </p>
   </div>
   <div class='ocr_carea' id='block_1_86' title="bbox 2053 1325 3624 1399">
    <p class='ocr_par' dir='ltr' id='par_1_86' title="bbox 2053 1325 3624 1399">
     <span class='ocr_line' id='line_1_87' title="bbox 2053 1325 3624 1399; baseline -0.003 -18"><span class='ocrx_word' id='word_1_666' title='bbox 2053 1330 2332 1399; x_wconf 85' lang='grc' dir='ltr'>τεσσάρων</span> <span class='ocrx_word' id='word_1_667' title='bbox 2362 1328 2625 1398; x_wconf 84' lang='grc' dir='ltr'>βασιλέων</span> <span class='ocrx_word' id='word_1_668' title='bbox 2667 1327 2936 1399; x_wconf 79' lang='grc' dir='ltr'>διαδοχὴν,</span> <span class='ocrx_word' id='word_1_669' title='bbox 2953 1327 3060 1381; x_wconf 80' lang='lat' dir='ltr'><strong><em>Kal</em></strong></span> <span class='ocrx_word' id='word_1_670' title='bbox 3108 1327 3178 1379; x_wconf 85' lang='grc' dir='ltr'>ἐν</span> <span class='ocrx_word' id='word_1_671' title='bbox 3201 1325 3280 1390; x_wconf 86' lang='grc' dir='ltr'>τῷ</span> <span class='ocrx_word' id='word_1_672' title='bbox 3317 1326 3573 1393; x_wconf 80' lang='grc' dir='ltr'>ἰσχῦσαι</span> <span class='ocrx_word' id='word_1_673' title='bbox 3595 1333 3624 1371; x_wconf 73' lang='grc' dir='ltr'><strong>ε</strong></span> 
     </span>
    </p>
   </div>
   <div class='ocr_carea' id='block_1_87' title="bbox 2052 1402 3630 1476">
    <p class='ocr_par' dir='ltr' id='par_1_87' title="bbox 2052 1402 3630 1476">
     <span class='ocr_line' id='line_1_88' title="bbox 2052 1402 3630 1476; baseline -0.004 -15"><span class='ocrx_word' id='word_1_674' title='bbox 2052 1407 2258 1472; x_wconf 82' lang='grc' dir='ltr'>αὐτὸν,</span> <span class='ocrx_word' id='word_1_675' title='bbox 2273 1409 2425 1476; x_wconf 74' lang='grc' dir='ltr'>φησὶ,</span> <span class='ocrx_word' id='word_1_676' title='bbox 2446 1409 2765 1475; x_wconf 81' lang='grc' dir='ltr'>συνετρίϐη</span> <span class='ocrx_word' id='word_1_677' title='bbox 2783 1409 2843 1459; x_wconf 84' lang='grc' dir='ltr'>τὸ</span> <span class='ocrx_word' id='word_1_678' title='bbox 2863 1406 3042 1472; x_wconf 83' lang='grc' dir='ltr'>κέρας</span> <span class='ocrx_word' id='word_1_679' title='bbox 3055 1402 3242 1458; x_wconf 82' lang='grc' dir='ltr'>αὐτοῦ</span> <span class='ocrx_word' id='word_1_680' title='bbox 3257 1404 3321 1456; x_wconf 86' lang='grc' dir='ltr'>τὸ</span> <span class='ocrx_word' id='word_1_681' title='bbox 3329 1402 3502 1471; x_wconf 77' lang='grc' dir='ltr'>μέγα,</span> <span class='ocrx_word' id='word_1_682' title='bbox 3528 1404 3630 1455; x_wconf 72' lang='grc' dir='ltr'>καὶ</span> 
     </span>
    </p>
   </div>
   <div class='ocr_carea' id='block_1_88' title="bbox 2054 1481 3631 1552">
    <p class='ocr_par' dir='ltr' id='par_1_88' title="bbox 2054 1481 3631 1552">
     <span class='ocr_line' id='line_1_89' title="bbox 2054 1481 3631 1552; baseline -0.004 -13"><span class='ocrx_word' id='word_1_683' title='bbox 2054 1485 2238 1552; x_wconf 84' lang='grc' dir='ltr'>ἀνέϐη</span> <span class='ocrx_word' id='word_1_684' title='bbox 2272 1485 2443 1552; x_wconf 78' lang='grc' dir='ltr'>ἔτερα</span> <span class='ocrx_word' id='word_1_685' title='bbox 2471 1485 2741 1552; x_wconf 84' lang='grc' dir='ltr'>τέσσαρα</span> <span class='ocrx_word' id='word_1_686' title='bbox 2772 1483 2988 1551; x_wconf 84' lang='grc' dir='ltr'>κέρατα</span> <span class='ocrx_word' id='word_1_687' title='bbox 3022 1482 3405 1536; x_wconf 79' lang='grc' dir='ltr'>ὑποκάτωθεν</span> <span class='ocrx_word' id='word_1_688' title='bbox 3434 1481 3631 1534; x_wconf 69' lang='grc' dir='ltr'>αὑτοῦ</span> 
     </span>
    </p>
   </div>
   <div class='ocr_carea' id='block_1_89' title="bbox 2055 1559 3632 1632">
    <p class='ocr_par' dir='ltr' id='par_1_89' title="bbox 2055 1559 3632 1632">
     <span class='ocr_line' id='line_1_90' title="bbox 2055 1559 3632 1632; baseline -0.005 -15"><span class='ocrx_word' id='word_1_689' title='bbox 2055 1565 2207 1618; x_wconf 83' lang='grc' dir='ltr'>κατὰ</span> <span class='ocrx_word' id='word_1_690' title='bbox 2231 1564 2372 1630; x_wconf 88' lang='grc' dir='ltr'>τοὺς</span> <span class='ocrx_word' id='word_1_691' title='bbox 2407 1564 2712 1632; x_wconf 85' lang='grc' dir='ltr'>τέσσαρας</span> <span class='ocrx_word' id='word_1_692' title='bbox 2752 1561 3012 1631; x_wconf 80' lang='grc' dir='ltr'>ἀνέμους</span> <span class='ocrx_word' id='word_1_693' title='bbox 3049 1560 3156 1614; x_wconf 89' lang='grc' dir='ltr'>τοῦ</span> <span class='ocrx_word' id='word_1_694' title='bbox 3199 1559 3483 1627; x_wconf 71' lang='grc' dir='ltr'>οὐρανοῦ.</span> <span class='ocrx_word' id='word_1_695' title='bbox 3517 1559 3632 1611; x_wconf 84' lang='grc' dir='ltr'>Ἐν-</span> 
     </span>
    </p>
   </div>
   <div class='ocr_carea' id='block_1_90' title="bbox 2054 1636 3631 1713">
    <p class='ocr_par' dir='ltr' id='par_1_90' title="bbox 2054 1636 3631 1713">
     <span class='ocr_line' id='line_1_91' title="bbox 2054 1636 3631 1713; baseline -0.004 -18"><span class='ocrx_word' id='word_1_696' title='bbox 2054 1643 2243 1711; x_wconf 79' lang='grc' dir='ltr'>τεῦθεν</span> <span class='ocrx_word' id='word_1_697' title='bbox 2267 1641 2452 1695; x_wconf 87' lang='grc' dir='ltr'>λοιπὸν</span> <span class='ocrx_word' id='word_1_698' title='bbox 2475 1644 2567 1695; x_wconf 70' lang='grc' dir='ltr'>ἐπὶ</span> <span class='ocrx_word' id='word_1_699' title='bbox 2587 1644 2684 1713; x_wconf 74' lang='grc' dir='ltr'>τὴν</span> <span class='ocrx_word' id='word_1_700' title='bbox 2719 1641 2987 1710; x_wconf 82' lang='grc' dir='ltr'>Ἀντιόχου</span> <span class='ocrx_word' id='word_1_701' title='bbox 3017 1638 3292 1709; x_wconf 86' lang='grc' dir='ltr'>βασιλείαν</span> <span class='ocrx_word' id='word_1_702' title='bbox 3314 1636 3508 1698; x_wconf 87' lang='grc' dir='ltr'>ἐλθὼν,</span> <span class='ocrx_word' id='word_1_703' title='bbox 3535 1638 3631 1689; x_wconf 73' lang='grc' dir='ltr'>καὶ</span> 
     </span>
    </p>
   </div>
   <div class='ocr_carea' id='block_1_91' title="bbox 2054 1715 3632 1787">
    <p class='ocr_par' dir='ltr' id='par_1_91' title="bbox 2054 1715 3632 1787">
     <span class='ocr_line' id='line_1_92' title="bbox 2054 1715 3632 1787; baseline -0.004 -14"><span class='ocrx_word' id='word_1_704' title='bbox 2054 1721 2264 1784; x_wconf 83' lang='grc' dir='ltr'>δεικνὺς</span> <span class='ocrx_word' id='word_1_705' title='bbox 2283 1721 2363 1774; x_wconf 85' lang='grc' dir='ltr'>ὅτι</span> <span class='ocrx_word' id='word_1_706' title='bbox 2388 1721 2448 1785; x_wconf 81' lang='grc' dir='ltr'>ἐξ</span> <span class='ocrx_word' id='word_1_707' title='bbox 2472 1720 2588 1784; x_wconf 88' lang='grc' dir='ltr'>ἐνὸς</span> <span class='ocrx_word' id='word_1_708' title='bbox 2608 1720 2827 1774; x_wconf 77' lang='grc' dir='ltr'>ἐκείνων</span> <span class='ocrx_word' id='word_1_709' title='bbox 2847 1720 2956 1771; x_wconf 88' lang='grc' dir='ltr'>τῶν</span> <span class='ocrx_word' id='word_1_710' title='bbox 2983 1719 3262 1787; x_wconf 87' lang='grc' dir='ltr'>τεσσάρων</span> <span class='ocrx_word' id='word_1_711' title='bbox 3278 1716 3427 1768; x_wconf 74' lang='grc' dir='ltr'>ἐστὶν</span> <span class='ocrx_word' id='word_1_712' title='bbox 3444 1756 3459 1779; x_wconf 89' lang='grc'>,</span> <span class='ocrx_word' id='word_1_713' title='bbox 3483 1715 3632 1767; x_wconf 72' lang='grc' dir='ltr'>οὕτω</span> 
     </span>
    </p>
   </div>
   <div class='ocr_carea' id='block_1_92' title="bbox 2055 1792 3632 1869">
    <p class='ocr_par' dir='ltr' id='par_1_92' title="bbox 2055 1792 3632 1869">
     <span class='ocr_line' id='line_1_93' title="bbox 2055 1792 3632 1869; baseline -0.004 -18"><span class='ocrx_word' id='word_1_714' title='bbox 2055 1797 2172 1862; x_wconf 89' lang='grc' dir='ltr'>πώς</span> <span class='ocrx_word' id='word_1_715' title='bbox 2198 1815 2329 1869; x_wconf 90' lang='grc' dir='ltr'>φησι</span> <span class='ocrx_word' id='word_1_716' title='bbox 2349 1817 2363 1832; x_wconf 75' lang='grc' dir='ltr'><strong><em>ο</em></strong></span> <span class='ocrx_word' id='word_1_717' title='bbox 2385 1799 2496 1852; x_wconf 82' lang='lat' dir='ltr'><strong><em>Kal</em></strong></span> <span class='ocrx_word' id='word_1_718' title='bbox 2518 1800 2587 1852; x_wconf 85' lang='grc' dir='ltr'>ἐκ</span> <span class='ocrx_word' id='word_1_719' title='bbox 2603 1799 2709 1853; x_wconf 89' lang='grc' dir='ltr'>τοῦ</span> <span class='ocrx_word' id='word_1_720' title='bbox 2726 1798 2864 1862; x_wconf 78' lang='grc' dir='ltr'>ἑνὸς</span> <span class='ocrx_word' id='word_1_721' title='bbox 2884 1795 3084 1851; x_wconf 83' lang='grc' dir='ltr'>αὐτῶν</span> <span class='ocrx_word' id='word_1_722' title='bbox 3100 1794 3320 1862; x_wconf 74' lang='grc' dir='ltr'>ἐξῆλθε</span> <span class='ocrx_word' id='word_1_723' title='bbox 3352 1794 3527 1862; x_wconf 79' lang='grc' dir='ltr'>κέρας</span> <span class='ocrx_word' id='word_1_724' title='bbox 3561 1792 3632 1845; x_wconf 80' lang='grc' dir='ltr'>ἓν</span> 
     </span>
    </p>
   </div>
   <div class='ocr_carea' id='block_1_93' title="bbox 2056 1872 3631 1945">
    <p class='ocr_par' dir='ltr' id='par_1_93' title="bbox 2056 1872 3631 1945">
     <span class='ocr_line' id='line_1_94' title="bbox 2056 1872 3631 1945; baseline -0.005 -15"><span class='ocrx_word' id='word_1_725' title='bbox 2056 1876 2330 1944; x_wconf 70' lang='grc' dir='ltr'>ἰσχυρὸν,</span> <span class='ocrx_word' id='word_1_726' title='bbox 2387 1876 2486 1928; x_wconf 83' lang='grc' dir='ltr'>καί</span> <span class='ocrx_word' id='word_1_727' title='bbox 2528 1875 2902 1945; x_wconf 58' lang='grc' dir='ltr'>ἐμεγωύνθη</span> <span class='ocrx_word' id='word_1_728' title='bbox 2957 1873 3265 1940; x_wconf 81' lang='grc' dir='ltr'>περισσῶς</span> <span class='ocrx_word' id='word_1_729' title='bbox 3314 1873 3466 1939; x_wconf 80' lang='grc' dir='ltr'>πρὸς</span> <span class='ocrx_word' id='word_1_730' title='bbox 3518 1872 3631 1922; x_wconf 71' lang='grc' dir='ltr'>τὸν</span> 
     </span>
    </p>
   </div>
   <div class='ocr_carea' id='block_1_94' title="bbox 2053 1950 3629 2023">
    <p class='ocr_par' dir='ltr' id='par_1_94' title="bbox 2053 1950 3629 2023">
     <span class='ocr_line' id='line_1_95' title="bbox 2053 1950 3629 2023; baseline -0.006 -14"><span class='ocrx_word' id='word_1_731' title='bbox 2053 1958 2233 2010; x_wconf 82' lang='grc' dir='ltr'>νότον</span> <span class='ocrx_word' id='word_1_732' title='bbox 2262 1955 2359 2009; x_wconf 75' lang='grc' dir='ltr'>καὶ</span> <span class='ocrx_word' id='word_1_733' title='bbox 2389 1954 2539 2022; x_wconf 84' lang='grc' dir='ltr'>πρὸς</span> <span class='ocrx_word' id='word_1_734' title='bbox 2561 1954 2884 2023; x_wconf 68' lang='grc' dir='ltr'>ἀνατολήν.</span> <span class='ocrx_word' id='word_1_735' title='bbox 2909 1954 3018 2006; x_wconf 74' lang='grc' dir='ltr'>Καὶ</span> <span class='ocrx_word' id='word_1_736' title='bbox 3042 1951 3217 2021; x_wconf 80' lang='grc' dir='ltr'>δηλῶν</span> <span class='ocrx_word' id='word_1_737' title='bbox 3240 1953 3323 2005; x_wconf 77' lang='grc' dir='ltr'>ὅτι</span> <span class='ocrx_word' id='word_1_738' title='bbox 3350 1950 3450 2021; x_wconf 78' lang='grc' dir='ltr'>τὴν</span> <span class='ocrx_word' id='word_1_739' title='bbox 3490 1951 3629 2003; x_wconf 80' lang='grc' dir='ltr'>Ἰου-</span> 
     </span>
    </p>
   </div>
   <div class='ocr_carea' id='block_1_95' title="bbox 2053 2029 3626 2104">
    <p class='ocr_par' dir='ltr' id='par_1_95' title="bbox 2053 2029 3626 2104">
     <span class='ocr_line' id='line_1_96' title="bbox 2053 2029 3626 2104; baseline -0.004 -18"><span class='ocrx_word' id='word_1_740' title='bbox 2053 2032 2240 2104; x_wconf 86' lang='grc' dir='ltr'>δαῖκὴν</span> <span class='ocrx_word' id='word_1_741' title='bbox 2273 2032 2488 2086; x_wconf 84' lang='grc' dir='ltr'>καθεῖλε</span> <span class='ocrx_word' id='word_1_742' title='bbox 2532 2032 2827 2097; x_wconf 87' lang='grc' dir='ltr'>πολιτείαν,</span> <span class='ocrx_word' id='word_1_743' title='bbox 2860 2033 3024 2100; x_wconf 83' lang='grc' dir='ltr'>φησί·</span> <span class='ocrx_word' id='word_1_744' title='bbox 3057 2029 3166 2085; x_wconf 72' lang='grc' dir='ltr'>Καὶ</span> <span class='ocrx_word' id='word_1_745' title='bbox 3195 2029 3271 2083; x_wconf 82' lang='grc' dir='ltr'>δι’</span> <span class='ocrx_word' id='word_1_746' title='bbox 3304 2030 3492 2081; x_wconf 73' lang='grc' dir='ltr'>αὑτὸν</span> <span class='ocrx_word' id='word_1_747' title='bbox 3517 2030 3626 2081; x_wconf 83' lang='grc' dir='ltr'>θυ-</span> 
     </span>
    </p>
   </div>
   <div class='ocr_carea' id='block_1_96' title="bbox 2053 2106 3628 2179">
    <p class='ocr_par' dir='ltr' id='par_1_96' title="bbox 2053 2106 3628 2179">
     <span class='ocr_line' id='line_1_97' title="bbox 2053 2106 3628 2179; baseline -0.004 -16"><span class='ocrx_word' id='word_1_748' title='bbox 2053 2111 2161 2163; x_wconf 90' lang='grc' dir='ltr'>σία</span> <span class='ocrx_word' id='word_1_749' title='bbox 2200 2109 2494 2179; x_wconf 70' lang='grc' dir='ltr'>ἐταράχθη</span> <span class='ocrx_word' id='word_1_750' title='bbox 2545 2109 2989 2179; x_wconf 77' lang='grc' dir='ltr'>παραπτώματι.</span> <span class='ocrx_word' id='word_1_751' title='bbox 3036 2108 3150 2162; x_wconf 88' lang='lat' dir='ltr'><strong><em>Kal</em></strong></span> <span class='ocrx_word' id='word_1_752' title='bbox 3201 2107 3484 2178; x_wconf 79' lang='grc' dir='ltr'>ἐγενήθη,</span> <span class='ocrx_word' id='word_1_753' title='bbox 3525 2106 3628 2158; x_wconf 76' lang='grc' dir='ltr'>καί</span> 
     </span>
    </p>
   </div>
   <div class='ocr_carea' id='block_1_97' title="bbox 2053 2184 3630 2257">
    <p class='ocr_par' dir='ltr' id='par_1_97' title="bbox 2053 2184 3630 2257">
     <span class='ocr_line' id='line_1_98' title="bbox 2053 2184 3630 2257; baseline -0.004 -16"><span class='ocrx_word' id='word_1_754' title='bbox 2053 2187 2441 2256; x_wconf 82' lang='grc' dir='ltr'>κατευωδώθη</span> <span class='ocrx_word' id='word_1_755' title='bbox 2483 2187 2665 2253; x_wconf 85' lang='grc' dir='ltr'>αὐτῷ.</span> <span class='ocrx_word' id='word_1_756' title='bbox 2699 2188 2809 2243; x_wconf 84' lang='lat' dir='ltr'><strong><em>Kal</em></strong></span> <span class='ocrx_word' id='word_1_757' title='bbox 2851 2187 2919 2240; x_wconf 82' lang='grc' dir='ltr'>τὸ</span> <span class='ocrx_word' id='word_1_758' title='bbox 2960 2186 3132 2257; x_wconf 78' lang='grc' dir='ltr'>ἅγιον</span> <span class='ocrx_word' id='word_1_759' title='bbox 3154 2184 3630 2256; x_wconf 78' lang='grc' dir='ltr'>ἐρημωθήσεται,</span> 
     </span>
    </p>
   </div>
   <div class='ocr_carea' id='block_1_98' title="bbox 2052 2264 3628 2335">
    <p class='ocr_par' dir='ltr' id='par_1_98' title="bbox 2052 2264 3628 2335">
     <span class='ocr_line' id='line_1_99' title="bbox 2052 2264 3628 2335; baseline -0.004 -14"><span class='ocrx_word' id='word_1_760' title='bbox 2052 2269 2150 2322; x_wconf 78' lang='grc' dir='ltr'>καὶ</span> <span class='ocrx_word' id='word_1_761' title='bbox 2184 2267 2362 2335; x_wconf 86' lang='grc' dir='ltr'>ἐδόθη</span> <span class='ocrx_word' id='word_1_762' title='bbox 2389 2267 2486 2321; x_wconf 78' lang='grc' dir='ltr'>ἐπὶ</span> <span class='ocrx_word' id='word_1_763' title='bbox 2516 2267 2631 2335; x_wconf 83' lang='grc' dir='ltr'>τὴν</span> <span class='ocrx_word' id='word_1_764' title='bbox 2660 2268 2881 2321; x_wconf 82' lang='grc' dir='ltr'>θυσίαν</span> <span class='ocrx_word' id='word_1_765' title='bbox 2912 2266 3186 2335; x_wconf 82' lang='grc' dir='ltr'>ἁμαρτία.</span> <span class='ocrx_word' id='word_1_766' title='bbox 3231 2265 3342 2319; x_wconf 85' lang='grc' dir='ltr'>Τοῦ</span> <span class='ocrx_word' id='word_1_767' title='bbox 3382 2264 3494 2332; x_wconf 71' lang='grc' dir='ltr'>γὰρ</span> <span class='ocrx_word' id='word_1_768' title='bbox 3512 2264 3628 2326; x_wconf 79' lang='grc' dir='ltr'>,βω-</span> 
     </span>
    </p>
   </div>
   <div class='ocr_carea' id='block_1_99' title="bbox 2045 2342 3628 2416">
    <p class='ocr_par' dir='ltr' id='par_1_99' title="bbox 2045 2342 3628 2416">
     <span class='ocr_line' id='line_1_100' title="bbox 2045 2342 3628 2416; baseline -0.007 -14"><span class='ocrx_word' id='word_1_769' title='bbox 2045 2348 2204 2416; x_wconf 74' lang='grc' dir='ltr'>μοῦιι</span> <span class='ocrx_word' id='word_1_770' title='bbox 2234 2346 2702 2415; x_wconf 83' lang='grc' dir='ltr'>καθαιρεθέντος,</span> <span class='ocrx_word' id='word_1_771' title='bbox 2745 2345 2845 2397; x_wconf 78' lang='grc' dir='ltr'>καὶ</span> <span class='ocrx_word' id='word_1_772' title='bbox 2890 2342 3010 2398; x_wconf 85' lang='grc' dir='ltr'>τῶν</span> <span class='ocrx_word' id='word_1_773' title='bbox 3056 2344 3239 2413; x_wconf 75' lang='grc' dir='ltr'>ἁγίων</span> <span class='ocrx_word' id='word_1_774' title='bbox 3281 2357 3628 2408; x_wconf 74' lang='grc' dir='ltr'>καταπατη-</span> 
     </span>
    </p>
   </div>
   <div class='ocr_carea' id='block_1_100' title="bbox 2052 2419 3629 2491">
    <p class='ocr_par' dir='ltr' id='par_1_100' title="bbox 2052 2419 3629 2491">
     <span class='ocr_line' id='line_1_101' title="bbox 2052 2419 3629 2491; baseline -0.006 -11"><span class='ocrx_word' id='word_1_775' title='bbox 2052 2425 2293 2491; x_wconf 85' lang='grc' dir='ltr'>θέντων,</span> <span class='ocrx_word' id='word_1_776' title='bbox 2320 2425 2572 2480; x_wconf 74' lang='grc' dir='ltr'>είδωλον</span> <span class='ocrx_word' id='word_1_777' title='bbox 2603 2425 2866 2491; x_wconf 78' lang='grc' dir='ltr'>ἔστησεν</span> <span class='ocrx_word' id='word_1_778' title='bbox 2897 2422 3094 2487; x_wconf 79' lang='grc' dir='ltr'>ἔνδον,</span> <span class='ocrx_word' id='word_1_779' title='bbox 3133 2420 3233 2475; x_wconf 70' lang='grc' dir='ltr'>καί</span> <span class='ocrx_word' id='word_1_780' title='bbox 3257 2421 3475 2485; x_wconf 80' lang='grc' dir='ltr'>θυσίας</span> <span class='ocrx_word' id='word_1_781' title='bbox 3517 2419 3629 2471; x_wconf 66' lang='grc' dir='ltr'>ἐςτ-</span> 
     </span>
    </p>
   </div>
   <div class='ocr_carea' id='block_1_101' title="bbox 2051 2501 3627 2575">
    <p class='ocr_par' dir='ltr' id='par_1_101' title="bbox 2051 2501 3627 2575">
     <span class='ocr_line' id='line_1_102' title="bbox 2051 2501 3627 2575; baseline -0.007 -14"><span class='ocrx_word' id='word_1_782' title='bbox 2051 2506 2241 2560; x_wconf 79' lang='grc' dir='ltr'>ετέλει</span> <span class='ocrx_word' id='word_1_783' title='bbox 2261 2505 2387 2570; x_wconf 83' lang='grc' dir='ltr'>τοῖς</span> <span class='ocrx_word' id='word_1_784' title='bbox 2403 2505 2645 2575; x_wconf 88' lang='grc' dir='ltr'>δαίμοσι</span> <span class='ocrx_word' id='word_1_785' title='bbox 2662 2505 3064 2571; x_wconf 79' lang='grc' dir='ltr'>παρανόμους,</span> <span class='ocrx_word' id='word_1_786' title='bbox 3083 2503 3182 2557; x_wconf 77' lang='grc' dir='ltr'>καί</span> <span class='ocrx_word' id='word_1_787' title='bbox 3207 2502 3419 2571; x_wconf 59' lang='grc' dir='ltr'>ἐρρίφη</span> <span class='ocrx_word' id='word_1_788' title='bbox 3443 2501 3627 2568; x_wconf 77' lang='grc' dir='ltr'>χαμαί</span> 
     </span>
    </p>
   </div>
   <div class='ocr_carea' id='block_1_102' title="bbox 2051 2575 3629 2652">
    <p class='ocr_par' dir='ltr' id='par_1_102' title="bbox 2051 2575 3629 2652">
     <span class='ocr_line' id='line_1_103' title="bbox 2051 2575 3629 2652; baseline -0.004 -14"><span class='ocrx_word' id='word_1_789' title='bbox 2051 2587 2090 2652; x_wconf 73' lang='grc' dir='ltr'>η</span> <span class='ocrx_word' id='word_1_790' title='bbox 2113 2585 2484 2652; x_wconf 81' lang='grc' dir='ltr'>δικαιοσύνη.</span> <span class='ocrx_word' id='word_1_791' title='bbox 2508 2584 2618 2638; x_wconf 81' lang='grc' dir='ltr'>Καὶ</span> <span class='ocrx_word' id='word_1_792' title='bbox 2642 2583 2913 2649; x_wconf 84' lang='grc' dir='ltr'>ἐποίησε,</span> <span class='ocrx_word' id='word_1_793' title='bbox 2945 2583 3041 2636; x_wconf 75' lang='grc' dir='ltr'>καί</span> <span class='ocrx_word' id='word_1_794' title='bbox 3074 2579 3367 2647; x_wconf 60' lang='grc' dir='ltr'>ὠωδώθη.</span> <span class='ocrx_word' id='word_1_795' title='bbox 3403 2575 3539 2632; x_wconf 81' lang='grc' dir='ltr'>Εἶτα</span> <span class='ocrx_word' id='word_1_796' title='bbox 3568 2580 3629 2631; x_wconf 73' lang='grc' dir='ltr'>ἐκ</span> 
     </span>
    </p>
   </div>
   <div class='ocr_carea' id='block_1_103' title="bbox 2052 2650 3629 2735">
    <p class='ocr_par' dir='ltr' id='par_1_103' title="bbox 2052 2650 3629 2735">
     <span class='ocr_line' id='line_1_104' title="bbox 2052 2650 3629 2735; baseline -0.006 -18"><span class='ocrx_word' id='word_1_797' title='bbox 2052 2650 2303 2735; x_wconf 82' lang='grc' dir='ltr'>δευτέρου</span> <span class='ocrx_word' id='word_1_798' title='bbox 2323 2650 2486 2717; x_wconf 79' lang='grc' dir='ltr'>πάλιν</span> <span class='ocrx_word' id='word_1_799' title='bbox 2499 2662 2666 2733; x_wconf 81' lang='grc' dir='ltr'>αὐτὴν</span> <span class='ocrx_word' id='word_1_800' title='bbox 2683 2660 2886 2732; x_wconf 86' lang='grc' dir='ltr'>ταύτην</span> <span class='ocrx_word' id='word_1_801' title='bbox 2909 2661 3009 2731; x_wconf 79' lang='grc' dir='ltr'>τὴν</span> <span class='ocrx_word' id='word_1_802' title='bbox 3029 2658 3514 2730; x_wconf 84' lang='grc' dir='ltr'>βασιλείανλέγων,</span> <span class='ocrx_word' id='word_1_803' title='bbox 3531 2657 3629 2727; x_wconf 81' lang='grc' dir='ltr'>τὴν</span> 
     </span>
    </p>
   </div>
   <div class='ocr_carea' id='block_1_104' title="bbox 2065 2735 3629 2812">
    <p class='ocr_par' dir='ltr' id='par_1_104' title="bbox 2065 2735 3629 2812">
     <span class='ocr_line' id='line_1_105' title="bbox 2065 2735 3629 2812; baseline -0.006 -16"><span class='ocrx_word' id='word_1_804' title='bbox 2065 2743 2342 2812; x_wconf 79' lang='grc' dir='ltr'>Ἀντιόχου</span> <span class='ocrx_word' id='word_1_805' title='bbox 2368 2741 2465 2794; x_wconf 82' lang='grc' dir='ltr'>τοῦ</span> <span class='ocrx_word' id='word_1_806' title='bbox 2504 2738 2852 2809; x_wconf 78' lang='grc' dir='ltr'>Ἐπιφανοῦς,</span> <span class='ocrx_word' id='word_1_807' title='bbox 2882 2741 2976 2792; x_wconf 74' lang='grc' dir='ltr'>καὶ</span> <span class='ocrx_word' id='word_1_808' title='bbox 2996 2738 3094 2808; x_wconf 80' lang='grc' dir='ltr'>τήν</span> <span class='ocrx_word' id='word_1_809' title='bbox 3119 2735 3629 2807; x_wconf 78' lang='grc' dir='ltr'>αίχμαλωσίαν,καὶ</span> 
     </span>
    </p>
   </div>
   <div class='ocr_carea' id='block_1_105' title="bbox 2051 2815 3629 2892">
    <p class='ocr_par' dir='ltr' id='par_1_105' title="bbox 2051 2815 3629 2892">
     <span class='ocr_line' id='line_1_106' title="bbox 2051 2815 3629 2892; baseline -0.006 -17"><span class='ocrx_word' id='word_1_810' title='bbox 2051 2823 2150 2892; x_wconf 85' lang='grc' dir='ltr'>τὴν</span> <span class='ocrx_word' id='word_1_811' title='bbox 2181 2821 2400 2883; x_wconf 79' lang='grc' dir='ltr'>ἅλωσιν,</span> <span class='ocrx_word' id='word_1_812' title='bbox 2432 2820 2526 2872; x_wconf 73' lang='grc' dir='ltr'>καὶ</span> <span class='ocrx_word' id='word_1_813' title='bbox 2563 2821 2663 2888; x_wconf 85' lang='grc' dir='ltr'>τὴν</span> <span class='ocrx_word' id='word_1_814' title='bbox 2712 2819 2989 2889; x_wconf 83' lang='grc' dir='ltr'>ἐρήμωσιν</span> <span class='ocrx_word' id='word_1_815' title='bbox 3033 2816 3130 2870; x_wconf 81' lang='grc' dir='ltr'>τοῦ</span> <span class='ocrx_word' id='word_1_816' title='bbox 3165 2815 3336 2887; x_wconf 79' lang='grc' dir='ltr'>ἱεροῦ,</span> <span class='ocrx_word' id='word_1_817' title='bbox 3382 2816 3481 2868; x_wconf 80' lang='grc' dir='ltr'>καὶ</span> <span class='ocrx_word' id='word_1_818' title='bbox 3530 2815 3629 2867; x_wconf 70' lang='grc' dir='ltr'>τὸν</span> 
     </span>
    </p>
   </div>
   <div class='ocr_carea' id='block_1_106' title="bbox 2052 2894 3629 2971">
    <p class='ocr_par' dir='ltr' id='par_1_106' title="bbox 2052 2894 3629 2971">
     <span class='ocr_line' id='line_1_107' title="bbox 2052 2894 3629 2971; baseline -0.005 -17"><span class='ocrx_word' id='word_1_819' title='bbox 2052 2902 2241 2971; x_wconf 84' lang='grc' dir='ltr'>χρόνον</span> <span class='ocrx_word' id='word_1_820' title='bbox 2275 2898 2650 2971; x_wconf 86' lang='grc' dir='ltr'>προστίθησιν.</span> <span class='ocrx_word' id='word_1_821' title='bbox 2695 2898 3028 2969; x_wconf 78' lang='grc' dir='ltr'>Ἀρξάμενος</span> <span class='ocrx_word' id='word_1_822' title='bbox 3061 2896 3171 2967; x_wconf 77' lang='grc' dir='ltr'>γὰρ</span> <span class='ocrx_word' id='word_1_823' title='bbox 3195 2896 3302 2950; x_wconf 77' lang='grc' dir='ltr'>ἀπὸ</span> <span class='ocrx_word' id='word_1_824' title='bbox 3332 2895 3434 2966; x_wconf 85' lang='grc' dir='ltr'>τῆς</span> <span class='ocrx_word' id='word_1_825' title='bbox 3473 2894 3629 2947; x_wconf 77' lang='grc' dir='ltr'>Ἀλε-</span> 
     </span>
    </p>
   </div>
   <div class='ocr_carea' id='block_1_107' title="bbox 2052 2972 3608 3051">
    <p class='ocr_par' dir='ltr' id='par_1_107' title="bbox 2052 2972 3608 3051">
     <span class='ocr_line' id='line_1_108' title="bbox 2052 2972 3608 3051; baseline -0.004 -18"><span class='ocrx_word' id='word_1_826' title='bbox 2052 2980 2277 3051; x_wconf 81' lang='grc' dir='ltr'>ξάνδρου</span> <span class='ocrx_word' id='word_1_827' title='bbox 2315 2977 2609 3048; x_wconf 87' lang='grc' dir='ltr'>βασιλείας,</span> <span class='ocrx_word' id='word_1_828' title='bbox 2646 2976 2808 3030; x_wconf 86' lang='grc' dir='ltr'>πάλιν</span> <span class='ocrx_word' id='word_1_829' title='bbox 2855 2993 2915 3029; x_wconf 88' lang='grc' dir='ltr'>τε</span> <span class='ocrx_word' id='word_1_830' title='bbox 2957 2975 3091 3047; x_wconf 81' lang='grc' dir='ltr'>πρὸς</span> <span class='ocrx_word' id='word_1_831' title='bbox 3119 2975 3195 3046; x_wconf 84' lang='grc' dir='ltr'>τῷ</span> <span class='ocrx_word' id='word_1_832' title='bbox 3225 2975 3369 3027; x_wconf 83' lang='grc' dir='ltr'>τέλει</span> <span class='ocrx_word' id='word_1_833' title='bbox 3418 2972 3514 3027; x_wconf 78' lang='grc' dir='ltr'>τοῦ</span> <span class='ocrx_word' id='word_1_834' title='bbox 3553 2974 3608 3044; x_wconf 85' lang='grc' dir='ltr'>βι</span> 
     </span>
    </p>
   </div>
   <div class='ocr_carea' id='block_1_108' title="bbox 2050 3054 3639 3126">
    <p class='ocr_par' dir='ltr' id='par_1_108' title="bbox 2050 3054 3639 3126">
     <span class='ocr_line' id='line_1_109' title="bbox 2050 3054 3639 3126; baseline -0.004 -14"><span class='ocrx_word' id='word_1_835' title='bbox 2050 3059 2200 3112; x_wconf 79' lang='grc' dir='ltr'>ϐλίου</span> <span class='ocrx_word' id='word_1_836' title='bbox 2253 3058 2345 3112; x_wconf 87' lang='lat' dir='ltr'>ml</span> <span class='ocrx_word' id='word_1_837' title='bbox 2392 3055 2463 3109; x_wconf 84' lang='grc' dir='ltr'>τὰ</span> <span class='ocrx_word' id='word_1_838' title='bbox 2514 3056 2716 3125; x_wconf 84' lang='grc' dir='ltr'>μεταξὺ</span> <span class='ocrx_word' id='word_1_839' title='bbox 2759 3055 2939 3109; x_wconf 85' lang='grc' dir='ltr'>πάντα</span> <span class='ocrx_word' id='word_1_840' title='bbox 2989 3056 3410 3126; x_wconf 86' lang='grc' dir='ltr'>διηγησάμενος,</span> <span class='ocrx_word' id='word_1_841' title='bbox 3442 3054 3546 3106; x_wconf 87' lang='grc' dir='ltr'>ὅσα</span> <span class='ocrx_word' id='word_1_842' title='bbox 3584 3057 3639 3105; x_wconf 65' lang='grc' dir='ltr'>οἱ</span> 
     </span>
    </p>
   </div>
   <div class='ocr_carea' id='block_1_109' title="bbox 2051 3131 3630 3207">
    <p class='ocr_par' dir='ltr' id='par_1_109' title="bbox 2051 3131 3630 3207">
     <span class='ocr_line' id='line_1_110' title="bbox 2051 3131 3630 3207; baseline -0.004 -17"><span class='ocrx_word' id='word_1_843' title='bbox 2051 3136 2373 3207; x_wconf 88' lang='grc' dir='ltr'>Πτολεμαῖοι</span> <span class='ocrx_word' id='word_1_844' title='bbox 2406 3134 2501 3187; x_wconf 77' lang='grc' dir='ltr'>καὶ</span> <span class='ocrx_word' id='word_1_845' title='bbox 2545 3136 2594 3187; x_wconf 81' lang='grc' dir='ltr'>οἱ</span> <span class='ocrx_word' id='word_1_846' title='bbox 2646 3134 2902 3188; x_wconf 83' lang='grc' dir='ltr'>Σέλευκοι</span> <span class='ocrx_word' id='word_1_847' title='bbox 2963 3133 3328 3206; x_wconf 73' lang='grc' dir='ltr'>συρραγέντες</span> <span class='ocrx_word' id='word_1_848' title='bbox 3375 3131 3630 3202; x_wconf 81' lang='grc' dir='ltr'>ἀλλήλοις</span> 
     </span>
    </p>
   </div>
   <div class='ocr_carea' id='block_1_110' title="bbox 2049 3211 3631 3287">
    <p class='ocr_par' dir='ltr' id='par_1_110' title="bbox 2049 3211 3631 3287">
     <span class='ocr_line' id='line_1_111' title="bbox 2049 3211 3631 3287; baseline -0.003 -18"><span class='ocrx_word' id='word_1_849' title='bbox 2049 3216 2333 3287; x_wconf 85' lang='grc' dir='ltr'>ἐποίησαν,</span> <span class='ocrx_word' id='word_1_850' title='bbox 2357 3212 2452 3267; x_wconf 87' lang='lat' dir='ltr'>ml</span> <span class='ocrx_word' id='word_1_851' title='bbox 2472 3215 2521 3266; x_wconf 86' lang='lat' dir='ltr'><strong><em>0l</em></strong></span> <span class='ocrx_word' id='word_1_852' title='bbox 2550 3214 2844 3285; x_wconf 80' lang='grc' dir='ltr'>στρατηγοὶ</span> <span class='ocrx_word' id='word_1_853' title='bbox 2874 3211 3078 3266; x_wconf 84' lang='grc' dir='ltr'>τούτων</span> <span class='ocrx_word' id='word_1_854' title='bbox 3112 3211 3307 3282; x_wconf 85' lang='grc' dir='ltr'>είργάσ</span> <span class='ocrx_word' id='word_1_855' title='bbox 3320 3228 3471 3273; x_wconf 91' lang='grc' dir='ltr'>αντο,</span> <span class='ocrx_word' id='word_1_856' title='bbox 3496 3214 3631 3273; x_wconf 72' lang='grc' dir='ltr'>τοὺς</span> 
     </span>
    </p>
   </div>
   <div class='ocr_carea' id='block_1_111' title="bbox 2048 3291 3633 3362">
    <p class='ocr_par' dir='ltr' id='par_1_111' title="bbox 2048 3291 3633 3362">
     <span class='ocr_line' id='line_1_112' title="bbox 2048 3291 3633 3362; baseline -0.004 -15"><span class='ocrx_word' id='word_1_857' title='bbox 2048 3294 2251 3358; x_wconf 89' lang='grc' dir='ltr'>δόλους,</span> <span class='ocrx_word' id='word_1_858' title='bbox 2297 3292 2398 3357; x_wconf 83' lang='grc' dir='ltr'>τὰς</span> <span class='ocrx_word' id='word_1_859' title='bbox 2442 3292 2622 3355; x_wconf 89' lang='grc' dir='ltr'>νίκας,</span> <span class='ocrx_word' id='word_1_860' title='bbox 2660 3299 2760 3356; x_wconf 83' lang='grc' dir='ltr'>τας</span> <span class='ocrx_word' id='word_1_861' title='bbox 2794 3292 3109 3362; x_wconf 85' lang='grc' dir='ltr'>στρατείας,</span> <span class='ocrx_word' id='word_1_862' title='bbox 3143 3291 3241 3355; x_wconf 83' lang='grc' dir='ltr'>τὰς</span> <span class='ocrx_word' id='word_1_863' title='bbox 3288 3291 3633 3360; x_wconf 78' lang='grc' dir='ltr'>ναυμαχίας,</span> 
     </span>
    </p>
   </div>
   <div class='ocr_carea' id='block_1_112' title="bbox 2046 3370 3629 3443">
    <p class='ocr_par' dir='ltr' id='par_1_112' title="bbox 2046 3370 3629 3443">
     <span class='ocr_line' id='line_1_113' title="bbox 2046 3370 3629 3443; baseline -0.003 -15"><span class='ocrx_word' id='word_1_864' title='bbox 2046 3374 2145 3436; x_wconf 85' lang='grc' dir='ltr'>τὰς</span> <span class='ocrx_word' id='word_1_865' title='bbox 2177 3372 2547 3443; x_wconf 54' lang='grc' dir='ltr'>πεζομαχίας</span> <span class='ocrx_word' id='word_1_866' title='bbox 2581 3371 2782 3443; x_wconf 86' lang='grc' dir='ltr'>προῖὼν</span> <span class='ocrx_word' id='word_1_867' title='bbox 2812 3374 2890 3435; x_wconf 83' lang='grc' dir='ltr'>εἰς</span> <span class='ocrx_word' id='word_1_868' title='bbox 2931 3370 3221 3440; x_wconf 84' lang='grc' dir='ltr'>Ἀντίοχον,</span> <span class='ocrx_word' id='word_1_869' title='bbox 3256 3370 3482 3439; x_wconf 82' lang='grc' dir='ltr'>τελευτᾷ</span> <span class='ocrx_word' id='word_1_870' title='bbox 3511 3370 3629 3423; x_wconf 85' lang='grc' dir='ltr'>πά-</span> 
     </span>
    </p>
   </div>
   <div class='ocr_carea' id='block_1_113' title="bbox 2047 3447 3631 3522">
    <p class='ocr_par' dir='ltr' id='par_1_113' title="bbox 2047 3447 3631 3522">
     <span class='ocr_line' id='line_1_114' title="bbox 2047 3447 3631 3522; baseline -0.003 -15"><span class='ocrx_word' id='word_1_871' title='bbox 2047 3455 2129 3508; x_wconf 92' lang='grc' dir='ltr'>λιν</span> <span class='ocrx_word' id='word_1_872' title='bbox 2158 3455 2206 3516; x_wconf 80' lang='grc' dir='ltr'>ί,</span> <span class='ocrx_word' id='word_1_873' title='bbox 2234 3452 2327 3506; x_wconf 86' lang='grc' dir='ltr'>καί</span> <span class='ocrx_word' id='word_1_874' title='bbox 2369 3468 2533 3522; x_wconf 88' lang='grc' dir='ltr'>φησι·</span> <span class='ocrx_word' id='word_1_875' title='bbox 2567 3451 2889 3519; x_wconf 83' lang='grc' dir='ltr'>Βραχίονες</span> <span class='ocrx_word' id='word_1_876' title='bbox 2917 3448 2984 3514; x_wconf 75' lang='grc' dir='ltr'>ἐξ</span> <span class='ocrx_word' id='word_1_877' title='bbox 3015 3447 3203 3503; x_wconf 84' lang='grc' dir='ltr'>αὑτοῦ</span> <span class='ocrx_word' id='word_1_878' title='bbox 3236 3448 3631 3514; x_wconf 79' lang='grc' dir='ltr'>ἀναστήσον-</span> 
     </span>
    </p>
   </div>
   <div class='ocr_carea' id='block_1_114' title="bbox 2047 3527 3631 3598">
    <p class='ocr_par' dir='ltr' id='par_1_114' title="bbox 2047 3527 3631 3598">
     <span class='ocr_line' id='line_1_115' title="bbox 2047 3527 3631 3598; baseline -0.004 -11"><span class='ocrx_word' id='word_1_879' title='bbox 2047 3550 2163 3598; x_wconf 89' lang='grc' dir='ltr'>ται,</span> <span class='ocrx_word' id='word_1_880' title='bbox 2192 3531 2292 3586; x_wconf 78' lang='grc' dir='ltr'>καί</span> <span class='ocrx_word' id='word_1_881' title='bbox 2319 3527 2747 3595; x_wconf 78' lang='grc' dir='ltr'>βεϐηλώσουσι</span> <span class='ocrx_word' id='word_1_882' title='bbox 2776 3529 2841 3583; x_wconf 84' lang='grc' dir='ltr'>τὸ</span> <span class='ocrx_word' id='word_1_883' title='bbox 2876 3529 3162 3598; x_wconf 74' lang='grc' dir='ltr'>ἀγίασμα,</span> <span class='ocrx_word' id='word_1_884' title='bbox 3189 3528 3289 3582; x_wconf 78' lang='grc' dir='ltr'>καὶ</span> <span class='ocrx_word' id='word_1_885' title='bbox 3322 3527 3631 3597; x_wconf 68' lang='grc' dir='ltr'>μεταστήι</span> 
     </span>
    </p>
   </div>
   <div class='ocr_carea' id='block_1_115' title="bbox 2048 3606 3627 3678">
    <p class='ocr_par' dir='ltr' id='par_1_115' title="bbox 2048 3606 3627 3678">
     <span class='ocr_line' id='line_1_116' title="bbox 2048 3606 3627 3678; baseline -0.008 -11"><span class='ocrx_word' id='word_1_886' title='bbox 2048 3624 2231 3667; x_wconf 88' lang='grc' dir='ltr'>σουσι</span> <span class='ocrx_word' id='word_1_887' title='bbox 2258 3609 2365 3663; x_wconf 85' lang='grc' dir='ltr'>τὸν</span> <span class='ocrx_word' id='word_1_888' title='bbox 2395 3608 2859 3675; x_wconf 72' lang='grc' dir='ltr'>ἐνδελεχισμόνσ</span> <span class='ocrx_word' id='word_1_889' title='bbox 2892 3606 3265 3678; x_wconf 77' lang='grc' dir='ltr'>ἐνδελεχισμὸν</span> <span class='ocrx_word' id='word_1_890' title='bbox 3302 3607 3478 3677; x_wconf 89' lang='grc' dir='ltr'>λέγων</span> <span class='ocrx_word' id='word_1_891' title='bbox 3515 3608 3627 3671; x_wconf 72' lang='grc' dir='ltr'>τὰς</span> 
     </span>
    </p>
   </div>
   <div class='ocr_carea' id='block_1_116' title="bbox 2050 3685 3630 3760">
    <p class='ocr_par' dir='ltr' id='par_1_116' title="bbox 2050 3685 3630 3760">
     <span class='ocr_line' id='line_1_117' title="bbox 2050 3685 3630 3760; baseline -0.002 -17"><span class='ocrx_word' id='word_1_892' title='bbox 2050 3690 2293 3760; x_wconf 86' lang='grc' dir='ltr'>συνεχεῖς</span> <span class='ocrx_word' id='word_1_893' title='bbox 2315 3686 2503 3749; x_wconf 86' lang='grc' dir='ltr'>θυσίας</span> <span class='ocrx_word' id='word_1_894' title='bbox 2525 3686 2622 3750; x_wconf 86' lang='grc' dir='ltr'>τὰς</span> <span class='ocrx_word' id='word_1_895' title='bbox 2651 3685 3024 3756; x_wconf 84' lang='grc' dir='ltr'>καθημερινάς</span> <span class='ocrx_word' id='word_1_896' title='bbox 3042 3704 3055 3717; x_wconf 89' lang='grc'><strong>·</strong></span> <span class='ocrx_word' id='word_1_897' title='bbox 3082 3686 3179 3740; x_wconf 78' lang='grc' dir='ltr'>καὶ</span> <span class='ocrx_word' id='word_1_898' title='bbox 3200 3685 3510 3741; x_wconf 84' lang='grc' dir='ltr'>δώσουσιν</span> <span class='ocrx_word' id='word_1_899' title='bbox 3532 3688 3630 3751; x_wconf 82' lang='grc' dir='ltr'>εις</span> 
     </span>
    </p>
   </div>
   <div class='ocr_carea' id='block_1_117' title="bbox 2046 3763 3628 3835">
    <p class='ocr_par' dir='ltr' id='par_1_117' title="bbox 2046 3763 3628 3835">
     <span class='ocr_line' id='line_1_118' title="bbox 2046 3763 3628 3835; baseline -0.004 -12"><span class='ocrx_word' id='word_1_900' title='bbox 2046 3767 2235 3823; x_wconf 84' lang='grc' dir='ltr'>αὐτὸν</span> <span class='ocrx_word' id='word_1_901' title='bbox 2248 3764 2584 3835; x_wconf 69' lang='grc' dir='ltr'>βδέλυγμα,</span> <span class='ocrx_word' id='word_1_902' title='bbox 2618 3765 2718 3820; x_wconf 79' lang='grc' dir='ltr'>καί</span> <span class='ocrx_word' id='word_1_903' title='bbox 2744 3764 2883 3831; x_wconf 75' lang='grc' dir='ltr'>τοὺς</span> <span class='ocrx_word' id='word_1_904' title='bbox 2907 3764 3280 3833; x_wconf 79' lang='grc' dir='ltr'>ἀνομοῦντας</span> <span class='ocrx_word' id='word_1_905' title='bbox 3299 3763 3628 3830; x_wconf 68' lang='grc' dir='ltr'>διαθήκην,</span> 
     </span>
    </p>
   </div>
   <div class='ocr_carea' id='block_1_118' title="bbox 2046 3843 3634 3914">
    <p class='ocr_par' dir='ltr' id='par_1_118' title="bbox 2046 3843 3634 3914">
     <span class='ocr_line' id='line_1_119' title="bbox 2046 3843 3634 3914; baseline -0.002 -14"><span class='ocrx_word' id='word_1_906' title='bbox 2046 3845 2301 3901; x_wconf 86' lang='grc' dir='ltr'>τουτέστι</span> <span class='ocrx_word' id='word_1_907' title='bbox 2339 3844 2467 3906; x_wconf 75' lang='grc' dir='ltr'>τοὺς</span> <span class='ocrx_word' id='word_1_908' title='bbox 2522 3843 2957 3914; x_wconf 86' lang='grc' dir='ltr'>παραϐαίνοντας</span> <span class='ocrx_word' id='word_1_909' title='bbox 3016 3843 3124 3895; x_wconf 90' lang='grc' dir='ltr'>τῶν</span> <span class='ocrx_word' id='word_1_910' title='bbox 3169 3843 3455 3905; x_wconf 83' lang='grc' dir='ltr'>Ἰουδαίων,</span> <span class='ocrx_word' id='word_1_911' title='bbox 3509 3844 3634 3898; x_wconf 62' lang='grc' dir='ltr'>ἀπ-</span> 
     </span>
    </p>
   </div>
   <div class='ocr_carea' id='block_1_119' title="bbox 2048 3920 3626 3991">
    <p class='ocr_par' dir='ltr' id='par_1_119' title="bbox 2048 3920 3626 3991">
     <span class='ocr_line' id='line_1_120' title="bbox 2048 3920 3626 3991; baseline -0.006 -12"><span class='ocrx_word' id='word_1_912' title='bbox 2048 3925 2305 3990; x_wconf 81' lang='grc' dir='ltr'>άξουσιν</span> <span class='ocrx_word' id='word_1_913' title='bbox 2344 3921 2413 3974; x_wconf 86' lang='grc' dir='ltr'>ἐν</span> <span class='ocrx_word' id='word_1_914' title='bbox 2451 3922 2838 3990; x_wconf 79' lang='grc' dir='ltr'>ὁλισθήμασι,</span> <span class='ocrx_word' id='word_1_915' title='bbox 2874 3920 2967 3973; x_wconf 87' lang='lat' dir='ltr'>ml</span> <span class='ocrx_word' id='word_1_916' title='bbox 2996 3921 3112 3991; x_wconf 80' lang='grc' dir='ltr'>μεθ’</span> <span class='ocrx_word' id='word_1_917' title='bbox 3146 3921 3351 3975; x_wconf 78' lang='grc' dir='ltr'>ἑαυτῶν</span> <span class='ocrx_word' id='word_1_918' title='bbox 3413 3922 3626 3987; x_wconf 77' lang='grc' dir='ltr'>ἕξουσι,</span> 
     </span>
    </p>
   </div>
   <div class='ocr_carea' id='block_1_120' title="bbox 2048 3998 3629 4074">
    <p class='ocr_par' dir='ltr' id='par_1_120' title="bbox 2048 3998 3629 4074">
     <span class='ocr_line' id='line_1_121' title="bbox 2048 3998 3629 4074; baseline -0.003 -18"><span class='ocrx_word' id='word_1_919' title='bbox 2048 4004 2141 4057; x_wconf 90' lang='lat' dir='ltr'>ml</span> <span class='ocrx_word' id='word_1_920' title='bbox 2174 4000 2594 4074; x_wconf 85' lang='grc' dir='ltr'>μεταστήσουσι,</span> <span class='ocrx_word' id='word_1_921' title='bbox 2616 3999 2715 4052; x_wconf 78' lang='grc' dir='ltr'>καὶ</span> <span class='ocrx_word' id='word_1_922' title='bbox 2741 4003 2773 4054; x_wconf 89' lang='grc' dir='ltr'>ό</span> <span class='ocrx_word' id='word_1_923' title='bbox 2790 4000 2937 4064; x_wconf 58' lang='grc' dir='ltr'>λαςδς</span> <span class='ocrx_word' id='word_1_924' title='bbox 2957 4002 2990 4052; x_wconf 87' lang='grc' dir='ltr'>ό</span> <span class='ocrx_word' id='word_1_925' title='bbox 3012 4000 3320 4068; x_wconf 76' lang='grc' dir='ltr'>γινώσκων</span> <span class='ocrx_word' id='word_1_926' title='bbox 3336 3998 3444 4052; x_wconf 76' lang='grc' dir='ltr'>τὸν</span> <span class='ocrx_word' id='word_1_927' title='bbox 3473 4001 3629 4053; x_wconf 79' lang='grc' dir='ltr'>Θεὸν</span> 
     </span>
    </p>
   </div>
   <div class='ocr_carea' id='block_1_121' title="bbox 2047 4076 3625 4148">
    <p class='ocr_par' dir='ltr' id='par_1_121' title="bbox 2047 4076 3625 4148">
     <span class='ocr_line' id='line_1_122' title="bbox 2047 4076 3625 4148; baseline -0.002 -14"><span class='ocrx_word' id='word_1_928' title='bbox 2047 4081 2235 4137; x_wconf 82' lang='grc' dir='ltr'>αὐτοῦ</span> <span class='ocrx_word' id='word_1_929' title='bbox 2270 4079 2747 4148; x_wconf 82' lang='grc' dir='ltr'>κατισχύσουσι·</span> <span class='ocrx_word' id='word_1_930' title='bbox 2781 4078 2848 4131; x_wconf 83' lang='grc' dir='ltr'>τὰ</span> <span class='ocrx_word' id='word_1_931' title='bbox 2871 4079 2963 4131; x_wconf 81' lang='grc' dir='ltr'>ἐπὶ</span> <span class='ocrx_word' id='word_1_932' title='bbox 2992 4078 3101 4132; x_wconf 88' lang='grc' dir='ltr'>τῶν</span> <span class='ocrx_word' id='word_1_933' title='bbox 3130 4076 3500 4131; x_wconf 82' lang='grc' dir='ltr'>Μακκαϐαίων</span> <span class='ocrx_word' id='word_1_934' title='bbox 3528 4077 3625 4131; x_wconf 83' lang='grc' dir='ltr'>λέ-</span> 
     </span>
    </p>
   </div>
   <div class='ocr_carea' id='block_1_122' title="bbox 2046 4156 3628 4230">
    <p class='ocr_par' dir='ltr' id='par_1_122' title="bbox 2046 4156 3628 4230">
     <span class='ocr_line' id='line_1_123' title="bbox 2046 4156 3628 4230; baseline -0.001 -17"><span class='ocrx_word' id='word_1_935' title='bbox 2046 4177 2155 4230; x_wconf 90' lang='grc' dir='ltr'>γει,</span> <span class='ocrx_word' id='word_1_936' title='bbox 2185 4160 2254 4212; x_wconf 81' lang='grc' dir='ltr'>τὰ</span> <span class='ocrx_word' id='word_1_937' title='bbox 2279 4159 2372 4211; x_wconf 77' lang='grc' dir='ltr'>ἐπὶ</span> <span class='ocrx_word' id='word_1_938' title='bbox 2411 4156 2581 4210; x_wconf 84' lang='grc' dir='ltr'>Ἰούδα</span> <span class='ocrx_word' id='word_1_939' title='bbox 2610 4156 2704 4209; x_wconf 89' lang='lat' dir='ltr'>ml</span> <span class='ocrx_word' id='word_1_940' title='bbox 2727 4156 2969 4227; x_wconf 87' lang='grc' dir='ltr'>Σίμωνος</span> <span class='ocrx_word' id='word_1_941' title='bbox 2998 4159 3092 4211; x_wconf 85' lang='lat' dir='ltr'>ml</span> <span class='ocrx_word' id='word_1_942' title='bbox 3134 4157 3405 4211; x_wconf 74' lang='grc' dir='ltr'>Ἰωάννουο</span> <span class='ocrx_word' id='word_1_943' title='bbox 3440 4156 3541 4209; x_wconf 81' lang='grc' dir='ltr'>καὶ</span> <span class='ocrx_word' id='word_1_944' title='bbox 3570 4160 3628 4211; x_wconf 80' lang='grc' dir='ltr'>οι</span> 
     </span>
    </p>
   </div>
   <div class='ocr_carea' id='block_1_123' title="bbox 2048 4233 3629 4302">
    <p class='ocr_par' dir='ltr' id='par_1_123' title="bbox 2048 4233 3629 4302">
     <span class='ocr_line' id='line_1_124' title="bbox 2048 4233 3629 4302; baseline -0.003 -11"><span class='ocrx_word' id='word_1_945' title='bbox 2048 4236 2292 4291; x_wconf 83' lang='grc' dir='ltr'>συνετοὶ</span> <span class='ocrx_word' id='word_1_946' title='bbox 2329 4235 2483 4289; x_wconf 77' lang='grc' dir='ltr'>λαοῦ</span> <span class='ocrx_word' id='word_1_947' title='bbox 2511 4233 2900 4300; x_wconf 74' lang='grc' dir='ltr'>συνήσουσιν</span> <span class='ocrx_word' id='word_1_948' title='bbox 2933 4237 3020 4302; x_wconf 85' lang='grc' dir='ltr'>εὶς</span> <span class='ocrx_word' id='word_1_949' title='bbox 3049 4235 3270 4299; x_wconf 67' lang='grc' dir='ltr'>πολλὰ,</span> <span class='ocrx_word' id='word_1_950' title='bbox 3298 4234 3397 4288; x_wconf 78' lang='grc' dir='ltr'>καὶ</span> <span class='ocrx_word' id='word_1_951' title='bbox 3438 4237 3629 4289; x_wconf 75' lang='grc' dir='ltr'>ἀσθε-</span> 
     </span>
    </p>
   </div>
   <div class='ocr_carea' id='block_1_124' title="bbox 2046 4313 3627 4384">
    <p class='ocr_par' dir='ltr' id='par_1_124' title="bbox 2046 4313 3627 4384">
     <span class='ocr_line' id='line_1_125' title="bbox 2046 4313 3627 4384; baseline -0.003 -14"><span class='ocrx_word' id='word_1_952' title='bbox 2046 4316 2355 4381; x_wconf 73' lang='grc' dir='ltr'>νήσουσιν</span> <span class='ocrx_word' id='word_1_953' title='bbox 2376 4315 2447 4367; x_wconf 87' lang='grc' dir='ltr'>ἐν</span> <span class='ocrx_word' id='word_1_954' title='bbox 2460 4314 2729 4384; x_wconf 66' lang='grc' dir='ltr'>ῥομφαία</span> <span class='ocrx_word' id='word_1_955' title='bbox 2758 4313 2859 4367; x_wconf 81' lang='grc' dir='ltr'>καὶ</span> <span class='ocrx_word' id='word_1_956' title='bbox 2894 4313 2966 4366; x_wconf 84' lang='grc' dir='ltr'>ἐν</span> <span class='ocrx_word' id='word_1_957' title='bbox 3008 4316 3221 4383; x_wconf 67' lang='grc' dir='ltr'>φλογίο</span> <span class='ocrx_word' id='word_1_958' title='bbox 3269 4313 3361 4366; x_wconf 86' lang='grc' dir='ltr'>τὸν</span> <span class='ocrx_word' id='word_1_959' title='bbox 3405 4313 3627 4383; x_wconf 75' lang='grc' dir='ltr'>ἐμπρη-</span> 
     </span>
    </p>
   </div>
   <div class='ocr_carea' id='block_1_125' title="bbox 2050 4390 3627 4463">
    <p class='ocr_par' dir='ltr' id='par_1_125' title="bbox 2050 4390 3627 4463">
     <span class='ocr_line' id='line_1_126' title="bbox 2050 4390 3627 4463; baseline -0.003 -16"><span class='ocrx_word' id='word_1_960' title='bbox 2050 4393 2186 4463; x_wconf 87' lang='grc' dir='ltr'>σμὸν</span> <span class='ocrx_word' id='word_1_961' title='bbox 2214 4392 2313 4463; x_wconf 81' lang='grc' dir='ltr'>τῆς</span> <span class='ocrx_word' id='word_1_962' title='bbox 2338 4390 2544 4454; x_wconf 83' lang='grc' dir='ltr'>πόλεως</span> <span class='ocrx_word' id='word_1_963' title='bbox 2581 4390 2742 4445; x_wconf 87' lang='grc' dir='ltr'>πάλιν</span> <span class='ocrx_word' id='word_1_964' title='bbox 2766 4390 3119 4461; x_wconf 85' lang='grc' dir='ltr'>διηγούμενος</span> <span class='ocrx_word' id='word_1_965' title='bbox 3141 4407 3157 4422; x_wconf 87' lang='grc'><strong>·</strong></span> <span class='ocrx_word' id='word_1_966' title='bbox 3190 4390 3289 4446; x_wconf 77' lang='grc' dir='ltr'>καί</span> <span class='ocrx_word' id='word_1_967' title='bbox 3317 4391 3385 4444; x_wconf 89' lang='grc' dir='ltr'>ἐν</span> <span class='ocrx_word' id='word_1_968' title='bbox 3408 4393 3627 4460; x_wconf 60' lang='lat' dir='ltr'><strong><em>alluc-</em></strong></span> 
     </span>
    </p>
   </div>
   <div class='ocr_carea' id='block_1_126' title="bbox 2045 4468 3625 4540">
    <p class='ocr_par' dir='ltr' id='par_1_126' title="bbox 2045 4468 3625 4540">
     <span class='ocr_line' id='line_1_127' title="bbox 2045 4468 3625 4540; baseline -0.003 -14"><span class='ocrx_word' id='word_1_969' title='bbox 2045 4472 2260 4540; x_wconf 71' lang='grc' dir='ltr'>λωσίᾳ,</span> <span class='ocrx_word' id='word_1_970' title='bbox 2301 4471 2399 4524; x_wconf 79' lang='grc' dir='ltr'>καί</span> <span class='ocrx_word' id='word_1_971' title='bbox 2452 4471 2522 4523; x_wconf 83' lang='grc' dir='ltr'>ἐν</span> <span class='ocrx_word' id='word_1_972' title='bbox 2575 4468 2874 4539; x_wconf 74' lang='grc' dir='ltr'>διαρπαγῇ</span> <span class='ocrx_word' id='word_1_973' title='bbox 2930 4469 3198 4538; x_wconf 73' lang='grc' dir='ltr'>ἡμερῶν·</span> <span class='ocrx_word' id='word_1_974' title='bbox 3259 4468 3359 4522; x_wconf 77' lang='grc' dir='ltr'>καὶ</span> <span class='ocrx_word' id='word_1_975' title='bbox 3407 4469 3483 4521; x_wconf 81' lang='grc' dir='ltr'>ἐν</span> <span class='ocrx_word' id='word_1_976' title='bbox 3537 4469 3625 4534; x_wconf 80' lang='grc' dir='ltr'>τῷ</span> 
     </span>
    </p>
   </div>
   <div class='ocr_carea' id='block_1_127' title="bbox 2046 4545 3624 4618">
    <p class='ocr_par' dir='ltr' id='par_1_127' title="bbox 2046 4545 3624 4618">
     <span class='ocr_line' id='line_1_128' title="bbox 2046 4545 3624 4618; baseline -0.004 -13"><span class='ocrx_word' id='word_1_977' title='bbox 2046 4548 2381 4618; x_wconf 80' lang='grc' dir='ltr'>ἀσθενῆσαι</span> <span class='ocrx_word' id='word_1_978' title='bbox 2436 4547 2658 4613; x_wconf 84' lang='grc' dir='ltr'>αὐτοὺς</span> <span class='ocrx_word' id='word_1_979' title='bbox 2712 4547 3126 4615; x_wconf 72' lang='grc' dir='ltr'>,βοηθήσονται</span> <span class='ocrx_word' id='word_1_980' title='bbox 3201 4545 3492 4611; x_wconf 79' lang='grc' dir='ltr'>βοήθειαν</span> <span class='ocrx_word' id='word_1_981' title='bbox 3523 4565 3624 4615; x_wconf 79' lang='grc' dir='ltr'>μι-</span> 
     </span>
    </p>
   </div>
   <div class='ocr_carea' id='block_1_128' title="bbox 2046 4624 3625 4699">
    <p class='ocr_par' dir='ltr' id='par_1_128' title="bbox 2046 4624 3625 4699">
     <span class='ocr_line' id='line_1_129' title="bbox 2046 4624 3625 4699; baseline -0.003 -18"><span class='ocrx_word' id='word_1_982' title='bbox 2046 4628 2223 4697; x_wconf 57' lang='grc' dir='ltr'>κράν</span> <span class='ocrx_word' id='word_1_983' title='bbox 2273 4625 2552 4699; x_wconf 85' lang='grc' dir='ltr'>ἐμφαίνων</span> <span class='ocrx_word' id='word_1_984' title='bbox 2600 4627 2681 4679; x_wconf 82' lang='grc' dir='ltr'>ὅτι</span> <span class='ocrx_word' id='word_1_985' title='bbox 2730 4625 2930 4696; x_wconf 78' lang='grc' dir='ltr'>μεταξὺ</span> <span class='ocrx_word' id='word_1_986' title='bbox 2980 4625 3088 4678; x_wconf 90' lang='grc' dir='ltr'>τῶν</span> <span class='ocrx_word' id='word_1_987' title='bbox 3152 4624 3333 4678; x_wconf 88' lang='grc' dir='ltr'>κακῶν</span> <span class='ocrx_word' id='word_1_988' title='bbox 3392 4625 3625 4677; x_wconf 82' lang='grc' dir='ltr'>ἐκείνων</span> 
     </span>
    </p>
   </div>
   <div class='ocr_carea' id='block_1_129' title="bbox 2044 4702 3625 4778">
    <p class='ocr_par' dir='ltr' id='par_1_129' title="bbox 2044 4702 3625 4778">
     <span class='ocr_line' id='line_1_130' title="bbox 2044 4702 3625 4778; baseline -0.003 -18"><span class='ocrx_word' id='word_1_989' title='bbox 2044 4708 2363 4778; x_wconf 87' lang='grc' dir='ltr'>δυνήσονται</span> <span class='ocrx_word' id='word_1_990' title='bbox 2395 4704 2727 4761; x_wconf 81' lang='grc' dir='ltr'>ἀναπνεῦσαι</span> <span class='ocrx_word' id='word_1_991' title='bbox 2771 4707 2864 4759; x_wconf 87' lang='lat' dir='ltr'>ml</span> <span class='ocrx_word' id='word_1_992' title='bbox 2892 4702 3043 4776; x_wconf 73' lang='grc'>[640]</span> <span class='ocrx_word' id='word_1_993' title='bbox 3069 4706 3377 4771; x_wconf 86' lang='grc' dir='ltr'>ἀνενεγκεῖν</span> <span class='ocrx_word' id='word_1_994' title='bbox 3415 4705 3481 4756; x_wconf 82' lang='grc' dir='ltr'>ἐκ</span> <span class='ocrx_word' id='word_1_995' title='bbox 3508 4704 3625 4756; x_wconf 81' lang='grc' dir='ltr'>τῶν</span> 
     </span>
    </p>
   </div>
   <div class='ocr_carea' id='block_1_130' title="bbox 2046 4780 3621 4856">
    <p class='ocr_par' dir='ltr' id='par_1_130' title="bbox 2046 4780 3621 4856">
     <span class='ocr_line' id='line_1_131' title="bbox 2046 4780 3621 4856; baseline -0.002 -17"><span class='ocrx_word' id='word_1_996' title='bbox 2046 4784 2445 4856; x_wconf 84' lang='grc' dir='ltr'>κατειληφότων</span> <span class='ocrx_word' id='word_1_997' title='bbox 2474 4784 2670 4847; x_wconf 77' lang='grc' dir='ltr'>αὐτοὺς</span> <span class='ocrx_word' id='word_1_998' title='bbox 2697 4783 2885 4836; x_wconf 85' lang='grc' dir='ltr'>δεινῶν</span> <span class='ocrx_word' id='word_1_999' title='bbox 2906 4799 2919 4812; x_wconf 87' lang='grc'>·</span> <span class='ocrx_word' id='word_1_1000' title='bbox 2956 4783 3056 4836; x_wconf 76' lang='grc' dir='ltr'>καὶ</span> <span class='ocrx_word' id='word_1_1001' title='bbox 3097 4780 3621 4851; x_wconf 75' lang='grc' dir='ltr'>προστεθήσονται</span> 
     </span>
    </p>
   </div>
   <div class='ocr_carea' id='block_1_131' title="bbox 2045 4860 3625 4935">
    <p class='ocr_par' dir='ltr' id='par_1_131' title="bbox 2045 4860 3625 4935">
     <span class='ocr_line' id='line_1_132' title="bbox 2045 4860 3625 4935; baseline -0.003 -16"><span class='ocrx_word' id='word_1_1002' title='bbox 2045 4865 2193 4935; x_wconf 81' lang='grc' dir='ltr'>πρὸς</span> <span class='ocrx_word' id='word_1_1003' title='bbox 2218 4864 2439 4929; x_wconf 85' lang='grc' dir='ltr'>αὐτοὺς</span> <span class='ocrx_word' id='word_1_1004' title='bbox 2463 4863 2679 4918; x_wconf 72' lang='grc' dir='ltr'>πολλοὶ</span> <span class='ocrx_word' id='word_1_1005' title='bbox 2718 4863 2788 4916; x_wconf 84' lang='grc' dir='ltr'>ὲν</span> <span class='ocrx_word' id='word_1_1006' title='bbox 2812 4860 3196 4930; x_wconf 68' lang='grc' dir='ltr'>ὀλισθιξμασι,</span> <span class='ocrx_word' id='word_1_1007' title='bbox 3228 4861 3324 4914; x_wconf 78' lang='grc' dir='ltr'>καὶ</span> <span class='ocrx_word' id='word_1_1008' title='bbox 3348 4861 3469 4915; x_wconf 77' lang='grc' dir='ltr'>ἀπὸ</span> <span class='ocrx_word' id='word_1_1009' title='bbox 3498 4860 3625 4914; x_wconf 75' lang='grc' dir='ltr'>τῶν</span> 
     </span>
    </p>
   </div>
   <div class='ocr_carea' id='block_1_132' title="bbox 2045 4937 3620 5006">
    <p class='ocr_par' dir='ltr' id='par_1_132' title="bbox 2045 4937 3620 5006">
     <span class='ocr_line' id='line_1_133' title="bbox 2045 4937 3620 5006; baseline -0.004 -9"><span class='ocrx_word' id='word_1_1010' title='bbox 2045 4943 2381 4997; x_wconf 81' lang='grc' dir='ltr'>συνιόντων</span> <span class='ocrx_word' id='word_1_1011' title='bbox 2410 4937 2844 5006; x_wconf 83' lang='grc' dir='ltr'>ἀσθενήσουσι.</span> <span class='ocrx_word' id='word_1_1012' title='bbox 2881 4937 3065 4991; x_wconf 82' lang='grc' dir='ltr'>Ταῦτα</span> <span class='ocrx_word' id='word_1_1013' title='bbox 3090 4938 3148 4991; x_wconf 76' lang='grc' dir='ltr'>δὲ</span> <span class='ocrx_word' id='word_1_1014' title='bbox 3186 4938 3337 5006; x_wconf 76' lang='grc' dir='ltr'>ἔλεγε</span> <span class='ocrx_word' id='word_1_1015' title='bbox 3374 4938 3620 5001; x_wconf 66' lang='grc' dir='ltr'>δεικνὺς,</span> 
     </span>
    </p>
   </div>
   <div class='ocr_carea' id='block_1_133' title="bbox 2044 5013 3622 5084">
    <p class='ocr_par' dir='ltr' id='par_1_133' title="bbox 2044 5013 3622 5084">
     <span class='ocr_line' id='line_1_134' title="bbox 2044 5013 3622 5084; baseline -0.003 -12"><span class='ocrx_word' id='word_1_1016' title='bbox 2044 5022 2126 5073; x_wconf 84' lang='grc' dir='ltr'>ὅτι</span> <span class='ocrx_word' id='word_1_1017' title='bbox 2176 5018 2360 5071; x_wconf 75' lang='grc' dir='ltr'>πολλοὶ</span> <span class='ocrx_word' id='word_1_1018' title='bbox 2400 5019 2496 5071; x_wconf 88' lang='lat' dir='ltr'>ml</span> <span class='ocrx_word' id='word_1_1019' title='bbox 2531 5017 2638 5069; x_wconf 92' lang='grc' dir='ltr'>τῶν</span> <span class='ocrx_word' id='word_1_1020' title='bbox 2696 5016 2943 5069; x_wconf 81' lang='grc' dir='ltr'>ἑστώτων</span> <span class='ocrx_word' id='word_1_1021' title='bbox 2977 5014 3287 5069; x_wconf 78' lang='grc' dir='ltr'>πεσοῦνται.</span> <span class='ocrx_word' id='word_1_1022' title='bbox 3314 5013 3447 5069; x_wconf 82' lang='grc' dir='ltr'>Εἶτα</span> <span class='ocrx_word' id='word_1_1023' title='bbox 3482 5018 3622 5084; x_wconf 69' lang='grc' dir='ltr'>φησι</span> 
     </span>
    </p>
   </div>
   <div class='ocr_carea' id='block_1_134' title="bbox 2046 5092 3621 5165">
    <p class='ocr_par' dir='ltr' id='par_1_134' title="bbox 2046 5092 3621 5165">
     <span class='ocr_line' id='line_1_135' title="bbox 2046 5092 3621 5165; baseline -0.004 -15"><span class='ocrx_word' id='word_1_1024' title='bbox 2046 5099 2140 5150; x_wconf 87' lang='lat' dir='ltr'>ml</span> <span class='ocrx_word' id='word_1_1025' title='bbox 2170 5098 2269 5165; x_wconf 77' lang='grc' dir='ltr'>τὴν</span> <span class='ocrx_word' id='word_1_1026' title='bbox 2307 5095 2504 5159; x_wconf 88' lang='grc' dir='ltr'>αἰτίαν,</span> <span class='ocrx_word' id='word_1_1027' title='bbox 2545 5094 2609 5146; x_wconf 81' lang='grc' dir='ltr'>δι’</span> <span class='ocrx_word' id='word_1_1028' title='bbox 2642 5095 2707 5165; x_wconf 81' lang='grc' dir='ltr'>ἢν</span> <span class='ocrx_word' id='word_1_1029' title='bbox 2745 5092 3123 5163; x_wconf 87' lang='grc' dir='ltr'>συνεχώρησεν</span> <span class='ocrx_word' id='word_1_1030' title='bbox 3167 5094 3364 5156; x_wconf 78' lang='grc' dir='ltr'>αὐτοὺς</span> <span class='ocrx_word' id='word_1_1031' title='bbox 3402 5095 3433 5145; x_wconf 86' lang='grc' dir='ltr'>ὁ</span> <span class='ocrx_word' id='word_1_1032' title='bbox 3481 5093 3621 5156; x_wconf 72' lang='grc' dir='ltr'>Θεὸς</span> 
     </span>
    </p>
   </div>
   <div class='ocr_carea' id='block_1_135' title="bbox 2047 5168 3621 5239">
    <p class='ocr_par' dir='ltr' id='par_1_135' title="bbox 2047 5168 3621 5239">
     <span class='ocr_line' id='line_1_136' title="bbox 2047 5168 3621 5239; baseline -0.002 -13"><span class='ocrx_word' id='word_1_1033' title='bbox 2047 5176 2103 5227; x_wconf 82' lang='grc' dir='ltr'>ἐν</span> <span class='ocrx_word' id='word_1_1034' title='bbox 2131 5173 2403 5234; x_wconf 87' lang='grc' dir='ltr'>τοσούτοις</span> <span class='ocrx_word' id='word_1_1035' title='bbox 2426 5170 2674 5239; x_wconf 88' lang='grc' dir='ltr'>γενέσθαι</span> <span class='ocrx_word' id='word_1_1036' title='bbox 2702 5174 2908 5233; x_wconf 87' lang='grc' dir='ltr'>κακοῖς.</span> <span class='ocrx_word' id='word_1_1037' title='bbox 2934 5169 3030 5232; x_wconf 85' lang='grc' dir='ltr'>Τίς</span> <span class='ocrx_word' id='word_1_1038' title='bbox 3053 5169 3110 5221; x_wconf 88' lang='grc' dir='ltr'>δέ</span> <span class='ocrx_word' id='word_1_1039' title='bbox 3133 5170 3281 5222; x_wconf 85' lang='grc' dir='ltr'>ἐστιν</span> <span class='ocrx_word' id='word_1_1040' title='bbox 3303 5168 3442 5236; x_wconf 78' lang='grc' dir='ltr'>αὕτη</span> <span class='ocrx_word' id='word_1_1041' title='bbox 3463 5185 3480 5233; x_wconf 84' lang='grc'>;</span> <span class='ocrx_word' id='word_1_1042' title='bbox 3506 5170 3621 5223; x_wconf 80' lang='grc' dir='ltr'>Τοῦ</span> 
     </span>
    </p>
   </div>
   <div class='ocr_carea' id='block_1_136' title="bbox 2045 5244 3619 5317">
    <p class='ocr_par' dir='ltr' id='par_1_136' title="bbox 2045 5244 3619 5317">
     <span class='ocr_line' id='line_1_137' title="bbox 2045 5244 3619 5317; baseline -0.001 -15"><span class='ocrx_word' id='word_1_1043' title='bbox 2045 5248 2336 5317; x_wconf 81' lang='grc' dir='ltr'>πυρῶσαι,</span> <span class='ocrx_word' id='word_1_1044' title='bbox 2373 5249 2557 5317; x_wconf 77' lang='grc' dir='ltr'>φησὶν,</span> <span class='ocrx_word' id='word_1_1045' title='bbox 2591 5247 2813 5313; x_wconf 85' lang='grc' dir='ltr'>αὐτοὺς</span> <span class='ocrx_word' id='word_1_1046' title='bbox 2832 5245 2929 5299; x_wconf 77' lang='grc' dir='ltr'>καὶ</span> <span class='ocrx_word' id='word_1_1047' title='bbox 2965 5244 3072 5299; x_wconf 86' lang='grc' dir='ltr'>τοῦ</span> <span class='ocrx_word' id='word_1_1048' title='bbox 3097 5245 3483 5310; x_wconf 75' lang='grc' dir='ltr'>ἐκλέξασθαι,</span> <span class='ocrx_word' id='word_1_1049' title='bbox 3515 5247 3619 5300; x_wconf 68' lang='grc' dir='ltr'>καὶ</span> 
     </span>
    </p>
   </div>
   <div class='ocr_carea' id='block_1_137' title="bbox 2044 5322 3621 5392">
    <p class='ocr_par' dir='ltr' id='par_1_137' title="bbox 2044 5322 3621 5392">
     <span class='ocr_line' id='line_1_138' title="bbox 2044 5322 3621 5392; baseline -0.003 -11"><span class='ocrx_word' id='word_1_1050' title='bbox 2044 5326 2151 5381; x_wconf 87' lang='grc' dir='ltr'>τοῦ</span> <span class='ocrx_word' id='word_1_1051' title='bbox 2186 5325 2543 5380; x_wconf 79' lang='grc' dir='ltr'>ὲκλευκᾶναι</span> <span class='ocrx_word' id='word_1_1052' title='bbox 2593 5322 2706 5390; x_wconf 82' lang='grc' dir='ltr'>ἕως</span> <span class='ocrx_word' id='word_1_1053' title='bbox 2747 5322 2954 5392; x_wconf 80' lang='grc' dir='ltr'>καιροῦ</span> <span class='ocrx_word' id='word_1_1054' title='bbox 2986 5322 3261 5390; x_wconf 83' lang='grc' dir='ltr'>πέρατος.</span> <span class='ocrx_word' id='word_1_1055' title='bbox 3290 5323 3389 5376; x_wconf 74' lang='grc' dir='ltr'>Διὰ</span> <span class='ocrx_word' id='word_1_1056' title='bbox 3443 5323 3621 5377; x_wconf 80' lang='grc' dir='ltr'>ταῦτα</span> 
     </span>
    </p>
   </div>
   <div class='ocr_carea' id='block_1_138' title="bbox 2044 5398 3657 5476">
    <p class='ocr_par' dir='ltr' id='par_1_138' title="bbox 2044 5398 3657 5476">
     <span class='ocr_line' id='line_1_139' title="bbox 2044 5398 3657 5476; baseline -0.005 -16"><span class='ocrx_word' id='word_1_1057' title='bbox 2044 5407 2171 5476; x_wconf 76' lang='grc' dir='ltr'>γὰρ,</span> <span class='ocrx_word' id='word_1_1058' title='bbox 2203 5405 2354 5475; x_wconf 67' lang='grc' dir='ltr'>φησὶ,</span> <span class='ocrx_word' id='word_1_1059' title='bbox 2383 5398 2759 5471; x_wconf 88' lang='grc' dir='ltr'>συνεχώρησεν</span> <span class='ocrx_word' id='word_1_1060' title='bbox 2793 5402 2822 5453; x_wconf 87' lang='grc' dir='ltr'>ὁ</span> <span class='ocrx_word' id='word_1_1061' title='bbox 2848 5399 3001 5465; x_wconf 85' lang='grc' dir='ltr'>Θεὸς,</span> <span class='ocrx_word' id='word_1_1062' title='bbox 3032 5399 3173 5452; x_wconf 85' lang='grc' dir='ltr'>ὥστε</span> <span class='ocrx_word' id='word_1_1063' title='bbox 3201 5400 3396 5461; x_wconf 80' lang='grc' dir='ltr'>αὐτοὺς</span> <span class='ocrx_word' id='word_1_1064' title='bbox 3445 5402 3619 5476; x_wconf 80' lang='grc' dir='ltr'>ἐκκα-</span> <span class='ocrx_word' id='word_1_1065' title='bbox 3648 5400 3657 5405; x_wconf 89' lang='grc'><strong>’</strong></span> 
     </span>
    </p>
   </div>
   <div class='ocr_carea' id='block_1_139' title="bbox 2044 5474 3617 5554">
    <p class='ocr_par' dir='ltr' id='par_1_139' title="bbox 2044 5474 3617 5554">
     <span class='ocr_line' id='line_1_140' title="bbox 2044 5474 3617 5554; baseline -0.004 -16"><span class='ocrx_word' id='word_1_1066' title='bbox 2044 5474 2228 5554; x_wconf 84' lang='grc' dir='ltr'>θᾶραι,</span> <span class='ocrx_word' id='word_1_1067' title='bbox 2258 5481 2354 5534; x_wconf 87' lang='lat' dir='ltr'>ml</span> <span class='ocrx_word' id='word_1_1068' title='bbox 2384 5479 2551 5543; x_wconf 84' lang='grc' dir='ltr'>δεῖξαι</span> <span class='ocrx_word' id='word_1_1069' title='bbox 2580 5481 2705 5540; x_wconf 83' lang='grc' dir='ltr'>τοὺς</span> <span class='ocrx_word' id='word_1_1070' title='bbox 2735 5478 2988 5547; x_wconf 82' lang='grc' dir='ltr'>δοκίμους</span> <span class='ocrx_word' id='word_1_1071' title='bbox 3014 5477 3141 5539; x_wconf 85' lang='grc' dir='ltr'>τοὺς</span> <span class='ocrx_word' id='word_1_1072' title='bbox 3160 5479 3218 5529; x_wconf 91' lang='grc' dir='ltr'>ἐν</span> <span class='ocrx_word' id='word_1_1073' title='bbox 3243 5478 3447 5539; x_wconf 80' lang='grc' dir='ltr'>αὐτοῖς.</span> <span class='ocrx_word' id='word_1_1074' title='bbox 3481 5474 3617 5531; x_wconf 79' lang='grc' dir='ltr'>Εἶτα</span> 
     </span>
    </p>
   </div>
   <div class='ocr_carea' id='block_1_140' title="bbox 2042 5555 3619 5630">
    <p class='ocr_par' dir='ltr' id='par_1_140' title="bbox 2042 5555 3619 5630">
     <span class='ocr_line' id='line_1_141' title="bbox 2042 5555 3619 5630; baseline -0.008 -14"><span class='ocrx_word' id='word_1_1075' title='bbox 2042 5559 2394 5630; x_wconf 83' lang='grc' dir='ltr'>διηγούμενος</span> <span class='ocrx_word' id='word_1_1076' title='bbox 2431 5560 2526 5610; x_wconf 84' lang='grc' dir='ltr'>τοῦ</span> <span class='ocrx_word' id='word_1_1077' title='bbox 2575 5556 2838 5625; x_wconf 87' lang='grc' dir='ltr'>βασιλέως</span> <span class='ocrx_word' id='word_1_1078' title='bbox 2864 5556 2963 5627; x_wconf 84' lang='grc' dir='ltr'>τὴν</span> <span class='ocrx_word' id='word_1_1079' title='bbox 3000 5555 3236 5625; x_wconf 86' lang='grc' dir='ltr'>δύναμιν</span> <span class='ocrx_word' id='word_1_1080' title='bbox 3276 5555 3443 5609; x_wconf 75' lang='grc' dir='ltr'>αὑτοῦ</span> <span class='ocrx_word' id='word_1_1081' title='bbox 3472 5555 3619 5607; x_wconf 77' lang='grc' dir='ltr'>ἐκείο</span> 
     </span>
    </p>
   </div>
   <div class='ocr_carea' id='block_1_141' title="bbox 2111 5636 3618 5713">
    <p class='ocr_par' dir='ltr' id='par_1_141' title="bbox 2111 5636 3618 5713">
     <span class='ocr_line' id='line_1_142' title="bbox 2111 5636 3618 5713; baseline -0.002 -23"><span class='ocrx_word' id='word_1_1082' title='bbox 2111 5644 2137 5713; x_wconf 61' lang='grc' dir='ltr'><strong><em>ξ</em></strong></span> <span class='ocrx_word' id='word_1_1083' title='bbox 2156 5642 2385 5713; x_wconf 57' lang='lat' dir='ltr'>Quaiuqr</span> <span class='ocrx_word' id='word_1_1084' title='bbox 2403 5652 2519 5689; x_wconf 85' lang='lat' dir='ltr'>mss.</span> <span class='ocrx_word' id='word_1_1085' title='bbox 2525 5640 2772 5713; x_wconf 67' lang='grc' dir='ltr'>διαδοχήν·</span> <span class='ocrx_word' id='word_1_1086' title='bbox 2787 5638 2948 5710; x_wconf 62' lang='grc' dir='ltr'>ἐπάγει</span> <span class='ocrx_word' id='word_1_1087' title='bbox 2967 5637 3223 5713; x_wconf 56' lang='grc' dir='ltr'>λέγων,ξαὶ</span> <span class='ocrx_word' id='word_1_1088' title='bbox 3243 5638 3377 5707; x_wconf 43' lang='grc' dir='ltr'>ἐν.τῷ</span> <span class='ocrx_word' id='word_1_1089' title='bbox 3396 5636 3618 5699; x_wconf 69' lang='grc' dir='ltr'>ἰσχῦσαι.</span> 
     </span>
    </p>
   </div>
   <div class='ocr_carea' id='block_1_142' title="bbox 2105 5699 3328 5762">
    <p class='ocr_par' dir='ltr' id='par_1_142' title="bbox 2105 5699 3328 5762">
     <span class='ocr_line' id='line_1_143' title="bbox 2105 5699 3328 5762; baseline -0.006 -11"><span class='ocrx_word' id='word_1_1090' title='bbox 2105 5701 2137 5740; x_wconf 71' lang='lat' dir='ltr'><strong>h</strong></span> <span class='ocrx_word' id='word_1_1091' title='bbox 2156 5699 2361 5751; x_wconf 69' lang='lat' dir='ltr'><strong>Plurimi</strong></span> <span class='ocrx_word' id='word_1_1092' title='bbox 2381 5714 2495 5748; x_wconf 82' lang='lat' dir='ltr'>mss.</span> <span class='ocrx_word' id='word_1_1093' title='bbox 2517 5699 2740 5762; x_wconf 70' lang='grc' dir='ltr'>ᾲμαρτία,</span> <span class='ocrx_word' id='word_1_1094' title='bbox 2762 5700 2892 5762; x_wconf 74' lang='grc' dir='ltr'>πῶςς</span> <span class='ocrx_word' id='word_1_1095' title='bbox 2928 5699 3015 5746; x_wconf 78' lang='grc' dir='ltr'>τοῦ</span> <span class='ocrx_word' id='word_1_1096' title='bbox 3036 5699 3124 5762; x_wconf 66' lang='grc' dir='ltr'>γάρ</span> <span class='ocrx_word' id='word_1_1097' title='bbox 3146 5699 3328 5762; x_wconf 73' lang='grc' dir='ltr'>βωμοῦ.</span> 
     </span>
    </p>
   </div>
   <div class='ocr_carea' id='block_1_143' title="bbox 2112 5759 3617 5820">
    <p class='ocr_par' dir='ltr' id='par_1_143' title="bbox 2112 5759 3617 5820">
     <span class='ocr_line' id='line_1_144' title="bbox 2112 5759 3617 5820; baseline -0.004 -9"><span class='ocrx_word' id='word_1_1098' title='bbox 2112 5764 2124 5802; x_wconf 88' lang='lat' dir='ltr'>i</span> <span class='ocrx_word' id='word_1_1099' title='bbox 2158 5765 2308 5811; x_wconf 83' lang='grc' dir='ltr'>Πάλιν</span> <span class='ocrx_word' id='word_1_1100' title='bbox 2351 5763 2496 5809; x_wconf 75' lang='lat' dir='ltr'>deest</span> <span class='ocrx_word' id='word_1_1101' title='bbox 2520 5759 2570 5808; x_wconf 78' lang='lat' dir='ltr'><strong>iri</strong></span> <span class='ocrx_word' id='word_1_1102' title='bbox 2594 5759 2880 5820; x_wconf 76' lang='lat' dir='ltr'>quibusdam</span> <span class='ocrx_word' id='word_1_1103' title='bbox 2920 5771 3034 5806; x_wconf 63' lang='lat' dir='ltr'>mss.</span> <span class='ocrx_word' id='word_1_1104' title='bbox 3086 5759 3237 5807; x_wconf 71' lang='lat' dir='ltr'>Paulo</span> <span class='ocrx_word' id='word_1_1105' title='bbox 3268 5764 3381 5820; x_wconf 51' lang='lat' dir='ltr'>post</span> <span class='ocrx_word' id='word_1_1106' title='bbox 3414 5762 3617 5820; x_wconf 75' lang='lat' dir='ltr'>septem</span> 
     </span>
    </p>
   </div>
   <div class='ocr_carea' id='block_1_144' title="bbox 2044 5819 3616 5884">
    <p class='ocr_par' dir='ltr' id='par_1_144' title="bbox 2044 5819 3616 5884">
     <span class='ocr_line' id='line_1_145' title="bbox 2044 5819 3616 5884; baseline -0.006 -10"><span class='ocrx_word' id='word_1_1107' title='bbox 2044 5838 2159 5874; x_wconf 84' lang='lat' dir='ltr'>mss.</span> <span class='ocrx_word' id='word_1_1108' title='bbox 2184 5824 2344 5880; x_wconf 78' lang='grc' dir='ltr'>θυσίας</span> <span class='ocrx_word' id='word_1_1109' title='bbox 2366 5823 2450 5878; x_wconf 82' lang='grc' dir='ltr'>τὰς</span> <span class='ocrx_word' id='word_1_1110' title='bbox 2468 5819 2791 5884; x_wconf 72' lang='grc' dir='ltr'>καθημερινάς.</span> <span class='ocrx_word' id='word_1_1111' title='bbox 2822 5820 3103 5883; x_wconf 78' lang='lat' dir='ltr'><strong><em>(Leycbalur</em></strong></span> <span class='ocrx_word' id='word_1_1112' title='bbox 3129 5819 3288 5874; x_wconf 75' lang='grc' dir='ltr'>θυσίας</span> <span class='ocrx_word' id='word_1_1113' title='bbox 3308 5819 3388 5868; x_wconf 76' lang='grc' dir='ltr'>καί</span> <span class='ocrx_word' id='word_1_1114' title='bbox 3411 5819 3616 5879; x_wconf 57' lang='grc' dir='ltr'>κάν.)</span> 
     </span>
    </p>
   </div>
  </div>
