3866 6226
245 345 354 399 893

236 470 315 510 sic
345 465 401 511 et
431 470 528 509 nos
568 455 729 509 lihera
765 470 792 507 a
824 457 1172 524 prmscntibus
1214 456 1366 511 malis
1403 466 1620 527 propter
1652 455 1818 509 solam

238 546 532 600 honitatem
562 559 701 600 tuam
724 564 846 618 erga
869 565 1034 616 genus
1057 549 1350 603 hominum.
1393 547 1521 601 Nam
1548 545 1690 602 aliud
1718 547 1826 600 nul-

239 638 346 690 lum
375 638 632 692 habemus
675 640 760 708 jus
803 640 1080 709 speranda:
1123 639 1324 694 salutis.
1368 639 1493 693 llmc
1535 639 1820 705 tuquutus,

239 729 512 795 multaque
551 727 907 790 lamentatus,
950 745 1069 781 mox
1106 728 1307 782 inducit
1349 728 1515 797 ipsam
1556 726 1824 780 civitatem

239 835 341 876 ceu
373 821 646 874 mulierem
676 821 905 889 aliquam
932 822 1190 889 captivam
1217 862 1232 884 ,
1264 828 1318 872 et
1347 820 1420 872 ait
1452 837 1464 871 :
1501 817 1721 872 Ostende
1749 817 1829 884 fa-

239 914 366 966 ciem
389 921 528 965 tuam
547 929 696 980 super
715 913 1054 966 sanctuarium
1074 922 1231 973 tuum,
1250 911 1438 964 inclina
1462 926 1635 962 aurem
1665 919 1824 972 tuam,

243 1003 384 1056 Deus
402 1020 540 1056 meus
569 1013 615 1056 et
642 1005 781 1069 audi,
811 1005 952 1072 aperi
979 1005 1148 1056 oculos
1175 1012 1306 1066 tuos,
1342 1012 1388 1055 et
1414 1001 1528 1054 vide
1571 1001 1828 1054 interitum

242 1103 472 1146 nostrum
505 1093 814 1162 civitatisque
848 1103 977 1151 true,
1005 1093 1056 1144 iu
1096 1109 1196 1162 qua
1233 1092 1517 1145 invocatum
1543 1100 1612 1143 est
1651 1105 1831 1143 nomen

244 1193 386 1236 tuum
414 1195 642 1237 sanctum
669 1185 686 1252 (
716 1184 847 1236 Dan.
876 1185 928 1238 9.
957 1185 1041 1237 ΓΙ.
1078 1184 1141 1238 18
1166 1184 1203 1252 ).
1231 1183 1579 1251 Posteaquam
1605 1181 1832 1234 circulu-

246 1275 444 1341 speetis
481 1275 779 1328 hominibus
810 1275 1078 1328 neminem
1111 1272 1278 1336 vidit,
1312 1272 1399 1342 qui
1445 1279 1628 1341 posset
1666 1272 1829 1324 Deum

246 1367 475 1423 reddere
505 1367 790 1437 propitium
819 1383 834 1420 :
863 1367 928 1420 ad
958 1366 1181 1420 :rdilicia
1208 1365 1461 1433 confugit,
1488 1373 1542 1418 et
1565 1362 1830 1417 civitatem

251 1458 418 1525 ipsam
447 1457 628 1526 objicit
652 1499 666 1521 ,
691 1457 910 1527 ejusque
936 1456 1326 1510 desolationem
1357 1455 1504 1524 ponit
1528 1453 1598 1507 ob
1624 1453 1830 1516 oculos,

251 1559 408 1618 atque
435 1549 485 1602 in
515 1549 596 1603 his
626 1549 771 1603 linito
797 1563 1044 1604 sermone
1069 1590 1082 1613 ,
1114 1549 1274 1601 Deum
1311 1547 1595 1616 protritium
1636 1544 1830 1600 reddit.

254 1640 306 1694 Id
340 1640 855 1710 perSpicuumestex
880 1640 942 1694 iis
976 1654 1094 1709 quae
1133 1647 1444 1708 sequuntur.
1471 1637 1665 1692 Verum
1693 1635 1832 1706 quod

252 1731 493 1786 dicebam
527 1749 539 1784 :
571 1739 783 1801 oportet
810 1731 949 1786 enim
989 1730 1055 1785 ad
1096 1729 1148 1784 id
1187 1729 1328 1800 quod
1358 1737 1474 1783 erat
1506 1729 1832 1797 propositum

253 1821 443 1876 reverti
465 1839 479 1887 ;
499 1823 694 1876 etenim
717 1823 832 1877 haec
855 1821 1028 1876 obiter
1054 1821 1325 1890 interiecta
1342 1827 1488 1886 sunt,
1511 1835 1614 1874 non
1638 1819 1836 1873 frustra

256 1927 424 1981 neque
463 1923 664 1968 temere
687 1954 702 1977 ,
733 1912 828 1967 sed
871 1921 929 1965 ut
969 1912 1175 1965 animos
1212 1920 1416 1965 vestros
1456 1909 1836 1980 aliquantisper

255 2001 608 2057 refocillarcm
647 2019 710 2058 ex
742 2002 1012 2072 perpetuis
1041 2000 1468 2056 contentionibus
1500 1999 1836 2069 defatigatus.

254 2094 366 2162 Age
394 2091 674 2147 redeamus
703 2093 863 2162 igitur
886 2091 1026 2146 unde
1051 2091 1270 2161 digressi
1305 2090 1422 2145 bare
1457 2089 1706 2156 diximus,
1738 2089 1836 2146 dc-

253 2192 718 2252 monstremusque
746 2181 887 2252 quod
915 2197 976 2236 ea
1004 2197 1123 2250 quae
1142 2179 1340 2236 Judaais
1367 2190 1519 2234 erant
1543 2188 1799 2236 eventura
1819 2219 1836 2244 ,

255 2273 507 2328 divinitus
539 2273 642 2328 illis
678 2288 800 2328 cum
843 2274 987 2327 omni
1029 2276 1366 2328 accuratione
1413 2272 1662 2342 praedicta
1708 2271 1836 2328 sint.

255 2365 369 2420 Jam
399 2366 542 2421 enim
572 2366 704 2421 duas
727 2366 1064 2437 captivitates
1089 2381 1266 2421 sermo
1291 2374 1478 2421 noster
1503 2365 1840 2420 demonstra-

255 2461 331 2513 vit
373 2459 476 2513 illis
513 2458 810 2526 accidisse,
857 2456 1304 2528 quemadmodum
1351 2472 1380 2510 a
1424 2456 1696 2526 pr0phetis
1724 2463 1843 2510 erat

256 2550 566 2618 przedictum
593 2591 607 2613 ,
652 2549 812 2619 idque
841 2565 944 2602 non
981 2563 1109 2602 casu
1136 2563 1309 2618 neque
1339 2557 1533 2617 prmter
1561 2555 1840 2616 exspecta-

259 2642 480 2695 tionem.
524 2640 780 2710 Superest
808 2648 868 2694 ut
903 2640 1185 2710 deinceps,
1220 2640 1306 2694 ubi
1343 2640 1549 2693 tertiam
1580 2637 1840 2708 adjecerir

257 2746 394 2792 mus,
411 2731 477 2785 de
497 2731 618 2796 hac,
634 2747 735 2801 qua
755 2746 895 2786 nunc
915 2739 1162 2785 tenentur
1176 2731 1433 2795 dicamus,
1452 2729 1843 2798 doceamusque

257 2822 540 2892 perspicue
566 2863 582 2888 ,
621 2821 760 2891 quod
793 2821 970 2876 nullus
1001 2822 1258 2891 propheta
1293 2821 1536 2890 promisit
1569 2820 1673 2875 illis
1699 2819 1844 2874 futu-

256 2927 395 2977 rum,
419 2921 475 2967 ut
494 2912 602 2966 ullo
628 2921 780 2981 pacto
805 2911 875 2966 ab
900 2910 981 2965 his
1010 2911 1186 2977 malis,
1215 2911 1270 2965 in
1297 2913 1489 2982 quibus
1519 2925 1661 2965 nunc
1691 2918 1842 2979 sunt,

258 3004 548 3068 solvantur,
578 3010 670 3056 aut
694 3002 1005 3056 liberentur.
1032 3002 1160 3068 Quae
1187 3011 1268 3056 est
1298 3003 1455 3072 igitur
1485 3002 1684 3057 tertia?
1716 3001 1845 3068 Qua:

265 3096 404 3150 facta
445 3104 528 3151 est
569 3095 670 3150 sub
707 3096 971 3151 Antiocho
1007 3105 1360 3168 cognomento
1387 3096 1682 3166 Epiphane.
1711 3096 1843 3151 Nam

259 3186 565 3242 Alexander
605 3185 950 3241 Macedonum
991 3202 1088 3242 rex
1112 3227 1128 3253 ,
1171 3187 1260 3242 ubi
1306 3188 1520 3242 Darium
1563 3187 1845 3243 Persarum

259 3293 438 3345 regem
479 3276 818 3342 sustulisset,
858 3277 910 3331 in
953 3291 1072 3331 sese
1097 3278 1367 3332 transtulit
1405 3275 1704 3347 imperium.
1735 3277 1849 3332 Hoc

261 3380 440 3422 autem
475 3368 740 3423 exstincto
764 3409 779 3435 ,
806 3376 1033 3438 quatuor
1061 3377 1180 3437 post
1211 3369 1358 3423 illum
1387 3383 1540 3438 reges
1569 3382 1848 3422 successe-

262 3470 390 3516 runt
411 3501 426 3527 ,
459 3475 488 3515 e
515 3475 740 3530 quorum
768 3475 876 3516 uno
906 3471 1192 3531 prognatus
1219 3461 1512 3516 Antiochus
1541 3461 1698 3531 longo
1731 3472 1850 3530 post

261 3562 503 3623 tempore
528 3560 582 3608 et
610 3553 864 3622 templum
905 3552 1177 3618 incendit,
1221 3561 1276 3608 et
1317 3561 1500 3606 sancta
1543 3559 1846 3608 sanctorum

262 3643 577 3707 devastavit,
601 3650 655 3698 et
694 3642 951 3698 sacrificia
997 3643 1232 3710 sustulit,
1271 3651 1326 3698 et
1358 3643 1574 3699 Judmos
1615 3642 1846 3713 subegit,

261 3735 492 3804 denique
517 3743 679 3789 totam
709 3735 919 3790 illorum
942 3735 1319 3804 rempublicam
1349 3736 1561 3790 evertit.

334 3825 697 3898 7.Explicatio
733 3827 1012 3898 praphetiaz
1047 3825 1293 3880 Danielis.
1323 3855 1396 3867 —-
1425 3825 1494 3880 Et
1533 3827 1648 3881 haec
1673 3826 1851 3881 omnia

263 3918 332 3974 ad
355 3935 516 3974 unum
545 3933 708 3988 usque
735 3919 876 3973 diem
906 3917 1242 3973 exactissime
1271 3917 1521 3986 praedicta
1544 3926 1669 3972 sunt
1692 3932 1722 3971 a
1752 3918 1854 3972 Da-

265 4009 442 4076 niele;
472 4019 526 4065 et
554 4009 766 4080 quando
791 4009 904 4064 haec
933 4017 1114 4064 essent
1143 4007 1314 4062 futura
1333 4049 1349 4073 ,
1376 4018 1431 4063 et
1459 4007 1725 4077 quomodo
1743 4049 1759 4075 ,
1800 4015 1856 4062 et

265 4115 298 4154 a
326 4117 465 4172 quo,
495 4111 551 4156 et
589 4117 693 4172 qua
735 4105 940 4156 ratione
963 4143 978 4165 ,
1021 4109 1077 4155 et
1119 4100 1207 4153 ubi
1251 4099 1411 4154 linem
1453 4107 1734 4168 acceptura
1757 4138 1774 4165 ,
1801 4106 1856 4154 ct

266 4209 426 4263 quam
457 4193 670 4248 tandem
699 4193 1040 4248 mutationem
1083 4192 1356 4246 sortitura.
1397 4190 1510 4245 lloc
1535 4199 1710 4244 autem
1738 4191 1856 4244 evi-

268 4287 479 4340 dentius
521 4286 849 4356 perspicietis
891 4285 981 4340 ubi
1025 4286 1282 4340 visionem
1335 4285 1501 4354 ipsam
1543 4283 1853 4351 audieritis,

267 4392 427 4446 quam
458 4392 552 4446 per
580 4377 886 4446 parabolam
917 4377 1068 4431 nobis
1096 4376 1371 4446 proposuit
1395 4375 1654 4446 propheta
1676 4415 1690 4439 ,
1719 4375 1856 4429 arie-

272 4467 344 4521 tis
391 4467 647 4522 vocabulo
687 4467 975 4538 designans
1022 4467 1235 4522 Darium
1288 4483 1468 4537 regem
1517 4467 1797 4522 Persarum
1838 4482 1852 4520 :

268 4562 407 4615 hirci
439 4575 566 4614 vero
607 4559 914 4615 Graecorum
959 4574 1174 4629 regem,
1205 4558 1452 4613 videlicet
1495 4557 1854 4612 Alexandrum

272 4650 615 4705 Macedonem
639 4665 653 4702 :
674 4659 898 4719 quatuor
917 4664 1113 4704 cornua
1137 4658 1289 4704 vocat
1313 4663 1430 4716 eos,
1457 4649 1544 4718 qui
1572 4658 1690 4718 post
1710 4648 1856 4702 illum

269 4742 635 4796 exstiterunt:
669 4749 994 4810 postremum
1040 4754 1207 4795 cornu
1251 4739 1422 4808 ipsum
1463 4740 1634 4808 signat
1672 4739 1859 4793 Antio-

273 4831 458 4887 chum.
485 4831 621 4898 Quin
643 4839 856 4900 prmstat
882 4832 1049 4900 ipsam
1075 4830 1258 4885 audire
1286 4830 1567 4884 visionem.
1602 4829 1741 4896 Vidi,
1774 4831 1858 4884 in-

271 4923 408 4991 quit,
431 4923 670 4975 visionem
697 4932 742 4975 ct
767 4921 996 4976 sedebam
1027 4923 1080 4975 in
1116 4921 1247 4976 Ubal
1262 4939 1282 4987 ;
1313 4920 1444 4976 Ubal
1479 4922 1649 4976 locum
1678 4937 1865 4990 quem-

277 5014 416 5082 piam
455 5013 618 5078 dicit,
646 5013 924 5068 Persarum
967 5014 1141 5083 lingua
1184 5012 1262 5066 sic
1297 5012 1444 5066 illum
1481 5013 1788 5081 appellans;
1817 5021 1862 5066 et

277 5105 456 5160 sustuli
476 5106 646 5158 oculos
672 5122 826 5171 meos,
856 5115 903 5158 et
931 5106 1052 5170 vidi,
1081 5116 1127 5157 et
1153 5120 1263 5158 ecce
1289 5104 1420 5157 aries
1440 5119 1568 5156 unus
1591 5114 1729 5157 stans
1749 5113 1864 5156 ante

281 5197 445 5259 Ubal,
476 5205 523 5250 et
561 5207 703 5250 erant
748 5196 827 5251 illi
862 5213 1051 5252 cornua
1091 5197 1320 5264 excelsa,
1349 5205 1396 5250 et
1424 5211 1579 5249 unum
1619 5194 1864 5250 excelsius

275 5291 489 5352 ueteris.
515 5298 562 5343 et
584 5291 831 5344 excelsum
859 5289 990 5344 illud
1017 5290 1235 5359 pervenit
1259 5305 1414 5360 usque
1442 5289 1513 5342 ad
1531 5299 1753 5344 extrema
1774 5305 1793 5342 :
1817 5299 1865 5342 et

278 5381 504 5434 uidebam
519 5381 721 5434 arietem
739 5393 1012 5434 moventem
1031 5397 1186 5435 cornu
1207 5392 1380 5434 contra
1396 5396 1552 5445 mare,
1567 5391 1610 5434 et
1626 5380 1861 5444 Boream,

279 5481 327 5524 et
353 5469 580 5536 Nolunt,
609 5481 656 5526 et
692 5488 863 5524 omnes
907 5471 1076 5525 bestia:
1118 5487 1219 5524 non
1265 5471 1464 5524 stabunt
1507 5472 1558 5524 in
1597 5478 1865 5538 conspectu

272 5565 409 5629 ejus,
461 5580 550 5617 nec
591 5574 696 5619 erat
743 5565 827 5634 qui
878 5565 1088 5634 eriperet
1137 5569 1201 5616 de
1245 5581 1394 5617 manu
1418 5564 1552 5617 illius
1580 5573 1666 5618 :et
1709 5563 1868 5632 facie-

285 5656 368 5708 bat
413 5655 566 5726 juxta
605 5657 913 5710 voluntatem
956 5673 1098 5710 suam
1124 5698 1138 5722 ,
1194 5667 1238 5710 et
1278 5658 1630 5726 magni/reatus
1664 5664 1768 5718 est,
1820 5665 1866 5710 et

285 5763 376 5817 ego
408 5748 738 5821 intelligebam
774 5747 931 5821 (Dan.
971 5749 1024 5804 8.
1065 5749 1116 5802 ‘2.
1148 5758 1194 5803 et
1218 5757 1397 5821 seat”.
1431 5750 1504 5805 De
1529 5748 1762 5820 potentia
1791 5748 1876 5803 lo-

1490 337 1852 398 ADVEHSUS
1889 337 2193 398 JUDASOS.
2238 342 2302 397 V.

3403 355 3507 410 Sili

1932 455 2112 522 quitur
2137 454 2346 510 Persica
2367 496 2380 521 ,
2414 461 2469 510 et
2502 453 2773 510 dominatu
2796 495 2811 521 ,
2837 453 2926 525 qui
2959 434 3195 524 pervasit
3216 461 3375 507 totam
3405 463 3514 506 ιρι·-

1930 561 2064 598 ram.
2097 545 2296 601 Deinde
2318 545 2386 602 de
2416 546 2716 602 Alexandro
2745 544 3089 601 Macedonum
3119 560 3243 615 rege
3270 545 3514 614 loquens,

1929 636 2084 690 dicit:
2104 634 2169 688 Et
2197 651 2308 689 ecce
2332 636 2500 690 hircus
2524 653 2792 708 caprarum
2815 637 2944 692 venit
2968 636 3030 690 ab
3057 636 3240 689 Austro
3268 652 3420 704 super
3439 639 3521 705 fa-

1929 727 2055 779 ciem
2084 728 2324 781 universae
2365 736 2510 782 terrea
2533 769 2546 794 ,
2580 738 2624 782 et
2667 745 2768 782 non
2797 728 3028 799 tangebat
3057 736 3240 780 terram
3263 767 3276 790 ,
3308 735 3354 780 et
3378 727 3519 778 hirco

1932 817 2009 870 illi
2030 817 2342 886 prominebat
2365 833 2522 872 cornu
2549 819 2603 872 in
2631 819 2794 872 medio
2821 818 3080 872 oculorum
3109 817 3290 887 ipsius.
3321 815 3521 869 Deinde

1934 922 2156 962 narrans
2185 923 2526 978 congressum
2557 910 2845 964 Alexandri
2876 925 2996 964 cum
3040 909 3226 975 Dario,
3255 907 3524 978 ejusdem.

1934 1015 2037 1068 que
2069 1000 2344 1054 victoriam
2375 1001 2577 1054 viribus
2606 1009 2810 1070 partam
2853 1017 2866 1053 :
2913 998 3086 1064 Venit,
3115 999 3322 1069 inquit,
3350 1001 3521 1052 hircus

1935 1105 2088 1158 usque
2111 1090 2180 1143 ad
2215 1091 2420 1144 arietem
2464 1091 2723 1146 habentem
2761 1107 2951 1145 cornua
2970 1131 2984 1157 ,
3017 1101 3062 1144 et
3091 1089 3327 1157 efferatus
3368 1101 3438 1143 est
3467 1092 3520 1142 in

1936 1197 2066 1242 eum,
2091 1190 2138 1234 et
2165 1182 2405 1250 percussit
2429 1183 2655 1246 arietem,
2683 1182 2966 1237 dicendum
2994 1191 3076 1237 est
3101 1183 3241 1237 enim
3267 1197 3522 1251 compen-

1937 1272 2045 1337 dio,
2065 1283 2110 1325 et
2136 1275 2365 1326 contrivit
2393 1284 2660 1344 utrumque
2679 1291 2834 1328 cornu
2856 1275 3014 1336 illius,
3037 1289 3126 1326 nec
3155 1283 3257 1327 erat
3278 1275 3361 1343 qui
3387 1275 3522 1325 arie-

1939 1371 2036 1414 tem
2061 1364 2268 1433 eriperet
2295 1363 2357 1418 de
2393 1380 2547 1417 nianu
2574 1364 2734 1419 illius.
2767 1363 3008 1418 Posthzec
3044 1378 3269 1417 narrans
3298 1372 3527 1418 mortem

1938 1456 2263 1524 Alexandri,
2295 1465 2350 1511 et
2385 1467 2610 1527 quatuor
2634 1473 2817 1527 regum
2847 1457 3239 1513 successionem
3273 1472 3286 1509 :
3319 1454 3525 1508 Etcum

1939 1549 2020 1602 hic
2049 1549 2367 1603 invalesceret
2390 1592 2403 1615 ,
2436 1552 2642 1620 inquit,
2670 1553 2942 1604 contritum
2979 1559 3051 1604 est
3091 1567 3246 1603 cornu
3274 1550 3384 1618 ejus
3412 1565 3524 1600 ma-

1937 1657 2110 1710 gnum,
2135 1651 2180 1694 et
2203 1649 2374 1694 exorta
2396 1650 2509 1695 sunt
2535 1650 2750 1711 quatuor
2769 1657 2959 1694 cornua
2979 1640 3068 1694 sub
3094 1641 3202 1698 illo.
3225 1641 3292 1692 ad
3312 1648 3525 1704 quatuor

1939 1738 2106 1783 ventos
2131 1730 2262 1784 carli.
2293 1731 2426 1785 llinc
2455 1733 2719 1786 transiens
2751 1732 3003 1798 deinceps
3037 1729 3102 1783 ad
3164 1729 3412 1784 Antiochi
3439 1745 3526 1783 rc-

1938 1836 2096 1890 gnum
2110 1822 2273 1885 venit,
2289 1821 2633 1876 etdeclarans
2650 1820 2791 1891 quod
2808 1837 2874 1876 ex
2893 1822 3080 1874 horum
3097 1829 3320 1890 quatuor
3334 1834 3440 1873 uno
3455 1821 3528 1874 sit

1941 1921 2090 1967 ortus
2110 1953 2124 1977 ,
2154 1912 2232 1966 sic
2261 1913 2371 1968 fere
2396 1913 2471 1966 ait
2501 1929 2516 1966 :
2547 1912 2631 1967 Ex
2657 1930 2756 1966 uno
2796 1913 2982 1982 prodiit
3007 1927 3165 1965 cornu
3193 1911 3416 1965 validum
3436 1953 3450 1976 ,
3480 1919 3528 1964 et

1941 2004 2216 2056 exaltatum
2241 2014 2312 2057 est
2339 2003 2665 2068 vehementer,
2693 2005 2760 2056 ad
2783 2003 2974 2057 Notum
2999 2012 3045 2056 et
3070 2001 3340 2056 Orientem.
3370 2002 3520 2055 Dein.

1942 2095 2010 2148 de
2049 2095 2334 2165 designans
2377 2095 2517 2164 quod
2556 2095 2828 2151 Iudaicam
2876 2095 3110 2164 politiam
3159 2093 3392 2148 funditus
3430 2091 3527 2146 dc-

1943 2188 2136 2241 struxit
2167 2205 2180 2241 :
2217 2186 2485 2254 Post/uec,
2517 2187 2721 2256 inquit,
2752 2188 3058 2256 sacri/icium
3103 2203 3192 2256 per
3217 2203 3330 2240 eum
3359 2185 3531 2238 turba-

1945 2289 2048 2331 tum
2074 2288 2146 2332 est
2171 2278 2370 2332 delicto.
2403 2278 2470 2333 Et
2500 2283 2690 2349 factum
2715 2290 2808 2345 est,
2839 2291 2885 2333 et
2911 2296 3150 2350 prospere
3176 2279 3435 2349 processit.
3465 2277 3530 2331 Et

1946 2380 2174 2423 sanctum
2218 2369 2558 2436 desolabitur,
2589 2381 2636 2424 et
2677 2372 2854 2423 datum
2895 2380 2970 2425 est
3010 2379 3185 2423 contra
3227 2369 3532 2436 sacriﬁcium

1946 2470 2237 2528 peccatum;
2264 2462 2420 2514 altari
2444 2462 2575 2516 enim
2603 2460 2820 2526 sublato,
2846 2461 3030 2515 sanctis
3061 2459 3384 2521 cmiculcatis,
3412 2457 3529 2511 ido-

1950 2551 2054 2604 lum
2077 2552 2250 2605 statuit
2274 2553 2428 2620 intus,
2453 2561 2498 2606 et
2517 2552 2706 2606 hostias
2729 2551 3004 2605 immolavit
3025 2551 3330 2605 (immanibus
3355 2559 3532 2603 contra

1947 2641 2127 2712 legem,
2151 2651 2197 2695 et
2223 2643 2446 2713 profecta
2471 2652 2542 2696 est
2567 2643 2618 2696 in
2647 2651 2832 2696 terram
2842 2643 3064 2710 justitia.
3092 2641 3154 2695 Et
3179 2643 3314 2714 fecit,
3338 2651 3382 2695 et
3408 2658 3531 2710 pro-

1947 2751 2091 2804 spcre
2142 2736 2398 2804 processit.
2444 2735 2643 2790 Deinde
2694 2750 2902 2789 rursum
2949 2734 3016 2789 de
3047 2734 3148 2788 hoc
3204 2733 3321 2802 ipso
3369 2747 3534 2802 agens

1947 2842 2111 2897 regno
2140 2827 2388 2882 Antiochi
2423 2827 2732 2898 Epiphanis,
2761 2827 2932 2897 deque
2958 2827 3263 2896 captivitate
3301 2826 3532 2879 excidio-

1948 2936 2053 2990 que
2077 2935 2139 2974 ac
2166 2921 2497 2974 desolatione
2527 2920 2732 2990 templi,
2761 2923 2918 2974 etiam
2947 2920 3117 2988 ipsum
3150 2927 3356 2987 tempus
3381 2917 3535 2971 addi-

1949 3013 2045 3067 dit.
2065 3012 2302 3067 Exorsus
2320 3012 2462 3066 enim
2484 3011 2552 3064 ab
2574 3011 2858 3064 Alexandri
2884 3023 3065 3078 regno,
3089 3007 3264 3062 denuo
3284 3007 3347 3061 ad
3373 3008 3531 3061 linem

1950 3105 2069 3159 libri
2091 3106 2248 3160 etiam
2273 3103 2580 3158 intermedia
2608 3115 3033 3157 commemorans
3057 3100 3253 3166 omnia,
3277 3115 3393 3169 qua:
3413 3100 3537 3153 Pto-

1951 3196 2124 3251 lemaei
2159 3205 2214 3250 et
2259 3195 2466 3250 Seleuci
2505 3192 2868 3248 eontlictantes
2908 3192 3046 3246 inter
3089 3205 3206 3246 sese
3253 3189 3534 3254 fecerunt,

1949 3301 2174 3357 qumque
2216 3286 2404 3341 horum
2452 3285 2615 3339 duces
2654 3291 2966 3353 gesserunt,
3018 3281 3207 3348 dolos,
3247 3281 3534 3344 victorias,

1953 3379 2222 3434 exercitus
2247 3419 2262 3442 ,
2293 3376 2737 3453 pugnasnavales
2757 3418 2770 3442 ,
2802 3374 2980 3444 praelia
3008 3373 3268 3442 pedestria
3298 3390 3312 3425 :
3343 3371 3537 3425 deinde

1956 3484 2271 3540 progressus
2295 3469 2347 3523 in
2377 3467 2696 3522 Antiochum
2718 3465 2912 3520 desinit
2937 3465 3125 3520 iterum
3155 3463 3338 3518 dicens
3367 3479 3380 3514 :
3409 3460 3540 3514 Bru.

1955 3562 2070 3616 chia
2091 3577 2152 3615 ex
2170 3561 2281 3631 ipso
2297 3561 2605 3626 exorientur,
2623 3569 2672 3612 et
2694 3557 3031 3628 profanabant
3052 3564 3278 3609 sanctum
3299 3562 3346 3606 et
3367 3563 3538 3606 trans.

1955 3652 2117 3721 ferent
2153 3651 2624 3712 continuationem;
2674 3647 3123 3703 continuationem
3152 3645 3424 3716 appellans
3453 3658 3545 3698 so-

1958 3742 2160 3796 lemnes
2201 3749 2256 3794 et
2294 3739 2626 3810 quotidianas
2657 3739 2926 3795 victimas:
2976 3747 3022 3791 et
3059 3738 3276 3808 infereut
3317 3737 3369 3790 in
3397 3734 3541 3788 illam

1958 3834 2398 3898 abominationem,
2421 3841 2467 3885 et
2487 3848 2570 3886 eos
2594 3832 2679 3902 qui
2703 3831 2893 3884 violant
2917 3839 3284 3892 testamentum,
3311 3828 3412 3883 hoc
3434 3838 3541 3892 est,

1961 3923 2370 3992 praevaricautes
2398 3921 2632 3987 Judmos,
2655 3922 2902 3974 adducent
2927 3922 2979 3973 in
3008 3921 3203 3986 ruinas,
3235 3934 3416 3974 secum
3447 3919 3544 3972 ha-

1961 4014 2158 4069 bebunt
2199 4027 2261 4068 ac
2288 4012 2642 4076 transfereut,
2689 4020 2734 4064 et
2772 4010 2988 4082 populus
3031 4025 3331 4079 cognoscens
3380 4007 3548 4061 Deum

1960 4121 2107 4159 suum
2133 4102 2418 4173 praevalebit
2443 4119 2464 4156 :
2512 4099 2932 4160 Mat-balneorum
2957 4114 3048 4154 res
3072 4097 3396 4168 significans,
3423 4113 3548 4167 quae

1961 4197 2268 4252 acciderunt
2290 4195 2389 4248 sub
2417 4193 2549 4249 Juda
2581 4202 2634 4247 et
2658 4189 2873 4247 Simone
2900 4200 2956 4247 et
2981 4190 3218 4254 Joanne;
3249 4200 3298 4244 et
3324 4191 3544 4261 pruden-

1960 4300 2032 4344 tes
2057 4289 2229 4360 p0puli
2255 4287 2530 4357 intelligent
2559 4286 2627 4338 ad
2655 4286 2833 4350 multa,
2867 4293 2911 4338 et
2933 4283 3324 4353 inﬁrmabuntur
3348 4281 3400 4334 in
3429 4281 3543 4350 gla-

1961 4381 2045 4434 dio
2086 4389 2132 4434 et
2165 4381 2408 4449 ﬂamma;
2447 4377 2696 4432 nimirum
2745 4376 2936 4430 iterum
2984 4387 3206 4428 narrans
3245 4370 3548 4427 incendium

1963 4471 2224 4534 civitatis;
2255 4481 2302 4523 et
2333 4470 2387 4522 in
2416 4469 2735 4538 captivitate,
2767 4475 2814 4520 et
2841 4467 2894 4519 in
2924 4465 3204 4533 direptione
3241 4463 3473 4524 dierum;
3499 4471 3548 4514 et

1963 4577 2077 4614 cum
2104 4561 2346 4630 infirmati
2377 4560 2602 4630 fuerint,
2642 4556 3013 4627 adjuvabuntur
3053 4554 3308 4625 adjutorio
3352 4569 3548 4622 parvo:

1963 4653 2264 4723 signiﬁcans
2289 4649 2430 4720 quod
2472 4650 2524 4703 in
2570 4647 2761 4703 mediis
2791 4647 2895 4700 illis
2933 4646 3084 4700 malis
3111 4655 3356 4715 poterunt
3379 4645 3550 4712 respi-

1966 4761 2086 4800 rare
2109 4785 2123 4809 ,
2156 4753 2210 4798 et
2247 4757 2523 4812 emergere
2559 4755 2625 4793 ex
2654 4737 3025 4793 afflictionibus
3047 4779 3063 4803 ,
3091 4736 3283 4806 quibus
3326 4736 3549 4789 involuti

1965 4845 2122 4895 sunt:
2153 4845 2200 4889 et
2233 4834 2571 4904 adjungentur
2592 4832 2694 4885 illis
2732 4831 2877 4884 multi
2905 4830 2957 4882 in
2983 4829 3141 4882 ruinis
3165 4868 3182 4894 ,
3204 4837 3250 4882 et
3270 4827 3330 4880 ab
3360 4828 3550 4881 intelli-

1969 4927 2196 4998 gentibus
2220 4924 2610 4993 inﬁrmabuutur
2639 4921 2798 4993 (Dan.
2831 4921 2915 4974 Η.
2945 4921 3096 4974 5l.et
3127 4919 3307 4990 scqq.).
3340 4919 3432 4973 llis
3457 4933 3551 4972 au-

1969 5030 2072 5072 tem
2100 5016 2276 5071 verbis
2306 5014 2565 5084 signiﬁcat
2593 5012 2822 5066 futurum
2849 5052 2864 5076 ,
2897 5019 2952 5064 ut
2983 5010 3130 5064 multi
3159 5010 3318 5064 etiam
3349 5017 3550 5062 stantes

1967 5110 2177 5164 eadunt.
2208 5107 2408 5161 Deinde
2427 5119 2641 5159 causam
2669 5105 2826 5157 etiam
2857 5102 3046 5170 aperit,
3076 5102 3146 5154 oh
3171 5115 3326 5169 quam
3355 5101 3550 5167 peruri.

1967 5202 2037 5256 sit
2061 5201 2199 5254 Deus
2229 5199 2350 5252 illos
2375 5198 2426 5252 in
2459 5197 2618 5250 tantis
2641 5195 2796 5250 malis
2823 5193 3045 5248 versari.
3071 5193 3323 5258 Quaenam
3345 5199 3424 5243 est
3445 5191 3550 5242 ea?

1973 5291 2039 5342 (Et
2087 5290 2200 5360 igne
2241 5287 2488 5341 examinet
2533 5285 2669 5350 illos,
2717 5283 2914 5353 inquit,
2956 5283 3138 5351 eligat,
3172 5291 3321 5348 atque
3357 5277 3551 5330 dealbet

1970 5400 2122 5452 usque
2139 5382 2206 5435 ad
2227 5382 2490 5435 terminum
2519 5379 2772 5449 temporis.
2799 5378 3022 5446 Propter
3044 5377 3156 5428 hanc
3175 5374 3338 5436 enim,
3359 5372 3546 5438 inquit,

1972 5474 2085 5528 hu'c
2101 5473 2337 5542 permisit
2356 5472 2513 5536 Deus,
2529 5479 2690 5524 uteos
2708 5484 2834 5536 repu
2843 5482 2929 5536 rga
2938 5463 3448 5530 ret,ostenderetque
3460 5462 3550 5528 qui

1972 5573 2155 5620 essent
2181 5565 2318 5617 inter
2347 5563 2465 5616 illos
2493 5560 2720 5630 probati.
2741 5555 2939 5612 Deinde
2959 5566 3385 5610 commemorans
3413 5551 3550 5620 regis

1973 5655 2111 5710 illius
2138 5654 2448 5723 potentiam,
2480 5652 2589 5705 ait:
2621 5649 2684 5702 Et
2710 5649 2859 5719 faciet
2876 5650 3027 5716 juxta
3053 5644 3355 5698 voluntatem
3383 5658 3552 5703 suam,

1974 5757 2022 5804 et
2041 5743 2361 5814 excitabitur,
2380 5753 2424 5800 et
2446 5741 2862 5814 magni/imbitur.
2886 5738 3006 5796 Mox
3028 5735 3404 5807 blasphemus»
3415 5733 3560 5791 illius
