3850 6224
358 313 458 369 895

353 426 586 479 animum
617 422 920 494 significans
939 464 953 488 ,
979 422 1126 476 addit
1168 438 1182 451 ·
1227 420 1472 474 Adversus
1499 418 1662 473 Deum
1689 419 1896 472 deorum
1921 457 1936 479 ,

355 519 520 588 inquit
546 560 564 585 ,
592 517 819 587 loquetur
842 522 1058 584 superba
1081 553 1097 576 ,
1127 526 1172 568 et
1216 512 1592 583 prosperabitur
1612 551 1628 576 ,
1662 510 1818 564 donec
1862 510 1940 562 ira

351 608 815 665 consummabitur:
843 608 1115 662 declarans
1142 605 1283 676 quod
1323 621 1425 659 non
1471 621 1535 659 ex
1569 604 1780 673 preprio
1804 617 1935 656 con-

354 702 508 767 silio,
535 701 629 755 sed
662 708 877 768 propter
905 700 1035 753 iram
1081 698 1173 753 Dei
1215 697 1473 751 adversus
1505 695 1718 751 Judwos
1744 695 1832 749 ille
1861 694 1939 749 sic

359 790 657 845 invaluerit.
682 789 917 845 Tandem
940 788 1028 845 ubi
1049 788 1283 857 pluribus
1302 789 1418 842 aliis
1438 787 1571 842 dixit
1588 795 1781 856 quanta
1799 786 1939 841 mala

355 883 586 938 facturus
615 887 796 947 esset,
835 891 946 935 tum
988 879 1221 952 Egypto
1243 920 1258 947 ,
1292 888 1403 934 tum
1431 876 1728 933 Palaestina:
1753 893 1769 943 ;
1799 893 1936 946 quo—

356 976 513 1031 modo
537 974 803 1030 rediturus
831 975 936 1038 sit,
979 984 1033 1029 et
1074 988 1181 1043 quo
1205 982 1431 1028 vocante
1452 1013 1468 1037 ,
1499 982 1556 1027 et
1582 986 1685 1041 qua
1716 980 1937 1040 urgente

352 1079 511 1120 causa
537 1081 549 1119 :
577 1073 758 1135 postea
779 1074 960 1119 narrat
982 1074 1281 1134 temporum
1300 1062 1666 1127 mutationem,
1692 1061 1937 1132 quodque

354 1156 522 1210 Judzci
552 1164 835 1226 postquam
867 1171 961 1225 per
990 1154 1106 1209 lucc
1148 1154 1326 1209 omnia
1371 1152 1716 1218 transierint,
1747 1152 1935 1205 nanci-

353 1256 572 1302 scentur
592 1247 803 1316 aliquod
825 1247 1096 1309 auxilium,
1114 1246 1279 1300 misso
1303 1246 1492 1314 angelo
1508 1245 1558 1298 in
1584 1244 1793 1297 illorum
1811 1243 1936 1296 Sub-

357 1341 570 1393 sidium.
596 1338 662 1392 In
690 1350 912 1410 tempore
936 1340 1067 1392 enim
1096 1337 1206 1403 illo,
1234 1338 1421 1407 inquit,
1448 1346 1683 1407 exsurget
1712 1336 1935 1390 Michael

355 1431 586 1501 princeps
614 1448 826 1501 magnus
846 1472 862 1497 ,
891 1431 978 1495 qui
1004 1434 1267 1500 prtefectus
1290 1440 1361 1485 est
1390 1430 1512 1497 [iliis
1549 1430 1725 1499 populi
1749 1430 1856 1495 tui,
1885 1439 1933 1483 et

353 1523 446 1574 erit
475 1532 669 1591 tenqnts
693 1523 971 1592 uﬂlictionis
994 1563 1008 1587 ,
1037 1522 1185 1591 quale
1212 1537 1310 1573 non
1342 1520 1457 1590 fuit,
1488 1536 1550 1573 ea:
1572 1536 1670 1587 quo
1695 1536 1816 1590 gens
1846 1525 1930 1589 fu-

352 1623 433 1665 cta
453 1623 524 1666 est
544 1614 595 1666 in
620 1623 752 1667 terra
778 1630 934 1683 usque
959 1613 1025 1665 ad
1055 1622 1248 1681 tempus
1273 1612 1422 1675 illud,
1448 1622 1495 1666 et
1519 1612 1572 1665 in
1598 1622 1818 1679 tempore
1840 1611 1930 1665 illo

349 1705 491 1756 salva
514 1704 597 1772 ﬁet
625 1705 787 1756 omnis
816 1702 1084 1755 multitudo
1105 1744 1120 1767 ,
1152 1718 1269 1773 qua:
1298 1703 1572 1772 reperietur
1597 1703 1847 1772 descripta
1875 1704 1928 1755 in

353 1793 479 1848 libro
509 1793 683 1867 (Dan.
717 1793 805 1849 12.
835 1792 919 1864 1),
951 1794 1050 1847 hoc
1069 1801 1171 1857 est,
1199 1793 1288 1859 qui
1316 1792 1460 1863 digni
1486 1802 1611 1846 sunt
1635 1793 1827 1848 salute.

420 1888 473 1941 8.
517 1885 708 1941 Verum
750 1901 816 1940 ne
860 1898 1004 1940 nunc
1041 1884 1257 1954 quidem
1299 1883 1474 1939 adhuc
1508 1883 1926 1939 demonstratum

346 1986 449 2040 est,
474 1975 541 2031 de
562 1991 666 2046 quo
689 1976 783 2030 fuit
805 1976 1040 2029 instituta
1066 1974 1310 2043 qnarstio.
1334 1974 1469 2041 Quid
1489 1984 1663 2029 autem
1687 1975 1786 2029 hoc
1806 1975 1925 2029 est!

349 2066 607 2120 Videlicet
647 2065 788 2134 quod
819 2070 977 2120 etlam
1010 2074 1247 2134 tempora
1280 2066 1587 2135 przclinierit
1621 2064 1702 2119 his
1737 2067 1923 2130 malis,

346 2162 491 2216 velut
518 2162 625 2216 illic
662 2162 845 2231 prima:
883 2162 1153 2215 servitutis
1179 2174 1348 2214 annos
1373 2159 1811 2230 quadringentos,
1844 2174 1929 2215 sc-

343 2253 533 2308 cnndtn
570 2262 753 2322 postea
801 2253 1150 2323 septuaginta.
1199 2252 1488 2308 Videamus
1533 2254 1693 2324 igitur
1732 2269 1797 2306 an
1843 2253 1925 2307 his

343 2357 554 2412 quoque
578 2343 837 2412 pradiniat
864 2350 1070 2411 tempus
1092 2342 1325 2413 aliquod.
1354 2343 1451 2397 ιιι
1472 2357 1600 2397 vero
1625 2343 1802 2397 licebit
1822 2342 1924 2397 hoc

345 2435 624 2489 invenire?
658 2433 713 2487 In
773 2434 838 2488 iis
876 2450 994 2504 qua:
1034 2442 1153 2502 post
1195 2433 1310 2489 lucc
1353 2434 1616 2489 dicentur.
1661 2433 1925 2502 Quoniam

343 2526 484 2580 enim
508 2525 748 2580 audierat
777 2526 939 2579 multa
968 2539 1262 2594 magnaque
1289 2525 1446 2591 mala,
1478 2525 1707 2580 civitatis
1735 2526 1920 2580 inccn-

340 2615 520 2679 dimn,
554 2616 747 2683 politiae
788 2615 1184 2669 subversioncm
1210 2657 1225 2679 ,
1266 2628 1483 2669 suorum
1526 2615 1917 2683 captivitatem.

340 2718 521 2775 postea
543 2706 877 2761 desiderabat
899 2706 1057 2760 ﬁnem
1087 2705 1294 2760 illorum
1320 2704 1544 2768 discere,
1575 2713 1629 2758 et
1651 2721 1779 2759 num
1803 2720 1921 2774 qua:

341 2797 512 2850 futura
538 2804 679 2851 esset
702 2811 883 2850 earum
911 2796 1268 2850 calamitatum
1301 2795 1664 2850 commutatio.
1690 2795 1920 2851 Percon-

340 2895 459 2938 tans
484 2895 659 2939 autem
690 2884 767 2939 sic
805 2884 1118 2953 laqnebatur
1140 2925 1155 2951 ,
1185 2882 1402 2937 Domine
1424 2923 1438 2947 ,
1468 2886 1579 2954 quis
1604 2891 1677 2938 est
1711 2884 1918 2938 istorum

339 2977 495 3045 ﬁnis?
521 2975 588 3029 Et
614 2977 762 3042 dixit,
802 2975 927 3030 Veni
952 2975 1049 3030 huc
1074 2974 1292 3030 Daniel:
1313 2974 1550 3045 quoniam
1576 2974 1736 3028 clausi
1759 2984 1805 3028 et
1830 2973 1919 3027 ob-

337 3068 524 3137 signati
549 3078 664 3120 sunt
702 3083 952 3122 sermones
988 3083 1007 3122 :
1035 3067 1375 3122 subindicans
1416 3066 1790 3122 obscuritatem
1821 3082 1917 3121 eo-

337 3174 455 3212 rum
474 3200 489 3223 ,
519 3174 638 3228 qua:
664 3159 1001 3225 dicerentur,
1035 3156 1202 3228 Usque
1227 3156 1296 3210 ad
1331 3157 1567 3227 temporis
1593 3157 1763 3226 (inciti.
1798 3156 1917 3211 Mox

338 3264 547 3303 causam
574 3250 840 3318 aperiens,
867 3264 1031 3318 quare
1060 3248 1158 3302 ista
1189 3249 1491 3317 permiserit
1516 3248 1733 3303 evenire
1755 3247 1914 3312 mala,

338 3338 509 3393 Donec
537 3341 807 3409 eligantur,
850 3339 1053 3408 inquit,
1085 3348 1131 3392 et
1159 3338 1472 3406 dealbentur,
1503 3348 1550 3393 et
1585 3340 1693 3410 igni
1720 3340 1915 3394 strami-

338 3438 518 3481 nentur
536 3428 701 3491 multi,
724 3439 770 3483 et
795 3429 964 3497 inique
985 3439 1139 3499 agant
1163 3429 1344 3499 iniqui,
1372 3439 1418 3483 et
1440 3430 1724 3500 intelligant
1746 3445 1917 3485 omnes

337 3518 498 3587 impii,
514 3527 558 3570 et
579 3518 771 3570 cordati
791 3518 1071 3588 intelligant
1090 3516 1248 3587 (Dan.
1267 3519 1353 3573 i2.
1372 3519 1427 3574 8.
1445 3529 1490 3573 el
1504 3520 1689 3590 seqq.).
1713 3519 1917 3577 Deinde

337 3614 530 3674 quanto
549 3614 784 3674 tempore
803 3607 909 3660 sint
936 3607 1038 3660 illis
1064 3622 1308 3663 mansura
1328 3607 1439 3662 haec
1466 3609 1601 3663 mala
1623 3609 1915 3678 praedicens

337 3696 411 3753 ait
433 3696 507 3747 :A
531 3704 751 3763 tempore
780 3698 1204 3750 transmutationis
1222 3698 1592 3752 endeleclu'smi.
1621 3699 1710 3753 Sic
1736 3710 1913 3754 autem

339 3787 623 3845 vocabatur
640 3788 1003 3857 quotidianum
1027 3788 1362 3844 s::cri(icium.
1391 3789 1521 3845 Nam
1547 3796 1775 3860 ἐνδελεχὲς
1798 3809 1917 3863 per—

338 3887 553 3947 petnum
584 3887 697 3944 est,
728 3878 974 3948 frequens
994 3921 1007 3945 ,
1037 3890 1090 3934 et
1116 3882 1446 3935 continuum.
1476 3881 1602 3935 Erat
1627 3883 1769 3936 enim
1797 3897 1915 3937 mos

336 3967 532 4022 ludmis
556 3976 611 4022 et
635 3970 842 4037 vesperi
887 3978 943 4023 et
985 3968 1083 4023 sub
1109 3984 1356 4023 auroram
1387 3979 1442 4024 et
1469 3970 1676 4040 singulo
1705 3988 1917 4041 quoque

335 4057 420 4114 die
435 4059 749 4113 sacrificium
771 4058 964 4113 offerre
985 4060 1113 4113 Deo.
1140 4063 1310 4129 Atque
1330 4060 1397 4115 de
1416 4075 1572 4116 causa
1594 4064 1912 4117 sacriﬁcium

336 4148 461 4206 illud
504 4148 954 4203 endeleehismum
977 4190 991 4213 ,
1032 4149 1081 4203 id
1121 4159 1203 4203 est
1240 4151 1638 4217 assiduitatem,
1670 4155 1909 4208 vocabat.

336 4238 618 4308 Postquam
645 4240 802 4309 igitur
829 4239 1048 4294 veniens
1071 4240 1362 4295 Antiochus
1393 4240 1534 4296 hunc
1558 4257 1759 4297 morem
1791 4260 1910 4301 sns-

337 4331 457 4389 tulit
491 4339 545 4385 et
582 4331 884 4385 immutavit
906 4348 919 4384 :
944 4330 1045 4385 hoc
1069 4339 1170 4395 est,
1194 4331 1332 4401 quod
1364 4332 1438 4387 ait
1462 4334 1699 4403 angelus,
1727 4336 1769 4387 A
1792 4345 1915 4389 tem-

340 4437 459 4490 pore
485 4424 917 4477 transmutationis
945 4424 1318 4489 endelecltismi,
1350 4424 1451 4480 hoc
1480 4434 1582 4492 est,
1615 4442 1645 4481 a
1677 4439 1912 4497 tempore

340 4530 441 4583 quo
461 4516 873 4571 commutabitur
895 4517 997 4572 hoc
1019 4517 1360 4585 sacriﬁcium,
1387 4528 1505 4572 sunt
1528 4520 1635 4573 dies
1662 4520 1800 4574 mille
1818 4521 1914 4574 du-

336 4607 462 4663 renti
484 4616 533 4660 et
563 4608 862 4676 nonaginta,
890 4606 991 4661 hoc
1016 4615 1099 4662 est
1120 4646 1135 4673 ,
1166 4615 1275 4662 tres
1299 4609 1423 4662 anni
1451 4624 1570 4664 eum
1597 4610 1869 4665 dimidiato
1891 4652 1908 4676 ,

333 4712 399 4752 ac
424 4699 579 4767 paulo
601 4701 845 4767 amplius.
876 4699 1078 4753 Deinde
1104 4699 1247 4768 quod
1281 4709 1390 4754 tum
1419 4710 1564 4755 esset
1583 4701 1790 4756 futurus
1815 4703 1909 4755 ho-

332 4803 450 4846 rum
481 4789 738 4845 malorum
765 4791 886 4846 finis
921 4805 984 4845 ac
1012 4792 1300 4853 terminus,
1328 4792 1540 4861 subjicit
1569 4810 1582 4845 :
1614 4791 1798 4847 Beatus
1825 4794 1911 4861 qui

331 4881 620 4939 sustinuerit
647 4897 708 4933 ac
729 4883 1000 4950 peruenerit
1030 4898 1185 4953 usque
1210 4884 1279 4937 ad
1302 4883 1407 4937 dies
1433 4885 1570 4938 mille
1595 4884 1836 4938 trecentos
1862 4895 1909 4938 et

334 4972 540 5041 triginta
559 4971 771 5039 quinque
791 4987 811 5026 :
831 4974 975 5027 mille
996 4974 1237 5028 ducentis
1257 4975 1540 5045 nonaginta
1562 4975 1762 5030 addens
1781 4991 1912 5045 qua-

334 5061 573 5130 draginta
601 5061 852 5131 quinque.
873 5065 1131 5131 Quoniam
1162 5068 1302 5120 enim
1332 5067 1384 5120 in
1407 5082 1590 5121 mense
1614 5078 1668 5121 et
1692 5067 1910 5121 dimidio

333 5151 530 5206 mensis
549 5151 742 5207 accidit
766 5161 822 5207 ut
847 5154 1000 5208 ﬁeret
1027 5154 1117 5210 ille
1145 5155 1424 5211 conﬂictus
1448 5173 1461 5208 :
1488 5158 1538 5210 in
1571 5156 1670 5211 hoc
1690 5157 1906 5211 victoria

332 5239 418 5295 illa
449 5258 577 5312 pura
609 5242 747 5298 facta
789 5256 902 5311 est,
930 5255 985 5300 et
1022 5247 1258 5301 omnium
1307 5250 1563 5302 malorum
1606 5250 1905 5318 urgentium

331 5335 674 5387 commutatio
697 5349 711 5385 :
736 5348 855 5388 cum
881 5345 1057 5391 autem
1087 5337 1193 5390 ait:
1211 5336 1396 5390 Beatus
1418 5339 1504 5409 qui
1529 5340 1816 5392 sustinuerit
1839 5340 1907 5393 ad

331 5424 437 5477 dies
464 5425 603 5478 mille
629 5434 873 5480 trecentos
896 5429 1101 5497 triginta
1126 5429 1360 5496 quinque,
1389 5444 1565 5483 rerum
1588 5430 1909 5486 immutatio-

337 5527 456 5565 nem
486 5513 739 5568 declarat.
762 5516 942 5584 Neqne
968 5516 1279 5584 simpliciter
1299 5517 1452 5581 dixit,
1475 5519 1561 5588 qui
1586 5523 1902 5586 pervenerit,

335 5614 517 5653 verum
558 5603 643 5671 qui
685 5605 976 5658 sustinuerit
1018 5614 1065 5658 et
1105 5607 1378 5672 peruenerit
1416 5622 1435 5661 :
1476 5608 1724 5677 quoniam
1764 5611 1904 5664 enim

334 5688 484 5741 multi
514 5705 699 5745 eorum
717 5731 731 5755 ,
758 5694 845 5761 qui
874 5693 1205 5764 impietatem
1226 5704 1630 5765 perpetrarunt,
1662 5700 1907 5757 viderunt

1078 307 1134 363 S.
1174 306 1451 363 JUANNIS
1485 299 1955 361 CIIRYSOSTOMI
1996 300 2329 360 AIlCIIIEP.
2371 303 2902 361 CONSTANTINOP.

3524 308 3633 362 8‘36

2048 420 2538 482 commutationem,
2568 437 2672 474 non
2700 437 2793 475 eos
2815 420 3124 487 simpliciter
3148 421 3279 476 dixit
3306 425 3509 488 beatos,
3539 429 3636 481 sed

2043 525 2140 563 eos
2166 511 2254 579 qui
2296 512 2655 567 testimonium
2698 515 3033 583 praebuerant
3063 516 3114 569 in
3155 517 3343 573 diebus
3385 520 3638 574 alllietio-

2046 617 2193 662 num,
2241 617 2389 657 neca
2420 604 2613 672 pietate
2657 606 3027 666 desciverant:
3073 609 3267 665 deinde
3314 624 3638 682 consequuti

2046 704 2168 745 sunt
2198 693 2574 748 relaxationetn
2606 696 2644 747 ⁸.
2677 695 2797 751 Ideo
2842 712 2945 751 non
2989 699 3302 768 simpliciter
3336 703 3469 755 dixit
3492 744 3509 767 ,
3543 704 3637 771 qui

2044 784 2346 849 pervenerit
2372 801 2385 836 :
2415 785 2508 838 sed
2534 787 2619 854 qui
2646 788 2938 842 sustinuerit
2972 803 3016 841 et
3056 794 3348 859 pervenerit.
3378 794 3515 861 Quid
3548 796 3637 850 his

2043 886 2162 925 esse
2193 882 2365 940 potest
2389 872 2704 930 dilucidius?
2734 876 2891 933 Vides
2915 919 2929 940 .
2960 889 3013 933 ut
3038 897 3141 934 non
3171 896 3337 951 usque
3366 884 3430 937 ad
3458 900 3633 941 annos

2040 973 2125 1014 aut
2157 978 2386 1027 menses,
2411 965 2504 1019 sed
2536 965 2602 1019 ad
2630 982 2790 1021 unum
2824 984 2990 1039 usque
3018 971 3157 1025 diem
3183 988 3390 1027 summa
3421 991 3548 1029 cura
3574 985 3632 1031 et

2040 1053 2399 1121 captivitatem
2421 1067 2475 1111 et
2496 1057 2816 1126 captivitatis
2836 1061 3153 1116 solutionem
3185 1066 3485 1133 prmdiserit
3505 1082 3628 1136 pro-

2041 1145 2216 1212 pheta.
2250 1147 2424 1216 Alque
2452 1156 2508 1200 ut
2532 1149 2708 1203 sciatis
2734 1165 2821 1205 me
2854 1165 2958 1205 non
2989 1168 3055 1206 ex
3084 1156 3409 1221 coojecturis
3439 1158 3579 1222 loqui
3604 1199 3623 1222 ,

2037 1252 2134 1307 age
2174 1238 2505 1307 proferamus
2549 1252 2604 1296 et
2649 1242 2811 1297 alium
2868 1254 3053 1299 testem
3099 1260 3283 1300 eorum
3324 1265 3442 1317 qua:
3481 1249 3623 1303 dicta

2037 1341 2181 1393 sunt,
2212 1347 2371 1401 quem
2399 1334 2470 1387 illi
2510 1335 2881 1403 gravissimum
2923 1336 3116 1390 habent
3142 1348 3435 1397 auctorem,
3467 1340 3621 1394 Jnse-

2038 1423 2199 1492 plmm
2228 1425 2435 1494 loquor,
2465 1427 2552 1495 qui
2578 1427 2907 1508 calamitates
2939 1428 3145 1482 illorum
3180 1430 3400 1499 tragicas
3421 1431 3622 1485 deseri-

2038 1514 2178 1582 psit,
2218 1530 2281 1570 ac
2327 1524 2478 1570 vetus
2518 1525 2889 1572 testamentum
2930 1534 3088 1572 omne
3131 1521 3269 1573 velut
3311 1522 3617 1589 paraphrasi

2034 1605 2204 1659 fusius
2231 1607 2536 1676 explicavit,
2583 1608 2672 1678 qui
2704 1607 2804 1662 fuit
2846 1617 2965 1679 post
2991 1608 3187 1663 Christi
3218 1611 3538 1676 adventum,
3566 1620 3619 1666 et

2032 1697 2388 1766 captivitatem
2405 1698 2472 1753 ab
2492 1698 2610 1766 ipso
2630 1699 2935 1768 praedictam
2963 1715 3407 1763 commemorans,
3431 1702 3499 1755 de
3520 1702 3618 1755 hac

2032 1804 2244 1859 quoque
2270 1788 2543 1857 disseruit,
2572 1791 2803 1846 Danielis
2819 1792 3074 1847 visionem
3096 1808 3372 1859 enarrans,
3390 1793 3461 1848 de
3480 1808 3613 1847 arse-

2034 1890 2105 1945 te,
2136 1880 2204 1935 de
2228 1882 2397 1946 hirco,
2425 1882 2495 1938 de
2531 1892 2757 1952 quatuor
2794 1886 3045 1940 cornibus
3069 1927 3082 1952 ,
3105 1885 3173 1940 de
3204 1896 3472 1954 postremo
3503 1897 3621 1955 pust

2031 1971 2123 2028 illa
2150 1981 2356 2029 exorto.
2392 1972 2462 2027 Et
2490 1988 2557 2029 ne
2581 1975 2701 2042 quis
2742 1985 2987 2045 suspecta
3028 1975 3219 2030 habeat
3259 1993 3378 2045 qua:
3405 1992 3438 2030 a
3466 1979 3616 2032 nobis

2028 2060 2171 2118 dicta
2197 2063 2413 2127 fuerint,
2436 2080 2534 2136 age
2556 2064 2850 2121 referamus
2875 2076 2931 2122 et.
2951 2067 3091 2121 illius
3120 2069 3301 2122 verba.

2098 2152 2311 2225 Joseplu'
2354 2154 2493 2210 locus
2528 2154 2764 2211 Iudaica:
2810 2158 3147 2226 antiquitatis,
3187 2157 3247 2211 L.
3292 2159 3378 2213 10.
3425 2175 3476 2212 c.
3526 2159 3613 2213 il.

2030 2247 2118 2301 12.
2147 2278 2220 2287 —
2247 2248 2377 2302 Cum
2416 2248 2558 2304 enim
2587 2249 2855 2305 laudasset
2888 2251 3175 2313 Danielem,
3204 2266 3470 2320 supraque
3499 2265 3611 2305 mo.

2028 2336 2154 2391 dum
2174 2338 2470 2402 extulisset,
2487 2338 2695 2393 ueteris
2709 2339 2956 2394 omnibus
2978 2339 3247 2410 prophetis
3263 2349 3610 2408 anteponens,

2027 2427 2094 2483 ad
2140 2430 2277 2484 hanc
2321 2428 2472 2483 venit
2524 2429 2803 2498 visionem,
2853 2441 2907 2486 et
2955 2431 3126 2484 dicit:
3159 2430 3390 2500 Reliquit
3436 2440 3609 2484 autem

2027 2518 2181 2575 nobis
2222 2534 2438 2573 suorum
2486 2521 2804 2589 scriptorum
2848 2531 3185 2576 monumenta
3210 2563 3225 2586 ,
3273 2522 3415 2576 unde
3463 2525 3610 2577 nobis

2027 2611 2183 2680 hujus
2206 2611 2499 2682 prophetia:
2524 2622 2762 2667 exactam
2785 2622 2839 2668 et
2864 2613 3215 2668 inevitabilem
3236 2615 3607 2668 certitudinetn

2030 2703 2296 2772 pra-stitit.
2341 2704 2431 2758 Ait
2454 2705 2595 2759 enim
2628 2723 2640 2758 :
2673 2705 2855 2767 Susis,
2881 2720 3000 2775 qua:
3029 2706 3260 2760 Persidis
3289 2716 3372 2760 est
3417 2716 3609 2760 metro-

2027 2793 2184 2861 polis.
2216 2808 2338 2851 cum
2382 2795 2598 2850 exiisset
2636 2796 2689 2853 in
2726 2812 2970 2865 campum
2998 2812 3118 2852 cum
3157 2798 3318 2851 sociis
3347 2799 3457 2852 suis
3497 2803 3608 2868 qui-

2024 2884 2267 2946 busdam,
2288 2885 2464 2940 subito
2483 2895 2636 2941 terra:
2656 2897 2800 2941 motu
2820 2888 3273 2958 concussioneqne
3291 2890 3503 2955 oborta,
3522 2909 3603 2946 rc-

2023 2977 2205 3031 lietum
2264 2975 2430 3032 fuisse
2491 2977 2661 3033 solum
2721 2976 3043 3048 fugientibus
3093 2980 3320 3033 czcteris.
3379 2982 3444 3034 Et
3497 2982 3605 3049 ipse

2022 3068 2234 3138 quidem
2277 3082 2470 3136 pronus
2517 3068 2567 3122 in
2594 3066 2780 3123 faciem
2810 3070 3059 3135 concidit,
3103 3070 3315 3125 innixus
3352 3072 3607 3128 ambabus

2023 3159 2264 3214 manibus
2292 3176 2306 3212 :
2334 3159 2455 3214 dein
2482 3159 2567 3213 ubi
2589 3159 2847 3229 quispiam
2871 3168 3109 3229 tangeret
3133 3177 3275 3225 eum,
3303 3163 3609 3231 intereaque

2015 3251 2227 3323 juberet
2266 3267 2520 3322 surgere,
2549 3268 2613 3306 ac
2653 3252 2833 3308 videre
2872 3268 2990 3322 qua:
3037 3262 3156 3322 post
3193 3253 3388 3307 multas
3424 3262 3608 3306 anates

2019 3345 2222 3401 civibus
2244 3354 2423 3401 essent
2449 3354 2705 3401 eventura
2730 3363 2742 3399 :
2763 3353 2943 3400 erecto
2972 3352 3320 3399 monstratum
3350 3345 3425 3397 ait
3448 3344 3607 3398 fuisse

2019 3441 2237 3495 arietem
2270 3439 2556 3510 ingentem,
2591 3439 2673 3493 cui
2718 3438 2883 3493 multa
2911 3438 3123 3508 quidem
3171 3447 3323 3491 enata
3357 3438 3463 3491 sint
3488 3451 3606 3490 cor-

2020 3547 2143 3600 nus,
2188 3532 2282 3587 sed
2310 3532 2496 3586 horum
2528 3542 2850 3602 postremum
2876 3531 3137 3587 excelsius
3181 3528 3347 3584 fuisse
3373 3529 3602 3583 caeteris.

2017 3624 2221 3682 Deinde
2244 3624 2522 3679 sustulisse
2564 3622 2748 3679 oculos
2773 3622 2838 3677 ad
2866 3636 3134 3687 occasum,
3163 3620 3467 3690 vidisseque
3492 3620 3604 3673 hiro

2019 3732 2162 3784 cum,
2189 3715 2278 3785 qni
2307 3730 2401 3786 per
2424 3730 2602 3769 aerem
2629 3715 2827 3783 impetu
2852 3712 3141 3767 ferebatur.
3172 3711 3325 3766 Hunc
3353 3726 3604 3780 congres-

2019 3823 2137 3863 sum
2187 3806 2354 3862 fuisse
2397 3821 2516 3860 cum
2561 3806 2748 3871 ariete,
2796 3812 2850 3859 et
2879 3804 3128 3858 cornibus
3156 3804 3317 3857 ietmn
3369 3803 3450 3856 bis
3479 3818 3602 3858 eum

2018 3900 2071 3953 in
2100 3907 2292 3954 terram
2336 3897 2614 3966 deiecisse,
2658 3896 3124 3966 conculcasseque.
3156 3893 3355 3948 Deinde
3396 3893 3601 3948 hircum

2016 3988 2182 4044 fuisse
2206 3992 2373 4042 visum
2397 3988 2765 4048 excelsiorem,
2788 4002 2819 4040 e
2840 3984 3013 4040 fronte
3034 3985 3412 4055 producentem
3433 3999 3602 4039 conm

2017 4083 2343 4146 maximum;
2391 4096 2458 4137 eo
2505 4080 2691 4143 fracto,
2735 4080 2833 4133 alia
2879 4080 3175 4134 excrevisse
3218 4088 3484 4148 quatuor,
3532 4077 3600 4130 ad
3643 4066 3655 4075 ’

2016 4171 2253 4242 singulos
2292 4171 2513 4226 obversa
2553 4180 2758 4224 ventos.
2807 4169 2884 4223 Es
2912 4168 2996 4223 his
3035 4178 3211 4222 autem
3240 4168 3382 4221 aliud
3426 4168 3600 4221 minus

2016 4270 2257 4317 exortum
2285 4261 2447 4316 fuisse
2469 4262 2701 4333 scripsit,
2741 4261 2879 4330 quod
2908 4260 3144 4315 increvit.
3180 4259 3397 4313 Dicebat
3421 4268 3597 4313 autem

2015 4353 2104 4422 qui
2153 4354 2265 4406 haec
2311 4351 2383 4405 illi
2428 4351 2741 4406 ostendebat
2782 4351 2951 4415 Deus,
3000 4350 3235 4403 futurum
3286 4358 3337 4402 ut
3383 4361 3599 4417 gentem

2019 4444 2183 4512 ipsius
2206 4443 2513 4502 debellaret,
2544 4443 2729 4497 urbem
2758 4442 2812 4496 vi
2853 4450 3086 4510 caperet,
3120 4440 3373 4507 templum
3399 4440 3598 4505 expila-

2016 4544 2117 4599 ret,
2163 4548 2314 4587 sacra
2349 4533 2696 4602 prohiberet:
2724 4532 2955 4587 futurum
2995 4540 3171 4585 autem
3203 4530 3268 4585 ad
3311 4532 3428 4584 dics
3455 4532 3600 4585 mille

2015 4626 2271 4680 ducentos
2302 4625 2606 4695 nonaginta.

2086 4714 2373 4785 Explicatio
2402 4714 2607 4768 visionis
2639 4713 2881 4767 Danielis.
2911 4742 2982 4754 --
3010 4712 3134 4767 limo
3179 4713 3393 4781 quidem
3422 4728 3481 4765 se
3524 4714 3598 4764 vi-

2015 4805 2157 4860 disse
2205 4806 2255 4857 in
2284 4820 2471 4873 campo
2503 4805 2651 4873 juxta
2696 4802 2858 4857 Susas
2906 4802 3089 4857 Daniel
3118 4803 3333 4871 scripsit
3366 4819 3381 4855 :
3410 4818 3597 4855 eorum

2013 4905 2189 4949 autem
2216 4911 2332 4962 qtue
2366 4910 2459 4961 per
2483 4894 2653 4947 visum
2691 4901 3061 4961 apparuerant,
3091 4906 3121 4943 a
3153 4891 3260 4945 Deo
3290 4892 3599 4959 explicatio.

2014 5000 2135 5038 nem
2163 4985 2381 5052 supplex
2428 4984 2595 5051 petiit,
2626 4982 2932 5050 didicitque,
2978 4981 3117 5050 quod
3155 4980 3297 5035 aries
3338 4980 3598 5034 indicaret

2014 5091 2170 5144 regna
2206 5076 2482 5130 Persarum
2506 5090 2569 5129 ac
2595 5074 2891 5139 Medorum,
2920 5088 3117 5129 cornua
3145 5087 3274 5128 vero
3315 5088 3470 5143 reges
3515 5074 3597 5124 tn—

2013 5175 2178 5231 turos,
2205 5177 2499 5220 extretnum
2520 5175 2694 5219 autem
2717 5179 2901 5227 cornu,
2926 5173 3250 5234 postremum
3279 5178 3459 5232 regem
3482 5163 3597 5219 fore

2074 5342 2092 5373 ι
2128 5347 2236 5390 Post
2257 5340 2361 5390 hzee
2395 5339 2541 5402 verba
2574 5338 2775 5389 inferius
2807 5340 2975 5402 posita,
3015 5338 3192 5389 deinde
3214 5339 3456 5402 consecuti
3489 5346 3600 5390 sunt

2008 5402 2377 5463 relaxationem,
2420 5403 2468 5451 in
2493 5400 2648 5464 latina
2681 5400 2855 5464 βψςώί
2901 5402 3305 5464 interpretatione
3343 5400 3449 5464 haec
3481 5403 3601 5464 adji-

2008 5466 2199 5533 ciuntur
2221 5477 2233 5511 :
2260 5461 2575 5533 Nec-'tunplius
2598 5461 2915 5533 patiebamur,
2940 5461 3048 5533 qtae
3084 5462 3257 5532 merito

2019 5524 2100 5577 uni
2125 5538 2216 5574 non
2239 5522 2561 5585 perdurarmtt
2595 5522 2646 5574 in
2664 5529 2878 5585 tempore
2896 5522 3169 5585 certaminis
3211 5536 3270 5572 ac
3304 5523 3600 5585 probationis

2019 5583 2247 5647 bonorum
2265 5597 2325 5647 ac
2346 5583 2597 5642 nullorum,
2621 5591 2670 5633 ut
2691 5583 2930 5647 instabiles
2971 5583 3196 5647 inibano,
3223 5583 3597 5647 lentporaﬁique

2007 5645 2151 5697 amici
2170 5646 2508 5708 reperirentur.
2519 5654 2631 5701 Qum
2642 5658 2750 5693 eum
2773 5646 2821 5693 iu
2834 5645 2964 5694 nullo
2980 5645 3112 5695 edito
3127 5657 3289 5708 graece
3304 5645 3352 5694 iu
3364 5645 3597 5708 ωηατ..)

2010 5716 2115 5758 Mss.
2143 5708 2465 5769 reperiantur,
2487 5707 2598 5767 jure
2622 5713 2862 5768 cxpnncta
2884 5713 3013 5756 sunt.
