3866 6226
387 209 493 266 897

382 324 590 380 τούτων
613 316 832 372 διοίσειν
857 313 1116 369 ἁπάντων
1150 311 1365 382 πλούτῳ
1395 327 1456 364 τε
1485 309 1578 364 καὶ
1602 309 1747 381 δόξῃ.
1775 309 1877 361 Τὸν
1904 307 1961 361 δὲ

382 414 587 482 τράγον
638 400 856 475 δηλοῦν,
910 399 989 459 ὡς
1037 397 1099 463 ἐξ
1138 396 1424 482 -Ἐλλήνων
1461 413 1545 458 τις
1587 395 1631 482 ὁΔ
1666 392 1967 482 βασιλεύων

383 477 557 552 ἔσται,
591 488 651 552 ὃς
677 485 758 557 τῷ
793 484 978 556 Πέρσῃ
1010 479 1303 552 συμϐαλὼν
1326 479 1429 544 δὶς,
1466 479 1728 551 κρατήσει
1760 481 1828 551 τῇ
1858 477 1965 549 μά-

384 592 453 646 χη
506 572 602 627 καὶ
645 568 1010 640 ἀφαιρήσεται
1060 565 1160 635 τὴν
1213 562 1509 634 ἡγεμονίαν
1575 563 1810 646 ἃπασαν.
1850 563 1966 646 Δη-

384 643 604 709 λοῦσθαι
631 651 689 706 δὲ
714 651 804 705 διά
825 646 917 703 τοῦ
947 646 1165 718 πρώτου
1203 646 1441 716 μεγάλου
1478 657 1503 685 ι
1531 644 1761 716 κέρατος
1784 643 1877 698 τοῦ
1907 645 1966 696 ἐν

382 740 463 810 τῷ
513 736 750 809 μετώπῳ
799 731 895 786 τοῦ
947 732 1154 802 τράγου
1196 729 1290 783 τὸν
1335 729 1551 801 πρῶτον
1587 727 1831 799 βασιλέα,
1870 726 1967 779 καί¹

383 808 484 892 τήν
518 808 634 873 τῶν
679 816 963 888 τεσσάρων
1000 813 1402 884 ἀναϐλάστησιν
1452 811 1778 874 ἐκπεσόντος
1824 808 1967 862 ἐκεί-

384 922 499 965 νου,
535 903 629 957 καὶ
660 901 759 971 τὴν
790 899 929 971 πρὸς
960 898 1029 952 τὰ
1060 897 1299 967 τέσσαρα
1334 896 1573 966 κλίματα
1615 892 1965 965 ἀποστροφὴν

384 986 638 1050 ἐκάστου,
669 985 794 1048 τοὺς
816 982 1095 1053 διαδόχους
1139 980 1278 1052 μετά
1306 979 1396 1032 τὸν
1427 977 1656 1031 θάνατον
1692 976 1788 1031 τοῦ
1818 974 1968 1047 πρώ-

384 1090 478 1127 του
515 1069 778 1142 βασιλέως
814 1066 1193 1139 ἐμφαίνεσθαι,
1228 1064 1323 1119 καὶ
1360 1060 1722 1132 διαμερισμὸν
1764 1062 1844 1123 εἰς
1874 1059 1969 1142 αύ-

381 1141 524 1219 τοὺςί
542 1153 644 1223 τῆς
669 1150 964 1223 βασιλείας⁸
992 1148 1116 1203 οὔτε
1149 1147 1203 1201 δὲ
1230 1146 1425 1209 παῖδας
1451 1145 1609 1208 ὄντας
1647 1142 1811 1198 αὐτοῦ
1843 1141 1968 1196 οὔτε

387 1239 671 1307 συγγενεῖς
729 1233 944 1296 πολλοῖς
1007 1231 1183 1285 ἐτεσιν
1238 1229 1424 1301 ἄρξειν
1475 1229 1577 1298 τῆς
1619 1226 1964 1297 οἰκουμένης.

389 1319 653 1375 Ἐσεσθαι
683 1318 739 1372 δὲ
766 1319 832 1370 ἐκ
856 1314 1058 1369 τούτων
1091 1314 1186 1366 ’ἐνα
1205 1312 1326 1365 τινά
1361 1310 1604 1382 βασιλέα,
1627 1310 1717 1363 τὸν
1747 1309 1970 1362 ἐκπολε-

390 1406 634 1476 μήσοντα
661 1402 755 1455 καὶ
778 1401 904 1463 τοὺς
932 1398 1130 1468 νόμους
1150 1393 1351 1462 αὐτῶν,
1380 1393 1474 1448 καὶ
1498 1393 1596 1465 τὴν
1623 1394 1744 1447 κατ’
1771 1392 1968 1455 αὐτοὺς

385 1474 827 1558 ἀφαιρησόμενον
874 1480 1168 1544 πολιτείαν,
1205 1479 1301 1532 καὶ
1341 1476 1642 1548 συλήσοντα
1682 1474 1776 1529 τὸν
1818 1474 1966 1558 ναδν,

388 1569 484 1624 καὶ
524 1557 624 1631 τὰς
651 1566 840 1628 θυσίας
874 1564 969 1617 ἐπὶ
994 1562 1090 1633 έτη
1112 1561 1241 1633 τρία
1273 1558 1585 1615 κωλύσοντα
1617 1557 1968 1627 ἐπιτελεσθῆ-

387 1668 498 1707 ναι.
550 1650 667 1704 ’Καὶ
700 1648 764 1720 δὴ
807 1646 979 1702 ταῦτα
1025 1645 1183 1716 ήμῶν
1228 1643 1427 1714 συνέϐη
1475 1641 1555 1712 τῷ
1593 1640 1735 1694 έθνει
1774 1640 1968 1695 παθεῖν

388 1735 495 1790 ὑπὸ
544 1733 816 1802 Ἀντιόχου
872 1730 966 1784 τοῦ
1012 1727 1360 1798 Ἐπιφανοῦς,
1409 1725 1592 1789 καθὼς
1631 1721 1738 1778 εἶδε
1770 1723 1969 1795 Δανιὴλ

387 1817 604 1881 πολλοῖς
631 1815 807 1869 ἐτεσιν
840 1810 1168 1885 ἔμπροσθεν,
1203 1810 1297 1865 καὶ
1326 1808 1600 1880 ἀνέγραψε
1641 1807 1712 1861 τά
1744 1808 1971 1879 γενησό-

463 1916 549 1955 να.

389 1918 608 2055 “Eripe
640 1982 695 2036 τί
728 1980 919 2035 τούτου
968 1979 1301 2048 σαφέστερον
1348 1973 1546 2043 γένοιτ’
1580 1975 1677 2041 άνῖ
1721 1975 1860 2047 Ὥρα
1903 1973 1969 2044 δὴ

389 2066 593 2129 λοιπὸν,
618 2067 666 2119 εἰ
696 2064 771 2136 μὴ
790 2062 1053 2133 δοκοῦμεν
1077 2060 1387 2131 διενοχλεῖν,
1415 2059 1503 2111 ἐπ’
1527 2058 1660 2112 αὐτὸ
1690 2057 1753 2111 τὸ
1774 2056 1970 2129 ζητού·-

394 2167 553 2218 μενον
592 2148 785 2212 ἐλθεῖν,
831 2146 929 2216 τὴν
967 2143 1249 2214 παροῦσαν
1283 2142 1686 2211 αἰχμαλωσίαν,
1732 2142 1827 2194 καὶ
1871 2140 1971 2211 τὴν

390 2233 632 2287 δουλείαν
658 2230 859 2301 ταύτην
881 2228 939 2281 δὲ
960 2228 1058 2299 τὴν
1089 2228 1348 2298 σήμερον,
1380 2225 1448 2279 δι’
1475 2227 1542 2297 ἢν
1560 2225 1776 2279 ἅπαντα
1798 2222 1973 2276 ταῦτα

390 2318 743 2387 ὲκινήσαμεν.
790 2311 952 2366 Ἀλλὰ
999 2308 1319 2379 διανάστητέ
1374 2326 1465 2380 μοι
1524 2306 1641 2361 νῦν·
1691 2307 1811 2361 οὐδὲ
1863 2306 1973 2378 γὰρ

393 2400 536 2470 ὑπὲρ
576 2398 684 2451 τῶν
721 2396 993 2466 τυχόντων
1035 2394 1166 2466 ἡμῖν
1203 2395 1232 2446 6
1265 2391 1434 2462 ἀγών.
1468 2393 1579 2446 Καὶ
1615 2390 1723 2465 γὰρ
1749 2390 1970 2457 ἄτοπον,

392 2484 452 2536 ἐν
497 2480 884 2551 Ὀλυμπιακοῖς
913 2478 1010 2548 μὲν
1052 2476 1395 2548 καθημένους
1427 2474 1603 2544 ἀγῶσι
1632 2474 1660 2514 1)
1697 2476 1763 2527 ἐκ
1794 2474 1974 2545 μέσων

391 2565 602 2620 νυκτῶν
641 2565 721 2627 εἰς
748 2560 1093 2634 μεσημϐρίαν
1134 2560 1304 2631 μέσην
1338 2561 1645 2632 καρτερεῖν,
1679 2558 1976 2629 ἀναμένον-

391 2667 491 2714 τας
535 2649 662 2702 ἰδεῖν
694 2648 774 2711 εἰς
801 2647 923 2700 τίνα
960 2646 989 2698 6
1024 2643 1286 2714 στέφανος
1317 2644 1728 2715 περιστήσεται,
1757 2641 1852 2695 καὶ
1880 2658 1976 2711 γυ-

396 2736 503 2807 μνῇ
537 2736 602 2805 τῇ
631 2732 841 2802 κεφαλῇ
873 2729 1080 2802 θερμὴν
1108 2726 1361 2798 δέχεσθαι
1391 2726 1492 2798 τὴν
1520 2726 1736 2789 ἀκτῖνα,
1769 2725 1865 2778 καὶ
1901 2724 1975 2796 μὴ

394 2818 659 2889 πρότερον
696 2813 1052 2885 ἀφίστασθαι,
1079 2812 1183 2875 ἕως
1208 2811 1274 2866 ἂν
1300 2811 1482 2883 κρίσιν
1519 2811 1587 2863 τὰ
1617 2810 1978 2880 ἀγωνίσματα

392 2900 554 2972 λάϐῃο
590 2899 683 2954 νῦν
710 2899 767 2952 δὲ
802 2898 932 2969 ἡμῖν
956 2896 1056 2966 οὐχ
1080 2895 1222 2965 ὑπὲρ
1258 2893 1523 2962 στεφάνου
1555 2893 1817 2960 τοιούτου,
1859 2890 1975 2944 ἀλλ’

395 2985 538 3055 ὑπὲρ
596 2981 690 3037 τοῦ
746 2981 845 3051 τῆς
891 2978 1200 3051 ἀφθαρσίας
1252 2975 1517 3045 στεφάνου
1578 2974 1687 3029 τῶν
1748 2973 1977 3055 ἀγώνοιν

392 3054 582 3132 ὄντων,
614 3065 903 3119 ἐκλύεσθαι
945 3064 1039 3116 καὶ
1070 3061 1456 3131 ταλαιπωρεῖν.
1486 3059 1609 3112 Ὅτι
1648 3058 1747 3130 μὲν
1781 3054 1874 3112 οῦν
1919 3058 1977 3112 αἰ

394 3154 544 3222 τρεῖς
601 3146 1153 3221 προανηγορεύθησαν
1209 3142 1613 3214 αἰχμαλωσίαι,
1660 3145 1694 3213 ἡ
1754 3142 1853 3213 μὲν
1888 3159 1978 3195 τε-

396 3235 662 3307 τρακόσια
703 3232 798 3303 ἐτη
837 3230 1055 3301 ἔχουσα,
1087 3231 1121 3299 ή
1167 3227 1223 3280 δὲ
1255 3228 1646 3297 ἐϐδομήκοντα,
1683 3227 1715 3297 ή
1756 3225 1813 3278 δὲ
1854 3224 1979 3296 τρία

406 3318 501 3373 καὶ
529 3318 723 3387 ἥμισυ,
768 3313 927 3367 τοῦτο
961 3312 1159 3374 ἱκανῶς
1191 3321 1214 3349 ε
1241 3309 1488 3363 ἐντεῦθεν
1524 3310 1655 3380 ήμῖν
1706 3309 1979 3362 ἀποδέδει-

401 3418 547 3455 κται.
580 3400 717 3470 Φέρε
749 3396 814 3468 δὴ
840 3395 1025 3450 λοιπὸν
1048 3398 1141 3448 καὶ
1166 3394 1297 3464 περὶ
1322 3392 1527 3461 ταύτης
1560 3392 1824 3463 εἴπωμεν.
1856 3392 1979 3445 Ὀτι

398 3488 507 3555 γὰρ
554 3483 651 3537 καὶ
702 3482 832 3552 περὶ
862 3479 1067 3549 ταύτης
1096 3474 1551 3549 προανεφώνησεν
1592 3477 1621 3528 6
1665 3476 1976 3546 προφήτης,

398 3567 562 3622 αὑτὸν
589 3563 776 3619 τοῦτον
805 3562 967 3616 πάλιν
996 3560 1303 3632 παρέξομαι
1334 3558 1586 3629 μάρτυρα
1613 3556 1705 3611 τὸν
1747 3558 1979 3627 Ἰώσηπ-

400 3669 522 3716 πον,
550 3649 641 3703 τὸν
678 3648 748 3702 τά
785 3646 1010 3700 ἐκείνων
1051 3642 1370 3715 φρονοῦντα.
1424 3641 1641 3712 Ἐπειδὴ
1680 3639 1790 3713 γὰρ
1828 3637 1981 3694 εἷπεν

400 3738 605 3799 ἐκεῖνα,
649 3733 881 3788 ἄκουσον
918 3728 972 3783 τί
1021 3744 1153 3799 φησι
1199 3727 1334 3799 μετά
1368 3725 1557 3779 ταῦτα·
1582 3726 1686 3779 Τὸν
1723 3725 1884 3779 αὐτὸν
1922 3724 1981 3777 δὲ

399 3817 601 3889 τρόπον
632 3813 784 3887 [645]
811 3812 1008 3883 Δανιὴλ
1034 3810 1131 3865 καὶ
1162 3810 1290 3881 περὶ
1315 3809 1415 3878 τῆς
1454 3807 1744 3878 Ῥωμαίων
1775 3810 1980 3877 ήγεμο-

399 3901 521 3964 νίας
562 3896 860 3969 ἀνέγραψε,
903 3895 998 3949 καὶ
1039 3894 1121 3948 ὅτι
1171 3894 1262 3946 ὑπ’
1301 3892 1479 3946 αὐτῶν
1531 3890 1882 3964 αἱρεθήσεται
1913 3890 1984 3946 τά

411 3982 779 4055 Ἱεροσόλυμα,
824 3980 917 4032 καὶ
954 3979 983 4030 6
1018 3977 1146 4040 ναὸς
1184 3974 1623 4047 ἐρημωθήσεται.
1661 3975 1736 4027 Σῦ
1783 3973 1842 4027 δέ
1892 3991 1982 4045 μοι

404 4066 618 4127 σκόπει,
653 4064 729 4127 ώς
753 4063 802 4115 εἰ
835 4061 930 4115 καὶ
969 4060 1220 4123 Ἰουδαῖος
1249 4055 1318 4130 ἦν
1359 4059 1389 4110 6
1417 4057 1555 4129 ἀνὴρ
1588 4060 1617 4112 6
1640 4056 1817 4111 ταῦτα
1847 4057 1984 4134 γρά-

397 4150 528 4221 ψας,
559 4147 675 4202 ἀλλ’
716 4141 810 4200 οὖν
850 4145 952 4197 οὐκ
994 4142 1254 4213 ἠνέσχετο
1296 4139 1392 4211 τὴν
1438 4140 1708 4212 ὑμετέραν
1740 4139 1982 4211 ζηλῶσαι

402 4229 755 4300 φιλονεικίαν.
789 4227 973 4280 Εἰπὼν
1004 4224 1112 4295 γὰρ
1144 4225 1225 4277 ὃτι
1252 4222 1603 4293 αἱρεθήσεται
1649 4223 1719 4277 τὰ
1754 4223 1983 4293 Ἱεροσό-

401 4313 572 4385 λυμα,
602 4313 701 4366 οὐκ
734 4311 999 4382 ἐτόλμησε
1039 4306 1354 4379 προσθεῖναι
1382 4308 1477 4360 καὶ
1508 4308 1705 4372 εἰπεῖν,
1738 4308 1819 4361 ὅτι
1848 4309 1981 4361 ἁνα-

403 4398 662 4468 στήσεται
722 4393 906 4456 πάλιν,
940 4390 1062 4444 ούδέ
1109 4389 1299 4462 χρόνον
1354 4388 1564 4461 γράψαι
1602 4389 1982 4460 διωρισμένονσ

403 4479 521 4534 ἀλλ’
553 4476 741 4548 ἐπειδὴ
768 4475 973 4530 συνεῖδε
1005 4474 1097 4526 τὸν
1120 4472 1404 4544 προφήτην
1433 4473 1532 4542 οὐχ
1560 4471 1822 4543 ὁρίσαντα
1856 4473 1980 4546 χρό-

401 4579 516 4628 νον,
560 4562 737 4616 καίτοι
769 4557 1027 4629 ἀνωτέρω
1053 4554 1223 4610 εἰπὼν
1259 4556 1350 4609 ἐπὶ
1386 4556 1485 4627 τῆς
1526 4554 1798 4625 Ἀντιόχου
1826 4556 1983 4627 νίκης

405 4647 502 4702 καὶ
525 4648 625 4718 τῆς
654 4643 989 4719 ἐρημώσεως
1018 4642 1110 4695 καὶ
1140 4640 1352 4712 ἡμέρας
1374 4640 1468 4693 καὶ
1492 4639 1609 4710 ἐτη,
1634 4639 1736 4692 ὅσα
1761 4638 1984 4709 ἔμελλεν

406 4733 442 4804 ἡ
474 4730 821 4801 αἰχμαλωσία
847 4728 1091 4799 κρατεῖν,
1125 4726 1218 4778 ἐπὶ
1242 4725 1341 4796 τῆς
1378 4724 1664 4793 Ῥωμαίων
1699 4723 1800 4794 μὲν
1831 4723 1985 4777 οὐδὲν

404 4814 644 4869 τοιοῦτον
669 4809 841 4866 εἰπεψ
874 4810 987 4863 ἀλλ’
1015 4810 1099 4863 ὅτι
1131 4809 1231 4879 μὲν
1258 4806 1678 4879 ἐρημωθήσεται
1712 4805 1782 4858 τά
1819 4805 1985 4876 Ἱερο-

407 4898 619 4968 σόλυμα
646 4896 742 4949 καὶ
768 4895 796 4947 6
821 4893 968 4958 ναὸς,
996 4892 1253 4964 ἔγραψεν,
1284 4892 1366 4944 ὅτι
1399 4889 1458 4943 δὲ
1496 4888 1752 4959 στήσεταί
1782 4905 1887 4940 που
1915 4886 1987 4941 τά

404 4991 508 5053 της
547 4978 903 5052 ἐρημώσεως,
936 4978 1038 5030 οὐκ
1071 4976 1151 5031 ἔτι
1181 4973 1540 5047 προσέθηκεν,
1572 4972 1697 5025 ἐπεὶ
1727 4971 1865 5043 μηδέ
1891 4971 1984 5025 τὸν

405 5067 697 5139 προφήτην
743 5058 850 5116 εἶδε
897 5060 1057 5115 τοῦτο
1091 5059 1419 5132 προσθέντα.
1468 5054 1657 5110 Ταῦτα
1691 5055 1751 5109 δὲ
1782 5056 1982 5139 πάντα,

403 5138 564 5222 φησὶ,
595 5148 690 5203 τοῦ
721 5146 856 5201 Θεοῦ
889 5146 1163 5212 δείξαντος
1191 5140 1362 5212 αὐτῷ,
1402 5140 1728 5213 συγγράψας
1767 5138 1987 5192 κατέλι-

407 5251 531 5296 πεν,
565 5232 706 5286 ὥστε
734 5232 860 5295 τοὺς
897 5226 1366 5297 ἀναγινώσκοντας
1403 5225 1499 5278 καὶ
1523 5224 1592 5276 τὰ
1619 5222 1986 5292 συμϐαίνοντα

404 5317 745 5381 σκοποῦντας
790 5313 1091 5385 θαυμάζειν
1124 5313 1218 5363 ἐτιί
1256 5312 1321 5380 τῇ
1357 5307 1509 5379 παρὰ
1543 5306 1638 5359 τοῦ
1672 5305 1807 5359 Θεοῦ
1850 5307 1985 5375 τιμῇ

406 5403 498 5459 τὸν
531 5400 754 5472 Δανιήλ.
790 5398 904 5452 Ποῦ
950 5395 1129 5450 τοίνυν
1176 5387 1328 5446 εἶπεν
1361 5394 1390 5444 6
1433 5389 1634 5459 Δανιὴλ
1681 5389 1762 5442 ὅτι
1799 5388 1829 5439 6
1863 5389 1989 5452 ναὸς

466 5582 495 5612 ι
523 5571 623 5619 Sex
646 5581 763 5618 mss.
779 5565 1034 5625 δηλοῦσθαι
1056 5565 1108 5613 δέ
1128 5564 1220 5625 πρὸ
1242 5560 1328 5611 τοῦ
1353 5560 1573 5623 μεγάλου.
1590 5558 1772 5608 Horum
1795 5558 1990 5608 duoha-

403 5630 661 5695 bemnpbc
684 5627 789 5695 τοῦ.

469 5696 499 5735 b
516 5681 605 5746 Sié
626 5681 660 5742 ε
678 5692 862 5743 Savilio
886 5688 1241 5753 rescripsimus,
1268 5698 1358 5751 pro
1384 5685 1514 5747 vulg.
1536 5684 1758 5749 θεάτροις.
1787 5681 1925 5732 Eun.

1061 199 1119 253 S.
1158 195 1446 251 JUANNIS
1483 190 1982 251 CIIRYSOSTUMI
2018 191 2340 249 ARCHIEP.
2385 188 2936 247 CONSTAN'I‘INOP.

3540 189 3658 248 898

2069 305 2514 378 ἐρημωθήσεται,
2563 307 2724 376 ἡμεῖς
2764 304 2950 358 λοιπὸν
2996 304 3379 374 σκοπήσωμεν.
3429 303 3657 376 Ἐπειδὴ

2066 390 2176 461 γὰρ
2209 390 2306 462 τὴν
2332 389 2639 462 προσευχὴν
2670 390 2886 461 ἐκείνην
2910 389 3012 460 τὴν
3042 391 3101 442 ἐν
3131 389 3318 460 σάκκῳ
3342 387 3437 441 καὶ
3472 389 3660 459 σποδῷ

2067 475 2382 544 ἐποιήσατο,
2436 468 2569 544 ἦλθε
2622 472 2866 543 Γαϐριὴλ
2907 470 3047 543 πρὸς
3107 471 3270 524 αὐτὸν
3326 470 3420 524 καί
3463 488 3659 540 φησιν-

2080 557 2522 627 Ἑόδομήκοντα
2556 554 2880 626 ἑϐδομάδες
2906 553 3382 623 συνετμήσησαν
3411 553 3515 607 ἐπὶ
3549 554 3664 606 τὸν

2064 642 2221 696 λαόν
2245 658 2382 705 σου,
2411 640 2511 693 καί
2542 640 2644 693 ἐπὶ
2670 639 2787 707 τὴν
2813 639 2995 692 πόλιν
3015 636 3130 705 τὴν
3157 636 3354 710 ἁγίαν.
3397 636 3533 691 Ἰδοὺ
3564 637 3664 691 καὶ

2068 723 2301 778 ἐνταῦθα
2322 724 2513 795 χρόνος
2549 724 2787 794 εἴρηται,
2811 721 2963 791 φησί·
2993 722 3203 791 χρόνος,
3231 720 3293 773 ού
3319 720 3419 791 τῆς
3445 722 3665 790 αἰχμα-

2065 805 2288 870 λωσίας,
2321 807 2455 861 ἀλλά
2486 804 2605 876 μεθ’
2627 807 2753 858 ὅσον
2777 803 2998 875 ἔμελλεν
3024 806 3058 875 ἡ
3092 803 3443 875 αἰχμαλωσία
3471 805 3662 857 ἀπαν-

2066 891 2326 962 τήσεσθαι
2355 891 2545 961 χρόνον
2572 890 2753 944 πάλιν.
2788 890 3014 960 Ἕτερον
3041 888 3099 940 δέ
3124 889 3241 940 ἐστι
3265 889 3455 958 χρόνον
3477 890 3663 942 εἰπεῖν

2067 976 2191 1027 ὅσον
2224 974 2417 1044 ἔμελλε
2464 977 2685 1045 κρατεῖν
2722 976 2756 1044 ή
2790 969 3157 1042 αἰχμαλωσία,
3192 970 3288 1024 καὶ
3317 971 3511 1042 χρόνον
3536 971 3663 1043 μεθ’

2067 1059 2127 1111 ὂν
2160 1059 2404 1128 ἀπαντᾷν
2430 1056 2621 1127 ἔμελλε
2649 1057 2743 1110 καὶ
2764 1053 3186 1127 παραγίνεσθαι.
3219 1054 3665 1124 Ἑϐδομήκοντα

2066 1140 2411 1211 ἐϐδομάδες,
2461 1140 2614 1211 φησί,
2665 1137 3136 1208 συνετμήϐησαν
3188 1136 3288 1190 ἐπὶ
3339 1137 3451 1192 τὸν
3501 1138 3665 1192 λαόν

2069 1242 2204 1279 σου·
2229 1226 2327 1279 οὐκ
2352 1225 2432 1278 ἔτι
2462 1226 2554 1278 ἐπὶ
2588 1224 2677 1278 τὸν
2698 1224 2828 1277 λαὸν
2855 1224 2948 1278 τὸν
2977 1224 3130 1295 ἐμὸν,
3167 1223 3343 1278 καίτοι
3380 1225 3411 1277 6
3441 1224 3665 1295 προφή-

2070 1327 2167 1380 της
2198 1308 2404 1377 έλεγεν,
2449 1309 2778 1377 Ἐπίερανον
2807 1307 2874 1361 τὸ
2900 1308 3225 1377 πρόσωπόν
3255 1322 3374 1363 σου
3410 1306 3515 1362 ἐπὶ
3547 1306 3663 1360 τόν

2067 1394 2222 1448 λαόν
2250 1409 2387 1447 σοιν
2433 1393 2548 1447 ἀλλ’
2591 1395 2619 1447 6
2656 1393 2789 1456 Θεὸς
2832 1391 3205 1463 ἀλλοτριοῦται
3260 1392 3424 1449 αὑτὸν
3467 1390 3663 1463 λοιπδν

2068 1477 2155 1530 διά
2187 1477 2247 1529 τὸ
2277 1476 2466 1547 μέλλον
2499 1476 2718 1530 ἔσεσθαι
2766 1462 3041 1546 τόλμημα.
3074 1471 3211 1529 Εἷτά
3257 1493 3394 1548 φησι
3430 1476 3532 1531 καὶ
3558 1462 3663 1545 τὶξν

2069 1561 2268 1627 αἰτίαν,
2302 1561 2451 1626 Ἕως
2499 1561 2606 1614 τοῦ
2653 1558 3067 1628 παλαιωθῆναι
3109 1559 3501 1629 παράπτωμα,
3556 1560 3659 1613 καί

2068 1645 2175 1699 τοῦ
2203 1642 2683 1711 συντελεσθῆναι
2716 1643 3031 1712 ἁμαρτίαν.
3061 1642 3127 1696 Τί
3150 1643 3328 1706 ἐστιν,
3371 1642 3532 1709 Ἕως
3552 1643 3663 1695 τοῦ

2069 1726 2552 1795 συντελεσθῆναι
2590 1727 2882 1796 ἁμαρτίαν
2900 1743 2919 1791 ;
2948 1726 3149 1786 Πολλὰ,
3186 1726 3374 1797 φησὶν,
3403 1727 3664 1798 ἀμαρτά-

2070 1829 2272 1866 νουσιν·
2298 1810 2411 1864 ἀλλ’
2433 1813 2465 1881 ή
2491 1811 2726 1882 κορωνὶς
2756 1809 2863 1862 τῶν
2883 1809 3069 1863 κακῶν
3085 1809 3206 1862 τότε
3223 1809 3399 1872 ἐσται,
3420 1810 3554 1864 ὅταν
3566 1810 3661 1863 τον

2070 1896 2346 1967 Δεσπότην
2379 1895 2557 1948 αὐτῶν
2585 1894 2836 1948 ἀνέλωσι.
2860 1893 3030 1947 Τοῦτό
3065 1910 3198 1965 φησι
3220 1893 3316 1948 καὶ
3338 1896 3369 1949 6
3394 1895 3657 1966 Χριστός·

2071 1980 2434 2050 Πληρώοάτε
2471 1978 2539 2033 τὸ
2576 1978 2797 2048 μέτρον
2830 1976 2950 2031 τῶν
2982 1976 3252 2045 πατέρων
3290 1972 3480 2048 ὑμῶν.
3524 1978 3664 2032 Δούο

2071 2061 2215 2127 λους,
2249 2062 2433 2132 φησὶν,
2464 2062 2845 2124 ἀπεκτείνατε,
2881 2059 3148 2130 πρόσθετε
3174 2061 3269 2115 καὶ
3295 2055 3436 2130 αἷμα
3462 2061 3667 2115 δεσπο-

2071 2147 2240 2200 τικόν.
2276 2146 2419 2218 Ὅρα
2460 2146 2727 2216 σύμφωνα
2751 2144 2820 2198 τὰ
2847 2146 3114 2215 νοήματα.
3157 2144 3216 2198 '0
3243 2142 3482 2215 Χριστὸς
3512 2139 3663 2207 εἶπε,

2072 2229 2451 2299 Πληρώσατε·
2483 2232 2512 2283 6
2547 2231 2832 2302 προφήτης
2865 2230 3022 2301 φησὶ,
3059 2227 3431 2297 Τελεσθῆναι
3473 2230 3666 2299 ἀμαρ-

2076 2315 2228 2379 τιάν,
2253 2313 2348 2381 καὶ
2383 2313 2492 2368 Τοῦ
2529 2314 2858 2384 σφραγίσαι
2883 2312 3195 2381 ἁμαρτίας.
3228 2311 3293 2364 Τί
3321 2313 3441 2366 ἐστι
3467 2330 3666 2383 σφρα-

2074 2398 2272 2466 γίσαις
2310 2397 2476 2450 Ὥστε
2522 2397 2687 2468 μηδὲν
2740 2394 3125 2465 ὑπολελεῖφθαι
3159 2394 3362 2449 λοιπόν.
3403 2396 3516 2450 Καὶ
3556 2396 3665 2450 τοῦ

2075 2479 2321 2550 ἀγαγεῖν
2350 2479 2747 2547 δικαιοσύνην
2782 2477 3041 2533 αἰώνιον.
3080 2477 3217 2531 Ποία
3247 2477 3306 2531 δὲ
3340 2477 3664 2549 δικαιοσύνη

2077 2562 2314 2627 αἰώνιος,
2339 2562 2452 2616 ἀλλ’
2486 2562 2519 2634 ἢ
2552 2563 2585 2634 ή
2610 2561 2762 2633 παρὰ
2794 2561 2889 2614 τοῦ
2919 2559 3156 2633 Χριστοῦ
3190 2560 3410 2616 δοθεῖσα
3435 2560 3463 2602 δ
3492 2579 3509 2627 ;
3551 2564 3663 2618 Kal

2076 2647 2183 2701 τοῦ
2242 2647 2574 2717 σφραγίσαι
2611 2646 2826 2714 ὅρασιν
2875 2645 2977 2698 καὶ
3027 2644 3366 2713 προφήτην,
3402 2646 3507 2700 καὶ
3556 2647 3664 2701 τσῦ

2078 2729 2282 2799 χρῖσαι
2339 2729 2511 2798 ἅγιον
2553 2730 2757 2799 ἁγίων,
2791 2727 3060 2793 τουτέστι,
3095 2728 3291 2797 στῆσαι
3344 2720 3539 2783 λοιπὸν
3564 2730 3665 2795 τὰς

2079 2814 2434 2885 προφητείας
2466 2813 2623 2866 τοῦτο
2654 2811 2762 2883 γάρ
2790 2812 2904 2864 ἐστι
2945 2810 3265 2882 σφραγίσαι,
3288 2812 3351 2865 τὸ
3376 2814 3580 2884 στῆσαι
3604 2815 3668 2868 τὸ

2078 2901 2309 2968 χρῖσμα,
2352 2897 2546 2968 στῆσαι
2582 2895 2684 2959 τὰς
2729 2895 2969 2966 ὁράσεις.
3014 2893 3116 2947 Διά
3160 2893 3320 2949 τοῦτο
3353 2898 3386 2949 6
3428 2898 3669 2972 Χριστὸς

2079 2981 2282 3048 ἑλεγεν’
2329 2982 2381 3033 Ὀ
2421 2981 2606 3048 νόμος
2650 2980 2750 3033 καὶ
2782 2982 2835 3033 οἱ
2866 2977 3167 3047 προφῆται
3212 2979 3326 3046 ἕως
3362 2981 3664 3037 Ἰωάννου.

2092 3063 2252 3134 Ὁρᾷς
2283 3064 2401 3127 πῶς
2440 3062 2680 3133 παντελῆ
2714 3061 2949 3115 ἐνταῦθα
2985 3062 3202 3115 ἀπειλεῖ
3230 3064 3541 3134 ἐρήμωσιν,
3572 3066 3671 3120 καὶ

2077 3145 2187 3201 τῶν
2210 3146 2495 3218 ἁμαρτιῶν
2523 3145 2878 3199 ἀνταπόδοσιν
2911 3145 3006 3198 καὶ
3032 3144 3143 3199 τῶν
3161 3145 3430 3214 ἁδικιῶν;
3456 3149 3538 3203 Οὐ
3558 3150 3671 3222 γὰρ

2082 3231 2405 3300 συγχωρεῖν,
2443 3229 2559 3282 ἀλλ’
2586 3230 2859 3296 ἐπεξιέναι
2899 3230 3012 3292 τοῖς
3052 3229 3454 3302 ἁμαρτήμασιν
3484 3233 3670 3287 αὐτῶν

2080 3312 2378 3384 ἠπείλησεν
2406 3314 2434 3366 6
2462 3312 2614 3376 Θεός.

2152 3403 2207 3451 ι’.
2227 3396 2336 3448 Καὶ
2365 3396 2492 3449 πότε
2511 3394 2749 3467 δήτοῦτο
2763 3394 2956 3464 γέγονε
2974 3412 2989 3463 ;
3016 3397 3146 3451 πότε
3161 3394 3510 3471 ἀνῃρέθησαν
3530 3416 3673 3472 προ-

2082 3481 2299 3550 φητεῖαι
2348 3478 2669 3544 παντελῶς;
2723 3479 2857 3531 πότε
2903 3479 2963 3532 τὸ
3004 3482 3213 3555 χρῖσμα
3258 3480 3560 3555 κατελύθη,
3593 3486 3673 3546 ὡς

2083 3562 2281 3633 μηκέτι
2310 3562 2472 3616 πάλιν
2513 3562 2862 3627 ἐπανελθεῖν;
2890 3560 3006 3616 Κᾶν
3033 3564 3200 3634 ἡμεῖς
3238 3564 3585 3635 σιγήσωμεν,
3619 3568 3671 3619 οἰ

2080 3644 2216 3697 λίθοι
2246 3642 2394 3715 [6M]
2427 3644 2808 3717 κεκράξονται.
2838 3644 2980 3698 οὕτω
3006 3645 3237 3716 λαμπρά
3263 3646 3374 3700 τῶν
3398 3650 3674 3720 πραγμά-

2080 3744 2188 3781 των
2212 3728 2361 3780 ἐστὶν
2388 3729 2422 3798 ή
2455 3730 2628 3799 φωνή’
2665 3728 2785 3781 οὐδὲ
2806 3727 2915 3798 γὰρ
2943 3727 3009 3782 ἂν
3042 3727 3262 3799 ἔχοιμεν
3295 3739 3322 3769 θ
3353 3729 3521 3785 ἀλλον
3549 3748 3675 3786 και-

2085 3810 2176 3882 ρὸν
2199 3811 2394 3874 εἰπεῖν,
2426 3812 2484 3863 ἐν
2517 3804 2562 3879 ᾦ
2592 3811 2766 3865 ταῦτα
2801 3810 3193 3883 ὑπέστησαν,ῆ
3226 3809 3536 3867 τοῦτοντδν
3562 3831 3675 3885 μα-

2083 3895 2214 3964 κρὸν
2261 3896 2356 3947 καὶ
2399 3893 2568 3947 πολὺν
2612 3894 2707 3948 καὶ
2749 3894 2973 3947 πλείονα
3018 3894 3180 3948 πάλιν
3212 3895 3491 3965 ἐσόμενον.
3534 3893 3675 3951 ιιῖτα

2084 3977 2245 4030 πάλιν
2275 3976 2665 4048 ἀκριϐέστερον
2717 3976 2892 4045 λέγων
2950 3979 3104 4047 φησὶ,
3156 3978 3265 4032 Καὶ
3313 3977 3525 4050 γνώσῃ
3568 3980 3673 4035 καί

2081 4059 2380 4126 συνήσεις
2401 4060 2518 4114 ἀπὸ
2534 4059 2750 4125 ἐξόδου
2782 4059 2971 4129 λόγου
2988 4060 3093 4116 τοῦ
3114 4061 3536 4131 ἀποκριθῆναι,
3568 4064 3675 4119 καί

2083 4144 2190 4198 τοῦ
2211 4144 2606 4214 οἰκοδομῆσαι
2635 4145 3046 4214 Ἰερουσαλὴμ,
3062 4144 3174 4212 ἕως
3198 4147 3458 4215 Χριστοῦ
3484 4150 3675 4219 ﬁm-

2076 4227 2291 4298 μένου,
2326 4227 2648 4299 ἑϐδομάδες
2679 4225 2850 4291 ἑπτὰ,
2881 4227 2984 4282 καὶ
3017 4228 3340 4300 ἑϐδομάδος
3364 4230 3674 4300 ἐξήκοντα

2084 4312 2216 4365 δύο.

2169 4392 2438 4449 Ἐνταῦθά
2472 4410 2563 4466 μοι
2600 4394 2737 4465 μετά
2767 4396 3054 4464 ἀκριϐείας
3094 4396 3411 4468 προσέχετε
3457 4397 3524 4451 τὸ
3561 4399 3673 4473 γὰρ

2086 4477 2196 4530 πᾶν
2238 4475 2461 4549 ζήτημα
2510 4478 2746 4533 ἐνταῦθά
2785 4480 2956 4534 ἐστιν.
2999 4480 3322 4551 Ἑϐδομάδες
3364 4481 3531 4547 ἐπτά,
3579 4485 3674 4537 καί

2084 4559 2376 4630 ἐϐδομάδες
2416 4560 2680 4631 ἐξήκοντα
2719 4561 2813 4615 δύο
2846 4563 3173 4634 τετρακόσια
3202 4563 3671 4637 ὀγδοηκοντατρία

2084 4643 2203 4713 ἐτη·
2230 4643 2529 4714 ἑϐδομάδας
2553 4644 2661 4717 γὰρ
2682 4644 2919 4699 ἐνταῦθα
2943 4646 3040 4716 οὐχ
3068 4646 3291 4719 ήμερῶν
3321 4665 3510 4719 φησιν,
3544 4651 3669 4704 οὐδὲ

2087 4725 2305 4797 μηνῶν,
2336 4725 2450 4779 ἀλλ’
2482 4726 2786 4797 ἑϐδομάδας
2826 4730 3112 4784 ἐνιαυτῶν.
3154 4730 3286 4785 Ἀπὸ
3336 4731 3448 4803 γὰρ
3475 4734 3667 4806 Κύρσδ

2084 4810 2180 4862 ἐπὶ
2226 4809 2496 4879 Ἀντίοχον
2536 4808 2629 4864 τὸν
2679 4810 2951 4882 Ἐπιφανῆ
2994 4815 3090 4866 καί
3143 4813 3241 4885 τὴν
3285 4816 3671 4886 αἰχμαλωσίαν

2084 4891 2321 4963 ἐκείνην,
2365 4893 2656 4964 τριακόσια
2696 4895 3018 4967 ἐνενήκοντα
3062 4897 3309 4970 τέσσαρά
3348 4903 3496 4954 ἐστιν
3552 4903 3671 4974 ἐτη.

2082 4973 2274 5046 Δηλῶν
2294 4974 2493 5039 τοίνυν,
2515 4977 2597 5030 ὃτι
2618 4977 2720 5030 οὐκ
2743 4977 2958 5050 ἐκείνην
2979 4979 3126 5048 λέγει
3148 4981 3247 5052 τὴν
3268 4984 3554 5054 ἐρήμωσιν
3577 4973 3675 5039 τοῦ

2085 5057 2239 5122 ναοῦ,
2275 5057 2416 5112 ἀλλὰ
2442 5059 2541 5130 τὴν
2566 5060 2683 5132 μετ’
2709 5062 2947 5133 ἐκείνην,
2974 5063 3073 5135 τὴν
3108 5066 3202 5118 ἐπὶ
3231 5067 3546 5138 Πομπηΐου,
3580 5073 3675 5123 καὶ

2086 5142 2522 5208 Οὐεσπασιανοῦ,
2569 5144 2665 5197 καὶ
2717 5144 2899 5209 Τίτου,
2938 5150 3250 5221 περαιτέρω
3288 5151 3552 5221 προάγων
3583 5152 3675 5206 τὸν

2089 5225 2301 5295 χρόνον,
2323 5221 2444 5279 εἶτα
2470 5225 2737 5280 διδάσκων
2759 5230 2907 5300 ἡμᾶς
2941 5230 3105 5286 πόθεν
3133 5233 3389 5303 ἀριθμεῖν
3409 5234 3541 5305 χρὴ,
3569 5235 3671 5288 δεί-

2089 5324 2277 5363 κνυσιν
2305 5310 2387 5362 ὅτι
2424 5311 2526 5363 οὐκ
2555 5310 2665 5364 ἀπὸ
2695 5312 2797 5382 τῆς
2820 5314 3038 5386 ἡμέρας
3081 5316 3181 5385 τῆς
3217 5316 3500 5370 ἐπανόδου·
3536 5319 3676 5373 ἀλλὰ

2090 5390 2280 5457 πόθεν;
2320 5392 2453 5448 Ἀπὸ
2482 5392 2698 5458 ἐξόδου
2727 5396 2936 5465 λόγου,
2972 5399 3080 5453 τοῦ
3113 5398 3535 5468 ἀποκριθῆναι,
3573 5403 3672 5457 καὶ

2154 5559 2177 5623 εξ
2200 5556 2300 5623 ξρι
2320 5571 2436 5607 mss.
2459 5560 2583 5623 τρία,
2607 5563 2689 5611 καὶ
2712 5564 2856 5623 μόνον
2877 5564 3019 5614 τοῦτο
3042 5567 3233 5621 ἱκανῶς.

2155 5581 2177 5589 ν
2201 5581 2300 5606 δελ
2323 5581 2436 5607 mss.
2459 5581 2583 5623 τρια,
2607 5581 2689 5611 και
2748 5581 2856 5613 ονον
2877 5582 3019 5614 τουτο
3044 5581 3233 5621 ικανως.

2150 5617 2178 5688 ς
2199 5618 2282 5688 ξῇο
2302 5628 2413 5667 octo
2435 5635 2550 5671 mss.
2577 5581 2747 5674 Muret
2777 5639 2895 5674 vero
2912 5625 2996 5674 τοῦ
3021 5626 3145 5676 Θεοῦ
3168 5628 3372 5676 δοθεῖσα.

2149 5683 2179 5711 ο
2198 5680 2281 5731 Sic
2298 5688 2495 5746 septem
2520 5698 2635 5737 mss.
2659 5692 2814 5738 recte.
2843 5687 3013 5740 Montf.
3038 5692 3094 5738 ᾶν
3120 5690 3306 5751 ἔχωσιν.
3343 5691 3463 5740 Eon-
