3866 6226
262 238 368 294 897

266 373 357 444 qui
383 373 481 427 hos
532 383 718 424 omnes
761 381 1118 438 praecessurus
1160 374 1300 422 esset
1347 375 1456 420 tum
1499 365 1688 435 opibus
1733 375 1842 418 tum

260 462 448 530 gloria.
475 459 738 514 Caeterum
763 457 943 514 hircus
960 457 1354 528 significabatet
1370 472 1434 511 ex
1455 455 1653 511 Graecis
1681 454 1844 508 oritu-

262 566 379 602 rum
413 563 610 618 regem,
643 547 731 618 qui
757 547 840 602 bis
867 562 1184 618 congressus
1210 561 1330 601 cum
1360 546 1519 600 Persa
1549 544 1729 614 praelio
1756 559 1846 598 sn-

264 655 494 712 perarc‘,
527 642 798 696 ablaturus
825 641 1132 696 universum
1164 641 1304 696 illius
1352 640 1723 710 principatum.
1754 639 1843 694 Si-

264 734 570 802 gnificatnm
600 743 775 787 autem
806 732 970 788 fuisse
997 749 1091 802 per
1117 733 1343 802 primum
1381 747 1628 802 magnum
1655 746 1841 795 cornu,

267 824 405 892 quod
437 833 553 877 erat
582 823 635 876 in
667 822 837 878 fronte
879 822 1034 887 hirci,
1065 824 1289 892 primum
1317 837 1514 892 regem,
1543 833 1596 875 et
1623 831 1848 889 quatuor

267 915 477 966 illorum
518 923 780 968 exortum.
831 914 926 967 Illo
952 922 1126 967 autem
1172 912 1350 968 exciso
1394 911 1673 982 significari
1698 912 1845 979 juxta

265 1017 491 1072 quatuor
514 1019 708 1058 cornua
736 1004 1060 1072 singulorum
1081 1016 1444 1058 successorum
1466 1012 1704 1055 exortum
1731 1009 1848 1068 post

267 1105 494 1148 mortem
530 1095 684 1162 primi
725 1095 884 1163 regis,
919 1093 1137 1162 foroque
1183 1102 1241 1147 ut
1280 1108 1500 1163 regnum
1533 1092 1672 1146 illius
1709 1092 1848 1146 inter

267 1184 466 1237 inultos
509 1183 849 1248 divideretur,
899 1183 1328 1253 quandoquidem
1371 1183 1570 1252 primus
1617 1182 1705 1236 ille
1751 1196 1850 1236 nec

268 1273 407 1327 ﬁlios
451 1291 548 1329 nec
595 1276 782 1329 fratres
837 1284 979 1330 esset
1026 1276 1319 1338 habiturus,
1366 1290 1561 1345 eosque
1609 1274 1848 1343 pluribus

267 1366 422 1418 annis
471 1377 780 1434 rcgnatnros
825 1367 875 1419 in
921 1366 1050 1419 orbe
1095 1375 1371 1420 terrarum.
1419 1365 1496 1418 Ex
1541 1364 1622 1418 his
1667 1380 1849 1418 rursus

267 1465 576 1508 esurtnrunt
618 1471 795 1524 regem
842 1454 1144 1524 quemdam,
1174 1456 1260 1524 qui
1291 1465 1681 1524 expugnaturus
1709 1463 1851 1509 esset

267 1554 325 1597 et
344 1544 486 1613 leges
513 1545 651 1597 illius
676 1545 866 1614 gentis,
891 1555 943 1599 et
969 1545 1276 1612 religionem
1295 1561 1356 1599 ac
1382 1546 1511 1599 ritus
1527 1545 1846 1609 sublaturus,

268 1643 381 1686 tum
433 1635 709 1704 sacrilegio
755 1636 1074 1704 Spoliaturus
1118 1637 1401 1704 templum,
1454 1651 1517 1689 ac
1565 1636 1848 1690 triennium

268 1725 526 1776 vetiturns
554 1725 663 1778 fieri
692 1721 862 1780 sacra.
896 1726 1020 1779 lltec
1047 1741 1174 1780 sane
1201 1736 1390 1780 vestra:
1416 1727 1556 1795 genti
1593 1726 1702 1794 jam
1748 1725 1851 1794 pati

267 1814 490 1882 cumigit
529 1815 595 1867 ab
636 1815 895 1870 Antiocho
938 1815 1230 1884 Epiphane,
1272 1815 1409 1870 sicut
1446 1815 1631 1870 Daniel
1675 1814 1852 1869 multis

271 1914 400 1956 ante
423 1905 575 1956 auris
619 1905 891 1974 praedixit,
921 1906 1234 1975 scripsitque
1263 1916 1536 1960 eventura.

351 1994 404 2048 9.
435 1997 544 2064 Age
587 1997 709 2065 quid
740 1997 820 2049 his
849 1998 1010 2066 possit
1037 2011 1154 2052 esse
1180 1997 1516 2051 evidentius?
1545 1996 1690 2051 Nunc
1717 2004 1852 2051 tent-

269 2101 373 2154 pus
398 2097 496 2150 est,
523 2088 619 2141 nisi
645 2088 885 2143 videmur
909 2105 1025 2143 esse
1054 2090 1285 2155 molesti,
1311 2098 1361 2143 ιιι
1386 2089 1450 2144 ad
1474 2089 1524 2143 id
1545 2088 1683 2159 quod
1711 2105 1858 2157 qna:-

271 2179 492 2232 rebatur
537 2190 882 2245 revertamur,
941 2181 1077 2235 hanc
1130 2191 1442 2250 prarsentem
1493 2181 1853 2249 captivitatem

272 2285 338 2322 ac
384 2271 688 2324 servitutem
736 2270 1069 2335 hodiernam,
1111 2271 1263 2340 cujus
1307 2273 1472 2341 gratia
1518 2270 1629 2324 haec
1678 2269 1852 2324 omnia

275 2365 561 2416 itmvintus.
609 2364 848 2433 Agedum
914 2365 1070 2433 igitur
1112 2379 1251 2417 nunc
1292 2364 1620 2432 vigilantibus
1668 2362 1858 2416 animis

274 2455 569 2509 auscultate
602 2472 614 2506 :
651 2471 753 2508 non
801 2455 941 2509 enim
994 2455 1146 2508 nobis
1199 2469 1294 2522 pro
1342 2457 1500 2508 rebus
1559 2453 1857 2522 vulgaribus

275 2558 548 2600 certamen
579 2556 683 2599 est.
711 2546 1010 2599 Absurdnm
1040 2546 1179 2598 enim
1221 2545 1379 2599 fuerit
1407 2545 1538 2599 alios
1564 2546 1613 2598 in
1641 2544 1858 2598 theatris

276 2635 523 2688 sedentes
567 2635 936 2702 Olympiacisa
969 2634 1137 2686 media
1188 2641 1340 2687 nocte
1385 2648 1551 2702 usque
1578 2633 1644 2686 ad
1693 2632 1850 2686 meri-

278 2725 420 2776 diem
453 2725 756 2791 perdurare,
787 2733 1153 2791 exspectantes
1181 2733 1234 2776 ιιι
1274 2723 1506 2788 videant,
1536 2723 1620 2776 cui
1647 2737 1860 2777 cessura

277 2816 347 2867 sit
403 2831 616 2879 eorona,
671 2814 914 2884 nudoque
961 2816 1133 2881 calite
1198 2816 1449 2883 excipere
1495 2814 1692 2868 calidos
1735 2816 1861 2868 solis

279 2907 476 2967 radios,
511 2920 608 2958 nec
640 2906 781 2973 prius
819 2905 1126 2970 abscedere,
1160 2921 1315 2974 quam
1344 2905 1410 2958 de
1439 2905 1726 2958 certamine
1753 2905 1864 2958 fue-

279 2998 346 3049 rit
382 2997 781 3066 pl‘tlllllllcinlllln
814 3014 825 3048 :
857 3011 953 3050 nos
985 3011 1108 3048 vero
1140 3010 1298 3060 utine,
1341 3011 1460 3048 cum
1498 3006 1763 3048 certamen
1795 2997 1864 3048 sit

283 3103 386 3141 non
418 3104 509 3156 ριο
535 3088 622 3140 tali
647 3103 863 3153 corona,
899 3087 992 3140 sed
1037 3104 1131 3156 pro
1157 3101 1351 3141 corona
1382 3087 1684 3150 immortali,
1718 3086 1862 3139 defa-

285 3179 436 3246 tigari
470 3194 529 3232 ac
570 3179 726 3231 ιιι-(110
774 3177 931 3231 afﬁci.
982 3177 1160 3246 Itaque
1200 3176 1340 3245 quod
1387 3185 1492 3229 tres
1534 3176 1863 3244 caitivitates

286 3270 552 3337 praulictm
602 3267 796 3323 fuerint
832 3277 1112 3338 antequam
1143 3267 1458 3332 acciderent,
1489 3282 1590 3321 una
1619 3283 1735 3336 qua:
1765 3283 1863 3320 an-

286 3379 384 3412 nos
416 3361 639 3413 habebat
661 3361 1094 3430 quadringentos,
1121 3361 1283 3413 altera
1309 3361 1656 3428 septuaginta,
1688 3360 1861 3426 tertia,

288 3462 400 3504 tres
431 3468 492 3505 :zc
523 3452 872 3516 ιιὶιιιίιιζίιῑιιιιι,
924 3451 1176 3506 hactenus
1206 3452 1333 3504 satis
1361 3459 1437 3504 est
1471 3452 1618 3504 nobis
1644 3451 1865 3505 demon-

287 3551 532 3594 stzatuut.
580 3543 688 3609 Age
725 3551 968 3610 superest
994 3551 1049 3595 ut
1078 3552 1130 3595 et
1157 3541 1223 3595 dc
1269 3541 1366 3594 hac
1393 3543 1687 3610 loquamur.
1717 3542 1864 3609 Quod

288 3634 430 3685 enim
458 3642 512 3686 et
553 3634 617 3686 de
644 3633 743 3686 hac
768 3633 1081 3686 vaticinatus
1119 3633 1182 3685 sit
1210 3633 1483 3702 propheta,
1517 3648 1696 3686 rursus
1721 3649 1869 3687 enm-

288 3725 407 3776 detn
437 3724 722 3792 Jusephnm
753 3724 1072 3777 adducamus
1105 3735 1311 3788 testem,
1343 3725 1428 3792 qni
1458 3741 1574 3777 cum
1618 3727 1717 3777 illis
1751 3725 1866 3794 (Ju-

294 3812 447 3873 (bris)
491 3815 667 3867 sentit.
703 3813 980 3882 Postquam
1029 3815 1169 3868 enim
1217 3815 1302 3867 illa
1333 3815 1554 3876 dixerat,
1585 3815 1704 3868 audi
1743 3815 1867 3884 quid

292 3915 410 3973 post
451 3905 732 3974 subjiciat:
768 3905 966 3958 Eodem
1014 3915 1211 3970 autem,
1259 3905 1445 3973 inquit,
1479 3907 1637 3958 modo
1688 3905 1867 3959 Daniel

291 4009 346 4052 ct
390 4000 454 4052 de
502 4000 856 4052 Romanorum
903 4000 1195 4068 principatu
1240 3999 1469 4067 scripsit,
1516 3998 1759 4067 quodque
1803 3997 1870 4051 ab

294 4092 398 4143 illis
442 4091 671 4143 tollenda
703 4100 844 4144 esset
881 4090 1231 4160 Jernsolyma,
1264 4104 1324 4142 ac
1349 4089 1692 4143 desolandum
1739 4099 1870 4142 tem-

296 4185 460 4251 plum.
509 4182 585 4235 'fu
621 4197 744 4235 vero
795 4181 921 4234 illud
964 4181 1089 4234 mihi
1137 4180 1433 4246 considera,
1480 4181 1616 4247 quod
1665 4180 1868 4233 tametsi

294 4276 507 4330 Judazus
551 4287 692 4330 esset
737 4276 780 4330 is
825 4276 912 4344 qui
947 4275 1058 4328 lure
1102 4275 1327 4344 scripsit,
1363 4283 1535 4326 tamen
1568 4274 1763 4326 veritus
1791 4281 1871 4326 est

303 4379 532 4420 vestram
578 4369 767 4421 imitari
816 4367 1184 4435 pervicaciam.
1231 4365 1437 4419 Etenim
1467 4379 1584 4418 cum
1618 4364 1868 4428 dixisset,

295 4458 701 4513 snbvertendam
759 4475 876 4513 esse
933 4458 1356 4528 Jerosolymam,
1409 4472 1516 4510 non
1579 4471 1741 4510 ausus
1791 4467 1871 4510 est

295 4551 512 4615 addere,
540 4552 677 4621 quod
706 4562 845 4605 esset
870 4551 1212 4616 restituenda,
1239 4566 1408 4619 neque
1433 4559 1636 4618 tempus
1659 4549 1868 4618 aliquod

296 4651 500 4695 certum
550 4641 928 4710 praescribere;
961 4641 1051 4695 sed
1097 4640 1344 4710 quoniam
1375 4641 1592 4705 sciebat,
1638 4639 1872 4709 pr0phe-

299 4743 403 4784 tam
468 4745 572 4784 non
629 4731 915 4800 prmlinisse
972 4743 1214 4799 tempus,
1266 4745 1581 4798 quamquam
1627 4731 1870 4798 superius

296 4841 550 4879 enarratis
583 4825 827 4880 Antiochi
855 4826 1126 4879 victoriam
1151 4838 1213 4877 ac
1247 4823 1647 4885 desolationem,
1679 4835 1731 4876 et
1759 4823 1870 4876 dies

297 4928 347 4968 et
376 4932 548 4970 annos
577 4926 932 4986 expresserat,
965 4928 1092 4986 quot
1120 4916 1396 4984 captivitas
1420 4924 1561 4968 εδει-ι
1586 4915 1867 4967 duratura:

297 5007 362 5059 de
411 5007 632 5060 victoria
699 5009 1052 5061 Romanorum
1119 5007 1246 5060 nihil
1288 5003 1578 5058 istiu.-modi
1625 5005 1870 5075 loquutus

297 5106 378 5150 est
412 5116 425 5150 :
455 5097 546 5151 sed
573 5099 710 5166 quod
740 5110 879 5153 eSSl‘l
905 5100 956 5152 iu
983 5097 1318 5153 solitudinem
1349 5095 1630 5164 redigenda
1661 5095 1874 5149 Jerosoo

300 5187 458 5255 Iyma,
493 5189 847 5256 templumque
892 5189 1223 5242 diruendum.
1264 5187 1521 5244 C:etcrnm
1548 5185 1686 5253 quod
1729 5192 1871 5238 esset

299 5277 581 5345 aliquando
612 5288 861 5332 venturus
888 5279 1003 5332 linis
1032 5276 1371 5332 deSoIationis
1411 5291 1514 5330 non
1542 5274 1762 5336 addidit,
1806 5288 1871 5328 eo

299 5366 438 5434 quod
470 5367 692 5430 videret,
739 5385 804 5422 ne
853 5370 1160 5438 prophetam
1192 5368 1400 5436 quidem
1444 5366 1545 5420 hoc
1583 5365 1867 5418 addidisse.

303 5455 428 5509 Ihec
472 5467 646 5510 autem
694 5459 892 5523 omnia,
925 5459 1018 5521 ait,
1071 5459 1176 5511 Deo
1221 5457 1319 5524 ipsi
1363 5464 1708 5519 unmstrante,
1745 5470 1871 5507 con-

302 5556 494 5614 scripta
521 5549 753 5616 reliquit,
784 5560 838 5601 ut
865 5551 948 5616 qui
981 5549 1201 5617 legerint
1227 5558 1275 5603 et
1305 5549 1544 5603 evenisse
1577 5561 1863 5616 c:.nspe1e-

303 5636 426 5700 rint,
481 5635 747 5693 Danielem
793 5638 1115 5694 adorirentur
1141 5637 1209 5693 ob
1261 5638 1512 5693 Innorcut
1562 5638 1630 5691 illi
1682 5653 1710 5690 ει
1763 5637 1869 5691 Deo

1493 246 1855 304 ADVERSUS
1913 247 1986 306 JU
1996 248 2190 306 DAEOS
2228 249 2291 306 V.

3435 253 3539 310 898

1952 362 2207 418 habitum.
2229 363 2329 419 Ubi
2357 363 2516 435 igitur
2537 363 2730 421 dixerit
2775 365 2977 434 Daniel,
3019 366 3132 424 fore
3165 377 3223 423 ut
3269 370 3524 438 templum

1950 453 2280 524 redigeretur
2307 455 2359 509 in
2401 456 2761 524 solitudinem,
2811 474 2909 516 nos
2936 459 3188 530 deinceps
3215 462 3525 518 considere.

1951 557 2090 596 mus.
2125 543 2252 598 Nam
2283 545 2370 599 ubi
2400 547 2753 615 precationem
2792 548 2931 602 illam
2975 549 3028 604 in
3073 564 3230 604 sacco
3258 559 3313 605 et
3345 553 3540 608 cinere

1951 633 2266 702 perfecerat,
2315 635 2458 689 venit
2499 635 2566 690 ad
2615 651 2734 690 eum
2784 638 3015 706 Gabriel,
3060 648 3115 694 et
3151 641 3227 694 ait
3259 658 3272 698 :
3303 641 3527 712 Septua-

1951 723 2088 793 ginta
2108 724 2440 778 hebdomadas
2462 726 2905 783 abbreviattrsunt
2919 742 3074 792 super
3090 731 3337 800 populum
3361 741 3524 798 tuum,

1952 823 2000 867 et
2043 830 2195 884 super
2222 815 2467 869 civitatem
2499 828 2727 870 sanctam
2771 817 2930 888 (Dan.
2962 819 3016 874 9.
3060 818 3175 889 24).
3217 822 3372 886 Ecce,
3402 822 3486 877 hic
3509 863 3527 888 ,

1952 906 2121 976 inquit
2163 908 2386 977 aliquis,
2418 917 2470 962 et
2505 918 2714 978 tempus
2755 925 3064 980 expressum
3113 921 3216 969 est.
3261 913 3526 983 Tempus,

1951 1014 2056 1053 non
2086 1000 2423 1068 captivitatis,
2455 1001 2549 1056 sed
2594 1010 2711 1071 post
2739 1013 2987 1072 quantum
3019 1005 3272 1074 temporis
3296 1006 3528 1060 reditura

1952 1098 2095 1142 esset
2137 1091 2430 1158 captivitas.
2478 1091 2634 1145 Aliud
2675 1108 2800 1146 vero
2844 1101 3050 1164 tempus
3079 1094 3360 1150 dicendum
3403 1104 3526 1159 est,

1953 1180 2203 1248 quamdiu
2252 1191 2393 1236 esset
2431 1181 2680 1237 duratura
2725 1185 3020 1254 captivitas,
3067 1203 3276 1240 rursum
3323 1196 3532 1256 tempus

1954 1279 2078 1338 post
2115 1271 2254 1340 qttod
2300 1282 2443 1327 esset
2471 1282 2710 1328 ventura.
2741 1276 3093 1344 Septuaginta,
3122 1274 3310 1346 inquit,
3341 1277 3530 1330 hebdo-

1955 1361 2127 1414 madas
2155 1364 2454 1416 abbreviata:
2473 1374 2588 1418 sunt
2615 1382 2765 1434 super
2808 1367 3051 1436 populum
3077 1377 3214 1420 tuum
3246 1385 3264 1421 :
3295 1383 3397 1422 non
3422 1367 3530 1436 jam

1954 1463 2114 1518 Super
2137 1452 2386 1521 populum
2407 1469 2602 1508 meum.
2627 1456 2780 1524 Atqui
2802 1457 3054 1526 propheta
3072 1457 3295 1520 dixerat,
3319 1457 3533 1511 Ostende

1955 1541 2133 1609 faciem
2155 1554 2289 1596 tuam
2307 1561 2460 1614 super
2483 1547 2722 1615 papulum
2748 1557 2907 1612 tuum,
2934 1547 3026 1601 sed
3051 1548 3192 1601 Deus
3219 1549 3362 1601 illum
3391 1558 3534 1617 post-

1957 1631 2056 1686 hac
2081 1648 2176 1702 pro
2195 1633 2368 1688 alieno
2393 1634 2538 1688 ducit
2569 1645 2785 1704 prepter
2817 1636 3044 1690 futuram
3075 1637 3368 1690 audaciam.
3408 1638 3529 1693 Mox

1955 1733 2011 1777 et
2053 1739 2264 1778 causam
2305 1728 2592 1794 exprimit:
2622 1727 2794 1781 Donec
2849 1730 3133 1796 antiquetur
3175 1730 3443 1794 delictum,
3488 1739 3535 1782 et

1957 1827 2326 1871 consummatur
2348 1829 2623 1886 peccatum.
2649 1819 2782 1886 Quid
2809 1829 2890 1873 est
2917 1819 3033 1884 hoc,
3053 1819 3208 1873 donec
3227 1837 3536 1874 consumme-

1958 1915 2038 1958 tur
2081 1909 2374 1976 peccatum?
2414 1908 2593 1973 Multa,
2637 1911 2825 1978 inquit,
2872 1919 3110 1978 peccant,
3154 1910 3246 1963 sed
3277 1909 3534 1965 malorum

1958 1997 2220 2069 fastigium
2252 2009 2374 2054 tunc
2419 2003 2550 2068 erit,
2577 2017 2696 2056 cum
2729 2003 3003 2056 Dominum
3033 2018 3185 2057 suum
3227 2005 3536 2058 occiderint.

1959 2092 2023 2145 Et
2055 2093 2152 2145 ltuc
2181 2092 2312 2146 dixit
2352 2092 2591 2147 Christus
2621 2113 2634 2147 :
2661 2092 2879 2162 Implete
2918 2112 3196 2148 mensuram
3224 2106 3422 2166 patrum
3453 2113 3536 2150 ve-

1962 2193 2180 2235 strorum
2215 2182 2422 2253 (Matth.
2467 2185 2558 2238 9.5.
2591 2183 2705 2251 '59.).
2737 2184 2930 2238 Servos
2956 2186 3243 2250 occidistis,
3285 2186 3460 2240 addite
3486 2196 3539 2242 et

1963 2273 2172 2327 Domini
2220 2275 2550 2343 sanguinem.
2599 2275 2728 2329 Vide
2771 2276 3035 2343 quomodo
3064 2277 3385 2331 concordant
3412 2293 3539 2332 scn-

1963 2365 2159 2418 tentire.
2203 2363 2445 2419 Christus
2489 2365 2653 2430 dixit,
2699 2366 2899 2433 implae
2926 2381 2944 2419 :
2970 2367 3223 2435 propheta
3263 2368 3371 2429 ait,
3419 2385 3541 2421 con-

1959 2466 2237 2508 summatur
2275 2469 2530 2525 pact-alunt
2561 2467 2612 2510 et
2655 2459 2915 2527 signentur
2956 2467 3176 2527 peccata.
3225 2458 3358 2523 Quid
3399 2459 3539 2513 enim

1959 2555 2061 2608 est,
2091 2548 2348 2614 signentur
2367 2550 2392 2602 ἱ)
2417 2547 2492 2602 Nc
2519 2549 2642 2617 quid
2674 2558 2924 2617 prmterea
2949 2550 3202 2619 reliquum
3228 2550 3334 2602 fiat.
3364 2549 3430 2601 Et
3451 2551 3542 2602 ad-

1963 2637 2112 2690 ducat
2137 2638 2390 2707 justitiam
2434 2639 2804 2707 sempiternam.
2837 2639 2970 2706 Quid
3013 2650 3189 2694 autem
3221 2649 3302 2694 est
3330 2649 3528 2694 acterna

1958 2729 2181 2798 justitia,
2225 2731 2325 2784 nisi
2369 2747 2488 2800 qua:
2517 2747 2549 2784 a
2576 2730 2790 2785 Christo
2820 2732 2938 2784 data
2981 2733 3099 2785 est?
3127 2732 3191 2785 Et
3224 2731 3378 2784 donec
3407 2733 3542 2786 obsi-

1965 2831 2144 2892 gnetur
2167 2823 2289 2876 visio
2313 2833 2358 2876 et
2377 2824 2619 2893 propheta
2642 2835 2685 2877 et
2707 2825 2976 2894 inungatur
2997 2834 3197 2878 sanctus
3216 2834 3501 2879 sanctorum
3525 2839 3542 2878 :

1967 2911 2068 2965 hoc
2093 2919 2192 2976 est,
2218 2913 2403 2966 sistere
2424 2922 2635 2980 oportet
2661 2914 2878 2981 posthac
2908 2913 3208 2982 proplietias
3238 2955 3249 2966 .
3283 2914 3383 2968 hoc
3403 2915 3543 2968 enim

1965 3013 2048 3056 eSt
2076 3001 2373 3069 obsignare,
2412 3005 2601 3056 sistere
2655 3005 2979 3068 unctionem,
3029 3005 3217 3058 sistere
3261 3006 3541 3058 visionem.

1966 3091 2088 3146 Ideo
2132 3093 2372 3147 Christus
2398 3093 2528 3146 dixit
2558 3111 2572 3146 :
2605 3092 2712 3146 Lex
2735 3103 2779 3145 et
2806 3095 3060 3162 praphetaz
3085 3111 3238 3162 usque
3275 3095 3343 3146 ad
3379 3093 3542 3147 Joan-

1965 3199 2078 3236 nem
2127 3181 2236 3250 (Id.
2290 3184 2375 3237 11.
2410 3183 2517 3253 15).
2566 3182 2727 3237 Vides
2767 3191 2825 3237 ut
2876 3183 2990 3237 hate
3038 3184 3396 3238 omnitnodatn
3443 3185 3544 3238 tni-

1967 3284 2160 3328 nentur
2202 3274 2604 3337 desolationem,
2631 3290 2694 3328 ac
2736 3275 2999 3328 scelerum
3040 3275 3545 3340 tnalefactorumque

1967 3366 2272 3420 vindictam.
2317 3367 2432 3420 Non
2473 3367 2612 3421 enim
2659 3366 2982 3419 indulturum
3030 3381 3122 3433 se,
3171 3365 3264 3420 sed
3316 3367 3545 3419 ulturnm

1969 3468 2182 3526 peccata
2213 3458 2443 3522 illorum,
2473 3458 2703 3511 minatur
2735 3457 2892 3510 Dens.

2043 3549 2129 3601 10.
2164 3548 2386 3614 Quando
2418 3548 2626 3601 tandem
2672 3547 2773 3601 hoc
2804 3547 2992 3600 factum
3020 3545 3144 3600 est?
3173 3545 3394 3613 Quando
3421 3561 3548 3614 pro-

1973 3637 2161 3706 phetiae
2187 3653 2404 3705 prorsus
2433 3639 2691 3692 sublata}?
2731 3638 2951 3704 Quando
2985 3639 3163 3692 unctio
3205 3641 3281 3691 sic
3308 3649 3391 3692 est
3419 3641 3547 3693 sul»

1973 3730 2098 3796 lata,
2129 3740 2182 3783 ut
2210 3746 2491 3800 numquam
2527 3732 2596 3785 sit
2624 3731 2898 3785 reditura?
2944 3731 3007 3784 Et
3035 3729 3079 3783 si
3122 3746 3217 3784 nos
3261 3733 3509 3784 sileamus
3532 3772 3547 3792 ,

1972 3822 2070 3890 ipsi
2127 3821 2324 3888 lapides
2388 3821 2689 3874 clamabunt
2731 3840 2744 3874 :
2788 3822 2920 3873 adeo
2973 3820 3248 3874 manifesta
3307 3830 3387 3874 est
3440 3821 3552 3888 ipsa

1972 3929 2148 3967 rerum
2176 3929 2275 3965 vox
2300 3931 2313 3974 ;
2347 3927 2444 3965 nec
2475 3913 2614 3966 enim
2646 3921 2859 3979 possunt
2887 3910 3026 3963 aliud
3054 3920 3259 3979 tempus
3289 3910 3549 3979 proferre,

1972 4018 2077 4070 quo
2102 4002 2212 4057 ha-c
2240 4014 2386 4071 gesta
2416 4010 2557 4066 sunt,
2605 4017 2760 4070 quam
2801 4000 2902 4054 hoc
2931 4000 3140 4068 longum
3170 4015 3233 4054 ac
3263 4015 3506 4068 magnum
3531 4041 3548 4065 ,

1974 4093 2066 4147 sed
2115 4093 2284 4161 majus
2326 4094 2484 4146 etiam
2535 4092 2788 4145 futurum.
2837 4089 3078 4144 Posthrec
3118 4091 3353 4143 exat-tius
3392 4091 3549 4143 etiam

1973 4184 2040 4238 de
2068 4183 2148 4236 his
2178 4185 2417 4253 loquens,
2450 4183 2522 4236 ait
2554 4200 2567 4236 :
2599 4182 2663 4236 Et
2693 4199 2954 4252 cognosces
2984 4192 3028 4236 et
3059 4181 3302 4251 intelliges
3326 4181 3386 4234 ab
3417 4183 3550 4235 exitu

1972 4276 2233 4336 sermonis,
2276 4285 2328 4326 ut
2352 4273 2724 4342 respondeatur,
2754 4283 2903 4342 utque
2928 4273 3201 4340 mdiﬁcctur
3225 4272 3505 4325 Jerusalem
3533 4311 3548 4336 ,

1976 4382 2132 4434 usque
2151 4365 2218 4418 ad
2265 4364 2518 4418 Christum
2541 4365 2737 4428 ducem,
2760 4363 3090 4416 hebdomadas
3118 4372 3326 4432 septem,
3351 4371 3398 4414 et
3436 4361 3551 4414 heb-

1975 4459 2212 4513 domades
2240 4459 2498 4527 sexaginta
2528 4457 2643 4510 dum
2665 4456 2823 4524 (Dan.
2861 4456 2914 4510 9.
2937 4456 3052 4524 ‘25).

2046 4549 2332 4620 Explicatio
2361 4548 2725 4600 hebdomadam
2753 4545 2996 4598 Danielis.
3025 4574 3096 4584 —
3133 4544 3228 4598 llic
3254 4542 3380 4597 mihi
3426 4543 3551 4596 dili-

1974 4651 2162 4710 genter
2203 4641 2512 4701 auscultate,
2547 4653 2666 4690 nam
2695 4644 2778 4690 est
2807 4636 2964 4690 totius
2992 4635 3302 4704 qumstiouis
3345 4633 3506 4687 cardo
3537 4650 3550 4685 :

1976 4733 2331 4786 hebdnmades
2377 4741 2578 4799 septem
2627 4737 2682 4783 et
2724 4727 3078 4781 hebdomades
3119 4727 3386 4795 sexaginta
3433 4724 3552 4778 dure

1976 4821 2262 4876 conficiunt
2308 4835 2476 4872 annos
2524 4817 2936 4886 quadringentos
2969 4816 3233 4883 octoginta
3276 4823 3403 4867 tres.
3445 4812 3552 4866 Nec

1976 4915 2115 4968 enim
2147 4912 2231 4966 hic
2257 4911 2380 4966 dicit
2414 4911 2770 4965 hebdomadas
2794 4909 2998 4963 dierum
3028 4917 3120 4962 aut
3149 4908 3429 4966 mensium,
3458 4905 3551 4961 sed

1976 5007 2281 5060 annornm‘.
2335 5004 2464 5058 Nam
2494 5002 2685 5074 aCyro
2732 5017 2900 5072 usque
2945 5000 3012 5055 ad
3063 5000 3378 5054 Antiochum
3422 4998 3539 5066 Epi-

1975 5096 2201 5166 phanem
2233 5103 2286 5149 et
2313 5095 2667 5164 captivitatem
2708 5093 2848 5146 illam
2878 5101 2998 5146 sunt
3041 5091 3164 5145 anni
3211 5089 3428 5144 trecenti
3458 5101 3548 5142 no-

1977 5184 2186 5254 naginta
2240 5194 2484 5254 quatuor.
2538 5184 2714 5252 Itaque
2757 5182 3033 5236 declarans
3085 5196 3144 5234 se
3191 5195 3295 5232 non
3345 5178 3411 5231 de
3464 5179 3548 5231 illa

1976 5280 2157 5348 templi
2201 5279 2525 5333 desolatione
2553 5276 2719 5346 loqui,
2746 5275 2840 5331 sed
2870 5291 2954 5336 ea,
2983 5290 3102 5344 qua:
3140 5273 3236 5326 fuit
3261 5281 3380 5340 post
3408 5270 3548 5324 illaut

1977 5371 2075 5425 sub
2104 5370 2374 5440 Pompeio,
2423 5368 2747 5438 Vespasiano
2797 5375 2849 5420 et
2892 5365 3032 5430 Tito,
3082 5362 3303 5417 ulterius
3351 5359 3549 5430 profert

2040 5522 2058 5554 ί
2092 5527 2200 5569 Haec
2227 5533 2458 5569 annorum
2480 5519 2751 5583 supputatio
2770 5531 2798 5567 a
2818 5528 2933 5581 (δι-ο
2955 5515 3014 5565 ad
3037 5515 3311 5583 Antiochum
3349 5514 3442 5575 Epi;
3459 5513 3547 5583 ha:

1977 5595 2094 5644 nem
2132 5583 2316 5644 magnis
2346 5591 2422 5632 est
2455 5575 2808 5644 diﬂicultatibus
2842 5575 3081 5632 (amoma,
3128 5585 3181 5644 nt
3221 5577 3386 5625 videas
3420 5589 3463 5644 al
3483 5575 3546 5625 nd

1984 5640 2305 5706 Chrbtiolo'gos
2325 5655 2642 5704 recentiores,
2666 5643 2973 5704 Scaligerum,
2999 5641 3257 5700 Petavinm,
3285 5640 3540 5688 l‘sseriuut.
