3866 6226
311 222 417 279 ΩΩΞ)
1036 217 1094 276 S.
1135 216 1411 274 JOANNIS
1450 210 1920 273 CIIRYSOSTOMI

2035 214 2281 271 ωιιιΕΡ.
2319 211 2861 271 CONSTANTINOP.

314 354 547 412 tempus,
580 350 812 409 moxque
855 336 1055 395 docens
1098 350 1217 404 nos,
1250 334 1390 390 unde
1432 343 1674 404 oporteat
1706 349 1904 404 suppu-

314 445 450 501 tare,
480 434 809 489 demonstrat
827 447 930 486 non
957 445 1075 486 esse
1097 428 1482 484 numerandum
1508 444 1539 482 a
1562 427 1650 483 die
1678 428 1901 495 reditus,

311 524 417 580 Sed
446 522 587 579 unde
639 523 895 578 tandem?
925 523 999 576 Ab
1026 521 1163 575 exitu
1191 520 1462 585 sermonis,
1492 528 1550 573 ut
1594 519 1905 592 respondea-

312 627 412 680 tur,
441 627 487 670 et
506 616 786 684 a'diﬁcetur
815 614 1120 669 Jerusalem.
1154 616 1223 668 At
1251 628 1358 667 non
1384 611 1477 666 fuit
1508 621 1781 667 exstructa
1806 611 1907 667 sub

310 706 474 778 Cyro,
522 705 616 761 sed
659 705 761 760 sub
805 705 1103 759 Artaxerxe
1147 710 1501 773 cognomento
1557 701 1904 772 Longimano.

317 799 447 854 Post
475 800 789 854 descensum
812 797 953 852 enim
983 797 1128 852 venit
1148 794 1458 867 Cambyses,
1506 793 1698 849 deinde
1723 792 1857 864 Magi
1886 833 1903 859 ,

317 899 440 959 post
456 889 553 943 hos
584 889 769 941 Darius
792 887 1068 958 llystaspm
1086 885 1505 954 ﬁlius,deinceps
1520 883 1745 939 Xerxes.
1768 882 1909 937 Darii

316 983 599 1052 ﬁlius,post
618 979 758 1035 hunc
780 979 1227 1048 Artabanus,post
1245 976 1571 1032 Artabanum
1588 979 1909 1030 Artaxerxes

316 1073 680 1143 Longimanus
720 1072 1001 1141 imperavit
1037 1069 1264 1124 Persidi.
1298 1068 1369 1124 Et
1404 1068 1530 1121 dum
1572 1067 1660 1121 hic
1685 1080 1909 1136 regnum

314 1164 593 1227 obtineret,
615 1178 754 1217 anim
780 1163 1039 1232 vigesimo
1066 1163 1213 1230 regni
1239 1159 1378 1214 illius
1398 1159 1643 1214 Neemias
1664 1170 1911 1213 reversus

321 1258 591 1313 civitatem
622 1256 953 1311 instauravit.
989 1255 1056 1308 Et
1085 1253 1200 1308 lucc
1244 1253 1439 1307 Esdras
1463 1251 1619 1305 nobis
1665 1259 1912 1303 accurate

318 1348 622 1418 descripsit.
666 1347 777 1403 Nos
819 1347 979 1417 igitur
1019 1346 1142 1400 hinc
1180 1344 1595 1415 quadringentos
1640 1341 1908 1410 octoginta

326 1452 435 1498 tres
463 1456 631 1495 annos
673 1442 717 1494 si
764 1440 1247 1501 numeraverimus,
1280 1435 1420 1490 haud
1452 1434 1609 1489 dubie
1638 1434 1913 1488 veniemus

317 1534 384 1588 ad
415 1534 551 1588 hanc
576 1530 1005 1587 subversionem.
1037 1528 1159 1582 Ideo
1184 1528 1312 1583 dicit
1340 1544 1356 1581 :
1388 1524 1756 1593 [ﬁdi/imbitur
1794 1523 1910 1592 pla—

319 1633 398 1677 tea
440 1630 485 1676 et
514 1637 776 1675 murorum
814 1620 1031 1673 ambitus
1057 1618 1132 1685 (2.
1166 1618 1316 1672 Esdr.
1338 1616 1372 1671 ’5
1397 1617 1442 1686 ).
1472 1615 1602 1671 Cum
1646 1614 1826 1684 igitur,
1857 1622 1915 1666 ttt

318 1715 413 1779 ait,
458 1714 698 1769 restituta
745 1711 938 1778 fuerit,
988 1726 1248 1782 suumqtte
1287 1718 1487 1764 statum
1533 1709 1814 1776 receperit,
1848 1721 1911 1760 ex

322 1808 428 1861 hoc
477 1814 702 1876 supputa
766 1804 1129 1860 hebdomades
1186 1802 1551 1872 septuaginta,
1606 1799 1917 1867 videbisqne

322 1899 460 1953 hanc
488 1897 846 1968 captivitatem
879 1894 1112 1950 nondmn
1159 1893 1401 1948 sortitam
1450 1891 1606 1945 ﬁnem
1638 1905 1776 1945 esse.
1818 1891 1916 1942 At-

323 2006 429 2059 que
460 1991 558 2045 hoc
589 1990 762 2058 ipsum
789 1988 1088 2043 evidentius
1129 1987 1291 2042 etiam
1318 1984 1586 2054 aperiens,
1615 1982 1755 2052 quod
1781 1980 1919 2035 mala

324 2081 518 2150 quibus
550 2095 690 2133 nunc
740 2087 1021 2145 tenentur,
1053 2091 1159 2132 non
1195 2079 1304 2131 sint
1345 2074 1588 2129 habitura
1638 2072 1820 2137 ﬁnem,
1849 2070 1917 2125 ad

329 2173 470 2225 hunc
519 2170 735 2224 modum
778 2168 1057 2238 loquitur:
1090 2165 1217 2221 Post
1260 2164 1594 2219 Itebdomades
1637 2173 1803 2215 autem
1841 2177 1920 2216 se-

327 2261 594 2331 ptuaginta
612 2257 892 2313 abolebitur
927 2258 1116 2322 unctio,
1161 2265 1207 2310 et
1228 2255 1477 2328 judicium
1516 2270 1616 2307 non
1643 2253 1734 2307 erit
1758 2252 1813 2305 in
1837 2268 1916 2317 ea,

324 2363 374 2407 et
398 2352 648 2406 civitatem
695 2358 740 2404 et
767 2357 996 2404 sanctum
1038 2346 1243 2420 perdet,
1273 2360 1389 2399 cum
1428 2343 1572 2399 Duce
1613 2352 1840 2408 uenturo,
1872 2351 1919 2397 et

343 2445 688 2499 concidmtur
721 2453 973 2511 tanquam
1017 2442 1072 2494 in
1105 2440 1326 2507 diluvio,
1359 2455 1535 2509 neque
1583 2448 1914 2508 supererunt

342 2537 605 2606 reliquire,
646 2548 822 2602 neque
856 2534 1033 2595 radix,
1068 2549 1190 2603 quae
1218 2533 1527 2601 repullulet,
1565 2542 1613 2586 et
1646 2548 1810 2602 usque
1843 2532 1912 2585 ad

342 2631 499 2699 ﬁnem
515 2627 636 2681 belli
659 2625 951 2679 abbreviati
972 2623 1434 2678 interueciouibus.
1457 2624 1663 2679 Itursus
1685 2624 1914 2692 loquens

338 2721 405 2775 de
426 2720 527 2773 hac
544 2716 1047 2787 eaptivitate,dicit:
1068 2714 1304 2769 Tolletur
1318 2715 1583 2767 incensum
1596 2723 1644 2766 et
1661 2712 1910 2777 libamen,

340 2827 403 2864 ac
418 2818 675 2878 prwterea
692 2823 847 2876 super
871 2804 1115 2872 templum
1138 2802 1461 2857 abominatio
1477 2801 1842 2867 desolationis,
1864 2811 1912 2855 et

339 2916 506 2972 usque
524 2899 593 2953 ad
616 2897 1120 2952 consummationem
1143 2895 1392 2964 temporis
1414 2894 1798 2947 consummatio
1818 2895 1913 2947 da-

342 2991 483 3045 bitur
500 2990 568 3044 ad
584 2989 981 3044 desolationem.
998 2986 1133 3042 Cum
1152 2987 1344 3043 audias
1356 2985 1910 3050 consummationem,

356 3082 487 3153 quid
512 3082 690 3136 adhuc
722 3087 992 3151 superest,
1019 3078 1163 3149 quod
1197 3077 1518 3149 exspectes?
1542 3079 1618 3131 Ac
1636 3088 1912 3147 pra-terea.

342 3171 483 3238 Quid
500 3185 678 3227 autem
691 3178 795 3236 est,
812 3169 887 3222 Ac
906 3167 1192 3237 prwterea.’
1206 3165 1317 3221 Hoc
1331 3174 1436 3230 est,
1454 3175 1651 3237 praeter
1671 3165 1785 3220 haec
1796 3179 1917 3235 quae

342 3262 490 3317 dicta
518 3269 668 3324 sunt,
695 3266 820 3330 post
849 3258 1249 3314 sacriﬁciorum
1274 3265 1329 3311 et
1357 3255 1633 3310 libaminis
1660 3254 1919 3310 sublatio-

352 3368 501 3416 nem,
525 3351 672 3406 aliud
708 3343 887 3419 majus
911 3347 1136 3403 accedet
1158 3348 1384 3401 malum.
1404 3346 1688 3413 Quodnam
1707 3348 1809 3401 hoc
1831 3346 1915 3400 di-

345 3446 426 3500 cis
443 3445 467 3496 ?
487 3442 655 3511 Super
675 3440 922 3508 templum
952 3437 1278 3493 abominatio
1291 3436 1654 3492 desolationis.
1711 3435 1911 3489 llieron

346 3537 492 3590 enim
509 3541 781 3586 vocattem
793 3530 1424 3598 plum,abominationem
1441 3536 1618 3582 autem
1632 3526 1918 3584 desolatio-

342 3625 429 3679 nis
453 3631 606 3677 vocat
641 3632 891 3688 statuam,
938 3638 1096 3692 quam
1127 3621 1407 3678 collocavit
1432 3622 1486 3679 in
1531 3623 1728 3693 templo
1765 3624 1811 3679 is
1838 3625 1928 3694 qui

342 3716 616 3771 exciderat
632 3724 687 3769 et
703 3724 967 3770 everterat
983 3715 1270 3770 civitatem.
1284 3713 1354 3768 Et
1370 3732 1527 3787 usque
1541 3715 1608 3768 ad
1624 3731 1931 3770 consumma-

343 3807 549 3870 tionem,
583 3807 773 3875 inquit,
803 3804 1065 3861 desolatio.
1096 3805 1450 3872 Quamobrem
1496 3806 1624 3859 dicit
1649 3806 1926 3873 Christus,

338 3896 434 3965 qui
477 3897 768 3951 secundum
806 3910 1019 3950 carnem
1072 3896 1168 3951 fuit
1214 3897 1477 3966 pOsterior
1521 3897 1780 3951 Antiocho
1812 3896 1931 3966 [Cpi-

343 3988 540 4056 phane,
572 3988 870 4042 vaticinans
898 3987 1260 4041 imminentem
1288 3989 1434 4041 urbis
1461 3989 1839 4057 captivitatem,
1867 4003 1932 4043 ac

345 4080 624 4134 declarans
660 4081 801 4149 quod
832 4079 899 4134 de
943 4079 1042 4135 hac
1082 4081 1388 4149 prtedixerit
1416 4081 1596 4136 Daniel
1630 4101 1642 4135 :
1672 4080 1817 4148 Cum,
1849 4083 1933 4136 in-

344 4173 484 4240 quit,
532 4172 753 4225 videritis
796 4171 1218 4225 abominationem
1260 4171 1603 4240 desolationis,
1632 4173 1696 4226 de
1730 4190 1829 4242 qua
1859 4175 1936 4226 lo-

348 4273 533 4332 quutus
558 4273 629 4317 est
656 4263 843 4316 Daniel
867 4265 1133 4331 propheta,
1158 4272 1371 4316 stantem
1394 4264 1449 4317 in
1473 4264 1583 4317 loco
1609 4275 1784 4317 sancto
1804 4280 1824 4318 :
1847 4266 1935 4334 qui

342 4355 465 4425 legit
492 4354 736 4424 intelligat
774 4352 985 4427 (Matth.
1032 4353 1120 4408 2-4.
1154 4351 1265 4426 15).
1297 4354 1557 4421 Quoniam
1604 4355 1744 4408 enim
1774 4371 1934 4409 omne

290 4494 297 4501 .
344 4445 686 4499 simulacrum
715 4444 1021 4499 ethominis
1046 4443 1251 4515 efﬁgies
1273 4444 1412 4514 apud
1440 4444 1656 4500 Judmos
1695 4446 1933 4515 appella-

344 4534 507 4591 batur
547 4535 905 4601 ahominatio,
947 4537 1280 4606 amigmatiee
1337 4537 1645 4607 signiﬁcans
1693 4545 1925 4593 statuam

346 4627 519 4693 illaut,
562 4626 720 4681 simul
759 4626 970 4696 aperuit
1011 4637 1067 4682 et
1108 4640 1216 4697 quo
1243 4635 1503 4699 tempore,
1545 4637 1653 4683 eta
1677 4643 1784 4699 quo
1811 4643 1937 4699 rege

346 4719 629 4787 captivitas
653 4727 796 4772 esset
817 4727 1058 4772 ventura.
1080 4718 1232 4787 Quod
1256 4728 1435 4774 autem
1461 4719 1528 4774 de
1550 4719 1802 4775 Romanis
1822 4719 1938 4775 lucc

351 4809 493 4864 dicta
543 4809 671 4876 sint,
715 4817 770 4863 et
817 4808 931 4879 ipse
977 4809 1274 4878 Josepbus,
1321 4811 1771 4882 quemadmodum
1811 4820 1938 4867 ante

350 4901 653 4964 docuimus,
685 4901 1027 4955 asseveravit.
1055 4901 1192 4969 Quid
1215 4903 1373 4973 igitur
1396 4903 1548 4959 vobis
1570 4905 1829 4976 reliquum
1857 4916 1941 4962 est

347 4992 495 5062 quiod
527 4991 837 5061 l0quamini,
869 5007 988 5047 cum
1020 4994 1253 5064 reliquas
1282 4996 1616 5066 captivitates
1641 4997 1938 5066 praedicen-

355 5094 435 5137 tes
465 5082 756 5154 prophetm,
798 5091 1001 5138 certum
1048 5093 1102 5139 et
1142 5085 1462 5156 prmﬁuitum
1511 5096 1721 5156 tempus
1762 5088 1940 5158 expri-

352 5186 551 5230 ruant:
582 5175 703 5230 huic
749 5175 952 5230 nullum
998 5187 1208 5246 tempus
1254 5178 1571 5248 praeﬁniant,
1597 5180 1724 5249 quin
1764 5181 1939 5250 potius

354 5269 684 5322 contrarium
728 5266 945 5336 addant,
987 5270 1236 5325 videlicet
1271 5270 1631 5339 captivitatem
1676 5286 1844 5342 usque
1869 5272 1939 5327 ad

355 5360 869 5416 consummationem
916 5361 1265 5417 duraturam?
1291 5362 1457 5416 Porro
1500 5361 1640 5432 quod
1684 5362 1941 5420 hactenus

355 5452 495 5507 dicta
526 5466 661 5505 vana
692 5467 796 5505 non
835 5452 962 5519 sint,
991 5466 1092 5522 age
1113 5469 1143 5507 a
1166 5453 1323 5508 rebus
1345 5453 1505 5508 etiam
1533 5453 1661 5524 ipsis
1685 5454 1943 5509 exhibea-

357 5561 474 5598 mus
499 5544 881 5598 testimonium.
912 5544 1044 5599 Nam
1075 5547 1119 5599 si
1145 5544 1315 5601 Judmi
1336 5561 1621 5616 numquam
1649 5556 1942 5603 tentassent

360 5638 627 5693 aediﬁcare
656 5636 934 5707 templum,
973 5634 1151 5692 dicere
1195 5644 1441 5708 poteram
1514 5640 1558 5692 si
1590 5639 1938 5695 wluisscmus

2011 626 2151 675 esse,
2182 626 2288 666 non
2312 612 2470 666 aliter
2495 627 2652 681 quam
2681 613 2742 666 tit
2771 613 2824 666 in
2849 610 3230 668 certaminibus
3252 608 3602 681 Olympiacis

2011 712 2067 756 ut
2094 702 2222 757 nulli
2252 701 2470 757 dubium
2511 717 2634 758 esse
2661 703 2851 773 possit,
2878 702 3005 773 quin
3032 701 3282 757 Ecclesiae
3308 701 3378 755 sit
3407 712 3623 753 corona

2020 790 2286 847 victoriae.

2094 884 2179 937 ll.
2211 882 2513 937 Judteorum
2535 881 2745 936 rebellio
2769 881 2861 936 sub
2882 878 3313 936 Adriano.—Ubi
3335 877 3501 948 igitur
3514 890 3626 945 ag-

2018 972 2191 1045 gressi
2217 983 2346 1027 sunt
2372 972 2469 1035 illi,
2490 972 2585 1042 qui
2613 985 2829 1047 semper
2846 972 3111 1027 resistunt
3134 969 3363 1041 Spiritui
3390 977 3619 1031 sancto,

2019 1067 2110 1136 qui
2125 1080 2210 1120 res
2224 1081 2392 1121 novas
2409 1064 2724 1131 moliuntur,
2738 1065 2829 1136 qui
2847 1064 3140 1121 seditiones
3150 1061 3465 1119 concitant?
3479 1060 3621 1115 Post

2018 1156 2447 1212 devastationetn
2468 1173 2588 1227 qua:
2613 1156 2753 1212 facta
2782 1156 2883 1212 fuit
2902 1156 3002 1212 sub
3019 1156 3353 1226 Vespasiano
3377 1169 3445 1208 ae
3459 1152 3617 1216 Tito,

2018 1249 2122 1303 sub
2135 1249 2369 1305 Adriano
2381 1259 2524 1305 mota
2538 1252 2650 1305 sedi
2660 1249 3009 1315 tione,eonati
3025 1258 3155 1304 sunt
3166 1248 3453 1319 pristinam
3470 1262 3621 1300 rem—

2017 1343 2282 1412 publicam
2331 1344 2630 1398 instaurare
2661 1360 2673 1397 :
2705 1341 2843 1397 haud
2874 1356 3138 1412 quaquam
3170 1339 3528 1411 intelligentes
3558 1354 3626 1389 se

2014 1444 2201 1489 contra
2229 1434 2321 1489 Dei
2352 1434 2616 1490 calculum
2642 1434 2842 1489 bellum
2871 1448 3106 1496 movere,
3132 1432 3370 1503 iubentis
3396 1431 3449 1485 in
3483 1445 3621 1501 per-

2015 1534 2233 1594 petuum
2260 1539 2378 1579 eam
2406 1525 2680 1580 civitatem
2702 1523 2989 1580 devastari.
3018 1524 3185 1578 Porro
3214 1524 3322 1578 Deo
3348 1522 3617 1585 bellante,

2016 1631 2271 1686 superare
2314 1616 2643 1687 impossibile
2692 1624 2793 1670 est.
2826 1615 3026 1686 lmpetu
3058 1616 3213 1685 igitur
3244 1614 3380 1668 facto
3408 1614 3465 1666 in
3496 1613 3622 1666 Cre-

2009 1721 2214 1770 sarem,
2260 1722 2445 1762 rursus
2492 1723 2615 1762 eum
2659 1706 2985 1776 adegerunt,
3031 1715 3087 1760 ut
3128 1704 3364 1760 funditus
3406 1704 3622 1758 deleret

2016 1799 2312 1854 civitatem.
2362 1798 2498 1854 Nam
2545 1798 2770 1853 devictis
2816 1813 2880 1852 ac
2923 1797 3159 1853 subactis
3201 1796 3325 1861 illis,
3361 1795 3621 1849 omnibus

2020 1889 2260 1960 reliquiis
2288 1889 2521 1955 abolitis,
2550 1905 2620 1945 ne
2649 1890 2699 1943 in
2733 1900 3002 1959 posterum
3035 1895 3253 1957 possent
3273 1886 3622 1956 impudenter

2020 1996 2198 2052 agere,
2228 1992 2457 2037 statuam
2480 1998 2628 2037 suam
2653 1982 2705 2036 in
2734 1983 2853 2036 loco
2872 1982 3174 2037 collocavit.
3206 1979 3409 2034 Deinde
3436 1981 3623 2033 sciens

2021 2073 2276 2140 futurum,
2308 2085 2365 2129 ut
2409 2075 2494 2128 illa
2526 2083 2767 2145 tempore
2795 2074 3171 2137 collaberctur,
3214 2087 3320 2142 quo
3348 2072 3494 2125 illius
3539 2072 3624 2124 vi-

2020 2166 2202 2221 ctoria:
2228 2174 2406 2220 notam
2455 2164 2899 2220 immedicabilem
2940 2165 3205 2227 inureret,
3256 2171 3309 2217 et
3336 2162 3482 2216 illius
3514 2162 3621 2215 im-

2022 2257 2291 2327 pudentia:
2322 2265 2749 2323 monumentum,
2775 2272 2968 2311 nomen
2994 2270 3150 2310 suum
3180 2254 3418 2309 civitatis
3446 2253 3624 2307 ruinis

2023 2350 2293 2420 imposuit.
2334 2350 2595 2417 Quoniam
2618 2351 2761 2405 enim
2791 2351 2906 2421 ipse
2929 2350 3204 2405 dicebatur
3223 2348 3401 2404 zElins
3427 2347 3624 2402 Adria-

2023 2457 2144 2508 nus,
2171 2442 2290 2498 ideo
2314 2451 2369 2498 et
2394 2442 2591 2497 civitati
2618 2459 2812 2497 nomen
2839 2441 2996 2496 )Elitc
3013 2442 3172 2512 jussit
3199 2440 3398 2508 imponi
3427 2456 3444 2503 ;
3478 2438 3623 2493 unde

2024 2544 2080 2591 et
2106 2534 2245 2592 Elia
2298 2535 2494 2590 dicitur
2536 2536 2589 2589 in
2620 2535 2934 2590 hodiernum
2982 2549 3151 2604 usque
3199 2534 3362 2595 diem,
3413 2546 3619 2600 cogno-

2025 2628 2171 2682 mine
2200 2627 2416 2682 victoris
2445 2635 2501 2682 et
2529 2627 2818 2680 eversoris.
2849 2625 3011 2680 Vides
3036 2626 3261 2695 primum
3305 2623 3621 2678 Judmorum

2023 2718 2310 2774 conatum?
2335 2718 2627 2773 Considera
2658 2727 2712 2772 et
2742 2719 2964 2772 alterum
3012 2716 3080 2770 ab
3105 2716 3223 2768 hoc.

2094 2810 2319 2865 Conatus
2344 2826 2516 2864 eorum
2540 2810 2632 2864 sub
2657 2809 3005 2865 Constantino.
3032 2839 3103 2849 -—-
3125 2807 3235 2861 Sub
3258 2805 3618 2860 Constantino

2022 2900 2213 2955 eadem
2255 2900 2489 2970 aggressi
2534 2909 2678 2955 sunt.
2732 2900 2803 2954 At
2849 2900 2938 2955 ille
2966 2900 3080 2954 viso
3120 2899 3351 2969 ipsorum
3396 2907 3615 2957 conatu,

2025 2991 2310 3060 amputatis
2346 2991 2556 3045 illorum
2595 2991 2981 3055 auriculis,‘ac
3007 2989 3310 3045 rebellionis
3334 2989 3490 3057 signo
3522 2988 3622 3040 im-

2025 3099 2212 3152 presso
2239 3084 2450 3153 corpori
2482 3085 2715 3150 illorum,
2749 3100 2843 3154 per
2861 3085 3037 3139 omnia
3064 3085 3179 3139 loca
3205 3081 3623 3137 circumferebat

2028 3175 2181 3242 illos,
2221 3190 2318 3231 ceu
2348 3174 2564 3246 fugitiva
2598 3177 2862 3246 mancipia
2891 3192 2954 3230 ac
2979 3175 3299 3230 verberones
3322 3216 3339 3239 ,
3371 3175 3620 3243 corpori-

2028 3264 2130 3319 bus
2176 3267 2431 3322 mutilatis
2472 3267 2790 3336 conspicuns
2832 3267 2950 3321 illos
2995 3265 3193 3320 faciens
3219 3265 3505 3329 omnibus,
3558 3279 3623 3317 ac

2027 3371 2123 3412 eos
2148 3356 2235 3426 qui
2262 3373 2354 3426 per
2377 3371 2566 3411 omnes
2588 3358 2831 3427 regiones
2855 3366 3008 3411 erant
3033 3355 3205 3423 sparsi
3230 3353 3479 3408 erudiens
3495 3394 3513 3417 ,
3548 3369 3619 3406 ne

2030 3445 2084 3501 in
2121 3453 2390 3515 posterum
2424 3445 2610 3501 cadent
2644 3455 2985 3500 conarentur.
3035 3444 3139 3499 Sed
3171 3444 3320 3506 lia-c,
3351 3443 3619 3512 inquietat,

2031 3537 2205 3607 prisca
2236 3545 2287 3591 et
2317 3537 2577 3592 obsoleta.
2604 3536 2713 3590 Imo
2744 3537 2845 3592 hoc
2864 3538 3039 3606 potius
3059 3545 3242 3590 notum
3264 3544 3347 3589 est
3365 3534 3530 3588 etiam
3556 3537 3622 3589 iis

2032 3627 2121 3698 qui
2152 3629 2291 3682 inter
2316 3642 2412 3681 vos
2440 3636 2563 3682 sunt
2589 3628 2851 3683 seniores.

2102 3716 2272 3772 Judtei
2311 3720 2506 3789 favente
2537 3716 2749 3772 Juliano
2773 3716 2813 3767 Α
2823 3728 3019 3789 poslata
3057 3716 3297 3788 templum
3332 3727 3625 3770 restaurare

2036 3810 2227 3879 frustra
2267 3817 2538 3863 tentarunt.
2582 3839 2655 3849 —
2698 3809 2850 3877 Quod
2895 3824 3024 3865 vero
3062 3809 3170 3880 jam
3200 3809 3435 3864 dicturus
3472 3826 3621 3877 smn,

2033 3899 2195 3954 etiam
2221 3898 2503 3953 admodum
2521 3899 2801 3970 juvenibus
2827 3909 2911 3956 est
2936 3900 3138 3955 clarum
3166 3915 3229 3955 ac
3257 3901 3619 3969 perspicuum.

2034 3989 2149 4044 Non
2197 3990 2338 4045 enim
2375 4000 2582 4060 gestum
2623 4001 2706 4047 est
2745 3992 2848 4046 sub
2872 3991 3107 4046 Adriano
3131 4000 3222 4045 aut
3247 3992 3622 4053 Constantino,

2038 4080 2131 4136 sed
2160 4081 2260 4135 sub
2291 4083 2613 4152 lmperatore
2638 4083 2727 4151 qui
2765 4082 2861 4137 fuit
2885 4091 3042 4137 aetate
3080 4090 3259 4136 nostra
3290 4089 3417 4136 ante
3451 4096 3625 4134 annos

2036 4175 2239 4244 viginti.
2268 4174 2474 4230 Etenim
2503 4190 2623 4230 eum
2653 4174 2915 4242 Julianus,
2946 4175 3036 4245 qui
3062 4173 3412 4245 Imperatores
3431 4188 3625 4227 omnes

2037 4266 2313 4336 superavit
2351 4267 2659 4336 impietate,
2702 4278 2918 4324 vocaret
2957 4268 3079 4322 illos
3115 4267 3180 4321 ad
3214 4266 3625 4322 sacriﬁcandum

2036 4356 2214 4423 idolis,
2244 4368 2297 4412 et
2325 4358 2389 4412 ad
2418 4375 2566 4413 suam
2600 4360 2925 4429 impietatem
2963 4358 3273 4429 pertrahere
3311 4368 3619 4418 conaretur.

2038 4462 2100 4501 ac
2118 4464 2242 4502 mox
2264 4448 2556 4518 objieerent
2583 4450 2682 4519 ipsi
2711 4449 2938 4518 priscum
2956 4450 3131 4504 cultus
3152 4451 3331 4509 ritum,
3349 4449 3622 4505 dicentes:

2039 4554 2071 4595 a
2100 4541 2294 4596 nostris
2325 4542 2614 4611 majoribus
2645 4542 2783 4596 Deus
2814 4543 2915 4597 hoc
2942 4542 3100 4597 modo
3119 4543 3291 4597 cultus
3310 4551 3428 4606 est;
3461 4542 3624 4595 etiam

2043 4631 2283 4686 nolentes
2309 4641 2416 4685 tum
2446 4631 2744 4687 fatebantur
2771 4632 2917 4698 haec,
2947 4648 3067 4703 quae
3098 4648 3193 4687 nos
3221 4648 3360 4686 nunc
3393 4631 3624 4687 demou-

2041 4723 2344 4788 stravimus,
2377 4723 2516 4794 quod
2545 4722 2624 4778 fas
2652 4739 2756 4778 non
2788 4733 2933 4779 esset
2952 4733 3102 4779 extra
3127 4724 3393 4778 civitatem
3434 4722 3625 4776 immo-

2040 4813 2154 4868 lare
2180 4815 2421 4869 victimas
2450 4833 2464 4869 :
2495 4815 2587 4870 sed
2612 4857 2628 4881 ,
2671 4815 3013 4885 inquiebant,
3052 4815 3364 4885 religionem
3403 4814 3622 4879 violant,

2043 4909 2365 4978 quicumque
2394 4910 2696 4964 sacriﬁcant
2721 4909 2773 4963 in
2804 4917 2946 4963 terra
2976 4908 3169 4962 aliena.
3216 4905 3448 4960 Proinde
3474 4904 3516 4959 si
3550 4907 3627 4958 vis

2044 5016 2142 5055 nos
2171 5001 2350 5055 videre
2375 5000 2737 5056 sacriﬁcantes
2760 5042 2775 5067 ,
2804 5000 2968 5055 redde
3007 4999 3160 5053 nobis
3202 4998 3471 5052 civitatem
3489 5036 3506 5060 ,
3538 5012 3626 5050 re-

2045 5094 2207 5148 stitue
2242 5092 2495 5161 templum
2517 5133 2531 5158 ,
2559 5092 2754 5147 exhibe
2777 5091 2930 5145 nobis
2951 5099 3132 5144 sancta
3159 5096 3487 5152 sanctorum,
3511 5089 3622 5139 eui-

2045 5183 2158 5238 loca
2198 5198 2379 5249 aram,
2429 5192 2484 5238 et
2522 5182 2940 5240 sacriﬁcabimus
2987 5196 3130 5235 nunc
3180 5178 3620 5249 quemadmodum

2046 5275 2196 5329 olitn.
2238 5273 2347 5328 Nec
2388 5273 2569 5350 puduit
2596 5276 2887 5329 sceleratos
2914 5281 2969 5328 et
2995 5272 3248 5328 etl’rontes
3272 5269 3388 5325 haec
3406 5284 3622 5339 poscere

2045 5379 2076 5418 a
2096 5364 2209 5419 viro
2236 5366 2396 5434 impio
2424 5381 2768 5437 paganoque,
2799 5374 2853 5419 et
2885 5364 3122 5433 impuras
3147 5361 3285 5416 illius
3313 5374 3506 5415 manus
3530 5374 3622 5411 vo-

2045 5471 2172 5511 care
2207 5456 2273 5511 ad
2300 5458 2711 5511 exstructionem
2739 5464 3040 5510 sanctorum
3063 5494 3079 5518 ,
3121 5468 3221 5507 nec
3264 5448 3622 5517 intelligebant

2046 5560 2106 5601 se
2134 5547 2314 5601 conari
2342 5546 2684 5616 impossibilia
2701 5586 2717 5611 ,
2759 5560 2931 5616 neque
2958 5542 3350 5614 perpendehant
3368 5580 3387 5607 ,
3415 5537 3554 5606 quod
3576 5536 3621 5592 si

2049 5642 2210 5697 homo
2257 5640 2343 5694 illa
2371 5638 2656 5696 demolitus
2697 5647 2869 5705 esset,
2924 5637 3183 5708 potuisset
3224 5632 3385 5688 homo
3433 5620 3538 5676 illis
3561 5631 3623 5671 θα

3500 212 3629 269 903

2009 335 2226 407 aggredi
2269 336 2455 407 templi
2486 335 2946 403 instaurationem,
2974 335 3194 390 omnino
3216 333 3631 405 potuissemus,

2010 437 2065 481 et
2091 427 2527 497 perfecissemus.
2556 426 2712 483 Nune
2755 411 2932 483 autem
2967 440 3058 483 re:
3084 427 3197 497 ipsa
3228 426 3581 481 demonstrat
3608 465 3629 487 ,

2010 532 2105 573 eos
2135 534 2241 573 non
2274 519 2437 574 semel
2477 526 2569 574 aut
2594 520 2695 598 bis,
2723 518 2817 573 sed
2849 528 2934 574 ter
2974 532 3253 589 aggressos
3278 524 3335 571 et
3361 515 3630 584 repulsos
3666 550 3671 553 -

3790 968 3812 1235 1

3802 1272 3812 1547 l
