3866 6226
275 265 382 320 899

272 377 381 432 τοῦ
411 377 799 446 οἰκοδιμῆσίιι
835 379 1236 454 Ἰερουσαλήμ.
1283 387 1396 440 Οὐκ
1434 387 1526 442 ἐπὶ
1565 389 1749 460 Κύρου
1789 389 1846 443 δὲ

272 460 616 532 ᾠκοδομήθη,
659 465 775 517 ἀλλ’
813 467 904 519 ἐπὶ
949 467 1044 519 τοῦ
1092 469 1450 542 Ἀρταξέρξου
1494 471 1588 524 τοῦ
1629 475 1852 544 Μακρό-

271 561 476 627 χειρος.
515 547 666 599 Μετὰ
696 547 806 618 γάρ
834 550 934 621 τὴν
964 550 1187 605 κάθοδον
1218 555 1482 624 ἐπανῆλθε
1518 556 1849 627 Καμϐύσης,

175 629 182 633 ’
269 622 393 679 εἶτα
416 628 465 679 οἰ
491 629 678 696 μάγοι,
701 632 793 684 καὶ
819 633 936 700 μετ’
957 634 1200 698 ἐκείνους
1216 622 1439 706 Δαρεῖος
1461 640 1488 690 6
1518 622 1847 703 Ὑστάσπου,

270 706 391 763 εἶτα
420 711 685 792 ὁ-Ξέρξης
708 717 736 766 6
769 716 1019 786 Δαρείου,
1055 719 1149 771 καὶ
1187 720 1323 788 μετὰ
1349 720 1536 773 τοῦτον
1581 723 1850 792 Ἀρταϐά⁹

272 810 390 863 νηςο
422 789 540 878 είτα
589 797 727 865 μετά
777 799 1114 873 Ἀρταϐάνην
1161 805 1523 876 Ἀρταξέρξης
1567 808 1596 859 6
1624 789 1848 878 Μακρό-

271 893 416 947 χειρ,
450 877 510 941 ὃς
544 879 857 934 ἐϐασίλευσε
896 885 995 954 τῆς
1037 886 1316 957 Περσίδος·
1356 889 1448 940 καὶ
1475 889 1664 942 τούτου
1698 889 1849 959 βασι-

270 959 541 1026 λεύοντος,
567 965 814 1018 εἰκοστοῦ
854 966 1010 1031 ἔτους
1045 971 1143 1040 τῆς
1175 970 1450 1038 βασιλείας
1491 975 1679 1038 αὐτοῦ,
1707 975 1846 1028 Νεε-

273 1043 403 1112 μίας
443 1045 682 1099 ἀνελθὼν
723 1050 821 1118 τὴν
867 1049 1020 1102 πόλιν
1072 1053 1389 1124 ἀνέστησεν.
1439 1057 1548 1109 Καὶ
1590 1057 1763 1110 ταῦτα
1815 1060 1845 1110 6

275 1128 509 1200 Ἔσδρας
541 1132 671 1201 ἡμῖν
699 1134 942 1204 ἀκριϐῶς
971 1135 1284 1207 διηγήσατο.
1319 1141 1414 1192 Ἂν
1446 1141 1625 1194 τοίνυν
1659 1141 1846 1194 ἐντεῦ-

268 1209 360 1263 θεν
389 1216 710 1284 τετρακόσια
741 1219 835 1270 καὶ
864 1219 1192 1291 ὁγδοήκοντα
1218 1224 1344 1294 τρία
1379 1224 1470 1295 ἐτη
1523 1227 1844 1297 ἀριθμήσω-

272 1310 392 1378 μεν,
447 1297 658 1361 πάντως
704 1300 907 1369 ἥξομεν
953 1303 1046 1354 ἐπὶ
1084 1306 1183 1376 τὴν
1221 1309 1582 1378 κατασκαφὴν
1619 1310 1842 1378 ταύτην.

267 1377 365 1430 Διά
406 1379 563 1432 τοῦτο
617 1399 801 1448 φησιν,
848 1381 1393 1454 Οἰκοδομηθήσετιιι
1443 1377 1695 1444 πλατεῖα
1746 1377 1844 1443 καί

265 1462 620 1530 περίτειχος.
660 1464 909 1519 Ἐπειδὰν
938 1465 1052 1530 οῦν,
1078 1472 1260 1540 φησὶν.
1291 1474 1520 1544 ἀναστῇ,
1553 1473 1648 1525 καὶ
1681 1472 1742 1524 τὸ
1766 1475 1841 1524 οἰ-

264 1546 414 1596 κεῖον
443 1545 690 1618 ἀπολάϐῃ
724 1560 748 1587 α
787 1550 989 1619 σχῆμα,
1035 1553 1128 1604 ἀπ’
1161 1556 1369 1608 ἐκείνου
1409 1558 1508 1619 τάς
1543 1556 1843 1625 ἑϐδομάδας

262 1625 363 1688 τάς
392 1627 760 1696 ἐϐδομήκοντα
787 1632 1032 1702 ἀρίθμει,
1063 1637 1156 1688 καί
1189 1638 1307 1706 ὄψει
1339 1639 1439 1708 τὴν
1468 1639 1842 1708 αἰχμαλωσίαν

262 1709 466 1780 ταύτην
503 1711 685 1763 οὐκέτι
716 1713 866 1776 τέλος
895 1716 1142 1785 ἔχουσαν.
1181 1721 1291 1773 Καὶ
1321 1722 1478 1774 τοῦτο
1505 1723 1562 1774 δέ
1598 1722 1729 1774 αὐτὸ
1749 1721 1842 1790 δη-

261 1791 371 1845 λῶν
393 1793 744 1863 σαφέστερον,
769 1798 848 1848 ὅτι
875 1800 970 1867 οὐχ
994 1800 1103 1865 ἕξει
1128 1803 1250 1855 τινά
1280 1802 1430 1856 λύσιν
1451 1804 1520 1856 τὰ
1544 1806 1842 1874 κατέχοντα

260 1876 460 1938 αὐτοὺς
485 1876 652 1942 κακά,
684 1878 826 1931 οὕτω
855 1883 1008 1946 φησί·
1041 1886 1202 1938 Μετὰ
1229 1887 1335 1951 τὰς
1371 1888 1703 1956 ἑϐδομάδας
1734 1890 1840 1952 τὰς

258 1960 666 2028 ἐϐδομήκοντα
683 1967 1250 2034 ἑξολουρευθήσεται.
1273 1971 1515 2040 χρῖσμα,
1544 1974 1639 2026 καὶ
1663 1971 1841 2040 κρῖμα

259 2047 372 2098 οὐκ
399 2047 567 2099 ἔσται
598 2050 666 2100 ἐν
693 2050 868 2116 αὐτῇ,
893 2052 988 2104 καὶ
1013 2053 1128 2117 τὴν
1147 2055 1330 2107 πόλιν
1358 2055 1424 2108 δὲ
1453 2056 1551 2109 καὶ
1579 2057 1645 2108 τὸ
1667 2056 1829 2124 ἅγιον

257 2129 691 2197 συνδιαρθιιρεῖ
736 2133 762 2170 b
796 2134 918 2184 σὺν
951 2133 1028 2198 τῷ
1061 2137 1371 2204 ἡγουμένῳ
1409 2138 1486 2203 τῷ
1513 2138 1832 2206 ἐρχομένῳ,

256 2213 355 2263 καί
389 2213 885 2280 συγκοπήσοντιιι
915 2218 995 2280 ὡς
1022 2220 1091 2269 ἐν
1121 2221 1543 2290 κατακλυσμῷ·
1577 2223 1696 2274 οὐδέ
1730 2221 1824 2274 λεί-

251 2293 425 2361 ψανον
455 2295 606 2348 ἔσται
642 2297 846 2360 λοιπὶν,
890 2301 1010 2352 οὐδέ
1045 2302 1168 2370 ῥίζα
1208 2303 1368 2355 πάλιν
1399 2303 1834 2359 ἀναϐλαστάνου-

257 2392 349 2438 σα,
415 2377 510 2429 κ(ιί
571 2379 681 2444 ἕως
735 2382 948 2447 τέλους
1012 2387 1279 2454 πολέμου
1344 2387 1835 2458 συντετμημένου

254 2459 638 2528 ἁρανισμιῖς.
669 2465 775 2516 Καὶ
800 2466 958 2518 πάλιν
987 2467 1158 2534 λέγων
1182 2469 1279 2540 τὴν
1304 2471 1681 2541 αἰχμαλωσίαν
1707 2473 1825 2526 ταύο

253 2559 357 2612 την
391 2544 574 2612 φησίνο
622 2548 958 2614 Ἄρθιὶσετίιι
1004 2552 1265 2620 θυμίαμα
1304 2555 1399 2606 καί
1443 2555 1706 2623 σπονδή·
1736 2555 1834 2608 καί

253 2625 354 2678 ἐπὶ
398 2629 630 2694 τούτοις
669 2631 769 2682 ἐ.τί
816 2633 880 2684 τὸ
923 2635 1085 2700 Ιερὸν
1110 2636 1430 2706 ,βδέλυγμα
1473 2639 1584 2706 τῆς
1612 2638 1836 2708 ἐρημώ·

253 2725 429 2772 σεως,
461 2712 556 2764 καί
585 2713 695 2778 ἕως
722 2719 1082 2782 συντελείας
1130 2720 1336 2786 καιροῦ
1367 2722 1692 2775 συντέλεια
1733 2723 1829 2775 6‘0-

253 2794 501 2878 θήσεται
527 2797 623 2849 ἐ·πί
664 2797 778 2864 τὴν
817 2800 1140 2868 ἐρήμωσιν.
1185 2803 1351 2857 Ὅταν
1387 2805 1444 2857 δὲ
1485 2805 1746 2878 ἀκούσῃς,
1787 2801 1834 2860 ὧ

267 2877 507 2941 Ίουδαῖε,
553 2880 879 2943 συντέλειαν,
933 2884 984 2935 τί
1025 2884 1210 2938 λοιπὸν
1254 2886 1440 2956 ἕτερον
1493 2877 1828 2958 προσδοκᾷςς

254 2959 365 3013 κτιί
394 2960 492 3011 ἐπὶ
518 2963 769 3026 τούτοις.
798 2964 861 3015 Τί
891 2965 946 3017 δέ
977 2968 1145 3026 ἐστιν,
1185 2968 1315 3020 Ἑπί
1345 2971 1618 3035 τοιίτοις;
1659 2972 1800 3024 Τουτ

253 3043 394 3104 ἐστι,
438 3043 574 3114 πρὸς
620 3045 832 3110 τούτοις
874 3051 988 3109 τοῖς
1034 3049 1364 3119 εἰρημένοις,
1413 3055 1477 3121 τῇ
1508 3053 1608 3122 τῆς
1641 3052 1832 3117 θυσίας

252 3126 530 3196 ἀναιρέσει
583 3130 676 3181 καὶ
735 3129 835 3198 τῆς
869 3130 1118 3200 σπονδῆς,
1159 3133 1343 3201 ἓτερον
1375 3133 1526 3186 ἔσται
1564 3154 1617 3189 τι
1645 3137 1830 3205 μεῖζον

253 3210 440 3264 κακόν.
492 3211 648 3263 Ποῖον
699 3211 764 3282 δὴ
806 3213 998 3280 τοῦτο;
1056 3215 1179 3266 Ἐπὶ
1214 3216 1280 3267 τὸ
1313 3217 1472 3284 ἱερὸν
1511 3218 1831 3290 βδέλυγμα

249 3291 364 3358 τῆς
402 3293 768 3360 ἐρημώσεως·
817 3296 959 3366 ἱερὸν
1006 3297 1094 3348 τὸν
1142 3297 1268 3351 ναὸν
1305 3300 1504 3365 καλῶν,
1554 3302 1830 3374 βδέλυγμα

249 3377 310 3430 δὲ
349 3377 677 3448 ἐρημώσεως
707 3379 796 3430 τὸν
826 3380 1138 3450 ἀνδριάντα,
1163 3382 1222 3434 ὃν
1244 3383 1470 3452 ἔστησεν
1500 3388 1528 3439 6
1555 3385 1652 3457 τὴν
1679 3389 1830 3443 πόλιν

251 3458 496 3512 καθελὼν
540 3459 686 3513 ἐνδον
733 3463 792 3514 ἐν
838 3462 915 3532 τῷ
961 3462 1095 3532 ναῷ.
1125 3465 1232 3518 Καὶ
1278 3466 1430 3538 [ϐίΞΙ
1460 3467 1571 3534 ἕως
1607 3485 1826 3523 συντε-

249 3545 441 3609 .Zs’ac,
492 3547 678 3613 φησὶν,
728 3545 1044 3615 ἐρήμωσις.
1089 3548 1186 3600 Διά
1229 3548 1387 3602 τοῦτό
1419 3554 1594 3620 ’φησιν
1639 3553 1668 3604 6
1702 3555 1831 3624 Χρι-

252 3627 397 3689 στὸς,
441 3627 578 3696 μετά
619 3629 886 3699 Ἀντίοχον
922 3629 1012 3681 τὸν
1068 3631 1336 3701 Ἐπιφανῆ
1387 3635 1829 3705 παραγενόμενος

247 3708 312 3760 τὸ
372 3709 507 3762 κατὰ
552 3711 747 3780 σάρκα,
799 3711 890 3763 καί
934 3714 1340 3781 προαναφωνῶν
1390 3714 1489 3785 τὴν
1523 3716 1828 3786 μέλλουσαν

251 3791 471 3846 ἔσεσθαι
515 3794 906 3864 αἰχμαλωσίαν,
941 3798 1034 3848 καὶ
1063 3796 1276 3860 δεικνὺς
1316 3797 1398 3849 ὅτι
1433 3799 1558 3866 περὶ
1589 3800 1761 3869 αὐτῆς
1800 3804 1828 3854 ὁ

251 3876 448 3946 Δανιὴλ
480 3879 873 3948 προεφήτευσε,
909 3881 1092 3949 φησίν·
1124 3880 1312 3932 ’Ὅταν
1361 3880 1524 3946 ἴδητε
1576 3883 1642 3935 τὸ
1678 3885 1822 3948 βδέι

248 3962 452 4028 ,ιιιγμα
483 3960 590 4026 τῆς
617 3960 986 4028 ἐρημώσεως,
1033 3961 1064 4014 ὃ
1093 3958 1224 4015 εἷπε
1256 3963 1481 4030 Δανιὴλ
1527 3967 1560 4016 o'
1596 3967 1828 4036 προφή-

251 4059 379 4109 της,
416 4042 606 4108 ἑστὼς
645 4043 715 4095 ἐν
742 4045 902 4110 τόπῳ
927 4045 1090 4114 ἁγίῳ·
1135 4049 1166 4099 ό
1211 4045 1638 4116 ἀναγινώσκων
1669 4054 1827 4104 νοεί-

250 4142 348 4178 τω.
399 4126 614 4196 Ἐπειδὴ
666 4128 774 4197 γάρ
818 4127 964 4180 ἆπαν
1013 4129 1251 4192 εἴδωλον,
1302 4131 1394 4182 καί
1439 4131 1544 4182 πᾶν
1589 4131 1826 4203 τύπωμα

249 4208 538 4278 ἀνθρώπου
583 4211 733 4280 παρὰ
773 4214 883 4274 τοῖς
931 4213 1203 4276 Ἰουδαίοις
1237 4213 1510 4284 βδέλυγμα
1557 4216 1824 4280 ἐκαλεῖτο,

248 4291 662 4362 αἰνιγματωδῶς
694 4295 972 4362 ἐμφαίνων
1002 4296 1092 4348 τὸν
1119 4296 1407 4368 ἀνδριάντα
1432 4301 1657 4362 ἐκεῖνον,
1688 4301 1824 4371 ὁμοῦ

247 4374 344 4427 καὶ
389 4375 520 4427 πότε
572 4376 666 4427 καὶ
700 4377 804 4430 ὑπὸ
837 4379 994 4440 ,τίνος
1027 4381 1058 4449 ή
1095 4381 1439 4449 αἰχμαλωσία
1475 4382 1650 4445 ἔσται,
1693 4402 1825 4456 προ-

247 4456 616 4528 ανεφώνησεν.
649 4460 769 4512 Ὅτι
797 4461 853 4514 δέ
890 4464 1017 4534 περί
1062 4465 1346 4533 Ῥωμαίων
1381 4465 1552 4519 ταῦτα
1586 4467 1822 4538 εἴρηται,

247 4543 344 4594 καί
379 4542 408 4592 6
449 4540 768 4609 Ἰώσηππος,
807 4544 1058 4616 καθάπερ
1105 4547 1413 4618 ἔμπροσθεν
1461 4550 1826 4621 ἀπεδείξαμεν

247 4626 488 4694 εἴρηκεν.
558 4627 652 4689 Τίς
703 4623 796 4680 οὖν
845 4629 974 4698 ὑμῖν
1013 4629 1196 4683 λοιπον
1229 4630 1607 4688 ὑπολέλειπται
1645 4634 1823 4706 λόγος,

247 4709 375 4760 ὅταν
435 4707 534 4772 τὰς
589 4710 687 4780 μέν
747 4710 913 4775 ἄλλας
971 4714 1267 4782 φαίνωνται
1331 4717 1707 4786 αἰχμαλωσίας
1771 4721 1821 4771 οἰ

248 4790 525 4862 προφῆται
559 4792 696 4862 μετὰ
726 4793 1094 4866 διωρισμένων
1124 4798 1329 4868 χρόνων
1357 4800 1621 4866 εἰπόντες,
1650 4801 1821 4873 ταύτῃ

245 4875 304 4928 δέ
347 4875 548 4946 μηδένα
591 4877 781 4948 χρόνον
820 4879 1122 4949 ὁρίσαντες,
1161 4881 1295 4936 ἀλλά
1343 4883 1432 4935 καὶ
1466 4884 1527 4936 τὸ
1579 4886 1823 4939 ἐναντίον

247 4959 656 5028 προσειπόντες,
687 4961 768 5013 ὅτι
791 4961 896 5024 ἕως
918 4963 1227 5027 συντελείας
1260 4964 1410 5018 ἔσται
1443 4969 1474 5035 ὴ
1507 4968 1821 5038 ἐρήμωσιςς

244 5042 355 5096 Καὶ
394 5044 475 5096 ὅτι
522 5043 585 5094 οὐ
615 5043 807 5113 ψεῦδος
854 5045 919 5100 τὰ
952 5048 1236 5116 εἰρημένα,
1271 5049 1402 5118 φέρε
1441 5052 1534 5103 καὶ
1578 5051 1675 5120 τὴν
1716 5053 1824 5105 ἀπὸ

241 5125 354 5178 τῶν
385 5126 727 5196 πραγμάτων
764 5128 942 5181 αὐτῶν
983 5130 1354 5201 παράσχωμεν
1397 5135 1726 5204 μαρτυρίαν.
1760 5136 1822 5187 Εἰ

245 5210 347 5280 μὲν
381 5209 489 5277 γάρ
533 5209 606 5280 μὴ
639 5212 1000 5282 ἐπεχείρησαν
1041 5213 1389 5285 οἰκοδομῆσαι
1434 5217 1526 5270 τὸν
1563 5219 1710 5280 ναὸν,
1749 5214 1824 5271 εἷ-

241 5311 340 5365 χον
386 5292 450 5346 ἂν
493 5294 690 5360 λέγειν,
723 5297 803 5348 ὅτι
856 5296 922 5348 Εἰ
941 5314 1004 5364 γε
1047 5297 1429 5369 ὴϐουλήθημεν
1476 5302 1822 5370 ἐπιχειρῆσαι

241 5378 339 5432 καὶ
400 5377 501 5446 τῆς
558 5379 846 5450 οἰκοδομῆς
895 5380 1156 5449 ἅψασθαι,
1212 5383 1430 5447 πάντως
1485 5385 1552 5437 ἂν
1603 5386 1824 5454 ἰσχύσα-

245 5478 346 5532 μεν
391 5461 484 5514 καί
549 5461 846 5532 ἡνύσαμεν·
901 5465 1017 5516 νυνί
1067 5462 1123 5516 δὲ
1175 5465 1372 5530 αὐτοὺς
1431 5467 1679 5538 δείκνυμι
1725 5469 1824 5540 οὐχ

307 5671 325 5742 ξ
368 5672 725 5742 Αίὶἱηὶποὶάϐῃ,
750 5679 908 5736 inquit
934 5676 1122 5742 qutf..
1145 5680 1228 5742 qui
1256 5679 1502 5728 scribohal
1525 5682 1661 5742 λάϐῃ.
1691 5681 1822 5732 Enn.

307 5741 331 5778 ιι
357 5739 559 5804 υιιιτιςιιη
588 5753 698 5804 ιιιξδ.
725 5742 969 5804 διαφθερεῖ.
987 5738 1125 5804 rlnl'ra
1153 5741 1542 5802 Μοι’ρί.πο).ἐμου
1565 5738 1824 5804 συντετμη-

240 5799 384 5860 μένυυ
406 5799 700 5868 ἀφανισμοῖς,
747 5799 895 5848 SaVil.
919 5803 1129 5860 πολέμου
1153 5799 1504 5864 συντετμημένα
1527 5799 1822 5868 ἀφανισμῶν,

237 5869 448 5922 quatuor
473 5874 587 5908 mss.
612 5863 878 5924 ἀσανισαῷ.

565 5954 834 6033 lyram“
885 5956 1000 6015 Gn.
1050 5957 1329 6016 XLVI“.

1539 269 1905 328 ADVERSUS
1941 273 2251 331 JUDAEOS.
2295 277 2357 331 ν.

3421 282 3526 336 900

1959 392 2134 457 ἅπαξ,
2170 395 2292 447 οὐδέ
2337 395 2437 458 δὶς,
2477 394 2610 448 ἀλλά
2665 396 2756 448 καὶ
2794 396 2910 466 τρὶς
2945 397 3396 467 ἐπιχειρήσαντας
3436 397 3532 451 καὶ

1957 476 2240 542 ραγέντας,
2298 477 2546 548 καθάπερ
2599 480 2656 530 ἐν
2705 481 2813 541 τοῖς
2863 470 3251 549 Ὀλυμπιακοίς
3299 479 3528 547 ἀγῶσιν,

1951 557 2091 610 ὥστε
2122 559 2604 632 ἀναμφισϐήτητον
2629 556 2768 615 εἶναι
2797 562 2896 632 τῆς
2931 561 3256 631 Ἐκκλησίας
3284 561 3376 615 τὸν
3408 560 3532 615 στι-

1955 656 2144 707 φανον.

2024 729 2111 776 ια’.
2134 725 2280 776 Ποῖοι
2301 734 2324 762 ο
2347 725 2528 778 τοίνυν
2560 726 2922 797 ἐπεχείρησαν
2941 743 2956 792 ;
2975 727 3038 780 Οἱ
3054 727 3140 780 ἀεὶ
3161 724 3238 796 τῷ
3254 725 3530 796 Πνεύματι

1949 806 2025 877 τῷ
2037 808 2106 875 ἀγ
2113 807 2175 877 ίῳ
2189 809 2619 873 ἀντιπίπτοντες,
2633 813 2683 862 οἰ
2693 827 2857 863 νεωτε
2866 811 3074 881 ροποιοὶ
3084 811 3176 864 καί
3187 809 3524 864 στασιασταί·

1953 891 2092 957 μετά
2135 889 2245 960 γὰρ
2301 891 2398 962 τὴν
2435 893 2843 946 Οὐεσπασιανοῦ
2884 894 2978 944 καὶ
3025 894 3185 945 Τίτου
3227 890 3529 961 γενομένην

1947 971 2224 1041 ἐρήμωσιν
2254 971 2280 1009 ά
2334 974 2425 1025 ἐπὶ
2474 973 2751 1044 Ἀδριανοῦ
2787 975 3081 1036 συστάντες
3122 968 3264 1028 οὗτοι
3307 975 3356 1026 οἰ
3399 973 3528 1026 Ἰου-

1945 1054 2083 1106 δαῖοι
2118 1055 2451 1118 ἐσπούδαζον
2488 1057 2584 1109 ἐπὶ
2611 1056 2710 1128 τὴν
2749 1057 3020 1128 προτέραν
3049 1057 3326 1111 πολιτείαν
3359 1057 3527 1111 ἐπαν-

1947 1137 2142 1202 ελθεῖν,
2193 1140 2294 1192 οὐκ
2343 1139 2544 1202 εἰδότες
2585 1141 2667 1192 ὅτι
2709 1141 2874 1210 ψήφῳ
2914 1139 3047 1192 Θεοῦ
3081 1139 3398 1209 πολεμοῦσι,
3435 1155 3527 1193 κε-

1945 1219 2176 1293 λευούσῃ
2225 1221 2314 1274 διά
2369 1222 2568 1285 παντὸς
2617 1221 2956 1294 ἐρημοῦσθαι
2999 1223 3098 1293 τὴν
3139 1223 3309 1274 πόλιν·
3341 1222 3432 1275 τὸν
3467 1221 3526 1274 δέ

1945 1302 2062 1373 Θεῷ
2101 1303 2440 1373 πολεμοῦντα
2476 1316 2498 1344 ο
2539 1303 2923 1375 περιγενέσθαι
2962 1306 3264 1376 ἀμήχανον.
3312 1303 3525 1374 Συρρή-

1946 1385 2138 1451 ξαντες
2175 1389 2356 1442 τοίνυν
2382 1387 2460 1458 τῷ
2492 1388 2721 1458 βασιλεῖ,
2751 1388 2914 1442 πάλιν
2949 1388 3029 1451 εἰς
3079 1387 3324 1457 ἀνάγκην
3363 1385 3525 1439 αὐτὸν

1943 1471 2288 1539 κατέστησαν
2311 1469 2610 1532 παντελοῦς
2632 1469 2984 1540 ἐρημώσεως.
3012 1469 3270 1523 Καθελὼν
3299 1469 3408 1540 γὰρ
3436 1468 3531 1521 αὐ-

1941 1553 2068 1615 τοὺς
2099 1555 2324 1617 ἐκεῖνος,
2349 1553 2445 1606 καὶ
2471 1554 2894 1623 χειρωσάμενος,
2924 1552 3018 1605 καὶ
3048 1552 3116 1604 τὰ
3136 1551 3359 1620 λείψανα
3383 1553 3526 1620 ἀφα-

1943 1635 2097 1697 νίσας
2151 1636 2352 1698 πάντα,
2411 1636 2497 1688 ἵνα
2541 1635 2677 1705 μηδὲ
2717 1636 3092 1705 ἀναισχυντεῖν
3123 1634 3286 1704 ἔχωσι
3315 1633 3521 1696 λοιπὸν,

1940 1716 2032 1769 τὸν
2075 1717 2366 1789 ἀνδριάντα
2400 1717 2596 1788 ἔστησε
2630 1719 2724 1770 τὸν
2753 1717 2968 1770 ἐαυτοῦ·
3001 1714 3119 1770 εἶτα
3155 1715 3398 1777 συνιδὼν,
3441 1715 3524 1769 ὅτι

1943 1800 2230 1870 συμϐαίνει
2293 1801 2470 1872 χρόνῳ
2524 1801 2657 1853 ποτέ
2715 1799 2906 1852 τοῦτον
2963 1803 3315 1866 καταπεσεῖν,
3380 1800 3523 1853 ὥστε

1941 1882 2123 1945 αὐτοῖς
2158 1883 2389 1936 ἐνθεῖναι
2420 1884 2670 1954 καυτῆρα
2705 1884 2922 1936 ἀνίατον
2952 1885 3050 1954 τῆς
3088 1885 3259 1954 ἥττης
3298 1884 3391 1938 καὶ
3421 1881 3521 1952 τῆς

1939 1966 2324 2035 ἀναισχυντίας
2364 1967 2578 2034 ἐκείνης
2619 1966 2862 2035 ἔλεγχον,
2905 1969 2966 2020 τὸ
3009 1966 3181 2037 ὄνομα
3223 1966 3285 2019 τὸ
3327 1963 3520 2019 ἐαυτοῦ

1937 2050 2048 2109 τοῖς
2077 2049 2174 2116 τῆς
2203 2049 2410 2111 πόλεως
2443 2049 2678 2118 ἐπέθηκε
2715 2048 3008 2117 λειψάνοις.
3051 2048 3265 2116 Ἐπειδὴ
3298 2047 3406 2117 γὰρ
3429 2045 3522 2098 Αἴ-

1938 2128 2050 2192 λιος
2087 2130 2360 2202 Ἀδριανὸς
2391 2128 2778 2202 ἐχρημάτιζεν,
2815 2131 2956 2184 οὕτω
2983 2132 3074 2183 καί
3109 2131 3204 2200 τὴν
3239 2129 3390 2184 πόλιν
3424 2145 3523 2182 κα·

1939 2211 2144 2264 λεῖσθαι
2175 2213 2585 2283 ἐνομοθέτησεν,
2614 2213 2825 2266 ἐκεῖθέν
2850 2229 2910 2264 τε
2941 2213 3095 2264 Αἰλία
3122 2213 3281 2282 μέχρι
3307 2209 3400 2263 τοῦ
3425 2209 3520 2262 νῦν

1935 2295 2258 2365 ὀνομάζεται
2294 2296 2400 2350 ἀπὸ
2425 2296 2525 2366 τῆς
2552 2297 2868 2366 ἐπωνυμίας
2900 2293 2994 2347 τοῦ
3023 2297 3396 2366 κρατήσαντος
3427 2293 3522 2346 καὶ

1937 2379 2257 2441 καθελόντος
2302 2380 2495 2450 αὐτήν.
2551 2379 2715 2450 Ὁρᾷς
2765 2379 2859 2448 τὴν
2911 2377 3134 2450 πρώτην
3180 2377 3520 2448 ἐπιχείρησιν

1935 2463 2044 2516 τῶν
2101 2463 2475 2533 ἀναισχύντων
2535 2461 2836 2528 Ἰουδαίων;
2879 2461 3050 2515 Βλέπε
3102 2462 3196 2514 καί
3244 2461 3345 2530 τὴν
3402 2458 3520 2528 μετ’

1935 2546 2174 2616 ἐκείνην.

2007 2629 2177 2681 Πάλιν
2204 2627 2299 2680 ἐπὶ
2333 2627 2746 2680 Κωνσταντίνου
2772 2629 2886 2690 τοῖς
2913 2628 3097 2690 αὐτοῖς
3131 2626 3515 2698 ἐπεχείρησαν.

1948 2710 2006 2765 Ὀ
2053 2713 2110 2766 δέ
2145 2712 2426 2783 [βασιλεὺς
2471 2710 2595 2766 ἰδὼν
2641 2711 2742 2780 τὴν
2791 2711 3137 2781 ἐπιχείρησιν
3176 2707 3404 2779 αὐτῶν,]
3439 2704 3519 2762 ’τά

1934 2791 2048 2851 ὦτα
2092 2796 2272 2851 αὐτῶν
2321 2793 2618 2864 ἀποτεμὼν
2671 2795 2764 2848 καὶ
2811 2795 2873 2847 τὸ
2915 2795 3015 2864 τῆς
3058 2793 3346 2863 παρακοῆς
3382 2790 3520 2860 σύμ-

1935 2881 2092 2933 ϐολον
2137 2880 2311 2942 ἐνθεὶς
2341 2879 2523 2932 αὐτῶν
2552 2877 2629 2947 τῷ
2665 2875 2908 2946 σώματι,
2961 2875 3237 2946 πανταχοῦ
3287 2871 3518 2945 περιῆγε

1935 2965 2188 3034 καθάπερ
2210 2963 2364 3026 τινάς
2395 2962 2669 3035 δραπέτας
2707 2962 2799 3016 καὶ
2834 2961 3150 3030 μαστιγίας,
3174 2959 3263 3013 διά
3290 2958 3388 3029 τῆς
3420 2955 3516 3010 τοῦ

1935 3046 2190 3118 σώματος
2225 3045 2530 3116 πηρώσεως
2575 3045 2748 3098 ἅπασι
2805 3043 3142 3114 καταδήλους
3193 3039 3385 3104 ποιῶν,
3420 3040 3518 3093 κειί⁵

1931 3133 2056 3195 τοὺς
2083 3129 2361 3201 πανταχοῦ
2399 3131 2419 3172 ί
2463 3127 2840 3200 σωφρονίζων,
2896 3128 3095 3197 μηκέτι
3150 3129 3265 3189 τοῖς
3330 3123 3516 3186 αὐτοῖς
3575 3121 3578 3126 ’

1932 3215 2229 3284 ἐπιχειρεῖν
2260 3213 2599 3284 πράγμασιν.
2641 3210 2801 3263 Ἀλλά
2829 3210 3004 3264 ταῦτα
3042 3210 3142 3282 μὲν
3170 3211 3378 3282 ἀρχαῖα
3415 3207 3514 3263 καὶ

1932 3295 2167 3348 παλαιάι
2206 3295 2404 3365 μᾶλλον
2431 3295 2488 3348 δέ
2522 3293 2678 3348 τοῦτο
2713 3294 2810 3362 μὲν
2843 3295 2956 3356 τοῖς
2986 3293 3068 3346 ἔτι
3117 3292 3513 3364 πρεσϐυτέροις

1931 3379 2026 3432 καὶ
2053 3379 2303 3448 γέρουσιν
2327 3381 2359 3448 ή
2369 3376 2484 3447 μῶν
2512 3379 2625 3430 ἐστι
2655 3375 2956 3447 γνώριμον.

2010 3464 2074 3514 '0
2121 3462 2176 3514 δέ
2224 3461 2408 3532 μέλλω
2454 3461 2550 3514 νῦν
2595 3462 2761 3531 ἐρεῖν,
2813 3459 2905 3513 καὶ
2949 3462 3065 3523 τοῖς
3111 3459 3318 3531 σφόδρα
3371 3458 3516 3520 νέοις

1931 3543 2090 3612 δῆλόν
2147 3546 2260 3596 ἐστι
2317 3545 2413 3597 καὶ
2457 3543 2788 3612 καταφανές.
2843 3542 2993 3617 [646]
3051 3543 3186 3598 Οὐδὲ
3252 3543 3361 3617 γάρ
3421 3542 3515 3596 ἐπὶ

1946 3626 2223 3697 Ἀδριανοῦ
2259 3629 2352 3680 καί⁸
2391 3626 2796 3682 Κωνσταντίνου
2852 3628 3094 3696 γέγονεν,
3125 3627 3238 3680 ἀλλ’
3280 3628 3374 3680 ἐπὶ
3419 3626 3516 3697 βα-

1933 3710 2125 3773 σιλέως
2154 3709 2260 3779 πρὸ
2287 3709 2458 3763 εἰκοσι
2492 3710 2630 3763 ἐτῶν
2665 3712 3037 3780 γεγενημένου
3074 3712 3167 3766 ἐπὶ
3193 3712 3291 3782 τῆς
3320 3713 3514 3778 γενεᾶς

1928 3794 2028 3862 τῆς
2067 3793 2358 3864 ἡμετέρας.
2396 3795 2680 3847 Ἰουλιανοῦ
2711 3796 2842 3866 γὰρ,
2884 3795 2981 3848 τοῦ
3028 3796 3240 3859 πάντας
3286 3795 3514 3866 ἀσεϐείᾳ

1927 3877 2052 3938 τοὺς
2105 3876 2362 3944 βασιλέας
2416 3880 2770 3946 νικήσαντος,
2817 3877 3112 3943 καλοῦντος
3168 3880 3366 3941 αὐτοὺς
3419 3878 3514 3930 ἐπὶ

1928 3958 2025 4020 τὰς
2054 3957 2159 4010 τῶν
2192 3959 2427 4011 εἰδώλων
2457 3958 2668 4025 θυσίας,
2695 3961 2787 4015 καὶ
2816 3962 3206 4031 ἐπισπωμένου
3241 3961 3378 4032 πρὸς
3404 3962 3507 4032 τὴν

1928 4041 2133 4095 οἰκείαν
2167 4041 2451 4096 ἀσέϐειαν⁹
2491 4038 2609 4096 εἶτα
2661 4043 2751 4096 τὸν
2803 4045 3034 4099 παλαιὸν
3085 4045 3184 4116 τῆς
3215 4045 3514 4117 θεραπείας

1928 4124 2364 4194 προϐαλλομένου
2413 4127 2636 4195 τρόπον,
2674 4127 2765 4179 καὶ
2812 4127 3061 4196 λέγοντος
3083 4169 3098 4189 ,
3145 4130 3227 4182 ὅτι
3259 4130 3368 4182 Καὶ
3413 4129 3511 4184 ἐπὶ

1927 4209 2036 4260 τῶν
2080 4208 2360 4281 προγόνων
2405 4209 2515 4262 τῶν
2544 4211 2824 4282 ὑμετέρων
2865 4212 3039 4276 οὓτως
3066 4215 3095 4266 ὀ
3126 4211 3258 4277 Θεὸς
3318 4212 3513 4286 ἐθερα-

1929 4292 2146 4354 πεύετο,
2195 4293 2289 4346 καὶ
2343 4292 2568 4357 ἄκοντες
2612 4295 2922 4364 ὡμολόγουν
2965 4297 3085 4350 τότε
3121 4295 3322 4362 ταῦτα,
3369 4298 3512 4369 άπερ

1929 4379 2090 4448 ἡμεῖς
2138 4377 2502 4449 ἀπεδείξαμεν
2541 4377 2658 4442 νῦν,
2697 4380 2779 4432 ὅτι
2819 4379 2920 4449 τῆς
2968 4379 3177 4445 πόλεως
3212 4381 3319 4445 ἔξω
3363 4381 3514 4434 θύειν

1927 4463 2028 4514 οὐκ
2061 4461 2162 4524 ἕνι,
2197 4461 2334 4514 ἀλλά
2372 4463 2750 4533 παρανομοῦσι
2781 4465 2891 4516 πᾶν
2919 4464 3095 4518 ὁτιοῦν
3134 4464 3511 4530 ἐπιτελοῦντες

1927 4546 2021 4598 ἐπὶ
2063 4546 2164 4617 γῆς
2196 4545 2503 4617 ἀλλοτρίας.
2537 4545 2699 4598 ’Ὥστε
2746 4549 2794 4598 εἰ
2837 4545 3017 4616 βούλει
3040 4585 3054 4610 ,
3102 4546 3328 4615 ἔφασαν,
3363 4548 3510 4616 ἡμᾶς

1928 4631 2154 4695 θύοντας
2209 4631 2356 4692 ἰδεῖν,
2401 4631 2600 4694 ἀπόδος
2650 4632 2781 4700 ἡμῖν
2832 4630 2930 4701 τὴν
2985 4632 3160 4696 πόλιν,
3201 4631 3507 4702 ἀνάστησον

1926 4715 2019 4768 τὸν
2049 4715 2195 4777 ναὸν,
2232 4713 2404 4778 δεῖξον
2429 4715 2559 4783 ἡμῖν
2589 4712 2658 4765 τά
2691 4713 2822 4782 ἆγια
2857 4714 2966 4767 τῶν
2990 4715 3182 4782 ἁγίων,
3204 4714 3509 4785 ἀνάστησον

1925 4798 2017 4850 τὸν
2054 4797 2258 4867 βωμὸν,
2288 4797 2384 4850 καὶ
2423 4796 2659 4865 θύσομεν
2691 4799 2784 4850 καὶ
2813 4796 2908 4850 νῦν
2950 4798 3203 4870 καθάπερ
3242 4799 3338 4854 καὶ
3366 4798 3506 4872 πρό-

1926 4899 2100 4954 τερον.
2139 4882 2250 4935 Καὶ
2278 4883 2378 4934 οὐκ
2408 4881 2703 4954 ᾐσχύνοντο
2733 4884 2783 4935 οἰ
2820 4884 3010 4954 μιαροί
3041 4885 3133 4938 καί
3162 4885 3508 4956 ἀναίσχυντοι

1927 4966 2081 5038 παρά
2106 4965 2297 5036 ἀνδρὸς
2323 4965 2555 5027 ἀσεϐοῦς
2589 4966 2683 5018 καὶ
2715 4964 2979 5038 Ἕλληνος
3005 4967 3179 5022 ταῦτα
3205 4967 3505 5032 αἰτοῦντες,

1927 5050 2153 5114 καὶτὰς
2204 5047 2408 5122 μιαράς
2456 5049 2662 5104 ἐκείνου
2716 5054 2904 5122 χεῖρας
2953 5051 3245 5116 καλοῦντες
3276 5053 3370 5106 ἐπὶ
3408 5053 3508 5123 τὴν

1925 5135 2035 5189 τῶν
2079 5135 2247 5202 ἀγίων
2271 5133 2586 5204 οἰκοδομήνο
2623 5136 2718 5188 καὶ
2750 5137 2851 5188 οὐκ
2892 5136 3190 5208 ᾐσθάνοντο
3223 5137 3508 5200 ἀδυνάτοις

1925 5216 2331 5290 ἐπιχειροῦντες
2375 5216 2718 5287 πράγμασιν,
2749 5220 2870 5276 οὐδέ
2904 5221 3162 5284 συνεῖδον,
3196 5221 3278 5274 ὅτι
3317 5223 3365 5276 εἰ
3409 5222 3507 5290 μὲν

1926 5301 2210 5373 ἄνθρωπος
2253 5297 2320 5372 ἦν
2358 5302 2387 5354 6
2416 5301 2724 5365 καταλύσας
2765 5303 2979 5368 ἐκεῖνα,
3030 5304 3158 5374 ἐνῆν
3208 5304 3304 5357 καὶ
3356 5303 3509 5376 παρά

1992 5496 2012 5520 “-
2046 5493 2129 5542 Sic
2155 5490 2749 5555 Savil.cuj_us;lectionem
2768 5493 2996 5555 recipere
3025 5495 3180 5542 visum
3202 5498 3294 5542 est.
3335 5493 3504 5545 Monlf.

1928 5555 2051 5603 Ποῦ.
2062 5593 2072 5602 .
2082 5593 2092 5602 .
2116 5553 2402 5602 στασιασταί
2415 5571 2430 5609 ;
2454 5553 2588 5602 Εοιτ.

1989 5615 2014 5656 τι
2040 5617 2170 5670 Have.
2198 5617 2314 5677 μετὰ
2334 5616 2425 5678 γὰρ
2465 5615 2549 5678 τῂν
2573 5613 2938 5678 Οὐεσπασιανοῦ
2980 5616 3058 5663 καί
3094 5615 3238 5664 Τίτου
3257 5619 3509 5678 γενομένην

1931 5675 2458 5742 ἐρήμ‹ι›σιν,”‹ίεδιιιιι“ἱη
2485 5676 2635 5724 Savil.
2672 5677 2794 5725 etin
2821 5683 2932 5726 oclo
2965 5689 3101 5736 ωδε,
3127 5685 3182 5727 ιιι
3215 5675 3400 5728 et'mo'x
3425 5675 3505 5728 σε·

1931 5741 2130 5784 αιιριιιίε
2157 5741 2304 5784 verba
2329 5737 2458 5784 οὐτοι
2479 5741 2522 5784 οἰ
2557 5736 2791 5784 Ἰουδαῖοι.

1931 5741 2130 5803 (ιυριιιίε
2157 5741 2304 5786 verba
2329 5741 2458 5784 οὗτοι
2479 5741 2522 5784 οἰ
2557 5741 2791 5784 Ἰουδαῖοι.

1998 5804 2020 5863 ’ᾖ
2049 5801 2133 5863 Sic
2148 5799 2296 5848 Savil.
2328 5795 2493 5848 Monlf.
2520 5799 2574 5845 τὸ
2599 5797 2648 5846 δὲ
2677 5796 2802 5847 Θεοῦ
2835 5797 3167 5863 πολεμοῦντος.
3192 5799 3331 5850 linit.

1996 5861 2016 5901 ί
2039 5862 2139 5916 Alii
2164 5865 2397 5924 πανταχῆ.

3081 5945 3163 6006 26
