3866 6226
234 237 328 294 50!
1476 227 1836 284 ADVERSUS
1874 227 2175 284 .IUDx‘EOS.
2222 225 2282 276 \'.

231 349 550 410 restituere;
601 359 782 400 verum
829 357 949 398 cum
997 342 1135 396 Deus
1179 350 1362 404 esset,
1411 339 1500 409 qui
1547 340 1812 394 civitatem

230 440 444 495 illorum
486 437 853 503 subverterat,
891 435 1005 490 fieri
1044 448 1377 504 nequaquam
1416 446 1592 502 posse,
1623 441 1681 486 ut
1701 447 1821 502 quae

235 534 375 587 lleus
397 531 731 592 decreverat,
751 541 1002 597 umquam
1024 533 1287 581 everteret
1311 523 1540 578 humana
1565 523 1817 592 potentia.

233 622 374 676 Nam
397 636 511 688 quae
538 619 676 672 Deus
700 627 924 683 sanctus,
947 615 1136 686 inquit,
1166 615 1360 677 statuit,
1387 614 1497 683 quis
1518 611 1824 683 dissipabit?

233 716 307 768 Ac
332 729 536 767 manum
558 713 697 765 illius
718 709 968 764 excelsam
994 708 1105 778 quis
1125 715 1307 760 avertet
1332 703 1350 775 (
1373 705 1498 758 lsai.
1540 703 1627 758 14.
1665 702 1733 758 27
1762 701 1824 772 )?

231 809 381 864 S;ent
429 807 570 860 enim
621 817 978 874 qu:1:cumquc
1027 800 1116 855 ille
1158 798 1460 863 stabilierit,
1494 796 1824 864 \ulueritque

233 917 473 964 manere,
509 899 686 954 nullus
723 896 883 950 homo
928 903 1100 963 potest
1129 891 1373 954 demoliri
1408 908 1423 944 :
1455 889 1525 942 ita
1550 903 1824 958 quaecum-

232 1010 338 1065 que
383 993 729 1052 dcswuxerit,
779 987 1110 1057 volueritque
1153 998 1369 1038 manere
1420 982 1614 1043 diruta,
1666 993 1824 1033 nemo

235 1087 429 1156 poterit
480 1085 797 1138 iustam-are.
860 1079 1054 1134 Verum
1102 1084 1221 1130 esto
1267 1088 1430 1138 sane,
1482 1069 1682 1134 Judaei,
1729 1083 1824 1123 rex

237 1178 499 1248 templum
531 1174 842 1241 reddiderit,
864 1188 1010 1227 aram
1036 1183 1256 1240 prorsus
1281 1165 1534 1230 erexerit,
1563 1161 1823 1235 quemad-

235 1270 452 1323 modum
496 1283 590 1322 vos
623 1267 816 1321 frustra
860 1263 1099 1334 potuisse
1125 1260 1238 1317 fieri
1281 1256 1624 1326 suSpicamini
1653 1274 1667 1309 :
1697 1269 1822 1309 num

231 1373 282 1414 ct
315 1361 490 1428 ignem
510 1358 780 1412 caelestem
809 1369 840 1410 e
868 1351 1082 1408 sublimi
1110 1358 1318 1420 poterat
1336 1347 1487 1402 vobis
1505 1342 1825 1401 demittere?

232 1452 334 1518 Qui
361 1452 402 1504 si
435 1449 715 1513 defuisset,
748 1445 970 1515 impium
998 1452 1053 1498 et
1078 1443 1342 1512 impurum
1391 1438 1579 1493 fuisset
1619 1434 1824 1490 sacrili-

233 1545 400 1598 cium.
433 1542 516 1596 0b
536 1540 638 1595 hoc
657 1539 801 1594 enim
832 1536 1109 1607 perierunt
1134 1531 1224 1587 lilii
1250 1533 1451 1594 Aaron,
1475 1527 1616 1598 quod
1649 1528 1823 1596 ignem

233 1636 474 1688 alienum
503 1631 832 1686 induxerint.
863 1627 1214 1683 Nihilominus
1243 1623 1308 1677 ad
1336 1623 1516 1677 omnia
1546 1619 1822 1683 obcaecati,

233 1729 591 1782 obsecrabant
616 1741 678 1780 ac
704 1722 1092 1794 supplicabant,
1121 1729 1175 1772 ut
1211 1733 1338 1778 cum
1378 1716 1506 1782 ipsis
1531 1714 1827 1780 susciperet

233 1829 292 1876 et
344 1819 725 1889 aggrederetur
781 1813 1223 1869 instaurationem
1275 1807 1478 1876 templi.
1530 1807 1597 1859 At
1643 1805 1732 1858 ille
1774 1814 1824 1858 et

237 1914 494 1982 pecunias
521 1907 801 1979 impendit,
827 1915 880 1960 et
904 1903 1186 1974 praefectos
1213 1901 1359 1955 misit
1379 1900 1520 1952 viros
1543 1897 1823 1968 primates,

235 2013 292 2058 et
323 2001 556 2056 artiﬁces
577 1999 918 2068 undiquaque
943 1985 1145 2049 accerSi
1173 1990 1350 2061 jussit,
1379 1987 1510 2043 nihil
1541 2002 1645 2041 non
1679 1985 1821 2049 fecit,

237 2093 370 2147 nihil
405 2107 510 2147 non
544 2089 788 2154 tentavit,
835 2084 1090 2157 paulatim
1131 2097 1195 2137 ac
1233 2079 1432 2136 sensim
1485 2079 1588 2133 hoc
1638 2090 1822 2146 agens,

235 2197 572 2252 speransque
599 2181 856 2244 futurum,
885 2187 942 2231 ut
986 2176 1032 2231 si
1079 2183 1258 2246 posset
1285 2172 1402 2225 illos
1428 2169 1494 2224 ad
1524 2169 1828 2223 sacrifican-

235 2277 368 2331 dum
396 2275 667 2338 inducere,
699 2272 850 2326 facile
879 2270 997 2324 illos
1020 2276 1296 2323 revocaret
1320 2263 1385 2318 ad
1411 2263 1584 2317 cultus
1610 2260 1828 2314 simula-

237 2385 478 2424 crorum.
511 2366 679 2422 Simul
709 2374 762 2419 et
788 2362 914 2417 illud
959 2362 1073 2415 fore
1114 2357 1361 2429 Sperabat
1391 2356 1608 2409 insanus
1637 2352 1724 2406 ille
1765 2365 1828 2404 ac

240 2475 455 2525 vecors,
485 2469 542 2512 ut
580 2456 776 2510 Christi
805 2452 1119 2508 sententiam
1170 2449 1532 2511 frustraretur,
1561 2458 1680 2514 qua:
1721 2456 1826 2496 non

240 2551 442 2621 patitur
462 2548 718 2618 templum
748 2545 875 2599 illud
908 2541 1208 2599 instaurari.
1239 2540 1437 2594 Verum
1468 2537 1532 2599 is,
1563 2533 1655 2605 qui
1683 2543 1830 2587 eom-

243 2637 530 2710 prehcndit
550 2638 817 2707 sapientes
844 2635 896 2688 in
923 2635 1157 2702 ipsorum
1179 2629 1369 2684 astutia
1393 2625 1412 2699 (
1432 2628 1480 2681 ι.
1504 2624 1622 2680 Cor.
1646 2625 1699 2680 ὃ.
1728 2621 1829 2689 19;

241 2729 349 2782 Job
374 2729 428 2784 5.
463 2724 592 2798 I5),
643 2727 882 2796 protinus
914 2723 1039 2792 ipsis
1079 2720 1232 2776 factis
1274 2717 1563 2774 declaravit
1604 2715 1702 2780 illi,
1735 2712 1828 2769 Dei

237 2821 520 2876 decretum
564 2818 816 2873 omnibus
858 2829 979 2870 οξτο
1031 2811 1340 2883 potentius,
1383 2807 1661 2878 validaque
1710 2819 1829 2860 esse

237 2925 406 2982 opera
436 2923 743 2965 sermonum
794 2905 906 2960 Dei.
955 2903 1086 2958 Nam
1129 2901 1288 2957 simul
1332 2909 1493 2968 atque
1537 2903 1832 2953 Ieutassent

239 3005 387 3058 hune
408 3003 628 3072 impium
644 3008 910 3061 conatum,
936 2997 1225 3065 caspissent
1243 2991 1444 3047 nudare
1467 2988 1826 3052 fundamenta,

237 3095 464 3151 multam
489 3103 686 3148 terram
707 3088 1098 3147 exhausissent,
1120 3093 1455 3152 restaretque
1480 3089 1538 3136 ut
1553 3080 1662 3150 jam
1685 3088 1727 3132 st
1737 3094 1828 3132 ru—

236 3197 448 3240 cturam
480 3181 894 3254 aggrederentur
918 3197 931 3234 :
957 3177 1199 3246 protinus
1225 3175 1360 3243 ignis
1385 3172 1637 3227 exsiliens
1657 3186 1686 3225 e
1713 3169 1830 3223 fnu-

239 3276 512 3332 damentis
537 3272 740 3329 exussit
782 3269 998 3333 multos,
1032 3267 1264 3336 itemque
1291 3262 1493 3333 lapides
1522 3276 1589 3316 eo
1629 3261 1679 3314 in
1713 3261 1831 3313 loco

238 3368 448 3439 positos
469 3407 484 3432 ,
517 3374 574 3420 et
603 3361 1034 3432 intempestivam
1081 3355 1431 3427 pertinaciam
1478 3351 1762 3420 interrupit
1790 3351 1828 3400 ι.

237 3461 353 3516 Nec
391 3459 562 3513 solum
589 3454 684 3526 qui
709 3453 859 3522 operi
887 3450 1155 3506 instabant
1173 3489 1190 3515 ,
1216 3446 1310 3502 sed
1337 3446 1495 3501 etiam
1525 3443 1830 3499 Judarorum

243 3549 402 3607 multi
431 3557 652 3617 stupore
681 3559 745 3598 ac
773 3543 968 3598 rubore
1008 3539 1198 3610 repleti
1239 3546 1382 3591 sunt.
1415 3535 1616 3602 Quibus
1639 3531 1832 3586 auditis

236 3642 484 3699 Julianus
516 3639 833 3708 Imperator,
855 3645 1175 3703 quamquam
1212 3636 1356 3683 tanta
1381 3626 1595 3681 vesania
1621 3623 1832 3678 deditus

239 3741 361 3790 erat
400 3730 475 3784 illi
517 3728 751 3799 negotio,
785 3725 986 3779 veritus
1031 3730 1208 3776 tamen
1255 3733 1322 3773 ne
1355 3719 1488 3772 ultra
1521 3727 1832 3786 progressus

241 3826 472 3878 insuum
501 3820 665 3888 ipsius
693 3825 852 3881 caput
878 3813 1053 3884 ignem
1093 3816 1412 3873 accerseret,
1441 3806 1647 3862 destitit
1663 3806 1833 3860 victus

239 3927 366 3968 cum
399 3920 505 3964 tota
533 3918 711 3980 gente.
735 3901 804 3960 Et
830 3919 969 3959 nunc
989 3903 1034 3958 si
1057 3901 1239 3957 venias
1265 3898 1675 3967 .lernsolymam,
1706 3910 1833 3950 con-

240 4003 442 4074 spicies
472 3999 611 4055 nuda
663 3995 1007 4052 fundamenta
1043 4011 1056 4048 :
1084 3991 1224 4062 quod
1255 3989 1300 4063 si
1335 4003 1548 4044 causam
1584 4000 1830 4057 queras,

240 4111 353 4151 non
382 4093 538 4148 aliam
580 4104 739 4162 quam
785 4088 923 4142 hanc
966 4085 1172 4139 audies.
1207 4081 1371 4150 IIujus
1411 4079 1487 4134 rei
1519 4093 1615 4133 nos
1643 4091 1833 4132 omnes

242 4195 413 4240 testes
439 4195 624 4238 sumus
654 4197 668 4233 :
702 4188 882 4234 nostra
905 4175 1046 4231 enim
1080 4181 1234 4228 mtate
1255 4171 1371 4226 hzec
1397 4185 1501 4225 non
1534 4169 1602 4222 ita
1628 4169 1832 4238 pridem

241 4275 574 4331 acciderunt.
605 4272 724 4328 Jam
763 4269 1041 4325 considera
1089 4266 1364 4321 victoriam
1402 4263 1684 4333 insignem.
1715 4261 1831 4316 Non

243 4367 391 4421 enim
429 4365 531 4419 hoc
567 4361 758 4417 accidit
785 4360 885 4415 sub
913 4358 1014 4428 piis
1041 4355 1475 4427 Imperatorihus,
1504 4367 1603 4408 nec
1636 4352 1726 4424 qui
1746 4351 1834 4406 di-

243 4471 372 4511 cere
415 4454 639 4525 possint,
678 4450 1008 4506 Christianos
1047 4461 1182 4516 opus
1221 4445 1403 4512 perlici
1442 4445 1709 4508 vetuisse;
1738 4443 1832 4499 sed

246 4561 361 4601 tum
387 4560 508 4600 cum
539 4557 626 4598 res
652 4550 848 4596 nostra:
889 4547 1071 4594 essent
1115 4536 1346 4602 afﬂictw,
1387 4550 1508 4590 cum
1539 4549 1728 4590 omnes
1768 4536 1835 4591 de

245 4639 355 4691 vita
377 4634 818 4704 perielitaremur.
841 4645 963 4684 cum
983 4628 1157 4684 omnis
1178 4628 1398 4682 libertas
1425 4636 1568 4682 esset
1589 4626 1798 4680 sublata
1817 4666 1832 4690 ,

245 4742 372 4783 cum
401 4725 621 4782 ﬂoreret
647 4723 1018 4794 paganismus,
1048 4734 1170 4774 cum
1201 4717 1385 4773 fideles
1409 4717 1499 4772 alii
1535 4718 1749 4788 quidem
1782 4718 1835 4772 in

247 4821 456 4878 a2dihus
491 4819 602 4875 suis
641 4817 931 4879 Iatitarent,
975 4813 1062 4867 alii
1094 4828 1221 4868 vero
1243 4811 1294 4866 in
1325 4811 1636 4865 solitudines
1660 4809 1833 4865 demi-

246 4921 488 4986 grarent,
536 4910 755 4979 foraque
786 4909 1046 4978 lugerent,
1092 4915 1202 4960 tum
1242 4903 1456 4959 demum
1485 4903 1598 4959 haec
1623 4905 1836 4959 accide-

249 5017 398 5070 runt,
447 5019 514 5060 ne
542 5017 645 5074 qua
668 5009 893 5058 restaret
917 5000 1023 5054 illis
1053 4995 1394 5067 impudentiae
1435 4997 1666 5052 occasio.

327 5099 415 5153 i2.
447 5095 690 5150 Etiamne
713 5092 889 5147 adhuc
913 5089 1143 5151 dubitas,
1177 5087 1378 5151 Judaze,
1401 5102 1520 5142 cum
1549 5087 1837 5158 perspicias

251 5202 308 5248 ct
339 5207 404 5247 ex
436 5188 631 5244 Christi
664 5185 1026 5255 prmdietione,
1057 5191 1110 5236 et
1147 5195 1217 5235 ex
1251 5178 1628 5250 prophetarmu
1658 5180 1840 5234 vatici-

257 5290 383 5352 niis,
416 5293 470 5340 et
507 5298 572 5338 ex
615 5283 846 5351 ipsarum
887 5292 1063 5331 rerum
1109 5273 1565 5329 demonstratione
1605 5273 1841 5326 testimo-

256 5383 403 5436 nium
431 5387 614 5433 contra
645 5384 695 5428 te
723 5372 890 5428 ferri?
918 5370 1112 5424 Verum
1141 5366 1272 5422 nihil
1298 5366 1489 5420 mirum
1523 5374 1624 5420 est.
1656 5364 1839 5419 Istius-

258 5472 404 5529 tnudi
465 5470 658 5540 quippe
717 5465 815 5518 fuit
862 5472 951 5516 tua
1001 5460 1182 5524 natio,
1221 5457 1290 5512 ab
1343 5457 1494 5510 initio
1541 5455 1742 5511 eﬂ'rons
1787 5465 1841 5509 et

325 5569 342 5598 ¹
370 5572 452 5613 lite
493 5559 915 5624 quzedamdesunt
958 5557 1007 5603 in
1040 5562 1144 5624 Mss.
1170 5552 1379 5624 aliquot,
1407 5564 1517 5624 qua:
1540 5549 1769 5624 leguntur
1793 5551 1842 5624 in

260 5611 448 5683 Nerei;
468 5611 606 5675 savil.
625 5629 676 5672 et
694 5618 1054 5683 aliis.ltemque
1072 5614 1162 5664 alia
1181 5611 1306 5662 male
1331 5611 1526 5683 inserta,
1548 5611 1843 5683 ne'elamanto

265 5688 420 5740 Servilii
438 5681 661 5736 'Fditionc
691 5682 1009 5740 omnibusque
1042 5684 1169 5738 uss,
1193 5681 1434 5738 expuncta
1456 5682 1585 5724 sunt.

3413 221 3518 277 901

1931 339 2216 407 pervicax,
2261 349 2580 404 semperque
2628 334 2787 389 rebus
2842 334 3182 390 evidentibus
3215 351 3516 406 repugnare

1926 430 2103 484 Solita.
2135 419 2228 482 Vis
2249 436 2379 483 utet
2403 426 2540 481 alios
2568 425 2858 496 prophetas
2884 426 2937 481 in
2965 435 3017 482 tc
3045 441 3270 492 armem,
3297 428 3389 499 qui
3413 427 3518 484 huc

1927 519 2100 588 ipsum
2125 528 2310 587 aperte
2333 517 2535 580 dicunt,
2561 518 2792 572 futurum
2815 525 2873 570 ut
2893 526 3070 573 vestra
3097 517 3258 573 finem
3285 518 3522 575 sortian-

1911 620 2036 677 ~tur,
2069 619 2250 665 nostra
2270 619 2457 664 contra
2472 608 2815 667 ellloreseant
2833 629 2848 677 ;
2863 617 3082 679 totoque
3103 618 3362 664 terrarum
3388 613 3522 666 orbe

1930 713 2247 773 prepagetur
2262 701 2456 757 Christi
2493 701 2834 770 praeconium,
2854 700 3105 769 aliudque
3133 702 3522 756 SilCI‘iiiCiOI'lllil

1927 810 2096 865 genus
2125 794 2424 859 inducatur,
2455 794 2518 848 iis
2543 807 2661 863 qua:
2690 792 2829 863 apud
2858 809 2954 846 vos
2977 793 3188 848 fuerunt
3211 795 3524 865 abrogatis?

1929 887 2065 941 Audi
2095 888 2254 956 igitur
2278 885 2613 950 Malachiam,
2643 886 2731 954 qui
2763 884 2972 939 creteris
3003 885 3276 955 prophetis
3297 885 3398 941 fuit
3431 901 3527 956 po-

1928 977 2165 1032 sterior:
2196 975 2430 1030 nondum
2470 974 2614 1030 enim
2660 973 2810 1029 Isaiae
2855 985 2946 1029 aut
2984 974 3233 1030 Jeremiaa
3282 976 3523 1046 produn:

1931 1070 2296 1126 testimonium
2322 1110 2338 1134 ,
2370 1083 2546 1138 neque
2571 1067 2882 1138 cujusquam
2921 1067 3146 1124 aliorqu
3175 1067 3265 1137 qui
3293 1081 3522 1136 praeces-

1928 1167 2120 1215 serunt
2171 1159 2494 1229 captivitatis
2541 1166 2786 1228 tempus,
2836 1171 2907 1212 ne
2950 1156 3130 1213 dicere
3179 1158 3349 1226 possis
3402 1160 3521 1212 hare

1930 1249 2092 1314 mala,
2124 1263 2244 1319 quae
2272 1248 2656 1318 prtedixerunt,
2683 1246 2940 1302 accidisse
2970 1247 3021 1301 in
3048 1247 3351 1317 captivitate
3379 1264 3392 1301 :
3424 1248 3520 1301 sed

1929 1340 2137 1396 adduco
2167 1340 2504 1411 prophetam,
2533 1339 2621 1409 qui
2639 1339 2735 1393 fuit
2757 1348 2876 1408 post
2896 1339 3121 1393 reditum
3143 1355 3205 1392 ex
3225 1339 3517 1409 Babylmie,

1929 1445 1992 1484 ac
2020 1439 2138 1499 post
2165 1430 2395 1484 civitatis
2425 1429 2887 1494 instaurationem,
2929 1428 3100 1498 deque
3128 1431 3288 1483 rebus
3328 1429 3520 1483 vestris

1929 1531 2112 1590 aperte
2151 1519 2469 1575 vaticinatus
2492 1528 2594 1574 est.

2001 1611 2131 1666 Post
2169 1613 2512 1682 captivitatem
2528 1609 2895 1681 Babylonicum
2945 1609 3230 1665 Malae/tias
3267 1609 3518 1665 Christia-

1929 1719 2052 1758 num
2079 1703 2272 1757 cultant
2313 1701 2886 1772 prwdixit.-Etenim
2921 1711 3199 1772 postquam
3235 1702 3520 1757 rediissent

1930 1809 1996 1849 ac
2025 1795 2268 1850 restituta
2297 1794 2513 1849 civitate
2559 1793 2816 1862 templum
2861 1793 3278 1860 exstruxissent,
3307 1793 3516 1849 sacrifi-

1929 1885 2120 1955 ciaque
2169 1886 2503 1955 peregissent
2543 1901 2559 1939 :
2600 1884 2738 1939 hanc
2773 1893 3095 1954 przeseutem
3129 1882 3516 1940 desolationem

1930 1975 2264 2044 praedicens,
2298 1975 2636 2046 futuramque
2689 1974 3070 2030 sacrificiorum
3126 1975 3514 2040 sublationem,

1932 2066 2037 2122 hoc
2061 2077 2215 2136 pacto
2235 2083 2302 2122 ex
2324 2081 2550 2136 persona
2577 2065 2673 2121 Dei
2707 2065 2939 2136 loquitur
2968 2065 3254 2120 Malachias
3280 2085 3295 2121 :
3325 2066 3386 2123 Si
3427 2084 3518 2120 ac-

1931 2158 2117 2228 cipiam
2140 2157 2296 2228 facies
2320 2168 2509 2211 vestras
2527 2197 2543 2224 ,
2573 2156 2696 2209 dicit
2739 2155 2989 2210 Dominus
3026 2157 3375 2226 omnipotens,
3396 2173 3522 2227 quo-

1931 2249 2070 2326 niam
2113 2247 2176 2300 ab
2213 2258 2331 2301 ortu
2375 2247 2498 2301 solis
2544 2261 2701 2314 usque
2746 2245 2814 2299 ad
2851 2261 3084 2300 occasum
3129 2263 3311 2301 nomen
3353 2264 3522 2302 meum

1930 2339 2271 2412 glariﬁcatum
2292 2349 2364 2394 est
2389 2340 2520 2393 inter
2541 2349 2713 2410 gentes
2731 2377 2748 2405 ,
2777 2348 2824 2392 et
2863 2339 2918 2392 in
2942 2340 3081 2393 omni
3123 2340 3233 2394 loco
3262 2340 3520 2395 incensum

1931 2430 2144 2505 offertur
2171 2431 2363 2485 nomini
2390 2447 2500 2484 meo
2517 2470 2533 2494 ,
2561 2439 2607 2484 et
2647 2430 2957 2496 sacriﬁcium
2985 2447 3186 2501 purum.
3230 2430 3330 2486 Vos
3353 2443 3522 2488 autem

1933 2523 2242 2592 profanastis
2270 2521 2400 2577 illud
2421 2521 2578 2592 (Mal.
2603 2524 2655 2576 1.
2678 2522 2788 2592 Η).
2808 2521 3032 2589 Quando
3057 2521 3173 2577 haec
3199 2533 3516 2590 evenerunt,

1932 2611 2152 2667 Judzee?
2180 2611 2405 2680 Quando
2450 2612 2506 2666 in
2539 2612 2686 2666 omni
2718 2612 2838 2666 loco
2869 2613 3145 2668 incensqu
3173 2613 3412 2668 oblatum
3438 2624 3523 2670 est

1935 2701 2084 2757 Deo?
2130 2702 2355 2768 Quando
2394 2701 2718 2757 sacrificium
2765 2703 2994 2772 purum?
3039 2702 3154 2758 Non
3179 2705 3350 2773 possis
3375 2705 3520 2761 aliud

1933 2791 2174 2863 proferre
2213 2802 2450 2863 tempus,
2500 2809 2660 2864 quam
2699 2794 2802 2851 hoc
2826 2833 2840 2860 ,
2884 2803 3233 2866 posteaquam
3274 2795 3520 2854 Christus

1933 2885 2167 2941 advenit.
2203 2885 2356 2954 Quod
2383 2886 2483 2941 nisi
2510 2887 2577 2942 de
2605 2885 2709 2942 hoc
2743 2896 2985 2958 tempore
3009 2889 3273 2958 praedixit,
3323 2893 3425 2948 nisi
3450 2893 3521 2949 de

1934 2985 2120 3033 nostro
2135 2977 2395 3032 sacrilicio
2418 2977 2739 3033 vaticinatus
2759 2988 2863 3046 est,
2891 2979 2986 3034 sed
3007 2979 3073 3034 de
3091 2979 3333 3048 Judaico,
3356 2985 3517 3039 etiam

1944 3066 2048 3137 legi
2081 3075 2353 3137 repugnat
2385 3068 2688 3138 prophetia.
2715 3068 2850 3124 Nam
2885 3083 3010 3123 cum
3043 3067 3221 3123 Moses
3240 3075 3386 3122 vetet
3408 3067 3521 3120 ullo

1943 3157 2050 3212 alio
2068 3157 2122 3211 in
2141 3157 2264 3212 loco
2277 3158 2608 3213 sacriﬁcium
2629 3158 2768 3224 Ileri,
2785 3169 3144 3230 praeterquam
3165 3159 3218 3213 in
3239 3171 3326 3225 eo,
3353 3172 3518 3227 quem

1941 3247 2107 3320 elegit
2130 3247 2396 3306 Dominus
2427 3249 2573 3307 Deus
2598 3251 3308 3323 (Deut.16.5.6),cumque
3342 3251 3434 3307 ille
3460 3251 3517 3306 in

1934 3356 2098 3396 unum
2129 3342 2308 3396 locum
2334 3341 2596 3396 sacriﬁcia
2627 3341 2714 3396 illa
2739 3342 3083 3409 concluserit,
3105 3358 3235 3400 sane
3261 3345 3520 3417 propheta

1935 3432 2141 3499 dicens,
2181 3432 2325 3503 quod
2360 3432 2412 3486 in
2439 3432 2588 3488 omni
2616 3432 2735 3487 loco
2765 3433 3040 3488 incensum
3071 3434 3392 3491 adolendum
3418 3438 3517 3505 sit,

1935 3538 2000 3579 ac
2024 3524 2344 3580 sacrificium
2381 3540 2574 3597 purum
2593 3564 2610 3593 ,
2642 3526 2958 3582 adversatur
2977 3542 3042 3584 ac
3080 3537 3342 3600 repugnat
3366 3530 3522 3586 Mosi.

1939 3615 2137 3671 Verum
2182 3615 2325 3697 nulla
2367 3625 2451 3672 est
2491 3617 2631 3672 inter
2655 3617 2776 3672 illos
2801 3633 2974 3689 pugna
2995 3658 3013 3686 ,
3040 3633 3213 3689 neque
3237 3621 3520 3677 dissensio.

1938 3708 2031 3764 Ille
2051 3709 2119 3765 de
2143 3709 2250 3763 alio
2277 3709 2528 3779 loquutus
2553 3717 2636 3764 est
2661 3709 2924 3764 sacriﬁcio
2948 3751 2965 3778 ,
2998 3721 3054 3766 et
3078 3713 3162 3767 hic
3187 3713 3256 3768 de
3274 3713 3380 3767 alio
3402 3725 3528 3785 post

1936 3802 2252 3856 vaticinatus
2269 3812 2370 3854 est.
2405 3798 2556 3855 Unde
2582 3799 2683 3854 huc
2711 3801 3041 3856 declaratur?
3069 3801 3205 3857 Tum
3231 3805 3384 3860 exiis
3405 3820 3526 3875 quae

1937 3890 2079 3946 dicta
2118 3901 2262 3958 sunt,
2299 3899 2409 3945 tum
2437 3906 2506 3946 ex
2531 3891 2650 3944 aliis
2676 3893 2920 3961 plurimis
2957 3894 3150 3963 signis.
3190 3896 3270 3950 Ac
3294 3897 3525 3966 primum

1937 3999 2003 4041 ex
2033 3985 2150 4056 ipso
2175 3985 2292 4040 loco
2321 4002 2336 4038 :
2369 4000 2474 4039 non
2499 3984 2643 4038 enim
2688 3986 2740 4039 in
2769 4001 2873 4040 una
2913 3983 3148 4052 civitate,
3177 3990 3529 4057 quemadmo-

1938 4079 2064 4133 dum
2089 4078 2189 4134 sub
2216 4076 2435 4144 Judteis,
2488 4077 2586 4133 sed
2633 4077 2698 4130 ab
2722 4087 2844 4132 ortu
2873 4078 2994 4132 solis
3019 4093 3177 4149 usque
3203 4079 3272 4132 ad
3290 4097 3526 4137 occasum

1940 4171 2184 4242 praedixit
2211 4172 2349 4226 hanc
2373 4169 2635 4226 culturam
2674 4185 2797 4226 esse
2833 4169 3226 4226 celebrandam.
3260 4171 3532 4231 Prtetereo

1939 4277 2003 4318 ex
2035 4260 2283 4320 Sacriﬁcii
2309 4261 2503 4329 modo,
2547 4261 2807 4332 siquidem
2848 4277 3032 4332 purum
3063 4261 3191 4318 illud
3219 4265 3526 4334 appellans,

1939 4352 2238 4409 declaravit
2281 4351 2349 4409 de
2395 4368 2503 4427 quo
2542 4354 2869 4424 loqueretur.
2909 4352 3147 4424 Denique
3201 4370 3231 4408 a
3283 4359 3530 4425 personis

1941 4448 2299 4505 oﬂ'ercntium.
2329 4447 2443 4504 Non
2459 4448 2602 4502 enim
2622 4445 2773 4512 dixit,
2800 4446 2852 4500 in
2874 4445 3056 4513 Israel,
3084 4446 3177 4502 sed
3199 4448 3252 4500 in
3276 4451 3527 4517 gentibus.

1941 4544 2020 4599 Ac
2049 4558 2116 4598 ne
2145 4551 2358 4613 putares
2383 4539 2524 4611 quod
2552 4541 2606 4593 in
2634 4555 2738 4593 una
2780 4537 3053 4594 duabusvc
3081 4548 3176 4595 aut
3201 4541 3370 4595 tribus
3393 4543 3530 4596 civi-

1945 4636 2140 4690 tatibus
2165 4633 2268 4689 hoc
2292 4633 2516 4688 cultura:
2551 4644 2720 4701 genus
2765 4630 3169 4685 instaurandum
3210 4640 3391 4700 esset,
3422 4647 3530 4698 non

1943 4726 2258 4798 simpliciter
2274 4724 2435 4790 dixit,
2457 4725 2511 4778 in
2530 4723 2676 4777 omni
2703 4722 2844 4788 loco,
2869 4721 2986 4788 sed,
3005 4721 3080 4775 Ab
3104 4731 3219 4776 ortu
3237 4724 3359 4778 satis
3377 4741 3534 4796 usque

1943 4822 2011 4874 ad
2035 4833 2269 4874 occasum
2310 4832 2329 4869 :
2358 4815 2732 4870 demonstrans
2763 4813 2904 4883 quod
2934 4823 3191 4884 quantum
3237 4824 3396 4872 term
3451 4819 3534 4873 sol

1944 4910 2152 4980 aspicit,
2197 4905 2524 4962 tantumdem
2560 4905 2910 4974 Evangelium
2956 4914 3101 4959 esset
3125 4916 3530 4974 occupaturum.

1951 5001 2146 5056 Parum
2171 5009 2350 5054 autem
2370 4997 2500 5053 dicit
2527 4995 2845 5052 sacriﬁcium
2871 5033 2886 5061 ,
2914 4995 3064 5065 quasi
3092 4996 3239 5066 prius
3255 4997 3385 5054 illud
3407 4999 3534 5055 fuis-

1946 5104 2032 5150 set
2055 5093 2343 5163 impumm,
2377 5103 2482 5145 non
2503 5088 2718 5159 quidem
2743 5097 2928 5158 suapte
2948 5098 3158 5156 natura,
3197 5088 3293 5144 sed
3339 5092 3532 5146 volun-

1948 5197 2058 5244 tato
2085 5185 2420 5241 oll‘ereutium
2453 5199 2465 5236 :
2495 5192 2549 5237 et
2574 5182 2694 5238 ideo
2717 5183 2850 5237 dixit
2880 5199 2894 5236 :
2925 5181 3198 5236 Incensum
3226 5185 3537 5238 abominatio

1948 5291 2021 5338 est
2045 5280 2169 5335 mihi
2199 5281 2216 5348 (
2245 5277 2370 5333 lsai.
2400 5277 2450 5331 1.
2487 5276 2615 5346 15).
2653 5276 2982 5345 Quamquam
3012 5283 3066 5330 et
3101 5276 3299 5346 alioqui
3338 5277 3384 5331 si
3415 5279 3536 5347 quis
3579 5262 3600 5277 ⁸

1949 5377 2122 5445 ipsum
2165 5373 2267 5427 hoc
2296 5369 2615 5425 sacriﬁcium
2641 5366 2880 5422 conferat
2905 5369 3025 5419 cum
3057 5366 3147 5438 illo
3174 5405 3190 5430 ,
3221 5366 3407 5435 ingens
3434 5368 3534 5422 im-

1951 5479 2300 5536 mensumque
2340 5461 2625 5518 discrimen
2673 5459 2935 5523 inveniet,
2981 5464 3038 5510 ut
3081 5455 3230 5526 juxta
3256 5473 3534 5529 compara-

1952 5559 2114 5615 tionis
2163 5556 2425 5612 rationem
2477 5553 2654 5609 solum
2704 5550 2804 5605 hoc
2852 5563 3041 5620 purum
3090 5547 3194 5601 dici
3244 5560 3534 5608 mercatur.

1957 5652 2213 5724 Quodque
2242 5653 2308 5710 de
2329 5645 2444 5723 lege
2467 5647 2702 5718 etgratia
2722 5642 3082 5707 dixitPaulus,
3103 5657 3170 5697 ue
3185 5641 3534 5713 gl:_n-iticatutn
