1933 3113
187 122 239 149 003
562 116 589 145 S.
611 115 749 145 JOANNlS
768 111 1008 142 CllltYSOSTOMl
1029 110 1188 144 ARCIIIEI’.
1209 109 1472 139 CONSTANTINOP.
1779 109 1829 138 ἔξω

188 179 293 213 quidem
308 177 366 208 fuit,
382 176 451 211 quod
466 179 522 202 erat
537 174 724 209 gloriﬁcalum,
739 176 847 207 propter
860 171 981 198 cmineu-

188 229 240 251 tem
263 224 374 259 gloriam
399 222 440 257 (‘2.
456 221 513 247 Cor.
529 221 554 248 5.
572 219 622 254 10)
638 228 644 246 :
661 219 730 246 idem
753 222 780 244 ct
804 217 845 244 hic
870 216 982 243 ﬁdenter

187 271 344 302 dixerimus,
358 268 479 296 videliCet
493 267 541 294 hoc
552 266 711 293 sacriﬁcium
721 272 781 291 cum
797 264 842 290 illo
854 262 980 290 collatum

186 317 272 344 solum
290 315 340 343 dici
363 315 461 342 debere
485 321 589 348 ptlrum.
615 312 671 339 Non
687 311 756 338 enim
772 318 819 344 per
835 310 934 336 fninum
951 316 980 335 ac

187 363 326 394 nidorem,
340 368 392 388 non
407 368 452 395 per
467 359 622 393 sanguinem
635 364 665 384 ac
679 355 869 391 redemptionis
883 354 978 389 pretia,

187 408 233 435 sed
249 415 294 442 per
307 406 420 441 Spiritus
434 405 543 438 gratiam
558 403 675 431 offertur.
689 402 755 429 Audi
767 402 845 435 igitur
856 405 882 427 ct
898 400 978 426 alium

187 453 343 487 prophetam
366 451 416 477 hoc
437 450 505 477 idem
522 449 706 484 prmdieentcm
721 468 727 479 ,
744 446 814 481 quod
829 445 876 472 Dei
895 444 980 471 cultus

187 506 239 526 non
254 496 512 526 circumscribendus
528 500 598 522 csset
622 495 680 521 loro
693 515 699 523 .
723 493 767 519 sed
788 492 872 527 ipsum
887 498 980 517 omnes

186 545 312 578 deinceps
327 544 447 571 homines
460 548 550 570 essent
565 541 705 576 cognituri.
731 539 879 574 Sophonias
891 544 978 564 autem

186 591 219 617 ad
235 592 303 617 lulnc
318 590 425 616 modum
447 589 562 622 loquitur
579 597 584 613 :
602 587 737 622 Appio-abit
760 591 842 612 (tillcm
858 585 980 611 Dominus

187 645 262 671 super
277 644 362 662 omnes
387 640 487 670 gentes,
509 639 533 661 et
557 633 662 660 abolebit
677 640 761 659 euntes
783 632 841 657 deos
856 631 976 665 gentium,

187 687 209 708 et
230 682 372 707 odorabunt
393 681 464 706 illum
478 688 490 706 θ
504 688 548 705 suo
569 679 672 713 quisque
691 679 745 704 loco
768 676 862 712 (Soph.
877 676 904 701 2.
923 676 979 709 Η).

186 727 266 760 Atqui
280 734 331 753 non
346 726 502 760 permissum
520 726 568 751 hoc
583 725 640 755 fuit,
656 723 702 750 sed
716 723 801 749 Moses
814 730 865 748 uno
877 721 902 747 in
920 721 978 747 loro

187 772 331 798 sacrificari
353 771 442 805 jussit.
473 771 538 796 Cum
566 769 644 802 igitur
661 768 751 794 audias
768 766 910 801 prophetas
930 766 979 792 hoc

186 816 362 850 prmdiccntcs
376 824 406 842 ac
420 815 611 845 vaticinantes,
627 813 696 848 quod
711 822 762 839 non
783 813 807 838 in
822 819 899 838 unam
916 811 980 837 civi-

191 866 283 894 tatem,
300 869 386 896 neque
399 862 424 888 in
439 869 519 888 unum
536 861 623 887 locum
637 858 813 893 compellendi
826 858 878 884 sitit
896 857 980 883 homi-

186 914 243 939 nes,
258 907 305 934 sed
317 915 371 934 sua:
381 907 492 941 quisque
505 906 576 932 domi
592 906 688 932 sedens
697 905 730 931 sit
740 904 859 931 culturus
874 903 958 930 Deum
972 908 977 924 τ

185 952 254 986 quod
266 952 336 978 aliud
351 952 436 986 possis
450 951 544 985 adferre
556 955 659 985 tempus
675 958 752 984 quam
774 949 824 976 hoc
841 948 979 983 praesens?

186 997 255 1023 Audi
275 1005 340 1024 sane
361 1005 413 1031 quo
437 1002 515 1031 pacto
536 1001 562 1023 et
585 996 727 1030 Evangelia
742 999 770 1022 et
792 995 978 1029 apostolicum

185 1042 325 1076 prophetia
334 1042 504 1069 concordent.
521 1041 569 1068 llic
579 1041 643 1067 dixit
661 1050 666 1067 :
681 1040 817 1075 Apparebit
833 1040 978 1070 Dominus;

184 1089 328 1121 Apostolus
342 1088 377 1114 ait
393 1097 398 1114 :
416 1088 542 1122 Apparuit
560 1088 641 1122 gratia
660 1086 709 1112 Dei
728 1086 846 1112 salutaris
865 1085 978 1111 oumibus

185 1134 327 1160 hominibus
339 1155 346 1167 ,
368 1134 482 1160 erudiens
496 1141 557 1165 nos;
581 1133 623 1160 hic
641 1132 744 1166 inquit,
767 1132 850 1165 Super
870 1135 955 1165 gentes
969 1139 978 1156 :

185 1179 244 1210 ille,
267 1178 351 1212 Super
369 1186 454 1205 omnes
469 1178 602 1209 homines;
624 1177 666 1203 hic
683 1176 749 1203 dixit
766 1185 772 1203 :
788 1176 900 1202 Abolebit
920 1176 979 1201 deos

185 1232 279 1255 eorum,
295 1222 348 1255 ille,
364 1223 489 1249 Erudiens
504 1231 560 1255 nos,
574 1228 600 1248 ut
615 1223 765 1257 abnrgantes
780 1221 933 1255 impietatem
947 1228 977 1246 ac

184 1270 317 1296 swcularia
330 1270 468 1301 desideria,
490 1270 570 1296 sobrie
582 1274 604 1295 ct
618 1270 688 1304 justo
701 1274 724 1295 et
735 1270 774 1303 pic
788 1268 898 1294 vivamus
912 1266 976 1302 (Tit.

184 1316 211 1342 2.
237 1316 297 1350 Η).
325 1316 424 1343 llursus
449 1316 570 1342 Christus
594 1315 766 1342 Samarilauie
790 1315 878 1341 dixit:
899 1313 978 1340 Crede

184 1362 264 1392 mihi,
287 1362 391 1393 mulier,
414 1362 474 1395 quia
493 1362 557 1387 venit
581 1362 661 1393 liora,
682 1361 783 1394 quando
797 1368 841 1387 nec
854 1360 880 1386 in
895 1365 978 1386 monte

185 1407 249 1438 hoc,
271 1415 314 1432 nec
332 1406 497 1441 Jcrasolymis
520 1406 656 1432 adorubtlis
675 1406 789 1433 Patrem.
815 1405 926 1439 Spiritus
939 1410 974 1430 est

185 1451 271 1482 Dens;
291 1458 313 1478 et
328 1453 370 1486 qui
381 1460 437 1478 eum
452 1452 569 1482 adorant,
585 1451 611 1477 in
626 1451 716 1485 spiritu
731 1456 752 1476 ct
767 1451 867 1477 veritate
880 1455 977 1483 oportet

184 1497 290 1523 adorare
304 1496 392 1531 (Ioau.
408 1497 433 1523 4.
449 1496 505 1531 21).
532 1496 593 1523 Ηωο
607 1501 695 1523 autem
718 1495 838 1528 dicebat,
855 1495 931 1521 simul
947 1498 974 1521 et

1035 170 1219 197 necessitatem
1235 168 1330 195 tollens
1343 167 1499 195 observandi
1517 168 1566 194 loci
1578 189 1584 199 ,
1605 172 1632 195 et
1643 168 1729 194 cultus
1744 169 1832 195 sutili-

1035 215 1103 242 mius
1119 216 1253 249 magisque
1266 214 1403 248 spirituale
1416 221 1499 248 genus
1514 213 1652 240 inducens.
1672 214 1709 240 Ex
1726 214 1769 240 his
1783 214 1831 247 igi-

1035 266 1078 288 tur
1099 269 1204 288 rursum
1228 266 1332 294 poterat
1352 260 1550 293 denionstrari,
1578 265 1636 294 post
1660 259 1717 287 hate
1743 267 1832 294 neque

1034 306 1179 339 sacriﬁcia,
1206 314 1291 340 neque
1311 306 1506 336 sacerdotium,
1533 313 1619 340 neque
1642 312 1732 339 regem
1757 305 1829 339 apud

1033 352 1140 380 Jndicos
1156 352 1268 378 futurum
1284 358 1352 378 esse.
1369 351 1433 377 Nam
1445 358 1491 385 per
1505 350 1577 377 urbis
1591 351 1758 377 eversionem
1773 351 1831 378 lim

1033 398 1122 424 omnia
1138 397 1302 432 potissimum
1316 396 1394 423 simul
1409 397 1518 431 probata
1532 401 1602 424 sunt.
1618 398 1740 424 Attamen
1755 401 1832 431 poto-

1034 452 1122 471 ranius
1135 449 1161 470 et
1182 443 1325 478 prophetas
1347 443 1479 477 allegare,
1503 443 1546 477 qui
1568 442 1618 470 hoc
1639 450 1770 477 explesse
1791 444 1831 470 lo-

1034 496 1150 526 quuntur
1166 500 1172 517 :
1187 491 1232 518 sed
1255 491 1332 518 video
1351 499 1399 518 vos
1415 490 1542 518 orationis
1557 489 1720 525 longitudine
1734 489 1831 524 fatiga-

1035 543 1092 569 tos,
1120 545 1267 572 vereorque
1292 546 1325 565 ne
1352 538 1446 564 frustra
1472 542 1624 571 temcrcque
1650 536 1742 563 videar
1768 543 1831 563 esse

1034 584 1171 610 "mlestus.
1188 584 1353 618 Quapropter
1366 583 1498 618 pollicitus
1511 590 1554 610 mc
1568 582 1624 609 hare
1639 582 1693 608 alio
1706 586 1830 615 tempore

1033 630 1214 656 alisolutnrum
1228 651 1235 661 ,
1262 630 1325 657 illud
1345 630 1450 656 interim
1473 629 1572 664 rogabo
1586 637 1632 656 vos
1645 650 1652 661 ,
1678 634 1708 655 ιιι
1730 629 1828 656 fratres

1034 681 1135 703 vestros
1157 677 1269 703 servetis
1281 697 1287 709 ,
1307 678 1341 704 ab
1359 684 1449 703 errore
1471 676 1601 703 rcvocctis
1613 696 1620 708 ,
1641 676 1673 702 ad
1687 675 1828 702 veritatem

1034 722 1175 750 reducatis.
1202 722 1269 749 Nihil
1284 723 1354 749 enim
1380 722 1506 756 profuerit
1530 722 1655 753 audisse,
1682 721 1731 747 nisi
1758 721 1827 747 facta

1033 768 1249 794 demonstrentur
1263 788 1270 799 ,
1284 775 1343 802 qua:
1358 775 1418 794 cum
1434 767 1512 795 dictis
1526 767 1703 794 enus-entiam.
1721 767 1828 793 Etenim

1033 822 1092 848 qum.
1104 814 1173 840 dicta
1188 818 1247 840 sunt
1261 834 1268 845 ,
1283 821 1334 840 non
1350 818 1457 848 propter
1468 821 1514 840 vos
1529 813 1597 840 dicta
1613 818 1684 845 sntit,
1700 813 1746 839 sed
1763 820 1828 847 pro-

1034 865 1091 894 pter
1102 860 1161 886 illos
1175 860 1294 887 inlirmos
1309 869 1315 886 :
1333 865 1360 887 ut
1384 860 1420 886 illi
1444 864 1580 894 postquam
1601 860 1657 886 hzec
1670 867 1683 885 a
1697 859 1774 886 vobis
1788 859 1829 885 di-

1032 906 1162 938 dicerint,
1186 910 1212 932 et
1235 913 1248 932 a
1273 913 1352 940 prava
1375 905 1566 932 cmisuctudine
1589 905 1688 932 fuerint
1706 904 1826 935 liberati,

1032 953 1164 979 sincerum
1192 957 1219 979 et
1243 959 1399 987 germanum
1425 956 1551 986 prmstent
1579 950 1827 982 Christianismum,

1033 997 1184 1033 fugiantque
1196 1006 1289 1032 pravos
1300 998 1450 1025 Judazortun
1461 1004 1618 1031 congressus
1627 1002 1651 1023 ct
1665 1001 1826 1029 conventus,

1032 1045 1087 1071 sive
1099 1044 1141 1079 qui
1158 1045 1223 1070 liunt
1237 1045 1261 1070 in
1273 1044 1379 1071 civitate
1391 1064 1398 1076 ,
1418 1044 1473 1070 sivc
1487 1043 1533 1078 qui
1553 1043 1578 1069 in
1596 1042 1748 1073 suburbiis,
1765 1049 1828 1075 spe-

1032 1090 1121 1116 luncas
1136 1090 1266 1116 latronum
1277 1110 1283 1121 ,
1301 1090 1450 1116 dannonum
1467 1088 1625 1115 habitacula.
1652 1087 1769 1114 Proinde
1790 1094 1825 1114 ne

1032 1135 1160 1162 deseratis
1182 1135 1287 1162 illorum
1311 1135 1422 1161 salutent
1435 1155 1442 1167 ,
1458 1134 1503 1161 sed
1519 1134 1659 1168 diligenter
1673 1134 1762 1160 omnia
1786 1133 1827 1160 t'a-

1031 1181 1147 1213 cientes,
1173 1180 1237 1207 nihil
1261 1188 1313 1207 non
1338 1184 1489 1212 tentantes,
1515 1185 1630 1213 :egrotos
1651 1178 1772 1206 redueite
1791 1178 1826 1205 ad

1030 1226 1175 1259 Christum,
1192 1231 1220 1252 ut
1230 1230 1257 1253 et
1271 1226 1297 1252 in
1311 1225 1361 1252 hoc
1374 1226 1472 1252 sa‘culo
1485 1245 1491 1256 ,
1504 1228 1530 1250 et
1545 1224 1570 1250 in
1586 1224 1672 1250 futura
1686 1224 1738 1250 vita
1754 1225 1826 1250 rcci-

1031 1272 1134 1307 pianms
1160 1272 1299 1306 praemium
1326 1270 1472 1298 benefactis
1497 1270 1595 1296 nostris
1620 1269 1698 1304 longe
1724 1269 1824 1304 majus,

1030 1319 1113 1354 gratia
1126 1323 1152 1345 ct
1176 1318 1294 1345 bonitate
1312 1317 1417 1344 Domini
1440 1317 1524 1343 nostri
1541 1316 1602 1343 Jesu
1625 1315 1742 1348 Christi,
1765 1316 1827 1350 qui-

1030 1372 1088 1391 cum
1105 1368 1130 1390 ct
1148 1372 1193 1398 per
1215 1371 1293 1398 quem
1311 1363 1382 1389 Patri
1398 1362 1481 1397 gloria
1496 1370 1546 1388 una
1562 1369 1622 1389 com
1641 1365 1735 1388 sancto
1747 1365 1775 1388 et
1787 1361 1827 1387 vi-

1029 1409 1106 1435 viﬁco
1120 1409 1218 1442 Spiritu
1229 1429 1235 1441 ,
1255 1416 1324 1435 nunc
1336 1412 1361 1434 ct
1375 1415 1496 1442 semper,
1508 1412 1535 1434 et
1548 1407 1573 1433 in
1592 1407 1690 1434 saecula
1705 1406 1825 1433 Stacqu—

1030 1462 1106 1486 rum,
1122 1454 1216 1480 Amen.

189 1608 249 1629 CUM
271 1608 436 1630 SUPEIUORI
461 1610 512 1629 DIE
536 1609 703 1630 PROLIXIUS
726 1607 945 1629 DISSERUISSET
962 1606 1120 1627 ADVERSUS
1133 1605 1270 1631 JUDIEOS,
1286 1604 1389 1630 ATQUE
1405 1604 1479 1625 HINC
1502 1603 1710 1625 “AUCEDINBM
1731 1603 1825 1626 VOCIS

644 1657 890 1684 CONTRAXISSET,
914 1656 997 1677 EANC
1019 1655 1203 1677 ORATXONEM
1225 1655 1357 1676 HABUIT.

466 1771 563 1790 ORATIO
582 1771 680 1791 SEXTA.

224 1808 250 1835 i.
271 1807 364 1835 Bestia;
378 1808 463 1835 donec
480 1809 505 1835 in
523 1809 606 1844 sylvis
619 1813 739 1843 pascunt,
755 1808 867 1836 necdum
881 1816 975 1844 pugnzn

185 1852 313 1880 adversus
327 1853 447 1881 homines
468 1853 637 1886 adhibentur,
658 1854 777 1881 mitiores
797 1858 859 1881 sunt
878 1854 980 1881 minus-

186 1906 237 1933 que
249 1906 345 1931 sznvm;
359 1907 451 1926 verum
467 1899 510 1926 ubi
524 1904 665 1927 venatores
689 1907 735 1927 eas
749 1904 839 1934 captas
853 1900 880 1926 in
894 1899 978 1927 urbes

186 1943 353 1976 adduxerim,
365 1948 444 1979 atque
458 1944 573 1971 inclusas
591 1944 797 1977 cxstimularint,
816 1948 844 1971 ut
860 1950 978 1980 pugnent

188 1996 246 2015 eum
261 1988 293 2015 iis
312 1988 356 2023 qui
371 1987 464 2016 bestiis
486 1988 658 2024 objiciuntur,
673 1993 765 2024 postea
787 1989 918 2017 irruentes
933 1990 978 2017 ubi

185 2040 294 2061 carnem
307 2032 524 2068 degustaverunt,
538 2038 565 2060 et
578 2034 733 2068 sanguinem
749 2034 893 2061 humanum
905 2034 979 2062 bibe-

186 2081 259 2110 runt,
273 2085 326 2105 non
340 2078 417 2106 facile
430 2079 563 2106 abstinent
583 2087 597 2106 a
613 2079 710 2106 talibus
724 2080 821 2114 epulis,
837 2079 883 2107 sed
897 2080 978 2107 multa

186 2131 247 2150 cum
262 2123 388 2151 aviditate
406 2124 439 2151 ad
461 2125 582 2152 eamdem
605 2125 750 2152 decurrunt
769 2133 901 2153 mensam.
924 2126 979 2154 lloc

187 2175 252 2195 sane
268 2172 296 2196 et
313 2169 389 2196 nobis
405 2176 453 2196 usu
466 2170 549 2197 venit.
566 2170 707 2205 Postquam
722 2171 792 2198 enim
807 2178 867 2198 cum
880 2171 979 2199 Judaeis

170 2217 172 2219 '
188 2221 305 2249 pugnam
318 2215 495 2250 suSccpimus,
507 2221 534 2243 et
548 2215 647 2250 impetu
661 2216 789 2243 adversus
805 2216 910 2244 illorum
926 2217 977 2244 im-

187 2260 317 2295 pudentes
336 2261 560 2290 contradictiones
573 2262 653 2295 iacto,
668 2263 784 2290 rationes
797 2262 902 2290 illorum
915 2264 978 2291 sub-

186 2306 325 2339 vertimus,
335 2314 494 2343 omnemque
506 2308 689 2335 celsitudinem
704 2308 848 2343 erigentem
859 2316 918 2336 sese
931 2309 964 2336 ad

188 2358 280 2379 versus
304 2353 482 2387 cognitionem
512 2354 576 2385 Dei,
604 2358 631 2381 et
658 2354 833 2389 cogiL'ttiones
861 2354 978 2389 captivas

175 2396 312 2424 'duximus
326 2398 358 2425 ad
373 2399 517 2432 parendum
531 2399 638 2426 Christo
655 2399 692 2435 (‘2.
709 2399 766 2427 Cor.
783 2400 825 2427 10.
838 2400 878 2433 5),
895 2400 979 2435 major

187 2442 268 2468 etiam
283 2449 331 2469 nos
342 2443 413 2477 cepit
427 2443 555 2471 adversus
569 2444 628 2472 illos
640 2444 755 2472 bellandi
770 2444 910 2479 cupiditas.
925 2445 977 2472 Sed

186 2487 249 2522 quid
265 2487 378 2515 faciam?
392 2488 492 2517 Videtis
514 2489 579 2516 mihi
595 2497 687 2518 vocem
703 2490 799 2517 factam
821 2490 977 2517 imbecillio-

187 2540 255 2566 rem,
266 2540 325 2567 qua:
338 2537 418 2560 tantm.
437 2536 568 2562 sermonis
581 2543 686 2562 rursum
701 2535 843 2570 prolixitati
858 2542 906 2569 par
918 2542 978 2563 esse

187 2586 239 2606 non
255 2579 348 2614 possit,
361 2580 484 2615 idemque
498 2581 562 2608 mihi
575 2589 644 2609 nunc
656 2581 787 2615 accidere,
800 2581 875 2617 quasi
885 2581 906 2609 si
918 2582 978 2616 quis

188 2625 265 2652 miles
280 2625 394 2653 concisis
407 2626 507 2661 aiiquot
526 2634 558 2654 ex
580 2626 711 2660 hostibus,
727 2635 876 2662 magnoque
887 2627 977 2654 animo

188 2668 363 2704 impressione
386 2670 454 2699 facta
480 2671 506 2698 in
528 2671 644 2699 hostium
666 2672 854 2700 condensatam
880 2673 975 2706 aciem,

187 2716 306 2751 pluribus
326 2719 476 2753 prostratis,
500 2726 561 2747 mox
581 2719 665 2747 fracto
681 2719 769 2754 gladio
791 2724 977 2748 consternatus

188 2762 220 2789 ad
233 2770 295 2790 suos
309 2771 369 2791 sese
383 2763 492 2792 referat.
505 2764 573 2798 Quin
588 2765 684 2800 potius,
698 2765 768 2801 quod
782 2765 858 2793 nobis
867 2765 975 2799 accidit,

187 2808 295 2842 gravius
317 2814 366 2836 est.
388 2808 453 2837 Nam
470 2809 548 2838 militi
561 2810 605 2846 qui
626 2810 704 2846 fregit
722 2809 848 2846 gladium,
864 2810 924 2839 licet
943 2810 977 2837 ab

1030 1765 1081 1791 alio
1106 1764 1229 1799 quopiam
1249 1763 1410 1791 adstantium
1425 1770 1526 1791 ensem
1550 1762 1665 1797 eripere,
1688 1769 1827 1798 suumque

1030 1809 1146 1836 animum
1157 1817 1277 1841 exerere,
1290 1808 1452 1843 multamque
1462 1808 1646 1836 strenuitatem
1660 1808 1806 1837 ostendere
1816 1818 1825 1836 :

1029 1859 1057 1881 at
1073 1855 1096 1882 si
1112 1862 1161 1881 vox
1175 1855 1286 1886 laboret,
1303 1862 1355 1881 non
1372 1854 1434 1882 licet
1447 1853 1481 1880 ab
1493 1853 1545 1880 alio
1559 1860 1651 1881 vocem
1665 1858 1761 1880 mutuo
1775 1862 1826 1881 su-

1031 1907 1115 1929 mere.
1127 1900 1195 1933 Quid
1211 1900 1310 1934 igitur?
1322 1899 1464 1934 Fugiemus
1476 1904 1503 1926 et
1516 1899 1582 1926 nos?
1595 1899 1629 1926 At
1642 1906 1694 1926 non
1708 1900 1825 1934 permit-

1031 1945 1063 1971 tit
1077 1945 1129 1972 hoc
1138 1950 1233 1972 vestrm
1247 1945 1365 1972 caritatis
1385 1945 1505 1980 tyrannis
1525 1952 1556 1972 ac
1571 1944 1706 1972 violentia.
1720 1945 1826 1973 Vereor

1031 1995 1058 2018 et
1074 1990 1156 2025 patris
1172 1991 1341 2026 prassentiam
1364 1991 1384 2023 ί,
1408 1996 1436 2018 et
1449 1994 1564 2018 vestram
1587 1998 1683 2018 vereor
1695 1992 1825 2019 alacrita-

1031 2037 1227 2071 temzproinde
1248 2045 1278 2064 ea
1302 2044 1361 2072 quae
1387 2044 1465 2072 supra
1490 2038 1561 2064 vires
1583 2042 1646 2064 sunt
1668 2039 1822 2072 aggrediar,

1030 2082 1118 2109 omnia
1137 2083 1315 2116 committens,
1331 2086 1359 2110 et
1374 2082 1496 2117 precibus
1515 2082 1593 2117 hujus
1607 2088 1633 2110 et
1654 2084 1759 2111 caritati
1775 2091 1826 2111 ve-

1030 2131 1102 2154 stne.

1065 2167 1103 2195 Ne
1115 2175 1179 2195 vero
1197 2173 1313 2196 vestrum
1331 2168 1462 2204 quispiam
1481 2167 1659 2202 reprehendat
1670 2168 1824 2197 orationem

1029 2214 1101 2241 velut
1115 2213 1341 2249 intempestivam,
1364 2214 1387 2242 si
1394 2221 1459 2242 eum
1473 2218 1604 2248 martyres
1619 2220 1667 2240 nos
1681 2213 1765 2241 hodie
1779 2222 1827 2241 vo-

1030 2264 1091 2287 cent
1103 2260 1125 2293 ',
1139 2267 1187 2287 nos
1214 2259 1424 2293 supersedentes
1454 2259 1559 2286 illorum
1577 2265 1713 2293 exponere
1731 2264 1825 2286 certa-

1030 2305 1111 2335 mina.
1136 2304 1263 2331 adversus
1285 2303 1392 2331 dudiUOS
1417 2303 1442 2330 in
1465 2309 1600 2330 certamen
1622 2303 1824 2332 descendimus.

1030 2350 1095 2377 Nam
1108 2354 1135 2377 et
1147 2350 1211 2384 ipsis
1227 2349 1386 2384 martyribus
1399 2348 1442 2375 hic
1452 2355 1541 2375 sermo
1554 2349 1596 2376 est
1608 2349 1772 2383 cxoptatior.
1786 2350 1826 2377 Ex

1031 2396 1129 2423 nostris
1139 2396 1211 2423 enim
1227 2395 1349 2422 laudibus
1362 2395 1425 2422 nihil
1439 2395 1491 2422 illis
1507 2394 1658 2429 splendoris
1670 2401 1823 2423 acerescct.

1029 2442 1098 2476 Quid
1114 2442 1185 2469 enim
1200 2446 1296 2476 egeant
1313 2441 1408 2477 linguis
1422 2441 1531 2474 nostris,
1545 2448 1658 2476 quorum
1673 2442 1824 2468 certamina

1030 2492 1158 2522 superant
1181 2492 1303 2515 naturam
1327 2487 1480 2520 humanam,
1498 2494 1612 2522 quorum
1633 2487 1744 2522 pueritia
1771 2488 1824 2514 vim

1030 2534 1128 2568 ingenii
1143 2534 1227 2561 nostri
1239 2533 1369 2561 vincunt?
1390 2533 1545 2561 Deriserunt
1558 2533 1631 2568 .hanc
1644 2533 1736 2565 vitam.
1754 2541 1815 2560 con-

1030 2579 1167 2606 culcarunt
1180 2579 1348 2606 carniﬁcinas
1358 2586 1389 2606 ac
1401 2583 1543 2612 lamenta,
1552 2578 1731 2613 despexerunt
1745 2586 1825 2606 mor—

1031 2629 1095 2657 tem,
1114 2625 1146 2652 ad
1160 2625 1254 2652 cadum
1273 2625 1421 2659 evolarunt,
1434 2625 1519 2661 erepti
1536 2629 1599 2653 sunt
1611 2632 1627 2653 e
1639 2624 1764 2652 ﬂuctibus
1777 2633 1822 2653 rc-

1030 2678 1088 2697 rum
1103 2670 1289 2704 humanarum,
1301 2671 1326 2697 in
1338 2670 1509 2706 tranquillum
1519 2670 1691 2706 cnavigarunl
1700 2675 1821 2704 portum,

1031 2724 1083 2744 non
1106 2724 1199 2744 aurum
1224 2722 1408 2752 argentumve,
1438 2722 1484 2746 aut.
1501 2722 1589 2746 vestes
1608 2716 1750 2752 pretiosas,
1772 2716 1822 2745 sed

1062 2784 1070 2799 ¹
1089 2782 1210 2808 Flavianus
1219 2789 1327 2814 prazsens
1339 2787 1401 2809 erat.

1060 2815 1070 2830 ¹
1087 2817 1182 2840 Festum
1193 2817 1245 2839 erat
1257 2818 1390 2845 Martyrum.
