3866 6226
257 354 364 414 9’13

257 469 326 525 ἂν
377 467 644 536 εἴποιμεν,
694 467 773 519 ὅτι
810 473 1207 541 συγκρινομένη
1246 471 1382 545 πρὸς
1443 473 1658 540 ἐκείνην
1699 470 1835 540 αῦτη

257 553 291 619 ἡ
329 549 508 611 θυσία,
558 548 756 616 κυρίως
805 550 870 602 ἂν
912 550 1126 621 λεχθείη
1163 555 1259 607 καὶ
1298 555 1430 625 μόνη
1476 554 1711 625 καθαρά.
1763 555 1836 606 Οὐ

258 632 370 702 γὰρ
405 630 494 684 διά
528 629 736 682 καπνοῦ
782 633 872 684 καὶ
916 634 1162 704 κνίσσης,
1202 637 1322 689 ούδέ
1363 637 1427 690 δι’
1456 637 1702 707 αἱμάτων
1747 636 1840 688 καὶ

257 716 489 786 λύτρων,
540 714 676 767 ἀλλά
724 715 811 768 διὰ
845 716 942 786 τῆς
987 717 1080 769 τοῦ
1136 719 1453 789 Πνεῦματος
1506 719 1839 790 προσάγεται

258 801 501 870 χάριτος.
531 799 794 850 Ἄκουσον
838 799 902 868 δὴ
948 800 1043 854 καὶ
1077 802 1263 872 ἐτέρου
1310 804 1588 873 προφήτου
1618 803 1678 855 τὸ
1707 800 1840 854 αὐτὸ

261 882 418 934 τοῦτο
477 882 992 952 προαναφωνοῦντος
1040 886 1135 938 καὶ
1190 887 1472 954 λέγοντος,
1517 886 1597 938 ὅτι
1637 886 1736 938 οὐκ
1782 886 1839 936 ἐν

261 966 344 1016 ἐνὶ
373 965 523 1034 τόπῳ
551 966 804 1035 στήσεται
835 965 902 1018 τὰ
927 969 1025 1036 τῆς
1063 968 1156 1020 τοῦ
1189 969 1323 1022 Θεοῦ
1357 970 1669 1040 θεραπείας.
1704 969 1840 1023 ἀλλά

261 1047 460 1109 πάντες
492 1046 651 1100 αὐτὸν
675 1046 914 1102 ἐἴσονται
957 1049 1139 1103 λοιπὸν
1172 1052 1466 1124 ἄνθρωποι.
1523 1053 1580 1105 '0
1615 1049 1705 1106 οῦν
1741 1054 1839 1104 Σοο

260 1128 445 1195 φονίας
502 1129 644 1182 οὕτω
688 1129 801 1192 πώς
845 1148 1009 1199 φησιν
1040 1149 1052 1162 ’
1121 1133 1581 1202 Ἐπιρανήσεται
1628 1135 1839 1202 Κύριος

255 1212 357 1266 ἐπὶ
410 1211 603 1264 πάντα
654 1214 725 1265 τὰ
775 1213 940 1279 ἔθνη,
977 1216 1073 1268 καί
1132 1216 1551 1283 ἐξολοθρεύσει
1610 1217 1840 1282 πάντας

257 1296 399 1360 τοὺς
454 1295 629 1360 θεοὺς
684 1295 801 1348 τῶν
872 1297 1080 1362 ἐθνῶν,
1133 1299 1231 1350 καί
1298 1298 1841 1368 προσκυνήσουσιν

256 1377 418 1442 αὐτῷ
466 1378 720 1444 ἕκαστος
757 1379 875 1432 ἀπὸ
912 1381 1015 1433 τοῦ
1064 1382 1251 1434 τόπου
1298 1382 1503 1435 αὑτοῦ.
1539 1384 1730 1435 Καίτοι
1773 1399 1836 1451 γε

257 1461 360 1511 οὐκ
409 1461 590 1528 ἐφεῖτο
625 1461 803 1524 τοῦτο,
832 1463 945 1515 ἀλλ’
971 1465 1049 1526 εἰς
1079 1465 1174 1517 ἕνα
1207 1466 1366 1518 τόπον
1404 1465 1684 1536 λατρεύειν
1715 1467 1838 1518 ἐκέ-

256 1541 446 1594 λευσεν
479 1545 508 1594 ὁ
557 1542 805 1614 Μωῦσῆς.
839 1545 1005 1597 Ὅταν
1053 1543 1144 1598 οὖν
1189 1548 1427 1620 ἀκούσῃς
1461 1549 1566 1602 τῶν
1611 1565 1828 1618 προφη-

255 1623 366 1675 τῶν
429 1624 798 1693 προλεγόντων
866 1627 959 1680 καὶ
1015 1631 1568 1699 προαναφωνούντων,
1613 1633 1691 1683 ὅτι
1741 1632 1837 1683 οὐκ

255 1706 339 1758 ἔτι
371 1708 450 1767 εἰς
495 1708 623 1776 μίαν
663 1708 838 1771 πόλιν,
881 1710 999 1762 οὐδὲ
1034 1714 1113 1774 εἰς
1147 1713 1240 1764 ἕνα
1284 1714 1446 1766 τόπον
1486 1714 1836 1784 ἀναγκασθή-

258 1804 444 1838 σονται
479 1788 808 1855 συνάγεσθαι
864 1791 1128 1843 πάντοθεν
1158 1795 1204 1844 οἰ
1235 1793 1528 1865 ἄνθρωποι,
1559 1796 1670 1848 ἀλλ’
1704 1795 1839 1846 οἴκοι

256 1870 566 1938 καθήμενος
588 1872 816 1936 ἕκαστος
843 1874 1169 1942 θεραπεύσει
1196 1879 1253 1929 τδ
1276 1879 1436 1940 θεῖον,
1455 1881 1575 1932 τίνα
1605 1880 1668 1932 ἂν
1699 1879 1841 1949 ἔχοις

253 1954 432 2003 εὲττεῐν
465 1952 648 2024 ἕτερον
692 1957 900 2026 καιρὸν,
949 1959 1062 2010 ἀλλ’
1105 1960 1137 2030 ἣ
1183 1961 1272 2012 τὸν
1330 1963 1573 2033 παρόντα
1610 1963 1837 2028 τοῦτον;

260 2036 459 2087 Ἄκουε
486 2037 613 2102 γοῦν
639 2038 753 2101 πῶς
786 2041 879 2094 καὶ
902 2041 968 2094 τὰ
999 2041 1302 2110 Εὑαγγέλια
1334 2046 1428 2097 καὶ
1457 2048 1484 2098 ὁ
1519 2045 1838 2109 Ἀπόστολος

253 2117 336 2185 τῷ
349 2119 599 2190 προφήτῃ
616 2120 783 2191 τούτῳ
804 2123 1132 2194 συνᾴδουσιν.
1151 2126 1206 2178 Ὀ
1223 2127 1352 2194 γοῦν
1373 2129 1651 2197 προφήτης
1666 2123 1837 2192 εἶπεν,

266 2199 728 2267 ’ἐπιφανήσεται
759 2207 998 2272 Κύριος·
1039 2209 1066 2258 ὁ
1116 2208 1434 2273 Ἀπόστολός
1471 2227 1665 2280 φησιν,
1709 2211 1840 2263 Ἑπ-

253 2283 449 2350 εράνη
464 2296 489 2322 ιι
517 2284 554 2350 ἡ
572 2284 743 2353 χάρις
763 2287 868 2340 τοῦ
883 2289 1029 2342 Θεοῦ
1060 2291 1097 2356 ἡ
1121 2292 1412 2360 σωτήριος
1433 2292 1843 2362 πᾶσινάνθρώ-

255 2381 395 2430 ποις
418 2367 787 2422 παιδεύουσα
819 2371 994 2439 ἡμᾶς.
1031 2369 1196 2437 Οὗτος
1224 2369 1394 2436 εἷπ.ν,
1431 2375 1553 2428 Ἐπὶ
1574 2378 1643 2430 τὰ
1665 2377 1806 2445 ἔθνη
1825 2395 1840 2410 ·

254 2449 464 2511 ἐκεῖνός
493 2467 655 2520 φησιν
681 2493 695 2516 ,
741 2454 870 2507 Ἐπὶ
911 2455 1099 2509 πᾶσιν
1126 2457 1460 2523 ἀνθρώποις
1484 2459 1533 2512 b.
1569 2453 1736 2521 Οὗτος
1767 2455 1843 2512 εἶ-

256 2547 380 2590 πεν,
399 2532 844 2600 Ἐξολοθρεύσει
868 2538 1008 2603 τοὺς
1022 2539 1196 2603 θεοὺς
1211 2539 1426 2594 αὐτῶνθ
1448 2542 1650 2604 ἐκεῖνος
1670 2539 1838 2606 εἶπεν,

258 2613 638 2666 Παιδεύουσα
660 2615 836 2684 ἡμᾶς,
862 2620 962 2672 ἵνα
991 2621 1400 2690 ἀρνησάμενοι
1425 2622 1540 2689 τὴν
1564 2624 1844 2676 ἀσέϐειαν

255 2697 357 2750 καὶ
375 2702 477 2763 τὰς
495 2701 785 2768 κοσμικὰς
799 2703 1132 2772 ἐπιθυμίας,
1148 2707 1468 2774 σωφρόνως
1481 2707 1575 2759 καί
1602 2707 1844 2774 δικαίως

255 2777 545 2848 ζήσωμεν.
596 2782 762 2835 Πάλιν
814 2787 842 2838 ὁ
889 2785 1118 2856 Χριστὸς
1167 2791 1232 2861 τῇ
1290 2789 1641 2860 Σαμαρείτιδί
1688 2807 1840 2859 φησι,

255 2861 606 2917 Πίστευσον
628 2882 750 2933 μοι,
781 2867 983 2934 γύναι,
1015 2868 1103 2921 ὅτι
1132 2870 1363 2938 ἔρχεται
1395 2870 1535 2940 ὥρα,
1574 2872 1672 2926 ὅτε
1702 2873 1843 2926 οὔτε

259 2943 336 2994 ἐν
367 2943 444 3007 τῷ
466 2945 584 3013 ὄρει
613 2949 819 3014 τούτῳ,
845 2951 984 3003 οὔτε
1005 2951 1074 3004 ἐν
1116 2953 1558 3022 Ἰεροσολύμοις
1587 2969 1846 3020 προσκυ-

253 3023 478 3089 νήσετε
501 3026 578 3092 τῷ
591 3031 794 3096 Πατρί.
811 3031 1052 3100 Πνεῦμα
1073 3037 1105 3086 ὀ
1123 3033 1286 3099 Θεὸς,
1301 3035 1396 3087 καὶ
1420 3036 1559 3102 τοὺς
1590 3051 1846 3103 προσκυ-

291 3113 473 3196 .1-“1‘.
501 3121 532 3175 ἡ
575 3120 708 3196 χέρες
728 3123 758 3178 ἡ
781 3124 1029 3196 εωτήριοξ-
1061 3125 1447 3196 ,Ἐκεῖνεεεῖτεενν
1500 3126 1611 3196 ῙΕπῖ
1632 3128 1836 3196 τεμένη

255 3181 398 3249 ρῠτρς
426 3181 580 3249 λέγει,
600 3181 705 3249 ίΕπὶ
737 3183 911 3249 πάντας
921 3181 1215 3249 ἀνθρώπους.
1251 3181 1454 3242 Ἐκεῖνος
1477 3188 1621 3246 εἶπεν,
1647 3181 1836 3242 Ἐξολοξ-

255 3241 444 3307 θρξύσει
470 3241 583 3307 τοὺς
601 3243 730 3307 θεοὺς
749 3244 919 3307 αὐτῶν·
946 3241 1081 3300 οὗτός
1104 3263 1237 3307 φησι,
1263 3241 1584 3300 ΙΙαιδεύουσα.

325 3298 354 3338 δ
381 3301 501 3375 Βίῳ.
526 3307 670 3375 πᾶσιν
689 3304 963 3375 ἀχθρώπρις.
991 3298 1202 3356 Ξαν.’ἐπί
1222 3298 1399 3364 πάντας
1418 3298 1705 3372 ἀνθρώπους.
1728 3309 1836 3357 Mox

257 3359 373 3408 Sav.
397 3362 504 3416 τοὺς
526 3364 656 3418 θεοὺς
679 3359 784 3412 τῶν
798 3359 953 3414 ἐθνῶν.

1408 358 1784 439 ιΑΙΝΕΙὶὸυδ
1822 359 2124 421 “ID/EOS.
2169 367 2252 422 Vl.

3413 364 3516 419 νει

1941 474 2198 542 νοῦντας
2225 479 2363 532 αὐτιῖ
2374 497 2410 532 ν
2428 480 2496 532 ἐν
2516 480 2808 546 πνεύματι
2835 478 2933 532 καί
2957 477 3205 544 ἀληθείᾳ
3222 474 3314 528 δεῖ
3333 492 3489 543 προσ

1942 559 2163 612 κυνεῖν.
2199 559 2379 614 Ταῦτα
2400 562 2454 614 δὲ
2472 562 2526 633 [6
2537 561 2618 632 49]
2641 563 2814 630 έλεγε,
2839 563 2936 632 τήν
2960 578 3019 612 τε
3043 560 3285 629 ἀνάγκην
3313 559 3466 628 ἡμῶν
3487 569 3510 597 ο

1940 640 2079 694 λύων
2109 644 2293 700 λοιπὸν
2317 648 2414 717 τὴν
2449 649 2514 699 ἐκ
2543 648 2640 716 τῆς
2688 644 2783 698 τοῦ
2817 646 2984 697 τόπου
3045 642 3478 711 παρατηρήσεως
3497 683 3512 708 9

1941 726 2118 780 καὶτὸ
2137 731 2236 798 τῆς
2267 730 2521 800 λατρείας
2553 729 2880 798 ὑψηλότερον
2919 726 3013 780 καὶ
3063 723 3514 794 πνευματικώτε-

1944 826 2032 878 ρον
2070 812 2322 879 εἰσάγων.
2355 813 2508 880 Ἐνῆν
2544 812 2641 881 μὲν
2671 807 2763 864 οὖν
2801 809 2938 878 μετά
2973 807 3177 860 τούτων
3210 806 3378 870 δεῖξαι
3410 807 3516 860 πά-

1938 892 2041 957 λιν,
2081 895 2161 947 ὅτι
2192 895 2314 948 οὕτε
2343 895 2532 958 θυσία,
2573 893 2698 947 οὔτε
2726 891 3014 967 ,ἱερωσύνη
3036 928 3051 953 ,
3093 888 3214 942 οὔτε
3265 889 3516 958 βασιλεὺς

1939 977 2091 1046 παρά
2137 978 2406 1038 Ἰουδαίοις
2443 978 2594 1030 ἔσται
2634 977 2837 1029 λοιπόν.
2871 973 3122 1028 Μάλιστα
3161 973 3260 1042 μὲν
3293 972 3400 1041 γὰρ
3425 971 3514 1024 διὰ

1937 1059 2036 1128 τῆς
2060 1061 2200 1113 κατά
2220 1062 2320 1131 τὴν
2367 1061 2520 1114 πόλιν
2554 1057 2916 1127 κατασκαφῆς
2945 1056 3159 1110 ἅπαντα
3188 1053 3358 1106 ταῦτα
3393 1070 3514 1106 συν-

1939 1141 2330 1195 αποδέδεικταιο
2371 1142 2508 1213 πλὴν
2545 1141 2656 1195 ἀλλ’
2678 1140 2802 1210 ἐνῆν
2837 1140 2927 1192 καὶ
2946 1138 3223 1207 προφήτας
3262 1152 3512 1206 παραγα--

1939 1227 2055 1290 γείν
2091 1225 2266 1295 ῥητῶς
2307 1226 2438 1279 αὐτὸ
2473 1224 2632 1278 τοῦτο
2672 1223 2950 1291 λέγοντας.
2993 1219 3131 1274 Ἀλλ’
3158 1219 3268 1289 ὁρῶ
3305 1235 3516 1287 κεκμη-

1911 1310 1916 1312 ’
1939 1307 2101 1370 κότας
2134 1309 2277 1377 ὑμᾶς
2298 1308 2376 1378 τῷ
2407 1309 2568 1377 μήκει
2600 1307 2707 1359 τῶν
2735 1303 3058 1374 εἰρημένων,
3084 1302 3176 1354 καὶ
3202 1301 3413 1353 δέδοικα
3441 1301 3513 1371 μὴ

1943 1389 2118 1457 μάτην
2147 1391 2238 1442 καὶ
2266 1391 2388 1457 εἰκῆ
2415 1389 2550 1455 δόξω
2569 1386 2878 1457 διενοχλεῖν.
2908 1385 3108 1453 Διόπερ
3129 1383 3263 1436 αὐτὸ
3292 1383 3368 1444 εἰς
3391 1380 3513 1434 ἕτε-

1943 1486 2032 1538 ρον
2064 1472 2189 1540 ὑμῖν
2223 1471 2248 1510 ἀ
2292 1472 2660 1541 ὑποσχόμενος
2712 1467 2899 1538 καιρὸν
2950 1469 3094 1537 ἐρεῖν
3117 1507 3129 1526 ,
3170 1466 3345 1516 ἐκεῖνο
3380 1463 3514 1526 τέως

1938 1551 2127 1622 δέομαι
2167 1553 2338 1623 ὑμῶν,
2379 1554 2504 1612 τοὺς
2544 1552 2804 1620 ἀδελφοὺς
2848 1549 3110 1602 διασῶσαι
3151 1548 3277 1608 τοὺς
3316 1545 3513 1614 ὑμετέ-

1945 1652 2090 1705 ρους,
2121 1635 2427 1700 ἀπαλλάξαι
2465 1637 2562 1703 τῆς
2611 1634 2818 1702 πλάνης
2839 1671 2852 1695 ,
2901 1630 3269 1698 ἐπαναγαγεῖν
3295 1628 3384 1680 ἐπὶ
3419 1627 3515 1696 τὴν

1942 1716 2219 1786 ἀλήθειαν.
2257 1717 2422 1770 Οὐδὲν
2458 1717 2567 1786 γάρ
2606 1715 2796 1785 ὄφελος
2841 1714 3177 1784 ἀκροάσεως,
3217 1711 3343 1762 ὅταν
3367 1711 3400 1778 ἡ
3427 1708 3513 1762 διὰ

1942 1797 2049 1851 τῶν
2079 1799 2252 1868 ἔργων
2302 1799 2559 1863 ἐπίδειξις
2597 1798 2670 1868 μὴ
2716 1797 2988 1867 συμϐαίνῃ
3029 1798 3142 1857 τοῖς
3181 1791 3512 1861 λεγομένοις.

1944 1882 2052 1935 Καὶ
2085 1883 2190 1955 γάρ
2218 1881 2284 1934 τὰ
2317 1883 2582 1952 εἰρημένα
2627 1882 2685 1933 οὐ
2717 1880 2782 1932 δι’
2829 1880 2972 1950 ὑμᾶς
3013 1878 3242 1947 εἴρηται.
3272 1872 3406 1927 ἀλλά
3445 1868 3512 1925 δι’

1942 1964 2182 2027 ἐκείνους
2233 1966 2357 2027 τοὺς
2390 1963 2769 2026 ἀσθενοῦντας,
2812 1963 2900 2014 ἴνα
2949 1960 3079 2030 παρ’
3128 1955 3281 2026 ὑμῶν
3318 1956 3516 2007 ἐκεῖνοι

1947 2047 2300 2116 μανθάνοντες
2333 2046 2523 2110 ταῦτα,
2567 2046 2662 2099 καὶ
2694 2045 2790 2114 τῆς
2827 2042 3068 2112 πονηρᾶς
3112 2038 3516 2105 ἀπαλλαγέντες

1945 2129 2250 2199 συνηθείας,
2282 2129 2547 2198 εἰλικρινῆ
2587 2128 2679 2180 καὶ
2711 2127 2930 2196 γνήσιον
2967 2123 3058 2175 τὸν
3091 2119 3516 2191 Χριστιανισμὸν

1944 2211 2336 2276 ἐπιδείξωνται,
2363 2213 2454 2264 καὶ
2489 2211 2586 2271 τὰς
2623 2209 2863 2279 πονηράς
2895 2205 3196 2276 φεύξωνται
3237 2201 3344 2254 τῶν
3383 2202 3513 2253 Ἰου-

1942 2292 2104 2347 δαίων
2130 2293 2403 2362 διαγωγὰς
2437 2293 2533 2351 καὶ
2567 2290 2907 2358 συναγωγὰς,
2943 2289 3039 2350 τάς
3064 2305 3122 2339 τε
3152 2289 3209 2338 ἐν
3247 2287 3312 2354 τῇ
3341 2284 3512 2347 πόλει,

1943 2377 2038 2439 τάς
2071 2394 2129 2428 τε
2165 2378 2222 2429 ἐν
2253 2375 2335 2446 τῷ
2363 2374 2690 2446 προαστείῳ,
2731 2373 2799 2424 τά
2842 2371 3078 2440 σπήλαια
3125 2369 3233 2421 τῶν
3267 2367 3519 2440 λῃστῶν,

1942 2459 2010 2512 τά
2034 2459 2140 2512 τῶν
2165 2459 2432 2529 δαιμόνων
2459 2456 2796 2525 καταγώγια.
2823 2456 2911 2524 Μὴ
2946 2453 3123 2506 τοίνυν
3153 2451 3394 2520 προδῶτε
3415 2448 3514 2520 τὴν

1946 2541 2216 2612 σωτηρίαν
2243 2540 2485 2603 ἐκείνων,
2526 2539 2660 2592 ἀλλά
2702 2537 3191 2608 περιεργασάμενοι
3221 2533 3314 2586 καὶ
3349 2532 3513 2586 πολυ-

1945 2626 2457 2694 πραγμονήσαντες,
2505 2623 2628 2684 τοὺς
2683 2619 2970 2682 νοσοῦντας
3017 2615 3391 2685 ὲπαναγάγετε
3437 2614 3515 2682 τῷ

1945 2706 2192 2776 Χριστῷ,
2229 2707 2316 2759 ἵνα
2349 2707 2441 2758 καὶ
2480 2703 2618 2757 κατά
2663 2703 2752 2755 τὸν
2802 2701 3045 2772 παρόντα
3081 2700 3210 2770 βίον,
3252 2697 3519 2753 καὶκατὰ

1944 2789 2040 2859 τὴν
2076 2789 2372 2858 μέλλουσαν
2402 2787 2565 2857 ζωὴν,
2601 2785 2700 2856 τὴν
2731 2783 2907 2852 πολλῷ
2941 2783 3049 2835 τῶν
3077 2781 3514 2851 κατορθωμάτων

1949 2870 2170 2941 μείζονα
2206 2870 2473 2923 ἀντίδοσιν
2511 2867 2907 2936 ἀπολάϐωμεν,
2953 2865 3136 2936 χάριτι
3186 2865 3281 2918 καὶ
3330 2863 3520 2941 φιλαν-

1946 2939 2160 3024 θρωπίᾳ
2192 2953 2284 3005 τοῦ
2319 2951 2522 3022 Κυρίου
2557 2951 2713 3020 ἡμῶν
2758 2948 2932 3017 Ἰησοῦ
2958 2945 3216 3018 Χριστοῦ,
3247 2945 3311 2998 δι’
3337 2939 3398 2998 οὗ
3421 2945 3516 2998 καὶ

1947 3035 2064 3104 μεθ’
2091 3031 2150 3089 οὗ
2179 3033 2255 3106 τῷ
2287 3033 2515 3104 Πατρὶή
2545 3031 2689 3095 δόξα,
2721 3031 2836 3100 ἅμα
2865 3029 2943 3099 τῷ
2973 3029 3111 3100 ἁγίῳ
3143 3028 3235 3082 καὶ
3265 3026 3517 3096 ζωοποιῷ

1942 3115 2250 3186 Πνεύματι,
2290 3115 2384 3170 νῦν
2434 3114 2529 3167 καὶ
2574 3113 2692 3178 ἀεὶ,
2743 3113 2839 3165 καὶ
2873 3113 2953 3174 εἰς
2997 3111 3124 3174 τοὺς
3165 3110 3366 3172 αἰῶνας
3403 3109 3524 3163 τῶν

1941 3197 2170 3250 αἰώνων.
2216 3198 2405 3268 Ἀμήν.

2007 3311 2031 3339 ο
2058 3308 2194 3356 Unus
2217 3308 2324 3356 cod.
2352 3309 2484 3368 ὑμῶν
2507 3320 2596 3368 pro
2617 3307 2772 3368 ἡμῶν,
2811 3308 2867 3366 in,
2890 3304 3040 3368 Savil.
3067 3304 3511 3368 utrumqueAdqest.

2005 3368 2032 3408 d
2060 3370 2141 3418 Sic
2163 3382 2339 3417 novem
2358 3363 2472 3416 niss.
2488 3363 2541 3416 εἰ
2563 3363 2711 3417 δενῖι.
2738 3363 2910 3416 Morél.
2935 3367 3091 3430 ἕτερον
3109 3363 3306 3430 ὕστερον
3325 3363 3454 3427 ὑμῖν.

262 3515 350 3587 Τῆ
379 3522 694 3591 προτεραίᾳ
721 3526 960 3592 μακρὰν
995 3527 1234 3594 ὁμιλίαν
1273 3527 1456 3579 εἰπὼν
1500 3529 1648 3581 κατὰ
1687 3527 1991 3581 Ἰουδαίων
2016 3527 2377 3595 καίβράγχῳ
2403 3526 2793 3595 κατασχεθεὶς
2833 3524 2954 3579 ἀπὸ
2984 3523 3093 3579 τοῦ
3115 3523 3352 3594 μήκους
3397 3520 3518 3576 τῶν

1393 3596 1734 3666 εἰρημένων,
1759 3597 1876 3650 νῦν
1903 3599 2130 3665 ταύτην
2150 3594 2321 3652 εἶπεν
2351 3609 2402 3649 ι.

837 3771 1028 3839 Λόγος
1070 3772 1260 3836 ἕκτος.

335 3859 403 3906 α’.
437 3852 517 3905 Τὰ
532 3852 694 3922 θηρία
721 3853 826 3915 ἕως
850 3853 946 3922 μὲν
965 3853 1030 3905 ἂν
1051 3855 1148 3918 τὰς
1183 3853 1310 3918 ὔλας
1333 3855 1580 3927 νέμηται,
1615 3859 1706 3910 καὶ
1743 3859 1843 3930 τῆς

258 3937 402 4007 πρὸς
415 3935 510 3988 ἀνθ
520 3934 731 4004 ρώπους
755 3935 932 4004 μάχης
957 3937 1263 4008 ἀμελέτητα
1284 3937 1410 3991 ὄντα
1425 3941 1684 4010 τυγχάνῃ,
1703 3943 1841 4011 ἡμε-

259 4016 481 4090 ρώτερά
508 4017 621 4079 πώς
649 4019 762 4069 ἐστι
795 4019 887 4070 καὶ
912 4018 1206 4088 πραότερα·
1249 4021 1466 4072 ἐπειδὰν
1493 4021 1549 4073 δὲ
1581 4021 1718 4074 αὐτὰ
1751 4022 1844 4074 λα-

255 4100 451 4161 ὀόντες
467 4100 514 4150 οἰ
538 4099 828 4167 κυνηγέται
859 4101 936 4161 εἰς
956 4101 1053 4160 τὰς
1071 4101 1248 4163 πόλεις
1271 4101 1541 4168 ἀγάγωσι,
1558 4102 1652 4154 καὶ
1677 4119 1843 4155 κατα-

257 4180 578 4244 κλείσαντες
634 4181 770 4250 πρὸς
820 4181 910 4233 τὸν
964 4181 1074 4235 τῶν
1140 4182 1486 4253 θηριομάχων
1536 4183 1840 4254 διεγείρωσι

257 4261 522 4332 πόλεμον,
549 4258 668 4314 εἶτα
692 4265 1102 4333 ἐπιπηδήσαντα
1126 4264 1325 4335 σαρκὸς
1352 4263 1723 4334 ἁπογεύσηται
1750 4267 1842 4319 καὶ

257 4341 407 4414 αἷμα
438 4344 776 4415 ἀνθρώπινον
820 4345 939 4414 πίῃ,
981 4346 1081 4397 οὑκ
1124 4345 1189 4398 ἂν
1244 4347 1439 4417 ῥᾳδίως
1472 4346 1676 4416 ταύτης
1706 4348 1843 4400 ἀπο-

260 4428 428 4497 σταίη
466 4425 651 4479 λοιπὸν
675 4427 774 4495 τῆς
796 4425 998 4497 θοίνης,
1019 4427 1155 4482 ἀλλά
1188 4429 1326 4498 μετά
1355 4427 1556 4497 πολλῆς
1584 4429 1676 4480 ἐπὶ
1707 4429 1840 4481 ταύ-

257 4527 368 4576 την
396 4511 580 4580 τρέχει
624 4509 725 4579 τὴν
769 4508 1046 4577 τράπεζαν
1097 4510 1195 4578 τῆς
1225 4510 1542 4580 ἐπιθυμίας.
1580 4509 1750 4564 Τοῦτο
1776 4511 1844 4582 δὴ

259 4590 362 4645 καὶ
405 4592 564 4660 ἡμεῖς
605 4590 974 4659 πεπόνθαμεν.
1018 4589 1235 4660 Ἐπειδὴ
1277 4593 1385 4662 γὰρ
1405 4593 1504 4662 τῆς
1536 4592 1674 4663 πρὸς
1709 4593 1843 4646 Ἰου-

257 4673 448 4734 δαίους
483 4672 738 4742 ἡψάμεθα
785 4673 991 4742 μάχης,
1049 4673 1143 4726 καὶ
1184 4673 1615 4744 ἐπιπηδήσαντες
1660 4674 1840 4728 αὐτῶν

259 4758 386 4816 ταῖς
410 4752 779 4823 ἀναισχύντοις
804 4755 1174 4825 ἀντιρρήσεσι,
1200 4754 1325 4817 τοὺς
1349 4755 1640 4825 λογισμοὺς
1663 4757 1842 4811 αὐτῶν

265 4838 612 4906 καθείλομεν,
647 4838 740 4890 καὶ
776 4840 882 4891 πᾶν
929 4837 1128 4908 ὕψωμα
1177 4839 1536 4910 ἐπαιρόμενον
1575 4841 1716 4894 κατά
1744 4840 1841 4911 τῆς

264 4919 518 4988 γνώσεως
538 4919 629 4971 τοῦ
655 4918 811 4982 Θεοῦ,
836 4921 929 4972 καὶ
952 4919 1021 4972 τά
1042 4921 1290 4990 νοήματα
1313 4921 1838 4992 ἐξῃχμαλωτίσαμεν

263 5005 347 5062 εἰς
369 5001 466 5071 τὴν
496 5002 741 5071 ὑπακοὴν
767 5001 861 5054 τοῦ
886 5001 1142 5070 Χριστοῦ,
1159 5001 1454 5072 ἐπιθυμίαν
1483 5003 1704 5058 πλείονά
1724 5021 1841 5066 πως

264 5085 579 5152 ἐσχήκαμεν
616 5084 723 5135 τῶν
753 5083 888 5153 πρὸς
917 5085 1158 5148 ἐκείνους
1200 5086 1470 5155 πολέμων.
1494 5085 1644 5157 [εἱὸθ]
1683 5087 1839 5139 Ἀλλά

263 5165 322 5218 τί
358 5165 550 5227 πάθω;
592 5165 788 5235 Ὀρᾶτέ
817 5183 906 5234 μοι
931 5166 1029 5235 τὴν
1062 5168 1245 5236 φωνὴν
1265 5167 1660 5240 ἀσθενεστέραν
1688 5185 1842 5236 γενο-

269 5245 463 5315 μένην,
496 5247 588 5298 καὶ
637 5248 772 5316 πρὸς
812 5248 1066 5300 τοσοῦτον
1123 5251 1282 5303 πάλιν
1335 5249 1508 5318 μῆκος
1554 5252 1744 5320 ἀρκεῖν
1776 5251 1839 5302 οὐ

261 5329 591 5399 δυναμένην·
621 5330 715 5382 καὶ
741 5331 905 5382 ταυτό
935 5349 1026 5400 μοι
1053 5331 1195 5385 δοκῶ
1234 5323 1463 5401 πάσχειν
1487 5331 1602 5396 νῦν,
1636 5329 1747 5385 οἷον
1774 5331 1840 5386 ἂν

262 5411 324 5463 εἴ
346 5429 428 5472 τις
451 5408 788 5481 στρατιώτης
817 5411 1130 5481 κατακόψας
1157 5414 1308 5476 τινάς
1349 5413 1472 5486 τῶν,
1497 5414 1804 5468 ἀντιπάλων
1823 5457 1838 5482 ,

264 5493 365 5548 καὶ
394 5492 534 5562 μετά
560 5492 754 5546 πολλοῦ
792 5494 885 5547 τοῦ
913 5493 1084 5564 θυμοῦ
1133 5499 1200 5565 τῇ
1237 5495 1477 5564 φάλαγγι
1505 5495 1612 5549 τῶν
1631 5497 1842 5567 ἐχθρῶν

333 5655 361 5684 ⁸
385 5653 750 5715 Addunlaliqui
773 5655 912 5719 codgi.
953 5657 1165 5711 διάλεξιν.
1206 5657 1314 5705 Mox
1343 5658 1432 5714 ἕως
1457 5660 1557 5719 μέν,
1579 5659 1648 5706 sic
1689 5656 1836 5706 Savil.

262 5725 318 5763 et
344 5729 456 5763 ms's.
483 5729 609 5777 pene
632 5729 830 5775 omnes;
861 5715 1028 5764 Morel.
1061 5731 1178 5765 vero
1215 5720 1303 5773 ἕως
1324 5719 1378 5766 οὗ
1407 5715 1507 5774 τάς.
1534 5715 1651 5767 ibid.
1688 5721 1836 5767 Savil.

263 5775 592 5840 vépnyat,‘§llii
614 5790 786 5840 omnes
805 5778 1053 5840 νέμωνται,
1077 5781 1150 5824 vel
1176 5781 1410 5839 νέμονται.
1439 5781 1591 5827 I’aulo
1617 5788 1727 5840 post
1750 5782 1836 5827 Sa-

267 5837 336 5884 vi.‘
381 5837 643 5900 διεγείρωσι
662 5838 885 5900 πόλεμον,
914 5838 1081 5900 Morel.
1111 5837 1325 5900 ἀγάγωσι
1361 5857 1411 5886 π.
1443 5842 1587 5887 Codd.
1618 5837 1700 5900 inii
1725 5842 1840 5895 στή-

267 5912 374 5945 οιυσ
401 5932 415 5954 ,
435 5897 834 5954 mmmam.
852 5897 1169 5959 (Sat'ilianam
1189 5897 1476 5963 stripmram
1497 5897 1840 5960 prwmlimus.)

1943 3773 2240 3836 ἐπιπεσὼν,
2269 3773 2363 3826 καὶ
2398 3771 2567 3825 πολλά
2599 3769 2825 3840 σώματα
2851 3770 3217 3838 κατενεγκὼν,
3254 3765 3374 3822 εἶτα
3395 3768 3513 3822 δια-

1943 3860 2146 3918 κλάσας
2187 3855 2245 3907 τὺ
2284 3853 2456 3922 ξίφος,
2499 3854 2638 3924 μετά
2695 3852 2931 3923 ἀθυμίας
2972 3851 3110 3922 πρὸς
3154 3853 3278 3914 τοὺς
3319 3849 3522 3904 ἑαυτοῦ.

1942 3941 2104 3994 πάλιν
2137 3935 2556 4005 ἐπαναστρέφοι.
2577 3934 2794 3988 Μᾶλλον
2820 3933 2877 3986 δὲ
2897 3933 2959 3986 τὸ
2988 3933 3258 4002 ἡμέτερον
3276 3930 3517 4001 χαλεπώ-

1940 4039 2098 4093 τερον
2121 4019 2309 4081 πάθος.
2329 4017 2642 4088 Στρατιώτῃ
2671 4017 2768 4085 μὲν
2785 4014 2894 4086 γὰρ
2915 4014 3262 4067 διακλάσαντι
3283 4014 3342 4066 τὺ
3363 4011 3517 4082 ξίφος

1941 4104 2118 4168 ἔξεστι
2160 4103 2288 4171 παρ’
2333 4100 2522 4170 ἐτέρου
2552 4099 2696 4161 τινὸς
2721 4097 2830 4151 τῶν
2859 4096 3106 4150 ἑστώτων
3145 4095 3388 4167 ἁρπάσαι
3419 4095 3518 4149 καὶ

1941 4185 2018 4254 τῷ
2049 4183 2202 4254 θυμῷ
2224 4181 2551 4254 χρήσασθαι,
2568 4181 2662 4234 καὶ
2691 4179 2788 4250 τὴν
2811 4177 3118 4249 προθυμίαν
3145 4176 3514 4241 ἐπιδείξασθαι
3593 4208 3596 4210 -

1942 4268 2038 4338 τὴν
2068 4266 2288 4336 πολλήν·
2315 4265 2494 4334 φωνῆς
2528 4264 2586 4317 δέ
2607 4261 2913 4334 καμούσης,
2951 4261 3078 4331 παρ’
3108 4259 3294 4329 ἐτέρου
3333 4256 3515 4330 φωνὴν

1942 4349 2126 4401 λαϐεῖν
2171 4349 2271 4400 οὐκ
2323 4347 2419 4399 ἔνι.
2454 4346 2518 4398 Τί
2553 4341 2682 4410 οὗν;
2737 4341 3146 4413 ὑποστρέψομεν
3190 4342 3284 4394 καὶ
3316 4341 3514 4411 ήμεϊς,;

1957 4431 2092 4484 Ἀλλ’
2123 4431 2222 4484 οὒκ
2252 4429 2534 4500 ἐπιτρέπει
2570 4429 2668 4498 τῆς
2698 4426 2968 4497 ὑμετέρας
3001 4425 3283 4494 ἀγάπης.ή
3314 4439 3516 4492 τυραν-

1942 4515 2042 4578 νίς.
2078 4513 2340 4582 Αἰδοῦμαι
2365 4513 2457 4564 καὶ
2487 4510 2582 4564 τοῦ
2619 4509 2824 4580 πατρὸς
2851 4509 2951 4576 τὴν
2982 4506 3301 4576 παρουσίαν,
3332 4504 3514 4557 αἰδοῦ-

1946 4613 2043 4668 μαι
2080 4598 2109 4637 b
2149 4594 2206 4648 δὲ
2241 4596 2333 4647 καὶ
2368 4594 2467 4662 τὴν
2506 4594 2776 4662 ὑμετέραν
2817 4588 3151 4661 προθυμίαν.
3195 4589 3284 4640 Διὸ
3316 4587 3381 4657 δὴ
3421 4587 3517 4640 καὶ

1942 4681 2052 4740 τοῖς
2078 4677 2218 4745 ὑπὲρ
2245 4676 2469 4746 δύναμιν
2513 4671 2860 4743 ἐπιχειρῆσαι
2889 4670 3240 4741 πειράσομαι,
3268 4673 3389 4733 ταῖς
3423 4669 3516 4722 εὐ-

1941 4763 2063 4831 χαῖς
2084 4760 2272 4812 τούτου
2298 4759 2392 4812 καὶ
2411 4760 2476 4827 τῇ
2505 4755 2748 4826 ὑμετέρα
2767 4753 2830 4806 τὸ
2851 4753 2958 4806 πᾶν
2985 4751 3278 4823 ἐπιρρίψας
3302 4752 3512 4823 ἀγάπῃ.

2013 4841 2215 4911 Μηδεὶς
2234 4840 2288 4892 δὲ
2305 4841 2458 4909 ὑμῶν
2472 4838 2727 4909 ἀκαιρίαν
2742 4836 3195 4903 καταγινωσκέτω
3217 4834 3311 4890 τοῦ
3329 4835 3513 4903 λόγου,

1942 4924 2010 4986 εἰ,
2038 4923 2148 4975 τῶν
2179 4920 2473 4991 μαρτύρων
2501 4921 2650 4990 ἡμᾶς
2690 4918 3036 4972 καλεσάντων
3064 4921 3322 4990 τήμερον,
3355 4919 3518 4989 ἡμεῖς

1943 5005 2042 5074 τὴν
2065 5005 2315 5074 διήγησιν
2342 5002 2452 5055 τῶν
2481 5001 2706 5054 ἐκείνων
2739 5000 2917 5054 ἄθλων
2946 5000 3192 5068 ἀφέντες,
3219 5000 3356 5071 πρὸς
3388 5000 3520 5053 Ἰου-

1943 5085 2124 5148 δαίους
2165 5083 2543 5153 ἀποδυόμεθαο
2595 5083 2689 5136 καὶ
2725 5081 2835 5152 γὰρ
2878 5079 3104 5144 ἐκείνοις
3149 5081 3519 5158 ποθεινότερος

1944 5163 2095 5231 οὗτος
2122 5170 2149 5221 ὁ
2172 5167 2348 5236 λόγος·
2374 5167 2480 5220 ἀπὸ
2508 5166 2617 5236 γάρ
2644 5170 2754 5218 ’.ὠν
2805 5164 3083 5236 ἡμετέρων
3116 5164 3403 5233 ἐγκωμίων
3429 5163 3520 5216 οὺ-

1943 5252 2031 5306 δέν
2054 5252 2120 5305 ἂν
2144 5251 2297 5304 αὑτοὶ
2323 5249 2688 5322 λαμπρότεροι
2719 5248 2978 5316 γένοιντο.
3008 5247 3073 5299 Τί
3100 5246 3208 5316 γάρ
3227 5245 3294 5299 ἂν
3317 5245 3524 5298 δέοιντο

1943 5335 2041 5404 τῆς
2077 5333 2350 5404 ἡμετέρας
2378 5332 2641 5402 γλώττης,
2683 5323 2758 5383 ὧν
2782 5330 2875 5384 καὶ
2905 5331 2972 5384 τὰ
3005 5329 3352 5396 παλαίσματα
3377 5327 3518 5396 ὑπὲρ

1944 5417 2042 5484 τὴν
2071 5415 2270 5487 θνητήν
2301 5415 2461 5483 φύσιν
2491 5414 2627 5476 ἐστὶ,
2654 5412 2749 5466 καὶ
2775 5411 2844 5464 τά
2875 5410 3082 5464 ἔπαθλα
3116 5410 3256 5478 ὑπὲρ
3291 5409 3519 5478 δύναμιν

1948 5499 2040 5552 καὶ
2085 5498 2356 5562 διάνοιαν;
2407 5497 2800 5564 Κατεγέλασαν
2859 5493 2959 5564 τῆς
3013 5492 3292 5561 παρούσης
3335 5490 3519 5560 ζωῆς,

1948 5581 2332 5650 κατεπάτησαν
2363 5579 2758 5649 βασανιστήρια
2800 5577 2893 5630 καὶ
2929 5576 3196 5638 κολάσεις,
3240 5573 3521 5644 ὑπερεῖδον

1948 5661 2210 5723 θανάτου,
2269 5661 2404 5731 πρὸς
2453 5661 2544 5714 τὸν
2599 5661 2827 5730 οὐρανὸν
2869 5657 3287 5734 ἐπτερώθησαν,
3344 5655 3521 5728 ἀπηλ-

1947 5744 2190 5813 λάγησαν
2217 5743 2314 5813 τῆς
2349 5743 2515 5813 ζάλης
2555 5749 2576 5777 ε
2607 5743 2721 5796 τῶν
2755 5743 3021 5812 βιωτικῶν
3054 5740 3408 5813 πραγμάτων,
3439 5740 3520 5804 εἰς

2009 5839 2036 5877 δ
2062 5838 2158 5902 ΑἰῘὶ
2183 5840 2266 5894 τὴν
2297 5840 2574 5902 παρουσίαν,
2599 5839 2896 5902 αἰσχύνομαι.

2015 5903 2034 5929 ε
2064 5900 2163 5949 Alii
2186 5907 2265 5955 τῆς
2287 5900 2442 5958 ζάλης,
2468 5901 2549 5949 alii
2573 5907 2652 5956 τῆς
2674 5901 2864 5957 πλάνης.
