3866 6226
325 230 436 288 905

321 352 608 404 auresaures
629 360 763 419 quos
793 363 951 402 nemo
983 356 1158 416 potest
1183 347 1391 416 eripere
1419 347 1787 416 importantes,
1822 359 1907 400 to;

325 439 631 504 lerantiam,
675 438 1043 493 fortitudinem
1083 445 1139 493 et
1162 439 1459 494 caritatem.
1493 437 1647 493 Nunc
1681 438 1732 492 in
1759 435 1910 492 Pauli

322 533 548 587 chorum
577 538 953 601 pervenerunt,
973 538 1098 585 ante
1117 543 1342 584 coronas
1363 543 1488 584 suas
1508 526 1910 598 exspectatione

322 637 646 677 coronarum
693 620 916 685 alacres,
967 634 1034 674 eo
1072 619 1215 690 quod
1249 620 1360 687 jam
1388 617 1458 674 de
1499 619 1674 672 futuro
1720 615 1908 670 incerti

324 730 448 768 esse
486 713 782 768 desierunt.
835 712 970 782 Quid
1009 712 1169 782 igitur
1211 710 1328 766 istis
1371 725 1506 781 opus
1558 710 1628 764 sit
1670 709 1911 764 oratione

324 806 546 860 nostra?
575 805 687 860 lloc
712 806 870 874 igitur
893 814 1263 875 argumentum
1309 805 1416 859 illis
1438 802 1658 873 gratius.
1705 800 1785 856 Ex
1814 816 1911 854 no-

327 897 456 950 stris
487 896 632 950 enim
675 895 940 962 laudibus,
969 893 1418 964 quemadmodum
1461 901 1614 948 antea
1643 891 1909 951 dicebam.

330 987 462 1041 nihil
491 987 704 1041 illorum
733 988 914 1058 gloria:
955 988 1261 1042 accesserit.
1301 986 1569 1041 Caeterum
1606 999 1674 1038 ex
1716 982 1912 1037 nostris

327 1079 588 1134 adversus
627 1078 842 1134 Judaeos
879 1078 1361 1134 conﬂictationibus
1408 1077 1634 1132 multum
1677 1075 1782 1130 illis
1819 1075 1914 1130 ad-

326 1166 580 1236 juugetur
599 1170 794 1238 gaudii,
826 1180 879 1225 et
911 1170 1138 1224 libenter
1158 1168 1504 1224 auscultaturi
1531 1175 1656 1223 sunt
1684 1165 1914 1220 maxime

332 1271 612 1314 seruienes
649 1275 764 1327 eos,
811 1261 898 1331 qui
930 1276 1026 1330 pro
1059 1261 1225 1332 gloria
1271 1261 1363 1316 Dei
1405 1260 1673 1315 dicuntur.
1701 1256 1924 1313 Judaeos.

333 1347 476 1400 enim
512 1349 776 1417 imprimis
817 1351 1046 1407 oderunt
1072 1359 1353 1422 martyres,
1391 1348 1819 1422 quandoquidem
1848 1348 1917 1403 ab

337 1439 442 1492 illis
461 1441 773 1497 cruciﬁxum
810 1444 1039 1498 maxime
1067 1443 1317 1514 diligunt.
1348 1443 1479 1498 Nam
1513 1443 1600 1498 isti
1629 1441 1913 1497 dicebant:

336 1530 563 1611 Sanguis
583 1534 691 1603 ejus
705 1550 854 1604 super
867 1551 978 1600 nos,
992 1545 1039 1589 et
1057 1552 1209 1605 super
1221 1537 1355 1605 ﬁlios
1372 1545 1571 1590 nostros
1597 1533 1806 1606 (Matth.
1821 1532 1915 1586 27.

334 1619 469 1692 ωε
500 1625 574 1677 illi
621 1640 750 1679 vero
785 1626 1093 1695 sanguinem
1137 1628 1410 1696 proprium
1461 1625 1762 1682 eli'uderunt
1803 1623 1920 1694 ejus

337 1727 543 1782 artiore,
573 1731 729 1785 quem
761 1715 835 1770 illi
857 1717 1182 1773 occiderant.
1227 1718 1334 1773 llos
1360 1719 1520 1790 igitur
1544 1731 1821 1772 sermones
1851 1715 1918 1769 li-

342 1803 532 1859 benter
559 1807 794 1862 audient.

411 1895 468 1949 2.
508 1896 659 1964 Quod
701 1898 878 1968 igitur,
911 1899 956 1954 si
1001 1899 1118 1955 inec
1144 1899 1448 1955 Judteorum
1492 1900 1726 1956 servitus
1761 1898 1920 1954 ﬁnem

343 2000 487 2045 esset
529 1990 794 2060 habitura,
844 1993 945 2048 hoc
974 2009 1186 2064 quoque
1228 1995 1526 2062 prccdicturi
1566 1993 1764 2050 fuerint
1803 2007 1924 2060 pro-

346 2081 539 2151 phetae,
585 2092 640 2138 et
681 2099 1014 2154 nequaquam
1055 2085 1266 2141 silentio
1296 2086 1634 2154 praeterituri,
1674 2086 1804 2140 satis
1825 2084 1922 2140 de-

345 2171 662 2226 elaravimus
686 2191 700 2228 :
728 2189 850 2228 cum
877 2190 1065 2229 omnes
1085 2177 1418 2245 captivitates
1443 2192 1472 2230 a
1499 2176 1770 2246 pr0phetis
1799 2191 1926 2246 pra:-

346 2262 516 2316 dietas
546 2263 707 2318 fuisse
731 2265 1100 2330 OSIendimus;
1133 2266 1360 2336 primum
1392 2265 1534 2320 illam
1576 2266 1630 2320 in
1669 2265 1922 2336 IEgyplo,

349 2354 545 2410 deinde
569 2356 620 2409 in
652 2355 943 2428 Babylone,
967 2358 1175 2412 tertiam
1206 2359 1306 2413 sub
1335 2355 1599 2414 Antiocho
1627 2356 1926 2427 Epiphane.

353 2445 842 2502 Demonstravimus
868 2448 1011 2502 enim
1039 2447 1225 2502 harum
1255 2447 1539 2517 unicuique
1579 2457 1634 2503 et
1658 2447 1833 2502 locum
1876 2455 1931 2501 et

352 2544 561 2605 tempus
589 2535 752 2593 fuisse
783 2538 1091 2606 prmdictum
1133 2539 1184 2592 in
1225 2537 1390 2593 sacris
1431 2537 1619 2593 literis.
1649 2538 1784 2592 Huic
1804 2551 1931 2590 vero

355 2627 606 2694 prmsenti
653 2627 829 2682 nullus
872 2627 1128 2698 propheta
1170 2628 1449 2699 przeﬁnivit
1477 2639 1704 2700 tempus.
1735 2628 1933 2683 Verum

353 2717 497 2786 quod
532 2726 678 2773 esset
711 2727 953 2784 ventura,
997 2720 1279 2789 omniaque
1307 2719 1631 2782 desolatura,
1676 2719 1932 2774 ditionem

357 2810 574 2880 insuper
596 2818 650 2864 et
674 2811 980 2881 religionem
1011 2811 1347 2878 translatura,
1371 2820 1673 2880 quantoque
1694 2818 1936 2878 tempore

358 2909 478 2970 post
506 2899 733 2955 reditum
761 2916 792 2956 e
821 2901 1091 2973 Babylone
1111 2911 1353 2968 ventura,
1385 2901 1628 2970 prmdixit
1659 2901 1861 2956 Daniel.

431 2990 696 3045 Postrema
727 2991 1027 3046 Judazorum
1066 2993 1326 3064 captivitas
1353 3008 1628 3063 nuniquam
1655 2992 1809 3061 ﬁnem
1837 2992 1936 3045 Ita-

361 3084 526 3138 bitura
545 3093 639 3138 est.
661 3113 730 3126 -——
748 3083 1013 3140 Caeterum
1039 3085 1179 3155 quod
1199 3085 1269 3140 sit
1298 3085 1538 3140 habitura
1560 3083 1740 3147 ﬁnem,
1764 3083 1937 3154 quod-

362 3191 465 3244 que
479 3175 766 3245 aliquando
793 3175 1026 3232 sistenda
1047 3177 1154 3230 sint
1179 3177 1280 3230 ista
1301 3176 1457 3241 mala,
1490 3190 1590 3231 nec
1620 3175 1708 3229 ille
1736 3172 1940 3244 patefe-

362 3267 457 3332 cit,
483 3281 580 3321 nee
599 3267 876 3337 quisquam
906 3266 1134 3321 aliorum
1157 3267 1556 3336 prophetarum.
1591 3264 1728 3333 Quin
1755 3275 1942 3320 contra

366 3356 630 3424 praedixit,
661 3357 803 3427 quod
843 3356 909 3412 ad
951 3357 1110 3412 ﬁnem
1148 3372 1314 3427 usque
1356 3356 1609 3412 duratura
1647 3366 1790 3412 esset
1829 3355 1944 3410 haec

365 3447 617 3502 servitus.
650 3447 944 3502 Attestatur
973 3447 1056 3501 his
1084 3462 1202 3518 qua:
1231 3448 1482 3513 diximus,
1511 3456 1569 3503 et
1606 3447 1781 3516 ipsum
1811 3456 1947 3502 tem-

367 3552 486 3606 pus,
513 3537 653 3607 quod
677 3538 786 3608 jam
827 3546 1030 3592 tantum
1058 3547 1333 3608 peractum
1364 3547 1465 3605 est,
1512 3553 1611 3594 nec
1657 3539 1823 3593 ullum
1852 3553 1947 3594 ve-

367 3629 603 3697 atigium,
632 3644 732 3684 nec
762 3630 971 3684 initium
997 3631 1061 3684 ad
1093 3631 1235 3688 hunc
1254 3646 1421 3703 usque
1445 3631 1589 3687 diem
1615 3632 1771 3687 bona:
1791 3646 1946 3688 com-

371 3721 679 3774 mutationis
723 3722 978 3788 ostendit,
1021 3722 1178 3792 idque
1225 3737 1346 3778 cum
1381 3725 1574 3780 crebro
1611 3724 1723 3794 jam
1769 3724 1946 3780 conati

370 3812 476 3866 sint
522 3810 818 3867 instaurare
861 3814 1136 3883 templum.
1172 3813 1302 3868 Nam
1346 3815 1510 3870 semel
1551 3823 1608 3869 et
1650 3815 1841 3869 iterum
1885 3828 1950 3869 ac

374 3905 551 3967 tertio,
601 3904 702 3958 sub
730 3904 1014 3970 lladriano,
1046 3905 1146 3960 sub
1179 3903 1545 3971 Constantino,
1589 3906 1689 3960 sub
1715 3905 1947 3972 Iuliano,

372 4004 592 4049 conatus
619 3995 828 4050 illorum
853 3995 1118 4050 cohibitus
1138 4006 1222 4050 est
1249 4013 1263 4050 :
1295 3997 1521 4066 primum
1549 3996 1758 4066 quidem
1782 4011 1812 4051 a
1842 3997 1949 4050 mi-

375 4085 576 4153 litibus,
608 4101 793 4141 rursus
835 4087 903 4141 ab
938 4087 1060 4156 igne
1096 4102 1128 4142 e
1159 4086 1510 4143 fundamentis
1535 4097 1868 4157 erumpente,
1897 4097 1953 4143 et

377 4179 581 4232 illorum
611 4179 962 4250 importunam
985 4180 1330 4247 pervicaciam
1357 4187 1655 4234 coercente.
1679 4179 1796 4234 Jam
1825 4194 1953 4235 vero

376 4271 562 4326 iubens
582 4271 698 4326 illos
721 4273 1013 4342 rogaverim
1043 4291 1057 4327 :
1080 4287 1178 4328 cur
1204 4281 1404 4328 tantum
1435 4273 1687 4343 temporis
1714 4274 1766 4328 in
1789 4273 1954 4344 Egy-

376 4375 468 4432 pto
492 4369 683 4420 versati
724 4365 999 4435 recepistis
1033 4366 1278 4436 patriam,
1319 4381 1382 4421 ac
1425 4381 1611 4422 rursus
1645 4366 1855 4421 abducti
1900 4367 1951 4422 in

379 4455 701 4526 Babylonem
731 4456 964 4511 rediistis
990 4456 1376 4528 Jerosolymam
1409 4474 1422 4511 :
1453 4457 1612 4512 tertio
1636 4457 1735 4512 sub
1763 4458 1949 4511 Antio-

379 4545 481 4600 cho
505 4555 610 4600 tam
639 4547 802 4600 multa
830 4546 973 4616 passi
999 4546 1158 4613 mala,
1185 4546 1250 4600 ad
1282 4548 1560 4615 pristinum
1587 4547 1788 4602 reversi
1827 4549 1956 4603 esﬁs

383 4644 599 4702 statum,
621 4636 898 4700 sacriﬁcia,
930 4636 1114 4699 altare,
1143 4647 1322 4692 sancta
1364 4645 1664 4691 sanctorum
1700 4647 1754 4692 et
1779 4638 1958 4692 omnia

383 4742 504 4780 cum
533 4727 753 4795 pristina
793 4726 1066 4796 recepistis
1099 4727 1354 4796 dignitate
1382 4744 1396 4781 :
1427 4743 1568 4782 nunc
1603 4737 1780 4783 autem
1827 4729 1958 4782 nihil

384 4817 559 4871 simile
586 4817 780 4872 factum
808 4818 923 4873 est?
950 4817 1143 4873 Verum
1170 4832 1290 4872 cum
1327 4827 1538 4874 centum
1563 4820 1710 4884 anni,
1743 4820 1849 4873 imo
1876 4820 1971 4875 bis

384 4915 620 4974 centum,
659 4907 766 4962 imo
805 4916 907 4974 ter,
951 4907 1059 4962 imo
1084 4916 1274 4978 quater
1303 4916 1507 4962 tantum
1551 4909 1820 4979 multoque
1847 4925 1962 4962 am-

390 4999 525 5068 plius
561 5012 821 5052 annorum
850 4999 1202 5068 praeterierit:
1228 5013 1348 5052 nam
1380 4997 1468 5052 bie
1504 4999 1962 5070 quingentesimus

387 5108 452 5146 ex
491 5106 558 5146 eo
612 5100 849 5162 tempore
886 5090 1060 5161 agitur
1097 5103 1266 5144 annus
1318 5091 1374 5154 ¹;
1421 5105 1489 5145 ne
1527 5089 1964 5159 signiﬁcationem

387 5181 600 5252 quidem
621 5181 783 5236 ullam
801 5180 915 5250 ejus
936 5178 1241 5234 mutationis
1270 5179 1509 5234 videmus
1527 5179 1770 5235 alicunde
1797 5195 1964 5249 appa-

391 5289 538 5339 rere;
592 5272 693 5328 sed'
729 5287 816 5328 res
865 5273 970 5327 illis
1013 5271 1246 5328 funditus
1296 5271 1577 5341 collapsas,
1621 5285 1684 5326 ac
1734 5286 1833 5326 nec
1871 5287 1966 5341 per

389 5364 652 5420 somnium
674 5363 886 5433 quidem
907 5365 1068 5418 ullam
1088 5379 1237 5435 spem
1261 5365 1338 5419 eis
1365 5364 1593 5428 ostendi,
1621 5365 1967 5435 quemadmo-

391 5455 517 5511 dum
547 5457 712 5525 prius.
745 5455 954 5510 Etenim
997 5456 1043 5510 si
1081 5466 1296 5525 peccata
1340 5471 1438 5510 sua
1466 5455 1777 5526 objieerent,
1817 5455 1964 5512 dice-

426 5635 429 5642 '
458 5633 472 5664 '
496 5635 666 5700 Longe
693 5633 775 5686 hic
790 5632 983 5684 aberrat
1004 5643 1119 5683 vera
1135 5630 1442 5694 chronologia
1463 5630 1834 5698 chrysostomus.

1566 233 1928 290 ADVERSUS
1963 232 2265 292 ιυυιεοδ.
2313 236 2396 290 Vl.

3503 249 3607 305 906

2019 358 2282 418 rcntque:
2314 349 2561 420 quoniam
2612 355 2943 421 peccavimus
2986 357 3129 424 Deo,
3177 359 3606 430 olicndimusque

2014 438 2184 507 illum,
2209 441 2328 497 ideo
2348 457 2453 497 non
2477 445 2765 514 recipimus
2797 459 3032 505 nostram
3058 451 3345 522 regionem,
3369 463 3424 508 et
3449 454 3492 508 si
3515 454 3602 523 qui

2015 530 2182 598 prius,
2205 546 2327 587 eum
2349 548 2381 587 a
2401 535 2675 605 prophetis
2693 549 3090 608 accusarentur,
3122 543 3457 613 impudenter
3477 560 3605 616 ago-

2015 617 2162 683 bant,
2195 629 2355 692 atque
2393 624 2497 680 illis
2537 627 2792 683 atrociter
2817 631 3262 700 exprobrantibus
3289 634 3596 704 homicidia,

2015 712 2314 781 negabant,
2361 715 2521 771 iidem
2575 733 2718 773 nunc
2749 720 3132 778 conﬁterentur
3185 724 3606 797 damnarentque

2016 805 2232 875 propria
2258 817 2472 876 peccata
2503 826 2516 863 :
2544 809 2733 866 lubens
2757 813 2825 868 de
2840 813 3048 884 integro
3079 831 3511 888 unumquemque
3543 819 3604 873 il-

2015 893 2187 948 lorum
2233 895 2696 968 interrogaverim,
2745 917 2886 959 nunc
2924 914 3141 975 propter
3166 918 3378 976 peccata
3419 918 3528 974 tua,
3572 926 3607 962 ο

2015 985 2221 1054 Ιυάωθ,
2262 999 2413 1044 extra
2455 991 2842 1064 Jerosoiymam
2875 997 2989 1066 agis
3033 1007 3178 1052 tanto
3217 999 3496 1069 tempore?
3543 1001 3610 1056 Et

2016 1077 2146 1146 quid
2180 1079 2316 1134 istuc
2357 1096 2553 1136 novum
2589 1093 2673 1139 est
2711 1095 2802 1140 aut
2836 1087 3066 1140 mirum?
3106 1087 3244 1143 Num
3285 1091 3428 1145 enim
3465 1106 3610 1146 nunc

2019 1176 2220 1223 tantum
2261 1171 2313 1224 in
2340 1174 2570 1240 peccatis
2594 1174 2793 1242 vivitis,
2842 1177 2987 1246 prius
3023 1179 3075 1232 in
3102 1179 3304 1248 justitia
3353 1188 3608 1251 recteque

2019 1259 2174 1316 factis
2220 1263 2364 1318 soliti
2412 1265 2630 1322 vivere?
2676 1268 2863 1324 Nonne
2902 1270 3013 1340 jam
3059 1272 3186 1325 olim
3243 1273 3311 1326 ab
3353 1273 3505 1328 initio
3552 1276 3607 1328 in

2019 1351 2496 1413 innumerabilibus
2525 1361 2758 1428 peccatis
2803 1362 3203 1417 versabamini?
3232 1365 3422 1419 Annon
3451 1366 3613 1419 innu-

2019 1457 2166 1498 mera
2202 1446 2543 1514 reprehendit
2588 1449 2642 1503 in
2685 1449 2839 1505 vobis
2883 1451 3132 1508 Ezechiel
3165 1453 3440 1524 prepheta,
3484 1468 3606 1508 cum

2022 1534 2250 1592 inductis
2274 1537 2481 1594 duabus
2512 1541 2880 1598 meretricibus
2905 1543 2999 1598 Oia
3034 1553 3089 1599 et
3126 1544 3299 1612 Oliba,
3328 1545 3406 1601 sic
3433 1546 3611 1616 loqui-

2025 1634 2110 1680 tur
2139 1643 2152 1680 :
2188 1625 2433 1698 Lupanar
2469 1629 2761 1698 cedi/icastis
2788 1632 2840 1686 in
2867 1632 3118 1704 JEgypto,
3163 1644 3212 1689 et
3255 1636 3512 1689 insanistis
3553 1636 3611 1689 in

2022 1717 2282 1785 barbaros,
2329 1731 2377 1774 et
2420 1721 2612 1777 alienos
2651 1723 2771 1778 deos
2807 1723 3033 1779 coluistis
3058 1725 3274 1794 (Ezech.
3300 1726 3395 1796 25)
3417 1726 3442 1779 ?
3467 1726 3607 1792 Quid

2024 1813 2217 1881 porro?
2246 1811 2379 1868 Cum
2420 1829 2566 1869 mare
2590 1813 2896 1884 ﬁnderetur,
2936 1832 3058 1872 cum
3085 1824 3251 1888 petrae
3291 1832 3608 1887 rumperen-

2025 1909 2134 1968 tur,
2161 1917 2281 1958 cum
2310 1911 2386 1958 tot
2427 1905 2682 1960 miracula
2708 1905 2896 1961 ﬁerent
2922 1907 2974 1961 in
3003 1907 3239 1974 deserto,
3267 1923 3446 1962 nonne
3471 1907 3612 1962 vitu-

2025 1991 2138 2047 ium
2181 1993 2484 2052 adorastis?
2509 1995 2699 2052 Nonne
2728 1996 2927 2053 Mosem
2962 2012 3103 2054 nunc
3132 1998 3398 2068 lapidibus
3434 1999 3606 2068 impe-

2029 2093 2223 2152 tentes,
2276 2100 2418 2141 nunc
2467 2087 2820 2156 expellentes;
2864 2103 3006 2144 nunc
3059 2089 3239 2143 multis
3284 2089 3457 2144 modis
3501 2088 3609 2144 fre—

2029 2184 2254 2246 quenter
2290 2178 2466 2232 conati
2503 2179 2633 2233 estis
2661 2179 2942 2234 occidere?
2971 2179 3159 2235 Nonne
3188 2181 3615 2250 perseverabatis

2028 2266 2386 2338 blasphemias
2417 2268 2674 2337 jacientes
2722 2269 2772 2323 in
2817 2269 3018 2324 Deum?
3052 2269 3238 2326 Nonne
3281 2271 3616 2342 Beelphegor

2032 2356 2222 2412 initiati
2262 2357 2426 2413 estis?
2455 2358 2641 2414 Nonne
2673 2359 2806 2414 ﬁlios
2827 2369 3042 2415 vestros
3067 2376 3130 2415 ac
3175 2361 3309 2416 ﬁlias
3344 2362 3614 2416 sacriﬁca-

2032 2447 2132 2500 stis
2164 2446 2464 2513 dzemoniis,
2507 2458 2563 2503 et
2590 2464 2749 2504 omne
2793 2450 3078 2519 impietatis
3107 2450 3416 2520 peccatique
3443 2464 3612 2521 genus

2033 2536 2348 2593 exhibuistis
2370 2538 2395 2590 ?
2417 2537 2605 2594 Nonne
2637 2537 2892 2608 propheta
2932 2539 3084 2595 vobis
3123 2539 3222 2594 sub
3247 2553 3477 2609 persona
3519 2539 3616 2594 Dei

2036 2627 2314 2698 loquitur:
2345 2630 2696 2702 Quadraginta
2735 2647 2893 2685 annos
2935 2631 3162 2699 infensus
3190 2632 3268 2701 [ui
3309 2629 3621 2701 generationi

2037 2719 2177 2784 huic,
2204 2728 2251 2772 et
2273 2719 2402 2786 dixi,
2441 2736 2638 2789 semper
2670 2731 2840 2774 errant
2865 2721 3016 2775 corde
3044 2719 3217 2791 (Psal.
3245 2721 3336 2776 94.
3366 2720 3494 2790 i0)?
3513 2719 3618 2788 Qui

2039 2807 2153 2862 ﬁeri
2187 2811 2376 2878 potuit,
2418 2819 2475 2866 ut
2518 2820 2626 2864 tum
2651 2827 2748 2866 vos
2790 2825 2893 2865 non
2937 2821 3274 2866 aversaretur
3315 2811 3478 2876 Deus,
3522 2810 3621 2866 sed

2041 2908 2161 2968 post
2201 2901 2573 2955 mactationem
2629 2901 2878 2967 ﬁliorum,
2927 2911 3050 2971 post
3093 2901 3355 2956 idolorum
3394 2903 3618 2967 cultum,

2041 2997 2161 3058 post
2203 2998 2400 3044 tantam
2446 2990 2859 3061 improbitatem,
2888 3001 3010 3061 post
3037 2990 3357 3046 ineii‘abilem
3397 2991 3619 3060 ingrati-

2043 3079 2302 3147 tudinem,
2323 3081 2484 3136 etiam
2514 3081 2823 3152 prophetam
2850 3081 2988 3151 apud
3013 3097 3109 3138 vos
3133 3097 3255 3137 esse
3291 3096 3480 3152 passus
3515 3089 3620 3147 est,

2021 3185 2292 3242 "magnum
2339 3171 2485 3225 illum
2531 3171 2754 3235 Mosem,
2795 3171 3050 3242 signaque
3090 3171 3256 3226 edidit
3288 3171 3527 3226 miranda
3568 3178 3625 3225 et

2045 3261 2345 3332 prodigiosa
2371 3279 2385 3316 :
2415 3277 2638 3333 qumque
2669 3261 2769 3318 sub
2788 3263 2892 3317 alio
2925 3262 3226 3317 mortalium
3249 3263 3464 3317 nemine
3485 3261 3624 3316 facta

2045 3362 2192 3420 sunt,
2238 3353 2353 3408 haec
2395 3353 2534 3409 inter
2572 3368 2669 3408 vos
2708 3353 3067 3423 contigerunt,
3098 3353 3288 3408 nebula
3327 3366 3490 3422 super
3529 3367 3625 3406 vos

2046 3445 2172 3500 tecti
2194 3446 2308 3516 vice
2333 3455 2597 3514 porrecta,
2621 3445 2866 3501 columna
2891 3445 3121 3499 lucerna:
3151 3444 3270 3500 loco
3295 3458 3388 3498 vos
3418 3456 3622 3512 praeo-

2047 3534 2225 3599 dente,
2254 3534 2495 3590 hostibus
2523 3535 2663 3589 ultro
2683 3534 3013 3600 cedentibus,
3039 3533 3338 3588 civitatibus
3360 3531 3475 3586 sola
3492 3545 3626 3600 pro-

2049 3625 2334 3694 pemodum
2373 3631 2510 3680 voce‘
2542 3624 2753 3694 captis!
2785 3623 2903 3678 Non
2945 3623 3111 3677 armis
3135 3622 3284 3677 vobis
3317 3636 3455 3692 epus
3491 3627 3628 3688 erat,

2050 3731 2158 3772 non
2182 3717 2318 3783 acie,
2347 3732 2452 3771 non
2485 3731 2692 3786 pugna;
2721 3716 2846 3786 quin
2877 3715 3046 3769 solum
3067 3713 3376 3769 insonuistis
3403 3713 3549 3774 tuba.
3575 3721 3633 3767 et

2050 3808 2192 3862 ultro
2230 3807 2425 3861 moenia
2450 3801 2786 3862 corruerunt.
2819 3804 3198 3874 Suppeditatus
3229 3813 3312 3858 est
3340 3803 3492 3858 vobis
3534 3817 3632 3856 no-

2052 3912 2151 3953 vus
2187 3897 2403 3967 quidam
2442 3905 2499 3952 et
2525 3893 2788 3948 inauditus
2828 3901 3178 3958 connneatus,
3214 3891 3282 3948 de
3307 3908 3414 3962 quo
3438 3892 3635 3949 clamat

2051 3986 2310 4058 propheta
2333 3985 2552 4039 dicens:
2579 3983 2775 4037 Panem
2799 3981 2912 4036 creti
2939 3981 3076 4034 dedit
3102 3981 3193 4047 eis,
3221 3996 3402 4048 panem
3427 3979 3633 4051 angelo-

2053 4093 2167 4131 rum
2212 4075 2426 4129 comedit
2469 4075 2618 4127 Itomo
2638 4089 2659 4128 :
2682 4071 2872 4126 cibaria
2920 4071 3056 4124 misit
3107 4070 3179 4125 eis
3221 4070 3276 4123 in
3322 4067 3638 4122 abundantia

2056 4165 2227 4239 (Psat.
2260 4167 2348 4221 77.
2386 4165 2502 4235 25).
2531 4164 2734 4232 Quibus
2769 4163 2931 4234 igitur
2953 4161 3022 4217 de
3059 4161 3254 4226 causis,
3293 4161 3454 4216 dicite
3478 4159 3631 4224 mihi,

2057 4268 2184 4314 tunc
2209 4247 2556 4327 aspernantes
2593 4255 2780 4317 Deum,
2820 4252 3100 4309 simulacra
3143 4253 3400 4318 colentes,
3437 4249 3636 4305 liberos

2057 4357 2370 4414 mactantes,
2403 4346 2688 4417 prophetas
2708 4344 2968 4417 lapidibus
3001 4343 3313 4407 obruentes,
3357 4341 3634 4395 innumera

2059 4443 2261 4499 scelera
2279 4446 2665 4511 perpetrantes,
2689 4445 2888 4492 tantam
2915 4432 3333 4490 benevolentiam
3354 4430 3483 4486 estis
3503 4444 3636 4484 con-

2060 4533 2293 4604 sequuti,
2347 4537 2549 4584 tantam
2595 4543 2628 4582 a
2677 4528 2788 4582 Deo
2829 4525 3213 4596 providentiam
3252 4533 3442 4576 :nunc
3485 4534 3636 4582 vero,

2060 4639 2184 4680 cum
2210 4637 2308 4678 nec
2333 4623 2470 4677 idola
2498 4620 2710 4684 colatis,
2737 4632 2837 4673 nec
2859 4618 3057 4673 liberos
3080 4613 3352 4679 occidatis,
3384 4625 3485 4667 nec
3513 4625 3638 4681 pro-

2061 4713 2538 4786 phetaslapidetis,
2569 4712 2621 4766 in
2644 4718 2901 4782 perpetua
2926 4708 3117 4779 degitis
3141 4703 3483 4775 captivitate?
3506 4701 3639 4756 Num

2063 4809 2205 4866 enim
2247 4816 2356 4862 tum
2397 4806 2530 4860 alius
2571 4813 2685 4860 erat
2729 4803 2887 4868 Deus,
2927 4816 3087 4871 quam
3139 4813 3280 4854 nunc
3299 4797 3417 4853 est?
3447 4796 3640 4850 Annon

2065 4898 2204 4954 idem
2231 4908 2331 4961 est,
2363 4897 2451 4965 qui
2482 4902 2591 4949 tum
2634 4894 2722 4948 illa
2763 4891 3110 4964 gubernabat,
3152 4899 3207 4945 et
3238 4889 3328 4958 qui
3358 4900 3499 4941 nunc
3524 4898 3642 4954 quae

2068 4989 2198 5043 ﬁunt
2245 4985 2532 5056 operatur?
2581 4983 2718 5053 Quid
2765 4983 2924 5054 igitur
2971 4981 3025 5036 in
3062 4994 3222 5036 causa
3262 4977 3380 5044 fuit,
3425 4984 3483 5030 ut
3521 4989 3644 5029 cum

2066 5075 2398 5147 gravioribus
2426 5075 2658 5144 peccatis
2696 5071 3056 5135 abundaretis,
3097 5069 3311 5125 uberior
3335 5066 3494 5120 fuerit
3519 5078 3644 5133 erga

2067 5184 2165 5226 vos
2187 5169 2282 5224 Dei
2311 5167 2660 5223 beneﬁcentia
2689 5182 2705 5229 ;
2735 5178 2876 5219 nunc
2914 5176 3062 5227 vero,
3089 5175 3209 5215 cum
3236 5158 3432 5213 leviora
3459 5168 3647 5224 pecca-

2071 5261 2158 5323 tis,
2206 5272 2424 5328 prorsus
2471 5270 2570 5312 vos
2609 5262 2906 5319 aversetur,
2950 5261 3324 5320 perpetuaeque
3369 5242 3646 5298 tradiderit

2071 5348 2373 5422 ignominia:
2391 5346 2416 5400 ?
2437 5345 2648 5402 Etenim
2676 5345 2720 5398 si
2744 5358 2842 5399 vos
2866 5356 3002 5396 nunc
3025 5339 3096 5394 ob
3118 5339 3321 5392 scelera
3345 5343 3642 5399 aversatur,

2070 5442 2242 5499 multo
2280 5440 2448 5510 magis
2490 5447 2614 5493 tunc
2649 5435 2902 5506 oportuit.
2929 5430 3082 5502 Quod
3123 5429 3169 5484 si
3207 5436 3333 5482 tunc
3357 5439 3454 5480 vos
3485 5423 3646 5482 cnsti-

2072 5537 2188 5592 nuit
2215 5534 2378 5605 impie
2405 5533 2664 5595 viventes,
2695 5541 2834 5582 nunc
2856 5526 3020 5580 multo
3046 5521 3210 5590 magis
3242 5516 3520 5605 oportebat
3555 5529 3645 5569 su-

2075 5604 2306 5695 stinere,
2327 5639 2450 5680 cum
2479 5620 2611 5678 nihil
2657 5618 2827 5675 simile
2851 5612 3208 5672 committatis.
3239 5610 3406 5679 Quam
3432 5604 3501 5662 ob
3526 5617 3640 5658 rem
