3866 6226
289 199 389 254 907
1023 198 1079 254 S.
1121 200 1396 256 JOANNIS
1435 203 1898 260 CllRYSOSTC‘l-II
1935 207 2243 265 ARCIIIEP.
2281 210 2813 271 CONSTANTINOP.
3413 219 3534 278 908

291 313 448 378 igitur
498 324 601 364 non
645 311 937 365 sustinuit?
985 312 1038 365 Si
1069 327 1159 364 vos
1207 313 1366 376 pudet
1397 329 1611 368 causam
1655 315 1855 389 dicere,

294 418 388 471 rgo
417 401 643 457 dilucide
669 402 990 471 proﬁtebor;
1023 402 1129 456 into
1157 405 1330 471 potius
1348 421 1452 458 non
1479 421 1600 474 ego,
1631 407 1726 461 sed
1753 408 1862 476 ipsa

293 508 467 546 rerum
501 493 712 548 veritas.

365 602 478 656 Nam
490 603 674 660 Clu-isti
692 606 886 660 ludatis
900 622 1050 659 causa
1070 608 1696 682 malorum—Postquam
1713 612 1866 668 Citri-

291 705 430 750 stum
462 697 750 761 occidistis,
776 710 1052 767 postquam
1080 700 1135 753 in
1164 700 1441 754 Dominum
1466 703 1718 772 injecistis
1747 721 1862 758 ma-

291 799 411 849 nus,
442 795 716 855 postquam
743 788 1052 857 sanguinem
1074 788 1220 842 illum
1253 792 1540 858 pretiosum
1572 792 1860 859 eﬁ‘udistis;

295 887 579 946 propterea
595 883 804 928 nonest
823 876 971 930 vobis
997 877 1199 947 reliqua
1222 880 1518 949 corrigendi
1553 897 1673 951 spes
1696 898 1866 953 neque

293 966 464 1033 venia,
497 981 666 1036 neque
694 967 956 1038 purgatio.
979 968 1112 1024 Tum
1143 970 1282 1024 enim
1315 987 1434 1041 qua:
1475 987 1567 1040 per
1592 974 1865 1030 audaciam

293 1059 656 1127 perpetrastis,
703 1059 756 1114 in
801 1074 983 1115 servos
1032 1063 1395 1132 perpetrastis,
1446 1063 1498 1117 in
1546 1065 1766 1134 Mosem,
1816 1068 1866 1120 in

299 1149 506 1213 Isaiam,
541 1151 592 1204 in
619 1151 943 1217 Jeremiam;
987 1160 1098 1206 tum
1149 1155 1358 1208 tametsi
1416 1155 1659 1224 impietas
1693 1159 1867 1228 aliqua

291 1240 743 1308 committebatur,
801 1250 854 1295 at
882 1241 1101 1296 audacia
1138 1243 1370 1297 nondum
1409 1256 1742 1313 processerat
1779 1261 1869 1300 us-

291 1341 396 1396 que
429 1328 495 1380 ad
525 1329 782 1384 malorum
809 1341 986 1400 caput.
1026 1331 1176 1386 Nunc
1217 1342 1392 1387 autem
1425 1337 1600 1390 omnia
1624 1346 1866 1392 veterum

295 1415 525 1470 facinora
554 1419 865 1487 superastis,
896 1434 995 1474 nec
1019 1421 1182 1474 ullum
1206 1433 1351 1476 retro
1375 1424 1658 1493 reliquistis
1677 1429 1866 1497 nequi-

294 1504 380 1558 tia:
419 1507 652 1573 culmen,
692 1509 760 1563 ob
803 1510 1094 1577 insaniam,
1139 1526 1241 1580 qua
1288 1511 1592 1568 debacchati
1645 1519 1774 1572 estis
1813 1519 1864 1571 iu

292 1592 582 1662 Christum,
610 1612 780 1666 eoque
804 1613 942 1652 nunc
961 1600 1232 1667 graviores
1257 1601 1401 1655 luitis
1429 1617 1632 1672 ptenas.
1655 1605 1865 1662 Etenim

293 1684 338 1737 si
362 1684 478 1738 lucc
514 1701 618 1739 non
643 1696 726 1741 est
751 1701 909 1742 causa
939 1689 1240 1758 ignominiae
1280 1700 1491 1759 vestrm,
1527 1709 1692 1763 quare
1727 1697 1867 1754 Deus

292 1787 390 1826 vos
412 1783 522 1825 tum
545 1771 857 1828 occidentes
882 1775 1084 1830 liberos
1105 1785 1318 1832 vestros
1333 1779 1757 1845 toleravit,nunc
1777 1800 1868 1840 au-

296 1873 401 1915 tem
418 1877 446 1914 a
465 1862 664 1918 talibus
685 1863 1029 1922 abstinentes
1048 1871 1359 1923 aversatur?
1378 1870 1656 1940 Siquidem
1677 1876 1864 1933 occiso

293 1949 509 2006 Christo
531 1953 709 2020 majus
737 1955 1066 2028 graviusque
1098 1960 1278 2016 scelus
1309 1963 1858 2036 commisistis,quatt

297 2041 342 2093 si
384 2046 729 2100 mactassetis
761 2047 986 2110 liberos,
1025 2059 1077 2103 et
1097 2064 1315 2104 omnem
1345 2052 1513 2116 legem
1534 2054 1854 2112 violassetis.

366 2133 419 2187 3.
462 2133 705 2190 Etiamne
755 2138 976 2204 posthac
1019 2140 1282 2196 audebitis
1307 2143 1450 2197 illum
1477 2160 1666 2201 vocare
1697 2148 1865 2218 impoc

291 2232 490 2277 storem
519 2238 583 2278 ac
610 2225 742 2295 legis
767 2236 1216 2296 transgressorem
1276 2247 1338 2285 ac
1364 2249 1467 2288 non
1496 2237 1670 2304 potius
1689 2238 1866 2309 aliquo

291 2312 622 2382 sccedentes,
666 2330 761 2370 vos
805 2317 948 2385 ipsos
987 2321 1352 2388 oceultabitis,
1404 2325 1490 2393 qui
1529 2326 1657 2394 ipsis
1699 2329 1867 2384 oculis

291 2400 597 2458 iutueamiui
638 2414 741 2458 tam
771 2408 1071 2464 evidentem
1100 2412 1416 2466 veritatem?
1446 2415 1653 2470 Etenim
1690 2416 1734 2470 si
1761 2417 1861 2473 im-

295 2498 475 2558 postor
491 2503 607 2548 erat
626 2493 801 2562 Iesus,
829 2505 884 2550 ut
908 2498 1102 2564 dicitis,
1121 2501 1352 2571 legisque
1375 2513 1750 2574 transgressor,
1773 2522 1868 2576 par

290 2592 426 2646 erat‘,
454 2593 510 2637 ut
531 2585 655 2640 hinc
682 2589 838 2642 etiam
863 2589 1072 2645 laudem
1097 2591 1324 2659 ferretis,
1353 2597 1441 2663 qui
1475 2599 1628 2652 talem
1652 2599 1868 2654 occide-

291 2676 439 2730 retis.
467 2676 598 2731 Nam
623 2679 665 2734 si
694 2680 920 2737 Phinees
949 2688 1102 2738 unico
1129 2694 1327 2740 tantum
1351 2700 1626 2759 perempto
1652 2691 1867 2745 homine

291 2772 453 2818 totam
475 2767 706 2822 numinis
728 2770 857 2824 iram
879 2771 1130 2827 adversus
1155 2777 1398 2843 p0pulum
1426 2781 1865 2838 exardescentem

289 2851 536 2909 sedavit:
590 2857 745 2913 Stetit
801 2860 954 2925 enim,
993 2863 1175 2931 inquit,
1223 2865 1459 2930 P/tinees,
1499 2879 1545 2922 et
1581 2870 1795 2939 placavit
1819 2882 1868 2926 et

289 2942 496 2995 cessavit
544 2948 794 3008 quassatio
847 2949 1017 3018 (Psal.
1065 2953 1184 3007 105.
1227 2955 1354 3025 50);
1411 2966 1590 3028 totque
1625 2960 1867 3017 homines

288 3034 480 3102 eripuit
504 3034 572 3091 ab
597 3037 669 3090 ira
697 3037 869 3093 divina
897 3042 1052 3097 unius
1077 3043 1306 3099 hominis
1331 3048 1476 3103 carde
1511 3067 1524 3102 :
1555 3053 1722 3105 multo
1749 3040 1866 3106 nia-

287 3123 368 3192 gis
393 3123 508 3179 lucc
540 3126 691 3180 vobis
717 3133 950 3196 oportuit
973 3132 1233 3200 accidere,
1274 3137 1318 3188 si
1347 3137 1477 3207 legis
1510 3148 1868 3210 transgressor

290 3222 424 3278 erat,
455 3229 612 3284 quem
649 3234 740 3272 vos
769 3221 1122 3278 cruciﬁxistis.
1159 3225 1266 3278 Cur
1292 3227 1464 3296 igitur,
1494 3246 1693 3298 quaeso,
1739 3232 1864 3286 Phi-

291 3318 440 3370 uees,
459 3306 574 3361 viro
591 3307 720 3377 legis
739 3318 1127 3379 transgressore
1149 3329 1440 3386 perempto,
1463 3319 1632 3388 justus
1659 3323 1866 3379 habitus

286 3401 389 3458 est,
423 3403 478 3447 et
511 3396 809 3452 sacerdotio
846 3399 1134 3456 honoratus
1163 3403 1241 3472 (Ν
1249 3423 1353 3458 um.
1383 3408 1470 3462 25.
1503 3407 1597 3480 7)?
1635 3410 1741 3466 Vos
1765 3427 1863 3465 au-

290 3490 395 3535 tem
425 3497 546 3537 cum
572 3485 624 3538 in
654 3500 863 3540 crucem
885 3490 1100 3557 egeritis
1125 3493 1294 3546 virum
1324 3495 1680 3564 impostorem,
1708 3512 1763 3554 ut
1781 3502 1866 3556 di-

286 3567 430 3635 citis,
478 3570 692 3640 Deoque
733 3574 1101 3632 adversantem
1142 3596 1156 3632 :
1207 3581 1404 3650 quiﬁt,
1451 3595 1508 3639 ut
1546 3602 1649 3640 non
1684 3587 1865 3644 feratis

288 3659 496 3716 laudem
518 3672 572 3718 et
588 3663 863 3731 honorem,
887 3684 1069 3723 verum
1093 3672 1250 3726 etiam
1279 3676 1550 3731 acerbiora
1575 3681 1710 3747 passi
1727 3682 1863 3749 sitis,

286 3769 443 3823 quam
472 3770 590 3810 cum
619 3756 754 3812 ﬁlios
773 3767 977 3814 vestros
999 3765 1336 3821 mactaretis?
1365 3767 1554 3822 Annon
1581 3770 1717 3825 istud
1750 3789 1868 3841 per-

284 3845 524 3914 spicuum
551 3854 634 3902 est
662 3849 743 3902 vel
781 3849 1074 3916 hebetibus,
1101 3868 1197 3907 vos
1230 3857 1350 3924 quia
1389 3859 1643 3917 adversus
1672 3861 1864 3918 Serva-

286 3945 456 3992 torem
491 3953 554 3994 ac
582 3939 874 4010 principem
903 3943 1045 3998 orbis
1071 3946 1230 4015 impie
1255 3949 1454 4017 egistis,
1498 3953 1586 4006 tali
1622 3955 1865 4010 vindictae

284 4028 507 4097 subjici?
547 4031 614 4085 Et
654 4049 794 4088 nunc
831 4050 958 4090 sane
996 4037 1270 4092 abstinetis
1306 4057 1334 4094 a
1362 4044 1562 4098 nefario
1588 4051 1860 4114 sanguine,

285 4123 502 4176 sabbata
541 4125 785 4192 servatis,
819 4137 927 4180 tum
956 4142 1086 4184 vero
1112 4129 1280 4198 ipsum
1315 4134 1474 4187 etiam
1501 4136 1704 4191 sabbati
1725 4137 1865 4192 diem

287 4212 584 4266 violabatis.
622 4215 690 4268 At
715 4229 839 4270 ecce
871 4216 1008 4271 Deus
1037 4233 1131 4286 per
1153 4219 1436 4276 Jeremiam
1465 4227 1704 4292 promisit
1728 4227 1859 4291 fore,

285 4309 342 4354 ut
386 4314 624 4370 parceret
675 4305 870 4360 civitati
917 4317 1129 4373 vestra),
1189 4312 1231 4365 si
1288 4312 1613 4368 desisteretis
1656 4329 1864 4386 gestare

285 4405 446 4444 onera
476 4393 841 4458 sabbatoUer.
867 4397 952 4450 17.
981 4395 1093 4468 21).
1120 4399 1221 4454 Sed
1254 4400 1355 4454 hoc
1379 4418 1518 4457 nunc
1547 4404 1736 4468 facitis,
1767 4422 1862 4461 ne-

283 4495 386 4549 que
414 4484 631 4551 gestatis
663 4499 823 4540 onera
859 4487 1113 4553 sabbato;
1157 4497 1388 4546 attamen
1426 4508 1494 4547 ne
1534 4494 1611 4548 sic
1649 4495 1860 4564 quidem

283 4573 433 4629 vobis
461 4577 830 4632 reconciliatur
863 4579 973 4633 ille.
1013 4580 1143 4634 Nam
1175 4593 1444 4650 peccatum
1474 4584 1601 4639 illud
1625 4595 1860 4641 vestrum

282 4675 395 4718 crat
442 4669 676 4721 omnium
725 4670 1030 4734 maximum,
1082 4681 1138 4725 ut
1178 4673 1276 4727 ista
1316 4675 1466 4730 vobis
1504 4679 1772 4733 excusatio
1795 4677 1861 4733 de

285 4756 514 4824 peccatis
555 4773 945 4825 supervacanea
972 4760 1060 4815 sit.
1087 4761 1200 4816 Non
1227 4765 1368 4817 enim
1414 4765 1483 4819 ob
1519 4775 1710 4822 caztera
1736 4770 1859 4822 vitae

281 4847 585 4910 commissa.
611 4849 707 4902 sed
741 4859 954 4918 pr0pter
978 4851 1104 4906 illud
1130 4851 1328 4908 facinus
1354 4856 1405 4909 in
1442 4857 1524 4910 his
1559 4860 1685 4912 estis
1713 4860 1860 4914 cala-

281 4941 574 4997 mitatibus.
603 4942 754 5009 Quod
782 4944 834 4998 ni
860 4945 937 5000 sic
965 4944 1203 5014 haberet,
1233 4949 1372 5003 Deus
1395 4949 1531 5005 haud
1559 4967 1650 5006 vos
1675 4952 1858 5006 fuisset

281 5032 482 5087 tamdiu
501 5044 794 5100 aversatus,
821 5036 1026 5091 etiamsi
1057 5039 1329 5096 innmuera
1349 5042 1450 5095 alia
1479 5055 1692 5110 peccata
1712 5059 1858 5098 com-

279 5123 576 5178 misissetis.
621 5123 677 5178 Id
719 5140 836 5179 cum
883 5129 1216 5196 perspicuum
1254 5133 1324 5184 sit
1359 5147 1423 5186 ex
1462 5134 1705 5189 omnibus
1737 5151 1855 5203 quae

279 5214 419 5268 dicta
447 5225 590 5282 sunt,
615 5230 677 5270 ex
697 5214 817 5284 hoc,
848 5219 987 5286 quod
1013 5219 1248 5276 dicturus
1268 5235 1406 5288 sum,
1429 5223 1531 5278 erit
1551 5223 1850 5295 dilucidius.

279 5304 413 5372 Quid
443 5315 525 5359 est
555 5305 695 5360 hoc?
721 5307 1027 5362 Audivimus
1054 5310 1215 5365 Deum
1240 5311 1428 5366 crebro
1451 5327 1545 5382 per
1568 5302 1853 5382 prophetas

279 5395 541 5449 diceutem
574 5396 862 5465 majoribus
889 5399 1118 5454 vestris:
1159 5398 1261 5453 Vos
1300 5401 1502 5470 quidem
1538 5401 1699 5458 eratis
1714 5405 1853 5475 digni

281 5480 438 5534 matis
458 5482 770 5551 innumeris,
787 5495 945 5557 atego
964 5489 1106 5557 facio
1130 5500 1344 5560 propter
1365 5506 1551 5544 nomen
1577 5505 1769 5554 meum,
1787 5505 1847 5544 ne

281 5571 593 5641 profanetur
616 5577 752 5632 inter
782 5578 966 5636 Gentes
988 5581 1204 5652 (Ezeclt.
1231 5584 1318 5638 36.
1343 5584 1457 5645 2|).
1482 5582 1547 5637 Et
1572 5599 1790 5640 rursum
1829 5601 1844 5638 :

1965 315 2090 372 Non
2112 327 2324 387 propter
2347 335 2434 372 vos
2455 335 2544 388 ego
2574 319 2735 387 facio,
2762 319 2950 375 domus
2984 319 3176 388 Israel,
3210 327 3298 380 sed
3316 341 3542 399 propter

1958 425 2145 462 nomen
2175 425 2345 462 meum
2367 407 2468 478 (Ib.
2502 426 2550 463 υ.
2573 409 2684 470 52).
2718 410 2925 467 Sensus
2949 421 3129 468 autem
3151 417 3237 471 hic
3264 428 3380 475 est:
3403 436 3542 477 era-

1958 501 2030 552 tis
2055 500 2272 568 quidem
2304 501 2652 569 gravioribus
2683 501 2832 574 digni
2881 506 3164 575 suppliciis
3194 523 3257 563 ac
3296 513 3475 580 ptenis
3515 531 3532 568 :

1956 606 2147 646 verum
2170 593 2380 662 nequis
2408 593 2635 659 diceret,
2666 595 2813 664 quod
2839 597 3004 661 Deus,
3035 612 3160 652 cum
3194 601 3264 655 oh
3287 602 3536 673 inopiam

1955 681 2156 736 virium
2185 698 2293 737 non
2323 694 2507 754 posset
2525 700 2766 750 servare,
2783 689 3005 758 reliquit
3029 687 3247 747 Iudaeos
3274 693 3328 746 in
3349 696 3538 748 mani-

1955 774 2058 828 bus
2089 775 2355 840 hostium,
2382 777 2621 832 auxilior
2653 787 2707 833 et
2737 782 3016 851 prospicio
3048 784 3223 839 vobis.
3255 787 3446 857 itaque
3481 789 3535 843 si

1954 865 2090 935 legis
2125 873 2500 938 transgressor
2533 878 2651 925 erat
2681 871 2955 934 Christus,
2988 889 3150 944 quem
3180 892 3276 930 vos
3308 878 3538 932 cruciﬁ-

1952 958 2134 1020 xistis,
2169 960 2387 1014 etiamsi
2419 961 2604 1017 decies
2646 963 2794 1018 mille
2828 974 3049 1033 peccata
3078 969 3532 1036 commisissetis,

1950 1049 2123 1106 multo
2145 1051 2308 1104 etiam
2341 1053 2618 1122 prioribus
2658 1054 2766 1109 illis
2791 1056 3044 1125 graviora
3073 1077 3086 1112 :
3120 1057 3367 1127 profecto
3399 1074 3536 1128 pro-

1950 1149 2072 1208 pter
2129 1141 2231 1194 boc
2287 1141 2490 1196 factum
2543 1155 2817 1201 servasset
2865 1163 2961 1202 vos
3002 1146 3163 1213 Deus,
3210 1164 3278 1203 ne
3325 1165 3532 1205 nomen

1948 1230 2122 1298 ipsius
2157 1232 2511 1301 pollueretur,
2548 1250 2617 1292 ne
2656 1235 2747 1292 ille
2791 1252 2890 1308 pro
2931 1253 3128 1310 magno
3154 1241 3388 1309 quodam
3423 1241 3529 1294 ha-

1948 1321 2190 1383 beretur,
2230 1339 2366 1380 neve
2403 1327 2528 1395 quis
2573 1329 2808 1393 diceret,
2841 1344 2941 1383 vos
2992 1329 3165 1399 ipsius
3212 1346 3378 1387 causa
3408 1333 3529 1387 haec

1947 1407 2071 1475 pati.
2100 1407 2249 1474 Quod
2279 1411 2323 1462 si
2355 1410 2558 1464 videtur
2581 1413 2812 1466 obsuam
2841 1414 3006 1482 ipsius
3033 1416 3253 1484 gloriam
3280 1418 3529 1470 relaxare

1946 1505 2180 1561 peccata,
2213 1497 2379 1550 multo
2402 1500 2566 1568 magis
2596 1499 2695 1554 hoc
2721 1516 2858 1556 nunc
2889 1511 3005 1556 erat
3031 1504 3292 1567 facturus;
3328 1513 3383 1558 et
3419 1521 3533 1558 czc-

1945 1583 2064 1637 dem
2089 1585 2219 1639 hanc
2243 1596 2512 1656 acceptam
2549 1590 2836 1655 habuisset,
2878 1607 2940 1645 ac
2966 1593 3354 1647 multitudinem
3395 1610 3528 1662 pce-

1944 1683 2182 1728 catorum
2214 1687 2505 1732 vestrorum
2535 1679 2838 1737 delevisset.
2863 1682 3124 1738 Caeterum
3151 1687 3400 1754 quoniam
3425 1729 3438 1750 ,
3470 1697 3529 1740 ut

1947 1776 2182 1832 apparet,
2214 1783 2307 1821 vos
2329 1779 2584 1838 perpetuo
2607 1780 2902 1838 aversatur,
2946 1775 3116 1842 palam
3146 1786 3224 1829 est
3271 1792 3392 1830 eum
3433 1794 3531 1845 per

1950 1854 2082 1910 hanc
2110 1857 2239 1911 iram
2283 1869 2336 1928 ct
2375 1869 2682 1929 perpetuam
2728 1863 3125 1919 derelictionem
3159 1867 3530 1923 demonstrare

1947 1948 2104 1996 etiam
2147 1947 2618 2015 impudentioribus
2643 1967 2788 2015 eum,
2827 1953 2914 2022 qui
2948 1969 2978 2008 a
3006 1957 3152 2008 vobis
3185 1959 3394 2011 occisus
3417 1967 3526 2024 est,

1947 2048 2050 2087 non
2079 2035 2238 2091 fuisse
2260 2046 2705 2109 transgressorem
2737 2043 2887 2111 legis,
2927 2045 3018 2099 sed
3043 2045 3211 2114 ipsum
3234 2048 3364 2116 legis
3389 2063 3528 2102 con-

1945 2126 2192 2193 ditorem,
2220 2138 2273 2183 et
2293 2130 2752 2186 innumerabilium
2784 2133 3044 2189 bonorum
3078 2149 3349 2192 auctorem
3375 2140 3531 2193 vobis

1944 2218 2240 2274 advenisse.
2275 2220 2399 2274 Ideo
2424 2237 2519 2277 vos
2539 2224 2625 2292 qui
2659 2225 2820 2294 impie
2849 2225 3046 2280 fecistis
3067 2228 3321 2282 adversus
3350 2230 3529 2293 illum,

1945 2308 1998 2362 in
2016 2312 2330 2366 contumelia
2358 2321 2412 2367 et
2433 2313 2715 2382 ignominia
2741 2315 2962 2385 degitis:
2995 2332 3093 2370 nos
3117 2333 3246 2372 vero
3261 2320 3348 2388 qui
3377 2319 3528 2373 illum

1944 2401 2246 2470 adoramus,
2273 2415 2426 2459 antea
2457 2406 2604 2460 vobis
2631 2408 2878 2463 omnibus
2903 2409 3241 2477 ignobiiiores
3262 2451 3277 2474 ,
3321 2409 3532 2464 honore

1945 2505 2039 2545 vos
2063 2509 2248 2548 omnes
2274 2496 2641 2563 praecedimus,
2689 2513 2888 2568 perque
2917 2499 3011 2552 Dei
3037 2500 3260 2568 gratiam
3294 2515 3530 2554 venera-

1947 2579 2158 2636 biliores
2195 2583 2342 2637 vobis
2370 2586 2615 2640 omnibus
2639 2601 2824 2641 sumus
2859 2598 2912 2641 et
2945 2588 2996 2640 in
3036 2587 3237 2656 majore
3271 2589 3532 2657 dignitate

1945 2671 2234 2726 constituti.
2264 2675 2328 2728 Et
2349 2673 2488 2731 unde
2515 2675 2699 2745 liquet,
2739 2677 3002 2750 inquiunt,
3045 2679 3184 2748 quod
3217 2695 3312 2732 nos
3333 2682 3531 2748 repulit

1949 2763 2123 2816 Deus?
2147 2764 2338 2830 Quaeso
2365 2775 2436 2830 te,
2457 2767 2690 2822 etiamne
2715 2783 2851 2836 opus
2873 2778 2954 2822 est
2986 2769 3085 2822 hoc
3104 2770 3278 2823 verbis
3302 2769 3530 2824 demon-

1945 2862 2135 2917 strare,
2164 2869 2283 2908 cum
2307 2856 2418 2926 ipsa
2435 2872 2522 2911 res
2541 2858 2792 2921 clamitet,
2815 2872 2878 2912 ac
2898 2873 3078 2913 vocem
3105 2861 3225 2912 tuba
3243 2861 3525 2915 clariorem

1945 2943 2168 3010 emittat,
2220 2953 2328 2999 tum
2371 2961 2469 3015 per
2496 2948 2642 3002 urbis
2677 2948 3029 3012 eversionem,
3062 2958 3170 3003 tum
3208 2965 3299 3019 per
3339 2952 3526 3019 templi

1943 3033 2353 3090 destructionem
2397 3047 2502 3090 tum
2535 3052 2631 3106 per
2657 3047 2848 3092 etetcra
2878 3038 3077 3102 omnia,
3120 3039 3293 3092 adhuc
3328 3041 3525 3093 verbo-

1944 3140 2061 3178 rum
2085 3124 2587 3181 demonstrationem
2625 3127 2972 3182 desideratis?
3013 3129 3208 3183 Verum
3256 3131 3526 3194 homines,

1945 3215 2203 3284 inquiunt,
2237 3216 2392 3272 nobis
2433 3218 2545 3272 haec
2566 3218 2873 3283 intulerunt,
2907 3233 3009 3272 non
3039 3219 3197 3273 Deus.
3245 3218 3356 3273 lmo
3387 3221 3528 3276 Deus

1945 3305 2042 3360 ista
2067 3305 2395 3374 potissimum
2422 3308 2614 3363 effecit.
2641 3310 2792 3376 Quod
2819 3311 2861 3363 si
2884 3309 2998 3364 hare
3022 3309 3322 3364 hominibus
3347 3313 3527 3379 impu-

1947 3409 2044 3462 tas,
2074 3399 2202 3452 iilud
2241 3415 2452 3453 rursum
2493 3402 2790 3466 considera,
2818 3401 2979 3470 quod,
3019 3402 3119 3456 etsi
3149 3402 3388 3457 homines
3423 3404 3526 3457 ista

1942 3489 2136 3543 fuerint
2172 3491 2306 3557 ausi,
2352 3491 2449 3544 nisi
2491 3492 2600 3546 Deo
2646 3491 2948 3560 placuisset,
2995 3507 3099 3546 nou
3133 3493 3428 3560 potuissent
3455 3493 3525 3547 ad

1942 3578 2187 3634 ell'ectum
2217 3579 2522 3648 perducere.
2547 3582 2675 3636 Cum
2696 3583 2851 3651 igitur
2873 3583 3109 3638 irruisset
3130 3585 3216 3636 ille
3243 3585 3522 3650 barbarus,

1945 3678 2106 3723 totam
2137 3670 2404 3724 Persidem
2435 3685 2614 3725 secum
2640 3670 2858 3737 ducens,
2905 3687 3124 3741 sperans
3155 3673 3286 3735 fore,
3317 3681 3375 3727 ut
3398 3677 3523 3727 uui-

1944 3776 2128 3815 versos
2148 3761 2362 3814 adortus
2386 3770 2621 3828 caperet,
2666 3761 2931 3816 civitatem
2963 3771 3125 3817 totam
3155 3765 3298 3818 velut
3324 3779 3521 3834 sagena

1942 3854 2167 3923 quadam
2191 3869 2253 3908 ac
2273 3854 2372 3907 reti
2397 3854 2699 3908 conclusam
2729 3855 2955 3909 habebat
2986 3873 3000 3910 :
3028 3872 3202 3910 nonne
3223 3867 3366 3920 tunc,
3396 3866 3523 3912 tunc

1946 3944 2178 4013 inquam,
2218 3943 2464 4013 qu0niam
2492 3943 2628 3998 Deus
2658 3955 2774 3998 erat
2805 3945 2955 3999 vobis
2990 3947 3277 4015 propitius,
3319 3947 3525 4016 absque

1947 4033 2106 4097 bello,
2144 4033 2259 4087 sine
2289 4032 2568 4099 eunﬁictu,
2625 4034 2740 4089 sine
2779 4034 2961 4101 prmlio
3003 4045 3212 4088 centum
3252 4037 3522 4103 octoginta

1945 4125 2175 4194 quinque
2213 4125 2442 4179 millibus
2484 4124 2706 4178 militum
2745 4125 3139 4179 interfecturum
3179 4127 3521 4195 Assyriorum

1945 4215 2082 4284 apud
2134 4230 2229 4270 vos
2283 4217 2519 4284 relictis,
2569 4217 2640 4273 ita
2666 4216 2831 4286 fugit,
2884 4226 2941 4270 ut
2993 4218 3122 4271 satis
3172 4217 3427 4281 haberet,
3476 4219 3524 4271 si

1948 4307 2091 4359 Solus
2115 4305 2359 4361 evaderet
2387 4307 2706 4363 incolumis?
2736 4306 2927 4362 Verum
2954 4318 3008 4362 et
3040 4307 3139 4360 alia
3181 4307 3314 4361 bella
3358 4309 3525 4361 innu-

1948 4394 2213 4448 merabilia
2261 4394 2566 4466 frequenter
2601 4396 2667 4451 ad
2714 4397 2872 4451 istum
2915 4396 3128 4450 modum
3171 4396 3327 4449 solvit
3356 4396 3524 4450 Deus.

1947 4485 2122 4551 Quare
2134 4495 2187 4541 et
2207 4503 2366 4554 nunc,
2395 4489 2493 4543 nisi
2514 4489 2627 4557 ipse
2646 4497 2788 4543 esset
2812 4487 2899 4558 qui
2925 4490 3131 4558 penitus
3151 4503 3242 4542 vos
3261 4487 3521 4553 deseruit,

1949 4592 2055 4631 non
2076 4579 2370 4646 potuissent
2393 4581 2662 4635 civitatem
2681 4588 2909 4641 vestram
2933 4580 3162 4646 diruere,
3188 4595 3250 4634 ac
3267 4581 3522 4650 templum

1950 4678 2180 4734 vastare;
2212 4685 2317 4723 non
2341 4671 2611 4740 hucusque
2637 4679 2783 4725 tanto
2817 4680 3056 4741 tempore
3085 4671 3367 4725 mansisset
3394 4672 3522 4727 soli-

1947 4758 2145 4812 tudinis
2169 4759 2459 4824 calamitas,
2501 4776 2605 4814 non
2627 4760 2778 4815 vobis
2804 4776 2947 4830 same
2971 4763 3285 4818 conantibus
3319 4763 3522 4817 instau-

1947 4849 2202 4904 rationem
2230 4861 2449 4906 conatus
2471 4852 2521 4906 in
2552 4868 2771 4906 vacuum
2801 4855 3069 4908 cessisset.

2015 4941 2068 4995 4.
2091 4940 2206 4996 Jam
2237 4957 2342 4995 non
2363 4958 2432 4997 ex
2462 4943 2544 4997 his
2567 4944 2756 5008 solum,
2787 4958 2967 4998 verum
2995 4944 3153 4998 etiam
3188 4957 3255 4997 ex
3282 4943 3401 4996 aliis
3426 4957 3527 4998 co-

1945 5032 2115 5088 nabor
2137 5033 2286 5088 vobis
2310 5034 2485 5102 palam
2524 5033 2721 5098 facere,
2758 5050 2862 5088 non
2890 5049 2984 5088 sua
3016 5035 3210 5090 virtute
3242 5034 3394 5091 vobis
3424 5034 3524 5088 ista

1943 5123 2133 5178 fecisse
2157 5122 2422 5177 Romanos
2458 5123 2826 5192 Imperatores,
2867 5123 2958 5178 sed
2985 5125 3106 5194 quia
3133 5124 3297 5178 Detun
3335 5124 3527 5176 habui-

1943 5217 2038 5269 stis
2069 5215 2278 5280 iralum,
2312 5216 2400 5284 qui
2437 5231 2530 5269 vos
2556 5217 2878 5270 deseruerat.
2919 5215 3126 5269 Etenim
3165 5215 3212 5268 si
3249 5215 3391 5284 quod
3429 5231 3527 5284 ge-

1941 5317 2078 5361 stum
2109 5316 2210 5375 est,
2249 5307 2534 5362 lmmanum
2560 5318 2674 5363 erat
2702 5323 2876 5377 opus:
2923 5306 3154 5377 oportuit
3197 5317 3403 5360 vestras
3435 5321 3527 5359 αι-

1942 5399 2204 5452 lamitates
2231 5399 2436 5454 excidio
2472 5399 2629 5462 ﬁniri,
2665 5413 2762 5454 nec
2804 5398 3009 5467 longius
3041 5396 3266 5466 proferri
3287 5405 3524 5452 vestram

1941 5490 2302 5557 ignominiam.
2327 5491 2590 5546 Ponamus
2610 5491 2772 5556 enim,
2798 5490 2938 5560 quod
2971 5503 3068 5544 vos
3095 5488 3289 5552 dicitis,
3324 5489 3522 5542 moenia

1943 5582 2009 5636 ab
2034 5581 2337 5638 hominibus
2367 5582 2526 5639 fuisse
2553 5583 2825 5639 subversa.
2862 5583 3126 5637 civitatem
3152 5579 3405 5643 dirutam,
3440 5578 3512 5632 al~

3763 71 3808 770 ἴ

3801 817 3808 922 l
