3850 6224
111 341 216 396 907

105 475 198 520 νος
227 457 319 512 οὗ)
346 457 532 513 ἕνεκεν
565 462 664 516 οὑκ
694 465 986 537 ἠνέσχετο;
1030 467 1149 520 Κᾶν
1186 467 1340 537 ὑμεῖς
1369 465 1695 536 αἰσχύνησθε

106 544 284 595 εἰπεῖν
315 541 412 613 τὴν
447 545 644 607 αίτίαν,
683 547 792 615 ἐγὼ
823 549 1070 620 φανερῶς
1096 550 1235 620 ἐρῶ·
1269 549 1466 619 μᾶλλον
1506 549 1562 601 δὲ
1597 547 1697 599 οὐκ

107 624 241 693 ἐγὼ,
268 625 382 678 ἀλλ’
413 627 548 698 αὑτὴ
574 629 681 682 τῶν
712 633 1054 702 πραγμάτιον
1081 634 1112 702 ἡ
1145 629 1392 702 ἀλήθεια.

196 787 412 857 Ἐπειδὴ
440 790 528 842 τὸν
561 792 792 859 Χριστὸν
822 790 1196 853 ἀπεκτείνατε,
1225 792 1412 862 ἐπειδὴ
1440 791 1581 844 κατὰ
1605 791 1696 844 τοῦ

110 872 384 923 Δεσπότου
423 873 520 936 τὰς
563 877 752 944 χεῖρας
799 876 1120 940 ἐξετείνατε,
1155 876 1344 944 ἐπειδὴ
1373 876 1433 926 τὸ
1468 869 1604 944 αἷμα
1639 875 1699 927 τὸ

107 953 295 1023 τίμιον
327 955 597 1024 ἐξεχέατε.
631 957 719 1010 διά
748 957 904 1010 τοῦτο
929 960 1030 1011 οὑκ
1061 958 1206 1011 ἐστιν
1235 959 1364 1028 ὑμῖν
1391 956 1695 1028 διόρθωσις,

108 1038 233 1090 οὑδέ
270 1038 564 1109 συγγνώμη
595 1039 797 1104 λοιπὸν,
824 1041 944 1093 οὐδὲ
985 1041 1270 1108 ἀπολογία.
1301 1039 1432 1093 Τότε
1466 1040 1561 1110 μὲν
1591 1039 1699 1109 γὰρ

109 1123 192 1184 είς
223 1121 440 1184 δούλους
463 1117 530 1192 ἦν
551 1122 618 1174 τά
643 1122 987 1193 τολμώμενα,
1008 1127 1087 1186 εἰς
1107 1124 1343 1177 Μωῦσέα
1365 1123 1699 1176 καὶἩσαῖαν

111 1205 208 1256 καὶ
242 1205 512 1274 Ἰερεμίαν
533 1221 546 1234 ·
580 1208 701 1258 τότε
735 1209 782 1258 εί
815 1207 910 1259 καὶ
949 1207 1177 1262 ἀσέϐειά
1205 1225 1288 1270 τις
1321 1208 1555 1276 ἐγένετο,
1585 1206 1700 1259 ἀλλ’

110 1285 270 1339 οὔπω
302 1288 362 1340 τὸ
385 1288 679 1357 κεφάλαιον
709 1290 817 1342 τῶν
847 1291 1032 1344 κακῶν
1061 1287 1128 1362 ἦν
1157 1291 1448 1362 τολμηθὲν.
1485 1291 1621 1342 Νυνὶ
1645 1290 1702 1343 δὲ

110 1372 294 1423 πάντα
323 1371 675 1441 ἀπεκρύψατε
709 1373 777 1427 τὰ
805 1373 1034 1436 παλαιὰ,
1067 1375 1240 1428 οὐδενὶ
1287 1374 1342 1427 δὲ
1376 1375 1562 1445 τρόπῳ
1600 1390 1704 1426 πα-

118 1453 381 1522 ρανομίας
412 1455 714 1525 ὑπερϐολὴν
745 1456 1062 1510 κατελίπετε
1095 1457 1182 1511 διὰ
1213 1457 1312 1526 τῆς
1352 1461 1430 1521 είς
1469 1456 1702 1526 Χριστὸν

117 1537 345 1606 μανίας·
377 1537 455 1589 διὸ
477 1539 570 1590 καὶ
600 1538 860 1608 μειζόνως
895 1540 1185 1604 κολάζεσθε
1216 1539 1329 1592 νῦν.
1351 1540 1523 1600 Ἐπεὶ,
1547 1541 1594 1591 εί
1626 1538 1700 1610 μὴ

111 1618 274 1670 τοῦτό
305 1621 419 1671 ἐστι
445 1619 505 1672 τὸ
535 1622 703 1674 αἴτιον
736 1622 836 1692 τῆς
869 1622 1147 1692 παρούσης
1174 1621 1325 1692 ὑμῶν
1364 1622 1604 1692 ἀτιμίας,
1629 1621 1704 1673 τί-

112 1718 206 1763 νος
226 1701 411 1754 ἒνεκεν
436 1703 928 1757 παιδοκτονούντων
957 1707 1054 1775 μὲν
1077 1705 1232 1775 ὑμῶν
1255 1708 1282 1758 6
1303 1706 1433 1768 Θεὸς
1447 1707 1702 1774 ἠνέσχετο

112 1784 259 1845 τότε,
287 1785 452 1855 μηδὲν
471 1786 526 1838 δέ
548 1787 790 1839 τοιοῦτον
813 1787 1126 1857 τολμῶντας
1149 1788 1553 1860 ἀποστρέφεται
1575 1787 1698 1850 νῦν;

111 1862 195 1918 Ἥ
224 1868 382 1935 δῆλον
409 1869 490 1922 ὃτι
519 1870 614 1922 καὶ
637 1870 1012 1934 παιδοκτονίας
1035 1873 1128 1924 καὶ
1151 1871 1332 1936 πάσης
1357 1869 1704 1940 παρανομίας

113 1950 300 2020 πολλῷ
330 1955 512 2021 χεῖρον
557 1953 892 2025 ἐτολμήσατε
943 1956 1039 2007 καὶ
1088 1953 1291 2026 μεῖζον,
1325 1954 1415 2006 τὸν
1470 1953 1702 2024 Χριστὸν

111 2034 420 2097 ἀνελόντες.

189 2203 264 2274 γ’.
299 2208 420 2260 Ἔτι
443 2203 537 2261 οῦν
559 2207 815 2275 ἀνέξεσθε
838 2209 1040 2263 πλάνον
1079 2210 1241 2264 αὑτὸν
1271 2211 1366 2263 καὶ
1388 2208 1704 2280 παράνομον

114 2290 326 2353 καλεῖν,
357 2292 548 2344 εἴπατέ
581 2309 705 2361 μοι·
744 2293 838 2346 καὶ
859 2294 958 2346 οὐκ
988 2293 1318 2355 ἀπελθόντες
1348 2290 1574 2355 ἑαυτούς
1603 2306 1701 2342 που

114 2371 494 2443 κατορύξετεει
527 2375 664 2445 πρὸς
713 2375 856 2428 οὑτω
906 2375 1145 2445 φανεράν
1197 2373 1540 2445 πραγμάτων
1573 2372 1705 2441 ἀλή-

115 2455 272 2508 θειαν
303 2456 750 2522 ἀντιϐλέποντεςς
796 2459 859 2511 Εἰ
904 2457 1013 2527 γὰρ
1061 2458 1260 2520 πλάνος
1302 2454 1368 2528 ἦν
1416 2461 1443 2510 6
1478 2456 1703 2527 Ἰησοῦς,

116 2539 375 2610 καθάπερ
406 2538 559 2610 [655]
592 2541 749 2610 φατὲ,
776 2541 869 2593 καὶ
910 2541 1248 2611 παράνομος,
1285 2540 1379 2594 καὶ
1419 2540 1707 2609 εὐδοκιμῆ-

118 2637 210 2674 σαι
241 2622 386 2690 ὑμᾶς
418 2623 606 2693 ἐχρῆν,
642 2624 723 2675 ὅτι
749 2623 910 2677 αὐτὸν
937 2624 1314 2676 ἀπεκτείνατε.
1343 2624 1406 2674 Εἰ
1431 2622 1539 2693 γάρ
1571 2621 1599 2672 6
1621 2623 1710 2674 Φι-

116 2707 240 2767 νεές
269 2705 365 2758 ἕνα
396 2705 517 2758 τινὰ
542 2706 766 2771 ἀνελὼν,
794 2706 1084 2778 ὁλόκληρον
1108 2707 1206 2776 τὴν
1231 2706 1372 2760 κατά
1399 2705 1493 2759 τοῦ
1527 2705 1710 2769 ἔθνους

116 2789 293 2859 ὀργὴν
332 2788 598 2841 ἔπαυσεν·
640 2791 826 2860 Ἕστη
874 2792 985 2861 γὰρ
1026 2792 1254 2857 Φινὲες,
1296 2793 1448 2860 φησὶ,
1487 2790 1584 2843 καὶ
1615 2790 1712 2854 ἐξ-

117 2872 398 2933 ιλάσιῑτο,
429 2872 526 2925 καὶ
573 2873 876 2926 ἐκόπασεν
905 2875 940 2941 ἡ
976 2874 1225 2940 θραῦσις
1244 2891 1257 2904 ’
1284 2873 1378 2926 καὶ
1424 2872 1710 2936 τοσούτους

116 2955 500 3026 ἀσεϐήσαντας
547 2954 866 3025 ἀνθρώπους
917 2957 1195 3028 ἐξήρπασε
1247 2955 1346 3023 τῆς
1395 2955 1564 3027 ὀργῆς
1617 2954 1709 3007 τοῦ

117 3037 261 3090 Θεοῦ
311 3039 409 3109 μιᾷ
460 3041 642 3109 σφαγῇ
694 3039 1012 3109 παρανόμου
1065 3039 1209 3100 τινὸς
1258 3038 1484 3108 ἀνδρός⁶
1533 3036 1713 3107 πολλῴ

122 3121 329 3191 μᾶλλω
357 3123 441 3189 ἐφ’
465 3120 619 3190 ὑμῶν
660 3119 819 3173 τοῦτο
844 3120 1099 3188 γενέσθαι
1146 3121 1334 3190 ἐχρῆν,
1365 3122 1417 3173 ετ
1443 3137 1507 3187 γε
1540 3122 1715 3190 παρά-

120 3221 289 3274 νομος
339 3199 405 3273 ἦν
454 3207 482 3256 6
530 3204 619 3270 ὑφ’
651 3204 804 3272 ὑμῶν
851 3202 1202 3273 σταυρωθείς.
1235 3204 1299 3255 Τί
1331 3204 1532 3274 δήποτε
1565 3201 1658 3257 οὖν
1686 3207 1714 3258 6

123 3289 226 3354 μὲν
260 3287 445 3348 Φινεὲς
471 3285 641 3356 ἀνδρα
674 3287 987 3356 παράνομον
1015 3286 1219 3338 ἀνελὼν
1255 3285 1579 3351 ἐδικαιοῦτο,
1620 3287 1714 3339 καὶ

123 3369 398 3440 ἱερωσύνῃ
444 3371 702 3439 ἐτιμᾶτοο
753 3370 912 3438 ὑμεῖς
957 3369 1035 3433 δὲ,
1065 3370 1140 3432 ὡς
1191 3371 1346 3439 φατὲ,
1375 3370 1574 3423 πλάνον
1621 3370 1715 3422 καὶ

121 3451 374 3504 ἀντίθεόν
395 3469 517 3504 τινα
543 3450 972 3522 σταυρώσαντες,
992 3454 1050 3504 ού
1077 3452 1237 3523 μόνον
1263 3453 1363 3506 οὑκ
1380 3454 1715 3522 εὐδοκιμεῖτε

123 3536 246 3589 οὑδέ
280 3535 536 3605 τιμᾶσθε,
565 3536 700 3588 ἀλλὰ
752 3536 845 3588 καὶ
891 3535 1250 3606 χαλεπώτερα
1280 3537 1532 3600 ἐπάθετε,
1561 3536 1592 3605 ἢ
1625 3537 1714 3590 ὅτε

123 3621 255 3680 τοὺς
289 3620 441 3682 υἱοὺς
476 3619 630 3688 ὑμῶν
677 3619 1004 3686 ἐσφάττετε;
1053 3620 1154 3672 οὑκ
1198 3619 1420 3690 εὔδηλον
1466 3621 1560 3672 καὶ
1603 3621 1716 3679 τοῖς

127 3701 340 3772 σφόδρα
387 3702 655 3768 ἀνοήτοις.
697 3701 798 3762 ὅτι,
835 3701 1024 3772 ἐπειδὴ
1069 3705 1149 3766 είς
1199 3702 1291 3755 τὸν
1339 3703 1568 3772 Σωτῆρα
1623 3701 1717 3753 καὶ

125 3783 444 3854 προστάτην
482 3784 584 3853 τῆς
613 3784 939 3854 οἰκουμένης
983 3787 1434 3856 παρηνομήσατε,
1462 3783 1716 3854 τοιαύτην

126 3867 436 3936 ὑπομένετε
487 3866 676 3936 δίκην;
729 3867 924 3920 Καίτοι
972 3884 1036 3936 γε
1079 3866 1176 3921 νῦν
1211 3868 1305 3921 καὶ
1338 3867 1584 3937 αἱμάτων
1615 3867 1719 3919 ἀπ-

126 3950 322 4019 έχεσθε
356 3949 585 4018 μιαρῶν,
612 3951 705 4002 καὶ
729 3950 974 4003 σάϐϐατα
1007 3952 1222 4021 τηρεῖτε
1241 3968 1255 3980 ·
1282 3951 1403 4002 τότε
1431 3951 1486 4002 δὲ
1516 3949 1610 4002 καὶ
1639 3951 1718 4011 εἰς

127 4032 303 4102 αὑτὴν
333 4031 640 4101 ἐνυϐρίζετε
671 4033 769 4103 τὴν
803 4033 1034 4104 ἡμέραν.
1067 4035 1175 4086 Καὶ
1219 4035 1247 4085 ό
1285 4033 1416 4096 Θεὸς
1447 4031 1720 4102 ἐπηγγέλ-

124 4114 254 4166 λετο
281 4113 370 4165 διὰ
399 4114 493 4165 τοῦ
536 4115 820 4184 Ἰερεμίου,
853 4114 1130 4184 φείδεσθαι
1163 4117 1264 4185 τῆς
1303 4115 1511 4178 πόλεως
1541 4114 1715 4184 ὑμῶν,

126 4200 176 4250 εἰ
206 4196 506 4250 παύσοισθε
541 4197 785 4269 αἴροντες
809 4199 1171 4268 βαστάγματα
1197 4200 1254 4252 ἐν
1282 4199 1537 4268 σαϐϐάτῳ
1557 4215 1570 4226 ·
1602 4197 1718 4250 ἀλλ’

132 4281 244 4333 [66-h
293 4279 387 4331 νῦν
415 4279 573 4332 τοῦτο
600 4284 825 4344 ποιεῖτε,
860 4282 953 4334 καὶ
992 4283 1092 4335 οὑκ
1134 4284 1317 4352 αἰρετε
1361 4281 1720 4351 βαστάγματα

128 4367 189 4416 ὲν
240 4365 515 4434 σαϐϐάτῳ,
566 4367 662 4417 καὶ
705 4364 825 4417 οὐδὲ
871 4364 1045 4428 οὕτως
1090 4365 1518 4418 καταλλάττεται
1567 4365 1717 4436 ὑμῖν.

128 4448 204 4500 Τὸ
251 4448 360 4517 γάρ
399 4448 706 4518 ἁμάρτημα
735 4448 889 4519 ὑμῶν
918 4449 1094 4500 ὲκεῖνο
1125 4447 1378 4501 ἁπάντων
1410 4448 1592 4518 μεῖζον
1629 4443 1716 4519 ἦν,

126 4530 276 4582 ὥστε
318 4530 572 4600 περιττὸς
617 4532 745 4600 ὑμῖν
785 4526 938 4594 οὗτος
976 4534 1003 4584 6
1031 4531 1186 4599 λόγος
1218 4532 1248 4583 6
1275 4532 1381 4584 τῶν
1414 4531 1717 4603 ἁμαρτιῶν.

129 4613 208 4665 υὺ
241 4611 350 4682 γὰρ
376 4613 465 4665 διὰ
498 4613 589 4665 τὸν
633 4613 817 4666 λοιπὸν
855 4613 1008 4682 ὑμῶν
1036 4613 1170 4684 βίον,
1197 4613 1331 4666 ἀλλά
1360 4613 1426 4665 δι’
1453 4615 1629 4666 ἐκεῖνο
1662 4613 1723 4666 τὸ

127 4695 394 4766 τόλμημα
424 4697 480 4747 ἐν
503 4699 613 4760 τοῖς
643 4696 909 4768 παροῦσιν
933 4697 1054 4748 ἐστέ
1075 4691 1457 4759 δεινοῖς.Ὤστε
1483 4698 1534 4750 εῐ
1557 4713 1618 4764 γε
1647 4696 1721 4766 μὴ

127 4779 294 4832 τοῦτο
325 4774 413 4847 ἦν,
445 4778 545 4830 οὑκ
573 4780 638 4832 ἂν
668 4780 759 4831 ἐπὶ
783 4780 1035 4832 τοσοῦτον
1063 4783 1091 4832 6
1117 4780 1246 4842 Θεὸς
1280 4782 1425 4849 ὑμᾶς
1449 4780 1722 4850 ἀπεστρά-

130 4879 234 4932 φη,
266 4862 314 4912 εί
347 4865 442 4914 καὶ
479 4861 646 4931 μυρία
674 4857 772 4932 ἦτε
807 4863 1216 4932 ἡμαρτηκότες·
1253 4863 1347 4914 καὶ
1378 4863 1535 4932 δῆλον
1573 4863 1636 4914 ἐκ
1662 4880 1721 4914 τε

129 4945 244 4997 τῶν
275 4944 580 5013 εἰρημένων
606 4945 878 5010 ἁπάντων,
915 4947 1007 4998 καὶ
1031 4945 1218 4998 τούτου
1249 4940 1308 4999 οῦ
1340 4946 1515 5011 μέλλω
1543 4945 1723 5013 λέγειν

131 5027 253 5079 νῦν.
289 5027 354 5078 Τί
382 5027 439 5078 δὲ
467 5027 625 5080 τοῦτό
660 5031 839 5091 ἐστινς
883 5027 1225 5098 Ἦκούσαμεν
1248 5029 1337 5080 τοῦ
1362 5027 1496 5080 Θεοῦ
1522 5027 1723 5080 πολλά-

131 5127 224 5172 κις
259 5107 508 5177 λέγοντος
554 5111 643 5164 διὰ
671 5111 780 5165 τῶν
809 5113 1104 5184 προφητῶν
1149 5113 1283 5182 πρὸς
1321 5113 1446 5175 τοὺς
1479 5114 1722 5184 πατέρας

130 5194 266 5254 τοὺς
310 5193 634 5265 ὑμετέρους,
677 5195 758 5247 ὅτι
801 5195 996 5262 ’Υμεῖς
1018 5196 1136 5264 μὲν
1158 5194 1315 5258 ἄξιοι
1343 5195 1574 5263 μυρίων
1619 5192 1726 5265 ἦτε

131 5275 341 5329 κακῶν
363 5293 375 5305 ⁸
413 5277 530 5346 ἐγὼ
551 5277 638 5343 δὲ,
676 5278 829 5347 φησὶ,
861 5278 1008 5330 ποιῶ
1040 5277 1134 5333 διὰ
1159 5278 1225 5332 τὸ
1255 5277 1442 5346 ὄνομά
1457 5296 1597 5348 μου,
1625 5280 1725 5333 ἵνα

131 5359 219 5427 μὴ
255 5359 580 5428 ,βεϐηλωοζῖ
611 5361 681 5414 ἐν
723 5362 848 5428 τοῖς
880 5362 1101 5418 ἔθνεσι.
1145 5364 1252 5416 Καὶ
1296 5363 1487 5416 πάλινο
1537 5366 1618 5418 Οὐ
1647 5362 1721 5417 δι’

133 5441 296 5512 ὑμᾶς
318 5443 434 5512 ἐγὼ
462 5443 629 5508 ποιῶ,
659 5440 823 5509 οἶκος
850 5445 956 5498 τοῦ
995 5446 1254 5514 Ἰσραὴλ,
1290 5448 1426 5502 ἀλλ’
1457 5447 1495 5516 ἢ
1531 5447 1629 5504 διὰ
1656 5452 1724 5505 τὸ

134 5525 331 5595 ὄνομά
368 5531 588 5595 μου.’”0
634 5528 690 5581 δὲ
737 5528 906 5596 λέγει,
934 5530 1170 5584 τοιοῦτόν
1218 5533 1371 5586 ἐστι’
1406 5534 1722 5606 Βαρυτέρας

203 5766 236 5797 ⁸
262 5763 485 5830 Quinque
506 5783 616 5820 mss.
643 5771 937 5834 κατορύξετε,
965 5772 1132 5822 Morel.
1162 5775 1473 5836 κατωρύξατε.

1253 345 1622 403 ADVERSUS
1656 341 1966 399 113021308.
2009 344 2099 400 Vl.

3269 343 3378 395 υῢὸ

1805 461 1905 530 μὲν
1939 463 2210 533 τιμωρίας
2240 457 2336 532 ἦτε
2368 464 2506 528 ἄξιοι
2552 465 2647 518 καὶ
2697 459 2970 520 κολάσεως
2991 475 3002 487 ’
3041 456 3152 508 ἀλλ’
3187 457 3272 508 ἵνα
3306 458 3379 528 μή

1803 563 1887 607 τις
1926 545 2080 618 λέγῃ,
2114 547 2194 598 ὅτι
2228 547 2470 600 ἀσθενῶν
2495 551 2522 601 6
2553 547 2706 609 Θεὸς,
2737 544 2828 597 καὶ
2865 543 2937 613 μὴ
2964 543 3256 609 δυνάμενος
3288 540 3380 592 σῶ-

1803 647 1915 692 σαι,
1948 631 2125 700 ἀφῆκε
2161 632 2286 694 τοὺς
2331 630 2618 692 Ἰουδαίους
2658 632 2775 690 ταῖς
2809 627 2916 679 τῶν
2953 623 3224 694 πολεμίων
3264 640 3382 693 χερ-

1803 713 1907 775 σὶν,
1940 713 2407 784 ἀντιλαμϐάνομαι
2434 714 2527 765 καὶ
2563 709 3086 784 προΐσταμαι.“Ωστε
3120 710 3167 758 εί
3203 706 3382 776 παρά-

1803 811 1962 865 νομος
1997 791 2064 866 ἦν
2107 797 2135 847 ό
2180 797 2432 868 Χριστὸς,
2469 798 2628 866 ὑμεῖς
2659 795 2714 846 δὲ
2767 792 2928 847 αὑτὸν
2980 787 3381 859 ἐσταυρώσατε,

1803 880 1896 931 καλ¹
1922 881 1970 931 εἰ
2000 879 2167 951 μυρία
2193 877 2290 950 ἦτε
2323 881 2720 952 ἡμαρτηκότες,
2750 880 2843 932 καὶ
2873 874 3050 944 πολλῷ
3105 873 3205 926 τῶν
3244 890 3383 942 προ-

1802 962 1859 1014 τέ
1871 980 1975 1033 ρων
1999 963 2375 1035 χαλεπώτερα,
2400 965 2615 1026 πάντως
2643 962 2707 1016 ἀν
2741 963 2884 1032 ὑμᾶς
2907 962 2935 1013 6
2959 958 3088 1020 Θεὸς
3114 955 3201 1008 διὰ
3225 954 3383 1007 τοῦτο

1801 1046 2081 1110 διέσωσεν,
2116 1048 2201 1100 ἵνα
2236 1047 2310 1118 μὴ
2337 1048 2398 1100 τὸ
2430 1048 2599 1116 ὄνομα
2645 1045 2810 1099 αὑτοῦ
2859 1041 3161 1114 βεϐηλωθῇ,
3191 1040 3277 1092 ἵνα
3309 1041 3383 1110 μὴ

1808 1131 1980 1201 μέγας
2026 1149 2108 1194 τις
2151 1133 2358 1195 ἐκεῖνος
2404 1129 2712 1203 νομίζηται,
2746 1128 2882 1200 μηδέ
2911 1127 3041 1196 εἴπῃ
3067 1143 3169 1188 τις,
3202 1125 3281 1177 ὅτι
3315 1123 3382 1176 δι’

1804 1215 2012 1267 ἐκεῖνον
2042 1215 2214 1268 ταῦτα
2245 1216 2496 1269 ἐπάθετε.
2529 1216 2592 1267 Εἰ
2620 1213 2726 1283 γὰρ
2759 1211 3004 1280 φαίνεται
3035 1207 3122 1260 διὰ
3149 1208 3248 1278 τὴν
3268 1208 3386 1259 ἐαυ-

1803 1299 1897 1351 τοῦ
1946 1301 2102 1364 δόξαν
2147 1300 2216 1353 τά
2268 1301 2638 1371 ἁμαρτήματα
2681 1297 2834 1369 ὑμῶν
2884 1294 3159 1368 παρορῶν,
3207 1289 3385 1359 πολλῷ

1807 1381 2006 1449 μᾶλλον
2037 1383 2102 1436 ἂν
2134 1382 2288 1438 τοῦτο
2320 1384 2541 1452 ἐποίησε
2576 1381 2690 1444 νῦν,
2721 1379 2816 1432 καὶ
2837 1378 2934 1446 τὴν
2963 1376 3172 1445 σφαγὴν
3201 1371 3388 1425 ἀπεδέ-

1807 1464 1935 1528 ξατο
1985 1465 2207 1535 ταύτην.
2249 1468 2342 1519 καὶ
2398 1466 2464 1518 τά
2517 1463 2691 1516 πολλά
2750 1462 2865 1534 [ἂν]
2910 1461 3064 1532 ὑμῶν
3107 1457 3386 1531 ἐξήλειψεν

1803 1549 2375 1619 ἀμαρτήματα.“οταν
2402 1549 2457 1600 δέ
2485 1547 2740 1616 φαίνηται
2772 1547 2853 1608 εἰς
2889 1545 3042 1607 τέλος
3083 1545 3226 1612 ὑμᾶς
3255 1543 3389 1594 ἀπο-

1808 1635 2190 1707 στρεφόμενος,
2219 1633 2439 1704 εὑδηλον
2465 1633 2545 1686 ὅτι
2578 1632 2670 1684 διὰ
2710 1631 2810 1700 τῆς
2838 1628 3008 1698 ὀργῆς
3036 1626 3260 1695 ταύτης,
3292 1624 3387 1676 καὶ

1804 1718 1902 1788 τῆς
1933 1720 2013 1782 εἰς
2041 1718 2193 1781 τέλος
2221 1715 2682 1786 ἐγκαταλείψεως,
2717 1712 2956 1766 δείκνυσι
2993 1711 3086 1765 καλ⁴
3116 1713 3228 1772 τοῖς
3256 1707 3389 1788 σφό-

1803 1785 1907 1870 δρα
1951 1799 2416 1870 ἀναισχυντοῦσιν,
2466 1799 2546 1851 ὅτι
2597 1795 2717 1866 οὐχὶ
2770 1793 3081 1866 παράνομός
3122 1808 3206 1855 τις
3253 1785 3319 1860 ἦν
3359 1789 3390 1840 6

1807 1885 2056 1952 σφαγεὶς.
2091 1883 2204 1936 ἀλλ’
2238 1883 2398 1945 αὑτὸς
2447 1882 2475 1933 6
2524 1879 2838 1950 νομοθέτης,
2884 1878 2980 1932 καὶ
3027 1875 3132 1929 τῶν
3180 1873 3388 1944 μυρίων

1806 1967 2027 2036 ἀγαθῶν
2057 1968 2230 2031 αἴτιος
2256 1968 2288 2018 6
2317 1967 2776 2037 παραγενόμενος.
2803 1962 2902 2016 Διά
2924 1962 3082 2015 τοῦτο
3108 1962 3155 2012 οἱ
3189 1959 3282 2030 μὲν
3309 1958 3390 2018 είς

1807 2055 1968 2107 αὑτὸν
1999 2054 2367 2125 ἀσεϐήσαντες
2397 2054 2575 2123 ὑμεῖς,
2610 2053 2668 2104 ἐν
2699 2049 2855 2123 ὕϐρει
2887 2049 2981 2102 καὶ
3011 2045 3225 2116 ἀτιμίᾳ,
3253 2045 3302 2096 οἱ
3334 2043 3391 2095 δὲ

1808 2139 2242 2211 προσκυνοῦντες
2268 2139 2429 2192 αὑτὸν
2447 2140 2628 2209 ἡμεῖς,
2649 2137 2964 2207 ἀτιμότεροι
2996 2133 3212 2187 πάντων
3236 2129 3391 2200 ὑμῶν

1809 2225 2118 2296 ἔμπροσθεν
2164 2225 2342 2287 ὄντες,
2373 2224 2460 2277 διὰ
2490 2225 2587 2293 τὴν
2616 2222 2709 2274 τοῦ
2935 2217 3069 2271 Θεοῦ
3105 2215 3265 2286 χάριν
3299 2213 3394 2266 καὶ

1811 2308 2128 2378 σεμνότεροι
2173 2308 2389 2362 πάντων
2438 2306 2594 2376 ὑμῶν
2627 2308 2793 2374 ἐσμεν
2826 2303 2939 2366 νῦν,
2976 2302 3068 2354 καὶ
3099 2302 3156 2352 ἐν
3187 2297 3392 2370 μείζονι

1807 2395 1940 2462 τιμῇ
1972 2392 2412 2463 καθεστηκαμεν.
2433 2391 2541 2443 Καὶ
2566 2389 2730 2444 πόθεν
2755 2388 2912 2459 δῆλον
2939 2388 3020 2440 ὅτι
3044 2383 3392 2453 ἀπεστράφη,

1811 2477 1996 2545 φησὶν,
2031 2477 2179 2544 ἡμᾶς
2223 2477 2252 2528 6
2293 2475 2452 2537 Θεὸς;
2483 2474 2655 2542 Λόγου
2689 2473 2798 2542 γὰρ
2826 2471 2904 2524 ἔτι
2939 2469 3095 2542 χρεία
3128 2467 3223 2521 καὶ
3261 2467 3396 2518 ἀπο-

1810 2557 2063 2622 δείξεως;
2100 2558 2222 2610 εἰπέ
2255 2574 2366 2626 μοι.
2398 2556 2519 2610 Τῶν
2550 2555 2890 2626 πραγμάτων
2919 2552 3096 2604 αὑτῶν
3128 2547 3393 2620 βοώντων,

1813 2642 1906 2694 καὶ
1929 2641 2226 2709 σάλπιγγος
2249 2639 2634 2712 λαμπροτέραν
2657 2639 2925 2708 ἀφιέντων
2950 2634 3154 2706 φωνὴν,
3185 2631 3274 2685 διὰ
3295 2632 3397 2694 τῆς

1813 2726 2175 2794 κατασκαφῆς
2204 2723 2303 2793 τῆς
2330 2724 2471 2778 κατὰ
2498 2723 2592 2794 τὴν
2612 2723 2787 2788 πόλιν,
2819 2721 2908 2774 διὰ
2930 2721 3029 2791 τῆς
3064 2715 3398 2787 ἐρημώσεως

1812 2806 1906 2859 τοῦ
1939 2807 2091 2870 ναοῦ,
2127 2808 2220 2860 καὶ
2250 2807 2337 2860 διὰ
2368 2806 2476 2860 τῶν
2503 2805 2677 2859 ἄλλων
2708 2806 2961 2858 ἁπάντων
2995 2801 3104 2855 τῶν
3138 2803 3216 2863 εἰς
3255 2799 3397 2866 ὑμᾶς

1817 2889 2260 2960 συμϐεϐηκότων,
2294 2889 2374 2942 ἔτι
2401 2889 2489 2942 διὰ
2510 2888 2682 2956 λόγων
2721 2885 2994 2951 ἀπόδειξιν
3019 2884 3326 2953 ἐπιζητεῖτε
3346 2880 3397 2934 δι

1829 2974 1964 3026 Ἀλλ’
2001 2973 2298 3042 ἄνθρωποι,
2343 2973 2496 3043 φησὶ,
2531 2971 2704 3025 ταῦτα
2747 2972 2879 3040 ἡμῖν
2915 2970 3218 3038 ἐπήγαγον,
3248 2966 3344 3033 οὑχ
3370 2963 3400 3014 6

1815 3057 1966 3120 Θεός.
2004 3056 2254 3108 Μάλιστα
2292 3054 2388 3125 μὲν
2422 3050 2513 3106 οῦν
2557 3055 2586 3105 6
2615 3053 2747 3116 Θεὸς
2780 3051 2952 3105 ταῦτα
2990 3049 3302 3120 εἰργάσατο.
3336 3045 3398 3097 Εἰ

1814 3139 1870 3191 δὲ
1910 3139 2217 3209 ἀνθρώποις
2250 3137 2421 3189 ταῦτα
2463 3136 2674 3208 λογίζῃ,
2709 3135 2982 3205 σκόπησον
3014 3132 3174 3184 πάλιν
3202 3132 3396 3192 ἐκεῖνο,

1816 3226 1898 3278 ὅτι
1929 3225 2024 3278 καὶ
2049 3223 2345 3294 ἀνθρωττοι,
2393 3222 2440 3272 εί
2475 3221 2549 3290 μὴ
2577 3220 2654 3288 τῷ
2687 3217 2805 3288 Θεῷ
2834 3215 3022 3270 δοκοῦν
3048 3211 3116 3287 ἦν
3142 3213 3318 3276 τοῦτο,
3349 3212 3398 3264 εί

1819 3309 1909 3362 καὶ
1958 3307 2220 3376 ἐτόλμων,
2252 3306 2354 3358 οὑκ
2389 3305 2454 3358 ἂν
2491 3303 2715 3373 ἴσχυσαν
2760 3302 2840 3363 εἰς
2889 3299 3063 3370 πέρας
3093 3297 3231 3350 αὑτὰ
3260 3297 3399 3362 ἀγα-

1818 3393 2091 3459 γεῖν.”οτε
2126 3389 2256 3457 γοῦν
2283 3388 2381 3459 τὴν
2409 3386 2646 3457 Περσίδα
2677 3386 2858 3438 πᾶσαν
2892 3382 3079 3450 ἇγωνε
3112 3380 3342 3451 ἐπῆλθεν
3372 3380 3402 3431 6

1821 3475 2116 3545 βάρϐαρος,
2136 3473 2232 3525 καὶ
2253 3473 2311 3537 ἐξ
2338 3470 2638 3541 ἐπιδρομῆς
2664 3469 2910 3529 ἅπαντας
2938 3464 3203 3536 λήψεσθαι
3231 3478 3400 3532 προσ-

1819 3561 2070 3628 εδόκησε,
2098 3557 2193 3610 καὶ
2223 3557 2474 3625 καθάπερ
2493 3557 2549 3606 ἐν
2582 3554 2791 3624 σαγήνῃ
2821 3553 2925 3605 τινὶ
2947 3551 3040 3604 καὶ
3066 3548 3302 3612 δικτύοις
3323 3549 3404 3610 εἰς

1819 3641 1918 3712 τὴν
1948 3641 2100 3694 πόλιν
2131 3639 2376 3701 ἅπαντας
2400 3634 2514 3708 εἶχε
2543 3634 3072 3704 συγκεκλεισμένους
3091 3651 3103 3662 ·
3137 3633 3258 3703 οὑχὶ
3281 3631 3404 3684 τότε

1819 3729 1905 3799 δὴ,
1941 3728 2082 3790 τότε,
2119 3727 2307 3796 ἐπειδὴ
2335 3726 2363 3776 6
2392 3724 2523 3786 Θεὸς
2562 3722 2716 3784 ἵλεως
2739 3717 2826 3792 ἦν,
2854 3721 3022 3790 χωρὶς
3055 3719 3290 3788 πολέμου
3312 3717 3405 3768 καὶ

1824 3812 2005 3883 μάχης
2043 3811 2136 3863 καὶ
2167 3809 2441 3879 συμϐολῆς
2470 3806 2664 3860 ἑκατὸν
2693 3804 3018 3873 ὀγδοήκοντα
3047 3803 3206 3855 πέντε
3229 3800 3400 3871 χιλιάι

1820 3896 1914 3958 δας
1968 3893 2316 3965 στρατιωτῶν
2375 3892 2604 3962 νεκροὺς
2665 3888 2824 3959 ἀφεὶς
2873 3889 3003 3959 παρ’
3036 3888 3185 3957 ὑμῖν,
3233 3883 3405 3948 οὕτως

1821 3978 2042 4048 ἔφυγεν,
2075 3975 2325 4044 ἀγαπῶν,
2357 3976 2406 4027 εἰ
2437 3972 2726 4042 διασωθείη
2766 3971 2958 4040 μόνος;
2997 3971 3106 4023 Καὶ
3137 3968 3327 4030 ἄλλους
3348 3966 3404 4019 δὲ

1824 4061 2049 4132 μυρίους
2092 4059 2364 4128 πολέμους
2408 4055 2580 4118 οὑτως
2607 4055 2820 4124 ἔκρινεν
2873 4056 2901 4106 6
2946 4052 3078 4116 Θεὸς
3121 4051 3401 4112 πολλάκις.

1824 4145 1985 4197 Ὥστε
2013 4143 2107 4197 καὶ
2136 4143 2249 4207 νῦν,
2275 4142 2323 4193 εἰ
2356 4140 2430 4212 μὴ
2451 4139 2612 4201 αὑτὸς
2632 4134 2698 4209 ἦν
2724 4140 2752 4191 6
2781 4134 3038 4200 καθάπαξ
3063 4136 3205 4206 ὑμᾶς
3225 4135 3403 4205 ἀφεὶς,

1822 4233 1921 4285 οὑκ
1956 4230 2022 4283 ἂν
2055 4230 2278 4298 ἴσχυσαν
2320 4228 2367 4279 οἱ
2401 4227 2500 4297 τῆν
2541 4223 2694 4278 πόλιν
2727 4221 2881 4292 ὑμῶν
2920 4220 3262 4283 καθελόντες,
3311 4222 3407 4274 καὶ

1822 4316 1915 4368 τὸν
1947 4313 2072 4366 ναὸν
2096 4309 2503 4382 ἐρημώσαντες,
2524 4308 2623 4362 οὑκ
2655 4308 2720 4361 ἂν
2747 4307 2910 4380 μέχρι
2932 4304 3187 4357 τοσούτου
3215 4305 3282 4357 τὰ
3308 4305 3406 4374 τῆς

1824 4397 2061 4470 ἐρημίας
2104 4397 2346 4466 ἕμεινεν’
2389 4393 2490 4446 οὐκ
2519 4391 2606 4454 ἂν,
2651 4390 2910 4451 πολλάκις
2955 4388 3109 4458 ὑμῶν
3137 4389 3406 4458 ἐπιχειρη-

1826 4484 2056 4548 σάντων,
2093 4481 2351 4550 ἀνόνητος
2385 4479 2418 4548 η
2447 4475 2787 4546 ἐπιχείρησις
2812 4473 3054 4542 γέγονεν.

1895 4719 1957 4773 6'.
1984 4720 2095 4772 Οὐκ
2120 4714 2366 4770 ἐντεῦθεν
2394 4713 2448 4766 δὲ
2476 4712 2655 4783 μόνον,
2684 4709 2816 4763 ἀλλὰ
2839 4711 2932 4763 καὶ
2961 4705 3226 4779 ἑτέρωθεν
3261 4707 3414 4778 ὑμᾶς

1827 4807 2010 4856 πεῖσαι
2038 4801 2392 4872 πειράσομαι,
2429 4799 2508 4850 ὅτι
2536 4795 2636 4848 οὑκ
2679 4795 2856 4865 οἰκεία
2886 4793 3117 4864 δυνάμει
3144 4793 3409 4862 ἐποίησαν

1825 4892 1962 4961 ὅπερ
1992 4888 2253 4958 ἐποίησαν
2282 4886 2360 4946 είς
2391 4883 2535 4952 ὑμᾶς
2571 4881 2619 4933 οἱ
2667 4879 2905 4950 βασιλεῖ-ς
2941 4877 3245 4961 Ῥωμαίων,
3272 4876 3408 4931 ἀλλά

1825 4973 1915 5028 διὰ
1933 4959 2038 5042 τὴν
2065 4971 2234 5042 ὀργὴν
2262 4967 2356 5020 τοῦ
2385 4966 2521 5019 Θεοῦ
2549 4965 2644 5019 καὶ
2671 4965 2772 5034 τὴν
2798 4960 2964 5016 αὑτοῦ
2997 4959 3403 5029 ἐγκατάλειψιν.

1825 5061 1888 5114 El
1916 5057 2024 5128 γὰρ
2054 5053 2353 5125 ἀνθρώπων
2382 5048 2448 5123 ἦν
2477 5051 2637 5121 ἔργον
2675 5048 2735 5101 τὸ
2768 5047 3080 5118 γενόμενον,
3107 5046 3212 5098 ἔδει
3247 5044 3406 5114 μέχρι

1825 5143 1924 5213 τῆς
1948 5137 2202 5201 ἁλώσεως
2234 5136 2425 5204 στῆναι
2455 5135 2525 5188 τὰ
2561 5134 2821 5204 ὑμέτερα,
2857 5131 2953 5185 καὶ
2986 5130 3059 5202 μὴ
3100 5128 3408 5213 περαιτέρω

1827 5211 2109 5296 προελθεῖν
2137 5220 2291 5292 ὑμῶν
2336 5219 2435 5288 τὴν
2476 5217 2718 5288 ἀτιμίαν.
2760 5215 2978 5268 Κείσθω
3004 5213 3112 5284 γὰρ
3144 5211 3284 5296 κατά
3315 5217 3408 5264 τὸν

1826 5293 2093 5378 ὑμέτερον
2121 5305 2299 5374 λόγον,
2327 5304 2410 5356 ὃτι
2435 5301 2503 5354 τὰ
2531 5301 2683 5370 τείχη
2717 5297 3065 5367 κατέσκαψαν
3103 5297 3152 5349 οἱ
3195 5293 3406 5364 ἀνθρω-

1829 5409 1942 5457 ποι,
1976 5392 2071 5444 καὶ
2097 5390 2194 5460 τὴν
2228 5387 2382 5440 πόλιν
2409 5384 2676 5448 καθεῖλον,
2716 5384 2810 5436 καὶ
2852 5381 2942 5434 τὸν
2972 5379 3153 5450 βωμὸν
3186 5379 3403 5447 ἀνέτρε-

1887 5588 1916 5628 Ῑ)
1945 5588 2078 5646 Haec,
2102 5589 2197 5636 τῶν
2221 5588 2284 5643 ε’ίς
2301 5588 2422 5648 ὑμᾶς
2440 5584 2826 5648 συμϐεὕηκὸτων,
2853 5584 2920 5631 ἔτι
2947 5583 3022 5629 διὰ
3045 5583 3195 5641 λόγων
3215 5578 3410 5627 ἀπόδει-

1827 5652 1892 5706 ξιν
1915 5650 2192 5712 ἐπιζητεῖτε.
2219 5649 2402 5712 (jesunl
2423 5650 2470 5696 in
2496 5650 2668 5712 detegi)
2691 5658 2820 5712 ms§-_
2886 5711 2892 5712 ί
2976 5709 2983 5712 Α
3135 5701 3159 5712 ,,
3301 5697 3314 5712 ,

1875 5713 1912 5786 ὀ
1939 5701 2074 5820 Ιῗίιιό
2093 5708 2384 5774 scripturam
2409 5713 2596 5760 notavit
2619 5705 2781 5756 Moulf.
2808 5707 2860 5754 in
2885 5709 3023 5752 textu
3050 5701 3271 5750 scribens
3293 5701 3402 5760 ἀγα-

1875 5789 1936 5819 ον.
1985 5784 2099 5820 ιοιτ.

1826 5789 1936 5832 γων.
1965 5789 2099 5820 non.
