  <div class='ocr_page' id='page_1' title='image "/cluster/home/n/w/nwhite01/storage/ocr_20150623/48/nnc1.0046978267/390.png"; bbox 0 0 3866 6226; ppageno 0'>
   <div class='ocr_carea' id='block_1_1' title="bbox 244 360 350 415">
    <p class='ocr_par' dir='ltr' id='par_1_1' title="bbox 244 360 350 415">
     <span class='ocr_line' id='line_1_1' title="bbox 244 360 350 415; baseline -0.009 0"><span class='ocrx_word' id='word_1_1' title='bbox 244 360 350 415; x_wconf 74' lang='lat'><strong>90‘.)</strong></span> 
     </span>
    </p>
   </div>
   <div class='ocr_carea' id='block_1_2' title="bbox 240 470 1821 543">
    <p class='ocr_par' dir='ltr' id='par_1_2' title="bbox 240 470 1821 543">
     <span class='ocr_line' id='line_1_2' title="bbox 240 470 1821 543; baseline -0.004 -14"><span class='ocrx_word' id='word_1_2' title='bbox 240 482 356 529; x_wconf 87' lang='lat' dir='ltr'><strong>tare</strong></span> <span class='ocrx_word' id='word_1_3' title='bbox 384 472 682 543; x_wconf 83' lang='lat' dir='ltr'><strong>dejectum;</strong></span> <span class='ocrx_word' id='word_1_4' title='bbox 729 488 853 527; x_wconf 88' lang='lat' dir='ltr'><strong>num</strong></span> <span class='ocrx_word' id='word_1_5' title='bbox 882 481 937 528; x_wconf 89' lang='lat' dir='ltr'><strong>et</strong></span> <span class='ocrx_word' id='word_1_6' title='bbox 982 472 1110 528; x_wconf 87' lang='lat' dir='ltr'><strong>illud</strong></span> <span class='ocrx_word' id='word_1_7' title='bbox 1157 472 1223 528; x_wconf 90' lang='lat' dir='ltr'><strong>ab</strong></span> <span class='ocrx_word' id='word_1_8' title='bbox 1262 471 1564 527; x_wconf 89' lang='lat' dir='ltr'><strong>hominibus</strong></span> <span class='ocrx_word' id='word_1_9' title='bbox 1605 470 1821 532; x_wconf 87' lang='lat' dir='ltr'><strong>factmn,</strong></span> 
     </span>
    </p>
   </div>
   <div class='ocr_carea' id='block_1_3' title="bbox 248 563 1823 634">
    <p class='ocr_par' dir='ltr' id='par_1_3' title="bbox 248 563 1823 634">
     <span class='ocr_line' id='line_1_3' title="bbox 248 563 1823 634; baseline 0 -19"><span class='ocrx_word' id='word_1_10' title='bbox 248 563 380 632; x_wconf 62' lang='lat' dir='ltr'><strong>quod</strong></span> <span class='ocrx_word' id='word_1_11' title='bbox 412 563 683 633; x_wconf 67' lang='lat' dir='ltr'><strong>prephctaz</strong></span> <span class='ocrx_word' id='word_1_12' title='bbox 729 564 1046 619; x_wconf 88' lang='lat' dir='ltr'><strong>cessarunt?</strong></span> <span class='ocrx_word' id='word_1_13' title='bbox 1090 563 1227 618; x_wconf 83' lang='lat' dir='ltr'><strong>Num</strong></span> <span class='ocrx_word' id='word_1_14' title='bbox 1264 572 1319 619; x_wconf 92' lang='lat' dir='ltr'><strong>et</strong></span> <span class='ocrx_word' id='word_1_15' title='bbox 1359 564 1576 634; x_wconf 76' lang='lat' dir='ltr'><strong>spiritus</strong></span> <span class='ocrx_word' id='word_1_16' title='bbox 1600 563 1823 633; x_wconf 87' lang='lat' dir='ltr'><strong>gratiam</strong></span> 
     </span>
    </p>
   </div>
   <div class='ocr_carea' id='block_1_4' title="bbox 239 652 1849 727">
    <p class='ocr_par' dir='ltr' id='par_1_4' title="bbox 239 652 1849 727">
     <span class='ocr_line' id='line_1_4' title="bbox 239 652 1849 727; baseline -0.001 -20"><span class='ocrx_word' id='word_1_17' title='bbox 239 657 602 709; x_wconf 69' lang='lat' dir='ltr'><strong>sustulerunt?</strong></span> <span class='ocrx_word' id='word_1_18' title='bbox 629 655 759 709; x_wconf 87' lang='lat' dir='ltr'><strong>Num</strong></span> <span class='ocrx_word' id='word_1_19' title='bbox 794 656 893 709; x_wconf 90' lang='lat' dir='ltr'><strong>alia</strong></span> <span class='ocrx_word' id='word_1_20' title='bbox 917 672 1034 725; x_wconf 79' lang='lat' dir='ltr'><strong>qua:</strong></span> <span class='ocrx_word' id='word_1_21' title='bbox 1062 653 1199 724; x_wconf 88' lang='lat' dir='ltr'><strong>apud</strong></span> <span class='ocrx_word' id='word_1_22' title='bbox 1221 670 1315 709; x_wconf 90' lang='lat' dir='ltr'><strong>vos</strong></span> <span class='ocrx_word' id='word_1_23' title='bbox 1348 653 1495 709; x_wconf 88' lang='lat' dir='ltr'><strong>fuere</strong></span> <span class='ocrx_word' id='word_1_24' title='bbox 1524 652 1849 727; x_wconf 33' lang='lat' dir='ltr'><strong>veneranda.</strong></span> 
     </span>
    </p>
   </div>
   <div class='ocr_carea' id='block_1_5' title="bbox 232 743 1820 815">
    <p class='ocr_par' dir='ltr' id='par_1_5' title="bbox 232 743 1820 815">
     <span class='ocr_line' id='line_1_5' title="bbox 232 743 1820 815; baseline -0.004 -14"><span class='ocrx_word' id='word_1_25' title='bbox 232 748 634 813; x_wconf 80' lang='lat' dir='ltr'><strong>destruxernut,</strong></span> <span class='ocrx_word' id='word_1_26' title='bbox 673 746 833 800; x_wconf 79' lang='lat' dir='ltr'><strong>veluti</strong></span> <span class='ocrx_word' id='word_1_27' title='bbox 881 762 1065 800; x_wconf 88' lang='lat' dir='ltr'><strong>vocem</strong></span> <span class='ocrx_word' id='word_1_28' title='bbox 1118 748 1185 800; x_wconf 92' lang='lat' dir='ltr'><strong>de</strong></span> <span class='ocrx_word' id='word_1_29' title='bbox 1240 745 1604 815; x_wconf 80' lang='lat' dir='ltr'><strong>propitiatorio</strong></span> <span class='ocrx_word' id='word_1_30' title='bbox 1650 743 1820 807; x_wconf 82' lang='lat' dir='ltr'><strong>reddi,</strong></span> 
     </span>
    </p>
   </div>
   <div class='ocr_carea' id='block_1_6' title="bbox 235 836 1821 909">
    <p class='ocr_par' dir='ltr' id='par_1_6' title="bbox 235 836 1821 909">
     <span class='ocr_line' id='line_1_6' title="bbox 235 836 1821 909; baseline 0 -19"><span class='ocrx_word' id='word_1_31' title='bbox 235 841 344 893; x_wconf 79' lang='lat' dir='ltr'><strong>vim</strong></span> <span class='ocrx_word' id='word_1_32' title='bbox 373 840 655 901; x_wconf 79' lang='lat' dir='ltr'><strong>unt-tionis,</strong></span> <span class='ocrx_word' id='word_1_33' title='bbox 692 838 1102 892; x_wconf 83' lang='lat' dir='ltr'><strong>declarationem</strong></span> <span class='ocrx_word' id='word_1_34' title='bbox 1130 855 1247 909; x_wconf 76' lang='lat' dir='ltr'><strong>qua:</strong></span> <span class='ocrx_word' id='word_1_35' title='bbox 1279 837 1437 892; x_wconf 86' lang='lat' dir='ltr'><strong>fiebat</strong></span> <span class='ocrx_word' id='word_1_36' title='bbox 1478 838 1529 891; x_wconf 88' lang='lat' dir='ltr'><strong>in</strong></span> <span class='ocrx_word' id='word_1_37' title='bbox 1562 836 1821 906; x_wconf 86' lang='lat' dir='ltr'><strong>lapidibus</strong></span> 
     </span>
    </p>
   </div>
   <div class='ocr_carea' id='block_1_7' title="bbox 232 928 1822 998">
    <p class='ocr_par' dir='ltr' id='par_1_7' title="bbox 232 928 1822 998">
     <span class='ocr_line' id='line_1_7' title="bbox 232 928 1822 998; baseline 0 -17"><span class='ocrx_word' id='word_1_38' title='bbox 232 929 567 983; x_wconf 87' lang='lat' dir='ltr'><strong>sacerdotis?</strong></span> <span class='ocrx_word' id='word_1_39' title='bbox 587 929 767 998; x_wconf 82' lang='lat' dir='ltr'><strong>Neque</strong></span> <span class='ocrx_word' id='word_1_40' title='bbox 784 929 923 981; x_wconf 89' lang='lat' dir='ltr'><strong>enim</strong></span> <span class='ocrx_word' id='word_1_41' title='bbox 949 929 1164 982; x_wconf 81' lang='lat' dir='ltr'><strong>Judaica</strong></span> <span class='ocrx_word' id='word_1_42' title='bbox 1186 929 1371 998; x_wconf 82' lang='lat' dir='ltr'><strong>religio</strong></span> <span class='ocrx_word' id='word_1_43' title='bbox 1386 928 1615 997; x_wconf 86' lang='lat' dir='ltr'><strong>origines</strong></span> <span class='ocrx_word' id='word_1_44' title='bbox 1635 942 1822 981; x_wconf 89' lang='lat' dir='ltr'><strong>omnes</strong></span> 
     </span>
    </p>
   </div>
   <div class='ocr_carea' id='block_1_8' title="bbox 235 1016 1823 1093">
    <p class='ocr_par' dir='ltr' id='par_1_8' title="bbox 235 1016 1823 1093">
     <span class='ocr_line' id='line_1_8' title="bbox 235 1016 1823 1093; baseline -0.001 -21"><span class='ocrx_word' id='word_1_45' title='bbox 235 1018 467 1073; x_wconf 92' lang='lat' dir='ltr'><strong>habebat</strong></span> <span class='ocrx_word' id='word_1_46' title='bbox 484 1036 547 1074; x_wconf 88' lang='lat' dir='ltr'><strong>ex</strong></span> <span class='ocrx_word' id='word_1_47' title='bbox 576 1020 933 1093; x_wconf 75' lang='lat' dir='ltr'><strong>interioribus,</strong></span> <span class='ocrx_word' id='word_1_48' title='bbox 953 1018 1043 1073; x_wconf 80' lang='lat' dir='ltr'><strong>Sed</strong></span> <span class='ocrx_word' id='word_1_49' title='bbox 1064 1019 1239 1089; x_wconf 81' lang='lat' dir='ltr'><strong>plures</strong></span> <span class='ocrx_word' id='word_1_50' title='bbox 1262 1034 1322 1073; x_wconf 91' lang='lat' dir='ltr'><strong>ac</strong></span> <span class='ocrx_word' id='word_1_51' title='bbox 1343 1016 1823 1086; x_wconf 82' lang='lat' dir='ltr'><strong>magniﬁcentiores</strong></span> 
     </span>
    </p>
   </div>
   <div class='ocr_carea' id='block_1_9' title="bbox 235 1109 1820 1180">
    <p class='ocr_par' dir='ltr' id='par_1_9' title="bbox 235 1109 1820 1180">
     <span class='ocr_line' id='line_1_9' title="bbox 235 1109 1820 1180; baseline 0.001 -17"><span class='ocrx_word' id='word_1_52' title='bbox 235 1125 470 1180; x_wconf 74' lang='lat' dir='ltr'><strong>superne</strong></span> <span class='ocrx_word' id='word_1_53' title='bbox 500 1126 529 1164; x_wconf 92' lang='lat' dir='ltr'><strong>e</strong></span> <span class='ocrx_word' id='word_1_54' title='bbox 566 1110 731 1164; x_wconf 62' lang='lat' dir='ltr'><strong>caslis.</strong></span> <span class='ocrx_word' id='word_1_55' title='bbox 765 1110 1002 1180; x_wconf 78' lang='lat' dir='ltr'><strong>Exempli</strong></span> <span class='ocrx_word' id='word_1_56' title='bbox 1030 1126 1185 1165; x_wconf 82' lang='lat' dir='ltr'><strong>causa</strong></span> <span class='ocrx_word' id='word_1_57' title='bbox 1222 1130 1234 1164; x_wconf 92' lang='lat'>:</span> <span class='ocrx_word' id='word_1_58' title='bbox 1280 1111 1522 1179; x_wconf 83' lang='lat' dir='ltr'><strong>permisit</strong></span> <span class='ocrx_word' id='word_1_59' title='bbox 1565 1109 1820 1164; x_wconf 80' lang='lat' dir='ltr'><strong>sacrificia</strong></span> 
     </span>
    </p>
   </div>
   <div class='ocr_carea' id='block_1_10' title="bbox 234 1200 1822 1271">
    <p class='ocr_par' dir='ltr' id='par_1_10' title="bbox 234 1200 1822 1271">
     <span class='ocr_line' id='line_1_10' title="bbox 234 1200 1822 1271; baseline 0.001 -18"><span class='ocrx_word' id='word_1_60' title='bbox 234 1201 373 1253; x_wconf 84' lang='lat' dir='ltr'><strong>fieri.</strong></span> <span class='ocrx_word' id='word_1_61' title='bbox 414 1200 595 1255; x_wconf 80' lang='lat' dir='ltr'><strong>Altare</strong></span> <span class='ocrx_word' id='word_1_62' title='bbox 645 1200 856 1271; x_wconf 89' lang='lat' dir='ltr'><strong>quidem</strong></span> <span class='ocrx_word' id='word_1_63' title='bbox 886 1209 1000 1255; x_wconf 92' lang='lat' dir='ltr'><strong>erat</strong></span> <span class='ocrx_word' id='word_1_64' title='bbox 1042 1202 1194 1261; x_wconf 89' lang='lat' dir='ltr'><strong>infra,</strong></span> <span class='ocrx_word' id='word_1_65' title='bbox 1250 1202 1481 1269; x_wconf 84' lang='lat' dir='ltr'><strong>itemque</strong></span> <span class='ocrx_word' id='word_1_66' title='bbox 1522 1200 1729 1269; x_wconf 81' lang='lat' dir='ltr'><strong>gladius</strong></span> <span class='ocrx_word' id='word_1_67' title='bbox 1768 1209 1822 1254; x_wconf 90' lang='lat' dir='ltr'><strong>et</strong></span> 
     </span>
    </p>
   </div>
   <div class='ocr_carea' id='block_1_11' title="bbox 232 1291 1819 1362">
    <p class='ocr_par' dir='ltr' id='par_1_11' title="bbox 232 1291 1819 1362">
     <span class='ocr_line' id='line_1_11' title="bbox 232 1291 1819 1362; baseline -0.001 -16"><span class='ocrx_word' id='word_1_68' title='bbox 232 1291 399 1361; x_wconf 81' lang='lat' dir='ltr'><strong>ligna,</strong></span> <span class='ocrx_word' id='word_1_69' title='bbox 448 1308 653 1347; x_wconf 82' lang='lat' dir='ltr'><strong>necnon</strong></span> <span class='ocrx_word' id='word_1_70' title='bbox 697 1292 987 1347; x_wconf 81' lang='lat' dir='ltr'><strong>sacerdos:</strong></span> <span class='ocrx_word' id='word_1_71' title='bbox 1029 1303 1279 1347; x_wconf 73' lang='lat' dir='ltr'><strong>czeterum</strong></span> <span class='ocrx_word' id='word_1_72' title='bbox 1312 1293 1444 1362; x_wconf 83' lang='lat' dir='ltr'><strong>ignis</strong></span> <span class='ocrx_word' id='word_1_73' title='bbox 1486 1301 1737 1345; x_wconf 84' lang='lat' dir='ltr'><strong>venturus</strong></span> <span class='ocrx_word' id='word_1_74' title='bbox 1767 1292 1819 1345; x_wconf 91' lang='lat' dir='ltr'><strong>in</strong></span> 
     </span>
    </p>
   </div>
   <div class='ocr_carea' id='block_1_12' title="bbox 231 1382 1820 1452">
    <p class='ocr_par' dir='ltr' id='par_1_12' title="bbox 231 1382 1820 1452">
     <span class='ocr_line' id='line_1_12' title="bbox 231 1382 1820 1452; baseline 0 -17"><span class='ocrx_word' id='word_1_75' title='bbox 231 1385 389 1452; x_wconf 78' lang='lat' dir='ltr'><strong>adyta</strong></span> <span class='ocrx_word' id='word_1_76' title='bbox 421 1382 533 1449; x_wconf 89' lang='lat' dir='ltr'><strong>illa,</strong></span> <span class='ocrx_word' id='word_1_77' title='bbox 564 1383 907 1450; x_wconf 79' lang='lat' dir='ltr'><strong>victimasque</strong></span> <span class='ocrx_word' id='word_1_78' title='bbox 934 1392 1370 1451; x_wconf 67' lang='lat' dir='ltr'><strong>consumpturus,</strong></span> <span class='ocrx_word' id='word_1_79' title='bbox 1402 1398 1432 1436; x_wconf 90' lang='lat' dir='ltr'><strong>e</strong></span> <span class='ocrx_word' id='word_1_80' title='bbox 1461 1383 1704 1452; x_wconf 88' lang='lat' dir='ltr'><strong>supernis</strong></span> <span class='ocrx_word' id='word_1_81' title='bbox 1726 1382 1820 1435; x_wconf 80' lang='lat' dir='ltr'><strong>ba-</strong></span> 
     </span>
    </p>
   </div>
   <div class='ocr_carea' id='block_1_13' title="bbox 230 1472 1817 1543">
    <p class='ocr_par' dir='ltr' id='par_1_13' title="bbox 230 1472 1817 1543">
     <span class='ocr_line' id='line_1_13' title="bbox 230 1472 1817 1543; baseline -0.001 -15"><span class='ocrx_word' id='word_1_82' title='bbox 230 1473 393 1528; x_wconf 84' lang='lat' dir='ltr'><strong>bebat</strong></span> <span class='ocrx_word' id='word_1_83' title='bbox 420 1473 699 1543; x_wconf 88' lang='lat' dir='ltr'><strong>originem.</strong></span> <span class='ocrx_word' id='word_1_84' title='bbox 740 1473 849 1527; x_wconf 90' lang='lat' dir='ltr'><strong>Nec</strong></span> <span class='ocrx_word' id='word_1_85' title='bbox 885 1474 1027 1527; x_wconf 89' lang='lat' dir='ltr'><strong>enim</strong></span> <span class='ocrx_word' id='word_1_86' title='bbox 1061 1475 1218 1527; x_wconf 90' lang='lat' dir='ltr'><strong>homo</strong></span> <span class='ocrx_word' id='word_1_87' title='bbox 1263 1473 1519 1527; x_wconf 80' lang='lat' dir='ltr'><strong>inferebat</strong></span> <span class='ocrx_word' id='word_1_88' title='bbox 1562 1474 1734 1541; x_wconf 81' lang='lat' dir='ltr'><strong>ignem</strong></span> <span class='ocrx_word' id='word_1_89' title='bbox 1764 1472 1817 1526; x_wconf 92' lang='lat' dir='ltr'><strong>in</strong></span> 
     </span>
    </p>
   </div>
   <div class='ocr_carea' id='block_1_14' title="bbox 230 1563 1815 1633">
    <p class='ocr_par' dir='ltr' id='par_1_14' title="bbox 230 1563 1815 1633">
     <span class='ocr_line' id='line_1_14' title="bbox 230 1563 1815 1633; baseline -0.001 -16"><span class='ocrx_word' id='word_1_90' title='bbox 230 1564 511 1633; x_wconf 83' lang='lat' dir='ltr'><strong>templum,</strong></span> <span class='ocrx_word' id='word_1_91' title='bbox 536 1563 630 1618; x_wconf 89' lang='lat' dir='ltr'><strong>sed</strong></span> <span class='ocrx_word' id='word_1_92' title='bbox 656 1564 866 1618; x_wconf 89' lang='lat' dir='ltr'><strong>llamma</strong></span> <span class='ocrx_word' id='word_1_93' title='bbox 887 1578 919 1617; x_wconf 90' lang='lat' dir='ltr'><strong>e</strong></span> <span class='ocrx_word' id='word_1_94' title='bbox 941 1564 1156 1617; x_wconf 89' lang='lat' dir='ltr'><strong>sublimi</strong></span> <span class='ocrx_word' id='word_1_95' title='bbox 1188 1564 1425 1617; x_wconf 57' lang='lat' dir='ltr'><strong>immissa</strong></span> <span class='ocrx_word' id='word_1_96' title='bbox 1448 1563 1692 1617; x_wconf 76' lang='lat' dir='ltr'><strong>sacrificii</strong></span> <span class='ocrx_word' id='word_1_97' title='bbox 1717 1564 1815 1616; x_wconf 86' lang='lat' dir='ltr'><strong>mi-</strong></span> 
     </span>
    </p>
   </div>
   <div class='ocr_carea' id='block_1_15' title="bbox 228 1653 1818 1723">
    <p class='ocr_par' dir='ltr' id='par_1_15' title="bbox 228 1653 1818 1723">
     <span class='ocr_line' id='line_1_15' title="bbox 228 1653 1818 1723; baseline -0.001 -15"><span class='ocrx_word' id='word_1_98' title='bbox 228 1655 511 1709; x_wconf 87' lang='lat' dir='ltr'><strong>nisterium</strong></span> <span class='ocrx_word' id='word_1_99' title='bbox 541 1654 855 1722; x_wconf 83' lang='lat' dir='ltr'><strong>complebat.</strong></span> <span class='ocrx_word' id='word_1_100' title='bbox 898 1653 1130 1708; x_wconf 81' lang='lat' dir='ltr'><strong>Rursum</strong></span> <span class='ocrx_word' id='word_1_101' title='bbox 1167 1655 1210 1707; x_wconf 81' lang='lat' dir='ltr'><strong>si</strong></span> <span class='ocrx_word' id='word_1_102' title='bbox 1254 1654 1465 1722; x_wconf 86' lang='lat' dir='ltr'><strong>quando</strong></span> <span class='ocrx_word' id='word_1_103' title='bbox 1493 1668 1818 1723; x_wconf 85' lang='lat' dir='ltr'><strong>cognoscen-</strong></span> 
     </span>
    </p>
   </div>
   <div class='ocr_carea' id='block_1_16' title="bbox 227 1744 1815 1815">
    <p class='ocr_par' dir='ltr' id='par_1_16' title="bbox 227 1744 1815 1815">
     <span class='ocr_line' id='line_1_16' title="bbox 227 1744 1815 1815; baseline -0.003 -16"><span class='ocrx_word' id='word_1_104' title='bbox 227 1746 359 1799; x_wconf 91' lang='lat' dir='ltr'><strong>dum</strong></span> <span class='ocrx_word' id='word_1_105' title='bbox 389 1756 503 1801; x_wconf 90' lang='lat' dir='ltr'><strong>erat</strong></span> <span class='ocrx_word' id='word_1_106' title='bbox 522 1745 719 1815; x_wconf 89' lang='lat' dir='ltr'><strong>aliquid</strong></span> <span class='ocrx_word' id='word_1_107' title='bbox 746 1760 777 1799; x_wconf 91' lang='lat' dir='ltr'><strong>e</strong></span> <span class='ocrx_word' id='word_1_108' title='bbox 808 1745 1192 1813; x_wconf 88' lang='lat' dir='ltr'><strong>propitiatorio,</strong></span> <span class='ocrx_word' id='word_1_109' title='bbox 1224 1760 1326 1797; x_wconf 85' lang='lat' dir='ltr'><strong>vox</strong></span> <span class='ocrx_word' id='word_1_110' title='bbox 1349 1744 1609 1811; x_wconf 79' lang='lat' dir='ltr'><strong>qumpiam</strong></span> <span class='ocrx_word' id='word_1_111' title='bbox 1644 1758 1675 1796; x_wconf 93' lang='lat' dir='ltr'><strong>e</strong></span> <span class='ocrx_word' id='word_1_112' title='bbox 1700 1758 1815 1795; x_wconf 89' lang='lat' dir='ltr'><strong>me-</strong></span> 
     </span>
    </p>
   </div>
   <div class='ocr_carea' id='block_1_17' title="bbox 224 1834 1816 1904">
    <p class='ocr_par' dir='ltr' id='par_1_17' title="bbox 224 1834 1816 1904">
     <span class='ocr_line' id='line_1_17' title="bbox 224 1834 1816 1904; baseline 0 -15"><span class='ocrx_word' id='word_1_113' title='bbox 224 1836 319 1889; x_wconf 86' lang='lat' dir='ltr'><strong>dio</strong></span> <span class='ocrx_word' id='word_1_114' title='bbox 355 1835 641 1891; x_wconf 87' lang='lat' dir='ltr'><strong>Cherubim</strong></span> <span class='ocrx_word' id='word_1_115' title='bbox 681 1836 941 1903; x_wconf 80' lang='lat' dir='ltr'><strong>prodibat,</strong></span> <span class='ocrx_word' id='word_1_116' title='bbox 984 1836 1277 1904; x_wconf 63' lang='lat' dir='ltr'><strong>praedicens</strong></span> <span class='ocrx_word' id='word_1_117' title='bbox 1321 1834 1511 1888; x_wconf 81' lang='lat' dir='ltr'><strong>futura.</strong></span> <span class='ocrx_word' id='word_1_118' title='bbox 1550 1834 1751 1887; x_wconf 81' lang='lat' dir='ltr'><strong>Rursus</strong></span> <span class='ocrx_word' id='word_1_119' title='bbox 1784 1848 1816 1889; x_wconf 89' lang='lat' dir='ltr'><strong>e</strong></span> 
     </span>
    </p>
   </div>
   <div class='ocr_carea' id='block_1_18' title="bbox 225 1924 1812 1995">
    <p class='ocr_par' dir='ltr' id='par_1_18' title="bbox 225 1924 1812 1995">
     <span class='ocr_line' id='line_1_18' title="bbox 225 1924 1812 1995; baseline 0 -18"><span class='ocrx_word' id='word_1_120' title='bbox 225 1926 491 1993; x_wconf 88' lang='lat' dir='ltr'><strong>lapidibus</strong></span> <span class='ocrx_word' id='word_1_121' title='bbox 519 1926 607 1994; x_wconf 93' lang='lat' dir='ltr'><strong>qui</strong></span> <span class='ocrx_word' id='word_1_122' title='bbox 637 1936 789 1980; x_wconf 87' lang='lat' dir='ltr'><strong>erant</strong></span> <span class='ocrx_word' id='word_1_123' title='bbox 825 1926 874 1979; x_wconf 90' lang='lat' dir='ltr'><strong>in</strong></span> <span class='ocrx_word' id='word_1_124' title='bbox 924 1934 1137 1995; x_wconf 86' lang='lat' dir='ltr'><strong>pectore</strong></span> <span class='ocrx_word' id='word_1_125' title='bbox 1179 1925 1369 1978; x_wconf 88' lang='lat' dir='ltr'><strong>summi</strong></span> <span class='ocrx_word' id='word_1_126' title='bbox 1401 1924 1715 1991; x_wconf 82' lang='lat' dir='ltr'><strong>Sacerdotis,</strong></span> <span class='ocrx_word' id='word_1_127' title='bbox 1762 1924 1812 1977; x_wconf 90' lang='lat' dir='ltr'><strong>id</strong></span> 
     </span>
    </p>
   </div>
   <div class='ocr_carea' id='block_1_19' title="bbox 223 2015 1813 2085">
    <p class='ocr_par' dir='ltr' id='par_1_19' title="bbox 223 2015 1813 2085">
     <span class='ocr_line' id='line_1_19' title="bbox 223 2015 1813 2085; baseline 0 -18"><span class='ocrx_word' id='word_1_128' title='bbox 223 2018 489 2071; x_wconf 76' lang='lat' dir='ltr'><strong>vocabant</strong></span> <span class='ocrx_word' id='word_1_129' title='bbox 517 2018 953 2083; x_wconf 87' lang='lat' dir='ltr'><strong>declarationem,</strong></span> <span class='ocrx_word' id='word_1_130' title='bbox 981 2017 1250 2071; x_wconf 86' lang='lat' dir='ltr'><strong>relucebat</strong></span> <span class='ocrx_word' id='word_1_131' title='bbox 1290 2017 1458 2085; x_wconf 81' lang='lat' dir='ltr'><strong>fulgor</strong></span> <span class='ocrx_word' id='word_1_132' title='bbox 1488 2015 1699 2085; x_wconf 88' lang='lat' dir='ltr'><strong>quidam</strong></span> <span class='ocrx_word' id='word_1_133' title='bbox 1728 2017 1813 2068; x_wconf 77' lang='lat' dir='ltr'><strong>fu-</strong></span> 
     </span>
    </p>
   </div>
   <div class='ocr_carea' id='block_1_20' title="bbox 222 2108 1813 2181">
    <p class='ocr_par' dir='ltr' id='par_1_20' title="bbox 222 2108 1813 2181">
     <span class='ocr_line' id='line_1_20' title="bbox 222 2108 1813 2181; baseline -0.001 -19"><span class='ocrx_word' id='word_1_134' title='bbox 222 2121 344 2163; x_wconf 89' lang='lat' dir='ltr'><strong>tura</strong></span> <span class='ocrx_word' id='word_1_135' title='bbox 375 2110 696 2180; x_wconf 78' lang='lat' dir='ltr'><strong>significans.</strong></span> <span class='ocrx_word' id='word_1_136' title='bbox 742 2111 1003 2165; x_wconf 64' lang='lat' dir='ltr'><strong>Praeterea</strong></span> <span class='ocrx_word' id='word_1_137' title='bbox 1034 2111 1241 2181; x_wconf 89' lang='lat' dir='ltr'><strong>quoties</strong></span> <span class='ocrx_word' id='word_1_138' title='bbox 1269 2119 1410 2163; x_wconf 89' lang='lat' dir='ltr'><strong>esset</strong></span> <span class='ocrx_word' id='word_1_139' title='bbox 1434 2108 1623 2178; x_wconf 87' lang='lat' dir='ltr'><strong>aliquis</strong></span> <span class='ocrx_word' id='word_1_140' title='bbox 1659 2108 1813 2161; x_wconf 87' lang='lat' dir='ltr'><strong>iuun-</strong></span> 
     </span>
    </p>
   </div>
   <div class='ocr_carea' id='block_1_21' title="bbox 218 2198 1809 2271">
    <p class='ocr_par' dir='ltr' id='par_1_21' title="bbox 218 2198 1809 2271">
     <span class='ocr_line' id='line_1_21' title="bbox 218 2198 1809 2271; baseline 0.001 -17"><span class='ocrx_word' id='word_1_141' title='bbox 218 2201 452 2269; x_wconf 79' lang='lat' dir='ltr'><strong>gendus,</strong></span> <span class='ocrx_word' id='word_1_142' title='bbox 476 2201 759 2256; x_wconf 88' lang='lat' dir='ltr'><strong>devolabat</strong></span> <span class='ocrx_word' id='word_1_143' title='bbox 786 2202 1004 2271; x_wconf 80' lang='lat' dir='ltr'><strong>Spiritus</strong></span> <span class='ocrx_word' id='word_1_144' title='bbox 1026 2201 1213 2269; x_wconf 86' lang='lat' dir='ltr'><strong>gratia,</strong></span> <span class='ocrx_word' id='word_1_145' title='bbox 1242 2210 1295 2253; x_wconf 92' lang='lat' dir='ltr'><strong>et</strong></span> <span class='ocrx_word' id='word_1_146' title='bbox 1321 2199 1495 2253; x_wconf 91' lang='lat' dir='ltr'><strong>oleum</strong></span> <span class='ocrx_word' id='word_1_147' title='bbox 1525 2198 1809 2255; x_wconf 85' lang='lat' dir='ltr'><strong>insiliehat.</strong></span> 
     </span>
    </p>
   </div>
   <div class='ocr_carea' id='block_1_22' title="bbox 223 2292 1810 2363">
    <p class='ocr_par' dir='ltr' id='par_1_22' title="bbox 223 2292 1810 2363">
     <span class='ocr_line' id='line_1_22' title="bbox 223 2292 1810 2363; baseline -0.001 -17"><span class='ocrx_word' id='word_1_148' title='bbox 223 2293 353 2348; x_wconf 67' lang='lat' dir='ltr'><strong>llaec</strong></span> <span class='ocrx_word' id='word_1_149' title='bbox 376 2302 551 2348; x_wconf 92' lang='lat' dir='ltr'><strong>autem</strong></span> <span class='ocrx_word' id='word_1_150' title='bbox 579 2294 1017 2348; x_wconf 78' lang='lat' dir='ltr'><strong>administmbant</strong></span> <span class='ocrx_word' id='word_1_151' title='bbox 1048 2292 1340 2363; x_wconf 79' lang='lat' dir='ltr'><strong>prophetze.</strong></span> <span class='ocrx_word' id='word_1_152' title='bbox 1371 2292 1507 2357; x_wconf 85' lang='lat' dir='ltr'><strong>Quin</strong></span> <span class='ocrx_word' id='word_1_153' title='bbox 1541 2300 1593 2345; x_wconf 89' lang='lat' dir='ltr'><strong>et</strong></span> <span class='ocrx_word' id='word_1_154' title='bbox 1619 2292 1810 2345; x_wconf 90' lang='lat' dir='ltr'><strong>nebula</strong></span> 
     </span>
    </p>
   </div>
   <div class='ocr_carea' id='block_1_23' title="bbox 219 2380 1810 2453">
    <p class='ocr_par' dir='ltr' id='par_1_23' title="bbox 219 2380 1810 2453">
     <span class='ocr_line' id='line_1_23' title="bbox 219 2380 1810 2453; baseline -0.001 -17"><span class='ocrx_word' id='word_1_155' title='bbox 219 2383 530 2453; x_wconf 86' lang='lat' dir='ltr'><strong>frequenter</strong></span> <span class='ocrx_word' id='word_1_156' title='bbox 550 2392 603 2438; x_wconf 89' lang='lat' dir='ltr'><strong>et</strong></span> <span class='ocrx_word' id='word_1_157' title='bbox 625 2383 798 2436; x_wconf 91' lang='lat' dir='ltr'><strong>fumus</strong></span> <span class='ocrx_word' id='word_1_158' title='bbox 824 2383 978 2453; x_wconf 82' lang='lat' dir='ltr'><strong>adyta</strong></span> <span class='ocrx_word' id='word_1_159' title='bbox 1008 2383 1315 2451; x_wconf 87' lang='lat' dir='ltr'><strong>occupabat.</strong></span> <span class='ocrx_word' id='word_1_160' title='bbox 1347 2380 1527 2450; x_wconf 86' lang='lat' dir='ltr'><strong>Itaque</strong></span> <span class='ocrx_word' id='word_1_161' title='bbox 1556 2396 1623 2436; x_wconf 90' lang='lat' dir='ltr'><strong>ne</strong></span> <span class='ocrx_word' id='word_1_162' title='bbox 1643 2381 1810 2436; x_wconf 83' lang='lat' dir='ltr'><strong>Juda-i</strong></span> 
     </span>
    </p>
   </div>
   <div class='ocr_carea' id='block_1_24' title="bbox 220 2473 1808 2543">
    <p class='ocr_par' dir='ltr' id='par_1_24' title="bbox 220 2473 1808 2543">
     <span class='ocr_line' id='line_1_24' title="bbox 220 2473 1808 2543; baseline -0.001 -17"><span class='ocrx_word' id='word_1_163' title='bbox 220 2473 472 2543; x_wconf 88' lang='lat' dir='ltr'><strong>perfrieta</strong></span> <span class='ocrx_word' id='word_1_164' title='bbox 502 2473 675 2528; x_wconf 88' lang='lat' dir='ltr'><strong>fronte</strong></span> <span class='ocrx_word' id='word_1_165' title='bbox 705 2473 1011 2527; x_wconf 89' lang='lat' dir='ltr'><strong>hominibus</strong></span> <span class='ocrx_word' id='word_1_166' title='bbox 1040 2475 1359 2542; x_wconf 88' lang='lat' dir='ltr'><strong>imputarent</strong></span> <span class='ocrx_word' id='word_1_167' title='bbox 1388 2487 1603 2526; x_wconf 91' lang='lat' dir='ltr'><strong>suarum</strong></span> <span class='ocrx_word' id='word_1_168' title='bbox 1632 2487 1808 2526; x_wconf 93' lang='lat' dir='ltr'><strong>rerum</strong></span> 
     </span>
    </p>
   </div>
   <div class='ocr_carea' id='block_1_25' title="bbox 221 2563 1812 2632">
    <p class='ocr_par' dir='ltr' id='par_1_25' title="bbox 221 2563 1812 2632">
     <span class='ocr_line' id='line_1_25' title="bbox 221 2563 1812 2632; baseline 0 -18"><span class='ocrx_word' id='word_1_169' title='bbox 221 2565 597 2628; x_wconf 57' lang='lat' dir='ltr'><strong>\‘aSIationem,</strong></span> <span class='ocrx_word' id='word_1_170' title='bbox 644 2580 750 2617; x_wconf 92' lang='lat' dir='ltr'><strong>non</strong></span> <span class='ocrx_word' id='word_1_171' title='bbox 796 2563 968 2618; x_wconf 91' lang='lat' dir='ltr'><strong>solum</strong></span> <span class='ocrx_word' id='word_1_172' title='bbox 1009 2565 1277 2617; x_wconf 91' lang='lat' dir='ltr'><strong>civitatem</strong></span> <span class='ocrx_word' id='word_1_173' title='bbox 1325 2564 1464 2616; x_wconf 88' lang='lat' dir='ltr'><strong>Deus</strong></span> <span class='ocrx_word' id='word_1_174' title='bbox 1503 2577 1690 2632; x_wconf 79' lang='lat' dir='ltr'><strong>passus</strong></span> <span class='ocrx_word' id='word_1_175' title='bbox 1728 2570 1812 2616; x_wconf 71' lang='lat' dir='ltr'><strong>est</strong></span> 
     </span>
    </p>
   </div>
   <div class='ocr_carea' id='block_1_26' title="bbox 218 2652 1810 2725">
    <p class='ocr_par' dir='ltr' id='par_1_26' title="bbox 218 2652 1810 2725">
     <span class='ocr_line' id='line_1_26' title="bbox 218 2652 1810 2725; baseline -0.001 -18"><span class='ocrx_word' id='word_1_176' title='bbox 218 2654 383 2725; x_wconf 80' lang='lat' dir='ltr'><strong>dirui,</strong></span> <span class='ocrx_word' id='word_1_177' title='bbox 434 2669 497 2708; x_wconf 91' lang='lat' dir='ltr'><strong>ae</strong></span> <span class='ocrx_word' id='word_1_178' title='bbox 545 2655 797 2722; x_wconf 89' lang='lat' dir='ltr'><strong>templum</strong></span> <span class='ocrx_word' id='word_1_179' title='bbox 847 2655 1065 2718; x_wconf 88' lang='lat' dir='ltr'><strong>vastari,</strong></span> <span class='ocrx_word' id='word_1_180' title='bbox 1110 2669 1293 2713; x_wconf 84' lang='lat' dir='ltr'><strong>verum</strong></span> <span class='ocrx_word' id='word_1_181' title='bbox 1332 2654 1491 2707; x_wconf 87' lang='lat' dir='ltr'><strong>etiam</strong></span> <span class='ocrx_word' id='word_1_182' title='bbox 1539 2652 1646 2719; x_wconf 85' lang='lat' dir='ltr'><strong>illa,</strong></span> <span class='ocrx_word' id='word_1_183' title='bbox 1691 2667 1810 2721; x_wconf 75' lang='lat' dir='ltr'><strong>quze</strong></span> 
     </span>
    </p>
   </div>
   <div class='ocr_carea' id='block_1_27' title="bbox 218 2744 1807 2815">
    <p class='ocr_par' dir='ltr' id='par_1_27' title="bbox 218 2744 1807 2815">
     <span class='ocr_line' id='line_1_27' title="bbox 218 2744 1807 2815; baseline -0.002 -16"><span class='ocrx_word' id='word_1_184' title='bbox 218 2746 430 2799; x_wconf 70' lang='lat' dir='ltr'><strong>cadhus</strong></span> <span class='ocrx_word' id='word_1_185' title='bbox 456 2745 721 2800; x_wconf 70' lang='lat' dir='ltr'><strong>habebant</strong></span> <span class='ocrx_word' id='word_1_186' title='bbox 746 2746 1037 2815; x_wconf 87' lang='lat' dir='ltr'><strong>originem,</strong></span> <span class='ocrx_word' id='word_1_187' title='bbox 1081 2761 1112 2800; x_wconf 88' lang='lat' dir='ltr'><strong>e</strong></span> <span class='ocrx_word' id='word_1_188' title='bbox 1137 2745 1312 2800; x_wconf 90' lang='lat' dir='ltr'><strong>medio</strong></span> <span class='ocrx_word' id='word_1_189' title='bbox 1338 2745 1572 2810; x_wconf 88' lang='lat' dir='ltr'><strong>sustulit,</strong></span> <span class='ocrx_word' id='word_1_190' title='bbox 1617 2744 1807 2797; x_wconf 60' lang='lat' dir='ltr'><strong>videli-</strong></span> 
     </span>
    </p>
   </div>
   <div class='ocr_carea' id='block_1_28' title="bbox 218 2833 1804 2905">
    <p class='ocr_par' dir='ltr' id='par_1_28' title="bbox 218 2833 1804 2905">
     <span class='ocr_line' id='line_1_28' title="bbox 218 2833 1804 2905; baseline -0.003 -16"><span class='ocrx_word' id='word_1_191' title='bbox 218 2844 309 2889; x_wconf 91' lang='lat' dir='ltr'><strong>cet</strong></span> <span class='ocrx_word' id='word_1_192' title='bbox 340 2836 533 2905; x_wconf 84' lang='lat' dir='ltr'><strong>ignem,</strong></span> <span class='ocrx_word' id='word_1_193' title='bbox 554 2851 760 2897; x_wconf 86' lang='lat' dir='ltr'><strong>vocem,</strong></span> <span class='ocrx_word' id='word_1_194' title='bbox 791 2852 821 2889; x_wconf 86' lang='lat' dir='ltr'><strong>e</strong></span> <span class='ocrx_word' id='word_1_195' title='bbox 844 2836 1102 2903; x_wconf 83' lang='lat' dir='ltr'><strong>lapidibus</strong></span> <span class='ocrx_word' id='word_1_196' title='bbox 1118 2835 1265 2889; x_wconf 91' lang='lat' dir='ltr'><strong>reddi</strong></span> <span class='ocrx_word' id='word_1_197' title='bbox 1293 2834 1502 2888; x_wconf 90' lang='lat' dir='ltr'><strong>solitum</strong></span> <span class='ocrx_word' id='word_1_198' title='bbox 1528 2833 1804 2901; x_wconf 85' lang='lat' dir='ltr'><strong>fulgorem,</strong></span> 
     </span>
    </p>
   </div>
   <div class='ocr_carea' id='block_1_29' title="bbox 218 2910 1809 2998">
    <p class='ocr_par' dir='ltr' id='par_1_29' title="bbox 218 2910 1809 2998">
     <span class='ocr_line' id='line_1_29' title="bbox 218 2910 1809 2998; baseline -0.003 -15"><span class='ocrx_word' id='word_1_199' title='bbox 218 2938 276 2987; x_wconf 83' lang='lat' dir='ltr'><strong>et</strong></span> <span class='ocrx_word' id='word_1_200' title='bbox 296 2929 450 2997; x_wconf 85' lang='lat' dir='ltr'><strong>hujus</strong></span> <span class='ocrx_word' id='word_1_201' title='bbox 469 2930 676 2998; x_wconf 79' lang='lat' dir='ltr'><strong>generis</strong></span> <span class='ocrx_word' id='word_1_202' title='bbox 697 2928 798 2982; x_wconf 88' lang='lat' dir='ltr'><strong>alia</strong></span> <span class='ocrx_word' id='word_1_203' title='bbox 816 2929 1075 2981; x_wconf 88' lang='lat' dir='ltr'><strong>universa.</strong></span> <span class='ocrx_word' id='word_1_204' title='bbox 1099 2926 1325 2981; x_wconf 84' lang='lat' dir='ltr'><strong>Proinde</strong></span> <span class='ocrx_word' id='word_1_205' title='bbox 1341 2941 1459 2979; x_wconf 92' lang='lat' dir='ltr'><strong>cum</strong></span> <span class='ocrx_word' id='word_1_206' title='bbox 1483 2925 1571 2977; x_wconf 88' lang='lat' dir='ltr'><strong>tibi</strong></span> <span class='ocrx_word' id='word_1_207' title='bbox 1591 2910 1809 2979; x_wconf 41' lang='lat' dir='ltr'><strong>Iudaeus</strong></span> 
     </span>
    </p>
   </div>
   <div class='ocr_carea' id='block_1_30' title="bbox 219 3016 1807 3085">
    <p class='ocr_par' dir='ltr' id='par_1_30' title="bbox 219 3016 1807 3085">
     <span class='ocr_line' id='line_1_30' title="bbox 219 3016 1807 3085; baseline -0.003 -11"><span class='ocrx_word' id='word_1_208' title='bbox 219 3020 435 3085; x_wconf 86' lang='lat' dir='ltr'><strong>dixerit,</strong></span> <span class='ocrx_word' id='word_1_209' title='bbox 467 3020 707 3075; x_wconf 85' lang='lat' dir='ltr'><strong>homines</strong></span> <span class='ocrx_word' id='word_1_210' title='bbox 730 3020 879 3073; x_wconf 91' lang='lat' dir='ltr'><strong>nobis</strong></span> <span class='ocrx_word' id='word_1_211' title='bbox 906 3019 1099 3074; x_wconf 90' lang='lat' dir='ltr'><strong>bellum</strong></span> <span class='ocrx_word' id='word_1_212' title='bbox 1130 3019 1436 3080; x_wconf 90' lang='lat' dir='ltr'><strong>intulerunt,</strong></span> <span class='ocrx_word' id='word_1_213' title='bbox 1463 3016 1704 3070; x_wconf 90' lang='lat' dir='ltr'><strong>homines</strong></span> <span class='ocrx_word' id='word_1_214' title='bbox 1723 3018 1807 3070; x_wconf 82' lang='lat' dir='ltr'><strong>in-</strong></span> 
     </span>
    </p>
   </div>
   <div class='ocr_carea' id='block_1_31' title="bbox 219 3105 1809 3177">
    <p class='ocr_par' dir='ltr' id='par_1_31' title="bbox 219 3105 1809 3177">
     <span class='ocr_line' id='line_1_31' title="bbox 219 3105 1809 3177; baseline -0.003 -14"><span class='ocrx_word' id='word_1_215' title='bbox 219 3109 395 3163; x_wconf 87' lang='lat' dir='ltr'><strong>sidiati</strong></span> <span class='ocrx_word' id='word_1_216' title='bbox 423 3119 565 3175; x_wconf 92' lang='lat' dir='ltr'><strong>sunt,</strong></span> <span class='ocrx_word' id='word_1_217' title='bbox 597 3108 763 3163; x_wconf 90' lang='lat' dir='ltr'><strong>dicito</strong></span> <span class='ocrx_word' id='word_1_218' title='bbox 805 3108 875 3161; x_wconf 92' lang='lat' dir='ltr'><strong>illi</strong></span> <span class='ocrx_word' id='word_1_219' title='bbox 916 3126 930 3161; x_wconf 91' lang='lat'><strong>:</strong></span> <span class='ocrx_word' id='word_1_220' title='bbox 967 3106 1201 3177; x_wconf 82' lang='lat' dir='ltr'><strong>profecto</strong></span> <span class='ocrx_word' id='word_1_221' title='bbox 1227 3122 1333 3160; x_wconf 92' lang='lat' dir='ltr'><strong>non</strong></span> <span class='ocrx_word' id='word_1_222' title='bbox 1364 3106 1560 3161; x_wconf 87' lang='lat' dir='ltr'><strong>bellum</strong></span> <span class='ocrx_word' id='word_1_223' title='bbox 1601 3105 1809 3159; x_wconf 83' lang='lat' dir='ltr'><strong>intulis-</strong></span> 
     </span>
    </p>
   </div>
   <div class='ocr_carea' id='block_1_32' title="bbox 218 3198 1808 3271">
    <p class='ocr_par' dir='ltr' id='par_1_32' title="bbox 218 3198 1808 3271">
     <span class='ocr_line' id='line_1_32' title="bbox 218 3198 1808 3271; baseline -0.002 -17"><span class='ocrx_word' id='word_1_224' title='bbox 218 3211 339 3254; x_wconf 82' lang='lat' dir='ltr'><strong>seut</strong></span> <span class='ocrx_word' id='word_1_225' title='bbox 366 3199 627 3264; x_wconf 92' lang='lat' dir='ltr'><strong>homines,</strong></span> <span class='ocrx_word' id='word_1_226' title='bbox 660 3199 760 3253; x_wconf 90' lang='lat' dir='ltr'><strong>nisi</strong></span> <span class='ocrx_word' id='word_1_227' title='bbox 789 3200 930 3254; x_wconf 88' lang='lat' dir='ltr'><strong>Deus</strong></span> <span class='ocrx_word' id='word_1_228' title='bbox 959 3198 1058 3253; x_wconf 89' lang='lat' dir='ltr'><strong>hoc</strong></span> <span class='ocrx_word' id='word_1_229' title='bbox 1084 3198 1434 3271; x_wconf 87' lang='lat' dir='ltr'><strong>permisisset.</strong></span> <span class='ocrx_word' id='word_1_230' title='bbox 1467 3198 1664 3253; x_wconf 87' lang='lat' dir='ltr'><strong>Verum</strong></span> <span class='ocrx_word' id='word_1_231' title='bbox 1692 3207 1808 3253; x_wconf 87' lang='lat' dir='ltr'><strong>esto</strong></span> 
     </span>
    </p>
   </div>
   <div class='ocr_carea' id='block_1_33' title="bbox 218 3289 1809 3355">
    <p class='ocr_par' dir='ltr' id='par_1_33' title="bbox 218 3289 1809 3355">
     <span class='ocr_line' id='line_1_33' title="bbox 218 3289 1809 3355; baseline 0 -11"><span class='ocrx_word' id='word_1_232' title='bbox 218 3305 370 3355; x_wconf 71' lang='lat' dir='ltr'><strong>Sane,</strong></span> <span class='ocrx_word' id='word_1_233' title='bbox 425 3306 633 3345; x_wconf 91' lang='lat' dir='ltr'><strong>murum</strong></span> <span class='ocrx_word' id='word_1_234' title='bbox 679 3300 914 3344; x_wconf 90' lang='lat' dir='ltr'><strong>vestrum</strong></span> <span class='ocrx_word' id='word_1_235' title='bbox 958 3290 1219 3344; x_wconf 91' lang='lat' dir='ltr'><strong>diruerint</strong></span> <span class='ocrx_word' id='word_1_236' title='bbox 1269 3289 1532 3352; x_wconf 85' lang='lat' dir='ltr'><strong>homines,</strong></span> <span class='ocrx_word' id='word_1_237' title='bbox 1580 3305 1706 3344; x_wconf 90' lang='lat' dir='ltr'><strong>num</strong></span> <span class='ocrx_word' id='word_1_238' title='bbox 1754 3298 1809 3344; x_wconf 89' lang='lat' dir='ltr'><strong>ct</strong></span> 
     </span>
    </p>
   </div>
   <div class='ocr_carea' id='block_1_34' title="bbox 220 3379 1809 3449">
    <p class='ocr_par' dir='ltr' id='par_1_34' title="bbox 220 3379 1809 3449">
     <span class='ocr_line' id='line_1_34' title="bbox 220 3379 1809 3449; baseline -0.001 -15"><span class='ocrx_word' id='word_1_239' title='bbox 220 3381 396 3449; x_wconf 84' lang='lat' dir='ltr'><strong>ignem</strong></span> <span class='ocrx_word' id='word_1_240' title='bbox 425 3397 487 3436; x_wconf 84' lang='lat' dir='ltr'><strong>ex</strong></span> <span class='ocrx_word' id='word_1_241' title='bbox 518 3381 628 3435; x_wconf 89' lang='lat' dir='ltr'><strong>alto</strong></span> <span class='ocrx_word' id='word_1_242' title='bbox 664 3380 855 3435; x_wconf 85' lang='lat' dir='ltr'><strong>devehi</strong></span> <span class='ocrx_word' id='word_1_243' title='bbox 884 3381 1051 3435; x_wconf 91' lang='lat' dir='ltr'><strong>vetuit</strong></span> <span class='ocrx_word' id='word_1_244' title='bbox 1079 3380 1274 3433; x_wconf 91' lang='lat' dir='ltr'><strong>homo?</strong></span> <span class='ocrx_word' id='word_1_245' title='bbox 1298 3379 1435 3434; x_wconf 89' lang='lat' dir='ltr'><strong>Num</strong></span> <span class='ocrx_word' id='word_1_246' title='bbox 1458 3396 1641 3435; x_wconf 87' lang='lat' dir='ltr'><strong>vocem</strong></span> <span class='ocrx_word' id='word_1_247' title='bbox 1674 3381 1809 3434; x_wconf 88' lang='lat' dir='ltr'><strong>assi-</strong></span> 
     </span>
    </p>
   </div>
   <div class='ocr_carea' id='block_1_35' title="bbox 217 3469 1806 3541">
    <p class='ocr_par' dir='ltr' id='par_1_35' title="bbox 217 3469 1806 3541">
     <span class='ocr_line' id='line_1_35' title="bbox 217 3469 1806 3541; baseline -0.003 -15"><span class='ocrx_word' id='word_1_248' title='bbox 217 3473 326 3529; x_wconf 91' lang='lat' dir='ltr'><strong>due</strong></span> <span class='ocrx_word' id='word_1_249' title='bbox 364 3488 428 3527; x_wconf 86' lang='lat' dir='ltr'><strong>ex</strong></span> <span class='ocrx_word' id='word_1_250' title='bbox 470 3471 837 3541; x_wconf 88' lang='lat' dir='ltr'><strong>propitiatorio</strong></span> <span class='ocrx_word' id='word_1_251' title='bbox 877 3471 1045 3525; x_wconf 91' lang='lat' dir='ltr'><strong>audiri</strong></span> <span class='ocrx_word' id='word_1_252' title='bbox 1086 3470 1296 3525; x_wconf 87' lang='lat' dir='ltr'><strong>solitam</strong></span> <span class='ocrx_word' id='word_1_253' title='bbox 1336 3469 1565 3524; x_wconf 91' lang='lat' dir='ltr'><strong>inhibuit</strong></span> <span class='ocrx_word' id='word_1_254' title='bbox 1602 3470 1806 3524; x_wconf 87' lang='lat' dir='ltr'><strong>homo?</strong></span> 
     </span>
    </p>
   </div>
   <div class='ocr_carea' id='block_1_36' title="bbox 215 3562 1805 3633">
    <p class='ocr_par' dir='ltr' id='par_1_36' title="bbox 215 3562 1805 3633">
     <span class='ocr_line' id='line_1_36' title="bbox 215 3562 1805 3633; baseline -0.003 -13"><span class='ocrx_word' id='word_1_255' title='bbox 215 3579 348 3620; x_wconf 87' lang='lat' dir='ltr'><strong>num</strong></span> <span class='ocrx_word' id='word_1_256' title='bbox 404 3563 818 3618; x_wconf 82' lang='lat' dir='ltr'><strong>declarationem</strong></span> <span class='ocrx_word' id='word_1_257' title='bbox 866 3563 920 3617; x_wconf 91' lang='lat' dir='ltr'><strong>in</strong></span> <span class='ocrx_word' id='word_1_258' title='bbox 962 3562 1224 3633; x_wconf 86' lang='lat' dir='ltr'><strong>gemmis?</strong></span> <span class='ocrx_word' id='word_1_259' title='bbox 1259 3578 1384 3617; x_wconf 90' lang='lat' dir='ltr'><strong>num</strong></span> <span class='ocrx_word' id='word_1_260' title='bbox 1419 3562 1805 3617; x_wconf 89' lang='lat' dir='ltr'><strong>sacerdotalem</strong></span> 
     </span>
    </p>
   </div>
   <div class='ocr_carea' id='block_1_37' title="bbox 214 3653 1807 3711">
    <p class='ocr_par' dir='ltr' id='par_1_37' title="bbox 214 3653 1807 3711">
     <span class='ocr_line' id='line_1_37' title="bbox 214 3653 1807 3711; baseline 0 -3"><span class='ocrx_word' id='word_1_261' title='bbox 214 3653 566 3709; x_wconf 87' lang='lat' dir='ltr'><strong>unctionem?</strong></span> <span class='ocrx_word' id='word_1_262' title='bbox 593 3669 718 3711; x_wconf 91' lang='lat' dir='ltr'><strong>num</strong></span> <span class='ocrx_word' id='word_1_263' title='bbox 739 3662 929 3708; x_wconf 70' lang='lat' dir='ltr'><strong>caetera</strong></span> <span class='ocrx_word' id='word_1_264' title='bbox 955 3654 1129 3707; x_wconf 88' lang='lat' dir='ltr'><strong>omnia</strong></span> <span class='ocrx_word' id='word_1_265' title='bbox 1152 3654 1365 3708; x_wconf 92' lang='lat' dir='ltr'><strong>sustulit</strong></span> <span class='ocrx_word' id='word_1_266' title='bbox 1389 3654 1586 3707; x_wconf 82' lang='lat' dir='ltr'><strong>homo?</strong></span> <span class='ocrx_word' id='word_1_267' title='bbox 1615 3653 1807 3708; x_wconf 88' lang='lat' dir='ltr'><strong>Annon</strong></span> 
     </span>
    </p>
   </div>
   <div class='ocr_carea' id='block_1_38' title="bbox 216 3744 1807 3815">
    <p class='ocr_par' dir='ltr' id='par_1_38' title="bbox 216 3744 1807 3815">
     <span class='ocr_line' id='line_1_38' title="bbox 216 3744 1807 3815; baseline -0.001 -15"><span class='ocrx_word' id='word_1_268' title='bbox 216 3747 363 3800; x_wconf 58' lang='lat' dir='ltr'><strong>licus</strong></span> <span class='ocrx_word' id='word_1_269' title='bbox 416 3746 528 3800; x_wconf 75' lang='lat' dir='ltr'><strong>hmc</strong></span> <span class='ocrx_word' id='word_1_270' title='bbox 571 3746 747 3799; x_wconf 90' lang='lat' dir='ltr'><strong>omnia</strong></span> <span class='ocrx_word' id='word_1_271' title='bbox 794 3744 1047 3799; x_wconf 86' lang='lat' dir='ltr'><strong>sustulit?</strong></span> <span class='ocrx_word' id='word_1_272' title='bbox 1086 3744 1293 3801; x_wconf 84' lang='lat' dir='ltr'><strong>Nemini</strong></span> <span class='ocrx_word' id='word_1_273' title='bbox 1333 3760 1439 3799; x_wconf 88' lang='lat' dir='ltr'><strong>non</strong></span> <span class='ocrx_word' id='word_1_274' title='bbox 1470 3746 1807 3815; x_wconf 89' lang='lat' dir='ltr'><strong>perspicuum</strong></span> 
     </span>
    </p>
   </div>
   <div class='ocr_carea' id='block_1_39' title="bbox 213 3835 1806 3905">
    <p class='ocr_par' dir='ltr' id='par_1_39' title="bbox 213 3835 1806 3905">
     <span class='ocr_line' id='line_1_39' title="bbox 213 3835 1806 3905; baseline -0.001 -14"><span class='ocrx_word' id='word_1_275' title='bbox 213 3845 338 3898; x_wconf 76' lang='lat' dir='ltr'><strong>est;</strong></span> <span class='ocrx_word' id='word_1_276' title='bbox 370 3835 460 3890; x_wconf 83' lang='lat' dir='ltr'><strong>sed</strong></span> <span class='ocrx_word' id='word_1_277' title='bbox 492 3851 593 3905; x_wconf 87' lang='lat' dir='ltr'><strong>qua</strong></span> <span class='ocrx_word' id='word_1_278' title='bbox 634 3835 702 3891; x_wconf 91' lang='lat' dir='ltr'><strong>de</strong></span> <span class='ocrx_word' id='word_1_279' title='bbox 739 3851 897 3891; x_wconf 86' lang='lat' dir='ltr'><strong>causa</strong></span> <span class='ocrx_word' id='word_1_280' title='bbox 943 3835 1189 3890; x_wconf 90' lang='lat' dir='ltr'><strong>sustulit?</strong></span> <span class='ocrx_word' id='word_1_281' title='bbox 1231 3837 1421 3889; x_wconf 82' lang='lat' dir='ltr'><strong>Annon</strong></span> <span class='ocrx_word' id='word_1_282' title='bbox 1466 3835 1806 3890; x_wconf 91' lang='lat' dir='ltr'><strong>manifestum</strong></span> 
     </span>
    </p>
   </div>
   <div class='ocr_carea' id='block_1_40' title="bbox 213 3924 1806 3997">
    <p class='ocr_par' dir='ltr' id='par_1_40' title="bbox 213 3924 1806 3997">
     <span class='ocr_line' id='line_1_40' title="bbox 213 3924 1806 3997; baseline 0 -18"><span class='ocrx_word' id='word_1_283' title='bbox 213 3936 305 3980; x_wconf 84' lang='lat' dir='ltr'><strong>est</strong></span> <span class='ocrx_word' id='word_1_284' title='bbox 354 3924 471 3979; x_wconf 81' lang='lat' dir='ltr'><strong>ideo</strong></span> <span class='ocrx_word' id='word_1_285' title='bbox 526 3926 755 3993; x_wconf 85' lang='lat' dir='ltr'><strong>fecisse,</strong></span> <span class='ocrx_word' id='word_1_286' title='bbox 818 3926 961 3997; x_wconf 89' lang='lat' dir='ltr'><strong>quod</strong></span> <span class='ocrx_word' id='word_1_287' title='bbox 1004 3940 1099 3980; x_wconf 92' lang='lat' dir='ltr'><strong>vos</strong></span> <span class='ocrx_word' id='word_1_288' title='bbox 1136 3927 1361 3991; x_wconf 91' lang='lat' dir='ltr'><strong>odisset,</strong></span> <span class='ocrx_word' id='word_1_289' title='bbox 1408 3926 1656 3995; x_wconf 90' lang='lat' dir='ltr'><strong>quodque</strong></span> <span class='ocrx_word' id='word_1_290' title='bbox 1710 3941 1806 3993; x_wconf 85' lang='lat' dir='ltr'><strong>pe-</strong></span> 
     </span>
    </p>
   </div>
   <div class='ocr_carea' id='block_1_41' title="bbox 216 4016 1808 4087">
    <p class='ocr_par' dir='ltr' id='par_1_41' title="bbox 216 4016 1808 4087">
     <span class='ocr_line' id='line_1_41' title="bbox 216 4016 1808 4087; baseline 0 -17"><span class='ocrx_word' id='word_1_291' title='bbox 216 4018 364 4070; x_wconf 79' lang='lat' dir='ltr'><strong>nitus</strong></span> <span class='ocrx_word' id='word_1_292' title='bbox 403 4019 772 4072; x_wconf 82' lang='lat' dir='ltr'><strong>aversaretur?</strong></span> <span class='ocrx_word' id='word_1_293' title='bbox 810 4018 1173 4087; x_wconf 88' lang='lat' dir='ltr'><strong>Nequaquam,</strong></span> <span class='ocrx_word' id='word_1_294' title='bbox 1226 4017 1489 4087; x_wconf 90' lang='lat' dir='ltr'><strong>inquiunt,</strong></span> <span class='ocrx_word' id='word_1_295' title='bbox 1539 4016 1634 4071; x_wconf 90' lang='lat' dir='ltr'><strong>sed</strong></span> <span class='ocrx_word' id='word_1_296' title='bbox 1675 4032 1808 4085; x_wconf 92' lang='lat' dir='ltr'><strong>quo-</strong></span> 
     </span>
    </p>
   </div>
   <div class='ocr_carea' id='block_1_42' title="bbox 217 4108 1801 4178">
    <p class='ocr_par' dir='ltr' id='par_1_42' title="bbox 217 4108 1801 4178">
     <span class='ocr_line' id='line_1_42' title="bbox 217 4108 1801 4178; baseline -0.001 -18"><span class='ocrx_word' id='word_1_297' title='bbox 217 4112 364 4160; x_wconf 68' lang='lat' dir='ltr'><strong>niam</strong></span> <span class='ocrx_word' id='word_1_298' title='bbox 418 4109 697 4178; x_wconf 89' lang='lat' dir='ltr'><strong>metropoli</strong></span> <span class='ocrx_word' id='word_1_299' title='bbox 762 4122 1041 4173; x_wconf 87' lang='lat' dir='ltr'><strong>caremus,</strong></span> <span class='ocrx_word' id='word_1_300' title='bbox 1080 4108 1199 4161; x_wconf 88' lang='lat' dir='ltr'><strong>ideo</strong></span> <span class='ocrx_word' id='word_1_301' title='bbox 1242 4122 1484 4162; x_wconf 89' lang='lat' dir='ltr'><strong>caremus</strong></span> <span class='ocrx_word' id='word_1_302' title='bbox 1545 4116 1598 4161; x_wconf 91' lang='lat' dir='ltr'><strong>et</strong></span> <span class='ocrx_word' id='word_1_303' title='bbox 1654 4108 1801 4161; x_wconf 87' lang='lat' dir='ltr'><strong>istis:</strong></span> 
     </span>
    </p>
   </div>
   <div class='ocr_carea' id='block_1_43' title="bbox 214 4196 1806 4268">
    <p class='ocr_par' dir='ltr' id='par_1_43' title="bbox 214 4196 1806 4268">
     <span class='ocr_line' id='line_1_43' title="bbox 214 4196 1806 4268; baseline -0.001 -18"><span class='ocrx_word' id='word_1_304' title='bbox 214 4211 321 4254; x_wconf 84' lang='lat' dir='ltr'><strong>cur</strong></span> <span class='ocrx_word' id='word_1_305' title='bbox 348 4213 474 4252; x_wconf 83' lang='lat' dir='ltr'><strong>vero</strong></span> <span class='ocrx_word' id='word_1_306' title='bbox 508 4198 595 4252; x_wconf 90' lang='lat' dir='ltr'><strong>illa</strong></span> <span class='ocrx_word' id='word_1_307' title='bbox 632 4198 869 4253; x_wconf 76' lang='lat' dir='ltr'><strong>caretis?</strong></span> <span class='ocrx_word' id='word_1_308' title='bbox 910 4197 1093 4253; x_wconf 89' lang='lat' dir='ltr'><strong>Nonne</strong></span> <span class='ocrx_word' id='word_1_309' title='bbox 1130 4197 1255 4268; x_wconf 91' lang='lat' dir='ltr'><strong>quia</strong></span> <span class='ocrx_word' id='word_1_310' title='bbox 1292 4211 1388 4251; x_wconf 92' lang='lat' dir='ltr'><strong>vos</strong></span> <span class='ocrx_word' id='word_1_311' title='bbox 1416 4197 1561 4252; x_wconf 89' lang='lat' dir='ltr'><strong>Deus</strong></span> <span class='ocrx_word' id='word_1_312' title='bbox 1608 4196 1806 4251; x_wconf 85' lang='lat' dir='ltr'><strong>dereli-</strong></span> 
     </span>
    </p>
   </div>
   <div class='ocr_carea' id='block_1_44' title="bbox 212 4290 356 4358">
    <p class='ocr_par' dir='ltr' id='par_1_44' title="bbox 212 4290 356 4358">
     <span class='ocr_line' id='line_1_44' title="bbox 212 4290 356 4358; baseline 0.021 -20"><span class='ocrx_word' id='word_1_313' title='bbox 212 4290 356 4358; x_wconf 84' lang='lat' dir='ltr'><strong>quit.</strong></span> 
     </span>
    </p>
   </div>
   <div class='ocr_carea' id='block_1_45' title="bbox 296 4377 1807 4451">
    <p class='ocr_par' dir='ltr' id='par_1_45' title="bbox 296 4377 1807 4451">
     <span class='ocr_line' id='line_1_45' title="bbox 296 4377 1807 4451; baseline 0.001 -19"><span class='ocrx_word' id='word_1_314' title='bbox 296 4377 434 4434; x_wconf 87' lang='lat' dir='ltr'><strong>Deus</strong></span> <span class='ocrx_word' id='word_1_315' title='bbox 480 4380 733 4450; x_wconf 74' lang='lat' dir='ltr'><strong>indignius</strong></span> <span class='ocrx_word' id='word_1_316' title='bbox 757 4382 869 4435; x_wconf 81' lang='lat' dir='ltr'><strong>tulit</strong></span> <span class='ocrx_word' id='word_1_317' title='bbox 897 4380 1083 4435; x_wconf 76' lang='lat' dir='ltr'><strong>Christi</strong></span> <span class='ocrx_word' id='word_1_318' title='bbox 1119 4398 1285 4436; x_wconf 80' lang='lat' dir='ltr'><strong>necem</strong></span> <span class='ocrx_word' id='word_1_319' title='bbox 1305 4422 1320 4446; x_wconf 91' lang='lat'><strong>,</strong></span> <span class='ocrx_word' id='word_1_320' title='bbox 1351 4398 1501 4451; x_wconf 85' lang='lat' dir='ltr'><strong>quant</strong></span> <span class='ocrx_word' id='word_1_321' title='bbox 1538 4381 1680 4435; x_wconf 84' lang='lat' dir='ltr'><strong>vituli</strong></span> <span class='ocrx_word' id='word_1_322' title='bbox 1705 4383 1807 4435; x_wconf 71' lang='lat' dir='ltr'><strong>ad.</strong></span> 
     </span>
    </p>
   </div>
   <div class='ocr_carea' id='block_1_46' title="bbox 216 4470 1808 4541">
    <p class='ocr_par' dir='ltr' id='par_1_46' title="bbox 216 4470 1808 4541">
     <span class='ocr_line' id='line_1_46' title="bbox 216 4470 1808 4541; baseline -0.001 -17"><span class='ocrx_word' id='word_1_323' title='bbox 216 4470 744 4538; x_wconf 66' lang='lat' dir='ltr'><strong>orationem—Quin</strong></span> <span class='ocrx_word' id='word_1_324' title='bbox 780 4472 977 4541; x_wconf 82' lang='lat' dir='ltr'><strong>potius,</strong></span> <span class='ocrx_word' id='word_1_325' title='bbox 1011 4482 1066 4526; x_wconf 94' lang='lat' dir='ltr'><strong>ut</strong></span> <span class='ocrx_word' id='word_1_326' title='bbox 1097 4473 1309 4525; x_wconf 86' lang='lat' dir='ltr'><strong>uberius</strong></span> <span class='ocrx_word' id='word_1_327' title='bbox 1337 4472 1661 4541; x_wconf 89' lang='lat' dir='ltr'><strong>impudentia</strong></span> <span class='ocrx_word' id='word_1_328' title='bbox 1693 4473 1808 4525; x_wconf 82' lang='lat' dir='ltr'><strong>illo-</strong></span> 
     </span>
    </p>
   </div>
   <div class='ocr_carea' id='block_1_47' title="bbox 218 4564 1808 4634">
    <p class='ocr_par' dir='ltr' id='par_1_47' title="bbox 218 4564 1808 4634">
     <span class='ocr_line' id='line_1_47' title="bbox 218 4564 1808 4634; baseline 0.002 -19"><span class='ocrx_word' id='word_1_329' title='bbox 218 4579 341 4623; x_wconf 83' lang='lat' dir='ltr'><strong>rum</strong></span> <span class='ocrx_word' id='word_1_330' title='bbox 369 4579 459 4617; x_wconf 91' lang='lat' dir='ltr'><strong>ora</strong></span> <span class='ocrx_word' id='word_1_331' title='bbox 486 4564 793 4618; x_wconf 87' lang='lat' dir='ltr'><strong>claudamus</strong></span> <span class='ocrx_word' id='word_1_332' title='bbox 825 4582 838 4618; x_wconf 89' lang='lat'>:</span> <span class='ocrx_word' id='word_1_333' title='bbox 866 4580 963 4633; x_wconf 87' lang='lat' dir='ltr'><strong>age</strong></span> <span class='ocrx_word' id='word_1_334' title='bbox 992 4573 1045 4619; x_wconf 91' lang='lat' dir='ltr'><strong>et</strong></span> <span class='ocrx_word' id='word_1_335' title='bbox 1086 4564 1185 4619; x_wconf 88' lang='lat' dir='ltr'><strong>hoc</strong></span> <span class='ocrx_word' id='word_1_336' title='bbox 1224 4565 1616 4634; x_wconf 84' lang='lat' dir='ltr'><strong>Seripturarum</strong></span> <span class='ocrx_word' id='word_1_337' title='bbox 1658 4566 1808 4619; x_wconf 67' lang='lat' dir='ltr'><strong>testi-</strong></span> 
     </span>
    </p>
   </div>
   <div class='ocr_carea' id='block_1_48' title="bbox 217 4655 1811 4726">
    <p class='ocr_par' dir='ltr' id='par_1_48' title="bbox 217 4655 1811 4726">
     <span class='ocr_line' id='line_1_48' title="bbox 217 4655 1811 4726; baseline 0.001 -17"><span class='ocrx_word' id='word_1_338' title='bbox 217 4656 417 4710; x_wconf 85' lang='lat' dir='ltr'><strong>moniis</strong></span> <span class='ocrx_word' id='word_1_339' title='bbox 436 4655 882 4724; x_wconf 81' lang='lat' dir='ltr'><strong>demonstremus,</strong></span> <span class='ocrx_word' id='word_1_340' title='bbox 908 4656 1049 4726; x_wconf 92' lang='lat' dir='ltr'><strong>quod</strong></span> <span class='ocrx_word' id='word_1_341' title='bbox 1080 4657 1258 4725; x_wconf 85' lang='lat' dir='ltr'><strong>templi</strong></span> <span class='ocrx_word' id='word_1_342' title='bbox 1285 4658 1492 4711; x_wconf 81' lang='lat' dir='ltr'><strong>eversio</strong></span> <span class='ocrx_word' id='word_1_343' title='bbox 1521 4674 1623 4710; x_wconf 92' lang='lat' dir='ltr'><strong>non</strong></span> <span class='ocrx_word' id='word_1_344' title='bbox 1650 4656 1811 4711; x_wconf 89' lang='lat' dir='ltr'><strong>fuerit</strong></span> 
     </span>
    </p>
   </div>
   <div class='ocr_carea' id='block_1_49' title="bbox 217 4746 1805 4815">
    <p class='ocr_par' dir='ltr' id='par_1_49' title="bbox 217 4746 1805 4815">
     <span class='ocr_line' id='line_1_49' title="bbox 217 4746 1805 4815; baseline 0.001 -16"><span class='ocrx_word' id='word_1_345' title='bbox 217 4760 382 4799; x_wconf 84' lang='lat' dir='ltr'><strong>causa</strong></span> <span class='ocrx_word' id='word_1_346' title='bbox 415 4746 789 4802; x_wconf 90' lang='lat' dir='ltr'><strong>destructionis</strong></span> <span class='ocrx_word' id='word_1_347' title='bbox 816 4758 1127 4801; x_wconf 78' lang='lat' dir='ltr'><strong>ca-terorum</strong></span> <span class='ocrx_word' id='word_1_348' title='bbox 1156 4762 1183 4799; x_wconf 90' lang='lat' dir='ltr'><strong>a</strong></span> <span class='ocrx_word' id='word_1_349' title='bbox 1224 4747 1494 4815; x_wconf 77' lang='lat' dir='ltr'><strong>prophetis</strong></span> <span class='ocrx_word' id='word_1_350' title='bbox 1522 4748 1805 4815; x_wconf 80' lang='lat' dir='ltr'><strong>pr:edict:e,</strong></span> 
     </span>
    </p>
   </div>
   <div class='ocr_carea' id='block_1_50' title="bbox 218 4837 1807 4908">
    <p class='ocr_par' dir='ltr' id='par_1_50' title="bbox 218 4837 1807 4908">
     <span class='ocr_line' id='line_1_50' title="bbox 218 4837 1807 4908; baseline -0.001 -17"><span class='ocrx_word' id='word_1_351' title='bbox 218 4837 318 4891; x_wconf 84' lang='lat' dir='ltr'><strong>sed</strong></span> <span class='ocrx_word' id='word_1_352' title='bbox 348 4837 423 4894; x_wconf 88' lang='lat' dir='ltr'><strong>ira</strong></span> <span class='ocrx_word' id='word_1_353' title='bbox 451 4838 564 4903; x_wconf 89' lang='lat' dir='ltr'><strong>Dei,</strong></span> <span class='ocrx_word' id='word_1_354' title='bbox 594 4846 647 4893; x_wconf 89' lang='lat' dir='ltr'><strong>et</strong></span> <span class='ocrx_word' id='word_1_355' title='bbox 679 4837 819 4908; x_wconf 93' lang='lat' dir='ltr'><strong>quod</strong></span> <span class='ocrx_word' id='word_1_356' title='bbox 851 4838 1018 4907; x_wconf 86' lang='lat' dir='ltr'><strong>magis</strong></span> <span class='ocrx_word' id='word_1_357' title='bbox 1044 4840 1205 4893; x_wconf 88' lang='lat' dir='ltr'><strong>etiam</strong></span> <span class='ocrx_word' id='word_1_358' title='bbox 1238 4837 1407 4905; x_wconf 88' lang='lat' dir='ltr'><strong>ipsum</strong></span> <span class='ocrx_word' id='word_1_359' title='bbox 1440 4837 1693 4890; x_wconf 89' lang='lat' dir='ltr'><strong>irritarint</strong></span> <span class='ocrx_word' id='word_1_360' title='bbox 1726 4838 1807 4890; x_wconf 84' lang='lat' dir='ltr'><strong>iu-</strong></span> 
     </span>
    </p>
   </div>
   <div class='ocr_carea' id='block_1_51' title="bbox 218 4926 1808 4997">
    <p class='ocr_par' dir='ltr' id='par_1_51' title="bbox 218 4926 1808 4997">
     <span class='ocr_line' id='line_1_51' title="bbox 218 4926 1808 4997; baseline -0.001 -17"><span class='ocrx_word' id='word_1_361' title='bbox 218 4928 493 4983; x_wconf 78' lang='lat' dir='ltr'><strong>sanientes</strong></span> <span class='ocrx_word' id='word_1_362' title='bbox 528 4930 580 4983; x_wconf 90' lang='lat' dir='ltr'><strong>in</strong></span> <span class='ocrx_word' id='word_1_363' title='bbox 609 4928 876 4983; x_wconf 90' lang='lat' dir='ltr'><strong>Christum</strong></span> <span class='ocrx_word' id='word_1_364' title='bbox 902 4969 915 4989; x_wconf 87' lang='lat'><strong>,</strong></span> <span class='ocrx_word' id='word_1_365' title='bbox 947 4943 1103 4997; x_wconf 87' lang='lat' dir='ltr'><strong>quam</strong></span> <span class='ocrx_word' id='word_1_366' title='bbox 1153 4938 1261 4979; x_wconf 85' lang='lat' dir='ltr'><strong>tum</strong></span> <span class='ocrx_word' id='word_1_367' title='bbox 1307 4941 1429 4979; x_wconf 89' lang='lat' dir='ltr'><strong>cum</strong></span> <span class='ocrx_word' id='word_1_368' title='bbox 1461 4926 1682 4979; x_wconf 90' lang='lat' dir='ltr'><strong>vitulum</strong></span> <span class='ocrx_word' id='word_1_369' title='bbox 1713 4926 1808 4979; x_wconf 84' lang='lat' dir='ltr'><strong>ad-</strong></span> 
     </span>
    </p>
   </div>
   <div class='ocr_carea' id='block_1_52' title="bbox 216 5018 1805 5086">
    <p class='ocr_par' dir='ltr' id='par_1_52' title="bbox 216 5018 1805 5086">
     <span class='ocr_line' id='line_1_52' title="bbox 216 5018 1805 5086; baseline -0.002 -13"><span class='ocrx_word' id='word_1_370' title='bbox 216 5030 455 5075; x_wconf 85' lang='lat' dir='ltr'><strong>orarent.</strong></span> <span class='ocrx_word' id='word_1_371' title='bbox 485 5019 615 5074; x_wconf 89' lang='lat' dir='ltr'><strong>Nam</strong></span> <span class='ocrx_word' id='word_1_372' title='bbox 644 5034 765 5075; x_wconf 93' lang='lat' dir='ltr'><strong>cum</strong></span> <span class='ocrx_word' id='word_1_373' title='bbox 791 5020 1169 5076; x_wconf 74' lang='lat' dir='ltr'><strong>vaticinaretur</strong></span> <span class='ocrx_word' id='word_1_374' title='bbox 1199 5018 1391 5081; x_wconf 72' lang='lat' dir='ltr'><strong>Muses,</strong></span> <span class='ocrx_word' id='word_1_375' title='bbox 1428 5032 1526 5070; x_wconf 90' lang='lat' dir='ltr'><strong>nec</strong></span> <span class='ocrx_word' id='word_1_376' title='bbox 1554 5018 1805 5086; x_wconf 90' lang='lat' dir='ltr'><strong>templum</strong></span> 
     </span>
    </p>
   </div>
   <div class='ocr_carea' id='block_1_53' title="bbox 218 5109 1811 5180">
    <p class='ocr_par' dir='ltr' id='par_1_53' title="bbox 218 5109 1811 5180">
     <span class='ocr_line' id='line_1_53' title="bbox 218 5109 1811 5180; baseline -0.002 -14"><span class='ocrx_word' id='word_1_377' title='bbox 218 5120 339 5166; x_wconf 82' lang='lat' dir='ltr'><strong>emt</strong></span> <span class='ocrx_word' id='word_1_378' title='bbox 360 5153 375 5178; x_wconf 92' lang='lat'><strong>,</strong></span> <span class='ocrx_word' id='word_1_379' title='bbox 403 5128 504 5166; x_wconf 90' lang='lat' dir='ltr'><strong>nec</strong></span> <span class='ocrx_word' id='word_1_380' title='bbox 532 5112 737 5176; x_wconf 84' lang='lat' dir='ltr'><strong>altare;</strong></span> <span class='ocrx_word' id='word_1_381' title='bbox 764 5111 857 5166; x_wconf 88' lang='lat' dir='ltr'><strong>sed</strong></span> <span class='ocrx_word' id='word_1_382' title='bbox 890 5127 1008 5165; x_wconf 90' lang='lat' dir='ltr'><strong>cum</strong></span> <span class='ocrx_word' id='word_1_383' title='bbox 1040 5111 1388 5180; x_wconf 75' lang='lat' dir='ltr'><strong>persiste-rent</strong></span> <span class='ocrx_word' id='word_1_384' title='bbox 1425 5109 1477 5163; x_wconf 88' lang='lat' dir='ltr'><strong>in</strong></span> <span class='ocrx_word' id='word_1_385' title='bbox 1520 5109 1811 5165; x_wconf 76' lang='lat' dir='ltr'><strong>innumeris</strong></span> 
     </span>
    </p>
   </div>
   <div class='ocr_carea' id='block_1_54' title="bbox 221 5199 1806 5273">
    <p class='ocr_par' dir='ltr' id='par_1_54' title="bbox 221 5199 1806 5273">
     <span class='ocr_line' id='line_1_54' title="bbox 221 5199 1806 5273; baseline -0.004 -16"><span class='ocrx_word' id='word_1_386' title='bbox 221 5203 580 5273; x_wconf 89' lang='lat' dir='ltr'><strong>impietatibus</strong></span> <span class='ocrx_word' id='word_1_387' title='bbox 600 5244 614 5270; x_wconf 85' lang='lat'><strong>,</strong></span> <span class='ocrx_word' id='word_1_388' title='bbox 647 5213 821 5257; x_wconf 91' lang='lat' dir='ltr'><strong>tamen</strong></span> <span class='ocrx_word' id='word_1_389' title='bbox 866 5201 1158 5272; x_wconf 72' lang='lat' dir='ltr'><strong>prephetim</strong></span> <span class='ocrx_word' id='word_1_390' title='bbox 1188 5200 1385 5256; x_wconf 91' lang='lat' dir='ltr'><strong>donum</strong></span> <span class='ocrx_word' id='word_1_391' title='bbox 1426 5215 1529 5254; x_wconf 89' lang='lat' dir='ltr'><strong>non</strong></span> <span class='ocrx_word' id='word_1_392' title='bbox 1558 5199 1806 5254; x_wconf 83' lang='lat' dir='ltr'><strong>cessavit.</strong></span> 
     </span>
    </p>
   </div>
   <div class='ocr_carea' id='block_1_55' title="bbox 224 5289 1810 5366">
    <p class='ocr_par' dir='ltr' id='par_1_55' title="bbox 224 5289 1810 5366">
     <span class='ocr_line' id='line_1_55' title="bbox 224 5289 1810 5366; baseline -0.004 -19"><span class='ocrx_word' id='word_1_393' title='bbox 224 5292 425 5350; x_wconf 72' lang='lat' dir='ltr'><strong>Verum</strong></span> <span class='ocrx_word' id='word_1_394' title='bbox 449 5304 505 5348; x_wconf 92' lang='lat' dir='ltr'><strong>et</strong></span> <span class='ocrx_word' id='word_1_395' title='bbox 530 5294 615 5349; x_wconf 93' lang='lat' dir='ltr'><strong>hic</strong></span> <span class='ocrx_word' id='word_1_396' title='bbox 657 5294 770 5363; x_wconf 91' lang='lat' dir='ltr'><strong>ipse</strong></span> <span class='ocrx_word' id='word_1_397' title='bbox 812 5308 1033 5366; x_wconf 85' lang='lat' dir='ltr'><strong>magnus</strong></span> <span class='ocrx_word' id='word_1_398' title='bbox 1058 5301 1217 5362; x_wconf 89' lang='lat' dir='ltr'><strong>atque</strong></span> <span class='ocrx_word' id='word_1_399' title='bbox 1243 5290 1486 5361; x_wconf 82' lang='lat' dir='ltr'><strong>egregius</strong></span> <span class='ocrx_word' id='word_1_400' title='bbox 1514 5290 1612 5353; x_wconf 90' lang='lat' dir='ltr'><strong>vir,</strong></span> <span class='ocrx_word' id='word_1_401' title='bbox 1642 5298 1697 5344; x_wconf 92' lang='lat' dir='ltr'><strong>et</strong></span> <span class='ocrx_word' id='word_1_402' title='bbox 1720 5289 1810 5343; x_wconf 92' lang='lat' dir='ltr'><strong>alii</strong></span> 
     </span>
    </p>
   </div>
   <div class='ocr_carea' id='block_1_56' title="bbox 222 5382 1814 5455">
    <p class='ocr_par' dir='ltr' id='par_1_56' title="bbox 222 5382 1814 5455">
     <span class='ocr_line' id='line_1_56' title="bbox 222 5382 1814 5455; baseline -0.004 -15"><span class='ocrx_word' id='word_1_403' title='bbox 222 5399 409 5440; x_wconf 84' lang='lat' dir='ltr'><strong>rursus</strong></span> <span class='ocrx_word' id='word_1_404' title='bbox 457 5393 649 5455; x_wconf 72' lang='lat' dir='ltr'><strong>pra-ter</strong></span> <span class='ocrx_word' id='word_1_405' title='bbox 691 5384 831 5439; x_wconf 89' lang='lat' dir='ltr'><strong>hunc</strong></span> <span class='ocrx_word' id='word_1_406' title='bbox 874 5384 1204 5454; x_wconf 79' lang='lat' dir='ltr'><strong>septuaginta</strong></span> <span class='ocrx_word' id='word_1_407' title='bbox 1254 5392 1363 5437; x_wconf 90' lang='lat' dir='ltr'><strong>tum</strong></span> <span class='ocrx_word' id='word_1_408' title='bbox 1397 5382 1648 5437; x_wconf 76' lang='lat' dir='ltr'><strong>exstitere</strong></span> <span class='ocrx_word' id='word_1_409' title='bbox 1692 5396 1814 5451; x_wconf 82' lang='lat' dir='ltr'><strong>pro-</strong></span> 
     </span>
    </p>
   </div>
   <div class='ocr_carea' id='block_1_57' title="bbox 221 5470 1811 5543">
    <p class='ocr_par' dir='ltr' id='par_1_57' title="bbox 221 5470 1811 5543">
     <span class='ocr_line' id='line_1_57' title="bbox 221 5470 1811 5543; baseline -0.005 -13"><span class='ocrx_word' id='word_1_410' title='bbox 221 5483 400 5543; x_wconf 68' lang='lat' dir='ltr'><strong>pheta:</strong></span> <span class='ocrx_word' id='word_1_411' title='bbox 434 5492 447 5527; x_wconf 91' lang='lat'>:</span> <span class='ocrx_word' id='word_1_412' title='bbox 480 5490 577 5528; x_wconf 90' lang='lat' dir='ltr'><strong>nec</strong></span> <span class='ocrx_word' id='word_1_413' title='bbox 605 5474 657 5529; x_wconf 90' lang='lat' dir='ltr'><strong>id</strong></span> <span class='ocrx_word' id='word_1_414' title='bbox 686 5474 857 5527; x_wconf 90' lang='lat' dir='ltr'><strong>solum</strong></span> <span class='ocrx_word' id='word_1_415' title='bbox 880 5514 895 5538; x_wconf 93' lang='lat'><strong>,</strong></span> <span class='ocrx_word' id='word_1_416' title='bbox 925 5489 1105 5527; x_wconf 92' lang='lat' dir='ltr'><strong>verum</strong></span> <span class='ocrx_word' id='word_1_417' title='bbox 1132 5481 1186 5526; x_wconf 92' lang='lat' dir='ltr'><strong>et</strong></span> <span class='ocrx_word' id='word_1_418' title='bbox 1212 5482 1329 5541; x_wconf 88' lang='lat' dir='ltr'><strong>post</strong></span> <span class='ocrx_word' id='word_1_419' title='bbox 1352 5471 1531 5525; x_wconf 89' lang='lat' dir='ltr'><strong>datum</strong></span> <span class='ocrx_word' id='word_1_420' title='bbox 1560 5470 1811 5539; x_wconf 80' lang='lat' dir='ltr'><strong>templum</strong></span> 
     </span>
    </p>
   </div>
   <div class='ocr_carea' id='block_1_58' title="bbox 224 5563 1816 5635">
    <p class='ocr_par' dir='ltr' id='par_1_58' title="bbox 224 5563 1816 5635">
     <span class='ocr_line' id='line_1_58' title="bbox 224 5563 1816 5635; baseline -0.004 -14"><span class='ocrx_word' id='word_1_421' title='bbox 224 5564 587 5635; x_wconf 83' lang='lat' dir='ltr'><strong>reliquamque</strong></span> <span class='ocrx_word' id='word_1_422' title='bbox 613 5572 777 5619; x_wconf 92' lang='lat' dir='ltr'><strong>totam</strong></span> <span class='ocrx_word' id='word_1_423' title='bbox 801 5564 1082 5631; x_wconf 88' lang='lat' dir='ltr'><strong>culturam,</strong></span> <span class='ocrx_word' id='word_1_424' title='bbox 1105 5563 1296 5618; x_wconf 82' lang='lat' dir='ltr'><strong>deinde</strong></span> <span class='ocrx_word' id='word_1_425' title='bbox 1320 5564 1420 5616; x_wconf 91' lang='lat' dir='ltr'><strong>hoc</strong></span> <span class='ocrx_word' id='word_1_426' title='bbox 1445 5563 1661 5615; x_wconf 90' lang='lat' dir='ltr'><strong>incenso</strong></span> <span class='ocrx_word' id='word_1_427' title='bbox 1686 5576 1816 5615; x_wconf 80' lang='lat' dir='ltr'><strong>eun-</strong></span> 
     </span>
    </p>
   </div>
   <div class='ocr_carea' id='block_1_59' title="bbox 225 5653 1815 5727">
    <p class='ocr_par' dir='ltr' id='par_1_59' title="bbox 225 5653 1815 5727">
     <span class='ocr_line' id='line_1_59' title="bbox 225 5653 1815 5727; baseline -0.002 -17"><span class='ocrx_word' id='word_1_428' title='bbox 225 5657 431 5727; x_wconf 89' lang='lat' dir='ltr'><strong>ctisque</strong></span> <span class='ocrx_word' id='word_1_429' title='bbox 460 5656 705 5724; x_wconf 79' lang='lat' dir='ltr'><strong>sublatis,</strong></span> <span class='ocrx_word' id='word_1_430' title='bbox 738 5656 790 5711; x_wconf 92' lang='lat' dir='ltr'><strong>iu</strong></span> <span class='ocrx_word' id='word_1_431' title='bbox 821 5655 1092 5726; x_wconf 86' lang='lat' dir='ltr'><strong>Babylone</strong></span> <span class='ocrx_word' id='word_1_432' title='bbox 1123 5671 1305 5709; x_wconf 90' lang='lat' dir='ltr'><strong>rursus</strong></span> <span class='ocrx_word' id='word_1_433' title='bbox 1335 5654 1654 5709; x_wconf 86' lang='lat' dir='ltr'><strong>exstiterunt</strong></span> <span class='ocrx_word' id='word_1_434' title='bbox 1679 5653 1815 5707; x_wconf 83' lang='lat' dir='ltr'><strong>Eze-</strong></span> 
     </span>
    </p>
   </div>
   <div class='ocr_carea' id='block_1_60' title="bbox 227 5743 1822 5820">
    <p class='ocr_par' dir='ltr' id='par_1_60' title="bbox 227 5743 1822 5820">
     <span class='ocr_line' id='line_1_60' title="bbox 227 5743 1822 5820; baseline 0.001 -19"><span class='ocrx_word' id='word_1_435' title='bbox 227 5766 244 5801; x_wconf 78' lang='grc' dir='ltr'>ι</span> <span class='ocrx_word' id='word_1_436' title='bbox 261 5746 365 5803; x_wconf 86' lang='lat' dir='ltr'><strong>hiel</strong></span> <span class='ocrx_word' id='word_1_437' title='bbox 394 5757 444 5803; x_wconf 88' lang='lat' dir='ltr'><strong>et</strong></span> <span class='ocrx_word' id='word_1_438' title='bbox 473 5746 679 5819; x_wconf 89' lang='lat' dir='ltr'><strong>Daniel,</strong></span> <span class='ocrx_word' id='word_1_439' title='bbox 704 5750 791 5820; x_wconf 89' lang='lat' dir='ltr'><strong>qui</strong></span> <span class='ocrx_word' id='word_1_440' title='bbox 818 5763 937 5804; x_wconf 87' lang='lat' dir='ltr'><strong>cum</strong></span> <span class='ocrx_word' id='word_1_441' title='bbox 965 5763 1063 5803; x_wconf 83' lang='lat' dir='ltr'><strong>nec</strong></span> <span class='ocrx_word' id='word_1_442' title='bbox 1090 5755 1269 5803; x_wconf 84' lang='lat' dir='ltr'><strong>sancta</strong></span> <span class='ocrx_word' id='word_1_443' title='bbox 1296 5755 1601 5802; x_wconf 87' lang='lat' dir='ltr'><strong>sanctorum</strong></span> <span class='ocrx_word' id='word_1_444' title='bbox 1622 5743 1822 5816; x_wconf 72' lang='lat' dir='ltr'><strong>aspice-</strong></span> 
     </span>
    </p>
   </div>
   <div class='ocr_carea' id='block_1_61' title="bbox 1448 353 2281 413">
    <p class='ocr_par' dir='ltr' id='par_1_61' title="bbox 1448 353 2281 413">
     <span class='ocr_line' id='line_1_61' title="bbox 1448 353 2281 413; baseline -0.005 0"><span class='ocrx_word' id='word_1_445' title='bbox 1448 353 1811 413; x_wconf 67' lang='lat' dir='ltr'><strong>ADVERSL&#39;S</strong></span> <span class='ocrx_word' id='word_1_446' title='bbox 1848 353 2149 412; x_wconf 58' lang='lat' dir='ltr'><strong>JUDIEOS.</strong></span> <span class='ocrx_word' id='word_1_447' title='bbox 2196 356 2281 410; x_wconf 75' lang='lat' dir='ltr'><strong>Vl.</strong></span> 
     </span>
    </p>
   </div>
   <div class='ocr_carea' id='block_1_62' title="bbox 3414 379 3518 435">
    <p class='ocr_par' dir='ltr' id='par_1_62' title="bbox 3414 379 3518 435">
     <span class='ocr_line' id='line_1_62' title="bbox 3414 379 3518 435; baseline -0.038 -1"><span class='ocrx_word' id='word_1_448' title='bbox 3414 379 3518 435; x_wconf 78' lang='lat' dir='ltr'><strong>om</strong></span> 
     </span>
    </p>
   </div>
   <div class='ocr_carea' id='block_1_63' title="bbox 1932 470 3511 543">
    <p class='ocr_par' dir='ltr' id='par_1_63' title="bbox 1932 470 3511 543">
     <span class='ocr_line' id='line_1_63' title="bbox 1932 470 3511 543; baseline 0.009 -20"><span class='ocrx_word' id='word_1_449' title='bbox 1932 477 2073 532; x_wconf 87' lang='lat' dir='ltr'><strong>rent,</strong></span> <span class='ocrx_word' id='word_1_450' title='bbox 2102 484 2199 523; x_wconf 88' lang='lat' dir='ltr'><strong>nec</strong></span> <span class='ocrx_word' id='word_1_451' title='bbox 2225 470 2377 525; x_wconf 89' lang='lat' dir='ltr'><strong>altari</strong></span> <span class='ocrx_word' id='word_1_452' title='bbox 2409 472 2738 541; x_wconf 73' lang='lat' dir='ltr'><strong>assisterent,</strong></span> <span class='ocrx_word' id='word_1_453' title='bbox 2766 476 2860 532; x_wconf 87' lang='lat' dir='ltr'><strong>sed</strong></span> <span class='ocrx_word' id='word_1_454' title='bbox 2888 477 2938 531; x_wconf 90' lang='lat' dir='ltr'><strong>in</strong></span> <span class='ocrx_word' id='word_1_455' title='bbox 2971 476 3140 535; x_wconf 84' lang='lat' dir='ltr'><strong>media</strong></span> <span class='ocrx_word' id='word_1_456' title='bbox 3167 478 3511 543; x_wconf 79' lang='lat' dir='ltr'><strong>barbarorum</strong></span> 
     </span>
    </p>
   </div>
   <div class='ocr_carea' id='block_1_64' title="bbox 1933 559 3519 642">
    <p class='ocr_par' dir='ltr' id='par_1_64' title="bbox 1933 559 3519 642">
     <span class='ocr_line' id='line_1_64' title="bbox 1933 559 3519 642; baseline 0.009 -28"><span class='ocrx_word' id='word_1_457' title='bbox 1933 559 2150 629; x_wconf 81' lang='lat' dir='ltr'><strong>regione</strong></span> <span class='ocrx_word' id='word_1_458' title='bbox 2178 569 2233 615; x_wconf 90' lang='lat' dir='ltr'><strong>et</strong></span> <span class='ocrx_word' id='word_1_459' title='bbox 2263 562 2591 633; x_wconf 87' lang='lat' dir='ltr'><strong>impurorum</strong></span> <span class='ocrx_word' id='word_1_460' title='bbox 2634 564 2907 621; x_wconf 85' lang='lat' dir='ltr'><strong>hominum</strong></span> <span class='ocrx_word' id='word_1_461' title='bbox 2951 573 3222 625; x_wconf 90' lang='lat' dir='ltr'><strong>consortio</strong></span> <span class='ocrx_word' id='word_1_462' title='bbox 3260 587 3475 642; x_wconf 84' lang='lat' dir='ltr'><strong>agerent</strong></span> <span class='ocrx_word' id='word_1_463' title='bbox 3506 616 3519 641; x_wconf 92' lang='lat'><strong>,</strong></span> 
     </span>
    </p>
   </div>
   <div class='ocr_carea' id='block_1_65' title="bbox 1932 646 3515 730">
    <p class='ocr_par' dir='ltr' id='par_1_65' title="bbox 1932 646 3515 730">
     <span class='ocr_line' id='line_1_65' title="bbox 1932 646 3515 730; baseline 0.011 -29"><span class='ocrx_word' id='word_1_464' title='bbox 1932 646 2118 718; x_wconf 90' lang='lat' dir='ltr'><strong>spiritu</strong></span> <span class='ocrx_word' id='word_1_465' title='bbox 2161 652 2345 720; x_wconf 89' lang='lat' dir='ltr'><strong>repleti</strong></span> <span class='ocrx_word' id='word_1_466' title='bbox 2395 652 2567 707; x_wconf 91' lang='lat' dir='ltr'><strong>futura</strong></span> <span class='ocrx_word' id='word_1_467' title='bbox 2615 655 3004 724; x_wconf 73' lang='lat' dir='ltr'><strong>prtedicebaut,</strong></span> <span class='ocrx_word' id='word_1_468' title='bbox 3048 660 3203 730; x_wconf 93' lang='lat' dir='ltr'><strong>idque</strong></span> <span class='ocrx_word' id='word_1_469' title='bbox 3240 662 3308 717; x_wconf 90' lang='lat' dir='ltr'><strong>de</strong></span> <span class='ocrx_word' id='word_1_470' title='bbox 3356 665 3515 718; x_wconf 83' lang='lat' dir='ltr'><strong>rebus</strong></span> 
     </span>
    </p>
   </div>
   <div class='ocr_carea' id='block_1_66' title="bbox 1932 738 3513 821">
    <p class='ocr_par' dir='ltr' id='par_1_66' title="bbox 1932 738 3513 821">
     <span class='ocr_line' id='line_1_66' title="bbox 1932 738 3513 821; baseline 0.009 -30"><span class='ocrx_word' id='word_1_471' title='bbox 1932 738 2100 793; x_wconf 93' lang='lat' dir='ltr'><strong>multo</strong></span> <span class='ocrx_word' id='word_1_472' title='bbox 2127 749 2235 794; x_wconf 90' lang='lat' dir='ltr'><strong>tum</strong></span> <span class='ocrx_word' id='word_1_473' title='bbox 2269 741 2503 809; x_wconf 88' lang='lat' dir='ltr'><strong>pluribus</strong></span> <span class='ocrx_word' id='word_1_474' title='bbox 2523 784 2539 807; x_wconf 92' lang='lat'><strong>,</strong></span> <span class='ocrx_word' id='word_1_475' title='bbox 2572 752 2680 797; x_wconf 89' lang='lat' dir='ltr'><strong>tum</strong></span> <span class='ocrx_word' id='word_1_476' title='bbox 2708 745 3187 804; x_wconf 88' lang='lat' dir='ltr'><strong>admirabilioribus</strong></span> <span class='ocrx_word' id='word_1_477' title='bbox 3211 768 3369 821; x_wconf 91' lang='lat' dir='ltr'><strong>quam</strong></span> <span class='ocrx_word' id='word_1_478' title='bbox 3398 771 3513 820; x_wconf 74' lang='lat' dir='ltr'><strong>qtt:t&#39;</strong></span> 
     </span>
    </p>
   </div>
   <div class='ocr_carea' id='block_1_67' title="bbox 1931 834 3545 912">
    <p class='ocr_par' dir='ltr' id='par_1_67' title="bbox 1931 834 3545 912">
     <span class='ocr_line' id='line_1_67' title="bbox 1931 834 3545 912; baseline 0.009 -28"><span class='ocrx_word' id='word_1_479' title='bbox 1931 842 2317 901; x_wconf 55' lang='lat' dir='ltr'><strong>praecesserant</strong></span> <span class='ocrx_word' id='word_1_480' title='bbox 2346 851 2359 886; x_wconf 89' lang='lat'>:</span> <span class='ocrx_word' id='word_1_481' title='bbox 2392 850 2455 889; x_wconf 89' lang='lat' dir='ltr'><strong>ac</strong></span> <span class='ocrx_word' id='word_1_482' title='bbox 2482 834 2713 890; x_wconf 79' lang='lat' dir='ltr'><strong>divinam</strong></span> <span class='ocrx_word' id='word_1_483' title='bbox 2746 838 3001 894; x_wconf 78' lang='lat' dir='ltr'><strong>visionem</strong></span> <span class='ocrx_word' id='word_1_484' title='bbox 3030 842 3291 905; x_wconf 88' lang='lat' dir='ltr'><strong>viderunt,</strong></span> <span class='ocrx_word' id='word_1_485' title='bbox 3322 855 3508 912; x_wconf 90' lang='lat' dir='ltr'><strong>quate-</strong></span> <span class='ocrx_word' id='word_1_486' title='bbox 3540 860 3545 863; x_wconf 83' lang='lat'>&#39;</span> 
     </span>
    </p>
   </div>
   <div class='ocr_carea' id='block_1_68' title="bbox 1930 924 3512 1002">
    <p class='ocr_par' dir='ltr' id='par_1_68' title="bbox 1930 924 3512 1002">
     <span class='ocr_line' id='line_1_68' title="bbox 1930 924 3512 1002; baseline 0.008 -26"><span class='ocrx_word' id='word_1_487' title='bbox 1930 939 2029 977; x_wconf 89' lang='lat' dir='ltr'><strong>nus</strong></span> <span class='ocrx_word' id='word_1_488' title='bbox 2057 924 2185 993; x_wconf 88' lang='lat' dir='ltr'><strong>ipsis</strong></span> <span class='ocrx_word' id='word_1_489' title='bbox 2210 926 2391 979; x_wconf 90' lang='lat' dir='ltr'><strong>videre</strong></span> <span class='ocrx_word' id='word_1_490' title='bbox 2428 927 2593 980; x_wconf 90' lang='lat' dir='ltr'><strong>licuit.</strong></span> <span class='ocrx_word' id='word_1_491' title='bbox 2639 927 2817 997; x_wconf 90' lang='lat' dir='ltr'><strong>Itaque</strong></span> <span class='ocrx_word' id='word_1_492' title='bbox 2842 930 3001 985; x_wconf 89' lang='lat' dir='ltr'><strong>dicite</strong></span> <span class='ocrx_word' id='word_1_493' title='bbox 3030 932 3157 986; x_wconf 89' lang='lat' dir='ltr'><strong>mihi</strong></span> <span class='ocrx_word' id='word_1_494' title='bbox 3177 973 3191 997; x_wconf 94' lang='lat'><strong>,</strong></span> <span class='ocrx_word' id='word_1_495' title='bbox 3218 948 3380 1002; x_wconf 89' lang='lat' dir='ltr'><strong>quare</strong></span> <span class='ocrx_word' id='word_1_496' title='bbox 3409 951 3512 989; x_wconf 91' lang='lat' dir='ltr'><strong>non</strong></span> 
     </span>
    </p>
   </div>
   <div class='ocr_carea' id='block_1_69' title="bbox 1930 1014 3513 1091">
    <p class='ocr_par' dir='ltr' id='par_1_69' title="bbox 1930 1014 3513 1091">
     <span class='ocr_line' id='line_1_69' title="bbox 1930 1014 3513 1091; baseline 0.006 -24"><span class='ocrx_word' id='word_1_497' title='bbox 1930 1014 2136 1069; x_wconf 88' lang='lat' dir='ltr'><strong>habetis</strong></span> <span class='ocrx_word' id='word_1_498' title='bbox 2166 1032 2304 1069; x_wconf 92' lang='lat' dir='ltr'><strong>nunc</strong></span> <span class='ocrx_word' id='word_1_499' title='bbox 2334 1018 2655 1086; x_wconf 87' lang='lat' dir='ltr'><strong>prophetas?</strong></span> <span class='ocrx_word' id='word_1_500' title='bbox 2686 1022 2873 1074; x_wconf 85' lang='lat' dir='ltr'><strong>Annon</strong></span> <span class='ocrx_word' id='word_1_501' title='bbox 2899 1023 3238 1091; x_wconf 88' lang='lat' dir='ltr'><strong>perspicuum</strong></span> <span class='ocrx_word' id='word_1_502' title='bbox 3267 1035 3348 1077; x_wconf 91' lang='lat' dir='ltr'><strong>est</strong></span> <span class='ocrx_word' id='word_1_503' title='bbox 3379 1024 3513 1077; x_wconf 89' lang='lat' dir='ltr'><strong>hanc</strong></span> 
     </span>
    </p>
   </div>
   <div class='ocr_carea' id='block_1_70' title="bbox 1927 1111 3509 1178">
    <p class='ocr_par' dir='ltr' id='par_1_70' title="bbox 1927 1111 3509 1178">
     <span class='ocr_line' id='line_1_70' title="bbox 1927 1111 3509 1178; baseline 0.007 -19"><span class='ocrx_word' id='word_1_504' title='bbox 1927 1120 2046 1160; x_wconf 83' lang='lat' dir='ltr'><strong>esse</strong></span> <span class='ocrx_word' id='word_1_505' title='bbox 2094 1122 2346 1171; x_wconf 90' lang='lat' dir='ltr'><strong>causam,</strong></span> <span class='ocrx_word' id='word_1_506' title='bbox 2388 1111 2527 1178; x_wconf 92' lang='lat' dir='ltr'><strong>quod</strong></span> <span class='ocrx_word' id='word_1_507' title='bbox 2572 1111 2708 1165; x_wconf 91' lang='lat' dir='ltr'><strong>Deus</strong></span> <span class='ocrx_word' id='word_1_508' title='bbox 2746 1124 2915 1167; x_wconf 85' lang='lat' dir='ltr'><strong>vestra</strong></span> <span class='ocrx_word' id='word_1_509' title='bbox 2954 1126 3230 1169; x_wconf 85' lang='lat' dir='ltr'><strong>aversatus</strong></span> <span class='ocrx_word' id='word_1_510' title='bbox 3269 1116 3376 1168; x_wconf 90' lang='lat' dir='ltr'><strong>sit?</strong></span> <span class='ocrx_word' id='word_1_511' title='bbox 3407 1118 3509 1170; x_wconf 78' lang='lat' dir='ltr'><strong>Sed</strong></span> 
     </span>
    </p>
   </div>
   <div class='ocr_carea' id='block_1_71' title="bbox 1926 1198 3511 1264">
    <p class='ocr_par' dir='ltr' id='par_1_71' title="bbox 1926 1198 3511 1264">
     <span class='ocr_line' id='line_1_71' title="bbox 1926 1198 3511 1264; baseline 0.007 -16"><span class='ocrx_word' id='word_1_512' title='bbox 1926 1209 2086 1264; x_wconf 88' lang='lat' dir='ltr'><strong>quam</strong></span> <span class='ocrx_word' id='word_1_513' title='bbox 2115 1198 2185 1251; x_wconf 93' lang='lat' dir='ltr'><strong>ob</strong></span> <span class='ocrx_word' id='word_1_514' title='bbox 2218 1213 2432 1253; x_wconf 90' lang='lat' dir='ltr'><strong>causam</strong></span> <span class='ocrx_word' id='word_1_515' title='bbox 2465 1215 2558 1254; x_wconf 87' lang='lat' dir='ltr'><strong>vos</strong></span> <span class='ocrx_word' id='word_1_516' title='bbox 2592 1210 2864 1257; x_wconf 85' lang='lat' dir='ltr'><strong>aversatus</strong></span> <span class='ocrx_word' id='word_1_517' title='bbox 2901 1204 3017 1258; x_wconf 88' lang='lat' dir='ltr'><strong>est?</strong></span> <span class='ocrx_word' id='word_1_518' title='bbox 3050 1204 3262 1258; x_wconf 80' lang='lat' dir='ltr'><strong>Clarum</strong></span> <span class='ocrx_word' id='word_1_519' title='bbox 3303 1206 3426 1259; x_wconf 85' lang='lat' dir='ltr'><strong>item</strong></span> <span class='ocrx_word' id='word_1_520' title='bbox 3459 1218 3511 1259; x_wconf 85' lang='lat' dir='ltr'><strong>et</strong></span> 
     </span>
    </p>
   </div>
   <div class='ocr_carea' id='block_1_72' title="bbox 1926 1285 3500 1363">
    <p class='ocr_par' dir='ltr' id='par_1_72' title="bbox 1926 1285 3500 1363">
     <span class='ocr_line' id='line_1_72' title="bbox 1926 1285 3500 1363; baseline 0.006 -23"><span class='ocrx_word' id='word_1_521' title='bbox 1926 1285 2028 1341; x_wconf 91' lang='lat' dir='ltr'><strong>hoc</strong></span> <span class='ocrx_word' id='word_1_522' title='bbox 2047 1329 2061 1351; x_wconf 90' lang='lat'><strong>,</strong></span> <span class='ocrx_word' id='word_1_523' title='bbox 2089 1289 2230 1358; x_wconf 91' lang='lat' dir='ltr'><strong>quod</strong></span> <span class='ocrx_word' id='word_1_524' title='bbox 2260 1289 2328 1344; x_wconf 92' lang='lat' dir='ltr'><strong>ob</strong></span> <span class='ocrx_word' id='word_1_525' title='bbox 2355 1290 2500 1345; x_wconf 91' lang='lat' dir='ltr'><strong>illum</strong></span> <span class='ocrx_word' id='word_1_526' title='bbox 2525 1292 2837 1346; x_wconf 88' lang='lat' dir='ltr'><strong>crucifixum</strong></span> <span class='ocrx_word' id='word_1_527' title='bbox 2860 1334 2875 1356; x_wconf 91' lang='lat'><strong>,</strong></span> <span class='ocrx_word' id='word_1_528' title='bbox 2903 1303 2956 1348; x_wconf 89' lang='lat' dir='ltr'><strong>et</strong></span> <span class='ocrx_word' id='word_1_529' title='bbox 2987 1295 3202 1363; x_wconf 87' lang='lat' dir='ltr'><strong>impitun</strong></span> <span class='ocrx_word' id='word_1_530' title='bbox 3233 1297 3357 1349; x_wconf 90' lang='lat' dir='ltr'><strong>illud</strong></span> <span class='ocrx_word' id='word_1_531' title='bbox 3388 1298 3500 1350; x_wconf 89' lang='lat' dir='ltr'><strong>faci-</strong></span> 
     </span>
    </p>
   </div>
   <div class='ocr_carea' id='block_1_73' title="bbox 1925 1378 3511 1453">
    <p class='ocr_par' dir='ltr' id='par_1_73' title="bbox 1925 1378 3511 1453">
     <span class='ocr_line' id='line_1_73' title="bbox 1925 1378 3511 1453; baseline 0.004 -22"><span class='ocrx_word' id='word_1_532' title='bbox 1925 1394 2044 1433; x_wconf 91' lang='lat' dir='ltr'><strong>nus.</strong></span> <span class='ocrx_word' id='word_1_533' title='bbox 2076 1378 2225 1434; x_wconf 89' lang='lat' dir='ltr'><strong>Unde</strong></span> <span class='ocrx_word' id='word_1_534' title='bbox 2252 1381 2354 1435; x_wconf 90' lang='lat' dir='ltr'><strong>hoc</strong></span> <span class='ocrx_word' id='word_1_535' title='bbox 2385 1383 2566 1451; x_wconf 89' lang='lat' dir='ltr'><strong>liquet,</strong></span> <span class='ocrx_word' id='word_1_536' title='bbox 2598 1382 2806 1451; x_wconf 88' lang='lat' dir='ltr'><strong>inquis?</strong></span> <span class='ocrx_word' id='word_1_537' title='bbox 2833 1383 2911 1437; x_wconf 85' lang='lat' dir='ltr'><strong>Ex</strong></span> <span class='ocrx_word' id='word_1_538' title='bbox 2949 1383 3067 1448; x_wconf 89' lang='lat' dir='ltr'><strong>hoc,</strong></span> <span class='ocrx_word' id='word_1_539' title='bbox 3099 1384 3237 1453; x_wconf 90' lang='lat' dir='ltr'><strong>quod</strong></span> <span class='ocrx_word' id='word_1_540' title='bbox 3264 1401 3383 1439; x_wconf 91' lang='lat' dir='ltr'><strong>cum</strong></span> <span class='ocrx_word' id='word_1_541' title='bbox 3414 1401 3511 1438; x_wconf 87' lang='lat' dir='ltr'><strong>an-</strong></span> 
     </span>
    </p>
   </div>
   <div class='ocr_carea' id='block_1_74' title="bbox 1925 1471 3512 1541">
    <p class='ocr_par' dir='ltr' id='par_1_74' title="bbox 1925 1471 3512 1541">
     <span class='ocr_line' id='line_1_74' title="bbox 1925 1471 3512 1541; baseline 0.006 -19"><span class='ocrx_word' id='word_1_542' title='bbox 1925 1473 2079 1525; x_wconf 90' lang='lat' dir='ltr'><strong>tehac</strong></span> <span class='ocrx_word' id='word_1_543' title='bbox 2121 1471 2282 1541; x_wconf 88' lang='lat' dir='ltr'><strong>impie</strong></span> <span class='ocrx_word' id='word_1_544' title='bbox 2324 1473 2605 1537; x_wconf 83' lang='lat' dir='ltr'><strong>viveretis,</strong></span> <span class='ocrx_word' id='word_1_545' title='bbox 2647 1474 2776 1527; x_wconf 87' lang='lat' dir='ltr'><strong>nihil</strong></span> <span class='ocrx_word' id='word_1_546' title='bbox 2819 1491 2924 1528; x_wconf 92' lang='lat' dir='ltr'><strong>non</strong></span> <span class='ocrx_word' id='word_1_547' title='bbox 2969 1474 3329 1541; x_wconf 89' lang='lat' dir='ltr'><strong>obtinebatis;</strong></span> <span class='ocrx_word' id='word_1_548' title='bbox 3373 1493 3512 1532; x_wconf 90' lang='lat' dir='ltr'><strong>nunc</strong></span> 
     </span>
    </p>
   </div>
   <div class='ocr_carea' id='block_1_75' title="bbox 1924 1564 3507 1636">
    <p class='ocr_par' dir='ltr' id='par_1_75' title="bbox 1924 1564 3507 1636">
     <span class='ocr_line' id='line_1_75' title="bbox 1924 1564 3507 1636; baseline 0.004 -22"><span class='ocrx_word' id='word_1_549' title='bbox 1924 1579 2051 1618; x_wconf 87' lang='lat' dir='ltr'><strong>vero</strong></span> <span class='ocrx_word' id='word_1_550' title='bbox 2079 1579 2200 1617; x_wconf 90' lang='lat' dir='ltr'><strong>cum</strong></span> <span class='ocrx_word' id='word_1_551' title='bbox 2231 1564 2515 1619; x_wconf 89' lang='lat' dir='ltr'><strong>videamini</strong></span> <span class='ocrx_word' id='word_1_552' title='bbox 2556 1565 2850 1621; x_wconf 90' lang='lat' dir='ltr'><strong>modestius</strong></span> <span class='ocrx_word' id='word_1_553' title='bbox 2888 1567 3068 1621; x_wconf 88' lang='lat' dir='ltr'><strong>vivere</strong></span> <span class='ocrx_word' id='word_1_554' title='bbox 3106 1576 3223 1636; x_wconf 88' lang='lat' dir='ltr'><strong>post</strong></span> <span class='ocrx_word' id='word_1_555' title='bbox 3258 1584 3507 1636; x_wconf 88' lang='lat' dir='ltr'><strong>crucem,</strong></span> 
     </span>
    </p>
   </div>
   <div class='ocr_carea' id='block_1_76' title="bbox 1924 1654 3510 1727">
    <p class='ocr_par' dir='ltr' id='par_1_76' title="bbox 1924 1654 3510 1727">
     <span class='ocr_line' id='line_1_76' title="bbox 1924 1654 3510 1727; baseline 0.004 -21"><span class='ocrx_word' id='word_1_556' title='bbox 1924 1654 2152 1721; x_wconf 89' lang='lat' dir='ltr'><strong>majores</strong></span> <span class='ocrx_word' id='word_1_557' title='bbox 2186 1655 2328 1708; x_wconf 90' lang='lat' dir='ltr'><strong>luitis</strong></span> <span class='ocrx_word' id='word_1_558' title='bbox 2356 1670 2560 1724; x_wconf 71' lang='lat' dir='ltr'><strong>pmnas,</strong></span> <span class='ocrx_word' id='word_1_559' title='bbox 2592 1671 2762 1724; x_wconf 87' lang='lat' dir='ltr'><strong>neque</strong></span> <span class='ocrx_word' id='word_1_560' title='bbox 2792 1656 3073 1727; x_wconf 87' lang='lat' dir='ltr'><strong>quidquam</strong></span> <span class='ocrx_word' id='word_1_561' title='bbox 3095 1672 3277 1711; x_wconf 91' lang='lat' dir='ltr'><strong>eorum</strong></span> <span class='ocrx_word' id='word_1_562' title='bbox 3299 1659 3510 1713; x_wconf 82' lang='lat' dir='ltr'><strong>coutin-</strong></span> 
     </span>
    </p>
   </div>
   <div class='ocr_carea' id='block_1_77' title="bbox 1920 1742 2883 1813">
    <p class='ocr_par' dir='ltr' id='par_1_77' title="bbox 1920 1742 2883 1813">
     <span class='ocr_line' id='line_1_77' title="bbox 1920 1742 2883 1813; baseline 0.004 -19"><span class='ocrx_word' id='word_1_563' title='bbox 1920 1743 1996 1812; x_wconf 82' lang='lat' dir='ltr'><strong>git</strong></span> <span class='ocrx_word' id='word_1_564' title='bbox 2024 1742 2238 1808; x_wconf 85' lang='lat' dir='ltr'><strong>habere,</strong></span> <span class='ocrx_word' id='word_1_565' title='bbox 2266 1761 2383 1813; x_wconf 74' lang='lat' dir='ltr'><strong>qua:</strong></span> <span class='ocrx_word' id='word_1_566' title='bbox 2412 1746 2558 1813; x_wconf 90' lang='lat' dir='ltr'><strong>prius</strong></span> <span class='ocrx_word' id='word_1_567' title='bbox 2589 1746 2883 1800; x_wconf 85' lang='lat' dir='ltr'><strong>habebatis.</strong></span> 
     </span>
    </p>
   </div>
   <div class='ocr_carea' id='block_1_78' title="bbox 1991 1833 3507 1906">
    <p class='ocr_par' dir='ltr' id='par_1_78' title="bbox 1991 1833 3507 1906">
     <span class='ocr_line' id='line_1_78' title="bbox 1991 1833 3507 1906; baseline 0.003 -19"><span class='ocrx_word' id='word_1_568' title='bbox 1991 1834 2042 1887; x_wconf 83' lang='lat'><strong>5.</strong></span> <span class='ocrx_word' id='word_1_569' title='bbox 2090 1833 2171 1887; x_wconf 74' lang='lat' dir='ltr'><strong>Ex</strong></span> <span class='ocrx_word' id='word_1_570' title='bbox 2207 1836 2461 1904; x_wconf 80' lang='lat' dir='ltr'><strong>prophetis</strong></span> <span class='ocrx_word' id='word_1_571' title='bbox 2500 1836 2741 1905; x_wconf 80' lang='lat' dir='ltr'><strong>probatur</strong></span> <span class='ocrx_word' id='word_1_572' title='bbox 2773 1839 2946 1906; x_wconf 76' lang='lat' dir='ltr'><strong>futura</strong></span> <span class='ocrx_word' id='word_1_573' title='bbox 2978 1835 3261 1906; x_wconf 80' lang='lat' dir='ltr'><strong>reprobatio</strong></span> <span class='ocrx_word' id='word_1_574' title='bbox 3296 1838 3507 1892; x_wconf 66' lang='lat' dir='ltr'><strong>Jnduro-</strong></span> 
     </span>
    </p>
   </div>
   <div class='ocr_carea' id='block_1_79' title="bbox 1918 1925 3507 1997">
    <p class='ocr_par' dir='ltr' id='par_1_79' title="bbox 1918 1925 3507 1997">
     <span class='ocr_line' id='line_1_79' title="bbox 1918 1925 3507 1997; baseline 0.006 -20"><span class='ocrx_word' id='word_1_575' title='bbox 1918 1941 2053 1977; x_wconf 89' lang='lat' dir='ltr'><strong>rum.</strong></span> <span class='ocrx_word' id='word_1_576' title='bbox 2078 1957 2152 1965; x_wconf 96' lang='lat'><strong>—</strong></span> <span class='ocrx_word' id='word_1_577' title='bbox 2178 1925 2245 1981; x_wconf 91' lang='lat' dir='ltr'><strong>Ut</strong></span> <span class='ocrx_word' id='word_1_578' title='bbox 2272 1936 2447 1981; x_wconf 91' lang='lat' dir='ltr'><strong>autem</strong></span> <span class='ocrx_word' id='word_1_579' title='bbox 2470 1938 2523 1981; x_wconf 89' lang='lat' dir='ltr'><strong>et</strong></span> <span class='ocrx_word' id='word_1_580' title='bbox 2554 1928 2677 1996; x_wconf 91' lang='lat' dir='ltr'><strong>ipsis</strong></span> <span class='ocrx_word' id='word_1_581' title='bbox 2707 1928 2985 1997; x_wconf 83' lang='lat' dir='ltr'><strong>prophetis</strong></span> <span class='ocrx_word' id='word_1_582' title='bbox 3022 1929 3122 1983; x_wconf 93' lang='lat' dir='ltr'><strong>hoc</strong></span> <span class='ocrx_word' id='word_1_583' title='bbox 3151 1930 3426 1985; x_wconf 89' lang='lat' dir='ltr'><strong>evidenter</strong></span> <span class='ocrx_word' id='word_1_584' title='bbox 3452 1941 3507 1986; x_wconf 90' lang='lat' dir='ltr'><strong>et</strong></span> 
     </span>
    </p>
   </div>
   <div class='ocr_carea' id='block_1_80' title="bbox 1917 2017 3504 2088">
    <p class='ocr_par' dir='ltr' id='par_1_80' title="bbox 1917 2017 3504 2088">
     <span class='ocr_line' id='line_1_80' title="bbox 1917 2017 3504 2088; baseline 0.003 -18"><span class='ocrx_word' id='word_1_585' title='bbox 1917 2031 2170 2086; x_wconf 80' lang='lat' dir='ltr'><strong>expresse</strong></span> <span class='ocrx_word' id='word_1_586' title='bbox 2193 2017 2613 2084; x_wconf 88' lang='lat' dir='ltr'><strong>testiﬁcantibus,</strong></span> <span class='ocrx_word' id='word_1_587' title='bbox 2645 2020 2981 2088; x_wconf 74' lang='lat' dir='ltr'><strong>prmsentium</strong></span> <span class='ocrx_word' id='word_1_588' title='bbox 3007 2022 3265 2075; x_wconf 89' lang='lat' dir='ltr'><strong>malormn</strong></span> <span class='ocrx_word' id='word_1_589' title='bbox 3291 2036 3504 2075; x_wconf 88' lang='lat' dir='ltr'><strong>causam</strong></span> 
     </span>
    </p>
   </div>
   <div class='ocr_carea' id='block_1_81' title="bbox 1919 2110 3502 2182">
    <p class='ocr_par' dir='ltr' id='par_1_81' title="bbox 1919 2110 3502 2182">
     <span class='ocr_line' id='line_1_81' title="bbox 1919 2110 3502 2182; baseline 0.003 -19"><span class='ocrx_word' id='word_1_590' title='bbox 1919 2110 2251 2179; x_wconf 84' lang='lat' dir='ltr'><strong>intelligatis,</strong></span> <span class='ocrx_word' id='word_1_591' title='bbox 2279 2110 2456 2164; x_wconf 88' lang='lat' dir='ltr'><strong>audite</strong></span> <span class='ocrx_word' id='word_1_592' title='bbox 2483 2111 2606 2180; x_wconf 92' lang='lat' dir='ltr'><strong>quid</strong></span> <span class='ocrx_word' id='word_1_593' title='bbox 2656 2110 2786 2165; x_wconf 90' lang='lat' dir='ltr'><strong>dicit</strong></span> <span class='ocrx_word' id='word_1_594' title='bbox 2832 2110 3025 2178; x_wconf 77' lang='lat' dir='ltr'><strong>Isaias,</strong></span> <span class='ocrx_word' id='word_1_595' title='bbox 3054 2112 3321 2182; x_wconf 90' lang='lat' dir='ltr'><strong>quomodo</strong></span> <span class='ocrx_word' id='word_1_596' title='bbox 3363 2128 3502 2182; x_wconf 71' lang='lat' dir='ltr'><strong>pra:-</strong></span> 
     </span>
    </p>
   </div>
   <div class='ocr_carea' id='block_1_82' title="bbox 1916 2202 3503 2273">
    <p class='ocr_par' dir='ltr' id='par_1_82' title="bbox 1916 2202 3503 2273">
     <span class='ocr_line' id='line_1_82' title="bbox 1916 2202 3503 2273; baseline 0.002 -19"><span class='ocrx_word' id='word_1_597' title='bbox 1916 2202 2046 2255; x_wconf 92' lang='lat' dir='ltr'><strong>dicit</strong></span> <span class='ocrx_word' id='word_1_598' title='bbox 2076 2202 2231 2255; x_wconf 92' lang='lat' dir='ltr'><strong>simul</strong></span> <span class='ocrx_word' id='word_1_599' title='bbox 2261 2210 2315 2256; x_wconf 83' lang='lat' dir='ltr'><strong>et</strong></span> <span class='ocrx_word' id='word_1_600' title='bbox 2342 2212 2618 2257; x_wconf 84' lang='lat' dir='ltr'><strong>venturam</strong></span> <span class='ocrx_word' id='word_1_601' title='bbox 2646 2203 2891 2257; x_wconf 89' lang='lat' dir='ltr'><strong>omnibus</strong></span> <span class='ocrx_word' id='word_1_602' title='bbox 2920 2219 3017 2273; x_wconf 90' lang='lat' dir='ltr'><strong>per</strong></span> <span class='ocrx_word' id='word_1_603' title='bbox 3042 2204 3309 2257; x_wconf 78' lang='lat' dir='ltr'><strong>Christum</strong></span> <span class='ocrx_word' id='word_1_604' title='bbox 3340 2205 3503 2258; x_wconf 88' lang='lat' dir='ltr'><strong>bene—</strong></span> 
     </span>
    </p>
   </div>
   <div class='ocr_carea' id='block_1_83' title="bbox 1866 2295 3502 2364">
    <p class='ocr_par' dir='ltr' id='par_1_83' title="bbox 1866 2295 3502 2364">
     <span class='ocr_line' id='line_1_83' title="bbox 1866 2295 3502 2364; baseline 0.002 -17"><span class='ocrx_word' id='word_1_605' title='bbox 1866 2350 1871 2357; x_wconf 89' lang='lat'><strong><em>_</em></strong></span> <span class='ocrx_word' id='word_1_606' title='bbox 1918 2295 2215 2360; x_wconf 84' lang='lat' dir='ltr'><strong>licentiam,</strong></span> <span class='ocrx_word' id='word_1_607' title='bbox 2242 2304 2297 2349; x_wconf 90' lang='lat' dir='ltr'><strong>et</strong></span> <span class='ocrx_word' id='word_1_608' title='bbox 2320 2304 2551 2349; x_wconf 88' lang='lat' dir='ltr'><strong>vestram</strong></span> <span class='ocrx_word' id='word_1_609' title='bbox 2583 2295 3032 2364; x_wconf 86' lang='lat' dir='ltr'><strong>ingratitudiuem.</strong></span> <span class='ocrx_word' id='word_1_610' title='bbox 3062 2295 3275 2361; x_wconf 83' lang='lat' dir='ltr'><strong>Livore,</strong></span> <span class='ocrx_word' id='word_1_611' title='bbox 3306 2296 3502 2364; x_wconf 87' lang='lat' dir='ltr'><strong>inquit,</strong></span> 
     </span>
    </p>
   </div>
   <div class='ocr_carea' id='block_1_84' title="bbox 1914 2383 3506 2454">
    <p class='ocr_par' dir='ltr' id='par_1_84' title="bbox 1914 2383 3506 2454">
     <span class='ocr_line' id='line_1_84' title="bbox 1914 2383 3506 2454; baseline 0.002 -17"><span class='ocrx_word' id='word_1_612' title='bbox 1914 2386 2023 2454; x_wconf 88' lang='lat' dir='ltr'><strong>ejus</strong></span> <span class='ocrx_word' id='word_1_613' title='bbox 2063 2400 2155 2438; x_wconf 84' lang='lat' dir='ltr'><strong>nos</strong></span> <span class='ocrx_word' id='word_1_614' title='bbox 2199 2385 2365 2437; x_wconf 78' lang='lat' dir='ltr'><strong>sanati</strong></span> <span class='ocrx_word' id='word_1_615' title='bbox 2406 2401 2577 2438; x_wconf 87' lang='lat' dir='ltr'><strong>sumus</strong></span> <span class='ocrx_word' id='word_1_616' title='bbox 2603 2383 2712 2453; x_wconf 79' lang='lat' dir='ltr'><strong>(Is.</strong></span> <span class='ocrx_word' id='word_1_617' title='bbox 2741 2385 2829 2439; x_wconf 80' lang='grc'><strong>55.</strong></span> <span class='ocrx_word' id='word_1_618' title='bbox 2858 2385 2929 2453; x_wconf 84' lang='grc'>5)</span> <span class='ocrx_word' id='word_1_619' title='bbox 2960 2402 2974 2438; x_wconf 89' lang='lat'><strong>:</strong></span> <span class='ocrx_word' id='word_1_620' title='bbox 3001 2385 3225 2439; x_wconf 86' lang='lat' dir='ltr'><strong>salutem</strong></span> <span class='ocrx_word' id='word_1_621' title='bbox 3268 2385 3506 2440; x_wconf 87' lang='lat' dir='ltr'><strong>iudieans</strong></span> 
     </span>
    </p>
   </div>
   <div class='ocr_carea' id='block_1_85' title="bbox 1916 2475 3506 2545">
    <p class='ocr_par' dir='ltr' id='par_1_85' title="bbox 1916 2475 3506 2545">
     <span class='ocr_line' id='line_1_85' title="bbox 1916 2475 3506 2545; baseline 0.001 -16"><span class='ocrx_word' id='word_1_622' title='bbox 1916 2491 2010 2544; x_wconf 90' lang='lat' dir='ltr'><strong>per</strong></span> <span class='ocrx_word' id='word_1_623' title='bbox 2037 2491 2252 2530; x_wconf 90' lang='lat' dir='ltr'><strong>crucem</strong></span> <span class='ocrx_word' id='word_1_624' title='bbox 2294 2476 2546 2529; x_wconf 92' lang='lat' dir='ltr'><strong>omnibus</strong></span> <span class='ocrx_word' id='word_1_625' title='bbox 2587 2475 2840 2529; x_wconf 88' lang='lat' dir='ltr'><strong>oblatam.</strong></span> <span class='ocrx_word' id='word_1_626' title='bbox 2886 2476 3082 2529; x_wconf 89' lang='lat' dir='ltr'><strong>Deinde</strong></span> <span class='ocrx_word' id='word_1_627' title='bbox 3120 2477 3304 2545; x_wconf 89' lang='lat' dir='ltr'><strong>quales</strong></span> <span class='ocrx_word' id='word_1_628' title='bbox 3339 2477 3506 2531; x_wconf 88' lang='lat' dir='ltr'><strong>simus</strong></span> 
     </span>
    </p>
   </div>
   <div class='ocr_carea' id='block_1_86' title="bbox 1916 2566 3501 2635">
    <p class='ocr_par' dir='ltr' id='par_1_86' title="bbox 1916 2566 3501 2635">
     <span class='ocr_line' id='line_1_86' title="bbox 1916 2566 3501 2635; baseline 0.003 -16"><span class='ocrx_word' id='word_1_629' title='bbox 1916 2582 2015 2621; x_wconf 91' lang='lat' dir='ltr'><strong>nos</strong></span> <span class='ocrx_word' id='word_1_630' title='bbox 2054 2566 2294 2620; x_wconf 89' lang='lat' dir='ltr'><strong>indicans</strong></span> <span class='ocrx_word' id='word_1_631' title='bbox 2314 2606 2330 2632; x_wconf 92' lang='lat'><strong>,</strong></span> <span class='ocrx_word' id='word_1_632' title='bbox 2363 2566 2591 2635; x_wconf 85' lang='lat' dir='ltr'><strong>subjecit</strong></span> <span class='ocrx_word' id='word_1_633' title='bbox 2621 2585 2633 2620; x_wconf 93' lang='lat'><strong>:</strong></span> <span class='ocrx_word' id='word_1_634' title='bbox 2669 2566 2854 2620; x_wconf 83' lang='lat' dir='ltr'><strong>Omnes</strong></span> <span class='ocrx_word' id='word_1_635' title='bbox 2889 2576 2944 2620; x_wconf 90' lang='lat' dir='ltr'><strong>ut</strong></span> <span class='ocrx_word' id='word_1_636' title='bbox 2980 2583 3094 2621; x_wconf 81' lang='lat' dir='ltr'><strong>oves</strong></span> <span class='ocrx_word' id='word_1_637' title='bbox 3127 2568 3467 2623; x_wconf 78' lang='lat' dir='ltr'><strong>aberravimus</strong></span> <span class='ocrx_word' id='word_1_638' title='bbox 3488 2612 3501 2632; x_wconf 87' lang='lat'><strong>.</strong></span> 
     </span>
    </p>
   </div>
   <div class='ocr_carea' id='block_1_87' title="bbox 1914 2655 3503 2729">
    <p class='ocr_par' dir='ltr' id='par_1_87' title="bbox 1914 2655 3503 2729">
     <span class='ocr_line' id='line_1_87' title="bbox 1914 2655 3503 2729; baseline 0.003 -21"><span class='ocrx_word' id='word_1_639' title='bbox 1914 2656 2063 2709; x_wconf 90' lang='lat' dir='ltr'><strong>homo</strong></span> <span class='ocrx_word' id='word_1_640' title='bbox 2092 2656 2145 2709; x_wconf 91' lang='lat' dir='ltr'><strong>in</strong></span> <span class='ocrx_word' id='word_1_641' title='bbox 2172 2656 2251 2709; x_wconf 83' lang='lat' dir='ltr'><strong>via</strong></span> <span class='ocrx_word' id='word_1_642' title='bbox 2277 2673 2370 2709; x_wconf 86' lang='lat' dir='ltr'><strong>sua</strong></span> <span class='ocrx_word' id='word_1_643' title='bbox 2396 2657 2577 2709; x_wconf 80' lang='lat' dir='ltr'><strong>erravit</strong></span> <span class='ocrx_word' id='word_1_644' title='bbox 2602 2655 2709 2729; x_wconf 92' lang='lat' dir='ltr'><strong>(Ib.</strong></span> <span class='ocrx_word' id='word_1_645' title='bbox 2737 2674 2785 2710; x_wconf 81' lang='grc' dir='ltr'><strong>υ.</strong></span> <span class='ocrx_word' id='word_1_646' title='bbox 2815 2657 2890 2726; x_wconf 84' lang='grc'><strong>6).</strong></span> <span class='ocrx_word' id='word_1_647' title='bbox 2922 2657 3054 2711; x_wconf 86' lang='lat' dir='ltr'><strong>Tum</strong></span> <span class='ocrx_word' id='word_1_648' title='bbox 3083 2658 3254 2712; x_wconf 78' lang='lat' dir='ltr'><strong>crucis</strong></span> <span class='ocrx_word' id='word_1_649' title='bbox 3286 2659 3503 2715; x_wconf 76' lang='lat' dir='ltr'><strong>modum</strong></span> 
     </span>
    </p>
   </div>
   <div class='ocr_carea' id='block_1_88' title="bbox 1914 2746 3503 2815">
    <p class='ocr_par' dir='ltr' id='par_1_88' title="bbox 1914 2746 3503 2815">
     <span class='ocr_line' id='line_1_88' title="bbox 1914 2746 3503 2815; baseline 0.001 -15"><span class='ocrx_word' id='word_1_650' title='bbox 1914 2746 2191 2814; x_wconf 84' lang='lat' dir='ltr'><strong>explicans</strong></span> <span class='ocrx_word' id='word_1_651' title='bbox 2214 2787 2229 2812; x_wconf 92' lang='lat'><strong>,</strong></span> <span class='ocrx_word' id='word_1_652' title='bbox 2261 2746 2339 2800; x_wconf 91' lang='lat' dir='ltr'><strong>sic</strong></span> <span class='ocrx_word' id='word_1_653' title='bbox 2378 2746 2608 2815; x_wconf 92' lang='lat' dir='ltr'><strong>loquitur</strong></span> <span class='ocrx_word' id='word_1_654' title='bbox 2639 2765 2652 2800; x_wconf 94' lang='lat'>:</span> <span class='ocrx_word' id='word_1_655' title='bbox 2685 2748 2829 2801; x_wconf 83' lang='lat' dir='ltr'><strong>Sicut</strong></span> <span class='ocrx_word' id='word_1_656' title='bbox 2858 2748 2961 2802; x_wconf 80' lang='lat' dir='ltr'><strong>ovis</strong></span> <span class='ocrx_word' id='word_1_657' title='bbox 2987 2748 3056 2800; x_wconf 90' lang='lat' dir='ltr'><strong>od</strong></span> <span class='ocrx_word' id='word_1_658' title='bbox 3083 2748 3377 2802; x_wconf 79' lang='lat' dir='ltr'><strong>occisionem</strong></span> <span class='ocrx_word' id='word_1_659' title='bbox 3405 2748 3503 2802; x_wconf 80' lang='lat' dir='ltr'><strong>du-</strong></span> 
     </span>
    </p>
   </div>
   <div class='ocr_carea' id='block_1_89' title="bbox 1914 2838 3505 2906">
    <p class='ocr_par' dir='ltr' id='par_1_89' title="bbox 1914 2838 3505 2906">
     <span class='ocr_line' id='line_1_89' title="bbox 1914 2838 3505 2906; baseline 0.003 -18"><span class='ocrx_word' id='word_1_660' title='bbox 1914 2846 2025 2889; x_wconf 89' lang='lat' dir='ltr'><strong>ctus</strong></span> <span class='ocrx_word' id='word_1_661' title='bbox 2052 2845 2153 2898; x_wconf 86' lang='lat' dir='ltr'><strong>est,</strong></span> <span class='ocrx_word' id='word_1_662' title='bbox 2185 2846 2230 2889; x_wconf 80' lang='lat' dir='ltr'><strong>et</strong></span> <span class='ocrx_word' id='word_1_663' title='bbox 2257 2846 2311 2888; x_wconf 85' lang='lat' dir='ltr'><strong>ut</strong></span> <span class='ocrx_word' id='word_1_664' title='bbox 2339 2852 2501 2906; x_wconf 89' lang='lat' dir='ltr'><strong>agnus</strong></span> <span class='ocrx_word' id='word_1_665' title='bbox 2530 2838 2580 2889; x_wconf 88' lang='lat' dir='ltr'><strong>in</strong></span> <span class='ocrx_word' id='word_1_666' title='bbox 2607 2848 2879 2906; x_wconf 77' lang='lat' dir='ltr'><strong>conspectu</strong></span> <span class='ocrx_word' id='word_1_667' title='bbox 2917 2838 3166 2892; x_wconf 84' lang='lat' dir='ltr'><strong>tondentis</strong></span> <span class='ocrx_word' id='word_1_668' title='bbox 3205 2840 3369 2905; x_wconf 81' lang='lat' dir='ltr'><strong>ipsum</strong></span> <span class='ocrx_word' id='word_1_669' title='bbox 3397 2840 3505 2893; x_wconf 77' lang='lat' dir='ltr'><strong>sine</strong></span> 
     </span>
    </p>
   </div>
   <div class='ocr_carea' id='block_1_90' title="bbox 1912 2926 3505 2999">
    <p class='ocr_par' dir='ltr' id='par_1_90' title="bbox 1912 2926 3505 2999">
     <span class='ocr_line' id='line_1_90' title="bbox 1912 2926 3505 2999; baseline 0.003 -20"><span class='ocrx_word' id='word_1_670' title='bbox 1912 2943 2031 2980; x_wconf 83' lang='lat' dir='ltr'><strong>voce</strong></span> <span class='ocrx_word' id='word_1_671' title='bbox 2069 2929 2193 2997; x_wconf 83' lang='lat' dir='ltr'><strong>fuit,</strong></span> <span class='ocrx_word' id='word_1_672' title='bbox 2225 2927 2297 2980; x_wconf 87' lang='lat' dir='ltr'><strong>sic</strong></span> <span class='ocrx_word' id='word_1_673' title='bbox 2327 2944 2426 2980; x_wconf 88' lang='lat' dir='ltr'><strong>non</strong></span> <span class='ocrx_word' id='word_1_674' title='bbox 2466 2928 2627 2996; x_wconf 79' lang='lat' dir='ltr'><strong>aperit</strong></span> <span class='ocrx_word' id='word_1_675' title='bbox 2664 2944 2719 2981; x_wconf 86' lang='lat' dir='ltr'><strong>os</strong></span> <span class='ocrx_word' id='word_1_676' title='bbox 2761 2944 2927 2981; x_wconf 86' lang='lat' dir='ltr'><strong>suum.</strong></span> <span class='ocrx_word' id='word_1_677' title='bbox 2964 2926 3032 2981; x_wconf 81' lang='lat' dir='ltr'><strong>In</strong></span> <span class='ocrx_word' id='word_1_678' title='bbox 3071 2930 3351 2982; x_wconf 80' lang='lat' dir='ltr'><strong>humilitate</strong></span> <span class='ocrx_word' id='word_1_679' title='bbox 3395 2930 3505 2999; x_wconf 86' lang='lat' dir='ltr'><strong>ejus</strong></span> 
     </span>
    </p>
   </div>
   <div class='ocr_carea' id='block_1_91' title="bbox 1902 3017 3503 3089">
    <p class='ocr_par' dir='ltr' id='par_1_91' title="bbox 1902 3017 3503 3089">
     <span class='ocr_line' id='line_1_91' title="bbox 1902 3017 3503 3089; baseline 0.003 -19"><span class='ocrx_word' id='word_1_680' title='bbox 1902 3018 2155 3087; x_wconf 86' lang='lat' dir='ltr'><strong>judicium</strong></span> <span class='ocrx_word' id='word_1_681' title='bbox 2197 3019 2306 3087; x_wconf 84' lang='lat' dir='ltr'><strong>ejus</strong></span> <span class='ocrx_word' id='word_1_682' title='bbox 2344 3018 2594 3071; x_wconf 86' lang='lat' dir='ltr'><strong>sublatum</strong></span> <span class='ocrx_word' id='word_1_683' title='bbox 2634 3028 2707 3071; x_wconf 86' lang='lat' dir='ltr'><strong>est</strong></span> <span class='ocrx_word' id='word_1_684' title='bbox 2734 3018 2752 3087; x_wconf 94' lang='lat'>(</span> <span class='ocrx_word' id='word_1_685' title='bbox 2772 3017 2852 3072; x_wconf 86' lang='lat' dir='ltr'><strong>Ib.</strong></span> <span class='ocrx_word' id='word_1_686' title='bbox 2882 3034 2932 3071; x_wconf 81' lang='grc' dir='ltr'><strong>υ.</strong></span> <span class='ocrx_word' id='word_1_687' title='bbox 2968 3019 3020 3071; x_wconf 89' lang='grc'><strong>7.</strong></span> <span class='ocrx_word' id='word_1_688' title='bbox 3050 3019 3141 3089; x_wconf 90' lang='grc'><strong>8).</strong></span> <span class='ocrx_word' id='word_1_689' title='bbox 3178 3020 3245 3072; x_wconf 83' lang='lat' dir='ltr'><strong>Et</strong></span> <span class='ocrx_word' id='word_1_690' title='bbox 3268 3019 3354 3072; x_wconf 90' lang='lat' dir='ltr'><strong>ubi</strong></span> <span class='ocrx_word' id='word_1_691' title='bbox 3388 3020 3503 3075; x_wconf 74' lang='lat' dir='ltr'><strong>lucc</strong></span> 
     </span>
    </p>
   </div>
   <div class='ocr_carea' id='block_1_92' title="bbox 1912 3107 3498 3177">
    <p class='ocr_par' dir='ltr' id='par_1_92' title="bbox 1912 3107 3498 3177">
     <span class='ocr_line' id='line_1_92' title="bbox 1912 3107 3498 3177; baseline 0 -14"><span class='ocrx_word' id='word_1_692' title='bbox 1912 3110 2155 3165; x_wconf 84' lang='lat' dir='ltr'><strong>evenisse</strong></span> <span class='ocrx_word' id='word_1_693' title='bbox 2185 3109 2307 3163; x_wconf 93' lang='lat' dir='ltr'><strong>licet</strong></span> <span class='ocrx_word' id='word_1_694' title='bbox 2332 3108 2550 3164; x_wconf 86' lang='lat' dir='ltr'><strong>videre?</strong></span> <span class='ocrx_word' id='word_1_695' title='bbox 2578 3108 2632 3161; x_wconf 92' lang='lat' dir='ltr'><strong>lu</strong></span> <span class='ocrx_word' id='word_1_696' title='bbox 2664 3107 2865 3163; x_wconf 85' lang='lat' dir='ltr'><strong>nefario</strong></span> <span class='ocrx_word' id='word_1_697' title='bbox 2890 3110 3139 3177; x_wconf 64' lang='lat' dir='ltr'><strong>prattorio</strong></span> <span class='ocrx_word' id='word_1_698' title='bbox 3166 3110 3338 3163; x_wconf 84' lang='lat' dir='ltr'><strong>Pilati.</strong></span> <span class='ocrx_word' id='word_1_699' title='bbox 3367 3111 3498 3163; x_wconf 84' lang='lat' dir='ltr'><strong>Cum</strong></span> 
     </span>
    </p>
   </div>
   <div class='ocr_carea' id='block_1_93' title="bbox 1912 3198 3503 3268">
    <p class='ocr_par' dir='ltr' id='par_1_93' title="bbox 1912 3198 3503 3268">
     <span class='ocr_line' id='line_1_93' title="bbox 1912 3198 3503 3268; baseline -0.002 -12"><span class='ocrx_word' id='word_1_700' title='bbox 1912 3199 2054 3256; x_wconf 84' lang='lat' dir='ltr'><strong>enim</strong></span> <span class='ocrx_word' id='word_1_701' title='bbox 2087 3209 2192 3253; x_wconf 90' lang='lat' dir='ltr'><strong>tam</strong></span> <span class='ocrx_word' id='word_1_702' title='bbox 2226 3200 2407 3260; x_wconf 88' lang='lat' dir='ltr'><strong>multa,</strong></span> <span class='ocrx_word' id='word_1_703' title='bbox 2434 3198 2620 3267; x_wconf 92' lang='lat' dir='ltr'><strong>inquit,</strong></span> <span class='ocrx_word' id='word_1_704' title='bbox 2655 3200 2955 3252; x_wconf 90' lang='lat' dir='ltr'><strong>testimonia</strong></span> <span class='ocrx_word' id='word_1_705' title='bbox 2984 3199 3282 3268; x_wconf 86' lang='lat' dir='ltr'><strong>proferrent</strong></span> <span class='ocrx_word' id='word_1_706' title='bbox 3309 3200 3503 3253; x_wconf 86' lang='lat' dir='ltr'><strong>adver-</strong></span> 
     </span>
    </p>
   </div>
   <div class='ocr_carea' id='block_1_94' title="bbox 1912 3289 3501 3361">
    <p class='ocr_par' dir='ltr' id='par_1_94' title="bbox 1912 3289 3501 3361">
     <span class='ocr_line' id='line_1_94' title="bbox 1912 3289 3501 3361; baseline 0.003 -19"><span class='ocrx_word' id='word_1_707' title='bbox 1912 3306 2003 3343; x_wconf 88' lang='lat' dir='ltr'><strong>sus</strong></span> <span class='ocrx_word' id='word_1_708' title='bbox 2030 3291 2224 3361; x_wconf 81' lang='lat' dir='ltr'><strong>ipsum,</strong></span> <span class='ocrx_word' id='word_1_709' title='bbox 2252 3290 2381 3343; x_wconf 91' lang='lat' dir='ltr'><strong>nihil</strong></span> <span class='ocrx_word' id='word_1_710' title='bbox 2411 3289 2489 3344; x_wconf 92' lang='lat' dir='ltr'><strong>eis</strong></span> <span class='ocrx_word' id='word_1_711' title='bbox 2518 3289 2790 3358; x_wconf 79' lang='lat' dir='ltr'><strong>respondit</strong></span> <span class='ocrx_word' id='word_1_712' title='bbox 2818 3290 2991 3345; x_wconf 84' lang='lat' dir='ltr'><strong>Jesus.</strong></span> <span class='ocrx_word' id='word_1_713' title='bbox 3020 3291 3081 3344; x_wconf 84' lang='lat' dir='ltr'><strong>Et</strong></span> <span class='ocrx_word' id='word_1_714' title='bbox 3106 3291 3238 3345; x_wconf 81' lang='lat' dir='ltr'><strong>dixit</strong></span> <span class='ocrx_word' id='word_1_715' title='bbox 3260 3291 3325 3344; x_wconf 94' lang='lat' dir='ltr'><strong>ad</strong></span> <span class='ocrx_word' id='word_1_716' title='bbox 3354 3291 3501 3346; x_wconf 92' lang='lat' dir='ltr'><strong>illum</strong></span> 
     </span>
    </p>
   </div>
   <div class='ocr_carea' id='block_1_95' title="bbox 1914 3379 3501 3449">
    <p class='ocr_par' dir='ltr' id='par_1_95' title="bbox 1914 3379 3501 3449">
     <span class='ocr_line' id='line_1_95' title="bbox 1914 3379 3501 3449; baseline 0.001 -16"><span class='ocrx_word' id='word_1_717' title='bbox 1914 3379 2117 3433; x_wconf 67' lang='lat' dir='ltr'><strong>Praeses</strong></span> <span class='ocrx_word' id='word_1_718' title='bbox 2135 3421 2150 3443; x_wconf 91' lang='lat'><strong>,</strong></span> <span class='ocrx_word' id='word_1_719' title='bbox 2180 3380 2338 3432; x_wconf 81' lang='lat' dir='ltr'><strong>Audis</strong></span> <span class='ocrx_word' id='word_1_720' title='bbox 2363 3395 2512 3447; x_wconf 86' lang='lat' dir='ltr'><strong>quam</strong></span> <span class='ocrx_word' id='word_1_721' title='bbox 2545 3380 2703 3431; x_wconf 86' lang='lat' dir='ltr'><strong>multa</strong></span> <span class='ocrx_word' id='word_1_722' title='bbox 2744 3380 2796 3432; x_wconf 90' lang='lat' dir='ltr'><strong>in</strong></span> <span class='ocrx_word' id='word_1_723' title='bbox 2835 3390 2882 3432; x_wconf 86' lang='lat' dir='ltr'><strong>te</strong></span> <span class='ocrx_word' id='word_1_724' title='bbox 2914 3380 3239 3447; x_wconf 74' lang='lat' dir='ltr'><strong>testi/iocatur</strong></span> <span class='ocrx_word' id='word_1_725' title='bbox 3267 3380 3284 3449; x_wconf 96' lang='lat'>(</span> <span class='ocrx_word' id='word_1_726' title='bbox 3313 3380 3501 3434; x_wconf 82' lang='lat' dir='ltr'><strong>Matth.</strong></span> 
     </span>
    </p>
   </div>
   <div class='ocr_carea' id='block_1_96' title="bbox 1910 3468 3497 3541">
    <p class='ocr_par' dir='ltr' id='par_1_96' title="bbox 1910 3468 3497 3541">
     <span class='ocr_line' id='line_1_96' title="bbox 1910 3468 3497 3541; baseline 0.002 -17"><span class='ocrx_word' id='word_1_727' title='bbox 1910 3470 2000 3524; x_wconf 75' lang='lat'><strong>27.</strong></span> <span class='ocrx_word' id='word_1_728' title='bbox 2045 3468 2173 3541; x_wconf 77' lang='lat' dir='ltr'><strong>l5)?</strong></span> <span class='ocrx_word' id='word_1_729' title='bbox 2221 3470 2416 3525; x_wconf 82' lang='lat' dir='ltr'><strong>Verum</strong></span> <span class='ocrx_word' id='word_1_730' title='bbox 2459 3470 2590 3523; x_wconf 89' lang='lat' dir='ltr'><strong>nihil</strong></span> <span class='ocrx_word' id='word_1_731' title='bbox 2630 3471 2930 3539; x_wconf 88' lang='lat' dir='ltr'><strong>respondit,</strong></span> <span class='ocrx_word' id='word_1_732' title='bbox 2960 3470 3052 3525; x_wconf 90' lang='lat' dir='ltr'><strong>sed</strong></span> <span class='ocrx_word' id='word_1_733' title='bbox 3084 3472 3257 3525; x_wconf 85' lang='lat' dir='ltr'><strong>stabat</strong></span> <span class='ocrx_word' id='word_1_734' title='bbox 3286 3473 3497 3527; x_wconf 87' lang='lat' dir='ltr'><strong>tacitus.</strong></span> 
     </span>
    </p>
   </div>
   <div class='ocr_carea' id='block_1_97' title="bbox 1913 3562 3501 3632">
    <p class='ocr_par' dir='ltr' id='par_1_97' title="bbox 1913 3562 3501 3632">
     <span class='ocr_line' id='line_1_97' title="bbox 1913 3562 3501 3632; baseline 0.003 -17"><span class='ocrx_word' id='word_1_735' title='bbox 1913 3562 2025 3615; x_wconf 92' lang='lat' dir='ltr'><strong>lloc</strong></span> <span class='ocrx_word' id='word_1_736' title='bbox 2048 3562 2175 3614; x_wconf 91' lang='lat' dir='ltr'><strong>olim</strong></span> <span class='ocrx_word' id='word_1_737' title='bbox 2203 3563 2403 3616; x_wconf 63' lang='lat' dir='ltr'><strong>caelitus</strong></span> <span class='ocrx_word' id='word_1_738' title='bbox 2424 3562 2633 3617; x_wconf 77' lang='lat' dir='ltr'><strong>alllatus</strong></span> <span class='ocrx_word' id='word_1_739' title='bbox 2658 3563 2912 3632; x_wconf 85' lang='lat' dir='ltr'><strong>propheta</strong></span> <span class='ocrx_word' id='word_1_740' title='bbox 2939 3564 3146 3618; x_wconf 79' lang='lat' dir='ltr'><strong>dixerat</strong></span> <span class='ocrx_word' id='word_1_741' title='bbox 3179 3583 3192 3620; x_wconf 90' lang='lat'>:</span> <span class='ocrx_word' id='word_1_742' title='bbox 3224 3564 3369 3619; x_wconf 86' lang='lat' dir='ltr'><strong>Sicut</strong></span> <span class='ocrx_word' id='word_1_743' title='bbox 3394 3566 3501 3620; x_wconf 79' lang='lat' dir='ltr'><strong>ovis</strong></span> 
     </span>
    </p>
   </div>
   <div class='ocr_carea' id='block_1_98' title="bbox 1911 3652 3500 3723">
    <p class='ocr_par' dir='ltr' id='par_1_98' title="bbox 1911 3652 3500 3723">
     <span class='ocr_line' id='line_1_98' title="bbox 1911 3652 3500 3723; baseline 0.003 -19"><span class='ocrx_word' id='word_1_744' title='bbox 1911 3652 1979 3705; x_wconf 88' lang='lat' dir='ltr'><strong>ad</strong></span> <span class='ocrx_word' id='word_1_745' title='bbox 2010 3652 2306 3706; x_wconf 86' lang='lat' dir='ltr'><strong>occisionem</strong></span> <span class='ocrx_word' id='word_1_746' title='bbox 2333 3653 2510 3706; x_wconf 84' lang='lat' dir='ltr'><strong>ductus</strong></span> <span class='ocrx_word' id='word_1_747' title='bbox 2536 3662 2642 3717; x_wconf 86' lang='lat' dir='ltr'><strong>est,</strong></span> <span class='ocrx_word' id='word_1_748' title='bbox 2676 3662 2721 3705; x_wconf 89' lang='lat' dir='ltr'><strong>et</strong></span> <span class='ocrx_word' id='word_1_749' title='bbox 2746 3653 2874 3706; x_wconf 85' lang='lat' dir='ltr'><strong>sicut</strong></span> <span class='ocrx_word' id='word_1_750' title='bbox 2897 3670 3057 3723; x_wconf 87' lang='lat' dir='ltr'><strong>agnus</strong></span> <span class='ocrx_word' id='word_1_751' title='bbox 3085 3668 3255 3707; x_wconf 90' lang='lat' dir='ltr'><strong>coram</strong></span> <span class='ocrx_word' id='word_1_752' title='bbox 3296 3670 3349 3708; x_wconf 84' lang='lat' dir='ltr'><strong>se</strong></span> <span class='ocrx_word' id='word_1_753' title='bbox 3383 3664 3500 3708; x_wconf 84' lang='lat' dir='ltr'><strong>ton—</strong></span> 
     </span>
    </p>
   </div>
   <div class='ocr_carea' id='block_1_99' title="bbox 1912 3742 3505 3815">
    <p class='ocr_par' dir='ltr' id='par_1_99' title="bbox 1912 3742 3505 3815">
     <span class='ocr_line' id='line_1_99' title="bbox 1912 3742 3505 3815; baseline 0.002 -18"><span class='ocrx_word' id='word_1_754' title='bbox 1912 3744 2059 3797; x_wconf 85' lang='lat' dir='ltr'><strong>dente</strong></span> <span class='ocrx_word' id='word_1_755' title='bbox 2085 3754 2250 3797; x_wconf 79' lang='lat' dir='ltr'><strong>mutus</strong></span> <span class='ocrx_word' id='word_1_756' title='bbox 2280 3742 2433 3813; x_wconf 84' lang='lat' dir='ltr'><strong>(lsai.</strong></span> <span class='ocrx_word' id='word_1_757' title='bbox 2462 3745 2551 3799; x_wconf 76' lang='lat'><strong>55.</strong></span> <span class='ocrx_word' id='word_1_758' title='bbox 2578 3744 2653 3814; x_wconf 90' lang='lat'><strong>8).</strong></span> <span class='ocrx_word' id='word_1_759' title='bbox 2679 3744 2921 3798; x_wconf 58' lang='lat' dir='ltr'><strong>Posthac</strong></span> <span class='ocrx_word' id='word_1_760' title='bbox 2949 3760 3223 3813; x_wconf 81' lang='lat' dir='ltr'><strong>exponens</strong></span> <span class='ocrx_word' id='word_1_761' title='bbox 3253 3746 3505 3815; x_wconf 87' lang='lat' dir='ltr'><strong>iniquita-</strong></span> 
     </span>
    </p>
   </div>
   <div class='ocr_carea' id='block_1_100' title="bbox 1913 3832 3503 3904">
    <p class='ocr_par' dir='ltr' id='par_1_100' title="bbox 1913 3832 3503 3904">
     <span class='ocr_line' id='line_1_100' title="bbox 1913 3832 3503 3904; baseline 0.002 -19"><span class='ocrx_word' id='word_1_762' title='bbox 1913 3842 2020 3887; x_wconf 85' lang='lat' dir='ltr'><strong>tem</strong></span> <span class='ocrx_word' id='word_1_763' title='bbox 2059 3832 2111 3886; x_wconf 92' lang='lat' dir='ltr'><strong>in</strong></span> <span class='ocrx_word' id='word_1_764' title='bbox 2155 3834 2405 3902; x_wconf 64' lang='lat' dir='ltr'><strong>praetorio</strong></span> <span class='ocrx_word' id='word_1_765' title='bbox 2446 3842 2801 3903; x_wconf 88' lang='lat' dir='ltr'><strong>perpetratam</strong></span> <span class='ocrx_word' id='word_1_766' title='bbox 2839 3833 2912 3886; x_wconf 92' lang='lat' dir='ltr'><strong>ait</strong></span> <span class='ocrx_word' id='word_1_767' title='bbox 2944 3850 2957 3885; x_wconf 90' lang='lat'><strong>:</strong></span> <span class='ocrx_word' id='word_1_768' title='bbox 2990 3832 3057 3885; x_wconf 80' lang='lat' dir='ltr'><strong>In</strong></span> <span class='ocrx_word' id='word_1_769' title='bbox 3087 3835 3368 3888; x_wconf 83' lang='lat' dir='ltr'><strong>humilitate</strong></span> <span class='ocrx_word' id='word_1_770' title='bbox 3394 3836 3503 3904; x_wconf 85' lang='lat' dir='ltr'><strong>ejus</strong></span> 
     </span>
    </p>
   </div>
   <div class='ocr_carea' id='block_1_101' title="bbox 1900 3925 3502 3997">
    <p class='ocr_par' dir='ltr' id='par_1_101' title="bbox 1900 3925 3502 3997">
     <span class='ocr_line' id='line_1_101' title="bbox 1900 3925 3502 3997; baseline 0.002 -20"><span class='ocrx_word' id='word_1_771' title='bbox 1900 3926 2159 3994; x_wconf 78' lang='lat' dir='ltr'><strong>judicium</strong></span> <span class='ocrx_word' id='word_1_772' title='bbox 2181 3926 2291 3997; x_wconf 90' lang='lat' dir='ltr'><strong>ejus</strong></span> <span class='ocrx_word' id='word_1_773' title='bbox 2316 3925 2565 3979; x_wconf 85' lang='lat' dir='ltr'><strong>sublatum</strong></span> <span class='ocrx_word' id='word_1_774' title='bbox 2590 3936 2682 3978; x_wconf 83' lang='lat' dir='ltr'><strong>est.</strong></span> <span class='ocrx_word' id='word_1_775' title='bbox 2713 3925 2882 3979; x_wconf 88' lang='lat' dir='ltr'><strong>Nemo</strong></span> <span class='ocrx_word' id='word_1_776' title='bbox 2908 3934 3017 3980; x_wconf 88' lang='lat' dir='ltr'><strong>tum</strong></span> <span class='ocrx_word' id='word_1_777' title='bbox 3047 3942 3113 3980; x_wconf 83' lang='lat' dir='ltr'><strong>ex</strong></span> <span class='ocrx_word' id='word_1_778' title='bbox 3137 3926 3270 3995; x_wconf 88' lang='lat' dir='ltr'><strong>juris</strong></span> <span class='ocrx_word' id='word_1_779' title='bbox 3299 3927 3502 3980; x_wconf 86' lang='lat' dir='ltr'><strong>ratione</strong></span> 
     </span>
    </p>
   </div>
   <div class='ocr_carea' id='block_1_102' title="bbox 1910 4014 3503 4085">
    <p class='ocr_par' dir='ltr' id='par_1_102' title="bbox 1910 4014 3503 4085">
     <span class='ocr_line' id='line_1_102' title="bbox 1910 4014 3503 4085; baseline 0.001 -18"><span class='ocrx_word' id='word_1_780' title='bbox 1910 4014 1979 4069; x_wconf 90' lang='lat' dir='ltr'><strong>de</strong></span> <span class='ocrx_word' id='word_1_781' title='bbox 2007 4014 2099 4069; x_wconf 94' lang='lat' dir='ltr'><strong>illo</strong></span> <span class='ocrx_word' id='word_1_782' title='bbox 2127 4016 2432 4085; x_wconf 75' lang='lat' dir='ltr'><strong>sulfragium</strong></span> <span class='ocrx_word' id='word_1_783' title='bbox 2468 4016 2613 4080; x_wconf 91' lang='lat' dir='ltr'><strong>tulit,</strong></span> <span class='ocrx_word' id='word_1_784' title='bbox 2646 4015 2737 4069; x_wconf 90' lang='lat' dir='ltr'><strong>sed</strong></span> <span class='ocrx_word' id='word_1_785' title='bbox 2776 4016 2903 4069; x_wconf 89' lang='lat' dir='ltr'><strong>falsa</strong></span> <span class='ocrx_word' id='word_1_786' title='bbox 2949 4016 3123 4083; x_wconf 90' lang='lat' dir='ltr'><strong>potius</strong></span> <span class='ocrx_word' id='word_1_787' title='bbox 3150 4017 3407 4070; x_wconf 89' lang='lat' dir='ltr'><strong>adversus</strong></span> <span class='ocrx_word' id='word_1_788' title='bbox 3439 4016 3503 4069; x_wconf 87' lang='lat' dir='ltr'><strong>il-</strong></span> 
     </span>
    </p>
   </div>
   <div class='ocr_carea' id='block_1_103' title="bbox 1913 4104 3492 4174">
    <p class='ocr_par' dir='ltr' id='par_1_103' title="bbox 1913 4104 3492 4174">
     <span class='ocr_line' id='line_1_103' title="bbox 1913 4104 3492 4174; baseline 0.002 -17"><span class='ocrx_word' id='word_1_789' title='bbox 1913 4104 2021 4158; x_wconf 92' lang='lat' dir='ltr'><strong>lum</strong></span> <span class='ocrx_word' id='word_1_790' title='bbox 2059 4104 2383 4174; x_wconf 85' lang='lat' dir='ltr'><strong>recipiebant</strong></span> <span class='ocrx_word' id='word_1_791' title='bbox 2410 4106 2729 4160; x_wconf 88' lang='lat' dir='ltr'><strong>testimonia.</strong></span> <span class='ocrx_word' id='word_1_792' title='bbox 2765 4105 2820 4158; x_wconf 90' lang='lat' dir='ltr'><strong>In</strong></span> <span class='ocrx_word' id='word_1_793' title='bbox 2858 4118 3014 4158; x_wconf 89' lang='lat' dir='ltr'><strong>causa</strong></span> <span class='ocrx_word' id='word_1_794' title='bbox 3043 4114 3186 4169; x_wconf 90' lang='lat' dir='ltr'><strong>erat,</strong></span> <span class='ocrx_word' id='word_1_795' title='bbox 3218 4105 3358 4171; x_wconf 87' lang='lat' dir='ltr'><strong>quod</strong></span> <span class='ocrx_word' id='word_1_796' title='bbox 3387 4116 3492 4160; x_wconf 89' lang='lat' dir='ltr'><strong>tum</strong></span> 
     </span>
    </p>
   </div>
   <div class='ocr_carea' id='block_1_104' title="bbox 1913 4193 3476 4258">
    <p class='ocr_par' dir='ltr' id='par_1_104' title="bbox 1913 4193 3476 4258">
     <span class='ocr_line' id='line_1_104' title="bbox 1913 4193 3476 4258; baseline 0.002 -11"><span class='ocrx_word' id='word_1_797' title='bbox 1913 4193 2129 4248; x_wconf 85' lang='lat' dir='ltr'><strong>nolebat</strong></span> <span class='ocrx_word' id='word_1_798' title='bbox 2155 4209 2274 4248; x_wconf 90' lang='lat' dir='ltr'><strong>esse</strong></span> <span class='ocrx_word' id='word_1_799' title='bbox 2305 4195 2517 4249; x_wconf 85' lang='lat' dir='ltr'><strong>vindex.</strong></span> <span class='ocrx_word' id='word_1_800' title='bbox 2550 4194 2680 4248; x_wconf 91' lang='lat' dir='ltr'><strong>Nam</strong></span> <span class='ocrx_word' id='word_1_801' title='bbox 2713 4195 2756 4248; x_wconf 87' lang='lat' dir='ltr'><strong>si</strong></span> <span class='ocrx_word' id='word_1_802' title='bbox 2788 4194 3059 4258; x_wconf 74' lang='lat' dir='ltr'><strong>voluisset,</strong></span> <span class='ocrx_word' id='word_1_803' title='bbox 3091 4197 3263 4249; x_wconf 88' lang='lat' dir='ltr'><strong>omnia</strong></span> <span class='ocrx_word' id='word_1_804' title='bbox 3295 4197 3476 4251; x_wconf 87' lang='lat' dir='ltr'><strong>turbas</strong></span> 
     </span>
    </p>
   </div>
   <div class='ocr_carea' id='block_1_105' title="bbox 1912 4284 3499 4355">
    <p class='ocr_par' dir='ltr' id='par_1_105' title="bbox 1912 4284 3499 4355">
     <span class='ocr_line' id='line_1_105' title="bbox 1912 4284 3499 4355; baseline 0.003 -19"><span class='ocrx_word' id='word_1_805' title='bbox 1912 4292 2014 4345; x_wconf 88' lang='lat' dir='ltr'><strong>set,</strong></span> <span class='ocrx_word' id='word_1_806' title='bbox 2042 4284 2521 4354; x_wconf 87' lang='lat' dir='ltr'><strong>concussissetque.</strong></span> <span class='ocrx_word' id='word_1_807' title='bbox 2553 4284 2758 4339; x_wconf 85' lang='lat' dir='ltr'><strong>Etenim</strong></span> <span class='ocrx_word' id='word_1_808' title='bbox 2790 4285 2833 4338; x_wconf 95' lang='lat' dir='ltr'><strong>si</strong></span> <span class='ocrx_word' id='word_1_809' title='bbox 2865 4284 2914 4337; x_wconf 92' lang='lat' dir='ltr'><strong>id</strong></span> <span class='ocrx_word' id='word_1_810' title='bbox 2944 4285 3218 4354; x_wconf 89' lang='lat' dir='ltr'><strong>temporis,</strong></span> <span class='ocrx_word' id='word_1_811' title='bbox 3243 4302 3346 4355; x_wconf 90' lang='lat' dir='ltr'><strong>quo</strong></span> <span class='ocrx_word' id='word_1_812' title='bbox 3373 4301 3499 4355; x_wconf 86' lang='lat' dir='ltr'><strong>pen-</strong></span> 
     </span>
    </p>
   </div>
   <div class='ocr_carea' id='block_1_106' title="bbox 1911 4374 3497 4440">
    <p class='ocr_par' dir='ltr' id='par_1_106' title="bbox 1911 4374 3497 4440">
     <span class='ocr_line' id='line_1_106' title="bbox 1911 4374 3497 4440; baseline 0.003 -13"><span class='ocrx_word' id='word_1_813' title='bbox 1911 4374 2071 4428; x_wconf 85' lang='lat' dir='ltr'><strong>debat</strong></span> <span class='ocrx_word' id='word_1_814' title='bbox 2111 4374 2162 4428; x_wconf 91' lang='lat' dir='ltr'><strong>in</strong></span> <span class='ocrx_word' id='word_1_815' title='bbox 2203 4391 2393 4437; x_wconf 79' lang='lat' dir='ltr'><strong>cruce,</strong></span> <span class='ocrx_word' id='word_1_816' title='bbox 2428 4390 2550 4428; x_wconf 87' lang='lat' dir='ltr'><strong>saxa</strong></span> <span class='ocrx_word' id='word_1_817' title='bbox 2583 4376 2826 4440; x_wconf 89' lang='lat' dir='ltr'><strong>discidit,</strong></span> <span class='ocrx_word' id='word_1_818' title='bbox 2868 4377 3051 4429; x_wconf 88' lang='lat' dir='ltr'><strong>orbem</strong></span> <span class='ocrx_word' id='word_1_819' title='bbox 3101 4376 3357 4431; x_wconf 79' lang='lat' dir='ltr'><strong>terrarum</strong></span> <span class='ocrx_word' id='word_1_820' title='bbox 3397 4378 3497 4431; x_wconf 89' lang='lat' dir='ltr'><strong>ob-</strong></span> 
     </span>
    </p>
   </div>
   <div class='ocr_carea' id='block_1_107' title="bbox 1915 4468 3501 4538">
    <p class='ocr_par' dir='ltr' id='par_1_107' title="bbox 1915 4468 3501 4538">
     <span class='ocr_line' id='line_1_107' title="bbox 1915 4468 3501 4538; baseline 0.002 -18"><span class='ocrx_word' id='word_1_821' title='bbox 1915 4468 2181 4528; x_wconf 85' lang='lat' dir='ltr'><strong>seuravit.</strong></span> <span class='ocrx_word' id='word_1_822' title='bbox 2210 4469 2342 4523; x_wconf 88' lang='lat' dir='ltr'><strong>solis</strong></span> <span class='ocrx_word' id='word_1_823' title='bbox 2383 4468 2561 4522; x_wconf 85' lang='lat' dir='ltr'><strong>radios</strong></span> <span class='ocrx_word' id='word_1_824' title='bbox 2599 4468 2824 4534; x_wconf 91' lang='lat' dir='ltr'><strong>avertit,</strong></span> <span class='ocrx_word' id='word_1_825' title='bbox 2854 4479 3061 4523; x_wconf 91' lang='lat' dir='ltr'><strong>noctem</strong></span> <span class='ocrx_word' id='word_1_826' title='bbox 3094 4469 3265 4523; x_wconf 90' lang='lat' dir='ltr'><strong>medio</strong></span> <span class='ocrx_word' id='word_1_827' title='bbox 3292 4469 3377 4523; x_wconf 86' lang='lat' dir='ltr'><strong>die</strong></span> <span class='ocrx_word' id='word_1_828' title='bbox 3407 4485 3501 4538; x_wconf 87' lang='lat' dir='ltr'><strong>per</strong></span> 
     </span>
    </p>
   </div>
   <div class='ocr_carea' id='block_1_108' title="bbox 1914 4559 3498 4629">
    <p class='ocr_par' dir='ltr' id='par_1_108' title="bbox 1914 4559 3498 4629">
     <span class='ocr_line' id='line_1_108' title="bbox 1914 4559 3498 4629; baseline 0.002 -18"><span class='ocrx_word' id='word_1_829' title='bbox 1914 4559 2211 4613; x_wconf 86' lang='lat' dir='ltr'><strong>universam</strong></span> <span class='ocrx_word' id='word_1_830' title='bbox 2236 4570 2427 4613; x_wconf 90' lang='lat' dir='ltr'><strong>terram</strong></span> <span class='ocrx_word' id='word_1_831' title='bbox 2457 4559 2684 4624; x_wconf 84' lang='lat' dir='ltr'><strong>induxit,</strong></span> <span class='ocrx_word' id='word_1_832' title='bbox 2712 4559 2850 4612; x_wconf 89' lang='lat' dir='ltr'><strong>idem</strong></span> <span class='ocrx_word' id='word_1_833' title='bbox 2878 4560 3136 4629; x_wconf 89' lang='lat' dir='ltr'><strong>potuisset</strong></span> <span class='ocrx_word' id='word_1_834' title='bbox 3165 4561 3215 4613; x_wconf 92' lang='lat' dir='ltr'><strong>in</strong></span> <span class='ocrx_word' id='word_1_835' title='bbox 3247 4561 3498 4627; x_wconf 66' lang='lat' dir='ltr'><strong>praetorio</strong></span> 
     </span>
    </p>
   </div>
   <div class='ocr_carea' id='block_1_109' title="bbox 1912 4648 3498 4714">
    <p class='ocr_par' dir='ltr' id='par_1_109' title="bbox 1912 4648 3498 4714">
     <span class='ocr_line' id='line_1_109' title="bbox 1912 4648 3498 4714; baseline 0 -11"><span class='ocrx_word' id='word_1_836' title='bbox 1912 4649 2108 4704; x_wconf 85' lang='lat' dir='ltr'><strong>facere.</strong></span> <span class='ocrx_word' id='word_1_837' title='bbox 2144 4649 2336 4703; x_wconf 90' lang='lat' dir='ltr'><strong>Verum</strong></span> <span class='ocrx_word' id='word_1_838' title='bbox 2378 4648 2583 4714; x_wconf 89' lang='lat' dir='ltr'><strong>noluit,</strong></span> <span class='ocrx_word' id='word_1_839' title='bbox 2615 4648 3073 4702; x_wconf 81' lang='lat' dir='ltr'><strong>mansuetudinem</strong></span> <span class='ocrx_word' id='word_1_840' title='bbox 3116 4663 3178 4702; x_wconf 92' lang='lat' dir='ltr'><strong>ac</strong></span> <span class='ocrx_word' id='word_1_841' title='bbox 3226 4649 3498 4703; x_wconf 90' lang='lat' dir='ltr'><strong>lenitatem</strong></span> 
     </span>
    </p>
   </div>
   <div class='ocr_carea' id='block_1_110' title="bbox 1912 4736 3501 4809">
    <p class='ocr_par' dir='ltr' id='par_1_110' title="bbox 1912 4736 3501 4809">
     <span class='ocr_line' id='line_1_110' title="bbox 1912 4736 3501 4809; baseline 0 -16"><span class='ocrx_word' id='word_1_842' title='bbox 1912 4739 2190 4793; x_wconf 85' lang='lat' dir='ltr'><strong>exhibens.</strong></span> <span class='ocrx_word' id='word_1_843' title='bbox 2220 4738 2343 4792; x_wconf 90' lang='lat' dir='ltr'><strong>Ideo</strong></span> <span class='ocrx_word' id='word_1_844' title='bbox 2366 4738 2494 4792; x_wconf 88' lang='lat' dir='ltr'><strong>dicit</strong></span> <span class='ocrx_word' id='word_1_845' title='bbox 2524 4756 2536 4792; x_wconf 90' lang='lat'><strong>:</strong></span> <span class='ocrx_word' id='word_1_846' title='bbox 2569 4736 2635 4790; x_wconf 88' lang='lat' dir='ltr'><strong>In</strong></span> <span class='ocrx_word' id='word_1_847' title='bbox 2663 4737 2946 4790; x_wconf 87' lang='lat' dir='ltr'><strong>lmmilitate</strong></span> <span class='ocrx_word' id='word_1_848' title='bbox 2972 4739 3080 4807; x_wconf 84' lang='lat' dir='ltr'><strong>ejus</strong></span> <span class='ocrx_word' id='word_1_849' title='bbox 3108 4738 3361 4807; x_wconf 85' lang='lat' dir='ltr'><strong>judicium</strong></span> <span class='ocrx_word' id='word_1_850' title='bbox 3391 4756 3501 4809; x_wconf 73' lang='lat' dir='ltr'><strong>ejus</strong></span> 
     </span>
    </p>
   </div>
   <div class='ocr_carea' id='block_1_111' title="bbox 1912 4827 3502 4895">
    <p class='ocr_par' dir='ltr' id='par_1_111' title="bbox 1912 4827 3502 4895">
     <span class='ocr_line' id='line_1_111' title="bbox 1912 4827 3502 4895; baseline 0.001 -13"><span class='ocrx_word' id='word_1_851' title='bbox 1912 4829 2160 4882; x_wconf 86' lang='lat' dir='ltr'><strong>sublatum</strong></span> <span class='ocrx_word' id='word_1_852' title='bbox 2204 4838 2295 4882; x_wconf 88' lang='lat' dir='ltr'><strong>est.</strong></span> <span class='ocrx_word' id='word_1_853' title='bbox 2340 4827 2542 4883; x_wconf 89' lang='lat' dir='ltr'><strong>Deinde</strong></span> <span class='ocrx_word' id='word_1_854' title='bbox 2582 4828 2989 4890; x_wconf 87' lang='lat' dir='ltr'><strong>demonstrans,</strong></span> <span class='ocrx_word' id='word_1_855' title='bbox 3028 4828 3167 4895; x_wconf 87' lang='lat' dir='ltr'><strong>quod</strong></span> <span class='ocrx_word' id='word_1_856' title='bbox 3212 4844 3316 4881; x_wconf 81' lang='lat' dir='ltr'><strong>non</strong></span> <span class='ocrx_word' id='word_1_857' title='bbox 3359 4840 3502 4883; x_wconf 82' lang='lat' dir='ltr'><strong>esset</strong></span> 
     </span>
    </p>
   </div>
   <div class='ocr_carea' id='block_1_112' title="bbox 1916 4916 3503 4990">
    <p class='ocr_par' dir='ltr' id='par_1_112' title="bbox 1916 4916 3503 4990">
     <span class='ocr_line' id='line_1_112' title="bbox 1916 4916 3503 4990; baseline 0.001 -18"><span class='ocrx_word' id='word_1_858' title='bbox 1916 4934 2049 4973; x_wconf 91' lang='lat' dir='ltr'><strong>unus</strong></span> <span class='ocrx_word' id='word_1_859' title='bbox 2071 4919 2289 4988; x_wconf 88' lang='lat' dir='ltr'><strong>quilibet</strong></span> <span class='ocrx_word' id='word_1_860' title='bbox 2313 4933 2344 4973; x_wconf 90' lang='lat' dir='ltr'><strong>e</strong></span> <span class='ocrx_word' id='word_1_861' title='bbox 2369 4918 2546 4987; x_wconf 88' lang='lat' dir='ltr'><strong>vulgo,</strong></span> <span class='ocrx_word' id='word_1_862' title='bbox 2573 4918 2797 4985; x_wconf 85' lang='lat' dir='ltr'><strong>subjecit</strong></span> <span class='ocrx_word' id='word_1_863' title='bbox 2826 4935 2839 4970; x_wconf 90' lang='lat'><strong>:</strong></span> <span class='ocrx_word' id='word_1_864' title='bbox 2865 4916 3246 4971; x_wconf 80' lang='lat' dir='ltr'><strong>Gcnerationem</strong></span> <span class='ocrx_word' id='word_1_865' title='bbox 3268 4921 3374 4990; x_wconf 83' lang='lat' dir='ltr'><strong>ejus</strong></span> <span class='ocrx_word' id='word_1_866' title='bbox 3392 4921 3503 4989; x_wconf 85' lang='lat' dir='ltr'><strong>quis</strong></span> 
     </span>
    </p>
   </div>
   <div class='ocr_carea' id='block_1_113' title="bbox 1913 5007 3503 5077">
    <p class='ocr_par' dir='ltr' id='par_1_113' title="bbox 1913 5007 3503 5077">
     <span class='ocr_line' id='line_1_113' title="bbox 1913 5007 3503 5077; baseline -0.001 -13"><span class='ocrx_word' id='word_1_867' title='bbox 1913 5010 2162 5064; x_wconf 89' lang='lat' dir='ltr'><strong>enarrabit</strong></span> <span class='ocrx_word' id='word_1_868' title='bbox 2176 5011 2201 5063; x_wconf 71' lang='grc' dir='ltr'><strong>ξ)</strong></span> <span class='ocrx_word' id='word_1_869' title='bbox 2219 5009 2349 5076; x_wconf 87' lang='lat' dir='ltr'><strong>Quis</strong></span> <span class='ocrx_word' id='word_1_870' title='bbox 2368 5009 2507 5064; x_wconf 88' lang='lat' dir='ltr'><strong>enim</strong></span> <span class='ocrx_word' id='word_1_871' title='bbox 2532 5018 2633 5072; x_wconf 87' lang='lat' dir='ltr'><strong>est,</strong></span> <span class='ocrx_word' id='word_1_872' title='bbox 2656 5008 2724 5063; x_wconf 90' lang='lat' dir='ltr'><strong>de</strong></span> <span class='ocrx_word' id='word_1_873' title='bbox 2744 5023 2848 5077; x_wconf 81' lang='lat' dir='ltr'><strong>quo</strong></span> <span class='ocrx_word' id='word_1_874' title='bbox 2868 5008 2994 5062; x_wconf 87' lang='lat' dir='ltr'><strong>dicit</strong></span> <span class='ocrx_word' id='word_1_875' title='bbox 3017 5027 3031 5062; x_wconf 91' lang='lat'><strong>:</strong></span> <span class='ocrx_word' id='word_1_876' title='bbox 3052 5007 3267 5062; x_wconf 89' lang='lat' dir='ltr'><strong>Tollitur</strong></span> <span class='ocrx_word' id='word_1_877' title='bbox 3287 5010 3349 5061; x_wconf 84' lang='lat' dir='ltr'><strong>de</strong></span> <span class='ocrx_word' id='word_1_878' title='bbox 3369 5019 3503 5063; x_wconf 85' lang='lat' dir='ltr'><strong>terra</strong></span> 
     </span>
    </p>
   </div>
   <div class='ocr_carea' id='block_1_114' title="bbox 1915 5099 3503 5171">
    <p class='ocr_par' dir='ltr' id='par_1_114' title="bbox 1915 5099 3503 5171">
     <span class='ocr_line' id='line_1_114' title="bbox 1915 5099 3503 5171; baseline -0.001 -16"><span class='ocrx_word' id='word_1_879' title='bbox 1915 5103 2013 5155; x_wconf 80' lang='lat' dir='ltr'><strong>vita</strong></span> <span class='ocrx_word' id='word_1_880' title='bbox 2037 5102 2187 5171; x_wconf 83' lang='lat' dir='ltr'><strong>ejus?</strong></span> <span class='ocrx_word' id='word_1_881' title='bbox 2216 5101 2340 5155; x_wconf 83' lang='lat' dir='ltr'><strong>Ideo</strong></span> <span class='ocrx_word' id='word_1_882' title='bbox 2364 5108 2417 5155; x_wconf 87' lang='lat' dir='ltr'><strong>et</strong></span> <span class='ocrx_word' id='word_1_883' title='bbox 2442 5100 2638 5155; x_wconf 84' lang='lat' dir='ltr'><strong>Paulus</strong></span> <span class='ocrx_word' id='word_1_884' title='bbox 2661 5100 2789 5156; x_wconf 89' lang='lat' dir='ltr'><strong>dicit</strong></span> <span class='ocrx_word' id='word_1_885' title='bbox 2819 5118 2833 5155; x_wconf 91' lang='lat'><strong>:</strong></span> <span class='ocrx_word' id='word_1_886' title='bbox 2873 5099 2985 5155; x_wconf 85' lang='lat' dir='ltr'><strong>Vita</strong></span> <span class='ocrx_word' id='word_1_887' title='bbox 3013 5111 3185 5154; x_wconf 88' lang='lat' dir='ltr'><strong>nostra</strong></span> <span class='ocrx_word' id='word_1_888' title='bbox 3210 5101 3503 5154; x_wconf 88' lang='lat' dir='ltr'><strong>abscondita</strong></span> 
     </span>
    </p>
   </div>
   <div class='ocr_carea' id='block_1_115' title="bbox 1914 5191 3507 5264">
    <p class='ocr_par' dir='ltr' id='par_1_115' title="bbox 1914 5191 3507 5264">
     <span class='ocr_line' id='line_1_115' title="bbox 1914 5191 3507 5264; baseline -0.001 -17"><span class='ocrx_word' id='word_1_889' title='bbox 1914 5206 1987 5248; x_wconf 86' lang='lat' dir='ltr'><strong>est</strong></span> <span class='ocrx_word' id='word_1_890' title='bbox 2016 5211 2129 5247; x_wconf 88' lang='lat' dir='ltr'><strong>cum</strong></span> <span class='ocrx_word' id='word_1_891' title='bbox 2165 5193 2363 5247; x_wconf 85' lang='lat' dir='ltr'><strong>Christo</strong></span> <span class='ocrx_word' id='word_1_892' title='bbox 2403 5194 2454 5246; x_wconf 89' lang='lat' dir='ltr'><strong>in</strong></span> <span class='ocrx_word' id='word_1_893' title='bbox 2501 5192 2624 5249; x_wconf 75' lang='lat' dir='ltr'><strong>Deo.</strong></span> <span class='ocrx_word' id='word_1_894' title='bbox 2664 5192 2792 5246; x_wconf 82' lang='lat' dir='ltr'><strong>Cum</strong></span> <span class='ocrx_word' id='word_1_895' title='bbox 2831 5194 3123 5264; x_wconf 85' lang='lat' dir='ltr'><strong>apparuerit</strong></span> <span class='ocrx_word' id='word_1_896' title='bbox 3152 5191 3378 5247; x_wconf 84' lang='lat' dir='ltr'><strong>Christus</strong></span> <span class='ocrx_word' id='word_1_897' title='bbox 3403 5192 3507 5246; x_wconf 78' lang='lat' dir='ltr'><strong>vita</strong></span> 
     </span>
    </p>
   </div>
   <div class='ocr_carea' id='block_1_116' title="bbox 1916 5283 3501 5356">
    <p class='ocr_par' dir='ltr' id='par_1_116' title="bbox 1916 5283 3501 5356">
     <span class='ocr_line' id='line_1_116' title="bbox 1916 5283 3501 5356; baseline -0.003 -15"><span class='ocrx_word' id='word_1_898' title='bbox 1916 5298 2109 5355; x_wconf 85' lang='lat' dir='ltr'><strong>nostra,</strong></span> <span class='ocrx_word' id='word_1_899' title='bbox 2138 5298 2257 5341; x_wconf 87' lang='lat' dir='ltr'><strong>tunc</strong></span> <span class='ocrx_word' id='word_1_900' title='bbox 2281 5296 2327 5341; x_wconf 82' lang='lat' dir='ltr'><strong>et</strong></span> <span class='ocrx_word' id='word_1_901' title='bbox 2352 5303 2437 5340; x_wconf 85' lang='lat' dir='ltr'><strong>vos</strong></span> <span class='ocrx_word' id='word_1_902' title='bbox 2462 5288 2766 5355; x_wconf 79' lang='lat' dir='ltr'><strong>apparebitis</strong></span> <span class='ocrx_word' id='word_1_903' title='bbox 2786 5302 2897 5339; x_wconf 85' lang='lat' dir='ltr'><strong>cum</strong></span> <span class='ocrx_word' id='word_1_904' title='bbox 2918 5286 3007 5339; x_wconf 87' lang='lat' dir='ltr'><strong>illo</strong></span> <span class='ocrx_word' id='word_1_905' title='bbox 3028 5286 3080 5337; x_wconf 89' lang='lat' dir='ltr'><strong>in</strong></span> <span class='ocrx_word' id='word_1_906' title='bbox 3102 5284 3265 5356; x_wconf 87' lang='lat' dir='ltr'><strong>gloria</strong></span> <span class='ocrx_word' id='word_1_907' title='bbox 3285 5283 3501 5353; x_wconf 84' lang='lat' dir='ltr'><strong>(Coloss.</strong></span> 
     </span>
    </p>
   </div>
   <div class='ocr_carea' id='block_1_117' title="bbox 1917 5373 3505 5449">
    <p class='ocr_par' dir='ltr' id='par_1_117' title="bbox 1917 5373 3505 5449">
     <span class='ocr_line' id='line_1_117' title="bbox 1917 5373 3505 5449; baseline -0.004 -15"><span class='ocrx_word' id='word_1_908' title='bbox 1917 5380 1969 5434; x_wconf 79' lang='grc'><strong>5.</strong></span> <span class='ocrx_word' id='word_1_909' title='bbox 2000 5380 2053 5434; x_wconf 80' lang='grc'><strong>5.</strong></span> <span class='ocrx_word' id='word_1_910' title='bbox 2084 5377 2169 5449; x_wconf 76' lang='grc'><strong>4).</strong></span> <span class='ocrx_word' id='word_1_911' title='bbox 2199 5377 2303 5433; x_wconf 89' lang='lat' dir='ltr'><strong>Sed</strong></span> <span class='ocrx_word' id='word_1_912' title='bbox 2335 5378 2475 5447; x_wconf 89' lang='lat' dir='ltr'><strong>quod</strong></span> <span class='ocrx_word' id='word_1_913' title='bbox 2513 5377 2692 5431; x_wconf 86' lang='lat' dir='ltr'><strong>dicere</strong></span> <span class='ocrx_word' id='word_1_914' title='bbox 2735 5391 3115 5446; x_wconf 82' lang='lat' dir='ltr'><strong>proposueram</strong></span> <span class='ocrx_word' id='word_1_915' title='bbox 3139 5414 3155 5439; x_wconf 92' lang='lat'><strong>,</strong></span> <span class='ocrx_word' id='word_1_916' title='bbox 3186 5382 3244 5428; x_wconf 93' lang='lat' dir='ltr'><strong>ut</strong></span> <span class='ocrx_word' id='word_1_917' title='bbox 3278 5373 3505 5429; x_wconf 74' lang='lat' dir='ltr'><strong>demou-</strong></span> 
     </span>
    </p>
   </div>
   <div class='ocr_carea' id='block_1_118' title="bbox 1917 5464 3503 5537">
    <p class='ocr_par' dir='ltr' id='par_1_118' title="bbox 1917 5464 3503 5537">
     <span class='ocr_line' id='line_1_118' title="bbox 1917 5464 3503 5537; baseline -0.003 -14"><span class='ocrx_word' id='word_1_918' title='bbox 1917 5477 2141 5523; x_wconf 89' lang='lat' dir='ltr'><strong>strarem</strong></span> <span class='ocrx_word' id='word_1_919' title='bbox 2171 5482 2263 5522; x_wconf 88' lang='lat' dir='ltr'><strong>eos</strong></span> <span class='ocrx_word' id='word_1_920' title='bbox 2290 5477 2504 5537; x_wconf 89' lang='lat' dir='ltr'><strong>propter</strong></span> <span class='ocrx_word' id='word_1_921' title='bbox 2531 5466 2672 5521; x_wconf 92' lang='lat' dir='ltr'><strong>hunc</strong></span> <span class='ocrx_word' id='word_1_922' title='bbox 2697 5467 2976 5535; x_wconf 78' lang='lat' dir='ltr'><strong>praesentia</strong></span> <span class='ocrx_word' id='word_1_923' title='bbox 3006 5465 3141 5518; x_wconf 88' lang='lat' dir='ltr'><strong>mala</strong></span> <span class='ocrx_word' id='word_1_924' title='bbox 3166 5464 3503 5531; x_wconf 86' lang='lat' dir='ltr'><strong>sustinuisse,</strong></span> 
     </span>
    </p>
   </div>
   <div class='ocr_carea' id='block_1_119' title="bbox 1917 5554 3505 5627">
    <p class='ocr_par' dir='ltr' id='par_1_119' title="bbox 1917 5554 3505 5627">
     <span class='ocr_line' id='line_1_119' title="bbox 1917 5554 3505 5627; baseline -0.002 -15"><span class='ocrx_word' id='word_1_925' title='bbox 1917 5567 2083 5613; x_wconf 89' lang='lat' dir='ltr'><strong>restat</strong></span> <span class='ocrx_word' id='word_1_926' title='bbox 2124 5566 2182 5611; x_wconf 90' lang='lat' dir='ltr'><strong>ut</strong></span> <span class='ocrx_word' id='word_1_927' title='bbox 2210 5559 2381 5627; x_wconf 90' lang='lat' dir='ltr'><strong>ipsum</strong></span> <span class='ocrx_word' id='word_1_928' title='bbox 2423 5557 2609 5612; x_wconf 89' lang='lat' dir='ltr'><strong>Isaiam</strong></span> <span class='ocrx_word' id='word_1_929' title='bbox 2640 5556 2883 5612; x_wconf 89' lang='lat' dir='ltr'><strong>inducam</strong></span> <span class='ocrx_word' id='word_1_930' title='bbox 2928 5556 3254 5623; x_wconf 81' lang='lat' dir='ltr'><strong>laquentem.</strong></span> <span class='ocrx_word' id='word_1_931' title='bbox 3280 5554 3505 5609; x_wconf 86' lang='lat' dir='ltr'><strong>Ubinam</strong></span> 
     </span>
    </p>
   </div>
   <div class='ocr_carea' id='block_1_120' title="bbox 1921 5645 3502 5718">
    <p class='ocr_par' dir='ltr' id='par_1_120' title="bbox 1921 5645 3502 5718">
     <span class='ocr_line' id='line_1_120' title="bbox 1921 5645 3502 5718; baseline -0.003 -15"><span class='ocrx_word' id='word_1_932' title='bbox 1921 5650 2023 5704; x_wconf 92' lang='lat' dir='ltr'><strong>hoc</strong></span> <span class='ocrx_word' id='word_1_933' title='bbox 2050 5648 2220 5703; x_wconf 88' lang='lat' dir='ltr'><strong>dicit?</strong></span> <span class='ocrx_word' id='word_1_934' title='bbox 2249 5649 2376 5703; x_wconf 88' lang='lat' dir='ltr'><strong>Post</strong></span> <span class='ocrx_word' id='word_1_935' title='bbox 2405 5648 2730 5718; x_wconf 70' lang='lat' dir='ltr'><strong>prmtorium,</strong></span> <span class='ocrx_word' id='word_1_936' title='bbox 2761 5655 2879 5716; x_wconf 87' lang='lat' dir='ltr'><strong>post</strong></span> <span class='ocrx_word' id='word_1_937' title='bbox 2903 5645 3247 5712; x_wconf 89' lang='lat' dir='ltr'><strong>occisionem,</strong></span> <span class='ocrx_word' id='word_1_938' title='bbox 3280 5654 3397 5715; x_wconf 89' lang='lat' dir='ltr'><strong>post</strong></span> <span class='ocrx_word' id='word_1_939' title='bbox 3420 5660 3502 5699; x_wconf 72' lang='lat' dir='ltr'><strong>as~</strong></span> 
     </span>
    </p>
   </div>
   <div class='ocr_carea' id='block_1_121' title="bbox 1920 5736 3515 5817">
    <p class='ocr_par' dir='ltr' id='par_1_121' title="bbox 1920 5736 3515 5817">
     <span class='ocr_line' id='line_1_121' title="bbox 1920 5736 3515 5817; baseline -0.002 -19"><span class='ocrx_word' id='word_1_940' title='bbox 1920 5742 2275 5813; x_wconf 82' lang='lat' dir='ltr'><strong>sumptionem</strong></span> <span class='ocrx_word' id='word_1_941' title='bbox 2298 5782 2315 5809; x_wconf 91' lang='lat'><strong>,</strong></span> <span class='ocrx_word' id='word_1_942' title='bbox 2374 5740 2465 5798; x_wconf 81' lang='lat' dir='ltr'><strong>ubi</strong></span> <span class='ocrx_word' id='word_1_943' title='bbox 2521 5739 2651 5797; x_wconf 83' lang='lat' dir='ltr'><strong>dixit</strong></span> <span class='ocrx_word' id='word_1_944' title='bbox 2684 5756 2699 5794; x_wconf 86' lang='lat'><strong>:</strong></span> <span class='ocrx_word' id='word_1_945' title='bbox 2738 5736 2954 5796; x_wconf 80' lang='lat' dir='ltr'><strong>Tollitur</strong></span> <span class='ocrx_word' id='word_1_946' title='bbox 2992 5738 3053 5796; x_wconf 79' lang='lat' dir='ltr'><strong>de</strong></span> <span class='ocrx_word' id='word_1_947' title='bbox 3090 5749 3223 5794; x_wconf 81' lang='lat' dir='ltr'><strong>terra</strong></span> <span class='ocrx_word' id='word_1_948' title='bbox 3260 5738 3358 5793; x_wconf 75' lang='lat' dir='ltr'><strong>vita</strong></span> <span class='ocrx_word' id='word_1_949' title='bbox 3385 5739 3515 5817; x_wconf 67' lang='lat' dir='ltr'><strong>ejusl</strong></span> 
     </span>
    </p>
   </div>
  </div>
