3866 6226
447 297 542 352 911

445 416 656 483 διεΙιῇυίι
685 432 698 468 :
731 413 792 468 Et
819 412 948 466 dabo
973 412 1223 481 improbos
1253 430 1342 482 pro
1371 413 1627 476 sepultura
1655 412 1761 481 ejus
1780 453 1795 476 ,
1823 420 1868 463 et
1892 409 2020 462 diui-

447 521 517 561 tes
546 525 634 576 pro
664 519 818 561 morte
844 507 978 560 illius
1004 505 1154 574 (lsai.
1178 505 1267 559 55.
1297 505 1374 573 9).
1413 504 1526 558 Νοη
1557 504 1868 572 simpliciter
1894 501 2026 556 dixit

445 601 676 656 ludaeus.
704 599 794 652 sed
825 598 1111 666 improbos.
1137 597 1272 662 Quid
1299 600 1438 650 enim
1463 597 1566 650 illis
1590 595 1882 664 improbius
1905 607 2026 648 csso

447 691 632 758 possit,
664 689 752 756 qui
783 696 900 757 post
929 696 1005 740 tot
1032 696 1275 756 tantaque
1304 697 1516 756 accepta
1549 686 1798 740 beneﬁcia
1827 683 2022 738 benefi—
2052 686 2056 690 ’

443 798 562 834 eum
595 779 935 834 occiderunt?
961 779 1067 832 Nisi
1095 778 1207 832 haec
1230 787 1535 840 evenerunt,
1560 778 1658 831 nisi
1691 792 1827 830 nunc
1849 775 2023 830 vivitis

445 872 494 924 in
539 869 820 938 ignominia
845 910 858 932 ,
892 869 990 922 nisi
1029 869 1273 922 omnibus
1306 883 1424 937 qua:
1463 867 1691 936 majores
1729 866 2024 921 habuerunt

441 960 570 1014 estis
601 961 806 1027 privati,
838 959 935 1012 nisi
971 958 1174 1012 corruit
1201 967 1374 1011 vestra
1404 959 1606 1019 civitas,
1640 957 1740 1011 nisi
1769 956 2018 1024 templum

444 1058 678 1103 vestrum
721 1065 929 1104 versum
965 1059 1047 1103 est
1089 1051 1140 1102 in
1186 1049 1424 1113 ruinam,
1452 1049 1676 1118 denique
1707 1048 1806 1102 nisi
1833 1059 2021 1103 vestra:

442 1140 770 1194 calamitates
811 1148 1064 1208 superant
1088 1155 1298 1194 omnem
1338 1139 1677 1209 tragoediam,
1706 1154 1772 1193 ne
1799 1139 2018 1204 credas,

441 1246 476 1284 0
499 1231 700 1285 Juda-e.
722 1230 916 1284 Contra
944 1231 986 1284 si
1020 1245 1104 1284 res
1129 1231 1256 1299 ipsa:
1277 1231 1569 1291 clamitant,
1595 1231 1640 1285 si
1667 1231 1806 1300 quod
1835 1231 2020 1302 praui]-

443 1331 584 1373 ctmn
615 1330 729 1374 erat
757 1336 783 1372 a
818 1319 1087 1388 prophetis
1109 1361 1122 1381 ,
1162 1319 1450 1389 perlectum
1481 1330 1562 1374 est
1591 1336 1606 1372 :
1633 1319 1760 1390 quid
1792 1319 1979 1374 frustra
2001 1360 2017 1387 ,

443 1410 566 1479 quid
613 1412 875 1464 incaswm
918 1410 1193 1478 impudens
1234 1410 1332 1465 es?
1371 1410 1503 1464 Nam
1533 1411 1620 1465 ubi
1651 1412 1734 1464 illa
1761 1411 1900 1480 apud
1927 1426 2021 1467 vos

444 1499 741 1554 veneranda
761 1541 777 1563 ,
810 1499 896 1552 ubi
937 1499 1168 1567 pontifex
1188 1539 1204 1562 ,
1235 1499 1324 1554 ubi
1367 1500 1501 1554 stola
1527 1509 1580 1554 et
1610 1501 1865 1555 rationale
1889 1542 1906 1567 ,
1932 1501 2020 1556 ubi

443 1593 771 1647 declaratio?
803 1592 880 1646 Ne
915 1608 1038 1646 vero
1076 1593 1204 1646 mihi
1249 1593 1377 1648 istos
1419 1592 1745 1661 patriarchas
1784 1592 2018 1659 dixeris,

443 1702 741 1756 caupones,
775 1687 1158 1752 negotiatores,
1193 1687 1337 1741 omni
1379 1687 1653 1757 iniquitate
1689 1687 1897 1756 plenos.
1927 1686 2021 1740 Dic

444 1779 611 1841 mihi,
645 1779 815 1846 qualis
843 1791 920 1833 ρει
961 1778 1244 1844 sacerdos,
1275 1795 1396 1834 cum
1437 1795 1539 1832 non
1583 1779 1653 1832 sit
1699 1790 1849 1833 vetus
1891 1777 2018 1832 illud

442 1869 639 1933 oleum,
666 1885 833 1938 neque
854 1869 1138 1940 quidquam
1165 1871 1381 1924 omnino
1407 1870 1597 1924 veteris
1623 1869 2021 1923 sanctimoniae?

444 1959 555 2020 Die,
585 1958 816 2027 inquam,
846 1961 995 2024 mihi,
1026 1962 1199 2032 qualis
1229 1962 1516 2025 sacriﬁcus,
1550 1977 1668 2016 cum
1701 1977 1805 2015 non
1838 1962 1907 2016 sit
1931 1975 2019 2015 sa-

441 2047 716 2110 crificium,
743 2065 914 2120 neque
933 2051 1121 2115 altare,
1145 2066 1316 2120 neque
1336 2051 1547 2104 cultus?
1571 2051 1660 2104 Vis
1683 2051 1774 2105 tibi
1801 2052 2017 2106 recitem

441 2137 586 2204 leges
615 2137 680 2190 de
718 2139 1050 2206 sacerdotio,
1077 2139 1342 2208 quomodo
1371 2139 1510 2192 soliti
1541 2140 1645 2193 sint
1672 2140 1798 2193 olim
1827 2155 2018 2194 conse-

385 2238 388 2240 ‘
441 2226 620 2281 crari?
647 2225 704 2284 Ut
737 2229 1018 2299 intelligas,
1049 2230 1186 2298 quod
1211 2229 1300 2298 qui
1329 2245 1468 2283 nunc
1491 2231 1626 2298 apud
1656 2245 1748 2284 vr-s
1774 2230 2021 2284 dicuntur

439 2316 774 2393 patriarchae,
800 2334 901 2372 non
928 2319 1034 2371 sint
1052 2319 1373 2384 sacerdotes,
1400 2319 1490 2372 sed
1518 2334 1608 2387 per
1632 2319 2017 2373 simulationem

440 2414 775 2469 sacerdotum
807 2418 964 2478 agant
1005 2424 1279 2478 personam
1302 2450 1316 2474 ,
1347 2424 1445 2464 nec
1474 2409 1625 2463 aliter
1653 2410 1836 2464 ludant
1862 2425 2018 2478 quam

442 2505 722 2560 histrione.
765 2499 820 2552 in
857 2514 1013 2553 scena
1040 2515 1055 2562 ;
1084 2499 1190 2552 imo
1217 2510 1272 2552 ut
1299 2500 1472 2554 verius
1498 2499 1665 2553 dicam
1684 2541 1699 2565 ,
1731 2515 1829 2554 nec
1855 2500 2011 2554 susti-

442 2613 570 2650 nere
607 2597 806 2666 possint
856 2590 1146 2644 sacerdotis
1189 2605 1465 2659 personam
1503 2599 1648 2643 :tam
1689 2592 1869 2659 procul
1913 2606 2017 2645 non

438 2689 608 2742 solum
645 2705 675 2741 a
714 2689 969 2749 veritate,
1001 2699 1178 2737 verum
1225 2683 1382 2746 etiam
1423 2684 1489 2738 ab
1530 2685 1638 2753 ipsa
1683 2687 2020 2741 simulatione

437 2781 716 2834 sacerdotii
745 2781 958 2834 absunt.
990 2774 1284 2834 Recordare
1317 2776 1470 2844 igitur
1489 2777 1753 2844 quomodo
1780 2787 1886 2831 tum
1915 2780 2020 2832 Aa-

439 2885 536 2923 ron
559 2869 725 2924 l‘actus
750 2872 818 2923 sit
839 2865 1107 2929 sacerdos,
1132 2875 1258 2934 quot
1285 2867 1482 2920 hostias
1508 2882 1600 2935 pro
1628 2869 1716 2920 illo
1737 2868 2020 2923 immolarit

438 2959 647 3025 Moses,
686 2969 815 3029 quot
859 2955 1102 3015 victimas
1148 2959 1525 3025 prostraverit,
1560 2960 1826 3027 quomodo
1869 2960 2018 3014 illum

438 3051 658 3116 laverit,
685 3051 950 3120 quomodo
981 3047 1191 3101 unxerit
1221 3047 1385 3116 ipsius
1413 3059 1706 3102 extremum
1732 3051 1978 3105 auricula:
1998 3092 2014 3118 ,

435 3155 647 3194 manum
675 3140 915 3193 dextram
937 3182 952 3205 ,
988 3136 1174 3204 pedem
1205 3137 1445 3194 dextrum
1467 3178 1482 3204 ,
1513 3138 1706 3194 deinde
1745 3140 1796 3193 in
1837 3150 2017 3196 sancta

434 3241 736 3285 sanctorum
768 3226 1120 3284 introduxerit
1142 3241 1158 3290 ;
1197 3234 1315 3294 post
1333 3226 1684 3294 haecjusserit
1706 3230 2016 3302 praescripto

433 3319 640 3375 dierum
667 3334 886 3373 numero
916 3329 1135 3372 manere
1160 3313 1320 3368 intus.
1343 3315 1480 3381 Quin
1513 3318 1684 3386 potius
1705 3333 1882 3387 operte
1908 3334 2020 3386 pre~

433 3410 568 3464 tium
595 3419 674 3463 est
703 3410 812 3476 ipsa
839 3408 1000 3462 verba
1031 3403 1214 3457 audire
1243 3421 1256 3457 :
1293 3403 1416 3459 Haec
1435 3447 1450 3471 ,
1483 3406 1683 3475 inquit,
1713 3409 1879 3462 unctio
1909 3411 2014 3462 Aa-

434 3516 546 3561 ron,
571 3508 617 3552 et
643 3508 808 3551 unctio
834 3498 1054 3563 ﬁliorum
1080 3495 1208 3564 ejus.
1233 3493 1300 3547 Et
1324 3495 1559 3564 loquutus
1582 3506 1655 3550 est
1683 3497 1926 3554 Dominus
1947 3503 2016 3554 ad

439 3589 631 3643 Mosen:
668 3589 836 3641 dicens
866 3604 885 3641 :
913 3589 1126 3642 Assttme
1158 3585 1328 3638 Aaron
1365 3594 1412 3638 et
1449 3585 1581 3653 ﬁlios
1617 3588 1754 3656 ejus,
1781 3599 1829 3642 et
1860 3591 2016 3645 stolas

435 3697 634 3744 eorum,
665 3689 713 3732 et
745 3679 990 3732 unctionis
1031 3676 1231 3739 oleum,
1271 3685 1315 3728 et
1342 3676 1548 3728 vitulum
1579 3695 1669 3745 pro
1709 3694 1906 3747 peccato
1927 3723 1942 3746 ,
1970 3690 2014 3734 et

435 3770 669 3834 arietem,
697 3778 743 3822 et
783 3785 997 3822 convoca
1035 3781 1347 3835 synagogam
1382 3765 1450 3818 ad
1490 3767 1671 3819 ostium
1709 3767 2015 3824 tabernaculi

435 3863 720 3916 testimonii.
752 3860 814 3913 Et
839 3861 965 3914 dixit
992 3859 1160 3912 Moses
1185 3857 1428 3911 universis
1467 3859 1776 3912 multitudmi
1809 3878 2016 3932 congre-

433 3962 564 4021 gata:
590 3969 609 4004 :
634 3951 713 4002 hic
737 3960 807 4004 est
832 3966 1013 4014 sermo,
1041 3963 1187 4016 quem
1215 3947 1466 4000 mandavit
1494 3947 1757 4001 Dominus.
1786 3949 1852 4002 Et
1874 3961 2013 4019 post-

434 4058 584 4110 quam
611 4041 904 4093 admovisset
933 4056 1014 4092 eos
1043 4037 1344 4108 (dicendum
1372 4047 1455 4092 est
1479 4040 1619 4091 enim
1651 4041 2010 4110 campcndio),

433 4133 550 4185 lavit
571 4147 652 4183 eos
672 4147 822 4199 aqua,
847 4130 1012 4182 induit
1035 4128 1226 4192 tunica,
1253 4129 1405 4181 cinxit
1429 4145 1578 4194 zona,
1604 4130 1766 4183 induit
1793 4134 2015 4203 epcndy-

433 4232 514 4273 ten
531 4261 543 4282 ,
570 4220 805 4284 imposuit
833 4219 1118 4282 humerale,
1149 4218 1409 4288 prtecinxit
1433 4217 1579 4271 illum
1603 4237 1663 4272 ac
1687 4221 2009 4290 substrinxit,

431 4310 667 4377 imposuit
693 4309 935 4362 rationale
952 4349 967 4374 ,
999 4318 1042 4361 et
1067 4325 1218 4378 super
1243 4308 1490 4362 rationale
1512 4309 1748 4380 imposuit
1774 4312 2009 4366 declara-

433 4400 616 4453 tionem
641 4409 686 4452 et
714 4401 964 4452 veritatem
994 4414 1013 4452 :
1037 4409 1082 4452 et
1106 4399 1304 4452 mitram
1333 4399 1566 4468 imposuit
1594 4402 1748 4471 capiti
1775 4403 1932 4467 illius,
1965 4412 2011 4456 et

431 4507 581 4559 super
623 4492 823 4543 mitram
866 4490 1107 4543 laminam
1150 4506 1354 4542 auream
1392 4506 1411 4543 :
1446 4491 1624 4544 deinde
1664 4501 1863 4559 sumpto
1901 4495 2008 4547 oleo

431 4580 705 4649 conspersit
734 4581 893 4632 altare
912 4621 926 4643 ,
955 4588 1001 4632 et
1029 4579 1354 4646 sancti/icavit
1380 4580 1546 4643 illud;
1573 4591 1618 4633 et
1644 4597 1762 4636 vasa
1781 4623 1794 4644 ,
1821 4592 1869 4636 et
1902 4585 2010 4653 pel-

428 4674 528 4724 vim
551 4682 595 4725 et
621 4671 798 4731 basiat,
825 4680 871 4724 et
895 4671 1227 4738 sanetiﬁcavit
1252 4680 1328 4734 ea,
1355 4681 1400 4723 et
1420 4671 1596 4737 e/fudit
1621 4690 1682 4726 ex
1709 4691 1764 4727 eo
1786 4675 1837 4727 in
1858 4686 2008 4743 caput

431 4761 600 4812 Aaron
631 4775 650 4812 .'
679 4770 723 4812 et
751 4757 871 4826 ﬁliis
895 4759 1031 4812 illius
1059 4758 1286 4813 similiter
1309 4760 1444 4828 fecit,
1475 4771 1518 4814 et
1542 4761 1754 4814 adduxit
1775 4765 2004 4819 vitulum.

432 4848 556 4902 Cum
583 4858 745 4901 autem
772 4849 1076 4902 immolasset
1102 4865 1234 4914 eum,
1267 4859 1527 4920 postquam
1557 4851 1723 4904 Aaron
1745 4869 1859 4906 cum
1887 4855 2009 4922 ﬁliis

431 4939 536 4991 suis
559 4937 873 5005 imposuisset
895 4954 1091 5001 manus,
1116 4940 1327 5007 sumpsit
1353 4941 1414 4992 de
1437 4941 1680 5009 sanguine
1705 4951 1750 4994 et
1771 4942 2008 5011 imposuit

429 5027 661 5080 cornibus
695 5026 896 5088 altaris,
927 5037 969 5081 et
997 5029 1276 5096 puriﬁcavit
1314 5029 1502 5092 altare,
1533 5040 1578 5082 et
1607 5032 1900 5100 sanguinem
1926 5036 2005 5103 ef-

429 5118 558 5187 fudit
583 5119 634 5170 in
657 5115 812 5168 basim
837 5117 1032 5184 altaris,
1055 5128 1100 5170 et
1119 5119 1445 5186 sanctiﬁcavit
1465 5119 1614 5186 illud,
1637 5130 1690 5173 ut
1712 5122 2006 5191 prapitiaret

427 5224 580 5277 super
601 5207 748 5260 illud.
778 5205 974 5260 Deinde
998 5216 1256 5276 postquam
1283 5210 1510 5277 quantum
1536 5226 1598 5263 ea.
1621 5211 1698 5264 his
1719 5223 2003 5280 cremasset,

425 5297 531 5352 alia
557 5298 680 5366 [oris
699 5338 714 5362 ,
745 5298 848 5350 alia
872 5298 1004 5350 intus
1023 5338 1038 5360 ,
1071 5298 1281 5351 adduxit
1306 5315 1478 5353 rursus
1503 5300 1706 5354 arietem
1727 5341 1740 5362 ,
1767 5313 1812 5355 et
1841 5303 2007 5372 ipsum

427 5387 698 5440 immolavit
722 5388 774 5439 in
801 5387 1168 5452 holocaustum,
1193 5397 1238 5440 et
1257 5388 1435 5440 iterum
1459 5388 1674 5442 adduxit
1698 5390 1853 5443 alium
1875 5393 2007 5446 arie-

425 5489 522 5532 tem
549 5479 991 5532 consummationis
1019 5495 1036 5532 :
1061 5489 1108 5531 et
1137 5494 1308 5532 rursus
1337 5479 1536 5532 Aarone
1559 5496 1670 5532 cum
1699 5482 1820 5549 ﬁliis
1843 5484 2007 5551 impo-

425 5579 574 5622 nente
597 5585 774 5621 manus
795 5567 974 5621 occidit
997 5583 1016 5621 :
1039 5584 1336 5637 sumensque
1357 5570 1417 5622 de
1439 5570 1679 5639 sanguine
1701 5571 1829 5640 ejus,
1856 5589 2006 5642 super

425 5668 700 5712 attentum
741 5657 981 5714 auricula:
1016 5659 1182 5712 Aaron
1218 5659 1406 5713 dextris
1427 5698 1442 5726 ,
1472 5669 1517 5714 et
1549 5677 1702 5733 super
1730 5672 2002 5718 extremum

1182 296 1239 351 S.
1279 293 1556 352 JOANNIS
1593 289 2068 350 CllRYSOSTOMl
2106 291 2423 348 ARClil-EP.
2463 292 2993 350 CONSTANTINOP.

3623 299 3721 354 9η

2131 419 2311 461 manus
2335 409 2553 472 dextras,
2584 419 2628 461 et
2667 427 2817 478 super
2845 421 3118 463 extremum
3155 411 3297 480 pedis
3331 411 3496 464 dextri
3517 455 3534 477 ,
3571 414 3722 464 simili

2132 499 2281 552 medo
2308 498 2424 566 fecit
2445 509 2488 553 et
2513 500 2630 568 ﬁliis
2657 500 2812 554 illius.
2842 499 3033 554 Deinde
3054 518 3254 554 sumens
3283 503 3516 570 quadam
3544 503 3610 553 de
3633 506 3722 554 ho—

2128 589 2226 642 stia
2269 589 2500 658 imposuit
2540 590 2768 644 manibus
2809 591 2982 646 Aaron
3023 600 3070 645 et
3108 592 3330 660 ﬁliorum
3367 596 3512 664 ejus,
3553 610 3616 645 ac
3652 610 3722 645 sic

2130 679 2327 733 obtulit.
2357 680 2422 733 Et
2447 690 2647 750 sumpto
2673 699 2846 736 rursus
2873 683 3115 753 sanguine
3139 693 3186 737 et
3212 684 3274 737 de
3298 685 3408 738 oleo
3439 688 3720 753 conspersit

2128 786 2279 840 super
2301 770 2470 823 Aaron
2501 781 2544 824 et
2568 771 2720 825 stolas
2744 773 2901 845 illius,
2931 783 2977 827 et
3000 791 3150 844 super
3172 776 3305 843 ﬁlios
3334 779 3468 846 ejus,
3492 788 3542 830 et
3570 795 3721 842 super

2129 860 2283 913 stolas
2318 877 2489 913 eorum
2518 871 2600 938 ζει
2624 863 2951 929 sanctiﬁcavit
2978 881 3089 932 eos,
3113 875 3159 918 et
3187 867 3340 936 jussit
3365 879 3421 919 ut
3449 881 3719 936 coquereut

2129 966 2304 1004 carnes
2334 953 2384 1004 in
2414 953 2542 1005 atrio
2574 952 2879 1007 tabernaculi
2909 956 3192 1022 testimonii,
3225 957 3428 1026 illicque
3452 961 3526 1012 eis
3555 975 3722 1013 vesce-

2127 1053 2304 1096 rentur
2335 1059 2353 1096 :
2394 1054 2439 1095 et
2475 1045 2537 1097 ab
2572 1045 2699 1098 ostio
2737 1047 3043 1100 tabernaculi
3077 1049 3344 1102 testimonii
3384 1067 3451 1103 ne
3489 1053 3723 1121 egredia-

2129 1133 2286 1195 mini,
2320 1134 2518 1203 inquit,
2550 1135 2655 1187 dies
2684 1145 2871 1205 septem
2890 1177 2905 1201 ,
2935 1136 3092 1189 donec
3129 1137 3233 1191 dies
3266 1139 3546 1206 impleatur
3565 1181 3582 1206 ,
3616 1141 3723 1194 dies

2127 1227 2457 1282 ordinationis
2486 1241 2678 1284 vestrm.
2712 1231 2914 1300 Septem
2941 1234 3071 1286 enim
3097 1234 3266 1288 diebus
3288 1236 3506 1290 initiabit
3535 1255 3722 1291 manus

2126 1328 2314 1371 vestras
2335 1359 2349 1380 ,
2375 1328 2428 1371 ut
2462 1322 2759 1387 propitiatur
2785 1339 2874 1389 pro
2901 1324 3037 1376 vobis
3060 1322 3249 1394 (Leuit.
3281 1327 3334 1378 7.
3365 1327 3468 1387 '55;
3503 1327 3560 1380 8.
3595 1329 3644 1382 Ι.
3673 1339 3720 1380 et

2125 1409 2308 1478 seqq.).
2334 1410 2466 1464 Cum
2492 1411 2649 1480 igitur
2673 1412 2814 1466 dicat
2846 1414 2926 1466 his
2956 1415 3112 1468 rehus
3139 1416 3395 1470 initiatum
3427 1418 3596 1472 fuisse
3621 1422 3720 1472 Aa-

2125 1513 2246 1565 ron,
2279 1500 2360 1553 his
2391 1501 2746 1570 puriﬁcatum,
2778 1503 2860 1558 his
2889 1505 3292 1572 sanctificatum,
3327 1523 3422 1576 per
3452 1509 3572 1563 h.ec
3603 1511 3717 1576 pla-

2127 1605 2276 1646 casse
2309 1592 2471 1647 Deunt
2493 1635 2507 1660 ,
2539 1593 2668 1646 nihil
2697 1603 2872 1647 autem
2905 1595 3091 1649 horum
3117 1613 3255 1650 utmc
3282 1600 3404 1662 liat,
3437 1615 3616 1668 neque
3643 1603 3718 1652 vi-

2125 1684 2282 1736 ctima
2322 1700 2492 1753 neque
2524 1686 2910 1750 holocaustum,
2945 1703 3112 1756 neque
3151 1691 3420 1756 sanguinis
3449 1693 3716 1759 aSpersio,

2127 1789 2298 1842 neque
2327 1774 2428 1828 olei
2457 1774 2692 1828 iuttnctiu
2713 1818 2728 1841 ,
2760 1792 2858 1830 uec
2883 1777 3020 1831 adsit
3047 1778 3440 1832 tabernaculum
3470 1784 3717 1836 testimo-

2126 1868 2195 1920 nii
2217 1908 2230 1931 ,
2261 1883 2432 1936 neque
2467 1868 2532 1920 ad
2563 1869 2877 1937 praefinitum
2915 1869 3119 1922 dierum
3144 1887 3424 1926 numerum
3465 1874 3718 1929 sedeatur

2126 1959 2265 2014 intus
2290 1978 2301 2012 :
2331 1960 2570 2032 profecto
2601 1957 2770 2029 palam
2798 1972 2877 2015 est
2904 1961 3254 2028 sacerdotem,
3282 1964 3371 2031 qui
3402 1981 3548 2019 nunc
3579 1967 3714 2034 apud

2126 2050 2257 2103 istos
2285 2061 2362 2104 est
2385 2091 2400 2113 ,
2433 2051 2696 2119 impurum
2728 2065 2789 2104 ac
2815 2050 3070 2105 nefarium
3101 2067 3218 2106 esse
3237 2094 3249 2118 ,
3285 2054 3626 2124 illcgitimum
3654 2071 3716 2110 ac

2127 2140 2424 2208 ιιι-εεΐειιιιιιιι,
2453 2140 2677 2208 denique
2707 2139 2771 2193 ad
2803 2141 2931 2194 iram
2963 2141 3127 2196 Deum
3157 2157 3468 2210 provocare.
3501 2145 3715 2199 Etenim

2123 2230 2167 2282 si
2209 2245 2313 2283 non
2359 2240 2564 2298 poterat
2607 2231 2762 2285 aliter
2802 2232 3136 2296 consecrari,
3169 2233 3266 2286 nisi
3299 2233 3448 2288 hisce
3484 2235 3676 2289 ritibus
3699 2278 3715 2299 ,

2125 2323 2342 2374 omnino
2371 2337 2588 2376 necesse
2615 2331 2698 2376 cst
2740 2331 2905 2377 totum
2953 2324 3305 2378 sacerdotium
3348 2325 3567 2383 illorum
3611 2344 3716 2381 non

2124 2411 2436 2465 consistere.
2471 2410 2632 2465 Vides
2660 2426 2688 2464 a
2720 2427 2804 2465 me
2843 2413 3031 2466 merito
3057 2413 3272 2477 dictum,
3304 2415 3448 2484 quod
3487 2432 3595 2469 non
3626 2432 3717 2470 so-

2125 2501 2233 2554 lum
2263 2517 2290 2554 a
2322 2503 2540 2557 veritate
2565 2542 2581 2568 ,
2613 2518 2794 2557 verum
2826 2504 2984 2557 etiam
3013 2503 3081 2558 ab
3123 2504 3233 2573 ipsa
3264 2507 3338 2558 rei
3369 2506 3716 2562 simulatione

2124 2593 2305 2658 procul
2335 2593 2543 2644 ahsunt.

2194 2679 2248 2732 6.
2279 2679 2480 2744 Qtumta
2508 2681 2571 2734 sit
2599 2681 2866 2734 sacerdotii
2892 2681 3130 2751 dignitas.
3152 2713 3222 2722 —
3249 2682 3358 2738 Nec
3385 2701 3454 2738 ex
3485 2686 3572 2740 his
3603 2696 3717 2740 tan-

2125 2777 2233 2822 ttttn
2255 2810 2271 2833 ,
2300 2785 2482 2823 verum
2508 2770 2664 2824 etiam
2693 2787 2758 2824 ex
2786 2771 2902 2824 aliis
2927 2771 3132 2825 discere
3160 2771 3299 2836 licet,
3324 2787 3524 2840 quanta
3558 2775 3716 2830 fuerit

2123 2859 2402 2914 Sacerdotii
2433 2859 2680 2928 dignitas.
2721 2859 2946 2914 Proinde
2971 2876 3090 2913 cum
3117 2861 3372 2916 adversus
3400 2866 3585 2918 Aaron
3626 2880 3711 2918 se-

2122 2950 2375 3004 diittncm
2402 2951 2691 3003 movissent
2719 2949 2956 3004 h-nnines
2981 2951 3191 3019 quidam
3215 2953 3465 3006 scelerati
3494 2955 3714 3022 perditi-

2121 3057 2256 3112 qne,
2283 3049 2535 3096 conantes
2565 3057 2686 3094 eum
2715 3056 2741 3093 a
2773 3041 3066 3110 principatu
3093 3042 3359 3112 depellere
3380 3083 3392 3105 ,
3429 3053 3486 3098 et
3513 3044 3584 3098 de
3615 3045 3709 3098 ho.

2122 3148 2252 3186 nore
2289 3149 2408 3186 cum
2457 3133 2544 3186 illo
2586 3131 2940 3200 disceptarent
2979 3150 2992 3184 :
3031 3134 3494 3187 mansuetissimus
3538 3136 3709 3194 Moses

2119 3221 2339 3289 cupiens
2367 3221 2466 3274 illis
2489 3221 2646 3273 rebus
2672 3220 2796 3288 ipsis
2823 3220 2996 3275 facere
3020 3221 3196 3286 iidem,
3220 3223 3360 3291 quod
3389 3239 3497 3276 non
3522 3236 3582 3278 ut
3610 3225 3707 3278 ira-

2122 3323 2290 3376 trem,
2319 3325 2408 3367 aut
2432 3324 2711 3383 Cognatam
2731 3355 2743 3378 ,
2777 3323 2869 3366 aut
2897 3314 3200 3372 latniliarcm
3220 3355 3235 3379 ,
3262 3316 3530 3371 evexisset
3564 3319 3708 3372 illum

2121 3407 2186 3458 ad
2216 3421 2335 3459 cum
2378 3405 2670 3469 honorem,
2712 3405 2803 3457 sed
2846 3405 2934 3458 Dei
2977 3420 3167 3474 parens
3192 3406 3366 3460 edicto
3397 3408 3712 3463 tradidisset

2120 3495 2192 3548 illi
2223 3495 2574 3549 sact-rdotium
2608 3493 2751 3557 illud,
2780 3494 2937 3563 jussit
2964 3505 3018 3548 ut
3045 3511 3370 3564 unaqumque
3397 3498 3578 3551 tribus
3605 3500 3713 3553 vir-

2119 3600 2235 3654 gain
2265 3585 2498 3649 aﬂ'erret,
2528 3585 2666 3639 idem
2697 3586 2944 3653 przecepit
2970 3587 3164 3639 Aaroni
3196 3602 3352 3640 :cum
3379 3589 3708 3656 attulissent,

2119 3692 2306 3732 omnes
2334 3677 2568 3744 accepit,
2600 3685 2654 3730 et
2687 3677 2826 3730 intus
2865 3677 3117 3745 repoSnit.
3153 3677 3227 3730 Eo
3261 3675 3402 3730 facto
3423 3679 3591 3745 jussit
3614 3695 3713 3734 ex-

2118 3768 2344 3835 spectari
2370 3767 2604 3821 divinum
2630 3766 2912 3834 judicium,
2938 3767 3076 3835 quod
3105 3783 3199 3837 per
3221 3769 3392 3837 virgas
3423 3770 3544 3824 illas
3565 3783 3711 3826 esset

2121 3857 2511 3926 proferendum.
2548 3857 2744 3912 Deinde
2769 3873 2886 3912 cum
2917 3859 3073 3912 simul
3101 3859 3334 3911 omnium
3371 3861 3708 3930 reliquorum

2120 3949 2278 4017 virga:
2315 3957 2596 4003 manerent
2625 3949 2676 4002 in
2715 3948 2901 4002 eodem
2949 3948 3162 4014 habitu,
3193 3951 3303 4003 sola
3347 3951 3494 4020 virga
3527 3955 3706 4018 Aaron

2117 4037 2472 4105 germinavit,
2521 4036 2838 4108 frondesque
2875 4038 3122 4107 produxit
3161 4053 3221 4092 ac
3259 4039 3466 4093 fructus
3496 4041 3517 4112 (
3543 4040 3704 4096 Nam.

2119 4127 2232 4197 t7),
2258 4137 2314 4181 ut
2340 4127 2710 4196 intelligerent,
2737 4135 2940 4180 naturae
2968 4127 3245 4180 Dominum
3267 4128 3416 4181 illum
3440 4129 3707 4199 delegisse

2116 4219 2327 4282 denuo,
2359 4217 2652 4271 litterarum
2681 4217 2796 4270 vice
2824 4216 2959 4270 loliis
2989 4232 3159 4270 usum.
3189 4217 3396 4271 Etenim
3431 4222 3523 4287 qui
3559 4221 3707 4276 initio

2116 4308 2324 4363 dicebat.
2349 4325 2363 4361 :
2387 4305 2640 4360 Germinet
2668 4314 2801 4358 terra
2828 4305 3029 4359 herbam
3055 4308 3295 4376 graminis
3327 4307 3481 4378 (Gen.
3511 4311 3566 4363 l.
3595 4311 3702 4378 11),

2115 4399 2334 4466 ejusque
2375 4396 2479 4449 vim
2509 4396 2573 4448 ad
2606 4394 3025 4449 lructilicandum
3053 4397 3335 4450 excimvit:
3369 4398 3513 4454 idem
3550 4410 3608 4456 et
3642 4402 3704 4455 il-

2115 4488 2204 4542 lud
2235 4487 2430 4557 lignum
2458 4484 2599 4555 quod
2627 4494 2743 4539 erat
2765 4485 2969 4539 aridum
3001 4497 3053 4540 ct
3080 4487 3468 4557 inlrugilcrum,
3504 4490 3631 4545 fecit
3653 4501 3706 4546 ut

2112 4581 2310 4649 absque
2339 4589 2476 4634 terra
2505 4590 2559 4633 et.
2582 4583 2695 4634 sine
2725 4582 2900 4636 radice
2926 4585 3237 4652 germinarel
3266 4603 3279 4638 :
3305 4595 3530 4654 eratque
3556 4588 3704 4643 dein-

2112 4684 2238 4738 ceps
2270 4671 2411 4739 \irga
2442 4671 2526 4724 illa
2558 4685 2925 4740 argumentum
2958 4684 3011 4728 et
3050 4676 3404 4729 testimonium
3441 4689 3551 4731 tam
3585 4681 3703 4734 illo-

2115 4776 2230 4812 rum
2258 4761 2490 4824 malitiae,
2511 4777 2666 4829 quam
2689 4762 2846 4815 divini
2862 4763 3066 4832 judicii,
3087 4781 3187 4818 non
3213 4768 3465 4821 etnittens
3488 4771 3702 4838 quidem

2115 4867 2324 4920 vocem,
2341 4853 2434 4907 sed
2458 4854 2571 4922 ipso
2591 4866 2805 4923 aspectu
2826 4857 3011 4925 quavis
3032 4857 3152 4911 tuba
3173 4858 3366 4912 clarius
3383 4861 3700 4932 exhortans,

2114 4957 2182 4996 ne
2208 4943 2330 5011 quid
2360 4943 2537 4996 talium
2569 4945 2858 4998 facinorum
2887 4947 2936 4999 in
2967 4956 3234 5015 posterum
3255 4949 3698 5019 aggrederentur.

2111 5030 2219 5086 Nec
2263 5032 2363 5087 hoc
2400 5034 2557 5087 tuodo
2588 5043 2785 5088 tantum
2807 5075 2822 5100 ,
2852 5037 2944 5090 sed
2988 5037 3093 5090 alio
3129 5039 3354 5106 quodam
3380 5053 3701 5110 argumento

2115 5122 2252 5176 Deus
2280 5122 2571 5177 declaravit
2611 5140 2730 5178 eum
2776 5125 3127 5180 sacerdotem.
3159 5127 3370 5182 Etenim
3396 5144 3522 5183 cum
3550 5133 3697 5186 multi

2113 5223 2254 5268 mota
2295 5215 2548 5269 adversus
2589 5215 2737 5268 illum
2781 5217 3039 5272 seditione
3065 5227 3373 5287 appeterent
3399 5220 3571 5288 ipsius
3603 5222 3696 5275 ho-

2112 5320 2296 5359 norem
2329 5322 2342 5358 :
2374 5305 2696 5374 principatus
2725 5306 2865 5359 enim
2899 5322 2985 5360 res
3022 5317 3104 5360 est
3135 5323 3229 5377 pro
3265 5322 3366 5376 qua
3406 5308 3698 5378 depugnari

2111 5397 2265 5463 solet,
2297 5406 2352 5450 et
2378 5413 2496 5466 qua:
2524 5398 2787 5464 expetitur
2808 5414 2838 5450 a
2871 5397 3046 5452 ntultis
3078 5415 3092 5452 :
3119 5399 3275 5467 jussit
3304 5409 3360 5451 ut
3388 5399 3554 5452 illatis
3578 5401 3701 5452 thu-

2111 5486 2318 5551 ribulis,
2347 5497 2400 5540 et
2431 5487 2676 5556 imposito
2707 5487 3071 5557 thymiamate,
3101 5488 3302 5541 czelitus
3327 5499 3704 5558 exspectarent

2111 5576 2447 5630 sententiam.
2499 5579 2670 5646 Atque
2713 5577 2815 5630 illis
2861 5577 3195 5632 atlolcntibus
3231 5585 3369 5630 terra
3411 5577 3699 5631 dehiscens

2111 5679 2297 5721 omnes
2321 5666 2614 5734 absorbuit,
2638 5665 2726 5738 qui
2753 5681 2873 5722 cum
2902 5667 3027 5737 ipsis
3053 5677 3435 5721 consenserant
3459 5685 3474 5719 :
3501 5681 3700 5737 eosun

3807 383 3818 638 ἓ
