3862 6228
148 232 263 287 915

145 346 238 411 qui
265 340 525 395 tltnribula
556 348 910 410 sumpserant,
939 339 1071 411 i'gnis
1091 354 1121 394 e
1146 339 1277 395 carlo
1297 338 1557 394 demiSStts
1579 352 1731 390 exus-

144 433 219 487 sit
250 431 438 501 (Num.
472 431 583 500 16).
613 431 749 485 Tum
780 446 847 486 ne
876 431 1013 501 quod
1044 430 1308 485 acciderat
1337 428 1589 498 temporis
1613 443 1737 499 pro-

144 535 340 591 gressu
368 520 617 575 oblivioni
646 520 883 586 daretur,
916 536 1048 576 neve
1085 520 1446 576 admirabilem
1480 519 1613 575 hanc
1640 518 1734 574 Dei

144 612 469 666 sententiam
516 612 821 682 ignorarent
866 612 1097 682 posteri,
1142 611 1392 682 praecepit
1432 611 1643 677 Moses,
1678 617 1736 664 ut

148 704 421 759 thuribnla
464 714 671 772 smnpta
710 704 1036 773 applicarent
1069 703 1134 758 ad
1163 705 1328 759 altare
1349 744 1364 767 ,
1397 713 1452 757 ut
1478 701 1733 773 quemad-

147 793 369 850 modum
402 795 544 865 virga
571 796 686 849 sine
714 810 843 849 voce
866 810 1048 850 vocem
1080 796 1256 850 emisit
1284 796 1398 864 ipso
1426 802 1731 862 conspectu,

146 884 337 937 itidem
367 892 432 937 et.
458 884 540 937 lue
586 884 796 938 lamina:
832 894 1072 954 posteros
1100 886 1493 954 alluquerentur
1517 896 1733 947 omnes,

145 975 537 1042 admonerent,
569 976 737 1045 iisque
765 977 1133 1041 consulerent,
1165 992 1232 1031 ne
1270 977 1529 1046 majorum
1556 990 1738 1030 amen-

146 1066 279 1118 tiam
304 1066 657 1130 imitarentur,
683 1082 748 1121 ne
770 1067 980 1136 quando
1000 1068 1157 1121 simili
1182 1082 1334 1137 paena
1358 1067 1735 1134 plecterentur.

146 1154 339 1219 Vides,
365 1166 419 1207 ιιι
440 1156 563 1208 olim
589 1156 891 1211 sacerdotes
912 1158 1253 1210 crearentur?
1272 1155 1422 1209 Nunc
1446 1170 1571 1209 vero
1594 1155 1738 1207 lusus

146 1250 287 1302 meri
332 1260 456 1302 sunt
497 1250 771 1319 risusque,
798 1266 915 1319 qua:
955 1250 1087 1303 fiunt
1119 1249 1255 1319 apud
1284 1248 1494 1302 Judatos
1520 1245 1694 1301 omnia
1718 1285 1735 1311 ,

148 1339 329 1407 pudor
358 1348 412 1393 et
450 1342 765 1409 eaupouatio
805 1341 956 1409 plena
994 1342 1267 1395 immensa:
1301 1339 1600 1409 impietatis.
1631 1338 1739 1393 llos

148 1431 318 1499 igitur
344 1432 601 1499 sequeris,
632 1430 719 1485 die
743 1431 892 1495 mihi,
920 1431 1008 1500 qui
1035 1431 1374 1499 pertinaciter
1400 1430 1576 1484 solent
1598 1442 1739 1483 sem-

149 1537 253 1590 per
280 1531 389 1574 tum
424 1522 596 1575 facere
616 1562 629 1585 ,
661 1532 768 1575 tum
799 1522 977 1577 dicere
1006 1524 1180 1576 omnia
1202 1563 1218 1588 ,
1258 1537 1377 1591 qua:
1416 1520 1508 1574 Dei
1538 1520 1740 1588 legibus

148 1613 546 1667 adversentur?
570 1613 635 1667 ad
666 1615 851 1667 horum
882 1628 1174 1684 synagogas
1198 1612 1475 1668 accurris?
1496 1611 1605 1666 Nec
1628 1627 1741 1666 me-

151 1704 283 1764 tuis,
311 1720 375 1757 ne
403 1702 635 1757 fulminis
656 1704 882 1773 impetus
904 1704 1104 1757 czelitus
1126 1704 1360 1758 emicans
1380 1710 1566 1756 exurat
1583 1708 1742 1768 caput

152 1786 352 1839 tuum?
380 1788 460 1838 Au
493 1787 702 1856 ignoras
720 1827 736 1853 ,
763 1802 856 1841 eos
879 1788 967 1857 qui
999 1788 1095 1857 ipsi
1117 1786 1331 1857 quidem
1355 1800 1461 1840 non
1497 1785 1740 1855 prtedan-

150 1885 264 1940 tur,
294 1876 386 1930 sed
414 1886 585 1931 tamen
617 1878 666 1930 in
698 1878 1005 1948 prmdouum
1033 1878 1300 1948 speluncis
1323 1878 1591 1946 conspecti
1619 1875 1739 1930 fue-

150 1968 286 2034 rint,
318 1969 529 2023 easdem
555 1969 681 2024 dare
707 1984 890 2039 poenas
910 1985 1041 2041 quas
1066 1970 1342 2041 prtedones
1359 1969 1383 2023 Τ
1403 1968 1537 2036 Quid
1564 1977 1741 2023 autem

150 2060 348 2127 loquor
372 2059 437 2114 de
466 2060 842 2129 praedonibus?

234 2150 532 2204 Statuerunt
555 2151 882 2221 dejectionem
911 2162 1172 2205 memorat.
1212 2181 1283 2193 -—
1320 2151 1567 2206 Profecto
1592 2151 1740 2206 scitis

153 2256 348 2294 oumes
375 2257 437 2294 ac
470 2243 805 2308 meministis,
836 2244 1049 2310 quando
1078 2242 1214 2311 apud
1243 2256 1342 2296 nos
1365 2241 1607 2295 scelerati
1633 2241 1743 2310 qui-

153 2332 285 2386 datu
317 2334 556 2388 homines
604 2344 657 2386 et
707 2334 1116 2403 pra-stigiatores
1163 2342 1365 2387 statuas
1412 2332 1739 2401 dejecerunt,

153 2442 267 2495 quo
297 2435 450 2496 pacto
471 2442 572 2481 non
603 2426 672 2479 illi
697 2437 892 2480 tantum
920 2428 1007 2496 qui
1039 2425 1241 2480 facinus
1266 2425 1380 2479 ausi
1396 2424 1621 2486 fuerant,
1645 2423 1742 2477 sed

154 2526 421 2587 quotquot
442 2518 752 2587 simpliciter
775 2527 1064 2586 praesentes
1093 2517 1360 2588 conspecti
1388 2525 1533 2571 erant
1562 2555 1579 2581 ,
1606 2529 1743 2584 quo-

158 2611 306 2664 niam
341 2610 654 2664 videbantur
686 2610 789 2666 illis
818 2611 1064 2665 assentiri
1090 2652 1106 2675 ,
1134 2610 1184 2663 in
1211 2609 1465 2679 judicium
1494 2606 1698 2676 abrepti
1723 2646 1739 2673 ,

154 2702 426 2771 simulque
467 2716 589 2755 cum
620 2701 723 2755 illis
750 2701 963 2755 abducti
1003 2742 1020 2767 ,
1067 2710 1307 2755 extremo
1351 2700 1609 2769 supplicio
1637 2699 1745 2752 sint

141 2791 360 2846 .afl‘ecti.
388 2791 468 2845 Tu
491 2807 619 2847 vero
643 2792 730 2846 ubi
748 2792 905 2846 Pater
929 2792 1154 2847 afficitur
1178 2791 1495 2846 contumelia
1511 2830 1526 2855 ,
1546 2790 1635 2844 ubi
1659 2789 1743 2845 Fi-

158 2883 268 2938 lius
292 2883 570 2938 lacessitur
596 2884 849 2938 conviciis
875 2922 893 2950 ,
927 2884 1013 2938 ubi
1040 2892 1257 2938 sanctus
1284 2891 1338 2936 et
1360 2882 1601 2937 viviﬁcus
1625 2880 1745 2949 Spi-

156 2973 297 3026 ritus
313 2972 687 3038 contemnitur,
719 2988 783 3026 eo
803 2973 986 3027 studes
1010 2971 1329 3027 accurrere?
1356 2970 1471 3025 Non
1500 2970 1696 3024 metuis
1720 3010 1736 3037 ,

158 3077 271 3116 non
299 3062 582 3129 horrescis,
607 3078 724 3116 cum
755 3062 979 3131 teipsum
1008 3064 1059 3116 itt
1104 3063 1217 3117 loca
1261 3061 1476 3132 profana
1507 3062 1741 3130 impura-

156 3168 268 3221 que
292 3153 544 3220 conjicis?
574 3153 666 3207 Dic
696 3153 844 3217 mihi,
873 3168 1029 3222 quam
1062 3153 1281 3208 habebis
1307 3154 1698 3207 excusationem
1722 3191 1739 3217 ,

158 3258 323 3314 quam
353 3245 559 3299 veniam
584 3284 601 3312 ,
647 3245 737 3314 qui
765 3244 946 3298 volens
974 3243 1197 3313 teipsum
1220 3244 1271 3296 in
1302 3242 1609 3297 barathrum
1641 3242 1742 3296 int-

156 3336 364 3402 mittas,
395 3336 447 3389 in
477 3336 823 3405 praicipitium
855 3336 969 3391 dcs.

235 3424 377 3478 Libri
402 3426 562 3479 sancti
583 3442 679 3479 non
702 3436 929 3479 sanctam
957 3426 1151 3497 faciunt
1181 3424 1612 3496 Synagogam.—
1634 3424 1742 3480 Ne-

158 3530 268 3585 que
294 3516 435 3570 enitn
462 3515 588 3569 mihi
616 3516 742 3569 illud
767 3516 984 3581 dixeris,
1010 3516 1150 3586 quod
1180 3517 1288 3571 illic
1309 3516 1407 3571 sita
1433 3526 1518 3570 est
1544 3517 1622 3569 lex
1644 3556 1658 3580 ,
1689 3524 1745 3570 et

162 3612 539 3676 prophetarum
564 3605 705 3660 libri.
732 3606 912 3675 Neque
927 3607 1067 3660 enim
1098 3606 1199 3660 hoc
1225 3606 1353 3660 satis
1379 3614 1459 3660 est
1481 3604 1546 3659 ad
1569 3606 1740 3660 locum

164 3704 408 3751 sanctum
439 3695 786 3751 reddendum.
819 3696 1005 3751 Utrum
1034 3696 1175 3751 enim
1224 3696 1395 3766 majus
1441 3706 1542 3762 est,
1581 3696 1744 3749 libros

161 3802 285 3844 esse
308 3788 567 3856 repositos
588 3787 640 3842 in
664 3787 806 3855 loco,
837 3802 905 3841 an
934 3788 1075 3857 loqui
1105 3803 1165 3843 ea
1192 3803 1311 3857 quae
1336 3797 1460 3842 sunt
1479 3786 1530 3841 in
1559 3787 1743 3842 libris?

164 3878 507 3948 Perspicuum
552 3889 631 3933 est
664 3919 679 3944 ,
710 3878 900 3933 melius
922 3893 1042 3934 esse
1067 3879 1110 3933 si
1140 3893 1203 3933 ea
1231 3894 1348 3948 qua:
1371 3888 1494 3931 sunt
1521 3878 1572 3932 in
1596 3877 1744 3933 libris

162 3970 401 4039 loquaris
446 3968 749 4040 habeasque
776 3972 828 4024 in
863 3970 1061 4025 animo.
1110 3970 1250 4040 Ergo
1277 3969 1539 4038 responde
1567 3968 1694 4023 mihi
1724 4009 1741 4034 ,

161 4078 288 4117 cum
327 4062 569 4117 diabolus
613 4063 861 4117 recitaret
897 4077 959 4116 ea
986 4102 1001 4125 ,
1031 4077 1150 4131 qua:
1172 4070 1295 4115 sunt
1324 4061 1376 4114 in
1414 4058 1702 4129 Scripturis
1722 4099 1741 4126 ,

163 4168 293 4207 num
322 4167 384 4207 os
415 4153 554 4207 illius
593 4152 972 4206 sanctificatum
1011 4152 1132 4206 est?
1174 4151 1288 4205 Non
1330 4162 1481 4219 potes
1524 4150 1738 4214 dicere,

162 4244 261 4298 sed
291 4244 576 4313 permansit
602 4243 652 4297 id
680 4244 819 4312 quod
848 4253 963 4298 erat
983 4243 1241 4297 diabolus.
1269 4243 1404 4311 Quid
1435 4250 1613 4297 autem
1641 4242 1745 4295 da:-

166 4333 391 4387 moues?
418 4332 551 4388 Cum
582 4334 935 4403 przedicarent
974 4349 1037 4388 ac
1069 4335 1345 4389 dicerent:
1393 4332 1489 4387 Isti
1519 4332 1743 4387 homines

106 4476 115 4487 η,
170 4426 301 4478 servi
322 4424 415 4479 Dei
441 4426 671 4479 altissimi
686 4438 801 4480 sunt
820 4468 835 4492 ,
863 4427 1217 4479 annuntiantes
1239 4425 1375 4479 vobis
1402 4427 1533 4479 viam
1556 4426 1743 4479 salutis

166 4514 305 4584 (Act.
334 4516 421 4571 l6.
463 4514 588 4587 l7);
630 4531 697 4571 an
724 4517 846 4571 ideo
871 4517 989 4570 illos
1019 4517 1070 4569 in
1102 4517 1459 4584 apostolorum
1500 4515 1741 4571 ordinem

167 4604 496 4662 referemus?
516 4606 874 4677 Nequaquam,
897 4605 1004 4660 imo
1033 4604 1387 4661 nihilominus
1405 4621 1744 4662 exsecramur

167 4696 310 4760 illos,
333 4696 665 4765 odimusqne.
701 4696 842 4765 Ergo
869 4710 989 4749 eum
1033 4697 1192 4750 verba
1238 4695 1441 4765 prolata
1475 4711 1582 4750 non
1621 4712 1745 4750 san-

164 4786 422 4851 ctilicent,
452 4786 571 4839 libri
595 4786 811 4855 repositi
834 4786 1201 4841 sanctificant?
1229 4787 1461 4841 Minime.
1487 4788 1599 4855 Qua
1631 4798 1744 4841 tan-

166 4874 289 4929 dem
320 4874 562 4929 ratione?
583 4874 693 4931 lmo
719 4875 819 4931 hoc
856 4878 1070 4931 nomine
1095 4877 1181 4931 odi
1212 4892 1531 4948 synagogam
1561 4920 1576 4943 ,
1602 4879 1742 4949 quod

168 4964 340 5035 legem
368 4965 559 5021 habeat
584 4980 647 5021 ac
672 4969 956 5037 prophetas
984 5008 999 5033 ,
1043 4977 1097 5023 et
1138 4984 1279 5024 nunc
1318 4973 1477 5023 etiam
1515 4970 1744 5039 amplius

165 5055 255 5109 odi
280 5095 295 5119 ,
317 5071 474 5126 quam
500 5057 545 5110 si
572 5056 701 5111 nihil
729 5057 950 5112 istorum
975 5058 1215 5114 haberet.
1245 5057 1352 5114 Cur
1377 5060 1447 5114 ita
1477 5060 1689 5115 tandem
1720 5062 1743 5115 ?

167 5147 427 5214 Quoniam
458 5148 656 5204 variam
688 5150 811 5203 hinc
837 5149 1034 5206 habent
1056 5166 1255 5215 eseam,
1284 5151 1585 5222 variamque
1614 5152 1745 5207 frau-

167 5235 251 5288 dis
266 5238 539 5291 materiam
571 5279 586 5303 ,
614 5253 713 5308 qua
743 5240 1093 5309 simpliciores
1117 5241 1367 5296 alliciant.
1396 5242 1741 5313 Quandoqui-

167 5329 355 5381 demet
379 5328 571 5385 Paulus
596 5330 836 5400 spiritum
860 5332 1008 5386 illum
1032 5333 1334 5401 loquentem
1361 5335 1556 5404 potius,
1584 5350 1741 5405 quam

169 5426 428 5473 tacentem
457 5420 632 5489 ejecit.
659 5419 861 5475 Etenim
876 5424 1104 5475 molestia
1130 5423 1375 5494 twdioque
1392 5423 1627 5491 affectus,
1658 5425 1742 5477 in-

168 5508 297 5576 quit,
327 5510 524 5577 spiritui
561 5510 720 5564 dixit:
763 5512 845 5564 exi
870 5514 932 5564 ab
970 5511 1099 5582 ill(t(
1128 5511 1266 5566 Ibid.
1297 5530 1345 5567 v.
1374 5514 1443 5568 18
1540 5514 1652 5582 Qua
1678 5514 1743 5570 de

168 5598 361 5652 causa?
404 5600 660 5667 Quoniam
694 5602 995 5657 clamabat:
1027 5601 1125 5659 Isti
1146 5604 1368 5659 homines
1397 5606 1524 5659 servi
1543 5605 1637 5659 Dei
1657 5606 1739 5660 al-

1359 224 1717 281 ADVERSUS
1754 222 2048 279 JUDASOS.
2092 223 2180 279 Vl.

3318 227 3420 286 9H

1844 337 2018 388 tissimi
2037 348 2175 390 sunt.
2201 338 2460 393 Tacentes
2485 341 2628 398 enim
2670 356 2773 396 non
2798 341 3016 413 perinde
3039 341 3374 411 decepissent
3403 384 3419 405 ,

1784 412 1825 431 ”
1842 427 2116 496 loquentes
2141 436 2318 483 autem
2348 431 2545 487 multos
2574 442 2727 487 erant
2749 433 3102 500 simpliciores
3143 436 3415 486 attracturi

1842 521 2269 591 persuasurique,
2291 538 2397 592 quo
2424 524 2672 582 nimirum
2698 534 2752 580 et
2776 526 2895 579 aliis
2931 528 2981 579 in
3018 526 3176 581 rebus
3203 526 3304 580 sibi
3331 543 3419 578 au-

1842 608 2149 663 scultarent.
2178 610 2448 680 Siquidem
2472 622 2530 667 ut
2558 614 2750 668 ostium
2777 616 3046 684 aperirent
3087 616 3197 669 suis
3226 617 3420 670 fraudi-

1844 696 1961 764 bus,
2017 711 2335 771 possentque
2385 703 2437 757 in
2475 713 2741 774 posterum
2788 706 2995 760 mentiri
3033 706 3420 761 conﬁdentius:

1843 796 2121 856 propterea
2154 807 2274 845 vera
2305 808 2517 862 quoque
2562 796 2813 849 nonnulla
2842 796 3288 864 commisecbant,
3319 812 3422 853 non

1841 879 1997 934 aliter
2024 896 2179 949 quam
2207 884 2296 952 qui
2327 884 2566 939 lethifera
2598 887 2819 940 miscent
2845 903 3046 941 venena
3069 930 3083 953 ,
3144 902 3205 941 os
3250 890 3422 956 poculi

1844 971 2002 1025 melle
2024 973 2451 1029 circumfluentes
2472 1016 2485 1040 ,
2526 974 2796 1044 efficiunt,
2824 986 2883 1031 ut
2902 979 3104 1034 facilius
3128 980 3420 1049 accipiatur

1843 1062 2063 1114 malum.
2098 1062 2248 1118 lianc
2276 1065 2345 1119 ob
2373 1079 2585 1119 causam
2613 1075 2664 1121 et
2701 1067 2897 1122 Paulus
2935 1070 3264 1137 potissimum
3295 1069 3423 1123 affi-

1844 1153 2081 1207 ciebatur
2116 1154 2355 1210 molestia
2378 1197 2390 1218 ,
2422 1155 2807 1228 festinabatque
2852 1160 2955 1215 illis
2997 1160 3278 1216 occludere
3323 1177 3384 1216 os
3407 1204 3424 1225 ,

1843 1243 1982 1311 quod
2008 1244 2107 1297 sibi
2138 1248 2503 1301 auctoritatem
2537 1259 2888 1317 usurparent,
2917 1266 3246 1321 nequaquam
3293 1253 3423 1323 ipsa;

1843 1342 2244 1401 congruentem.
2292 1335 2437 1390 Hane
2466 1336 2534 1390 ob
2560 1352 2774 1390 causam
2805 1348 2858 1393 et
2896 1340 3010 1408 ipse
3046 1339 3261 1395 Judazos
3292 1342 3377 1396 odi
3405 1383 3421 1407 ,

1844 1421 1986 1489 quod
2013 1437 2133 1476 cum
2162 1424 2327 1492 legem
2351 1425 2599 1492 habeant,
2628 1427 2797 1497 legem
2814 1428 3030 1495 violant,
3056 1440 3110 1485 et
3136 1431 3238 1486 hoc
3266 1434 3427 1487 modo

1844 1512 2194 1580 simpliciores
2241 1515 2479 1570 inescare
2516 1528 2795 1572 conantur.
2848 1519 2965 1574 Non
3003 1521 3223 1589 perinde
3266 1538 3427 1591 grave

1844 1600 2045 1656 crimen
2076 1604 2437 1670 admitterent,
2472 1607 2570 1660 nisi
2599 1623 2719 1661 cum
2746 1610 2969 1664 credant
2998 1611 3269 1681 prophetis
3292 1652 3309 1679 ,
3334 1627 3424 1669 re-

1845 1691 2382 1762 pugnarentChristn.
2404 1695 2554 1750 Nunc
2576 1712 2703 1751 vero
2727 1698 2825 1752 sibi
2844 1715 3054 1754 onmem
3085 1701 3246 1755 venite
3271 1718 3422 1771 spem

1844 1782 2194 1848 ademerunt,
2245 1786 2333 1853 qui
2362 1801 2481 1839 cum
2509 1801 2568 1841 se
2591 1788 2794 1857 jactent
2839 1790 3123 1858 pr0pltetis
3147 1792 3369 1847 credere
3398 1833 3415 1858 ,

1845 1874 2183 1929 contumeliis
2207 1873 2445 1930 afficiunt
2474 1892 2595 1931 eum
2622 1918 2638 1944 ,
2661 1894 2819 1948 quem
2846 1879 2918 1933 illi
2946 1881 3325 1949 pra:dixerunt.

1917 1962 1969 2015 7.
2000 1961 2055 2015 ιη
2086 1978 2327 2029 summa,
2359 1965 2402 2020 si
2454 1966 2631 2023 credis
2675 1969 2849 2023 locum
2895 1985 3015 2027 esse
3061 1984 3305 2027 Sanctum
3356 1989 3424 2029 eo

1845 2052 1990 2122 quod
2018 2053 2124 2108 illic
2150 2055 2234 2110 lex
2258 2066 2312 2111 et
2342 2056 2719 2126 prephetarum
2740 2059 2858 2114 libri
2890 2062 3107 2130 repositi
3138 2072 3297 2129 sunt,
3327 2080 3421 2118 su-

1848 2153 2026 2211 perest
2046 2152 2100 2197 ut
2124 2154 2178 2200 et
2204 2146 2342 2200 idola
2369 2157 2422 2201 et
2443 2147 2704 2203 idolorum
2727 2151 2921 2219 templa
2948 2167 3046 2221 pro
3085 2155 3287 2209 sanctis
3319 2155 3421 2209 du-

1846 2248 1957 2288 cas.
1999 2235 2274 2303 Quondam
2305 2239 2447 2292 enim
2472 2280 2488 2303 ,
2518 2256 2638 2294 cum
2670 2242 2866 2297 bellum
2910 2252 3118 2301 teneret
3159 2247 3375 2302 ludat-os
3410 2288 3428 2315 ,

1846 2326 2075 2380 victores
2101 2328 2272 2381 Azoui
2298 2342 2556 2398 ceperunt
2580 2346 2779 2398 arcam,
2797 2333 2957 2403 inque
2983 2350 3134 2390 suum
3166 2339 3423 2408 templum

1846 2412 2134 2469 intulerunt
2160 2416 2234 2486 (l.
2263 2416 2390 2488 Reg.
2416 2419 2495 2486 5).
2526 2420 2606 2474 An
2633 2420 2753 2475 ideo
2781 2434 3022 2477 sanctum
3053 2435 3169 2479 erat
3213 2427 3422 2481 illorum

1849 2508 2124 2576 templum,
2148 2509 2289 2578 quod
2311 2510 2526 2566 haberet
2549 2527 2725 2566 aream
2743 2513 2766 2567 ?
2785 2512 3145 2585 Nequaquam,
3179 2519 3272 2572 sed
3302 2534 3429 2586 pro-

1848 2598 2027 2653 fanum
2050 2640 2064 2664 ,
2107 2601 2200 2655 sed
2225 2602 2512 2671 impurum.
2551 2603 2607 2658 Id
2646 2608 2884 2675 protinus
2914 2608 3040 2676 ipsis
3079 2609 3232 2664 factis
3256 2612 3432 2666 decla-

1847 2697 2024 2745 ratum
2052 2698 2155 2745 est.
2184 2691 2313 2747 Nam
2342 2702 2398 2747 ut
2436 2694 2617 2750 hostes
2648 2697 3002 2766 intelligerent
3046 2700 3320 2754 victoriam
3353 2703 3431 2771 ip-

1847 2781 1921 2835 sis
1934 2784 2180 2851 cessisse,
2196 2800 2299 2839 uon
2317 2787 2385 2840 ob
2401 2787 2763 2856 impotentiam
2784 2790 2996 2858 Dei,sed
3015 2792 3083 2847 ob
3103 2793 3431 2864 iniquitatem

1847 2889 2031 2929 eorum
2056 2890 2087 2929 a
2110 2877 2297 2946 quibus
2318 2878 2593 2934 colebatur
2618 2897 2632 2934 :
2660 2882 2816 2935 etiam
2841 2897 2962 2938 area
2985 2895 3135 2954 capta
3163 2886 3212 2940 in
3253 2886 3430 2943 aliena

1849 2973 1988 3021 terra
2012 2967 2117 3021 vim
2152 2982 2301 3022 suam
2322 2970 2586 3037 ostendit,
2619 2972 2746 3027 dum
2772 2974 2914 3028 idolo
2940 2975 3019 3029 bis
3050 2976 3103 3030 in
3130 2978 3304 3032 solum
3328 2980 3428 3034 de-

1842 3056 1985 3126 jecto
2012 3058 2186 3114 effecit
2214 3062 2451 3115 utetiam
2484 3061 2831 3132 frangeretur.
2883 3064 3111 3121 Tantum
3152 3068 3335 3123 aberat
3374 3080 3432 3125 ut

1849 3147 2024 3202 locum
2054 3151 2438 3215 sanetificaret,
2473 3163 2528 3207 ut
2553 3153 2727 3209 locum
2756 3156 2914 3210 etiam
2944 3169 3292 3228 expugnaret.
3327 3160 3429 3215 Ve-

1846 3252 1964 3292 rum
1987 3239 2072 3293 hic
2098 3255 2340 3310 quaenam
2371 3253 2452 3296 est
2475 3257 2597 3297 arca
2631 3259 2794 3312 penes
2818 3245 3030 3301 Judzeos
3054 3288 3069 3313 ,
3103 3249 3189 3302 ubi
3216 3265 3321 3304 non
3350 3261 3433 3306 est

1848 3328 2315 3399 propitiatorium?
2357 3347 2463 3387 non
2491 3333 2764 3389 oraculum
2789 3375 2806 3402 ,
2845 3350 2948 3390 non
2998 3339 3298 3392 testamenti
3343 3348 3428 3394 ta-

1847 3419 2006 3486 bulae,
2037 3436 2140 3475 non
2164 3431 2345 3477 sancta
2373 3433 2821 3490 sanctorum,uon
2844 3426 3040 3493 velum,
3067 3442 3171 3481 non
3193 3444 3433 3485 summus

1847 3510 2099 3566 sacerdos
2118 3553 2134 3578 ,
2164 3528 2269 3567 non
2293 3513 2580 3583 thymiama
2609 3555 2625 3581 ,
2652 3530 2755 3569 non
2786 3515 3148 3572 holocaustum
3169 3558 3184 3583 ,
3218 3535 3322 3573 non
3343 3535 3434 3575 sa-

1848 3599 2103 3654 crificium
2130 3641 2145 3666 ,
2178 3616 2281 3655 non
2330 3602 2432 3655 alia
2459 3619 2578 3671 quae
2626 3612 2734 3657 tum
2780 3620 2958 3660 arcam
3006 3607 3109 3662 illis
3138 3607 3434 3665 reddebant

1847 3690 2202 3745 venerandam
2223 3690 2247 3742 ?
2272 3691 2397 3745 Mihi
2420 3693 2629 3761 quidem
2651 3692 2956 3749 Judteorum
2985 3712 3046 3751 ea
3065 3738 3082 3764 ,
3104 3713 3262 3767 quam
3291 3716 3433 3756 nunc

1848 3778 2068 3843 habent,
2094 3796 2218 3835 arca
2245 3782 2410 3835 nihilo
2437 3784 2626 3838 melius
2652 3784 2849 3840 habere
2871 3786 3081 3842 videtur
3109 3789 3173 3843 iis
3198 3792 3392 3845 arculis
3414 3830 3431 3857 ,

1847 3886 1965 3940 qua:
1985 3881 2218 3926 veneunt
2239 3873 2291 3926 in
2319 3872 2467 3939 foro,
2497 3874 2605 3929 imo
2629 3876 2779 3944 pejus
2819 3876 2994 3932 habet.
3024 3879 3156 3934 Nam
3184 3881 3265 3936 ha:
3303 3883 3435 3938 nihil

1847 3959 2040 4014 lmdere
2067 3969 2289 4029 possunt
2313 3963 2355 4016 si
2377 3963 2494 4031 quis
2513 3963 2696 4028 adeat;
2727 3966 2817 4018 illa
2839 3982 2967 4021 vero
2982 3969 3217 4037 quotidie
3238 3986 3432 4027 noxam

1849 4050 2009 4106 infert
2035 4052 2099 4105 iis
2122 4052 2213 4121 qui
2241 4053 2583 4107 accesserint.
2618 4052 2858 4121 Fratres,
2897 4073 2959 4109 ne
2984 4059 3094 4111 sitis
3120 4061 3263 4124 pueri
3288 4077 3434 4115 nien-

1849 4142 1997 4208 tibus,
2037 4143 2126 4197 sed
2151 4144 2344 4196 malitia
2369 4144 2569 4211 parvuli
2594 4154 2746 4199 estote
2778 4146 2857 4215 (Ι.
2890 4146 3010 4202 Cor.
3039 4149 3125 4203 Η.
3156 4150 3249 4223 20)
3276 4167 3434 4215 ;cos-

1847 4249 1951 4303 que
1977 4234 2065 4303 qui
2083 4233 2147 4288 ad
2175 4235 2272 4289 ista
2295 4243 2529 4305 stupent,
2552 4236 2620 4291 ab
2636 4237 2736 4291 hoc
2754 4238 3126 4309 intempestivo
3142 4252 3283 4297 metu
3298 4243 3431 4299 libe-

1848 4335 2045 4389 rantes,
2093 4327 2302 4381 erudite
2341 4327 2467 4397 quid
2500 4338 2746 4397 oporteat
2795 4332 2985 4385 timere
3012 4371 3028 4397 ,
3061 4334 3427 4404 revererique,

1848 4434 1952 4472 non
1984 4418 2138 4473 istam
2166 4420 2378 4474 aream:
2430 4420 2522 4476 sed
2552 4421 2692 4491 quod
2721 4432 3100 4480 concurrentes
3144 4427 3211 4481 ad
3263 4429 3428 4495 illam,

1846 4511 2047 4566 violent
2077 4513 2333 4582 templum
2361 4513 2472 4577 Dei,
2505 4528 2602 4582 per
2622 4516 2999 4571 conscientiam
3018 4517 3083 4571 ad
3099 4518 3428 4577 Judaismum

1847 4618 2186 4673 propensam,
2225 4620 2321 4673 per
2342 4605 2763 4674 intempestivam
2788 4606 2943 4661 istam
2980 4609 3430 4669 observationem.

1852 4693 2128 4761 Quotquot,
2159 4694 2345 4763 inquit,
2376 4696 2428 4748 in
2451 4694 2558 4765 lege
2571 4697 2949 4765 justiﬁeamini,
2988 4714 3021 4750 a
3048 4701 3210 4769 gratia
3234 4704 3415 4758 excidi-

1850 4784 1941 4837 stis
1972 4783 2114 4855 (Gal.
2139 4785 2195 4840 5.
2220 4783 2297 4854 4).
2326 4785 2437 4840 Hoc
2462 4794 2674 4855 oportet
2695 4788 2906 4854 timere,
2930 4803 2998 4844 ne
3024 4789 3075 4843 in
3102 4790 3188 4845 die
3215 4791 3308 4847 illo
3330 4809 3429 4847 au-

1848 4874 2005 4929 diatis
2026 4875 2094 4929 ab
2133 4889 2199 4929 eo
2239 4874 2329 4945 qui
2364 4891 2457 4930 vos
2490 4876 2822 4945 judicaturus
2865 4887 2947 4933 est
2974 4896 2989 4934 :
3019 4879 3301 4949 Discedite,
3329 4900 3431 4938 non

1847 4966 1964 5020 novi
2006 4983 2091 5021 vos
2124 4967 2271 5039 (Luc.
2298 4968 2384 5022 15.
2412 4967 2506 5038 27)
2532 4984 2547 5032 ;
2573 4969 3007 5024 communicastis
3039 4971 3179 5025 enim
3218 4988 3338 5026 cum
3367 4974 3431 5030 iis

1848 5057 1935 5126 qui
1963 5072 2047 5112 me
2074 5057 2481 5121 crucifixerunt;
2502 5070 2559 5113 et
2584 5059 2944 5114 solemnitates
2970 5102 2986 5127 ,
3016 5076 3148 5131 quas
3168 5077 3267 5131 ego
3291 5064 3432 5117 anti-

1848 5148 2003 5216 quavi
2029 5188 2044 5212 ,
2085 5147 2469 5203 contendentes
2514 5163 2724 5203 mecum
2752 5165 2937 5205 rursus
2961 5151 3329 5216 instaurastis;
3357 5153 3424 5206 ad

1848 5239 2177 5306 Judaeorum,
2208 5241 2294 5308 qui
2323 5241 2482 5309 impie
2510 5241 2736 5311 agebant
2766 5241 2817 5297 in
2850 5257 2937 5298 me
2961 5284 2977 5298 .
3021 5257 3085 5296 ac
3112 5243 3278 5311 legem
3311 5244 3425 5295 vio-

1850 5331 2071 5398 labant,
2116 5345 2411 5401 synagogas
2450 5332 2817 5385 concurristis.
2858 5333 3015 5399 Atqui
3063 5347 3161 5401 ego
3214 5332 3427 5401 quidem

1851 5421 2107 5490 templum
2152 5422 2363 5476 illorqu
2392 5421 2647 5489 subverti,
2688 5431 2743 5476 et
2787 5422 2838 5475 in
2880 5421 3129 5476 ruderum
3172 5436 3425 5477 acervum

1850 5512 1985 5568 verti
2014 5513 2266 5583 templum
2290 5512 2416 5567 illud
2447 5512 2749 5567 venerabile
2773 5553 2788 5578 ,
2815 5527 2900 5566 res
2938 5511 3194 5567 verendas
3223 5520 3277 5567 et
3304 5512 3427 5567 hor-

1852 5606 2045 5661 rendas
2091 5607 2405 5673 continens;
2457 5621 2551 5661 vos
2602 5613 2780 5661 autem
2828 5596 3123 5660 habitacula
3173 5618 3429 5676 cauponis
