3862 6228
453 245 576 300 915

453 357 617 414 nihilo
637 353 856 410 meliora
876 362 930 408 et
949 352 1228 422 speluncas
1249 350 1510 404 latronum
1533 345 1791 401 eoluistis.
1819 343 2025 397 Etenim

453 449 497 502 si
526 456 650 502 tunc
672 458 796 501 cum
820 453 1000 500 essent
1023 441 1330 505 Cherubim,
1362 449 1482 492 eutn
1511 451 1632 490 arca
1661 477 1676 499 ,
1707 450 1830 490 cum
1855 433 2029 488 adhuc

454 537 682 606 Spiritus
708 534 924 588 floreret
941 532 1128 600 gratia,
1151 530 1316 582 dixit:
1344 525 1558 580 Fecistis
1584 524 1714 578 illud
1737 522 2030 592 speluncam

453 623 723 677 latronum
754 617 972 686 (Matth.
999 618 1092 670 ‘21.
1117 616 1233 683 l5),
1265 623 1383 676 aut,
1410 613 1626 666 domum
1649 607 2024 678 negotiationis

394 729 416 751 υ
459 709 640 778 (lacn.
671 709 724 761 Ξ.
750 707 864 776 26),
887 714 1111 775 propter
1133 703 1450 772 iniquitates
1475 715 1540 755 ac
1569 699 1745 755 caedes
1765 697 1983 752 illorum
2010 713 2024 750 :

460 813 600 853 nunc
622 804 910 866 postquam
945 796 1068 851 illos
1087 793 1263 850 sancti
1295 790 1540 861 Spiritus
1557 788 1804 846 deseruit
1830 787 2026 860 gratia,

459 899 765 960 cunctaque
780 890 872 943 illa
888 886 1223 944 venerabilia
1241 892 1296 940 et
1312 883 1422 940 Deo
1436 891 1590 956 grata
1607 881 1821 938 sublata
1839 891 1968 937 sunt
1985 881 2028 948 ¹;

458 998 579 1036 cum
602 982 820 1052 impiam
845 982 1006 1036 istam
1029 978 1347 1049 religionem
1368 976 1648 1032 celebrant
1667 993 1682 1040 ;
1702 973 1832 1044 quid
1854 974 2032 1044 appel-

458 1073 621 1128 lando
657 1086 967 1144 synagogas
991 1085 1181 1126 eorum
1207 1083 1406 1124 nomen
1442 1067 1578 1137 ipsis
1615 1065 1840 1136 dignum
1878 1067 2030 1121 inve-

464 1163 612 1219 nias?
638 1163 850 1218 Etenim
862 1163 908 1218 si
927 1161 1039 1231 jam
1064 1169 1178 1214 tum
1193 1167 1313 1216 erat
1335 1159 1596 1228 spelunca
1615 1158 1884 1212 latronum
1906 1171 2030 1211 cum

462 1263 668 1310 Statum
693 1269 851 1308 suum
881 1252 1184 1316 obtineret;
1231 1265 1374 1303 nunc
1405 1248 1451 1304 si
1490 1249 1738 1316 lupanar,
1769 1246 1814 1302 si
1849 1253 2033 1301 trans-

466 1345 770 1416 gressionis
806 1345 1006 1406 locum,
1038 1343 1084 1396 si
1117 1341 1427 1396 daemonum
1449 1338 1902 1402 diversorium,si
1925 1337 2036 1392 dia-

463 1438 574 1493 boli
609 1435 1099 1507 propugnaculum,
1141 1432 1186 1487 si
1223 1433 1530 1486 animarum
1562 1429 1786 1484 exitium
1808 1428 2035 1492 dixeris,

463 1527 508 1582 si
533 1526 700 1580 totius
725 1524 1048 1594 perditionis
1083 1521 1442 1593 praecipitium
1486 1535 1551 1574 ac
1577 1519 1916 1585 barathrum,
1941 1518 2038 1575 de-

465 1619 631 1687 nique
680 1615 943 1685 quidquid
997 1611 1380 1683 appellaveris,
1425 1611 1608 1665 minus
1639 1625 1801 1681 quam
1833 1625 1933 1680 pro
1961 1611 2038 1665 rei

465 1709 735 1779 dignitate
759 1706 985 1761 dixeris.
1007 1705 1292 1775 Templum
1312 1703 1473 1774 cupis
1490 1702 1676 1759 videre
1695 1703 1719 1756 ἲ
1745 1701 1824 1758 Ne
1847 1717 2042 1756 curras

465 1799 534 1857 ad
564 1812 919 1870 synagogam,
953 1795 1048 1852 sed
1078 1804 1135 1850 tu
1168 1802 1290 1851 esto
1324 1793 1608 1864 templum.
1637 1792 1870 1849 Unicum
1902 1802 2043 1848 tem-

467 1891 616 1959 plum
675 1887 845 1942 diruit
902 1886 1047 1942 Deus
1085 1883 1476 1957 Jerosolymis,
1534 1894 1588 1939 et
1630 1884 2044 1938 innumerabilia

466 1981 639 2036 erexit
689 1979 782 2033 illo
833 1977 991 2045 longe
1037 1977 1454 2031 venerabiliora.
1503 1975 1623 2042 Vos,
1671 1975 1868 2044 inquit,
1919 1987 2047 2030 tem-

464 2072 608 2139 plum
631 2073 757 2125 estis
792 2071 888 2125 Dei
917 2071 1130 2126 viventis
1163 2070 1236 2139 (2.
1271 2069 1392 2124 Cor.
1429 2072 1482 2125 ϐ.
1519 2069 1629 2139 16).
1656 2068 1806 2124 Hauc
1823 2069 2042 2124 domum

477 2177 703 2225 exorna,
729 2177 946 2216 omnem
986 2162 1144 2231 exige
1172 2162 1556 2231 cogitationem
1599 2161 1822 2228 malam,
1851 2169 1911 2215 ut
1944 2161 2044 2217 ﬁas

471 2255 767 2323 pretiosum
798 2253 1104 2308 membrum
1127 2252 1354 2334 Ch‘risti,
1389 2262 1445 2307 ut
1471 2253 1568 2307 tias
1591 2253 1850 2322 templum
1874 2251 2048 2322 Spiri-

472 2354 602 2409 tus;
639 2344 844 2400 deinde
871 2352 924 2400 et
945 2345 1084 2400 alios
1117 2344 1282 2398 redde
1303 2343 1461 2399 tales.
1494 2343 1562 2397 Et
1584 2344 1728 2398 sicut
1751 2358 1875 2398 cum
1893 2345 2046 2400 vides

476 2449 774 2505 pauperes,
802 2451 912 2490 non
944 2435 1104 2490 facile
1138 2435 1556 2504 practercurris;
1587 2435 1658 2489 ita
1696 2449 1822 2490 cum
1847 2435 2048 2492 videris

473 2525 711 2593 aliquem
730 2525 799 2580 ad
814 2539 1147 2597 synagogam
1165 2535 1497 2589 currentem,
1513 2541 1580 2580 ne
1597 2525 1933 2589 dissimules,
1949 2528 2044 2582 sed

474 2616 654 2672 verbis
676 2631 777 2672 ceu
818 2616 973 2672 freno
999 2617 1235 2688 quodam
1265 2617 1565 2671 cohibitum
1593 2617 1823 2674 reducas
1852 2617 1919 2672 ad
1942 2617 2046 2674 Ec-

473 2705 718 2763 clesiam.
739 2705 864 2763 llaec
885 2715 970 2763 est
990 2708 1164 2778 major
1181 2707 1526 2777 eleemosyua
1546 2722 1709 2776 quam
1738 2707 1852 2771 illa,
1867 2714 1919 2761 et
1931 2722 2058 2770 ntao,

549 2795 565 2824 ⁸
603 2793 718 2842 Alii:
743 2791 936 2849 Sublata
955 2800 1081 2856 situt,
1113 2802 1206 2844 Deo
1219 2793 1511 2844 oblucttmtes
1527 2788 1742 2852 impium,
1768 2794 1863 2836 etc.

1161 237 1218 294 S.
1255 233 1534 292 103Nle
1571 229 2044 288 CIIRYSUSTOMI
2081 227 2396 284 ARCIIIEP.
2433 229 2968 286 CONS'I'ANTINOP.

2128 341 2216 411 jus
2244 341 2447 398 lucrum
2469 359 2624 413 quam
2652 344 2836 398 decem
2871 345 3031 397 millia
3064 344 3414 399 talentorum:
3449 345 3585 416 quid
3613 349 3732 401 dico

3637 238 3734 286 $15

2138 435 2321 490 decem
2361 437 2520 498 millia
2552 437 2798 490 talenta?
2848 438 3017 506 majus
3057 453 3211 506 quam
3262 439 3346 492 hic
3375 441 3732 507 aSpectabilis

2135 527 2364 582 mundus
2408 529 2707 583 universus.
2759 530 3027 597 Siquidem
3061 529 3221 583 homo
3267 541 3347 584 cst
3377 539 3493 584 tuto
3527 531 3731 584 ntundu

2133 619 2454 688 pretiosior:
2505 618 2663 688 hujus
2701 620 2842 674 enim
2885 634 3041 673 causa
3073 629 3127 672 et
3166 620 3354 672 uelum
3399 630 3456 674 et
3497 629 3644 674 terra
3677 631 3731 674 ct

2134 725 2282 764 mare
2309 709 2520 763 condita
2545 719 2667 762 Sunt
2697 749 2712 770 ,
2756 717 2810 763 ct
2837 711 2916 763 sol
2957 719 3011 763 et
3037 709 3224 763 stellze.
3257 710 3542 778 Perpende
3571 711 3730 779 igitur

2133 812 2328 874 quanta
2359 804 2428 858 sit
2456 802 2683 873 dignitas
2707 802 2842 872 ejus,
2871 802 3021 871 cujus
3042 802 3196 855 saluti
3225 803 3547 864 consulitur,
3581 813 3636 856 et
3661 818 3726 857 ne

2133 893 2519 962 contempseris
2543 893 2679 946 illius
2702 909 2904 946 curam.
2945 892 3076 946 Nam
3105 893 3308 946 etiamsi
3339 894 3592 961 pecunia:
3621 895 3726 946 vim

2135 983 2446 1037 immensam
2471 982 2822 1036 dinumeravit
2846 983 3034 1052 aliquis
3056 1024 3070 1046 ,
3103 982 3232 1035 nihil
3276 985 3379 1036 tale
3422 984 3678 1051 prtestitit
3707 1024 3725 1048 ,

2133 1077 2288 1144 quale
2306 1077 2350 1129 is
2367 1075 2453 1144 qui
2476 1085 2651 1130 servat
2667 1076 2978 1140 animam,ct
2997 1075 3210 1129 abducit
3231 1075 3493 1128 abcrrore
3519 1075 3590 1127 ad
3611 1076 3728 1144 pie-

2138 1175 2297 1219 tatem
2333 1165 2430 1233 Qui
2445 1165 2651 1219 dederit
2667 1166 2904 1234 pauperi,
2921 1164 3112 1218 famem
3135 1166 3318 1218 solvit:
3339 1165 3428 1233 qui
3446 1165 3730 1233 judaizan-

2137 1267 2241 1314 tem
2255 1259 2544 1313 correxerit
2572 1299 2586 1320 ,
2619 1259 2941 1327 impietatem
2968 1258 3236 1310 exstinxit.
3281 1257 3370 1310 Ille
3414 1260 3728 1324 paupertati

2135 1351 2378 1404 solatium
2395 1349 2657 1404 adhibuit:
2683 1348 2767 1402 hic
2785 1347 3111 1416 iniquitatem
3135 1347 3388 1400 inhibuit:
3421 1347 3512 1398 ille
3528 1360 3731 1415 corpus

2137 1441 2384 1496 liberavit
2400 1455 2431 1493 a
2450 1438 2747 1503 dolore,hic
2767 1439 2925 1492 etiam
2943 1439 3172 1491 animam
3196 1437 3385 1504 eripuit
3405 1452 3432 1489 a
3453 1437 3723 1506 gehenna.

2136 1532 2354 1589 Ostendi
2380 1533 2780 1595 thesaurum,ne
2798 1529 3053 1584 deSeratis
3079 1530 3306 1582 lucrum.
3332 1527 3450 1581 Non
3470 1537 3562 1582 est
3583 1528 3729 1597 quod

2137 1627 2221 1679 hic
2244 1635 2602 1695 paupertatem
2629 1621 2936 1687 causcmiui,
2957 1632 3150 1676 uoueSt
3167 1619 3306 1690 quod
3325 1620 3731 1675 mendicitatem

2139 1716 2472 1786 prwtcxatis:
2499 1716 2657 1769 verba
2684 1724 2886 1768 tantum
2920 1713 3226 1767 iusumenda
3258 1721 3380 1765 sunt
3405 1751 3422 1777 ,
3453 1712 3725 1766 sermonis

2138 1807 2296 1862 modo
2335 1807 2391 1860 ﬁt
2435 1806 2693 1873 impensa.
2735 1804 2811 1857 Ne
2833 1804 3140 1872 pigritetuur
3163 1803 3321 1871 igitur
3350 1842 3369 1868 ,
3425 1801 3522 1855 sed
3579 1801 3728 1854 omni

2137 1898 2312 1952 studio
2337 1912 2400 1950 ac
2428 1897 2714 1964 cupiditate
2736 1910 2990 1948 venemur
3019 1894 3208 1946 fratres
3231 1903 3446 1946 nostros
3467 1933 3482 1955 ,
3537 1892 3727 1960 eisque

2140 1990 2220 2041 vel
2263 1989 2438 2042 invitis
2471 1989 2522 2040 in
2553 1986 2768 2041 domum
2798 1995 3031 2038 nostram
3064 1983 3340 2052 pertractis
3365 2022 3382 2048 ,
3439 1982 3724 2052 prandium

2138 2094 2482 2148 apponamus,
2503 2078 2566 2130 ad
2596 2091 2792 2130 mensa:
2811 2075 3238 2129 communionem
3263 2074 3382 2127 illos
3397 2075 3732 2127 asciscamns

2142 2171 2317 2236 hodie,
2341 2181 2414 2232 ut,
2443 2170 2526 2224 tibi
2555 2177 2738 2222 nostro
2767 2167 2818 2221 in
2849 2176 3133 2234 conspectu
3164 2166 3422 2234 jejunium
3443 2167 3729 2231 solverint,

2138 2262 2372 2327 satisque
2415 2257 2800 2312 declaraverint
2829 2298 2844 2321 ,
2897 2255 3160 2324 ﬁdemque
3200 2255 3411 2324 plenam
3463 2257 3732 2318 fecerint,

2139 2351 2279 2420 quod
2329 2351 2378 2402 in
2427 2349 2614 2403 inclitis
2662 2347 2887 2402 correcti
2940 2347 3048 2400 sint
3069 2387 3084 2410 ,
3113 2356 3166 2400 et
3195 2347 3294 2400 sibi
3323 2347 3454 2414 ipsis
3488 2355 3548 2400 et
3577 2347 3734 2400 nobis

2140 2455 2337 2498 :etcrna
2366 2442 2501 2496 bona
2543 2441 2826 2495 concilient
2854 2480 2870 2506 ,
2918 2440 3085 2509 gratia
3129 2454 3190 2493 ac
3239 2439 3480 2492 bonitate
3511 2440 3732 2492 Domini

2141 2533 2307 2587 nostri
2330 2532 2455 2586 Jesu
2483 2531 2704 2595 Christi,
2729 2545 2822 2598 per
2846 2544 3005 2599 quem
3044 2537 3099 2582 et
3140 2543 3260 2582 cum
3301 2544 3410 2598 quo
3453 2527 3606 2582 Patri
3631 2544 3734 2582 una

2140 2640 2260 2680 cum
2295 2623 2490 2692 Spiritu
2517 2629 2701 2676 sancto
2726 2621 2893 2690 gloria
2920 2661 2935 2686 ,
2969 2633 3110 2673 nunc
3132 2629 3186 2674 ct
3208 2633 3421 2688 semper
3451 2625 3510 2673 et
3537 2618 3594 2672 in
3633 2633 3734 2672 se-

2143 2714 2262 2769 cula
2291 2713 2632 2779 saeculorum,
2660 2714 2851 2765 Amen.

1258 2957 1475 3063 AD
1497 2945 2065 3061 VERSUS
2163 2940 2875 3048 JUDAEOS.

1789 3139 2410 3196 «animm

1006 3279 1196 3320 ORATIO
1233 3278 1415 3319 SBP‘I’II
1424 3281 1450 3317 Α
1461 3302 1475 3316 .

525 3356 577 3410 1.
618 3355 752 3409 Num
775 3368 871 3408 vos
901 3369 1094 3425 pugnae
1120 3354 1274 3422 hujus
1301 3370 1418 3408 cum
1444 3352 1643 3407 Judaeis
1663 3359 1924 3420 susceptae
1950 3364 2040 3405 sa—

452 3443 609 3498 tietas
647 3443 818 3512 cepit?
855 3445 938 3497 An
967 3443 1125 3496 vultis
1155 3451 1213 3496 ut
1236 3456 1421 3496 rursus
1448 3441 1606 3496 hodie
1632 3455 1844 3511 quoque
1869 3449 2040 3493 mate-

459 3534 592 3588 riam
615 3534 856 3589 eamdem
878 3534 1202 3588 tractemus?
1223 3535 1550 3603 Quamquam
1571 3533 1712 3588 euim
1735 3533 1896 3586 multa
1917 3541 2041 3587 sunt

451 3624 561 3694 jam
588 3625 748 3689 dicta,
772 3635 1007 3679 attamen
1033 3625 1265 3679 arbitror
1285 3639 1381 3679 vos
1399 3625 1477 3679 sic
1494 3623 1711 3678 allectos
1736 3633 1794 3678 ut
1816 3624 2040 3692 cupiatis

453 3716 640 3770 iisdem
669 3717 738 3770 de
768 3716 926 3772 rebus
953 3718 1144 3772 iterum
1169 3717 1377 3771 audire.
1403 3715 1609 3771 Etenim
1634 3717 1721 3786 qui
1748 3731 1854 3770 non
1879 3716 2039 3771 satia-

455 3815 542 3858 tur
569 3816 750 3860 amore
777 3821 900 3874 erga
929 3805 1130 3872 Jesum,
1155 3805 1202 3860 is
1229 3820 1329 3861 nec
1357 3820 1609 3875 umquam
1640 3805 1916 3860 satiabitur
1943 3821 2038 3874 pu-

452 3911 553 3966 gna
583 3896 839 3950 adversus
867 3911 960 3951 eos
988 3905 1252 3965 suscepta,
1284 3895 1374 3966 qui
1401 3895 1582 3951 Jesum
1611 3895 1858 3951 oderunt.
1889 3896 2036 3950 Prac-

450 3993 592 4040 terea
616 3996 796 4040 autem
823 3987 975 4042 nobis
1003 3986 1090 4041 hic
1115 4001 1295 4041 sermo
1323 3986 1657 4040 necessarius
1690 3993 1774 4040 est
1805 4004 1818 4040 :
1845 4000 2035 4053 super-

446 4085 572 4131 sunt
599 4078 740 4132 euim
779 4077 953 4132 adhuc
991 4076 1246 4132 festorum
1288 4076 1592 4132 ludat-orum
1634 4076 1888 4146 reliquim.
1930 4075 2036 4130 Sed

448 4165 893 4236 quemadmodum
923 4167 1129 4220 illorum
1153 4166 1294 4221 tuba:
1314 4166 1480 4220 multo
1499 4165 1868 4220 sceleratiores
1885 4175 2038 4220 erant

457 4256 523 4310 iis
552 4271 670 4326 quae
698 4265 889 4310 sonant
916 4257 970 4314 in
997 4257 1238 4322 theatris,
1267 4268 1314 4311 et
1341 4256 1542 4326 jejunia
1567 4257 1754 4326 quavis
1777 4255 2038 4310 ebrietate

455 4355 514 4402 et
557 4347 943 4402 comessatione
988 4357 1141 4402 erant
1186 4347 1419 4418 turpiora
1451 4365 1464 4401 :
1495 4349 1565 4402 ita
1608 4358 1663 4403 et
1700 4349 2035 4404 tabernacula

457 4451 576 4508 qua:
609 4453 749 4492 nunc
775 4437 913 4507 apud
945 4439 1064 4493 illos
1090 4439 1320 4510 ﬁguntur
1343 4479 1358 4503 ,
1386 4439 1554 4494 nihilo
1577 4449 1705 4493 sunt
1733 4439 2034 4493 honestiora

452 4528 780 4590 diversoriis,
805 4529 858 4583 in
882 4529 1076 4598 quibus
1102 4537 1277 4584 scorta
1305 4539 1583 4584 versantur
1605 4544 1666 4584 ac
1688 4529 1936 4584 tibicinae.
1959 4528 2036 4584 Ne

449 4621 569 4692 quis
615 4629 793 4675 autem
840 4621 1136 4676 orationem
1182 4620 1320 4676 hanc
1362 4621 1598 4677 audaciae
1635 4621 1869 4676 damnet.
1902 4621 2033 4675 Nam

452 4727 616 4766 ausus
637 4720 720 4766 est
741 4721 1014 4766 extremus
1038 4726 1352 4781 summaque
1375 4711 1623 4782 iniquitas
1645 4725 1800 4767 secus
1825 4711 1892 4766 de
1920 4711 2034 4766 istis

448 4802 680 4870 opinari.
697 4802 831 4856 Cum
859 4803 1000 4857 enim
1023 4803 1279 4857 adversus
1301 4803 1466 4858 Deum
1490 4804 1810 4858 contendant
1833 4819 1894 4858 ac
1915 4804 2034 4873 Spi-

448 4889 573 4944 ritui
603 4899 788 4945 sancto
817 4891 1096 4957 resistant,
1123 4907 1221 4946 cur
1249 4909 1355 4947 non
1387 4895 1542 4948 talem
1569 4894 1635 4948 de
1665 4895 1768 4948 illis
1797 4893 2032 4950 feramus

449 4980 806 5034 sententiam?
832 4981 959 5035 Erat
993 4982 1120 5036 olim
1161 4981 1262 5036 hoc
1302 4982 1491 5038 festum
1535 4985 1839 5039 venerabile
1863 5024 1878 5046 ,
1910 4999 2031 5038 cum

445 5071 592 5142 juxta
635 5072 804 5142 legem
842 5073 1027 5136 ﬁeret,
1070 5073 1268 5143 Deique
1301 5074 1488 5144 jussu;
1533 5090 1674 5130 nunc
1709 5085 1885 5130 autem
1926 5091 2030 5130 non

451 5163 714 5233 amplius;
739 5178 858 5216 nam
889 5172 996 5217 tota
1025 5164 1162 5218 illius
1189 5163 1417 5234 dignitas
1441 5165 1651 5219 sublata
1676 5174 1778 5231 est,
1801 5180 1866 5220 eo
1890 5165 2032 5233 quod

449 5268 634 5314 contra
669 5257 760 5312 Dei
803 5265 1034 5311 mentem
1075 5257 1392 5312 celebratur.
1419 5256 1624 5324 Quique
1655 5257 1884 5312 maxime
1915 5257 2030 5310 vio-

460 5350 571 5404 lant
597 5350 764 5419 legem
796 5350 1075 5418 priscaque
1102 5347 1255 5413 festa,
1288 5348 1323 5402 ii
1352 5350 1584 5404 maxime
1611 5351 1845 5404 omnium
1872 5360 2026 5415 sunt,

445 5441 533 5508 qui
562 5455 702 5495 nunc
733 5439 978 5495 videntur
1002 5453 1064 5492 ea
1085 5439 1375 5493 celebrare.
1399 5439 1468 5492 At
1489 5453 1586 5493 nos
1604 5440 1830 5495 maxime
1859 5441 2030 5510 legem

445 5546 761 5587 veneramur
778 5571 794 5595 ,
824 5531 914 5600 qui
941 5545 1057 5584 eam
1085 5531 1232 5583 velut
1258 5528 1526 5584 hominem
1553 5531 1702 5584 senio
1729 5530 2030 5586 confectum

443 5621 721 5692 quiescere
743 5621 992 5691 sinimus,
1020 5635 1119 5678 nec
1140 5621 1192 5676 in
1219 5619 1446 5676 stadium
1477 5622 1854 5692 protrahimus,
1878 5630 2026 5693 post-

2149 3272 2374 3326 eaquam
2405 3255 2658 3322 incanuit,
2684 3270 2854 3326 neque
2880 3256 3060 3311 alieno
3086 3266 3322 3327 tempore
3348 3267 3565 3312 certare
3591 3275 3737 3312 coin-

2144 3349 2408 3418 pellimus.
2429 3347 2577 3402 Nunc
2597 3349 2737 3402 enim
2752 3363 2971 3403 necesse
2987 3349 3116 3418 legis
3133 3357 3340 3418 tempus
3357 3391 3371 3412 ,
3395 3367 3498 3405 nec
3515 3362 3738 3405 vetusta:

2144 3440 2434 3509 religionis,
2461 3440 2590 3493 satis
2609 3449 2734 3494 ante
2752 3439 3230 3495 demonstravimus
3252 3457 3265 3493 :
3290 3456 3385 3510 age
3405 3442 3574 3510 igitur
3595 3442 3737 3509 quod

2149 3538 2396 3598 superest
2420 3529 2576 3584 hodie
2601 3530 2946 3584 excutiamus.
2969 3529 3108 3584 Satis
3130 3530 3342 3598 quidem
3365 3541 3502 3590 erat.
3536 3543 3598 3584 ut
3621 3548 3742 3584 cum

2141 3636 2207 3676 ex
2252 3621 2524 3691 prophetis
2565 3621 2810 3676 omnibus
2861 3621 3312 3676 demoustrassem
3338 3661 3353 3685 ,
3397 3622 3549 3690 quod
3601 3638 3742 3675 nunc

2143 3721 2295 3767 extra
2319 3713 2700 3783 Jerosolymam
2729 3713 2833 3766 tale
2856 3712 3122 3781 quippiam
3153 3711 3344 3774 facere,
3370 3715 3740 3782 transgrtSsio

2140 3803 2274 3872 legis
2300 3804 2368 3856 sit
2391 3814 2446 3858 et
2484 3803 2748 3870 impietas,
2774 3803 2917 3856 omni
2947 3803 3128 3856 labore
3154 3802 3374 3856 levarer.
3403 3801 3542 3855 Nam
3573 3805 3620 3856 si
3654 3819 3744 3855 ve-

2142 3909 2258 3947 rum
2277 3901 2438 3957 esset,
2462 3891 2602 3962 quod
2621 3893 2701 3946 isti
2715 3907 2926 3961 semper
2943 3892 3136 3960 ubique
3145 3891 3406 3959 jac-tantes
3423 3895 3736 3960 mussitant,

2142 3982 2372 4036 futurum
2411 3993 2468 4036 ut
2494 3983 2759 4037 civitatem
2785 3981 2967 4037 denud
2989 3982 3248 4050 recipiant
3269 4021 3286 4048 ,
3319 3997 3385 4035 ne
3410 3984 3493 4036 sic
3517 3985 3736 4052 quidem

2141 4075 2347 4144 possint
2372 4091 2400 4127 a
2431 4075 2640 4128 violata:
2668 4075 2796 4142 legis
2825 4073 3045 4129 crimine
3074 4073 3284 4128 liberari
3315 4090 3330 4126 :
3358 4084 3604 4129 attamen
3634 4093 3735 4132 nos

2139 4183 2205 4221 ex
2231 4166 2516 4221 abundanti
2543 4165 2646 4220 hoc
2673 4181 2884 4235 quoque
2913 4165 3390 4220 demonstravimus
3409 4203 3428 4229 ,
3458 4167 3610 4234 quod
3641 4185 3736 4221 nec

2138 4257 2326 4311 civitas
2351 4257 2418 4310 sit
2447 4255 2808 4322 instauranda,
2836 4270 3006 4325 neque
3031 4255 3260 4324 priscum
3288 4255 3606 4324 reipublicae
3631 4268 3736 4311 sta-

2140 4358 2250 4404 tum
2283 4350 2390 4404 sint
2419 4349 2703 4418 recepturi.

2207 4439 2412 4494 Judaici
2442 4441 2567 4494 ritus
2592 4439 2838 4509 abrogati.
2860 4467 2932 4478 ——
2952 4438 3062 4492 lloc
3099 4445 3274 4492 autem
3317 4435 3729 4500 demonstrato,

2137 4533 2338 4604 reliqua
2367 4533 2542 4588 omnia
2571 4533 2622 4586 in
2651 4532 2895 4586 confesso
2921 4539 3065 4595 sunt,
3099 4529 3343 4584 videlicet
3369 4529 3516 4597 quod
3553 4545 3725 4598 neque

2135 4625 2519 4680 sacriliciorum
2545 4623 2698 4688 ritus,
2722 4637 2894 4691 neque
2921 4620 3368 4682 holocaustorum,
3394 4634 3582 4688 neque
3605 4622 3730 4687 legis

2135 4717 2217 4772 vis
2238 4757 2253 4780 ,
2285 4731 2390 4770 nec
2411 4715 2513 4770 alia
2547 4729 2670 4784 pars
2697 4714 2804 4768 ulla
2828 4723 2999 4767 status
3029 4713 3167 4764 illius
3190 4711 3489 4765 consistere
3512 4714 3728 4779 poterit.

2136 4809 2370 4863 Primqu
2396 4808 2536 4862 enim
2565 4805 2815 4876 pra-cepit
2843 4805 2948 4868 lex,
2979 4814 3036 4857 ut
3066 4813 3146 4857 ter
3177 4803 3229 4857 in
3255 4817 3396 4856 anno
3419 4816 3592 4857 omne
3621 4818 3734 4855 ma-

2137 4899 2396 4955 sculinum
2425 4897 2738 4954 ascenderet
2764 4898 2815 4950 in
2845 4896 3095 4964 templum
3120 4893 3314 4962 (Exod.
3339 4893 3429 4946 25.
3464 4893 3583 4960 17).
3612 4892 3731 4946 Ca:-

2136 4999 2307 5045 terum
2337 4989 2543 5059 dejecto
2585 4987 2781 5056 templo
2807 5027 2822 5050 ,
2852 4987 2953 5040 hoc
2983 4984 3095 5039 fieri
3123 4983 3321 5054 nequit.
3351 4981 3562 5038 Rursus
3591 4997 3728 5050 pra:-

2135 5087 2373 5148 ceperat,
2403 5087 2461 5132 ut
2486 5077 2575 5148 qui
2605 5078 2864 5148 proﬂuvio
2889 5076 3108 5131 seminis
3136 5075 3423 5136 laboraret,
3454 5073 3549 5142 qui
3579 5073 3725 5141 lepra

2135 5169 2528 5223 contaminatus
2568 5177 2710 5222 esset
2735 5207 2751 5233 ,
2781 5181 2898 5236 qua:
2927 5175 3199 5220 menstruo
3234 5163 3373 5216 lluxu
3407 5171 3688 5216 teneretur
3709 5204 3724 5222 .

2133 5276 2251 5329 quae
2278 5260 2605 5328 peperisset,
2635 5257 2851 5312 offerret
2874 5257 3130 5311 sacriﬁcia
3157 5253 3177 5324 (
3200 5252 3358 5307 Leuit.
3390 5254 3527 5323 15).
3566 5255 3723 5323 Atqui

2133 5366 2234 5406 nec
2263 5349 2363 5405 hoc
2393 5349 2506 5404 ﬁeri
2532 5360 2708 5419 potest
2732 5391 2747 5412 ,
2775 5363 2896 5403 cum
2927 5347 3066 5403 desit
3095 5346 3246 5401 locus
3266 5383 3282 5410 ,
3319 5359 3417 5399 nec
3445 5355 3628 5399 exstet
3654 5348 3725 5398 al-

2135 5452 2272 5496 tare.
2300 5442 2466 5498 Jussit
2489 5441 2606 5495 cani
2634 5455 2817 5496 sacros
2844 5439 3090 5510 hymnos,
3117 5448 3172 5494 et
3197 5439 3297 5493 hoc
3323 5446 3452 5492 ante
3479 5438 3727 5493 declamo

2133 5533 2304 5587 vimus
2333 5542 2445 5586 tum
2471 5531 2573 5587 loci
2602 5531 2806 5586 ratione
2835 5530 3003 5586 vetari
3027 5571 3040 5594 ,
3073 5539 3182 5584 tum
3209 5543 3238 5582 a
3265 5528 3545 5598 pr0phetis
3574 5530 3725 5580 dam-

2133 5623 2246 5679 nari
2273 5663 2288 5691 ,
2337 5623 2708 5680 accusantibus
2751 5622 2870 5680 illos
2915 5635 2978 5678 ac
3022 5621 3322 5678 dicentibus
3346 5660 3363 5692 ,
3407 5621 3554 5692 quod
3602 5622 3724 5676 loris
