3862 6228
357 226 459 301 9n

354 336 505 414 [665]
532 335 844 404 ἀνέγνωσαν
879 331 983 397 ἔξω
1009 332 1194 414 νόμον,
1215 329 1328 414 καί⁵
1369 325 1771 414 ἐπεκαλέσαντο
1800 325 1928 414 ὁμο-

351 406 555 491 λογίαν.
587 419 753 473 Ὅταν
788 419 969 472 τοίνυν
1016 413 1150 486 μηδὲ
1200 409 1669 480 ἀναγινώσκεσθαι
1706 406 1928 491 δυνατὸν

350 489 533 574 ἦν-τὸν
563 501 726 570 νόμον
766 498 870 564 ἐξω
902 499 1002 569 τῆς
1036 496 1261 560 πόλεως,
1312 492 1430 556 πῶς
1469 491 1630 544 αὑτὸν
1670 489 1928 574 πράττειν

353 570 458 653 ἐξω
480 587 581 655 τῆς
607 583 812 645 πόλεως
839 580 1063 634 δυνατόν
1084 598 1098 644 ;
1128 578 1228 631 Διά
1245 577 1374 646 γοῦν
1403 575 1560 629 τοῦτο
1576 574 1669 627 καὶ
1693 570 1928 655 ἀπειλῶν

350 654 543 731 αὐτοῖς
567 666 784 733 ἐλεγενο
828 664 949 717 Οὐκ
990 661 1393 730 ἐπισκέψομαι
1442 658 1549 724 τὰς
1603 654 1929 725 θυγατέρας

350 754 540 822 ὑμῶν,
572 752 716 805 ὅταν
732 747 1205 816 ἐκπορνεύσωσι,
1229 741 1450 808 καὶτὰς
1477 742 1717 810 νύμφας
1742 736 1926 807 ὑμῶν,

352 836 498 891 ὅταν
532 833 921 904 μοιχεύσωσι.
958 830 1024 883 Τί
1081 829 1139 882 δέ
1174 827 1333 882 τοῦτό
1379 827 1532 887 ἐστι;
1582 824 1762 893 Νόμον
1800 822 1929 890 ὑμῖν

352 919 620 987 ἀναγνοὺς
653 914 901 977 παλαιὸν,
942 912 1276 982 σαφέστερον
1321 909 1548 977 ποιῆσαι
1576 907 1927 987 πειράσομαι-ι

352 1002 448 1064 Τίς
471 984 569 1055 οὖν
598 1001 747 1052 ἐστιν
774 1000 803 1051 6
826 997 1025 1066 νόμος;
1065 995 1206 1048 Ἐὰν
1222 988 1455 1060 παραϐῇ
1478 989 1632 1059 γυνὴ
1656 988 1803 1042 κατὰ
1821 984 1930 1040 τοῦ

351 1083 570 1152 ἀνδρὸς
596 1079 808 1148 αὐτῆς,
834 1079 932 1133 καί
955 1076 1175 1147 παρίδῃ
1204 1075 1393 1129 αὐτόν
1419 1073 1810 1140 ὑπεριδοῦσα,
1831 1069 1929 1123 καί

351 1162 608 1235 κοιμηθῇ
647 1181 738 1228 τις
775 1163 902 1231 μετ’
948 1158 1139 1227 αὐτῆς
1178 1158 1386 1222 κοίτην
1415 1154 1786 1224 σπέρματος,
1822 1152 1928 1235 ,καί

350 1228 604 1317 λάθῃ-ἐξ
621 1228 945 1315 ὀφθαλμῶν
971 1243 1075 1297 τοῦ
1110 1240 1347 1308 ἀνδρὸς,
1378 1238 1476 1292 καὶ
1496 1238 1725 1307 μάρτυς
1760 1234 1846 1317 μὴ
1890 1228 1931 1305 ᾖ

350 1330 478 1384 κατ’
495 1315 712 1397 αὐτῆς,
749 1326 953 1397 καὶμὴ
976 1320 1015 1397 ᾖ
1047 1320 1530 1392 συνειλημμένη,
1574 1319 1672 1373 καὶ
1706 1315 1929 1397 ἐπέλθῃ

351 1414 446 1466 ἐπ’
481 1396 647 1477 αὺτῷ
680 1396 916 1479 πνεῦμα
955 1407 1261 1476 ζηλώσεως
1280 1447 1294 1470 ,
1334 1403 1484 1471 αῦτη
1522 1402 1592 1456 δὲ
1632 1400 1720 1471 μὴ
1757 1396 1799 1471 ᾗ
1831 1417 1932 1469 με·

350 1494 668 1566 μιασμένη.
716 1494 781 1545 Ὃ
802 1491 860 1545 δὲ
879 1490 1025 1558 λέγει
1054 1488 1290 1542 τοιοῦτόν
1322 1489 1469 1538 ἐστιν
1488 1502 1501 1515 ·
1552 1483 1675 1537 Ἐὰν
1716 1499 1929 1552 μοιχευ-

353 1578 420 1648 θῇ
441 1618 456 1642 ,
486 1581 641 1646 φησὶ,
670 1576 831 1645 γυνὴ,
858 1573 952 1627 καὶ
983 1570 1301 1641 ὑποπτεύσῃ
1326 1568 1422 1639 τὴν
1455 1566 1701 1638 μοιχείαν
1720 1568 1748 1619 6
1770 1567 1928 1636 ἀνὴρ,

349 1660 515 1732 ἢμμὴ
568 1657 829 1729 μοιχευθῇ
857 1695 874 1721 ,
926 1650 1080 1717 οὗτος
1132 1655 1189 1707 δὲ
1241 1650 1590 1721 ὑποπτεύσῃ,
1643 1650 1738 1703 καὶ
1794 1649 1930 1732 μήτε

355 1728 566 1813 μάρτυς
602 1728 693 1812 ᾗ,
738 1740 876 1809 μήτε
922 1737 1120 1807 κύησις
1172 1734 1506 1804 ἐλέγχουσα,
1558 1731 1694 1813 ἄξει
1738 1728 1933 1795 αὐτὴν

352 1811 504 1892 στρος
520 1811 634 1875 τὸν
652 1820 812 1891 ἱερέα
829 1859 845 1886 ,
878 1819 1038 1890 φησὶ,
1067 1818 1164 1871 καί
1202 1816 1515 1884 προσοίσει
1539 1813 1604 1867 τὸ
1625 1811 1816 1881 δῶρον
1835 1813 1934 1864 αὺ-

350 1905 464 1975 τῆς
490 1904 750 1973 ἄλευρον
772 1904 1058 1971 κρίθινον.
1095 1901 1159 1953 Τί
1186 1900 1382 1970 δήποτε
1407 1899 1469 1950 οὑ
1498 1896 1796 1967 σεμίδαλιν,
1833 1894 1933 1946 οὑκ

352 1988 581 2058 ἄλευρον
618 1984 815 2056 πυροῦ,
849 1984 987 2038 ἀλλά
1020 1982 1298 2053 κρίθινον;
1323 1978 1542 2049 Ἐπειδὴ
1582 1977 1776 2040 πένθος
1816 1977 1932 2030 ἐστὶ

352 2071 450 2124 καὶ
492 2068 835 2137 κατάγνωσις
876 2067 971 2120 καὶ
1005 2063 1206 2134 ὑποψία
1247 2062 1460 2134 πονηρά
1507 2060 1569 2114 τὸ
1624 2060 1928 2130 γινόμενον,

353 2154 605 2222 ἐμιμεῖτο
635 2151 733 2220 τὴν
761 2147 1044 2220 συμφορὰν
1067 2148 1166 2216 τῆς
1183 2144 1389 2208 οἰκείας
1420 2143 1609 2206 θυσίας
1640 2142 1699 2194 τ’)
1724 2142 1926 2210 σχῆμα⁸

353 2234 444 2289 διὰ
475 2235 583 2305 γάρ
598 2233 756 2286 τοῦτό
774 2249 937 2303 φησιν
958 2248 970 2262 ·
992 2233 1113 2285 Οὐκ
1144 2226 1399 2298 ἐπιχεεῖς
1424 2224 1675 2280 ἐπάῠτὸ
1701 2224 1927 2286 ἔλαβον,

355 2316 500 2371 οὐδὲ
528 2316 839 2382 ἐπιθήσεις
858 2323 879 2345 ³
906 2314 999 2367 ἐπ’
1030 2311 1177 2369 αὐτό
1201 2312 1471 2367 λίϐανον.
1508 2306 1651 2362 Εἶτα
1689 2306 1789 2375 (δεῖ
1821 2305 1930 2376 γάρ

356 2400 660 2472 ἐπιτεμεῖν)
691 2399 790 2455 καί
821 2397 1110 2468 προσάξει
1150 2395 1344 2463 αὐτὴν
1376 2398 1409 2449 ὀ
1437 2392 1649 2461 ἱερεὺς,
1686 2390 1784 2444 καί
1818 2390 1930 2472 λήέ

353 2471 533 2556 ἰθ-εται
582 2484 739 2552 ὕδωρ
769 2482 1028 2550 καθαρὸν
1075 2480 1145 2533 ἐν
1185 2479 1399 2548 ἀγγείῳ
1436 2477 1791 2544 ὀστρακίνῳ,
1834 2471 1932 2556 καὶ

355 2555 475 2625 ἀπὸ
496 2568 607 2638 τῆς
646 2566 760 2638 τῆς
801 2565 911 2634 τῆς
942 2565 1135 2632 οὔσης
1167 2563 1265 2617 ἐπὶ
1286 2561 1392 2615 τοῦ
1425 2559 1685 2628 ἐδάφους
1708 2555 1929 2620 λαϐὼν,

355 2651 696 2725 ἐμϐαλεῐείς
734 2648 800 2703 τό
832 2646 1007 2715 ὕδωρ,
1039 2647 1133 2698 καί
1162 2644 1378 2710 στήσει
1403 2641 1518 2709 τὴν
1544 2639 1929 2725 γυναῖκα,καὶ

356 2720 542 2805 δρκιεῖ
571 2733 783 2800 αὐτὴν,
821 2729 917 2784 καί
941 2728 1083 2796 ἐρεῖ·
1113 2730 1183 2782 Εἰ
1207 2726 1293 2796 μὴ
1326 2725 1586 2792 παρέϐης
1610 2720 1932 2805 μιανθῆναι

358 2802 507 2886 πρὸς
534 2816 641 2870 τὸν
673 2813 861 2881 ἄνδρα
882 2812 989 2866 τὸν
1011 2809 1297 2877 σεαυτῆς,
1344 2807 1473 2862 σώα
1500 2807 1622 2860 ἴσθι
1654 2804 1775 2860 ἀπὸ
1814 2802 1931 2857 τοῦ

356 2901 580 2965 ὕδατος
612 2897 718 2952 τοῦ
751 2893 1006 2965 έλεγμοῦ
1028 2908 1041 2922 ·
1080 2891 1222 2946 εἰδὲ
1242 2890 1504 2958 παρέϐης
1551 2887 1648 2942 καί
1685 2887 1933 2957 μεμίαν-

357 3000 483 3051 σαι,
513 2983 608 3037 καί
639 2979 823 3035 ἔδωκέ
851 2997 938 3044 τις
958 2977 1073 3045 τὴν
1093 2977 1302 3044 κοίτην
1319 2975 1505 3028 αὐτοῦ
1526 2973 1595 3027 ἐν
1623 2973 1742 3035 σοὶ,
1766 2971 1933 3039 πλὴν

357 3068 467 3123 τοῦ
484 3067 704 3135 ἀνδρός
718 3080 857 3129 σου,
871 3063 989 3130 δῴη
1003 3062 1219 3131 Κύριός
1238 3073 1312 3113 σε
1328 3059 1397 3113 ἐν
1409 3056 1524 3127 ἀρᾷ
1541 3056 1640 3110 καὶ
1659 3056 1934 3124 ἐνόρκιον

357 3151 604 3221 ἐνμέσῳ
627 3148 734 3204 τοῦ
766 3147 939 3202 λαοῦ.
960 3146 1023 3198 Τί
1050 3145 1218 3208 ἐστιν,
1247 3144 1344 3197 Ἐν
1368 3141 1482 3211 ἀρᾷ
1499 3142 1595 3195 καὶ
1625 3141 1900 3209 ἐνόρκιον
1911 3155 1931 3203 ;

361 3235 704 3302 Ἵναλέγωσι’
729 3231 821 3303 Μὴ
843 3231 1071 3300 πάθοιμι
1092 3230 1168 3292 ὡς
1196 3227 1394 3281 ἔπαθεν
1419 3229 1452 3297 ἠ
1477 3226 1622 3278 δεῖνα
1648 3226 1805 3296 γυνή.
1832 3225 1934 3276 Ἐν

356 3316 441 3385 τῷ
468 3318 678 3372 δοῦναι
712 3316 932 3385 Κύριον
961 3313 1074 3381 τὴν
1116 3312 1354 3366 κοιλίαν
1385 3324 1501 3363 σου
1533 3307 1933 3378 ἐμπεπρισμέ-

357 3420 496 3470 νην,
519 3400 617 3455 καί
639 3399 1048 3454 εἰσελεύσεται
1070 3396 1135 3449 τὸ
1156 3396 1312 3462 ὕδωρ
1327 3394 1391 3447 τὸ
1417 3392 1934 3461 ἐπικατηραμένον

358 3485 567 3554 πρῖσαι
606 3482 720 3550 τὴν
748 3480 1007 3551 γαστέρα
1047 3494 1183 3532 σου.
1217 3476 1327 3531 Καὶ
1359 3475 1483 3543 ἐρεῖ
1517 3476 1554 3543 ἠ
1590 3475 1744 3543 γυνή
1765 3491 1778 3504 ο
1820 3475 1932 3527 Γέ-

358 3585 546 3631 νοιτο,
597 3566 847 3636 γένοιτο.
900 3562 1009 3617 Καὶ
1043 3561 1235 3625 ἔσται,
1293 3561 1400 3614 ἐὰν
1443 3554 1485 3630 ᾖ
1529 3559 1930 3628 μεμιασμένῃ,

359 3651 774 3705 εἰσελεύσεται
820 3645 888 3699 τὸ
941 3645 1097 3713 ὕδωρ
1125 3645 1233 3699 τοῦ
1279 3643 1558 3713 ἐλεγμοῦ,
1597 3642 1698 3696 καί
1730 3644 1934 3710 πρίσει

358 3735 476 3804 τὴν
507 3733 746 3789 κοιλίαν
772 3728 983 3798 αὐτῆς,
1036 3727 1136 3782 καὶ
1180 3726 1352 3781 έσται
1382 3728 1420 3794 ἠ
1454 3725 1609 3795 γυνὴ
1643 3729 1730 3792 εἰς
1757 3727 1930 3795 ἀράν.

369 3820 514 3872 Ἐὰν
542 3815 610 3870 δέ
651 3814 736 3885 μὴ
762 3810 988 3884 μιανθῇ
1033 3813 1065 3881 ἠ
1114 3810 1291 3880 γυνὴ,
1321 3808 1480 3874 ἀθῴα
1505 3810 1677 3864 ἕσται
1710 3812 1807 3865 καί
1833 3815 1933 3866 ἐκ-

358 3898 716 3971 σπερματιεῖ
766 3896 1023 3966 σπέρμα.
1085 3895 1237 3948 Ἐπεὶ
1287 3890 1380 3948 οῦν
1420 3896 1500 3957 εἰς
1557 3895 1933 3966 αἰχμαλωσίαν

357 3985 700 4041 ἀπελθόντων
729 3980 937 4045 αὑτῶν,
980 3979 1132 4032 οὐδὲν
1180 3978 1382 4032 τούτων
1413 3978 1665 4047 γενέσθαι
1710 3979 1933 4035 δυνατὸν

357 4065 447 4140 ἦν,
471 4067 594 4122 οὔτε
628 4067 722 4120 τοῦ
762 4063 890 4119 ναοῦ
926 4064 1100 4126 ὄντος,
1140 4061 1263 4114 οὑτε
1294 4060 1390 4114 τοῦ
1429 4061 1613 4132 βωμοῦ
1633 4104 1648 4130 ,
1679 4062 1803 4116 οὔτε
1832 4065 1933 4133 τῆς

362 4151 587 4220 σκηνῆς,
645 4147 768 4202 οὔτε
825 4148 926 4218 τῆς
980 4147 1168 4208 θυσίας
1202 4145 1635 4216 ἀναφερομένης,
1693 4146 1933 4200 ἀπειλῶν

325 4231 576 4300 ⁸ἔλεγεν·
616 4232 737 4284 Οὐκ
791 4228 1198 4296 ἐπισκέψομαι
1227 4228 1332 4292 τὰς
1370 4227 1697 4295 θυγατέρας
1738 4227 1928 4297 ὑμῶν,

356 4315 507 4369 ὅταν
551 4313 966 4382 πορνεύσωσι,
1009 4310 1242 4376 καὶτὰς
1285 4312 1523 4378 νύμφας
1556 4310 1740 4381 ὑμῶν,
1789 4314 1933 4366 ὅταν

353 4399 781 4472 μοιχεύσωσιν.

429 4483 495 4552 β’.
513 4480 673 4552 Ὁρᾷς
701 4476 915 4532 ἀπὸτοῦ
929 4476 1095 4530 τόπου
1119 4476 1217 4546 τὴν
1248 4477 1399 4547 ἰσχὺν
1420 4476 1610 4546 έχοντα
1624 4478 1713 4531 τὸν
1735 4480 1927 4550 νὸμονς

359 4565 483 4618 Ὅτι
505 4563 561 4617 δέ
582 4561 705 4616 οὑτε
732 4562 824 4614 τὸν
852 4559 1003 4627 ἱερέα
1031 4558 1253 4613 δυνατὸν
1282 4556 1443 4625 εἶναι,
1477 4559 1575 4629 τῆς
1605 4560 1811 4624 πόλεως
1832 4562 1932 4614 οὑκ

357 4646 545 4716 οὑσης,
569 4645 725 4715 δῆλον
749 4645 814 4696 ἐκ
850 4643 1063 4696 τούτου.
1103 4642 1311 4712 Ὥσπερ
1344 4641 1452 4712 γὰρ
1480 4641 1703 4712 βασιλέα
1745 4643 1806 4696 οὑ
1834 4642 1929 4696 δυ-

357 4729 517 4783 νατδν
552 4724 715 4792 εἶναι,
750 4724 904 4799 [τῶν]
944 4724 1318 4796 στρατοπέδων
1355 4726 1454 4778 οὐκ
1495 4725 1684 4790 ὅντων,
1716 4726 1776 4778 οὑ
1811 4726 1928 4781 δια-

355 4812 613 4884 δήματος,
638 4811 733 4880 οὑχ
760 4806 1095 4878 ἀλουργίδος,
1121 4807 1183 4859 οὑ
1208 4808 1317 4861 τῶν
1354 4806 1527 4861 ἀλλων
1556 4809 1663 4861 τῶν
1691 4809 1791 4873 τὴν
1831 4808 1930 4878 βα-

362 4893 565 4948 σιλείαν
600 4889 1074 4963 συγκροτούντωνο
1126 4888 1299 4953 οὕτως
1346 4890 1469 4943 οὑδέ
1528 4891 1677 4962 ἱερέα
1706 4892 1929 4948 δυνατὸν

359 4972 518 5041 εἶναι,
553 4973 742 5036 θυσίας
783 4971 1152 5044 ἀνῃρημένης,
1172 4975 1486 5043 προσφορᾶς
1517 4974 1924 5048 κεκωλυμένης,

355 5059 461 5112 τῶν
491 5057 659 5126 ἁγίων
681 5056 1104 5127 πεπατημένων,
1124 5054 1217 5109 τοῦ
1245 5057 1523 5127 σχήματος
1556 5057 1755 5120 παντὸς
1787 5060 1930 5128 ἠφα-

353 5141 641 5212 νισμένουο
674 5141 708 5209 ὴ
740 5138 848 5211 γὰρ
881 5139 1147 5211 ἱερωσύνη
1206 5141 1264 5193 ἐν
1315 5140 1525 5207 τούτοις
1579 5143 1784 5197 ἀπασιν
1832 5141 1923 5214 ἦν.

356 5225 553 5296 Ἤρκει
580 5222 678 5296 μὲν
698 5218 834 5287 οὖν,
873 5223 1009 5293 ὅπερ
1040 5222 1210 5293 ἔφθην
1240 5222 1429 5286 εἰπὼν,
1480 5225 1616 5295 πρὸς
1655 5224 1931 5292 ἀπόδειξιν

359 5294 485 5379 ἡμῖν
519 5294 619 5360 τοῦ
652 5307 789 5376 μήτε
818 5306 1043 5372 θυσίας,
1094 5308 1231 5377 μήτε
1281 5307 1728 5379 ὁλοκαυτώματα,
1788 5313 1926 5382 μήτε

358 5391 478 5454 τοὺς
530 5389 750 5453 λοιποὺς
794 5389 1133 5460 καθαρμοὺς,
1174 5391 1309 5460 μήτε
1366 5390 1494 5444 ἀλλο
1522 5390 1682 5464 [664]
1733 5409 1785 5447 τι
1822 5394 1924 5465 τῆς

406 5620 444 5651 ³
461 5621 560 5672 Δίὶὶ
575 5621 756 5687 ἐπιχέοι
773 5626 826 5671 ει
845 5622 1072 5679 ἐπιθήσει.

1076 219 1134 274 S.
1176 216 1461 273 JOANNIS
1499 213 1991 273 CHRYSOSTOMI
2028 213 2353 269 ARCHIEP.
2395 213 2949 271 CONSTANTINOP.

3509 216 3622 275 9|8

2050 321 2347 392 Ἰουδαϊκῆς
2372 321 2646 385 πολιτείας
2675 321 2994 392 ἐπανήξεινο
3043 322 3226 377 λοιπὸν
3267 323 3299 394 ἡ
3340 323 3622 393 ἀπόδειξις

2034 402 2127 457 τοῦ
2177 405 2377 474 μηκέτι
2414 405 2711 475 στήσεσθαι
2753 406 2846 460 τὸν
2885 405 3032 460 ναόν.
3085 407 3296 480 Ὥσπερ
3347 411 3458 480 γὰρ
3508 412 3622 465 οὐκ

2035 487 2187 549 ὄντος
2211 486 2403 539 τούτου
2439 487 2533 540 νῦν
2562 488 2738 541 πάντα
2766 488 3057 559 ἀνῄρηται,
3086 490 3192 543 κᾶν
3216 489 3344 562 δοκῇ
3380 511 3433 546 τι
3464 494 3615 562 γίνε-

2037 568 2182 624 σθαι.
2215 569 2548 639 παρανόμως
2575 570 2836 640 τολμᾶται
2857 588 2870 601 ’
2896 570 3068 635 οὕτως
3105 572 3484 639 ἀποδείξαντος
3517 575 3619 629 τοῦ

2036 650 2194 722 λόγου
2221 655 2302 707 δτι
2341 654 2596 707 οὐδέποτε
2625 653 2879 726 ἐπανήξει
2906 654 3042 725 πρὸς
3081 655 3144 707 τὸ
3167 657 3367 709 οἰκεῖον
3400 657 3619 729 σχῆμα,

2036 736 2257 789 κάκεῖνο
2303 731 2799 800 συναποδέδεικται,
2830 737 2911 790 ὅτι
2949 734 3073 791 οὔτε
3193 737 3353 809 λοιπὴ
3386 739 3623 812 λατρεία

2035 818 2171 890 πρὸς
2196 822 2295 890 τὴν
2323 821 2595 892 προτέραν
2629 820 2888 892 ἐπανήξει
2916 823 3251 876 κατάστασιν
3280 820 3444 877 πάλιν
3462 865 3479 890 ,
3512 825 3623 896 οὐχ

2038 902 2215 969 ἱερεὺς
2260 903 2414 956 ἔσται
2459 922 2576 969 τις,
2611 906 2671 958 οὑ
2719 904 2990 975 βασιλεύς.
3022 906 3086 958 Εἰ
3116 905 3224 975 γὰρ
3261 907 3375 970 τοῖς
3417 908 3486 960 ἐκ
3510 907 3618 963 τοῦ

2037 985 2347 1056 σπέρματος
2374 988 2571 1052 αὑτῶν,
2612 988 2714 1041 κάν
2734 1006 2816 1052 τις
2840 984 2908 1060 ἦν
2939 988 3047 1041 τῶν
3079 988 3483 1055 ἰδιωτευόντων,
3509 990 3623 1045 οὐκ

2036 1070 2216 1136 ἐφεῖτο
2229 1069 2360 1136 γοῦν
2385 1070 2667 1141 λατρεύειν
2684 1071 3016 1138 ἀλλογενέσι,
3030 1070 3208 1140 πολλῷ
3231 1070 3428 1140 μᾶλλον
3448 1071 3623 1125 αὑτὸν

2035 1150 2124 1203 τὸν
2162 1152 2383 1221 βασιλέα
2414 1153 2732 1207 ὑποκεῖσθαι
2765 1153 2990 1224 ἑτέροις,
3031 1153 3188 1223 θέμις
3221 1154 3323 1207 οὑκ
3343 1149 3432 1225 ἦν.
3462 1153 3623 1225 Πλὴν

2036 1234 2152 1288 ἀλλ’
2179 1236 2364 1307 ἐπειδὴ
2388 1234 2536 1303 ἀγὼν
2566 1238 2697 1307 ἡμῖν
2718 1238 2833 1289 ἐστι
2861 1235 2956 1288 καὶ
2986 1235 3209 1307 σπουδὴ,
3238 1236 3341 1290 οὑκ
3368 1236 3623 1301 ἐκείνους

2036 1319 2384 1390 ἐπιστομίσαι
2444 1320 2624 1391 μόνον,
2673 1318 2809 1372 ἀλλὰ
2838 1320 2931 1373 καὶ
2961 1319 3059 1389 τὴν
3087 1319 3361 1391 ὑμετέραν
3385 1321 3622 1389 ἀγάπην

2039 1402 2278 1470 σοφίσαι,
2308 1403 2437 1473 φέρε
2457 1402 2615 1455 τοῦτο
2640 1401 2771 1454 αὑτὸ
2802 1401 3064 1470 ἑτέρωθεν
3086 1402 3480 1473 ἀποδείξωμεν,
3499 1397 3623 1456 οἷον

2036 1484 2118 1536 ὅτι
2139 1486 2233 1538 καὶ
2261 1485 2329 1538 τὰ
2364 1487 2472 1538 τών
2504 1485 2725 1547 θυσιῶν,
2756 1484 2848 1537 καὶ
2886 1485 2953 1536 τὰ
2982 1485 3082 1554 τῆς
3112 1484 3409 1557 ἱερωσύνης
3431 1484 3623 1538 αὑτῶν

2038 1568 2332 1632 πέπαυται,
2351 1568 2426 1631 ὡς
2459 1569 2656 1638 μηκέτι
2685 1568 2846 1619 πάλιν
2878 1567 3191 1620 ἐπανελθεῖν
3209 1567 3302 1620 ἐπὶ
3324 1567 3386 1620 τὸ
3411 1568 3622 1639 πρότε-

2042 1665 2131 1718 ρον
2174 1649 2312 1712 ἔθος.
2368 1650 2464 1711 Τίς
2507 1645 2599 1702 οὖν
2631 1649 2801 1702 ταῦτά
2849 1666 3042 1720 φησιν;
3088 1650 3146 1703 '0
3178 1649 3487 1721 θαυμαστὸς
3515 1650 3624 1704 καὶ

2042 1733 2213 1801 μέγας
2240 1734 2523 1802 προφήτης
2559 1732 2737 1784 Δαυῖδ.
2772 1723 2937 1795 Οὗτος
2968 1733 3074 1803 γὰρ
3098 1733 3273 1803 δηλῶν
3299 1735 3380 1787 ὅτι
3409 1732 3622 1787 θυσιῶν

2036 1820 2069 1886 ἡ
2111 1817 2206 1885 μὲν
2235 1814 2590 1868 ἐκϐάλλεσθαι
2623 1816 2826 1884 μέλλει,
2874 1816 2906 1885 ἡ
2948 1814 3005 1868 δέ
3056 1815 3393 1885 εἰσάγεσθαι,
3439 1815 3622 1881 οὕτως

2038 1897 2218 1965 ἔλεγε·
2250 1897 2456 1949 Πολλὰ
2486 1897 2801 1964 ἐποίησας,
2850 1898 2951 1961 σὺ,
2987 1898 3166 1966 Κύριε
3213 1903 3247 1954 ὁ
3292 1900 3620 1968 Θεόςμου,

2037 1981 2109 2033 τὰ
2141 1980 2444 2049 θαυμάσια
2459 1976 2596 2045 σοὺ,
2631 1981 2730 2035 καὶ
2769 1980 2897 2048 τοῖς
2921 1981 3330 2052 διαλογισμοῖς
3355 1996 3476 2036 σου
3499 1982 3623 2037 οὐκ

2036 2063 2169 2118 ἐστι
2210 2066 2301 2129 τίς
2339 2062 2769 2132 ὁμοιωθήσεταῐ
2789 2079 2921 2118 σοι·
2966 2065 3301 2135 ἀπήγγειλα
3333 2066 3433 2120 καὶ
3466 2063 3620 2120 ἐλά-

2032 2151 2223 2214 λησα.
2252 2148 2395 2217 Ὅρα
2421 2147 2612 2215 σοφίαν
2643 2149 2944 2217 προφήτου.
2977 2148 3185 2213 Εἰπὼν,
3210 2150 3421 2204 Πολλὰ
3449 2150 3623 2204 ἐποί-

2040 2248 2193 2300 ησας
2231 2229 2346 2295 σὺ,
2386 2232 2563 2297 Κύριε
2602 2233 2634 2284 ὀ
2666 2233 2810 2297 Θεός
2842 2249 2983 2299 μου,
3025 2232 3098 2284 τὰ
3123 2231 3428 2301 θαυμάσια
3470 2250 3618 2300 σου,

2036 2315 2130 2368 καὶ
2169 2312 2462 2380 ἐκπλαγεὶς
2509 2313 2606 2383 τὴν
2638 2313 2732 2365 τοῦ
2759 2313 2892 2366 Θεοῦ
2929 2313 3404 2385 θαυματουργίαν,
3459 2314 3623 2370 οὐδὲν

2038 2397 2165 2467 περὶ
2192 2396 2291 2465 τῆς
2315 2395 2599 2468 ὁρωμένης
2633 2397 2764 2466 ἡμῖν
2795 2396 3105 2464 διαλέγεται
3141 2398 3403 2463 κτίσεως,
3447 2399 3622 2470 οὐρα-

2037 2481 2128 2535 νοῦ
2150 2481 2241 2533 καὶ
2267 2481 2368 2550 γῆς
2405 2483 2497 2533 καὶ
2530 2479 2800 2549 θαλάττης
2838 2481 2934 2533 καὶ
2969 2479 3161 2544 ὓδατος
3211 2481 3304 2534 καὶ⁵
3329 2480 3529 2553 πυρὸς,
3551 2481 3620 2535 οὑ

2039 2564 2167 2635 περὶ
2196 2565 2303 2615 τῶν
2343 2565 2460 2615 κατ’
2491 2565 2765 2629 Αἴγυπτον
2796 2563 3103 2632 γενομένων
3123 2562 3442 2635 παραδόξων
3465 2564 3619 2618 ἐκέί-

2038 2663 2142 2700 νων
2186 2645 2501 2717 θαυμάτων,
2538 2646 2598 2698 οὑ
2633 2647 2761 2715 περ).
2796 2645 2969 2699 ἄλλων
3015 2645 3178 2700 τινῶν
3212 2646 3470 2701 τοιούτοιν
3509 2664 3623 2718 ση-

2040 2730 2229 2800 μείων,
2253 2730 2387 2781 ἀλλά
2418 2728 2541 2781 τίνα
2567 2729 2699 2797 φησὶ
2734 2727 3021 2799 θαυμαστὰ
3045 2725 3213 2794 εἶναι;
3250 2728 3484 2784 Θυσίαν
3509 2729 3621 2785 καὶ

2040 2813 2069 2853 δ
2094 2813 2450 2880 προσφορὰν
2475 2814 2586 2865 οὐκ
2610 2812 2938 2881 ἠθέλησας.
2973 2812 3038 2865 Τί
3071 2810 3281 2880 λέγεις;
3317 2813 3444 2865 εἰπέ
3479 2828 3621 2883 μοι’

2036 2895 2195 2949 τοῦτό
2217 2898 2330 2948 ἐστι
2350 2894 2410 2946 τὸ
2435 2895 2733 2964 παράδοξον
2761 2896 2857 2948 καὶ
2879 2895 3220 2965 θαυμαστόν;
3248 2894 3404 2965 Οὐχὶ,
3422 2892 3620 2966 φησιν’

2037 2978 2097 3030 οὑ
2129 2978 2238 3047 γὰρ
2263 2977 2326 3048 δὴ
2352 2977 2509 3030 τοῦτο
2533 2978 2690 3045 μόνον
2707 2972 3015 3044 εἷδεν,ἀλλά
3037 2979 3393 3049 προφητικῶς
3404 2977 3623 3035 ἄνωθεν

2038 3060 2370 3131 καταμαθὼν
2399 3059 2696 3130 ὀφθαλμοῖς
2721 3060 2820 3130 τὴν
2868 3061 2977 3114 τῶν
3025 3060 3194 3114 ἐθνῶν
3225 3061 3621 3134 προσαγωγὴν,

2040 3146 2132 3196 καὶ
2160 3144 2274 3206 πῶς
2288 3145 2337 3195 οἰ
2357 3147 2468 3207 τοῖς
2487 3144 2625 3206 θεοῖς
2649 3143 3081 3215 προσηλωμένοι,
3110 3143 3203 3196 καὶ
3218 3143 3623 3215 θεραπεύοντες

2038 3226 2239 3290 λίθους,
2298 3227 2390 3279 καὶ
2445 3227 2552 3279 τῶν
2613 3227 2823 3294 ἀλόγων
2881 3227 3210 3299 ἀθλιώτερον
3254 3227 3620 3300 διακείμενοι,

2040 3310 2298 3381 ἐξαίφνης
2329 3310 2649 3379 ἀνέϐλεψαν,
2690 3311 2785 3363 καὶ
2810 3311 2900 3364 τὸν
2932 3311 3040 3364 τῶν
3069 3313 3323 3367 ἁπάντων
3366 3313 3623 3383 ἐπέγνω-

2042 3409 2140 3446 σαν
2156 3393 2453 3462 Δεσπότην,
2481 3393 2574 3446 καὶ
2595 3392 2691 3463 τὴν
2711 3392 2915 3464 μιαρὰν
2938 3392 3049 3447 τῶν
3068 3393 3336 3465 δαιμόνων
3357 3395 3621 3468 λατρείαν

2040 3476 2293 3544 ἀφέντες,
2352 3474 2606 3546 καθαρῶς
2640 3477 2735 3530 καὶ⁴
2785 3478 3057 3547 ἀναιμωτὶ
3100 3477 3192 3531 τὸν
3245 3478 3377 3533 Θεὺν
3418 3479 3623 3553 ἐθερά-

2041 3576 2232 3612 πευον*
2269 3559 2361 3611 καὶ⁴
2410 3558 2490 3611 ἔτι
2518 3559 2744 3614 συνιδὼν
2764 3561 2847 3613 δτι
2884 3562 2986 3614 οὑκ
3024 3562 3219 3615 ἐκεῖνοι
3254 3562 3437 3633 μόνον,
3477 3563 3625 3618 ἀλλά

2040 3643 2134 3695 καὶ
2156 3643 2204 3695 οἰ
2247 3642 2487 3695 Ἰουδαῖοι
2516 3645 2566 3696 οἰ
2618 3644 2970 3714 ἀτελέστερον
2997 3644 3353 3715 διακείμενοι,
3390 3646 3494 3719 τὴν
3516 3647 3625 3703 διὰ

2040 3726 2237 3780 θυσιῶν
2274 3725 2368 3778 καὶ
2402 3725 2868 3797 ὁλοκαυτωμάτων
2910 3729 3006 3781 καὶ
3040 3727 3149 3782 τῶν
3175 3728 3350 3783 ἄλλων
3375 3730 3488 3785 τῶν
3508 3748 3625 3787 σω-

2043 3809 2286 3879 ματικῶν
2317 3808 2547 3877 ἀφέντες
2582 3808 2897 3880 θεραπείαν,
2932 3811 3027 3863 ἐπὶ
3057 3810 3155 3882 τὴν
3209 3813 3489 3884 ἡμετέραν
3518 3815 3628 3869 καὶ

2039 3886 2183 3946 οὑτοι
2212 3893 2530 3961 φιλοσοφίαν
2558 3892 2804 3963 ἡχθησαν
2824 3909 2838 3925 ο
2862 3894 2957 3947 καὶ
2972 3893 3329 3966 λογισάμενος
3356 3894 3458 3969 τὴν
3476 3896 3627 3969 ἀφα-

2037 3992 2128 4029 τον
2145 3975 2240 4028 τοῦ
2262 3974 2395 4027 Θεοῦ
2415 3975 2822 4045 φιλανθρωπίαν
2842 3977 2939 4043 τὴν
2958 3976 3387 4047 ὕπερδαίνουσαν
3397 3979 3625 4036 ἅπαντα

2038 4059 2184 4123 νοῦν,
2219 4058 2313 4112 καλ⁸
2353 4057 2648 4125 ἐκπλαγεὶς
2672 4057 2771 4128 ὅση
2802 4057 2910 4111 τῶν
2939 4060 3280 4129 πραγμάτων
3299 4061 3495 4131 γέγονε
3522 4080 3628 4135 με-

2037 4141 2260 4212 ταϐολὴ,
2294 4141 2389 4193 καὶ
2423 4140 2538 4203 πῶς
2571 4139 2711 4193 αὐτά
2735 4140 3158 4213 μετερρύθμισε,
3184 4142 3278 4196 καὶ
3292 4143 3402 4196 ἀπὸ
3420 4144 3625 4216 δαιμό-

2038 4242 2144 4280 νων
2173 4224 2438 4292 ἀγγέλους
2469 4223 2595 4286 τοὺς
2632 4222 2953 4294 ἀνθρώπους
2976 4225 3295 4295 εἰργάσατο,
3340 4227 3438 4282 καὶ
3465 4229 3626 4283 πολι.

2035 4307 2184 4361 τείαν
2252 4309 2515 4378 εἰσήγαγε
2583 4304 2692 4359 τῶν
2761 4305 3003 4375 οὐρανῶν
3072 4308 3231 4375 ἀξίαν
3288 4309 3504 4380 (ταῦτα
3560 4314 3626 4368 δέ

2038 4391 2252 4443 ἅπαντα
2322 4390 2570 4455 ἐγένετο,
2637 4388 2738 4458 τῆς
2791 4390 3026 4454 παλαιᾶς
3070 4391 3469 4465 καταλυθείσης
3520 4394 3627 4448 θυ-

2040 4472 2198 4536 σίας,
2258 4472 2350 4524 καὶ
2421 4473 2614 4542 ἐτέρας
2674 4472 3121 4545 ἐπεισαχθείσης,
3192 4474 3294 4546 τῆς
3361 4474 3455 4531 διὰ
3518 4476 3624 4532 τοῦ

2040 4554 2289 4624 σώματος
2343 4554 2436 4607 τοῦ
2499 4555 2791 4626 Χριστοῦ),
2825 4555 3123 4624 ἐκπλαγεὶς
3172 4556 3267 4611 καὶ
3324 4554 3626 4630 θαυμάσας

2038 4637 2191 4706 ἔλεγε
2209 4655 2222 4669 ο
2260 4640 2464 4692 Πολλὰ
2490 4639 2787 4707 ἐποίησας
2821 4640 2925 4705 σὺ,
2952 4640 3133 4708 Κύριε
3152 4643 3186 4694 ό
3208 4641 3352 4708 Θεὸς
3377 4644 3627 4711 μυωταὶ

2037 4720 2337 4789 θαυμάσια
2371 4737 2506 4775 σου.
2552 4722 2661 4775 Καὶ
2704 4723 2787 4774 ὅτι
2818 4722 2881 4774 ἐκ
2914 4721 3210 4795 προσώπω
3241 4721 3337 4777 τοῦ
3371 4724 3623 4797 Χριστοῦ

2035 4802 2133 4874 τὴν
2167 4803 2503 4874 προφητείαν
2534 4804 2735 4874 ταύτην
2760 4805 2979 4859 ἃπασαν
3014 4805 3271 4877 προλέγει
3308 4816 3361 4872 ο,
3404 4806 3619 4875 εἰπὼν,

2039 4888 2269 4941 Θυσίαν
2303 4886 2400 4939 καὶ
2429 4886 2781 4956 προσφορὰν
2812 4890 2923 4941 οὐκ
2963 4888 3299 4956 ἠθέλησας,
3337 4888 3621 4962 ἐπήγαγε,

2036 4968 2210 5037 Σῶμα
2247 4968 2315 5020 δὲ
2343 4971 2677 5036 κατηρτίσω
2704 4988 2807 5040 μοι
2831 4989 2842 5000 ·
2883 4970 2945 5024 τὸ
2971 4969 3124 5043 [665]
3157 4969 3318 5042 σῶμα
3555 4974 3624 5029 τι

2035 5051 2373 5110 δεσποτικὸν,
2411 5052 2509 5122 τὴν
2553 5052 2738 5124 κοινὴν
2775 5053 2916 5124 ὑπὲρ
2949 5054 3049 5125 τῆς
3086 5054 3413 5126 οἰκουμένης

2039 5135 2205 5204 μένην
2232 5134 2444 5200 θυσίαν,
2468 5136 2504 5206 ἢ
2536 5136 2633 5200 τὰς
2654 5137 2832 5208 ψυχὰς
2853 5136 3008 5208 ἡμῶν
3037 5137 3358 5212 ἐξεκάθηρι,
3384 5139 3485 5196 καὶ
3506 5143 3619 5208 τὰς

2096 5386 2125 5453 ι)
2145 5386 2243 5438 Alii
2268 5390 2497 5453 σημείων,
2518 5390 2662 5453 mea
2682 5392 2927 5452 θαυμαστά
2951 5392 3127 5453 μᾶλλόν
3148 5390 3420 5441 είσι·ταῦτα
3442 5392 3620 5453 λέγων,

2035 5451 2257 5511 ἐπήγαγε,
2281 5451 2459 5498 Θυσίαν
2499 5451 2596 5499 καί.

2096 5509 2517 5577 ε-νίᾹκουσονᾲροει
2538 5514 2770 5577 προλέγει,
2797 5514 2985 5577 Ιεεὶιυιξ
3002 5515 3051 5564 in
3076 5513 3378 5577 Morel.,_se_d
3396 5512 3547 5577 ages:
3566 5512 3621 5564 in

2032 5572 2204 5621 mullis
2227 5585 2341 5639 (uss.
2380 5573 2496 5639 _Sav.
2525 5572 2671 5639 013nm
2695 5572 2923 5639 ἄκουσον,
2951 5576 3095 5625 εἰπὼν
3122 5577 3231 5638 γάρτ
3254 5572 3400 5624 Ἰιιίη
3425 5575 3624 5639 aliqua

2032 5645 2150 5682 mss.
2173 5635 2349 5688 καὶτὰς
2370 5635 2599 5696 ἁμαρτίας
2616 5637 2861 5684 κατέδυσε.
