3862 6228
220 297 340 352 ’91⁵1

232 407 470 473 legerent
514 405 684 474 legem
710 445 723 469 ,
769 413 824 460 ct
862 404 1184 458 advocarent
1225 403 1631 459 confessionem.
1672 404 1804 460 Cum

231 499 394 567 igitur
433 514 501 551 ne
540 497 639 566 legi
678 495 890 564 quidem
929 496 1014 550 lex
1049 496 1278 563 potuerit
1313 506 1464 550 extra
1501 495 1802 559 civitatem,

229 587 499 656 quomodo
539 588 708 656 legem
747 600 960 640 servare
997 596 1280 654 potuerunt
1316 595 1463 640 extra
1495 586 1806 640 civitatem?

225 680 380 733 .Ilnnc
405 679 474 733 ob
498 693 708 732 causam
749 685 804 731 et
831 677 1079 730 minitans
1121 676 1220 730 illis
1249 675 1375 730 dicit
1398 715 1413 741 ,
1451 675 1570 729 Non
1598 676 1805 730 visitabo

229 773 366 838 filias
393 779 597 834 vestras,
629 785 742 821 cum
767 777 1000 836 stuprum
1023 766 1333 830 admiserint,
1360 782 1518 830 neque
1539 782 1694 819 nurus
1717 781 1802 818 vc-

223 876 378 926 stras,
407 877 522 913 cum
548 859 806 912 moecham
829 859 1016 926 fuerint
1041 857 1192 928 (Osee
1237 858 1290 910 4.
1325 856 1434 926 ib).
1465 856 1601 924 Quid
1623 866 1801 911 autem

230 953 331 1006 hoc
358 951 484 1006 est?
515 951 747 1006 Recitata
777 951 944 1005 veteri
981 950 1096 1020 lege
1124 950 1357 1004 conabor
1399 948 1548 1003 vobis
1578 949 1802 1004 reddere

226 1041 526 1096 dilucidius.
573 1041 702 1107 Qua:
745 1039 902 1109 igitur
946 1039 1034 1093 illa
1077 1039 1200 1093 lex?
1241 1039 1302 1094 Si
1338 1040 1556 1104 mulier,
1597 1041 1798 1108 inquit,

225 1131 555 1201 pravaricata
585 1131 732 1200 fuerit
758 1146 789 1181 a
815 1130 918 1182 viro
944 1146 1058 1196 suo,
1089 1145 1298 1198 eumque
1322 1131 1574 1200 negligens
1621 1131 1800 1200 despe-

223 1225 392 1288 merit,
432 1222 786 1290 dorinieritque
822 1221 1006 1288 aliquis
1044 1237 1160 1274 cum
1199 1221 1287 1274 illa
1323 1224 1457 1274 coitu
1489 1223 1724 1289 seminis,
1755 1235 1802 1277 et

224 1315 427 1367 latuerit
456 1313 628 1366 oculos
657 1313 769 1376 viri,
799 1328 888 1365 nec
919 1312 1054 1364 testis
1078 1312 1227 1379 fuerit
1256 1311 1493 1365 adversus
1520 1311 1683 1378 illam,
1715 1330 1802 1367 nec

222 1407 378 1472 fuerit
418 1405 730 1474 deprehensa
761 1419 780 1458 :
809 1421 870 1456 ac
894 1419 1046 1473 super
1067 1403 1232 1472 ipsum
1261 1403 1463 1474 quidem
1488 1407 1672 1458 venerit
1697 1408 1802 1474 spi-

221 1497 351 1548 ritus
374 1496 658 1564 zelotypae,
681 1496 794 1564 ipsa
817 1510 932 1548 vero
957 1511 1056 1547 non
1086 1496 1234 1565 fuerit
1259 1496 1596 1549 contaminata
1614 1496 1795 1566 (Num.

219 1590 276 1642 5.
312 1588 396 1643 l2.
428 1587 537 1656 M).
579 1587 776 1642 Sensus
807 1587 996 1641 borum
1028 1588 1306 1641 verborum
1335 1587 1421 1641 hic
1445 1597 1527 1642 est
1556 1606 1569 1642 :
1598 1587 1653 1643 Si
1679 1605 1798 1642 mu-

220 1682 340 1746 lier,
375 1681 564 1751 inquit,
595 1681 856 1736 moechata
885 1679 1060 1744 fuerit,
1088 1691 1143 1735 et
1171 1680 1251 1733 vir
1275 1678 1465 1734 habeat
1487 1681 1629 1734 illam
1650 1681 1796 1735 adul-

224 1775 344 1828 terii
387 1784 685 1842 suspectam
709 1813 725 1837 ,
756 1781 848 1826 aut
887 1788 994 1827 non
1035 1771 1195 1827 fuerit
1234 1773 1494 1828 mmchata
1519 1816 1534 1838 ,
1579 1774 1672 1829 sed
1713 1776 1798 1830 ille

219 1866 516 1934 suspicetur
542 1883 555 1919 :
579 1873 632 1919 et
659 1866 702 1920 si
733 1879 837 1918 non
878 1864 1035 1919 fuerit
1071 1866 1254 1931 testis,
1293 1881 1391 1920 nec
1431 1876 1612 1921 uterus
1642 1882 1796 1920 coar-

216 1974 388 2028 guens
421 1975 433 2010 :
467 1958 620 2011 Ducet
640 1999 654 2022 ,
684 1959 886 2028 inquit,
913 1958 1058 2012 illam
1085 1959 1152 2011 ad
1175 1961 1480 2013 sacerdotem
1504 2001 1519 2027 ,
1549 1971 1596 2014 et
1621 1961 1794 2026 o/I‘eret

216 2050 407 2102 donum
435 2048 593 2115 illius,
623 2049 949 2102 hordeaceam
976 2050 1192 2119 farinam
1222 2049 1420 2120 (Nunt.
1449 2051 1503 2105 5.
1534 2051 1662 2121 15).
1688 2051 1795 2106 Cur

218 2141 296 2193 ita
340 2139 551 2194 tandem
590 2155 696 2194 non
736 2140 1062 2210 siligineum,
1098 2156 1202 2195 non
1233 2139 1490 2195 triticeam
1530 2142 1790 2208 farinam,

219 2229 316 2284 sed
347 2230 734 2286 hordeaceam?
759 2233 1016 2298 Quoniam
1044 2232 1096 2287 id
1125 2232 1266 2302 quod
1291 2233 1594 2302 gerebatur,
1625 2235 1793 2292 luctus

214 2332 367 2388 erat,
397 2333 454 2377 et
481 2325 740 2380 incusatio
763 2327 1100 2396 suspicioque
1129 2343 1286 2396 prava
1306 2369 1319 2391 ,
1353 2327 1520 2381 forma
1547 2329 1791 2385 sacriﬁcii

211 2413 557 2470 domesticam
577 2419 928 2472 calamitatem
958 2419 1280 2487 imitabatur,
1301 2435 1471 2490 eoque
1490 2421 1647 2476 dicit:
1669 2421 1791 2477 Non

207 2503 438 2570 claudes
477 2523 626 2576 super
666 2507 807 2561 illaut
844 2510 1043 2574 oleum,
1087 2526 1245 2579 neque
1285 2511 1508 2579 impoues
1546 2511 1624 2565 illi
1653 2513 1786 2567 thus.

209 2592 408 2649 Deinde
445 2597 607 2665 (nam
633 2598 1031 2653 contrahendus
1057 2609 1139 2653 est
1163 2600 1378 2670 sermo)
1404 2601 1618 2655 adducet
1646 2602 1790 2656 illam

205 2693 474 2757 sacerdos,
506 2699 773 2759 sumetque
789 2706 968 2757 puram
990 2706 1175 2759 aquam
1199 2692 1253 2744 in
1277 2708 1392 2745 vase
1415 2693 1559 2757 ﬁctili
1581 2737 1596 2757 ,
1629 2704 1674 2747 et
1703 2711 1789 2748 su-

209 2785 308 2828 met
325 2777 385 2830 de
407 2787 558 2842 terra,
581 2794 693 2847 qua:
709 2781 845 2832 estin
873 2780 1171 2847 pavimento,
1195 2794 1539 2851 sumptumque
1558 2786 1788 2855 coujiciet

209 2866 263 2919 in
293 2883 473 2934 aquam
495 2908 510 2930 ,
538 2877 816 2936 statuetque
843 2868 1099 2924 mulierem
1124 2911 1140 2938 ,
1173 2883 1218 2923 et
1247 2873 1502 2940 adjurabit
1532 2875 1710 2940 illaut,
1739 2887 1786 2929 et

208 2956 336 3008 dicet
359 2972 378 3008 :
397 2957 442 3010 si
467 2975 566 3011 non
592 2976 643 3012 es
696 2969 1026 3029 transgressa,
1051 2977 1138 3014 nec
1164 2962 1359 3031 polluta
1381 2964 1486 3016 viro
1513 2975 1619 3028 tuo,
1645 2966 1786 3020 salva

207 3054 312 3098 esto
336 3046 398 3098 ab
425 3063 557 3116 aqua
585 3047 972 3118 redargutionis.
1022 3049 1169 3114 Quod
1208 3051 1252 3103 si
1291 3061 1598 3122 transgressa
1634 3071 1688 3108 es
1724 3072 1785 3109 ac

207 3137 422 3204 polluta,
442 3149 485 3190 et
506 3139 688 3208 aliquis
710 3149 869 3192 tecum
888 3141 1150 3193 concubuit
1167 3153 1348 3211 prwter
1365 3147 1598 3196 maritum
1620 3156 1778 3211 tuum,

206 3230 288 3282 det
310 3228 558 3283 Dominus
584 3241 630 3282 te
651 3230 703 3283 in
724 3232 1108 3284 exsecrationem
1131 3248 1190 3284 ac
1209 3232 1580 3287 detestationem
1603 3236 1654 3288 in
1675 3253 1775 3289 me-

205 3319 288 3372 dio
307 3318 482 3388 populi
505 3319 609 3388 (1b.
628 3335 674 3374 υ.
705 3321 790 3374 l5.
820 3321 972 3390 sqq.).
997 3320 1130 3386 Quid
1159 3331 1259 3387 est,
1285 3323 1334 3376 in
1354 3325 1770 3378 exsecrationem

205 3425 267 3463 ac
293 3410 737 3464 detestationem?
769 3410 834 3465 Ut
864 3412 1035 3465 dicunt
1057 3453 1072 3478 ,
1104 3427 1170 3466 ne
1210 3413 1339 3467 mihi
1373 3414 1607 3480 accidat,
1638 3417 1777 3485 quod

203 3501 394 3554 accidit
423 3500 496 3554 illi
522 3501 728 3555 mulieri
763 3519 774 3554 :
807 3500 874 3556 Ut
913 3503 1089 3556 reddat
1120 3501 1369 3558 Dominus
1409 3515 1604 3558 uterum
1640 3517 1781 3561 tuum

202 3594 490 3661 diruptam,
524 3603 570 3645 ct
612 3593 916 3663 ingredietur
957 3611 1087 3665 aqua
1125 3607 1380 3650 exsecrata
1401 3639 1414 3662 ,
1440 3608 1494 3652 ut
1523 3599 1778 3670 dirumpat

204 3693 420 3736 rentrem
448 3693 608 3746 tuum,
635 3694 680 3735 et
708 3684 835 3736 dicet
857 3686 1054 3751 mulier,
1086 3687 1195 3753 ﬁat,
1225 3688 1335 3755 ﬁat.
1367 3687 1434 3740 Et
1454 3689 1566 3753 erit,
1597 3691 1639 3742 si
1668 3696 1778 3760 fue-

202 3777 263 3827 rit
293 3776 507 3842 polluta,
541 3774 844 3844 ingredietur
871 3791 1004 3845 aqua
1028 3777 1423 3846 redargutionis,
1455 3788 1500 3832 et
1527 3779 1777 3850 dirumpet

203 3877 420 3918 ventrem
451 3867 586 3920 illius
611 3907 625 3932 ,
658 3876 701 3918 et
727 3868 820 3920 erit
852 3868 1032 3921 mulier
1058 3869 1392 3922 exsecrabilis.
1428 3870 1577 3936 Quod
1605 3873 1649 3926 si
1676 3889 1774 3926 non

202 3958 356 4027 fuerit
384 3958 576 4026 polluta
604 3958 782 4010 mulier
802 3997 816 4022 ,
845 3959 936 4010 erit
962 3958 1175 4012 innocua
1194 4001 1209 4026 ,
1237 3969 1283 4012 et
1305 3961 1666 4028 proseminabit
1693 3980 1774 4015 se-

201 4065 313 4100 men
337 4046 490 4118 (1b.).
509 4048 767 4114 Qu0niam
793 4049 948 4118 igitur
970 4065 1090 4105 cum
1118 4051 1170 4104 in
1187 4052 1540 4120 captivitatem
1562 4053 1773 4108 abducti

200 4149 380 4194 essent
404 4179 420 4205 ,
451 4139 582 4193 nihil
614 4140 799 4193 horum
833 4141 942 4195 ﬁeri
978 4151 1218 4210 poterat,
1250 4159 1368 4196 cum
1400 4159 1498 4198 nec
1522 4146 1772 4214 templum

201 4240 345 4286 esset
373 4248 471 4286 nec
497 4247 589 4286 ara
611 4275 625 4297 ,
659 4248 756 4286 nec
787 4233 1178 4287 tabernaculum
1206 4234 1460 4288 haberent
1487 4250 1588 4289 nec
1615 4235 1774 4290 oﬂ'er-

201 4333 387 4377 rentur
415 4324 600 4378 hostia:
630 4342 642 4376 :
673 4325 928 4378 Dominus
955 4326 1285 4379 comminans
1313 4326 1442 4380 dixit
1467 4345 1479 4379 :
1506 4325 1629 4380 Non
1655 4329 1774 4381 visi-

197 4412 314 4465 tabo
340 4413 473 4481 ﬁlias
500 4423 689 4468 vestras
706 4456 719 4477 ,
751 4431 864 4467 cum
886 4427 1113 4483 stuprum
1140 4417 1431 4470 admiserint
1458 4433 1477 4470 :
1501 4435 1589 4472 nec
1615 4434 1773 4472 nurus

195 4515 402 4570 vestras,
427 4521 538 4558 cum
563 4507 820 4559 moecham:
843 4507 1026 4576 fuerint
1048 4506 1198 4579 (Osee
1245 4509 1297 4562 4.
1323 4509 1432 4578 Η).

269 4597 323 4651 2.
365 4597 662 4651 Sacerdotes
691 4604 828 4665 apud
851 4597 1058 4653 Judaaos
1077 4617 1181 4653 esse
1206 4616 1306 4654 non
1335 4610 1559 4671 possunt.
1581 4632 1654 4643 —-
1679 4602 1770 4656 Vi-

195 4690 294 4744 des
329 4689 498 4760 legem
539 4706 568 4744 a
611 4691 727 4744 loco
767 4690 871 4743 vim
911 4689 1145 4746 habere?
1181 4692 1259 4746 Ex
1299 4691 1396 4746 hoc
1435 4695 1769 4762 perspicuum

195 4789 280 4833 est
307 4795 374 4834 ne
411 4781 740 4834 sacerdotem
770 4781 984 4849 quidem
1014 4795 1131 4835 esse
1161 4797 1315 4850 posse
1335 4824 1348 4848 ,
1380 4800 1499 4836 cum
1529 4785 1666 4838 desit
1693 4785 1770 4838 ci-

194 4873 349 4924 vitas.
381 4871 835 4937 Quemadmodum
879 4873 1020 4926 cnim
1053 4873 1166 4926 ﬁeri
1198 4889 1302 4926 non
1339 4885 1550 4942 potest,
1579 4884 1636 4928 ut
1664 4875 1767 4928 lm-

194 4969 407 5028 pet-ator
445 4961 547 5026 sit,
580 4961 622 5014 si
654 4977 758 5016 non
787 4962 857 5016 sit
890 4963 1152 5016 exercitus
1175 5005 1188 5029 ,
1217 4979 1321 5017 non
1360 4963 1598 5018 diadema
1620 5005 1635 5028 ,
1664 4982 1768 5018 non

192 5066 426 5118 purpura
451 5091 466 5117 ,
494 5067 598 5105 non
628 5054 729 5105 alia
769 5069 886 5121 qua:
916 5069 1136 5122 regnum
1171 5054 1496 5107 constituunt
1525 5072 1538 5108 :
1574 5055 1642 5108 ita
1673 5072 1770 5110 nec

191 5142 462 5195 sacriﬁcus
491 5157 608 5196 esse
631 5153 806 5213 potest
834 5144 1036 5198 sublata
1068 5145 1258 5209 hostia,
1282 5146 1439 5199 vetita
1468 5147 1764 5212 oblatione,

192 5233 393 5286 sanctis
414 5235 753 5300 conculcatis,
783 5243 892 5288 toto
917 5250 1092 5290 rerum
1122 5246 1259 5290 statu
1286 5237 1501 5290 abolito.
1529 5237 1659 5291 Nam
1687 5239 1768 5291 his

193 5321 354 5377 rebus
384 5324 661 5378 constabat
688 5325 1062 5380 sacerdotium.
1095 5325 1400 5381 Sufﬁcicbat
1431 5327 1585 5396 igitur
1614 5327 1766 5381 nobis

147 5437 152 5440 ·
187 5413 256 5466 ad
286 5414 670 5481 probationem,
695 5424 752 5468 ut
775 5416 902 5481 dixi,
930 5416 1072 5486 quod
1099 5432 1267 5486 neque
1294 5418 1570 5483 sacriﬁcia,
1593 5434 1765 5489 neque

189 5503 613 5558 holocautomata
637 5545 652 5568 ,
685 5520 854 5575 neque
881 5507 1094 5576 reliqua:
1132 5508 1521 5576 puriﬁcationes
1541 5550 1557 5576 ,
1592 5525 1762 5579 neque

188 5604 445 5662 prmtcrea
494 5598 779 5667 quidquam
824 5599 1017 5668 politia:
1068 5600 1302 5656 Judaicaa
1343 5602 1631 5656 rediturum
1670 5605 1758 5656 sit.

183 5682 494 5755 Supererat,
513 5700 571 5743 ut
595 5690 1048 5747 demonstraretur
1075 5707 1358 5761 numquam
1393 5693 1507 5750 lore
1539 5703 1596 5750 ut
1623 5704 1756 5750 tem-

1432 292 1797 350 ADVERSUS
1832 293 2134 351 JUDASOS.
2177 297 2286 352 VII.

3383 318 3486 372 9l8

1915 405 2056 474 plum
2097 408 2434 466 instauretur.
2476 413 2608 469 Nam
2645 417 2783 473 sicut
2824 420 2915 474 illo
2955 439 3059 478 non
3098 435 3272 483 stante
3308 445 3486 487 omnia

1911 511 2052 551 nunc
2080 508 2200 553 sunt
2229 501 2498 572 abrogata,
2531 515 2586 560 et
2610 507 2657 562 si
2681 511 2806 579 quid
2832 513 3074 570 videatur
3103 517 3216 573 ﬁeri
3243 561 3258 586 ,
3285 519 3486 579 facinus

1910 593 1992 639 est
2021 587 2276 644 adversus
2305 591 2474 662 legem
2509 614 2521 648 :
2553 596 2623 650 ita
2652 611 2929 670 postquam
2958 604 3378 666 demonstratum
3403 622 3487 668 est

1909 692 2195 748 numquam
2225 680 2338 738 fore
2374 694 2432 738 ut
2473 689 2727 758 templum
2765 693 2946 748 redeat
2974 696 3040 750 ad
3070 699 3349 767 pristinum
3377 715 3486 757 sta-

1909 776 2021 822 tum
2042 809 2058 835 ,
2085 771 2272 826 eadem
2311 789 2470 843 opera
2503 787 2558 832 et
2595 779 2722 835 illud
2749 781 3169 844 demonstratum
3193 802 3309 859 est,
3340 796 3484 862 quod

1885 875 2081 929 ,neque
2111 865 2290 918 caueri
2319 867 2450 921 ritus
2477 879 2530 924 et
2556 873 2729 927 cultus
2756 875 2824 929 ad
2851 879 3128 946 pristinum
3157 890 3352 940 statum
3378 890 3484 942 sint

1907 950 2166 1020 redituri,
2206 971 2312 1011 non
2352 961 2605 1016 sacerdos
2637 963 2843 1021 futurus
2879 972 3139 1040 quispiam
3163 1016 3177 1040 ,
3221 993 3326 1030 non
3366 995 3477 1034 rex.

1907 1039 2119 1098 Etenim
2158 1047 2202 1100 si
2243 1063 2348 1109 non
2387 1050 2579 1108 licebat
2618 1057 2784 1112 cuivis
2811 1075 2876 1114 ex
2908 1039 3140 1130 ipsorum
3170 1072 3481 1137 cognatione

1905 1135 2145 1199 quamvis
2182 1138 2391 1206 plebeio
2415 1183 2430 1206 ,
2473 1145 2672 1199 servire
2704 1149 3013 1219 alienigenis
3039 1195 3054 1218 ,
3101 1135 3268 1210 multo
3315 1163 3482 1230 magis

1907 1221 1984 1275 las
2013 1238 2119 1278 non
2143 1237 2256 1280 erat
2282 1229 2452 1298 ipsum
2492 1249 2670 1304 regem
2699 1239 3007 1310 alienigenis
3033 1246 3240 1314 subjici.
3283 1221 3480 1304 Ven-tim

1904 1316 2151 1380 quoniam
2187 1318 2272 1374 hic
2305 1323 2672 1380 contendimus
2706 1343 3065 1402 conamurque
3099 1351 3206 1391 non
3240 1348 3477 1408 tantum,

1907 1413 1960 1457 ut
1989 1405 2092 1459 illis
2120 1407 2428 1467 obturemus
2455 1429 2535 1481 os,
2563 1430 2746 1472 verum
2774 1422 2932 1476 etiam
2961 1434 3016 1480 ut
3043 1436 3274 1482 vestram
3297 1405 3479 1486 carita;

1907 1502 2010 1547 tem
2037 1499 2342 1556 erudiamus
2371 1519 2384 1556 :
2413 1519 2511 1574 age
2536 1506 2637 1561 hoc
2661 1508 2832 1577 ipsum
2859 1513 3071 1570 aliunde
3094 1517 3482 1578 demonstrabi-

1908 1598 2046 1652 mus,
2071 1587 2316 1645 videlicet
2343 1595 2485 1662 quod
2511 1596 2613 1650 illis
2638 1608 2692 1652 et
2717 1602 3094 1659 sacriﬁciorum
3119 1616 3172 1661 et
3195 1611 3479 1667 sacerdotii

1903 1676 2021 1729 linis
2041 1679 2127 1741 sit,
2153 1680 2288 1736 adeo
2313 1693 2370 1738 ut
2395 1701 2682 1758 numquam
2700 1695 2928 1763 amplius
2953 1696 3021 1750 ad
3050 1698 3323 1766 pristinam
3349 1717 3476 1756 con-

1899 1770 2233 1826 suetudinem
2264 1773 2377 1830 htec
2405 1778 2512 1831 sint
2537 1781 2789 1837 reditura.
2823 1785 2951 1850 Quis
2981 1789 3138 1859 igitur
3167 1791 3282 1846 haec
3305 1793 3477 1848 dicit!

1899 1860 2255 1918 Admirandus
2275 1866 2365 1921 ille
2383 1883 2445 1923 ac
2465 1885 2686 1941 magnus
2707 1876 2961 1945 propheta
2984 1879 3165 1935 David.
3190 1883 3476 1942 Declarans

1899 1949 2042 2003 enim
2087 1951 2213 2007 illud
2253 1957 2634 2015 sacriliciorum
2675 1979 2841 2032 genus
2879 1983 2998 2023 esse
3036 1971 3389 2042 ejiciendum,
3421 1988 3476 2031 et

1897 2039 2040 2093 aliud
2082 2042 2436 2101 inducendum
2458 2089 2472 2110 ,
2499 2050 2731 2120 loquitur
2765 2057 2818 2110 in
2849 2056 2990 2113 hunc
3017 2062 3234 2117 modum
3263 2083 3277 2118 :
3309 2039 3475 2121 Multa

1897 2129 2378 2200 {ccistitu,Domine
2405 2140 2542 2195 Deus
2553 2157 2716 2211 meus,
2734 2147 2983 2202 mirabilia
3012 2161 3117 2219 tua,
3145 2166 3189 2207 et
3217 2158 3476 2226 cogitatio-

1897 2222 2041 2276 nibus
2070 2227 2170 2279 tuis
2195 2243 2295 2282 non
2321 2241 2392 2284 est
2418 2234 2504 2302 qui
2527 2235 2701 2288 similis
2724 2238 2790 2290 sit
2815 2239 2902 2293 tibi
2927 2257 2946 2294 :
2972 2222 3296 2310 annuntiavi,
3325 2259 3373 2302 et
3399 2251 3475 2304 lo-

1897 2326 2079 2406 quatas
2097 2333 2209 2370 sum
2230 2318 2449 2390 (Psalm.
2473 2323 2560 2378 39.
2589 2325 2663 2395 6).
2690 2327 2823 2383 Vide
2844 2334 3114 2401 prophetae
3137 2339 3472 2406 sapientiam.

1898 2402 1996 2458 Ubi
2012 2404 2249 2473 dixisset,
2269 2409 2434 2465 Multa
2449 2414 2611 2481 fecisti
2635 2426 2713 2484 tu,
2738 2418 2953 2475 Domine
2979 2423 3114 2479 Deus
3133 2402 3289 2493 meus,
3320 2435 3474 2485 mira~

1893 2492 2014 2585 bilia
2042 2505 2148 2562 tua,
2177 2502 2501 2567 stupefactus
2527 2505 2878 2566 admiratione
2903 2513 3066 2568 divini
3095 2492 3310 2585 Opiﬁcii,
3343 2523 3472 2578 nihil

1891 2583 1958 2637 de
1979 2585 2281 2643 conditione
2303 2607 2479 2646 rerum
2502 2596 2653 2651 nobis
2677 2602 3105 2675 conspicuarum,
3125 2583 3263 2677 caeli,
3291 2583 3466 2678 lcrl‘tc,

1892 2675 2088 2772 mar-is,
2117 2686 2170 2732 et
2194 2695 2379 2749 aqum,
2407 2693 2462 2738 et
2486 2685 2621 2755 ignis
2639 2728 2653 2752 ,
2684 2705 2789 2744 non
2820 2691 2888 2747 dc
2915 2699 3190 2764 stupendis
3218 2675 3319 2756 illis
3348 2675 3470 2772 pro;

1892 2761 2068 2832 digiis,
2090 2782 2209 2836 qua:
2233 2771 2540 2829 acciderunt
2562 2776 2614 2830 in
2642 2778 2894 2850 z‘Egypto,
2919 2761 3022 2838 non
3046 2787 3113 2841 de
3138 2761 3469 2846 caneris-hu-

1887 2851 2119 2921 jusmodi
2165 2859 2436 2915 miraculis
2463 2864 2516 2930 ί,
2545 2867 2638 2920 sed
2680 2885 2801 2937 qum
2841 2872 2969 2927 dicit
3010 2891 3129 2931 esse
3172 2881 3469 2937 miratula?

1890 2943 2215 3012 Sacriﬁcium
2251 2959 2298 3002 et
2336 2950 2637 3008 oblationem
2676 2959 2880 3014 noluisti
2919 2962 3043 3032 (Ib.
3074 2982 3120 3020 υ.
3153 2969 3248 3038 7).
3290 2974 3424 3038 Quid
3449 3014 3466 3039 ,

1890 3035 2132 3104 obsecro,
2155 3039 2287 3095 dicis
2302 3041 2329 3095 3
2350 3043 2428 3097 An
2452 3045 2582 3100 illud
2603 3051 2918 3118 stupendum
2939 3065 3023 3110 est
3046 3071 3109 3111 ac
3132 3035 3467 3117 mirandumi

1887 3124 2228 3198 Nequaquam
2251 3173 2267 3198 ,
2316 3133 2516 3202 inquit;
2552 3152 2657 3191 non
2684 3141 2828 3194 enim
2855 3146 2954 3198 hoc
2980 3147 3148 3201 solum
3181 3151 3339 3216 vidit,
3369 3155 3464 3210 sed

1887 3217 2089 3272 czelitus
2118 3221 2337 3276 edoctus
2367 3227 2725 3294 prospiciebat
2761 3233 2929 3287 oculis
2966 3237 3289 3305 propheticis
3319 3245 3462 3297 lutu-

1886 3321 2006 3362 rum
2037 3318 2093 3361 ut
2131 3321 2314 3378 gentes
2350 3315 2773 3385 adducerentur,
2803 3331 2860 3375 et
2896 3326 3162 3392 quomodo
3196 3331 3285 3398 qui
3318 3333 3464 3401 prius

1886 3409 2040 3452 erant
2074 3401 2270 3458 addicti
2308 3404 2411 3459 diis
2433 3447 2448 3473 ,
2489 3407 2840 3481 colebantque
2878 3414 3113 3485 lapides,
3155 3421 3464 3480 miseriores

1885 3488 2016 3557 ipsis
2061 3491 2226 3548 brutis
2267 3507 2484 3564 repente
2525 3500 2697 3554 visum
2737 3505 3073 3574 reciperent,
3117 3513 3462 3586 omniumque

1885 3578 2166 3636 Dominum
2194 3598 2577 3654 agnoscerent,
2605 3605 2670 3644 ac
2704 3592 2893 3649 relicto
2921 3595 3129 3667 impuro
3155 3578 3460 3662 dwntonum

1885 3672 2030 3726 cultu
2057 3688 2189 3742 pure
2207 3677 2444 3748 citraque
2462 3683 2770 3750 sanguinem
2792 3685 2956 3741 Deum
2981 3691 3237 3747 colerent.
3264 3693 3458 3752 Simul-

1884 3776 1987 3829 que
2026 3762 2343 3833 intelligens,
2383 3769 2524 3836 quod
2565 3785 2669 3825 non
2716 3773 2790 3827 illi
2829 3777 3021 3844 solum,
3057 3781 3150 3836 sed
3195 3794 3244 3838 et
3285 3785 3456 3844 Judaei

1883 3851 2234 3920 simpliciores
2255 3856 2438 3910 relicta
2465 3858 2777 3928 hostiarum,
2797 3863 3300 3940 holocautomatum,
3321 3879 3454 3933 alio-

1882 3956 2105 4011 rumque
2133 3948 2486 4014 corporalium
2513 3952 2706 4007 rituum
2734 3956 3101 4016 observatione
3125 3964 3190 4017 ad
3216 3976 3452 4024 nostram

1882 4043 1936 4127 et
2074 4036 2462 4127 philosophiam
2486 4041 2893 4114 adducerentur,
2919 4051 3179 4123 simulque
3198 4069 3452 4127 reputans

1883 4124 2201 4180 inelIabilem
2231 4128 2326 4183 Dei
2351 4145 2476 4200 erga
2501 4147 2668 4202 genus
2696 4137 2982 4194 lnunauum
3010 4124 3304 4215 caritatem,
3333 4164 3452 4218 qua:

1881 4227 2096 4284 superat
2120 4234 2330 4274 onmem
2360 4221 2680 4280 intellectum
2701 4268 2718 4294 ,
2749 4237 2805 4282 et
2826 4233 3076 4289 attonitus
3102 4236 3450 4296 admiratione.

1881 4315 2038 4360 tanta:
2077 4310 2386 4364 mutationis
2425 4312 2652 4382 futurae,
2692 4329 2746 4372 et
2786 4335 2943 4388 quam
3001 4327 3308 4383 mirabiliter
3349 4331 3448 4387 ista

1881 4397 2022 4451 Deus
2047 4398 2100 4452 in
2125 4399 2284 4454 alium
2309 4402 2549 4459 ordinem
2576 4407 2924 4465 translaturus
2944 4426 3106 4481 esset,
3129 4425 3182 4472 et
3209 4417 3452 4477 homines

1879 4503 1943 4542 ex
1971 4489 2300 4547 daemonibus
2322 4493 2556 4550 facturus
2584 4499 2800 4569 angelos
2819 4540 2834 4566 ,
2866 4517 2929 4556 ac
2955 4505 3074 4558 vita:
3097 4522 3265 4576 genus
3292 4509 3450 4564 indu-

1877 4587 2057 4634 cturus
2085 4583 2228 4635 caelis
2257 4582 2493 4652 dignum.

1950 4671 2271 4744 Sacriﬁcium
2322 4692 2411 4743 per
2435 4692 2619 4747 corpus
2643 4677 2856 4742 Christi,-
2879 4712 2947 4723 —
2967 4683 3099 4740 Tum
3138 4688 3279 4757 quod
3331 4691 3446 4748 lucc

1876 4764 2052 4817 omnia
2099 4774 2278 4819 essent
2326 4765 2498 4821 futura
2527 4779 2704 4825 vetere
2755 4774 3014 4830 sacrilicio
3041 4779 3260 4846 abolito,
3291 4795 3344 4838 et
3368 4788 3446 4840 al-

1878 4861 1992 4908 tero
2033 4856 2084 4908 in
2124 4856 2265 4910 illius
2317 4858 2489 4913 locum
2513 4859 2673 4916 ducto
2719 4879 2813 4932 per
2855 4881 3048 4936 Corpus
3069 4869 3312 4926 Christi:
3343 4873 3442 4927 ad-

1876 4944 2098 5000 miratus
2125 4955 2302 5000 autem
2334 4965 2396 5002 ac
2434 4950 2761 5019 stupefactus
2787 4954 2994 5012 dicebat
3023 4978 3037 5013 :
3075 4962 3241 5017 Multa
3291 4977 3344 5020 tu
3375 4972 3448 5035 {e-

1875 5036 1984 5088 cisti
2017 5034 2157 5090 Deus
2183 5039 2434 5092 mirabilia
2459 5052 2564 5094 tua.
2593 5043 2659 5096 Et
2705 5045 2846 5113 quod
2875 5064 2939 5102 ex
2982 5065 3206 5118 persona
3250 5034 3447 5116 Christi

1875 5138 2042 5182 totum
2071 5129 2172 5184 hoc
2200 5131 2504 5186 vaticinium
2553 5134 2780 5190 ediderit
2827 5138 3025 5195 docens
3047 5183 3061 5207 ,
3118 5160 3239 5198 cum
3271 5145 3445 5202 dixis-

1873 5231 1990 5272 set:
2044 5220 2370 5288 Sacriﬁcium
2427 5234 2473 5276 et
2520 5225 2820 5280 oblationem
2876 5232 3084 5287 noluisti
3109 5275 3124 5299 ,
3171 5238 3438 5306 subjecit,

1869 5309 2064 5378 Corpus
2109 5323 2278 5367 autem
2320 5315 2574 5385 adaptasti
2623 5319 2781 5382 mihi;
2825 5321 2893 5377 de
2946 5339 3170 5393 corpore
3225 5329 3441 5398 loquens

1868 5401 2133 5456 dominico
2165 5442 2181 5466 ,
2225 5406 2492 5461 communi
2533 5422 2630 5476 pro
2672 5417 2781 5463 toto
2820 5412 2950 5468 orbe
2982 5416 3238 5470 sacriﬁcio
3259 5459 3271 5481 ,
3304 5423 3444 5488 quod

1876 5501 2090 5547 nostras
2116 5495 2416 5562 puriﬁcavit
2441 5497 2644 5552 animas
2667 5540 2681 5564 ,
2714 5511 2928 5568 peccata
2953 5504 3195 5560 dissolvit
3233 5509 3273 5572 ’,
3304 5526 3442 5565 tuor-

1929 5583 2114 5659 Iﬁsliinzr
2129 5584 2372 5659 luti-rimatis
2392 5587 2521 5659 {sed
2542 5599 2650 5659 qua:
2671 5589 2969 5644 mirabiliora
2999 5602 3129 5659 sunt;
3152 5595 3238 5646 illa
3259 5597 3439 5659 dicens,

1863 5644 2043 5706 addit;
2067 5644 2364 5706 Sacriﬁcmm
2380 5644 2424 5697 et
2447 5644 2745 5704 oblationem.
2773 5662 2865 5703 etc.

1929 5707 1948 5737 ²
1983 5705 2167 5770 Aliquot
2186 5705 2319 5758 uss:
2346 5716 2399 5758 Et
2421 5715 2614 5772 peccata
2626 5711 2800 5764 tuduit.
