3850 6224
402 292 505 348 ὗν.)

399 416 508 462 tem
547 398 841 465 exstinxit,
893 394 1055 453 cados
1098 391 1341 462 aperuit,
1376 387 1704 456 multamque
1747 398 1810 439 ac
1854 396 1972 438 ma-

400 509 558 567 gnam
597 507 748 562 spent
793 487 948 544 nobis
999 483 1275 548 ostendit,
1310 487 1609 548 cmteraque
1657 472 1980 545 praeparavit

401 564 577 643 omnia
663 596 784 652 quae
808 577 1024 650 quidem
1071 582 1127 629 ct
1165 571 1357 627 Paulus
1399 567 1586 624 videns
1626 564 1977 622 exclamavit.

400 676 587 732 dicens
661 672 706 727 0
741 668 958 724 altitudo
997 665 1293 719 divitiarum
1317 670 1363 715 et
1401 657 1664 731 sapientiai
1685 665 1733 710 et
1758 652 1980 708 scientias

402 766 524 824 Dei!
540 781 694 835 quam
711 758 1054 816 inscrutabilia
1074 764 1188 809 sunt
1199 752 1398 825 judicia
1412 752 1593 835 cjus,e_t
1610 744 1978 835 inuestigabiles

400 853 494 905 viae
521 829 630 919 ejus
649 847 827 919 (liam.
846 843 936 898 tt.
958 842 1047 911 ss)
1076 841 1090 893 t
1118 839 1243 893 Haec
1266 837 1424 907 igitur
1438 833 1614 890 omnia
1647 829 1981 901 prospiciens

399 941 648 998 dicebat:
688 936 855 993 Multa
892 934 1053 1005 fecisti
1095 941 1172 999 tu,
1202 930 1418 984 Domine
1454 926 1593 980 Deus
1632 939 1792 989 meus,
1820 922 1982 975 mira-

399 1035 519 1090 bilia
545 1042 654 1088 tua.
701 1028 903 1088 Deinde
940 1042 1062 1084 cum
1100 1040 1167 1082 ex
1220 1036 1446 1094 persona
1470 1017 1666 1075 Christi
1706 1015 1978 1073 dixisset:

402 1124 826 1179 Holocautomata
853 1128 901 1173 et
917 1134 1010 1188 pro
1042 1124 1244 1186 peccato
1269 1130 1370 1167 non
1397 1109 1640 1181 probasti,
1677 1104 1977 1175 subjunvit:

398 1216 541 1289 Tunc
563 1215 692 1282 dixi,
723 1229 835 1268 ecce
858 1211 1000 1265 venio
1030 1208 1200 1280 (Psal.
1223 1205 1311 1262 '59.
1341 1203 1394 1259 'l.
1421 1203 1499 1274 8).
1528 1200 1671 1256 Tunc
1687 1216 1707 1266 ;
1731 1196 1980 1289 quando?

399 1308 535 1364 Cum
556 1305 888 1378 perfectioris
916 1302 1173 1359 doctrinm
1202 1307 1413 1367 tempus
1434 1305 1534 1353 cst.
1565 1293 1699 1351 Nam
1738 1288 1983 1360 imperie-

398 1402 565 1457 ctiora
602 1415 633 1455 a
662 1397 830 1453 servis
858 1395 974 1463 ejus
1011 1401 1164 1449 erant
1187 1388 1436 1446 discenda
1461 1426 1483 1455 ,
1517 1383 1825 1442 sublimiora
1851 1393 1982 1435 vero

398 1502 453 1548 et
509 1491 802 1553 humanam
868 1483 1172 1555 superantia
1238 1491 1516 1543 naturam,
1564 1475 1632 1531 ab
1690 1474 1805 1544 ipso
1848 1470 1981 1541 legis

400 1595 639 1641 auctore.
667 1581 790 1637 Ideo
814 1589 869 1636 et
898 1577 1093 1634 Paulus
1118 1575 1327 1631 dicebat
1360 1589 1374 1626 :
1405 1567 1745 1639 Multifariam
1780 1563 1982 1619 multis-

400 1694 495 1746 que
542 1674 706 1728 modis
760 1671 886 1727 olim
940 1667 1081 1722 Deus
1137 1667 1373 1736 loquutus
1422 1659 1648 1731 patribus
1696 1654 1880 1746 nostris
1928 1654 1982 1746 in

398 1743 657 1839 prophetis
684 1779 703 1818 :
725 1760 961 1817 extremis
989 1758 1125 1813 hisee
1151 1755 1324 1809 diebus
1367 1753 1603 1821 loquutus
1644 1754 1718 1803 est
1759 1743 1900 1799 nobis
1929 1743 1984 1796 iu

399 1860 539 1914 Filio
561 1897 577 1922 ,
631 1871 780 1924 quem
831 1852 1089 1908 constituit
1124 1846 1355 1903 heredem
1384 1841 1610 1898 muniam
1634 1880 1649 1903 ,
1710 1853 1801 1903 per
1835 1850 1983 1906 quem

398 1954 516 2023 fecit
558 1960 605 2006 et
640 1949 827 2006 saecula
856 1945 1039 2016 (Hebr.
1072 1944 1125 1998 l.
1172 1942 1222 1996 l.
1262 1937 1342 2004 2).
1373 1937 1449 1992 Ac
1474 1946 1661 1989 rursus
1700 1929 1985 2023 Joannes:

400 2017 511 2098 Ite:
539 2058 628 2112 per
674 2038 870 2093 ﬂosem
898 2036 1021 2091 data
1062 2042 1135 2088 est
1155 2073 1168 2097 ,
1197 2029 1363 2102 gratia
1406 2036 1453 2081 et
1478 2025 1662 2079 veritas
1690 2036 1779 2092 per
1801 2017 1981 2073 Jesum

403 2133 660 2190 Christum
691 2131 827 2200 facta
853 2138 923 2183 est
953 2126 1130 2197 (Joan.
1162 2127 1217 2179 1.
1246 2118 1357 2192 17).
1388 2119 1569 2187 Itaque
1620 2114 1733 2168 lucc
1774 2122 1988 2166 summa

400 2225 535 2295 legis
576 2225 692 2279 laus
732 2232 849 2288 est,
886 2218 1029 2291 quod
1057 2233 1120 2271 ca
1173 2222 1414 2270 naturam
1457 2210 1742 2264 humanam
1781 2207 1861 2262 illi
1888 2202 1983 2257 do—

401 2314 535 2373 ctori
563 2312 897 2385 praeparavit.
928 2309 1133 2366 Deinde
1154 2323 1220 2361 nc
1250 2314 1465 2377 putares
1490 2303 1633 2355 bunc
1649 2313 1768 2354 csse
1795 2307 1987 2349 recen-

402 2417 510 2462 tem
555 2406 763 2469 Deum,
805 2410 899 2458 aut
959 2398 1157 2470 aliquid
1201 2411 1373 2465 nuper
1420 2394 1691 2448 inventura
1748 2386 1981 2450 aﬁerrc,

402 2498 527 2554 audi
568 2495 695 2567 quid
721 2493 897 2550 dicit:
928 2490 996 2545 In
1019 2491 1185 2559 capite
1230 2486 1345 2542 libri
1390 2484 1636 2553 scriptum
1684 2488 1757 2533 est
1805 2478 1867 2531 de
1903 2490 1985 2529 me

404 2591 576 2663 (Psal.
613 2588 703 2645 59.
732 2585 813 2656 8).
838 2583 957 2643 Jam
993 2581 1123 2637 olim
1161 2593 1339 2633 meum
1392 2574 1681 2629 adventum
1720 2567 1983 2639 praedixe-

404 2658 528 2737 runt
576 2679 889 2750 prophetat,
925 2683 981 2730 et
1028 2673 1083 2727 in
1110 2670 1260 2725 initio
1295 2668 1553 2721 librorum
1598 2676 1735 2717 metu
1793 2658 1987 2715 divini-

405 2774 529 2830 tatis
573 2770 932 2842 cognitionem
974 2766 1147 2821 obiter
1192 2760 1497 2816 hominibus
1524 2751 1908 2823 aperncrunt‘.

474 2841 735 2932 5.ltaque
784 2873 907 2915 cum
938 2858 1079 2912 Deus
1132 2854 1262 2910 dicit
1307 2852 1463 2906 initio
1505 2845 1705 2902 conditi
1750 2841 1977 2932 mundi:

408 2931 680 3012 Faciamus
709 2946 1057 3006 bominemad
1107 2942 1506 3000 similitudinem
1556 2946 1782 2990 nostram
1829 2931 1978 3004 (Gen.

408 3051 463 3106 ὢ.
506 3048 618 3119 26),
648 3042 979 3114 aenigmatire
1002 3038 1156 3092 nobis
1196 3033 1310 3089 Filii
1336 3031 1665 3087 divinitatem
1694 3026 1885 3096 aperit,
1915 3022 1981 3076 ad

408 3115 850 3212 quem’ioqnitur.
882 3134 1011 3186 Post
1039 3129 1155 3183 haec
1187 3124 1465 3180 declarans
1500 3121 1637 3174 lianc
1674 3119 1794 3171 vitae
1822 3115 1983 3169 ratio-

412 3208 535 3288 nem
564 3246 670 3285 non
716 3241 837 3282 esse
880 3220 1042 3294 priori
1070 3215 1391 3273 contrariam
1421 3253 1436 3278 ,
1479 3210 1575 3267 sed
1620 3208 1721 3261 boc
1769 3218 1983 3275 quoque

408 3324 645 3379 soluisse
671 3320 836 3374 Deum
861 3357 876 3381 ,
918 3323 978 3369 ut
1024 3311 1116 3366 illo
1148 3307 1413 3364 sacriﬁcio
1454 3302 1728 3370 antiquata
1758 3297 1815 3351 in
1859 3294 1981 3361 ejus

414 3411 773 3476 Yeltettteutia,
837 3418 944 3459 non
1006 3400 1393 3461 contrarietas,
1434 3394 1550 3462 (aut
1618 3391 1830 3464 pugna)
1899 3386 1989 3444 ubi

414 3503 637 3557 dixisset
680 3518 698 3553 :
732 3500 795 3552 in
837 3496 1002 3564 capite
1028 3494 1142 3549 libri
1176 3492 1416 3561 scriptum
1455 3499 1526 3543 est
1553 3496 1620 3541 de
1657 3505 1735 3542 me
1759 3528 1774 3553 ,
1803 3486 1983 3556 subje-

415 3598 489 3650 cit
529 3608 543 3645 :
600 3588 669 3645 Ut
702 3588 919 3657 facerent
959 3588 1267 3641 uoluntatem
1323 3593 1489 3648 tuam,
1513 3582 1685 3644 Deus,
1751 3580 1887 3634 volui
1938 3587 1984 3632 et

414 3683 579 3751 legent
617 3691 757 3734 tuam
790 3680 845 3733 in
897 3678 1061 3731 medio
1113 3677 1298 3730 ueretris
1345 3675 1439 3730 mei
1469 3671 1638 3745 (Psal.
1668 3672 1754 3728 39.
1794 3672 1847 3726 8.
1903 3669 1983 3743 9).

320 3768 329 3771 ι
414 3775 543 3830 Post
569 3787 839 3843 exponens
863 3813 878 3836 ,
934 3786 1053 3842 qua:
1113 3768 1324 3824 tandem
1374 3775 1518 3821 esset
1555 3765 1798 3818 voluntas
1840 3765 1932 3819 Dei
1963 3776 2005 3830 ,‘

414 3866 771 3937 pmtennissa
793 3865 1064 3920 mentione
1106 3860 1395 3915 hostiarum
1417 3899 1430 3923 ,
1480 3857 1982 3921 bolocautomatutu,

414 3958 770 4023 oblationum,
810 3954 1048 4009 laborum
1093 3966 1157 4006 ac
1201 3949 1493 4015 sudorum,
1543 3948 1655 4002 ait:
1683 3947 1984 4001 Aunmniavi

409 4049 659 4121 iustitiam
683 4047 739 4101 in
764 4044 988 4101 Ecclesia
1015 4058 1199 4113 magna
1220 4040 1323 4112 (Ib.
1347 4055 1396 4093 υ.
1436 4039 1547 4107 10).
1575 4037 1709 4103 Quid
1740 4046 1821 4092 est
1859 4037 1981 4101 hoc,

412 4136 720 4194 Annuntiari
754 4135 1011 4207 justitiam
1046 4134 1099 4185 in
1152 4129 1381 4185 Ecclesia
1407 4131 1627 4200 magna?
1660 4128 1775 4183 Non
1815 4127 1980 4193 dixit,

412 4232 534 4287 dedi
559 4229 717 4293 :scd,
762 4227 1073 4281 annuntiaoi.
1101 4224 1239 4291 Quid
1280 4222 1492 4277 tandem
1546 4222 1741 4290 igitur?
1765 4220 1877 4275 Non
1916 4235 1984 4273 ex

412 4321 703 4378 benefactis
726 4361 739 4384 ,
794 4334 893 4373 nec
929 4316 1230 4379 laboribus,
1277 4329 1376 4369 nec
1404 4313 1744 4382 pensatione,
1773 4310 1866 4366 sed
1916 4325 1982 4365 ex

411 4414 524 4470 sola
559 4412 727 4483 gratia
762 4408 1066 4479 justiﬁcavit
1110 4420 1276 4476 genus
1301 4413 1560 4458 nostrum.
1589 4402 1736 4469 Quod
1763 4411 1816 4456 ct
1846 4402 1981 4455 l’an-

412 4507 494 4561 Ius
530 4504 807 4560 declarans
834 4500 999 4555 dicit:
1032 4498 1181 4550 Nunc
1207 4505 1375 4549 autem
1411 4494 1595 4563 absque
1641 4493 1747 4562 lege
1780 4492 1986 4560 justitia

416 4596 511 4651 Dei
540 4595 861 4666 manifestata
890 4600 960 4645 est
985 4587 1159 4660 (Rom.
1190 4587 1245 4642 '5.
1284 4586 1378 4655 2|)
1402 4604 1415 4639 :
1437 4583 1639 4653 iustitia
1678 4591 1854 4637 autem
1884 4580 1978 4636 Dei

413 4701 509 4757 per
529 4684 685 4739 ﬁdem
720 4683 845 4738 Jcsu
872 4678 1068 4735 Christi
1096 4716 1112 4744 ,
1143 4691 1249 4731 non
1278 4690 1374 4745 per
1410 4674 1573 4728 ull‘um
1617 4671 1866 4728 sudorem
1887 4681 1978 4726 aut

416 4774 672 4830 laborem.
698 4772 769 4827 Et
793 4772 893 4825 hoc
915 4775 1191 4836 assumpto
1211 4764 1514 4820 testimonio
1533 4762 1674 4817 hunc
1691 4762 1743 4817 in
1764 4762 1977 4817 modum

414 4866 667 4936 loquitur.
713 4862 952 4918 Umbram
998 4861 1132 4914 enim
1160 4857 1346 4911 habens
1375 4859 1457 4910 lex
1484 4861 1768 4927 futurorum
1816 4862 1975 4909 bono-

410 4975 526 5013 rum
544 4999 560 5024 ,
587 4974 687 5012 non
715 4957 879 5027 ipsam
922 4971 1089 5009 rerum
1135 4954 1401 5024 imaginem
1420 4994 1436 5019 ,
1468 4951 1681 5022 sinng
1700 4950 1849 5004 anuis
1889 4950 1980 5003 iis-

414 5049 528 5104 dem
569 5048 772 5111 hostiis,
800 5060 927 5114 quas
964 5060 1160 5114 semper
1201 5041 1420 5107 offerunt
1440 5081 1454 5106 ,
1486 5056 1760 5110 numquam
1817 5049 1976 5110 potest

414 5138 702 5195 accedentes
742 5136 991 5205 perfectos
1012 5134 1235 5188 reddere.
1271 5130 1398 5185 Ideo
1418 5131 1701 5201 ingrediens
1731 5131 1976 5183 mundum

412 5231 534 5283 dicit
560 5243 580 5283 :
600 5226 902 5296 sacriﬁcium
933 5236 980 5278 et
1012 5224 1310 5277 oblationem
1338 5222 1563 5286 noluisti,
1593 5237 1776 5289 corpus
1813 5227 1977 5271 autem

412 5318 666 5388 udaptasti
692 5316 816 5369 mihi
843 5314 1025 5385 (Hebr.
1056 5314 1143 5367 10.
1174 5313 1226 5367 1.
1246 5313 1334 5381 5):
1356 5310 1658 5381 signiﬁcans
1682 5310 1974 5380 ingressum

414 5396 689 5477 Unigeniti
719 5413 772 5461 in
807 5404 1061 5460 mundum
1084 5445 1097 5467 ,
1143 5419 1238 5472 per
1282 5404 1458 5456 carnis
1506 5402 1973 5471 diSpcnsationem.

408 5496 502 5550 Sic
533 5496 672 5551 cnim
702 5495 767 5551 ad
796 5510 897 5550 nos
921 5495 1063 5549 venit
1093 5533 1106 5559 ,
1153 5509 1257 5547 non
1285 5493 1454 5547 locum
1476 5492 1594 5547 loco
1618 5503 1971 5557 commutatis,

480 5654 508 5683 ι’
534 5659 633 5700 Su-
650 5659 785 5711 m,
796 5663 979 5712 aperto.

1103 277 1161 335 S.
1202 274 1478 333 JOANNIS
1512 269 1989 329 CHRYSOSTOBH
2025 271 2346 331 ARCIIIEP.
2383 274 2918 336 CONSTANTINOP'.

3568 283 3687 338 9‘20

2087 383 2199 455 (qui
2244 400 2476 457 namque
2503 386 2607 445 hoc
2632 391 2914 446 conveniat
2939 391 2993 447 in
3024 407 3144 448 cum
3169 432 3186 457 ,
3212 392 3302 462 qui
3341 403 3426 449 est
3450 392 3683 464 ubique,

2085 475 2285 545 quique
2319 487 2510 533 cuncta
2549 481 2849 552 complet)?
2886 482 2981 538 sed
3025 498 3119 554 per
3146 498 3362 538 carnem
3393 483 3544 539 nobis
3600 484 3683 536 fa-

2088 575 2206 620 ctus
2233 577 2318 623 cst
2352 571 2695 641 conspicuus.
2741 573 3009 629 Ceterum
3052 576 3305 646 quoniam
3334 590 3444 631 non
3495 576 3681 630 solum

2086 657 2345 716 adversus
2391 660 2609 719 Judaeos
2653 674 2737 721 est
2785 666 2941 722 nobis
3003 682 3218 738 pugna,
3271 683 3455 724 verum
3506 670 3681 723 etiam

2087 748 2346 806 adversus
2368 751 2636 822 Gentiles,
2667 771 2731 812 ac
2754 759 2950 813 multos
2977 759 3259 814 hmmticos
3282 777 3301 814 :
3327 775 3427 831 age
3451 760 3681 831 proluu-

2086 839 2292 895 diorem
2322 858 2540 900 sensum
2566 847 2851 916 quemdam
2880 850 2966 904 hic
2985 849 3133 905 vobis
3158 852 3459 921 aperiamus
3479 892 3494 915 ,
3525 867 3681 923 qua:-

2087 947 2376 1005 ramnsque
2414 937 2540 1007 quid
2581 938 2795 994 tandem
2846 940 2945 996 sibi
2997 941 3157 1007 velit,
3194 943 3335 1013 quod
3364 957 3490 999 cum
3529 942 3677 999 Pan-

2086 1021 2172 1078 lus
2197 1025 2605 1085 innumerabilia
2646 1030 2861 1088 haberet
2892 1033 3190 1089 testimonia
3213 1076 3230 1101 ,
3260 1052 3381 1106 qua:
3417 1037 3681 1091 docerent

2086 1127 2301 1171 cessare
2340 1117 2509 1189 legem
2551 1129 2868 1192 veteresque
2916 1124 3051 1179 ritus
3073 1165 3091 1191 ,
3144 1125 3301 1195 hujus
3358 1128 3609 1183 meminit
3660 1146 3675 1180 :

2089 1221 2265 1277 neque
2325 1211 2467 1265 enim
2516 1220 2723 1270 temere
2773 1229 2949 1285 neque
3002 1217 3220 1272 fortuito
3266 1217 3318 1273 id
3363 1218 3522 1286 fecit,
3578 1221 3678 1274 sed

2092 1298 2302 1355 ratione
2350 1316 2416 1356 ac
2456 1304 2716 1372 sapientia
2759 1305 2986 1375 quadam
3018 1307 3295 1363 inclTabili.
3322 1310 3475 1376 Quod
3526 1310 3678 1363 enim

2085 1388 2193 1444 alia
2230 1406 2441 1463 quoque
2482 1394 2728 1453 habuerit
2756 1400 3058 1454 testimonia
3083 1442 3099 1467 ,
3129 1410 3238 1455 tum
3281 1402 3484 1472 majora
3511 1443 3526 1467 ,
3560 1413 3675 1456 tum

2089 1482 2491 1542 vehementiora
2522 1530 2537 1554 ,
2564 1490 2608 1543 si
2652 1490 2905 1546 voluisset
2938 1491 3207 1549 adducere
3227 1535 3244 1561 ,
3272 1510 3459 1549 omnes
3498 1496 3674 1549 conti-

2089 1575 2363 1630 tclmntnr.
2410 1577 2573 1633 Isaias
2601 1581 2743 1634 enim
2788 1582 2861 1635 ait
2888 1584 2906 1615 ί
2941 1600 2955 1638 :
3008 1583 3126 1638 Non
3166 1594 3243 1639 est
3280 1587 3402 1639 mihi
3439 1588 3678 1641 voluntas

2089 1665 2144 1718 iu
2190 1668 2359 1733 vobis,
2406 1668 2587 1738 plenus
2639 1687 2752 1724 sum
2791 1672 3285 1728 lwlocantoutatibus
3327 1676 3585 1741 arietum,-
3625 1686 3677 1731 et

2086 1759 2295 1829 adipem
2347 1778 2600 1833 agnorunt
2636 1774 2682 1817 et
2733 1766 3030 1835 sanguinem
3087 1777 3347 1822 taurorum
3395 1776 3445 1822 et
3507 1769 3678 1822 hirco-

2087 1865 2207 1903 rum
2243 1852 2365 1906 nolo
2390 1893 2408 1919 ,
2458 1869 2617 1924 neque
2657 1856 2701 1908 si
2748 1858 2980 1910 veneritis
3023 1858 3076 1910 in
3118 1868 3440 1930 conspectum
3484 1876 3674 1913 incum.

2091 1940 2224 2005 Quis
2251 1944 2386 1998 enim
2417 1946 2679 2015 acquisivit
2704 1946 2811 2000 hcc
2849 1945 2914 1999 de
2941 1947 3169 2003 manibus
3206 1952 3379 2003 uestris
3396 1949 3422 2002 .’
3447 1949 3512 2004 Si
3533 1950 3679 2004 obl-4

2087 2033 2255 2088 let-itis
2295 2038 2421 2090 nti/ti
2468 2038 2805 2109 similaginem
2824 2080 2837 2105 ,
2887 2042 3079 2110 frustra
3130 2041 3326 2111 facietis
3353 2056 3374 2095 :
3417 2042 3678 2097 incensum

2088 2123 2405 2179 abominatio
2434 2128 2556 2181 mihi
2582 2140 2657 2182 est
2683 2128 2839 2194 (lsai.
2869 2130 2922 2183 i.
2952 2130 3155 2201 Η-ιὸ).
3191 2131 3257 2185 Et
3282 2131 3409 2184 alibi
3439 2146 3674 2186 rursum:

2092 2212 2219 2267 Non
2268 2233 2402 2269 nunc
2433 2218 2675 2271 aduocari
2723 2219 3009 2283 te,Jacob,
3043 2237 3199 2289 neque
3246 2221 3532 2275 molnstiant
3589 2224 3678 2276 tibi

2088 2304 2320 2369 eairibui,
2338 2304 2505 2361 Israel
2529 2349 2543 2374 ,
2574 2324 2674 2363 non
2700 2310 2996 2379 gloriﬁcasti
3024 2328 3105 2365 me
3120 2312 3172 2363 in
3199 2313 3490 2380 sacrificiis,
3520 2328 3681 2382 neque

2082 2396 2309 2451 serviisti
2332 2398 2457 2452 nti/ti
2485 2398 2540 2452 in
2580 2399 2728 2454 donis
2747 2400 2877 2465 tuis;
2915 2417 3073 2472 neque
3109 2403 3199 2457 tibi
3232 2404 3474 2458 molestus
3517 2407 3596 2476 fui
3623 2407 3683 2459 in

2087 2490 2278 2558 thure,
2326 2508 2485 2559 neque
2520 2495 2713 2563 parasti
2751 2494 2876 2547 nti/ti
2922 2505 3132 2564 argento
3174 2497 3396 2565 sumtum
3428 2496 3540 2568 (Id.
3582 2498 3674 2551 43.

2080 2583 2171 2637 22.
2196 2581 2304 2654 25)
2330 2599 2346 2637 :
2372 2582 2633 2638 Ieremia:
2655 2592 2835 2637 autem
2865 2597 2880 2635 :
2909 2579 3130 2651 Adquid
3156 2581 3279 2632 aulai
3317 2579 3436 2630 titus
3469 2593 3499 2631 e
3525 2577 3677 2631 Saba

2084 2673 2263 2741 offers,
2301 2682 2349 2725 et
2368 2676 2755 2729 cinnamotnum
2774 2680 2819 2724 et
2842 2681 2975 2724 terra
3007 2670 3322 2740 longinqua?
3349 2666 3669 2722 Holocauto-

2086 2775 2223 2819 mata
2248 2774 2411 2818 vestra
2449 2778 2547 2814 non
2569 2762 2933 2814 delectaverunt
2980 2774 3059 2812 tne
3090 2759 3315 2829 (Jerem.
3348 2757 3402 2811 6.
3432 2757 3560 2827 9.0).
3588 2761 3667 2812 Ae

2084 2876 2297 2923 rursus,
2329 2857 2763 2912 Ilolocantontata
2780 2865 2947 2910 vestra
2973 2851 3081 2908 una
3103 2869 3217 2906 cuin
3258 2854 3467 2919 reliquis
3507 2855 3667 2907 sacri-

2082 2954 2213 3022 ﬁciis
2250 2955 2423 3006 vestris
2471 2950 2727 3018 colligite,
2767 2958 2817 3003 et
2853 2947 3095 3001 corneditc
3138 2962 3313 3000 carnes
3369 2945 3554 3018 (Idem
3608 2948 3663 3000 7.

2081 3049 2143 3103 2i
2163 3047 2202 3119 ).
2233 3048 2301 3102 Et
2322 3047 2456 3100 alius
2474 3046 2691 3112 insuper
2719 3041 3096 3112 prophetarum
3150 3041 3227 3095 sic
3277 3040 3352 3095 ait
3384 3058 3401 3094 :
3435 3042 3595 3112 Aufer
3629 3060 3663 3097 α

2081 3158 2160 3195 me
2193 3140 2451 3208 strepitum
2490 3137 2776 3190 cantionum
2806 3145 3033 3196 (narunt,
3068 3143 3112 3186 et
3160 3133 3411 3199 psalmum
3451 3152 3666 3203 organo-

2075 3245 2189 3285 rum
2218 3240 2420 3284 tuorum
2452 3245 2554 3284 non
2579 3229 2787 3284 audiam
2812 3227 2830 3293 (
2847 3228 2999 3281 Amos
3026 3229 3081 3281 5.
3112 3225 3182 3280 25
3200 3226 3236 3289 ).
3259 3226 3468 3281 Rursus
3496 3228 3663 3294 alibi,

2072 3334 2198 3378 enm
2237 3322 2403 3377 Judmi
2448 3321 2685 3374 dicerent
2721 3336 2736 3373 :
2780 3319 2860 3373 An
2890 3318 3098 3387 accipiet
3134 3317 3385 3373 Dominus
3423 3321 3477 3372 in
3518 3321 3665 3373 lioto-a

2076 3414 2459 3473 cautomatibus,
2493 3414 2538 3467 si
2584 3412 2770 3465 dedero
2812 3412 3146 3482 primogenita
3184 3428 3297 3465 mea
3341 3428 3434 3479 pro
3478 3412 3660 3479 impie-

2074 3514 2178 3559 tate
2188 3522 2315 3570 mea,
2341 3504 2559 3573 fructqu
2578 3503 2765 3557 ventris
2785 3503 2885 3556 mei
2912 3519 3003 3571 pro
3030 3512 3231 3573 peccato
3251 3502 3436 3558 animo:
3456 3501 3475 3573 (
3498 3502 3657 3556 Mich.

2077 3597 2131 3654 6.
2160 3598 2275 3668 7)?
2302 3595 2567 3665 Propheta
2597 3597 2878 3665 increpans
2898 3595 3019 3650 illos
3038 3630 3059 3661 ,ι
3080 3594 3291 3649 dicebat
3324 3612 3339 3649 :
3365 3595 3660 3648 Annuutio—

2076 3698 2180 3743 tam
2212 3698 2285 3742 est
2330 3687 2446 3750 tibi,
2494 3688 2660 3749 homo,
2703 3687 2825 3756 quid
2853 3687 2916 3739 sit
2943 3686 3147 3748 bonum,
3172 3695 3228 3739 ct
3250 3686 3375 3754 quid
3410 3686 3665 3740 Dominus

2076 3778 2215 3833 Deus
2239 3789 2435 3848 quwrat
2456 3780 2544 3831 abs
2573 3788 2648 3844 te,
2668 3788 2723 3831 ut
2760 3779 2944 3847 diligas
2972 3779 3385 3841 auset-icordiam,
3418 3787 3468 3831 et
3498 3781 3665 3850 facias

2065 3870 2324 3942 judicium
2348 3880 2394 3924 et
2412 3871 2694 3939 justitiam,
2748 3878 2803 3922 ut
2854 3879 3060 3936 paratus
3113 3869 3181 3922 sis
3229 3868 3495 3923 ambulare
3549 3880 3661 3938 post

2074 3960 2350 4015 Dominum
2396 3959 2563 4013 Deum
2603 3970 2746 4012 tuum
2776 3959 2795 4027 (
2819 3958 2897 4013 Ib.
2928 3976 2975 4012 υ.
3008 3960 3043 4014 8
3066 3961 3105 4028 ).
3153 3959 3316 4014 David
3339 3974 3559 4030 quoque
3585 3960 3661 4014 sic

2074 4050 2282 4105 diccbat
2316 4069 2329 4103 :
2360 4049 2480 4103 Non
2524 4050 2773 4119 accipiam
2814 4049 2877 4102 de
2922 4050 3072 4103 domo
3115 4060 3201 4103 tua
3235 4050 3454 4115 vitulos,
3502 4066 3665 4118 mque

2087 4144 2150 4196 de
2188 4144 2419 4215 gregibus
2456 4144 2556 4197 tuis
2593 4144 2757 4196 hircos
2786 4141 2805 4212 (
2825 4140 2971 4196 Psal.
3024 4141 3114 4196 49.
3161 4140 3444 4209 9).Qnarc
3467 4184 3483 4205 ,
3538 4158 3667 4198 cum

2091 4244 2169 4288 tot
2196 4244 2368 4303 posset
2400 4233 2592 4287 afferre
2620 4232 2914 4287 testimonia
2932 4272 2948 4296 ,
2991 4248 3086 4301 per
3132 4246 3251 4302 qua:
3280 4231 3425 4287 B’cus
3454 4234 3663 4289 videtur

2075 4328 2162 4382 illa
2206 4328 2469 4381 sacriﬁcia
2520 4327 2779 4394 rcjiccre,
2834 4324 3174 4389 neomcnias,
3231 4324 3494 4392 sabbata,
3547 4326 3657 4380 dics

2072 4416 2257 4480 festos,
2304 4416 2551 4472 omnibus
2601 4416 2705 4471 illis
2751 4415 2983 4479 omissis,
3012 4415 3168 4485 hujus
3187 4415 3346 4471 unius
3371 4416 3661 4472 meminit?

2072 4511 2185 4566 Non
2242 4520 2444 4565 temere
2490 4509 2542 4564 id
2590 4508 2820 4574 factum,
2879 4522 3052 4575 neque
3108 4508 3358 4570 fortuito;
3403 4507 3505 4561 scd
3552 4510 3657 4575 jam

2072 4615 2287 4655 causam
2326 4599 2584 4655 dicemus.
2625 4599 2772 4654 Multi
2808 4599 3086 4664 inﬁdeles,
3125 4607 3182 4653 ct
3207 4613 3272 4653 cx
3302 4597 3509 4654 ludzris
3536 4600 3660 4669 ipsis

2071 4699 2367 4763 pugnantes
2395 4690 2650 4745 adversus
2674 4706 2799 4757 nos,
2834 4690 3018 4745 dicunt
3054 4698 3289 4745 veterem
3337 4688 3659 4759 religionem

2069 4784 2398 4854 antiquatam
2453 4797 2610 4847 esse,
2652 4796 2757 4836 non
2809 4780 2952 4850 quod
2984 4781 3094 4851 ipsa
3135 4788 3278 4835 esset
3306 4778 3657 4849 imperfecta,

2071 4890 2244 4943 neque
2266 4873 2407 4944 quod
2436 4872 2646 4927 inducta
2668 4872 2736 4926 sit
2756 4871 2952 4940 major,
2975 4878 3155 4925 nostra
3180 4869 3429 4925 videlicet
3447 4869 3656 4939 religio;

2070 4965 2164 5020 sed
2211 4975 2430 5034 propter
2467 4963 2860 5032 improbitatem
2900 4974 3108 5025 eorum,
3160 4961 3251 5030 qui
3305 4969 3419 5014 tum
3469 4959 3690 5017 οδω-κ

2071 5055 2201 5109 bant
2247 5053 2527 5110 sacriﬁcia.
2559 5053 2779 5107 llesaias
2807 5052 2986 5120 itaque
3024 5050 3155 5105 dicit
3184 5067 3197 5102 :
3231 5048 3293 5104 Si
3335 5050 3663 5103 extenderitis

2068 5162 2251 5200 manus
2274 5153 2490 5209 vestras,
2518 5154 2736 5198 avertam
2773 5142 2948 5196 oculos
2973 5157 3119 5197 meos
3139 5157 3172 5194 a
3221 5141 3377 5195 vobis.
3411 5140 3477 5196 Si
3521 5141 3655 5193 mut-

2141 5412 2234 5461 εἰη
2258 5413 2415 5462 tritius
2435 5418 2543 5461 Mss.
2568 5413 2637 5461 sic
2673 5410 2889 5470 legitur:
2921 5407 3093 5470 Isaias.
3124 5414 3292 5457 eorum
3338 5407 3516 5470 Inditis

2069 5473 2245 5525 bnisas
2267 5475 2531 5535 ostendens,
2561 5472 2678 5523 dicit
2716 5467 2968 5535 personant
3006 5469 3099 5520 Dei
3115 5481 3287 5535 gerens
3331 5482 3348 5519 :
3380 5468 3506 5528 Quid
3542 5467 3662 5519 mihi

2073 5534 2241 5608 hostia:
2254 5543 2431 5608 postne
2489 5536 2657 5608 plenus
2681 5530 2819 5608 sum;
2850 5530 3136 5604 holocausta'
3147 5531 3368 5608 arietum,
3405 5540 3500 5608 etc:

2135 5600 2154 5628 ²
2181 5604 2228 5645 In
2251 5597 2389 5646 savii.
2414 5593 2537 5645 etin
2560 5595 3238 5658 quibusdamumanusq-ims‘:
3257 5593 3656 5658 ttolorautomgto

2070 5665 2240 5765 Σεξιζέ
2255 5671 2363 5708 cum
2401 5652 2598 5721 reliquis
2641 5654 2895 5721 sacriﬁciis
2935 5652 3302 5715 vestris'odivi;
3340 5660 3395 5705 et
3425 5652 3662 5704 contra“
